  <div class='ocr_page' id='page_1' title='image "/cluster/home/n/w/nwhite01/storage/ocr_20150623/52/hvd.32044015706419/377.png"; bbox 0 0 3924 6368; ppageno 0'>
   <div class='ocr_carea' id='block_1_1' title="bbox 459 5639 479 5686">
    <p class='ocr_par' dir='ltr' id='par_1_1' title="bbox 459 5639 479 5686">
     <span class='ocr_line' id='line_1_1' title="bbox 459 5639 479 5686; baseline 0 0"><span class='ocrx_word' id='word_1_1' title='bbox 459 5639 479 5686; x_wconf 78' lang='grc' dir='ltr'><strong>ι</strong></span> 
     </span>
    </p>
   </div>
   <div class='ocr_carea' id='block_1_2' title="bbox 505 451 613 520">
    <p class='ocr_par' dir='ltr' id='par_1_2' title="bbox 505 451 613 520">
     <span class='ocr_line' id='line_1_2' title="bbox 505 451 613 520; baseline -0.019 -1"><span class='ocrx_word' id='word_1_2' title='bbox 505 451 613 520; x_wconf 67' lang='grc'><strong>941</strong></span> 
     </span>
    </p>
   </div>
   <div class='ocr_carea' id='block_1_3' title="bbox 1522 421 2838 510">
    <p class='ocr_par' dir='ltr' id='par_1_3' title="bbox 1522 421 2838 510">
     <span class='ocr_line' id='line_1_3' title="bbox 1522 421 2838 510; baseline -0.006 -10"><span class='ocrx_word' id='word_1_3' title='bbox 1522 443 1582 510; x_wconf 70' lang='grc' dir='ltr'>ι.</span> <span class='ocrx_word' id='word_1_4' title='bbox 1625 435 1998 506; x_wconf 67' lang='lat' dir='ltr'><strong>uallatam</strong></span> <span class='ocrx_word' id='word_1_5' title='bbox 2041 433 2344 494; x_wconf 75' lang='lat' dir='ltr'><strong>EPISGOPI</strong></span> <span class='ocrx_word' id='word_1_6' title='bbox 2381 421 2838 494; x_wconf 66' lang='lat' dir='ltr'><strong>ﬂElii-ZlﬁENIiS</strong></span> 
     </span>
    </p>
   </div>
   <div class='ocr_carea' id='block_1_4' title="bbox 3659 429 3740 505">
    <p class='ocr_par' dir='ltr' id='par_1_4' title="bbox 3659 429 3740 505">
     <span class='ocr_line' id='line_1_4' title="bbox 3659 429 3740 505; baseline 0.074 -6"><span class='ocrx_word' id='word_1_7' title='bbox 3659 429 3740 505; x_wconf 62' lang='grc' dir='ltr'><strong>τις</strong></span> 
     </span>
    </p>
   </div>
   <div class='ocr_carea' id='block_1_5' title="bbox 505 543 3742 647">
    <p class='ocr_par' dir='ltr' id='par_1_5' title="bbox 505 543 3742 647">
     <span class='ocr_line' id='line_1_5' title="bbox 505 543 3742 647; baseline -0.004 -18"><span class='ocrx_word' id='word_1_8' title='bbox 505 578 642 647; x_wconf 87' lang='lat' dir='ltr'><strong>quot</strong></span> <span class='ocrx_word' id='word_1_9' title='bbox 667 567 807 626; x_wconf 88' lang='lat' dir='ltr'><strong>ﬁlios</strong></span> <span class='ocrx_word' id='word_1_10' title='bbox 843 573 1020 624; x_wconf 88' lang='lat' dir='ltr'><strong>mater</strong></span> <span class='ocrx_word' id='word_1_11' title='bbox 1043 555 1268 621; x_wconf 78' lang='lat' dir='ltr'><strong>diversis</strong></span> <span class='ocrx_word' id='word_1_12' title='bbox 1296 563 1603 631; x_wconf 74' lang='lat' dir='ltr'><strong>temporum</strong></span> <span class='ocrx_word' id='word_1_13' title='bbox 1631 553 1840 612; x_wconf 76' lang='lat' dir='ltr'><strong>vicibus</strong></span> <span class='ocrx_word' id='word_1_14' title='bbox 1869 548 2106 647; x_wconf 34' lang='lat' dir='ltr'><strong>aequ‘lsi-</strong></span> <span class='ocrx_word' id='word_1_15' title='bbox 2133 556 2181 615; x_wconf 76' lang='grc' dir='ltr'>Α</span> <span class='ocrx_word' id='word_1_16' title='bbox 2208 552 2340 625; x_wconf 87' lang='lat' dir='ltr'><strong>pite,</strong></span> <span class='ocrx_word' id='word_1_17' title='bbox 2374 567 2536 608; x_wconf 88' lang='lat' dir='ltr'><strong>omne</strong></span> <span class='ocrx_word' id='word_1_18' title='bbox 2581 549 2777 608; x_wconf 87' lang='lat' dir='ltr'><strong>bellum</strong></span> <span class='ocrx_word' id='word_1_19' title='bbox 2809 563 2969 621; x_wconf 86' lang='lat' dir='ltr'><strong>posse</strong></span> <span class='ocrx_word' id='word_1_20' title='bbox 2997 547 3158 604; x_wconf 92' lang='lat' dir='ltr'><strong>ﬁniri.</strong></span> <span class='ocrx_word' id='word_1_21' title='bbox 3207 543 3316 607; x_wconf 83' lang='lat' dir='ltr'><strong>Sed</strong></span> <span class='ocrx_word' id='word_1_22' title='bbox 3350 547 3622 611; x_wconf 77' lang='lat' dir='ltr'><strong>fefellerunt</strong></span> <span class='ocrx_word' id='word_1_23' title='bbox 3646 573 3742 620; x_wconf 86' lang='lat' dir='ltr'><strong>eum</strong></span> 
     </span>
    </p>
   </div>
   <div class='ocr_carea' id='block_1_6' title="bbox 507 641 2108 723">
    <p class='ocr_par' dir='ltr' id='par_1_6' title="bbox 507 641 2108 723">
     <span class='ocr_line' id='line_1_6' title="bbox 507 641 2108 723; baseline -0.015 -1"><span class='ocrx_word' id='word_1_24' title='bbox 507 641 602 723; x_wconf 77' lang='lat' dir='ltr'><strong>vit.</strong></span> <span class='ocrx_word' id='word_1_25' title='bbox 634 663 800 720; x_wconf 86' lang='lat' dir='ltr'><strong>Beata</strong></span> <span class='ocrx_word' id='word_1_26' title='bbox 830 659 971 716; x_wconf 89' lang='lat' dir='ltr'><strong>inter</strong></span> <span class='ocrx_word' id='word_1_27' title='bbox 1017 669 1206 715; x_wconf 90' lang='lat' dir='ltr'><strong>omnes</strong></span> <span class='ocrx_word' id='word_1_28' title='bbox 1232 658 1450 718; x_wconf 79' lang='lat' dir='ltr'><strong>matres,</strong></span> <span class='ocrx_word' id='word_1_29' title='bbox 1496 658 1551 706; x_wconf 93' lang='lat' dir='ltr'><strong>et</strong></span> <span class='ocrx_word' id='word_1_30' title='bbox 1583 649 1696 721; x_wconf 87' lang='lat' dir='ltr'><strong>ipsa</strong></span> <span class='ocrx_word' id='word_1_31' title='bbox 1728 647 1960 704; x_wconf 76' lang='lat' dir='ltr'><strong>orbitate</strong></span> <span class='ocrx_word' id='word_1_32' title='bbox 1989 641 2108 700; x_wconf 89' lang='lat' dir='ltr'><strong>feli-</strong></span> 
     </span>
    </p>
   </div>
   <div class='ocr_carea' id='block_1_7' title="bbox 504 737 2110 826">
    <p class='ocr_par' dir='ltr' id='par_1_7' title="bbox 504 737 2110 826">
     <span class='ocr_line' id='line_1_7' title="bbox 504 737 2110 826; baseline -0.015 -10"><span class='ocrx_word' id='word_1_33' title='bbox 504 757 640 826; x_wconf 90' lang='lat' dir='ltr'><strong>cior,</strong></span> <span class='ocrx_word' id='word_1_34' title='bbox 667 755 754 813; x_wconf 90' lang='lat' dir='ltr'><strong>cui</strong></span> <span class='ocrx_word' id='word_1_35' title='bbox 783 759 993 810; x_wconf 89' lang='lat' dir='ltr'><strong>tantum</strong></span> <span class='ocrx_word' id='word_1_36' title='bbox 1015 745 1149 806; x_wconf 83' lang='lat' dir='ltr'><strong>ﬁdes</strong></span> <span class='ocrx_word' id='word_1_37' title='bbox 1177 741 1422 811; x_wconf 90' lang='lat' dir='ltr'><strong>contulit,</strong></span> <span class='ocrx_word' id='word_1_38' title='bbox 1457 751 1516 798; x_wconf 90' lang='lat' dir='ltr'><strong>ut</strong></span> <span class='ocrx_word' id='word_1_39' title='bbox 1544 744 1643 799; x_wconf 87' lang='lat' dir='ltr'><strong>sub</strong></span> <span class='ocrx_word' id='word_1_40' title='bbox 1663 756 1770 797; x_wconf 85' lang='lat' dir='ltr'><strong>una</strong></span> <span class='ocrx_word' id='word_1_41' title='bbox 1794 737 1881 796; x_wconf 91' lang='lat' dir='ltr'><strong>die</strong></span> <span class='ocrx_word' id='word_1_42' title='bbox 1907 737 1975 794; x_wconf 90' lang='lat' dir='ltr'><strong>ad</strong></span> <span class='ocrx_word' id='word_1_43' title='bbox 1997 752 2110 793; x_wconf 73' lang='grc' dir='ltr'><strong>εω-</strong></span> 
     </span>
    </p>
   </div>
   <div class='ocr_carea' id='block_1_8' title="bbox 509 827 2106 917">
    <p class='ocr_par' dir='ltr' id='par_1_8' title="bbox 509 827 2106 917">
     <span class='ocr_line' id='line_1_8' title="bbox 509 827 2106 917; baseline -0.014 -13"><span class='ocrx_word' id='word_1_44' title='bbox 509 850 659 906; x_wconf 90' lang='lat' dir='ltr'><strong>iestis</strong></span> <span class='ocrx_word' id='word_1_45' title='bbox 679 843 833 917; x_wconf 90' lang='lat' dir='ltr'><strong>regni</strong></span> <span class='ocrx_word' id='word_1_46' title='bbox 861 840 1089 915; x_wconf 81' lang='lat' dir='ltr'><strong>gloriam</strong></span> <span class='ocrx_word' id='word_1_47' title='bbox 1112 854 1233 897; x_wconf 91' lang='lat' dir='ltr'><strong>cum</strong></span> <span class='ocrx_word' id='word_1_48' title='bbox 1257 841 1368 893; x_wconf 90' lang='lat' dir='ltr'><strong>tota</strong></span> <span class='ocrx_word' id='word_1_49' title='bbox 1397 833 1601 891; x_wconf 80' lang='lat' dir='ltr'><strong>ventris</strong></span> <span class='ocrx_word' id='word_1_50' title='bbox 1629 827 1958 889; x_wconf 71' lang='lat' dir='ltr'><strong>fecunditate</strong></span> <span class='ocrx_word' id='word_1_51' title='bbox 1999 827 2106 883; x_wconf 89' lang='lat' dir='ltr'><strong>mi-</strong></span> 
     </span>
    </p>
   </div>
   <div class='ocr_carea' id='block_1_9' title="bbox 504 921 2105 1016">
    <p class='ocr_par' dir='ltr' id='par_1_9' title="bbox 504 921 2105 1016">
     <span class='ocr_line' id='line_1_9' title="bbox 504 921 2105 1016; baseline -0.015 -16"><span class='ocrx_word' id='word_1_52' title='bbox 504 950 706 1016; x_wconf 78' lang='lat' dir='ltr'><strong>graret.</strong></span> <span class='ocrx_word' id='word_1_53' title='bbox 731 938 867 996; x_wconf 80' lang='lat' dir='ltr'><strong>llinc</strong></span> <span class='ocrx_word' id='word_1_54' title='bbox 888 933 1138 1008; x_wconf 77' lang='lat' dir='ltr'><strong>respicite</strong></span> <span class='ocrx_word' id='word_1_55' title='bbox 1181 929 1325 988; x_wconf 91' lang='lat' dir='ltr'><strong>illam</strong></span> <span class='ocrx_word' id='word_1_56' title='bbox 1366 925 1733 998; x_wconf 85' lang='lat' dir='ltr'><strong>evangelicam</strong></span> <span class='ocrx_word' id='word_1_57' title='bbox 1763 921 2105 986; x_wconf 86' lang='lat' dir='ltr'><strong>sententiam,</strong></span> 
     </span>
    </p>
   </div>
   <div class='ocr_carea' id='block_1_10' title="bbox 505 1011 2110 1107">
    <p class='ocr_par' dir='ltr' id='par_1_10' title="bbox 505 1011 2110 1107">
     <span class='ocr_line' id='line_1_10' title="bbox 505 1011 2110 1107; baseline -0.015 -15"><span class='ocrx_word' id='word_1_58' title='bbox 505 1011 628 1107; x_wconf 66' lang='lat' dir='ltr'><strong>qua:</strong></span> <span class='ocrx_word' id='word_1_59' title='bbox 654 1033 784 1089; x_wconf 89' lang='lat' dir='ltr'><strong>dicit</strong></span> <span class='ocrx_word' id='word_1_60' title='bbox 827 1029 1043 1086; x_wconf 85' lang='lat' dir='ltr'><strong>Christo</strong></span> <span class='ocrx_word' id='word_1_61' title='bbox 1092 1030 1280 1082; x_wconf 87' lang='lat' dir='ltr'><strong>nostro</strong></span> <span class='ocrx_word' id='word_1_62' title='bbox 1321 1037 1422 1078; x_wconf 89' lang='lat' dir='ltr'><strong>nec</strong></span> <span class='ocrx_word' id='word_1_63' title='bbox 1451 1025 1704 1093; x_wconf 86' lang='lat' dir='ltr'><strong>parentes</strong></span> <span class='ocrx_word' id='word_1_64' title='bbox 1741 1011 2110 1091; x_wconf 69' lang='lat' dir='ltr'><strong>prteferendos</strong></span> 
     </span>
    </p>
   </div>
   <div class='ocr_carea' id='block_1_11' title="bbox 506 1105 2112 1194">
    <p class='ocr_par' dir='ltr' id='par_1_11' title="bbox 506 1105 2112 1194">
     <span class='ocr_line' id='line_1_11' title="bbox 506 1105 2112 1194; baseline -0.014 -11"><span class='ocrx_word' id='word_1_65' title='bbox 506 1105 627 1183; x_wconf 79' lang='lat' dir='ltr'><strong>esse</strong></span> <span class='ocrx_word' id='word_1_66' title='bbox 649 1139 750 1182; x_wconf 90' lang='lat' dir='ltr'><strong>nec</strong></span> <span class='ocrx_word' id='word_1_67' title='bbox 776 1119 915 1178; x_wconf 88' lang='lat' dir='ltr'><strong>ﬁlios</strong></span> <span class='ocrx_word' id='word_1_68' title='bbox 936 1117 1152 1194; x_wconf 81' lang='lat' dir='ltr'><strong>(Matth.</strong></span> <span class='ocrx_word' id='word_1_69' title='bbox 1186 1133 1240 1184; x_wconf 86' lang='lat' dir='ltr'><strong>x,</strong></span> <span class='ocrx_word' id='word_1_70' title='bbox 1273 1113 1386 1185; x_wconf 77' lang='lat'><strong>51).</strong></span> <span class='ocrx_word' id='word_1_71' title='bbox 1420 1109 1576 1184; x_wconf 80' lang='lat' dir='ltr'><strong>Apud</strong></span> <span class='ocrx_word' id='word_1_72' title='bbox 1623 1110 1928 1181; x_wconf 88' lang='lat' dir='ltr'><strong>aliquantos</strong></span> <span class='ocrx_word' id='word_1_73' title='bbox 1973 1105 2112 1164; x_wconf 79' lang='lat' dir='ltr'><strong>forte</strong></span> 
     </span>
    </p>
   </div>
   <div class='ocr_carea' id='block_1_12' title="bbox 508 1198 2108 1292">
    <p class='ocr_par' dir='ltr' id='par_1_12' title="bbox 508 1198 2108 1292">
     <span class='ocr_line' id='line_1_12' title="bbox 508 1198 2108 1292; baseline -0.016 -14"><span class='ocrx_word' id='word_1_74' title='bbox 508 1221 804 1292; x_wconf 89' lang='lat' dir='ltr'><strong>gloriosum</strong></span> <span class='ocrx_word' id='word_1_75' title='bbox 831 1216 920 1282; x_wconf 85' lang='lat' dir='ltr'><strong>sit,</strong></span> <span class='ocrx_word' id='word_1_76' title='bbox 951 1225 1006 1269; x_wconf 89' lang='lat' dir='ltr'><strong>et</strong></span> <span class='ocrx_word' id='word_1_77' title='bbox 1050 1208 1314 1281; x_wconf 79' lang='lat' dir='ltr'><strong>exemplis</strong></span> <span class='ocrx_word' id='word_1_78' title='bbox 1341 1203 1667 1264; x_wconf 87' lang='lat' dir='ltr'><strong>salutaribus</strong></span> <span class='ocrx_word' id='word_1_79' title='bbox 1707 1198 2108 1274; x_wconf 80' lang='lat' dir='ltr'><strong>proferendum,</strong></span> 
     </span>
    </p>
   </div>
   <div class='ocr_carea' id='block_1_13' title="bbox 515 1291 2118 1372">
    <p class='ocr_par' dir='ltr' id='par_1_13' title="bbox 515 1291 2118 1372">
     <span class='ocr_line' id='line_1_13' title="bbox 515 1291 2118 1372; baseline -0.016 0"><span class='ocrx_word' id='word_1_80' title='bbox 515 1330 683 1372; x_wconf 90' lang='lat' dir='ltr'><strong>unum</strong></span> <span class='ocrx_word' id='word_1_81' title='bbox 713 1309 882 1367; x_wconf 87' lang='lat' dir='ltr'><strong>ﬁlium</strong></span> <span class='ocrx_word' id='word_1_82' title='bbox 907 1307 1021 1363; x_wconf 86' lang='lat' dir='ltr'><strong>Deo</strong></span> <span class='ocrx_word' id='word_1_83' title='bbox 1041 1303 1277 1361; x_wconf 85' lang='lat' dir='ltr'><strong>hostiam</strong></span> <span class='ocrx_word' id='word_1_84' title='bbox 1306 1298 1584 1357; x_wconf 85' lang='lat' dir='ltr'><strong>obtulisse.</strong></span> <span class='ocrx_word' id='word_1_85' title='bbox 1619 1295 1746 1352; x_wconf 57' lang='lat' dir='ltr'><strong>Haec</strong></span> <span class='ocrx_word' id='word_1_86' title='bbox 1766 1311 1981 1352; x_wconf 89' lang='lat' dir='ltr'><strong>omnem</strong></span> <span class='ocrx_word' id='word_1_87' title='bbox 2005 1291 2118 1348; x_wconf 83' lang='lat' dir='ltr'><strong>ani-</strong></span> 
     </span>
    </p>
   </div>
   <div class='ocr_carea' id='block_1_14' title="bbox 514 1384 2115 1466">
    <p class='ocr_par' dir='ltr' id='par_1_14' title="bbox 514 1384 2115 1466">
     <span class='ocr_line' id='line_1_14' title="bbox 514 1384 2115 1466; baseline -0.016 0"><span class='ocrx_word' id='word_1_88' title='bbox 514 1422 727 1466; x_wconf 88' lang='lat' dir='ltr'><strong>marum</strong></span> <span class='ocrx_word' id='word_1_89' title='bbox 773 1404 1029 1460; x_wconf 82' lang='lat' dir='ltr'><strong>virtutem</strong></span> <span class='ocrx_word' id='word_1_90' title='bbox 1059 1405 1116 1455; x_wconf 90' lang='lat' dir='ltr'><strong>et</strong></span> <span class='ocrx_word' id='word_1_91' title='bbox 1141 1403 1270 1453; x_wconf 89' lang='lat' dir='ltr'><strong>vota</strong></span> <span class='ocrx_word' id='word_1_92' title='bbox 1292 1391 1568 1466; x_wconf 66' lang='lat' dir='ltr'><strong>praecessit</strong></span> <span class='ocrx_word' id='word_1_93' title='bbox 1594 1408 1608 1444; x_wconf 72' lang='grc' dir='ltr'>ε</span> <span class='ocrx_word' id='word_1_94' title='bbox 1642 1388 1714 1444; x_wconf 89' lang='lat' dir='ltr'><strong>ita</strong></span> <span class='ocrx_word' id='word_1_95' title='bbox 1744 1394 1804 1443; x_wconf 91' lang='lat' dir='ltr'><strong>ut</strong></span> <span class='ocrx_word' id='word_1_96' title='bbox 1841 1387 1898 1441; x_wconf 91' lang='lat' dir='ltr'><strong>in</strong></span> <span class='ocrx_word' id='word_1_97' title='bbox 1926 1384 2115 1442; x_wconf 91' lang='lat' dir='ltr'><strong>dolore</strong></span> 
     </span>
    </p>
   </div>
   <div class='ocr_carea' id='block_1_15' title="bbox 511 1483 2116 1569">
    <p class='ocr_par' dir='ltr' id='par_1_15' title="bbox 511 1483 2116 1569">
     <span class='ocr_line' id='line_1_15' title="bbox 511 1483 2116 1569; baseline -0.017 -9"><span class='ocrx_word' id='word_1_98' title='bbox 511 1499 783 1560; x_wconf 70' lang='lat' dir='ltr'><strong>smvieutis</strong></span> <span class='ocrx_word' id='word_1_99' title='bbox 837 1510 1011 1569; x_wconf 65' lang='lat' dir='ltr'><strong>poenas</strong></span> <span class='ocrx_word' id='word_1_100' title='bbox 1059 1491 1263 1548; x_wconf 85' lang='lat' dir='ltr'><strong>nullum</strong></span> <span class='ocrx_word' id='word_1_101' title='bbox 1309 1487 1544 1544; x_wconf 91' lang='lat' dir='ltr'><strong>ﬁliorum</strong></span> <span class='ocrx_word' id='word_1_102' title='bbox 1585 1483 1810 1539; x_wconf 87' lang='lat' dir='ltr'><strong>aﬁectus</strong></span> <span class='ocrx_word' id='word_1_103' title='bbox 1858 1488 2116 1536; x_wconf 72' lang='lat' dir='ltr'><strong>materna:</strong></span> 
     </span>
    </p>
   </div>
   <div class='ocr_carea' id='block_1_16' title="bbox 509 1573 2116 1669">
    <p class='ocr_par' dir='ltr' id='par_1_16' title="bbox 509 1573 2116 1669">
     <span class='ocr_line' id='line_1_16' title="bbox 509 1573 2116 1669; baseline -0.015 -18"><span class='ocrx_word' id='word_1_104' title='bbox 509 1594 732 1669; x_wconf 87' lang='lat' dir='ltr'><strong>pietatis</strong></span> <span class='ocrx_word' id='word_1_105' title='bbox 759 1587 1053 1660; x_wconf 80' lang='lat' dir='ltr'><strong>exceperit.</strong></span> <span class='ocrx_word' id='word_1_106' title='bbox 1087 1581 1278 1639; x_wconf 77' lang='lat' dir='ltr'><strong>Videte</strong></span> <span class='ocrx_word' id='word_1_107' title='bbox 1326 1588 1504 1635; x_wconf 88' lang='lat' dir='ltr'><strong>autem</strong></span> <span class='ocrx_word' id='word_1_108' title='bbox 1537 1593 1634 1648; x_wconf 89' lang='lat' dir='ltr'><strong>per</strong></span> <span class='ocrx_word' id='word_1_109' title='bbox 1683 1583 1817 1646; x_wconf 89' lang='lat' dir='ltr'><strong>quot</strong></span> <span class='ocrx_word' id='word_1_110' title='bbox 1855 1573 2116 1630; x_wconf 89' lang='lat' dir='ltr'><strong>virtutum</strong></span> 
     </span>
    </p>
   </div>
   <div class='ocr_carea' id='block_1_17' title="bbox 512 1664 2118 1761">
    <p class='ocr_par' dir='ltr' id='par_1_17' title="bbox 512 1664 2118 1761">
     <span class='ocr_line' id='line_1_17' title="bbox 512 1664 2118 1761; baseline -0.016 -15"><span class='ocrx_word' id='word_1_111' title='bbox 512 1689 710 1761; x_wconf 85' lang='lat' dir='ltr'><strong>gradus</strong></span> <span class='ocrx_word' id='word_1_112' title='bbox 729 1684 968 1760; x_wconf 85' lang='lat' dir='ltr'><strong>pretiosa</strong></span> <span class='ocrx_word' id='word_1_113' title='bbox 997 1676 1130 1734; x_wconf 90' lang='lat' dir='ltr'><strong>ﬁdes</strong></span> <span class='ocrx_word' id='word_1_114' title='bbox 1151 1676 1383 1733; x_wconf 89' lang='lat' dir='ltr'><strong>creverit</strong></span> <span class='ocrx_word' id='word_1_115' title='bbox 1411 1693 1421 1726; x_wconf 94' lang='lat'><strong>:</strong></span> <span class='ocrx_word' id='word_1_116' title='bbox 1447 1687 1567 1730; x_wconf 90' lang='lat' dir='ltr'><strong>cum</strong></span> <span class='ocrx_word' id='word_1_117' title='bbox 1593 1669 1928 1740; x_wconf 83' lang='lat' dir='ltr'><strong>acquievisse</strong></span> <span class='ocrx_word' id='word_1_118' title='bbox 1947 1664 2118 1722; x_wconf 88' lang='lat' dir='ltr'><strong>semel</strong></span> 
     </span>
    </p>
   </div>
   <div class='ocr_carea' id='block_1_18' title="bbox 511 1759 2115 1844">
    <p class='ocr_par' dir='ltr' id='par_1_18' title="bbox 511 1759 2115 1844">
     <span class='ocr_line' id='line_1_18' title="bbox 511 1759 2115 1844; baseline -0.017 -5"><span class='ocrx_word' id='word_1_119' title='bbox 511 1759 644 1839; x_wconf 80' lang='lat' dir='ltr'><strong>satis</strong></span> <span class='ocrx_word' id='word_1_120' title='bbox 683 1759 771 1844; x_wconf 85' lang='lat' dir='ltr'><strong>sit,</strong></span> <span class='ocrx_word' id='word_1_121' title='bbox 821 1773 937 1830; x_wconf 77' lang='lat' dir='ltr'><strong>haec</strong></span> <span class='ocrx_word' id='word_1_122' title='bbox 979 1771 1182 1842; x_wconf 85' lang='lat' dir='ltr'><strong>septies</strong></span> <span class='ocrx_word' id='word_1_123' title='bbox 1229 1769 1281 1822; x_wconf 92' lang='lat' dir='ltr'><strong>in</strong></span> <span class='ocrx_word' id='word_1_124' title='bbox 1323 1777 1562 1821; x_wconf 88' lang='lat' dir='ltr'><strong>amorem</strong></span> <span class='ocrx_word' id='word_1_125' title='bbox 1615 1759 1828 1817; x_wconf 90' lang='lat' dir='ltr'><strong>Domini</strong></span> <span class='ocrx_word' id='word_1_126' title='bbox 1857 1759 2115 1829; x_wconf 82' lang='lat' dir='ltr'><strong>pietatem</strong></span> 
     </span>
    </p>
   </div>
   <div class='ocr_carea' id='block_1_19' title="bbox 515 1847 2120 1932">
    <p class='ocr_par' dir='ltr' id='par_1_19' title="bbox 515 1847 2120 1932">
     <span class='ocr_line' id='line_1_19' title="bbox 515 1847 2120 1932; baseline -0.02 0"><span class='ocrx_word' id='word_1_127' title='bbox 515 1882 814 1932; x_wconf 81' lang='lat' dir='ltr'><strong>maternam</strong></span> <span class='ocrx_word' id='word_1_128' title='bbox 836 1863 1137 1924; x_wconf 83' lang='lat' dir='ltr'><strong>voluntaria</strong></span> <span class='ocrx_word' id='word_1_129' title='bbox 1156 1860 1390 1917; x_wconf 88' lang='lat' dir='ltr'><strong>orbitate</strong></span> <span class='ocrx_word' id='word_1_130' title='bbox 1409 1853 1686 1911; x_wconf 86' lang='lat' dir='ltr'><strong>mulctavit</strong></span> <span class='ocrx_word' id='word_1_131' title='bbox 1700 1867 1712 1918; x_wconf 90' lang='lat'><strong>;</strong></span> <span class='ocrx_word' id='word_1_132' title='bbox 1727 1852 1865 1906; x_wconf 84' lang='lat' dir='ltr'><strong>bene</strong></span> <span class='ocrx_word' id='word_1_133' title='bbox 1881 1847 1981 1904; x_wconf 90' lang='lat' dir='ltr'><strong>sibi</strong></span> <span class='ocrx_word' id='word_1_134' title='bbox 1995 1860 2120 1903; x_wconf 86' lang='lat' dir='ltr'><strong>cen-</strong></span> 
     </span>
    </p>
   </div>
   <div class='ocr_carea' id='block_1_20' title="bbox 2210 641 3741 713">
    <p class='ocr_par' dir='ltr' id='par_1_20' title="bbox 2210 641 3741 713">
     <span class='ocr_line' id='line_1_20' title="bbox 2210 641 3741 713; baseline -0.001 -15"><span class='ocrx_word' id='word_1_135' title='bbox 2210 643 2410 700; x_wconf 89' lang='lat' dir='ltr'><strong>misero</strong></span> <span class='ocrx_word' id='word_1_136' title='bbox 2449 641 2782 700; x_wconf 89' lang='lat' dir='ltr'><strong>crudelitatis</strong></span> <span class='ocrx_word' id='word_1_137' title='bbox 2820 642 3131 713; x_wconf 83' lang='lat' dir='ltr'><strong>magisterio</strong></span> <span class='ocrx_word' id='word_1_138' title='bbox 3179 641 3398 697; x_wconf 85' lang='lat' dir='ltr'><strong>nimium</strong></span> <span class='ocrx_word' id='word_1_139' title='bbox 3433 644 3604 703; x_wconf 82' lang='lat' dir='ltr'><strong>educta</strong></span> <span class='ocrx_word' id='word_1_140' title='bbox 3637 665 3741 710; x_wconf 68' lang='lat' dir='ltr'><strong>eo“-</strong></span> 
     </span>
    </p>
   </div>
   <div class='ocr_carea' id='block_1_21' title="bbox 2209 720 3742 806">
    <p class='ocr_par' dir='ltr' id='par_1_21' title="bbox 2209 720 3742 806">
     <span class='ocr_line' id='line_1_21' title="bbox 2209 720 3742 806; baseline 0.001 -16"><span class='ocrx_word' id='word_1_141' title='bbox 2209 734 2349 791; x_wconf 87' lang='lat' dir='ltr'><strong>siiia.</strong></span> <span class='ocrx_word' id='word_1_142' title='bbox 2383 733 2515 790; x_wconf 78' lang='lat' dir='ltr'><strong>Nam</strong></span> <span class='ocrx_word' id='word_1_143' title='bbox 2547 742 2697 790; x_wconf 89' lang='lat' dir='ltr'><strong>tanto</strong></span> <span class='ocrx_word' id='word_1_144' title='bbox 2719 733 2911 790; x_wconf 75' lang='lat' dir='ltr'><strong>ﬁedius</strong></span> <span class='ocrx_word' id='word_1_145' title='bbox 2932 733 3104 790; x_wconf 90' lang='lat' dir='ltr'><strong>hostis</strong></span> <span class='ocrx_word' id='word_1_146' title='bbox 3123 734 3369 801; x_wconf 90' lang='lat' dir='ltr'><strong>vincitur,</strong></span> <span class='ocrx_word' id='word_1_147' title='bbox 3391 720 3577 806; x_wconf 86' lang='lat' dir='ltr'><strong>quanto</strong></span> <span class='ocrx_word' id='word_1_148' title='bbox 3595 743 3742 802; x_wconf 74' lang='lat' dir='ltr'><strong>adver.</strong></span> 
     </span>
    </p>
   </div>
   <div class='ocr_carea' id='block_1_22' title="bbox 2210 825 3742 898">
    <p class='ocr_par' dir='ltr' id='par_1_22' title="bbox 2210 825 3742 898">
     <span class='ocr_line' id='line_1_22' title="bbox 2210 825 3742 898; baseline 0.008 -16"><span class='ocrx_word' id='word_1_149' title='bbox 2210 842 2303 882; x_wconf 87' lang='lat' dir='ltr'><strong>sus</strong></span> <span class='ocrx_word' id='word_1_150' title='bbox 2354 842 2516 882; x_wconf 91' lang='lat' dir='ltr'><strong>unum</strong></span> <span class='ocrx_word' id='word_1_151' title='bbox 2569 825 2771 896; x_wconf 87' lang='lat' dir='ltr'><strong>justum</strong></span> <span class='ocrx_word' id='word_1_152' title='bbox 2826 826 3002 882; x_wconf 89' lang='lat' dir='ltr'><strong>virum</strong></span> <span class='ocrx_word' id='word_1_153' title='bbox 3044 826 3221 896; x_wconf 86' lang='lat' dir='ltr'><strong>major</strong></span> <span class='ocrx_word' id='word_1_154' title='bbox 3258 832 3482 898; x_wconf 84' lang='lat' dir='ltr'><strong>tyranno</strong></span> <span class='ocrx_word' id='word_1_155' title='bbox 3507 831 3742 896; x_wconf 82' lang='lat' dir='ltr'><strong>satellitum</strong></span> 
     </span>
    </p>
   </div>
   <div class='ocr_carea' id='block_1_23' title="bbox 2212 918 3744 1001">
    <p class='ocr_par' dir='ltr' id='par_1_23' title="bbox 2212 918 3744 1001">
     <span class='ocr_line' id='line_1_23' title="bbox 2212 918 3744 1001; baseline 0.001 -25"><span class='ocrx_word' id='word_1_156' title='bbox 2212 922 2368 978; x_wconf 89' lang='lat' dir='ltr'><strong>turba</strong></span> <span class='ocrx_word' id='word_1_157' title='bbox 2398 918 2703 978; x_wconf 85' lang='lat' dir='ltr'><strong>famulatur.</strong></span> <span class='ocrx_word' id='word_1_158' title='bbox 2728 919 3018 978; x_wconf 76' lang='lat' dir='ltr'><strong>Maximum</strong></span> <span class='ocrx_word' id='word_1_159' title='bbox 3049 931 3231 979; x_wconf 85' lang='lat' dir='ltr'><strong>autem</strong></span> <span class='ocrx_word' id='word_1_160' title='bbox 3259 929 3342 980; x_wconf 89' lang='lat' dir='ltr'><strong>est</strong></span> <span class='ocrx_word' id='word_1_161' title='bbox 3370 921 3604 983; x_wconf 88' lang='lat' dir='ltr'><strong>indicium</strong></span> <span class='ocrx_word' id='word_1_162' title='bbox 3627 931 3744 1001; x_wconf 72' lang='lat' dir='ltr'><strong>igua-</strong></span> 
     </span>
    </p>
   </div>
   <div class='ocr_carea' id='block_1_24' title="bbox 2211 1011 3743 1094">
    <p class='ocr_par' dir='ltr' id='par_1_24' title="bbox 2211 1011 3743 1094">
     <span class='ocr_line' id='line_1_24' title="bbox 2211 1011 3743 1094; baseline 0.008 -26"><span class='ocrx_word' id='word_1_163' title='bbox 2211 1011 2331 1079; x_wconf 66' lang='lat' dir='ltr'><strong>vite,</strong></span> <span class='ocrx_word' id='word_1_164' title='bbox 2379 1014 2520 1070; x_wconf 83' lang='lat' dir='ltr'><strong>inter</strong></span> <span class='ocrx_word' id='word_1_165' title='bbox 2545 1022 2825 1070; x_wconf 80' lang='lat' dir='ltr'><strong>consertes</strong></span> <span class='ocrx_word' id='word_1_166' title='bbox 2864 1014 3098 1069; x_wconf 85' lang='lat' dir='ltr'><strong>hostium</strong></span> <span class='ocrx_word' id='word_1_167' title='bbox 3144 1011 3332 1081; x_wconf 79' lang='lat' dir='ltr'><strong>globos</strong></span> <span class='ocrx_word' id='word_1_168' title='bbox 3363 1029 3519 1070; x_wconf 90' lang='lat' dir='ltr'><strong>unum</strong></span> <span class='ocrx_word' id='word_1_169' title='bbox 3559 1017 3743 1094; x_wconf 79' lang='lat' dir='ltr'><strong>palmam</strong></span> 
     </span>
    </p>
   </div>
   <div class='ocr_carea' id='block_1_25' title="bbox 2197 1105 3746 1183">
    <p class='ocr_par' dir='ltr' id='par_1_25' title="bbox 2197 1105 3746 1183">
     <span class='ocr_line' id='line_1_25' title="bbox 2197 1105 3746 1183; baseline 0.003 -21"><span class='ocrx_word' id='word_1_170' title='bbox 2197 1105 2453 1162; x_wconf 63' lang='lat' dir='ltr'><strong>&#39;ticterite</strong></span> <span class='ocrx_word' id='word_1_171' title='bbox 2499 1106 2764 1164; x_wconf 87' lang='lat' dir='ltr'><strong>retulisse.</strong></span> <span class='ocrx_word' id='word_1_172' title='bbox 2807 1105 3064 1163; x_wconf 82' lang='lat' dir='ltr'><strong>Sauciato</strong></span> <span class='ocrx_word' id='word_1_173' title='bbox 3098 1107 3280 1180; x_wconf 87' lang='lat' dir='ltr'><strong>itaque</strong></span> <span class='ocrx_word' id='word_1_174' title='bbox 3298 1107 3464 1164; x_wconf 89' lang='lat' dir='ltr'><strong>hostis</strong></span> <span class='ocrx_word' id='word_1_175' title='bbox 3490 1111 3585 1183; x_wconf 70' lang='lat'><strong>23</strong></span> <span class='ocrx_word' id='word_1_176' title='bbox 3609 1111 3746 1172; x_wconf 85' lang='lat' dir='ltr'><strong>furore</strong></span> 
     </span>
    </p>
   </div>
   <div class='ocr_carea' id='block_1_26' title="bbox 2215 1197 3747 1272">
    <p class='ocr_par' dir='ltr' id='par_1_26' title="bbox 2215 1197 3747 1272">
     <span class='ocr_line' id='line_1_26' title="bbox 2215 1197 3747 1272; baseline 0.005 -16"><span class='ocrx_word' id='word_1_177' title='bbox 2215 1199 2300 1256; x_wconf 90' lang='lat' dir='ltr'><strong>cui</strong></span> <span class='ocrx_word' id='word_1_178' title='bbox 2348 1197 2560 1256; x_wconf 87' lang='lat' dir='ltr'><strong>diversa</strong></span> <span class='ocrx_word' id='word_1_179' title='bbox 2607 1205 2999 1256; x_wconf 83' lang='lat' dir='ltr'><strong>tormentorum</strong></span> <span class='ocrx_word' id='word_1_180' title='bbox 3035 1213 3233 1272; x_wconf 81' lang='lat' dir='ltr'><strong>genera</strong></span> <span class='ocrx_word' id='word_1_181' title='bbox 3271 1197 3582 1270; x_wconf 78' lang='lat' dir='ltr'><strong>serviebant,</strong></span> <span class='ocrx_word' id='word_1_182' title='bbox 3621 1209 3747 1266; x_wconf 87' lang='lat' dir='ltr'><strong>currit</strong></span> 
     </span>
    </p>
   </div>
   <div class='ocr_carea' id='block_1_27' title="bbox 2197 1291 3744 1364">
    <p class='ocr_par' dir='ltr' id='par_1_27' title="bbox 2197 1291 3744 1364">
     <span class='ocr_line' id='line_1_27' title="bbox 2197 1291 3744 1364; baseline 0.006 -16"><span class='ocrx_word' id='word_1_183' title='bbox 2197 1304 2312 1364; x_wconf 88' lang='lat' dir='ltr'><strong>&#39;per</strong></span> <span class='ocrx_word' id='word_1_184' title='bbox 2338 1291 2576 1362; x_wconf 81' lang='lat' dir='ltr'><strong>singulos</strong></span> <span class='ocrx_word' id='word_1_185' title='bbox 2615 1307 2805 1348; x_wconf 86' lang='lat' dir='ltr'><strong>manus</strong></span> <span class='ocrx_word' id='word_1_186' title='bbox 2845 1302 3067 1349; x_wconf 88' lang='lat' dir='ltr'><strong>cruenta</strong></span> <span class='ocrx_word' id='word_1_187' title='bbox 3109 1293 3412 1350; x_wconf 89' lang='lat' dir='ltr'><strong>carniﬁcis:</strong></span> <span class='ocrx_word' id='word_1_188' title='bbox 3453 1307 3503 1353; x_wconf 88' lang='lat' dir='ltr'><strong>et</strong></span> <span class='ocrx_word' id='word_1_189' title='bbox 3537 1299 3595 1354; x_wconf 88' lang='lat' dir='ltr'><strong>ad</strong></span> <span class='ocrx_word' id='word_1_190' title='bbox 3628 1301 3744 1359; x_wconf 87' lang='lat' dir='ltr'><strong>incu-</strong></span> 
     </span>
    </p>
   </div>
   <div class='ocr_carea' id='block_1_28' title="bbox 2213 1383 3748 1455">
    <p class='ocr_par' dir='ltr' id='par_1_28' title="bbox 2213 1383 3748 1455">
     <span class='ocr_line' id='line_1_28' title="bbox 2213 1383 3748 1455; baseline 0.006 -17"><span class='ocrx_word' id='word_1_191' title='bbox 2213 1383 2454 1439; x_wconf 87' lang='lat' dir='ltr'><strong>tiendum</strong></span> <span class='ocrx_word' id='word_1_192' title='bbox 2491 1385 2682 1439; x_wconf 84' lang='lat' dir='ltr'><strong>mortis</strong></span> <span class='ocrx_word' id='word_1_193' title='bbox 2721 1385 2990 1450; x_wconf 78' lang='lat' dir='ltr'><strong>timorem,</strong></span> <span class='ocrx_word' id='word_1_194' title='bbox 3036 1387 3324 1455; x_wconf 89' lang='lat' dir='ltr'><strong>unicuique</strong></span> <span class='ocrx_word' id='word_1_195' title='bbox 3363 1383 3632 1444; x_wconf 83' lang='lat' dir='ltr'><strong>fraternum</strong></span> <span class='ocrx_word' id='word_1_196' title='bbox 3655 1408 3748 1448; x_wconf 89' lang='lat' dir='ltr'><strong>san-</strong></span> 
     </span>
    </p>
   </div>
   <div class='ocr_carea' id='block_1_29' title="bbox 2215 1474 3750 1547">
    <p class='ocr_par' dir='ltr' id='par_1_29' title="bbox 2215 1474 3750 1547">
     <span class='ocr_line' id='line_1_29' title="bbox 2215 1474 3750 1547; baseline 0.008 -17"><span class='ocrx_word' id='word_1_197' title='bbox 2215 1474 2433 1544; x_wconf 84' lang='lat' dir='ltr'><strong>guinem</strong></span> <span class='ocrx_word' id='word_1_198' title='bbox 2484 1481 2683 1545; x_wconf 87' lang='lat' dir='ltr'><strong>portat,</strong></span> <span class='ocrx_word' id='word_1_199' title='bbox 2743 1475 3034 1547; x_wconf 85' lang='lat' dir='ltr'><strong>explorans</strong></span> <span class='ocrx_word' id='word_1_200' title='bbox 3078 1487 3224 1534; x_wconf 88' lang='lat' dir='ltr'><strong>metu</strong></span> <span class='ocrx_word' id='word_1_201' title='bbox 3264 1479 3452 1536; x_wconf 87' lang='lat' dir='ltr'><strong>mortis</strong></span> <span class='ocrx_word' id='word_1_202' title='bbox 3499 1485 3750 1542; x_wconf 84' lang='lat' dir='ltr'><strong>testimonia</strong></span> 
     </span>
    </p>
   </div>
   <div class='ocr_carea' id='block_1_30' title="bbox 2216 1566 3750 1642">
    <p class='ocr_par' dir='ltr' id='par_1_30' title="bbox 2216 1566 3750 1642">
     <span class='ocr_line' id='line_1_30' title="bbox 2216 1566 3750 1642; baseline 0.01 -19"><span class='ocrx_word' id='word_1_203' title='bbox 2216 1566 2564 1624; x_wconf 85' lang='lat' dir='ltr'><strong>crudelitatis.</strong></span> <span class='ocrx_word' id='word_1_204' title='bbox 2618 1566 2725 1624; x_wconf 86' lang='lat' dir='ltr'><strong>Sed</strong></span> <span class='ocrx_word' id='word_1_205' title='bbox 2773 1569 2899 1624; x_wconf 90' lang='lat' dir='ltr'><strong>dum</strong></span> <span class='ocrx_word' id='word_1_206' title='bbox 2930 1569 3068 1642; x_wconf 88' lang='lat' dir='ltr'><strong>apud</strong></span> <span class='ocrx_word' id='word_1_207' title='bbox 3113 1571 3342 1628; x_wconf 88' lang='lat' dir='ltr'><strong>alterum</strong></span> <span class='ocrx_word' id='word_1_208' title='bbox 3372 1573 3594 1632; x_wconf 67' lang='lat' dir='ltr'><strong>victoriae</strong></span> <span class='ocrx_word' id='word_1_209' title='bbox 3616 1577 3750 1638; x_wconf 86' lang='lat' dir='ltr'><strong>locum</strong></span> 
     </span>
    </p>
   </div>
   <div class='ocr_carea' id='block_1_31' title="bbox 2216 1660 3750 1730">
    <p class='ocr_par' dir='ltr' id='par_1_31' title="bbox 2216 1660 3750 1730">
     <span class='ocr_line' id='line_1_31' title="bbox 2216 1660 3750 1730; baseline 0.009 -15"><span class='ocrx_word' id='word_1_210' title='bbox 2216 1660 2455 1728; x_wconf 88' lang='lat' dir='ltr'><strong>molitur,</strong></span> <span class='ocrx_word' id='word_1_211' title='bbox 2486 1661 2689 1716; x_wconf 88' lang='lat' dir='ltr'><strong>vietum</strong></span> <span class='ocrx_word' id='word_1_212' title='bbox 2717 1675 2776 1716; x_wconf 90' lang='lat' dir='ltr'><strong>se</strong></span> <span class='ocrx_word' id='word_1_213' title='bbox 2815 1661 2883 1717; x_wconf 83' lang='lat' dir='ltr'><strong>ah</strong></span> <span class='ocrx_word' id='word_1_214' title='bbox 2926 1662 3032 1716; x_wconf 87' lang='lat' dir='ltr'><strong>alio</strong></span> <span class='ocrx_word' id='word_1_215' title='bbox 3072 1661 3379 1720; x_wconf 86' lang='lat' dir='ltr'><strong>conﬁtetur.</strong></span> <span class='ocrx_word' id='word_1_216' title='bbox 3421 1663 3572 1723; x_wconf 80' lang='lat' dir='ltr'><strong>Stetit</strong></span> <span class='ocrx_word' id='word_1_217' title='bbox 3615 1678 3750 1730; x_wconf 85' lang='lat' dir='ltr'><strong>autem</strong></span> 
     </span>
    </p>
   </div>
   <div class='ocr_carea' id='block_1_32' title="bbox 2219 1751 3751 1826">
    <p class='ocr_par' dir='ltr' id='par_1_32' title="bbox 2219 1751 3751 1826">
     <span class='ocr_line' id='line_1_32' title="bbox 2219 1751 3751 1826; baseline 0.008 -19"><span class='ocrx_word' id='word_1_218' title='bbox 2219 1753 2360 1826; x_wconf 88' lang='lat' dir='ltr'><strong>apud</strong></span> <span class='ocrx_word' id='word_1_219' title='bbox 2391 1767 2580 1808; x_wconf 87' lang='lat' dir='ltr'><strong>omnes</strong></span> <span class='ocrx_word' id='word_1_220' title='bbox 2627 1751 2947 1810; x_wconf 88' lang='lat' dir='ltr'><strong>inconcussa</strong></span> <span class='ocrx_word' id='word_1_221' title='bbox 2989 1752 3140 1818; x_wconf 90' lang='lat' dir='ltr'><strong>ﬁdes,</strong></span> <span class='ocrx_word' id='word_1_222' title='bbox 3195 1755 3277 1810; x_wconf 87' lang='lat' dir='ltr'><strong>vis</strong></span> <span class='ocrx_word' id='word_1_223' title='bbox 3321 1769 3532 1812; x_wconf 85' lang='lat' dir='ltr'><strong>suorum</strong></span> <span class='ocrx_word' id='word_1_224' title='bbox 3569 1762 3751 1822; x_wconf 83' lang='lat' dir='ltr'><strong>animata</strong></span> 
     </span>
    </p>
   </div>
   <div class='ocr_carea' id='block_1_33' title="bbox 2217 1843 3751 1922">
    <p class='ocr_par' dir='ltr' id='par_1_33' title="bbox 2217 1843 3751 1922">
     <span class='ocr_line' id='line_1_33' title="bbox 2217 1843 3751 1922; baseline -0.004 -19"><span class='ocrx_word' id='word_1_225' title='bbox 2217 1847 2512 1919; x_wconf 90' lang='lat' dir='ltr'><strong>suppliciis.</strong></span> <span class='ocrx_word' id='word_1_226' title='bbox 2535 1843 2786 1903; x_wconf 81' lang='lat' dir='ltr'><strong>Succedit</strong></span> <span class='ocrx_word' id='word_1_227' title='bbox 2814 1847 2868 1902; x_wconf 92' lang='lat' dir='ltr'><strong>in</strong></span> <span class='ocrx_word' id='word_1_228' title='bbox 2900 1847 3072 1902; x_wconf 88' lang='lat' dir='ltr'><strong>aciem</strong></span> <span class='ocrx_word' id='word_1_229' title='bbox 3092 1846 3394 1913; x_wconf 86' lang='lat' dir='ltr'><strong>secundus;</strong></span> <span class='ocrx_word' id='word_1_230' title='bbox 3417 1863 3513 1906; x_wconf 90' lang='lat' dir='ltr'><strong>nec</strong></span> <span class='ocrx_word' id='word_1_231' title='bbox 3536 1849 3672 1922; x_wconf 80' lang='lat' dir='ltr'><strong>longe</strong></span> <span class='ocrx_word' id='word_1_232' title='bbox 3692 1853 3751 1910; x_wconf 84' lang='lat' dir='ltr'><strong>in.</strong></span> 
     </span>
    </p>
   </div>
   <div class='ocr_carea' id='block_1_34' title="bbox 511 1940 3752 2034">
    <p class='ocr_par' dir='ltr' id='par_1_34' title="bbox 511 1940 3752 2034">
     <span class='ocr_line' id='line_1_34' title="bbox 511 1940 3752 2034; baseline -0.007 -11"><span class='ocrx_word' id='word_1_233' title='bbox 511 1965 643 2030; x_wconf 87' lang='lat' dir='ltr'><strong>scia,</strong></span> <span class='ocrx_word' id='word_1_234' title='bbox 661 1976 781 2034; x_wconf 63' lang='lat' dir='ltr'><strong>qua:</strong></span> <span class='ocrx_word' id='word_1_235' title='bbox 795 1959 958 2017; x_wconf 88' lang='lat' dir='ltr'><strong>sciret</strong></span> <span class='ocrx_word' id='word_1_236' title='bbox 980 1967 1197 2011; x_wconf 84' lang='lat' dir='ltr'><strong>onmem</strong></span> <span class='ocrx_word' id='word_1_237' title='bbox 1219 1949 1451 2006; x_wconf 90' lang='lat' dir='ltr'><strong>fructum</strong></span> <span class='ocrx_word' id='word_1_238' title='bbox 1477 1946 1680 2002; x_wconf 85' lang='lat' dir='ltr'><strong>ventris</strong></span> <span class='ocrx_word' id='word_1_239' title='bbox 1700 1944 1782 1999; x_wconf 87' lang='lat' dir='ltr'><strong>sui</strong></span> <span class='ocrx_word' id='word_1_240' title='bbox 1807 1943 1858 1998; x_wconf 93' lang='lat' dir='ltr'><strong>in</strong></span> <span class='ocrx_word' id='word_1_241' title='bbox 1883 1941 1972 2000; x_wconf 84' lang='lat' dir='ltr'><strong>illa</strong></span> <span class='ocrx_word' id='word_1_242' title='bbox 1993 1940 2116 1994; x_wconf 62' lang='lat' dir='ltr'><strong>vitae</strong></span> <span class='ocrx_word' id='word_1_243' title='bbox 2153 1951 2196 2012; x_wconf 78' lang='grc' dir='ltr'><strong>Β</strong></span> <span class='ocrx_word' id='word_1_244' title='bbox 2223 1941 2449 1999; x_wconf 77' lang='lat' dir='ltr'><strong>tervallo</strong></span> <span class='ocrx_word' id='word_1_245' title='bbox 2471 1942 2717 2013; x_wconf 87' lang='lat' dir='ltr'><strong>procedit</strong></span> <span class='ocrx_word' id='word_1_246' title='bbox 2736 1949 2790 1997; x_wconf 88' lang='lat' dir='ltr'><strong>et</strong></span> <span class='ocrx_word' id='word_1_247' title='bbox 2817 1943 3038 2008; x_wconf 86' lang='lat' dir='ltr'><strong>tertius;</strong></span> <span class='ocrx_word' id='word_1_248' title='bbox 3065 1943 3263 2011; x_wconf 83' lang='lat' dir='ltr'><strong>quibus</strong></span> <span class='ocrx_word' id='word_1_249' title='bbox 3277 1940 3556 2009; x_wconf 88' lang='lat' dir='ltr'><strong>coronatis,</strong></span> <span class='ocrx_word' id='word_1_250' title='bbox 3572 1957 3752 2014; x_wconf 85' lang='lat' dir='ltr'><strong>pugnam</strong></span> 
     </span>
    </p>
   </div>
   <div class='ocr_carea' id='block_1_35' title="bbox 510 2034 2116 2114">
    <p class='ocr_par' dir='ltr' id='par_1_35' title="bbox 510 2034 2116 2114">
     <span class='ocr_line' id='line_1_35' title="bbox 510 2034 2116 2114; baseline -0.018 0"><span class='ocrx_word' id='word_1_251' title='bbox 510 2054 816 2114; x_wconf 81' lang='lat' dir='ltr'><strong>:eternitate</strong></span> <span class='ocrx_word' id='word_1_252' title='bbox 854 2047 1172 2111; x_wconf 89' lang='lat' dir='ltr'><strong>consistere,</strong></span> <span class='ocrx_word' id='word_1_253' title='bbox 1221 2043 1376 2112; x_wconf 82' lang='lat' dir='ltr'><strong>juxta</strong></span> <span class='ocrx_word' id='word_1_254' title='bbox 1429 2039 1576 2094; x_wconf 82' lang='lat' dir='ltr'><strong>illam</strong></span> <span class='ocrx_word' id='word_1_255' title='bbox 1625 2034 1950 2092; x_wconf 81' lang='lat' dir='ltr'><strong>sententiam</strong></span> <span class='ocrx_word' id='word_1_256' title='bbox 1996 2045 2116 2102; x_wconf 83' lang='lat' dir='ltr'><strong>quae</strong></span> 
     </span>
    </p>
   </div>
   <div class='ocr_carea' id='block_1_36' title="bbox 512 2126 2118 2214">
    <p class='ocr_par' dir='ltr' id='par_1_36' title="bbox 512 2126 2118 2214">
     <span class='ocr_line' id='line_1_36' title="bbox 512 2126 2118 2214; baseline -0.017 -5"><span class='ocrx_word' id='word_1_257' title='bbox 512 2151 682 2209; x_wconf 85' lang='lat' dir='ltr'><strong>dicit:</strong></span> <span class='ocrx_word' id='word_1_258' title='bbox 716 2146 819 2214; x_wconf 85' lang='lat' dir='ltr'><strong>Qui</strong></span> <span class='ocrx_word' id='word_1_259' title='bbox 858 2151 1000 2200; x_wconf 80' lang='lat' dir='ltr'><strong>antat</strong></span> <span class='ocrx_word' id='word_1_260' title='bbox 1048 2141 1277 2194; x_wconf 81' lang='lat' dir='ltr'><strong>animam</strong></span> <span class='ocrx_word' id='word_1_261' title='bbox 1322 2149 1489 2198; x_wconf 74' lang='lat' dir='ltr'><strong>suam,</strong></span> <span class='ocrx_word' id='word_1_262' title='bbox 1518 2131 1694 2206; x_wconf 77' lang='lat' dir='ltr'><strong>perdet</strong></span> <span class='ocrx_word' id='word_1_263' title='bbox 1720 2131 1900 2196; x_wconf 82' lang='lat' dir='ltr'><strong>illam;</strong></span> <span class='ocrx_word' id='word_1_264' title='bbox 1954 2126 2118 2201; x_wconf 76' lang='lat' dir='ltr'><strong>atqui</strong></span> 
     </span>
    </p>
   </div>
   <div class='ocr_carea' id='block_1_37' title="bbox 513 2223 2120 2301">
    <p class='ocr_par' dir='ltr' id='par_1_37' title="bbox 513 2223 2120 2301">
     <span class='ocr_line' id='line_1_37' title="bbox 513 2223 2120 2301; baseline -0.017 0"><span class='ocrx_word' id='word_1_265' title='bbox 513 2245 627 2301; x_wconf 85' lang='lat' dir='ltr'><strong>odit</strong></span> <span class='ocrx_word' id='word_1_266' title='bbox 666 2242 896 2296; x_wconf 80' lang='lat' dir='ltr'><strong>animam</strong></span> <span class='ocrx_word' id='word_1_267' title='bbox 935 2250 1114 2298; x_wconf 68' lang='lat' dir='ltr'><strong>suain,</strong></span> <span class='ocrx_word' id='word_1_268' title='bbox 1155 2233 1210 2286; x_wconf 88' lang='lat' dir='ltr'><strong>in</strong></span> <span class='ocrx_word' id='word_1_269' title='bbox 1259 2230 1418 2284; x_wconf 78' lang='lat' dir='ltr'><strong>vitam</strong></span> <span class='ocrx_word' id='word_1_270' title='bbox 1457 2235 1702 2282; x_wconf 63' lang='lat' dir='ltr'><strong>aeternam</strong></span> <span class='ocrx_word' id='word_1_271' title='bbox 1739 2223 1961 2279; x_wconf 65' lang='lat' dir='ltr'><strong>immolet</strong></span> <span class='ocrx_word' id='word_1_272' title='bbox 2003 2236 2120 2275; x_wconf 75' lang='lat' dir='ltr'><strong>eant</strong></span> 
     </span>
    </p>
   </div>
   <div class='ocr_carea' id='block_1_38' title="bbox 517 2327 1006 2410">
    <p class='ocr_par' dir='ltr' id='par_1_38' title="bbox 517 2327 1006 2410">
     <span class='ocr_line' id='line_1_38' title="bbox 517 2327 1006 2410; baseline -0.022 -17"><span class='ocrx_word' id='word_1_273' title='bbox 517 2336 698 2410; x_wconf 81' lang='lat' dir='ltr'><strong>(Joan.</strong></span> <span class='ocrx_word' id='word_1_274' title='bbox 735 2348 863 2397; x_wconf 80' lang='lat' dir='ltr'><strong>xxii,</strong></span> <span class='ocrx_word' id='word_1_275' title='bbox 895 2327 1006 2398; x_wconf 86' lang='lat' dir='ltr'><strong>ii).</strong></span> 
     </span>
    </p>
   </div>
   <div class='ocr_carea' id='block_1_39' title="bbox 581 2406 2120 2479">
    <p class='ocr_par' dir='ltr' id='par_1_39' title="bbox 581 2406 2120 2479">
     <span class='ocr_line' id='line_1_39' title="bbox 581 2406 2120 2479; baseline -0.014 1"><span class='ocrx_word' id='word_1_276' title='bbox 581 2426 636 2479; x_wconf 72' lang='lat'><strong>‘2.</strong></span> <span class='ocrx_word' id='word_1_277' title='bbox 679 2423 848 2478; x_wconf 87' lang='lat' dir='ltr'><strong>Docet</strong></span> <span class='ocrx_word' id='word_1_278' title='bbox 884 2418 1046 2475; x_wconf 90' lang='lat' dir='ltr'><strong>lectio</strong></span> <span class='ocrx_word' id='word_1_279' title='bbox 1096 2413 1295 2471; x_wconf 87' lang='lat' dir='ltr'><strong>veteris</strong></span> <span class='ocrx_word' id='word_1_280' title='bbox 1343 2409 1679 2466; x_wconf 85' lang='lat' dir='ltr'><strong>Testamenti</strong></span> <span class='ocrx_word' id='word_1_281' title='bbox 1727 2406 1998 2462; x_wconf 81' lang='lat' dir='ltr'><strong>Abraham</strong></span> <span class='ocrx_word' id='word_1_282' title='bbox 2023 2417 2120 2476; x_wconf 89' lang='lat' dir='ltr'><strong>pa-</strong></span> 
     </span>
    </p>
   </div>
   <div class='ocr_carea' id='block_1_40' title="bbox 493 2498 2119 2572">
    <p class='ocr_par' dir='ltr' id='par_1_40' title="bbox 493 2498 2119 2572">
     <span class='ocr_line' id='line_1_40' title="bbox 493 2498 2119 2572; baseline -0.012 1"><span class='ocrx_word' id='word_1_283' title='bbox 493 2523 656 2572; x_wconf 67' lang='lat' dir='ltr'><strong>‘trem</strong></span> <span class='ocrx_word' id='word_1_284' title='bbox 679 2521 920 2570; x_wconf 88' lang='lat' dir='ltr'><strong>nostrum</strong></span> <span class='ocrx_word' id='word_1_285' title='bbox 947 2509 1164 2564; x_wconf 90' lang='lat' dir='ltr'><strong>unicum</strong></span> <span class='ocrx_word' id='word_1_286' title='bbox 1196 2503 1363 2560; x_wconf 89' lang='lat' dir='ltr'><strong>ﬁlium</strong></span> <span class='ocrx_word' id='word_1_287' title='bbox 1389 2515 1546 2558; x_wconf 90' lang='lat' dir='ltr'><strong>suum</strong></span> <span class='ocrx_word' id='word_1_288' title='bbox 1565 2500 1714 2557; x_wconf 79' lang='lat' dir='ltr'><strong>Isaac</strong></span> <span class='ocrx_word' id='word_1_289' title='bbox 1735 2498 2119 2556; x_wconf 89' lang='lat' dir='ltr'><strong>immolandum</strong></span> 
     </span>
    </p>
   </div>
   <div class='ocr_carea' id='block_1_41' title="bbox 491 2591 2125 2666">
    <p class='ocr_par' dir='ltr' id='par_1_41' title="bbox 491 2591 2125 2666">
     <span class='ocr_line' id='line_1_41' title="bbox 491 2591 2125 2666; baseline -0.01 -1"><span class='ocrx_word' id='word_1_290' title='bbox 491 2609 631 2666; x_wconf 59' lang='lat' dir='ltr'><strong>‘Dce</strong></span> <span class='ocrx_word' id='word_1_291' title='bbox 659 2602 983 2663; x_wconf 87' lang='lat' dir='ltr'><strong>sacriﬁcium</strong></span> <span class='ocrx_word' id='word_1_292' title='bbox 1013 2599 1292 2656; x_wconf 86' lang='lat' dir='ltr'><strong>obtulisse.</strong></span> <span class='ocrx_word' id='word_1_293' title='bbox 1317 2595 1474 2664; x_wconf 83' lang='lat' dir='ltr'><strong>Quod</strong></span> <span class='ocrx_word' id='word_1_294' title='bbox 1496 2609 1595 2666; x_wconf 90' lang='lat' dir='ltr'><strong>per</strong></span> <span class='ocrx_word' id='word_1_295' title='bbox 1615 2600 1790 2649; x_wconf 90' lang='lat' dir='ltr'><strong>totum</strong></span> <span class='ocrx_word' id='word_1_296' title='bbox 1811 2591 2000 2648; x_wconf 86' lang='lat' dir='ltr'><strong>orbem</strong></span> <span class='ocrx_word' id='word_1_297' title='bbox 2017 2603 2125 2648; x_wconf 86' lang='lat' dir='ltr'><strong>me-</strong></span> 
     </span>
    </p>
   </div>
   <div class='ocr_carea' id='block_1_42' title="bbox 513 2680 2115 2755">
    <p class='ocr_par' dir='ltr' id='par_1_42' title="bbox 513 2680 2115 2755">
     <span class='ocr_line' id='line_1_42' title="bbox 513 2680 2115 2755; baseline -0.012 0"><span class='ocrx_word' id='word_1_298' title='bbox 513 2695 778 2755; x_wconf 88' lang='lat' dir='ltr'><strong>morabile</strong></span> <span class='ocrx_word' id='word_1_299' title='bbox 799 2693 922 2749; x_wconf 88' lang='lat' dir='ltr'><strong>ﬁdei</strong></span> <span class='ocrx_word' id='word_1_300' title='bbox 951 2695 1307 2747; x_wconf 77' lang='lat' dir='ltr'><strong>constetesse</strong></span> <span class='ocrx_word' id='word_1_301' title='bbox 1328 2687 1735 2742; x_wconf 86' lang='lat' dir='ltr'><strong>documentum.</strong></span> <span class='ocrx_word' id='word_1_302' title='bbox 1761 2683 1838 2738; x_wconf 77' lang='lat' dir='ltr'><strong>Ae</strong></span> <span class='ocrx_word' id='word_1_303' title='bbox 1864 2683 1990 2738; x_wconf 84' lang='lat' dir='ltr'><strong>licet</strong></span> <span class='ocrx_word' id='word_1_304' title='bbox 2011 2680 2115 2739; x_wconf 89' lang='lat' dir='ltr'><strong>nui-</strong></span> 
     </span>
    </p>
   </div>
   <div class='ocr_carea' id='block_1_43' title="bbox 491 2773 2124 2860">
    <p class='ocr_par' dir='ltr' id='par_1_43' title="bbox 491 2773 2124 2860">
     <span class='ocr_line' id='line_1_43' title="bbox 491 2773 2124 2860; baseline -0.013 -12"><span class='ocrx_word' id='word_1_305' title='bbox 491 2791 600 2848; x_wconf 57' lang='lat' dir='ltr'><strong>‘lus</strong></span> <span class='ocrx_word' id='word_1_306' title='bbox 626 2785 923 2860; x_wconf 83' lang='lat' dir='ltr'><strong>perfuderit</strong></span> <span class='ocrx_word' id='word_1_307' title='bbox 949 2780 1169 2852; x_wconf 84' lang='lat' dir='ltr'><strong>sanguis</strong></span> <span class='ocrx_word' id='word_1_308' title='bbox 1201 2778 1410 2841; x_wconf 83' lang='lat' dir='ltr'><strong>altaria,</strong></span> <span class='ocrx_word' id='word_1_309' title='bbox 1435 2775 1535 2830; x_wconf 91' lang='lat' dir='ltr'><strong>fuit</strong></span> <span class='ocrx_word' id='word_1_310' title='bbox 1563 2781 1743 2830; x_wconf 83' lang='lat' dir='ltr'><strong>tamen</strong></span> <span class='ocrx_word' id='word_1_311' title='bbox 1769 2774 1820 2829; x_wconf 92' lang='lat' dir='ltr'><strong>in</strong></span> <span class='ocrx_word' id='word_1_312' title='bbox 1844 2773 2124 2830; x_wconf 82' lang='lat' dir='ltr'><strong>voluntate</strong></span> 
     </span>
    </p>
   </div>
   <div class='ocr_carea' id='block_1_44' title="bbox 512 2865 2122 2950">
    <p class='ocr_par' dir='ltr' id='par_1_44' title="bbox 512 2865 2122 2950">
     <span class='ocr_line' id='line_1_44' title="bbox 512 2865 2122 2950; baseline -0.014 -9"><span class='ocrx_word' id='word_1_313' title='bbox 512 2882 762 2948; x_wconf 83' lang='lat' dir='ltr'><strong>victoria,</strong></span> <span class='ocrx_word' id='word_1_314' title='bbox 783 2877 909 2950; x_wconf 89' lang='lat' dir='ltr'><strong>quia</strong></span> <span class='ocrx_word' id='word_1_315' title='bbox 940 2875 1080 2946; x_wconf 83' lang='lat' dir='ltr'><strong>apud</strong></span> <span class='ocrx_word' id='word_1_316' title='bbox 1097 2872 1381 2929; x_wconf 89' lang='lat' dir='ltr'><strong>Dominutn</strong></span> <span class='ocrx_word' id='word_1_317' title='bbox 1401 2871 1505 2926; x_wconf 88' lang='lat' dir='ltr'><strong>hoc</strong></span> <span class='ocrx_word' id='word_1_318' title='bbox 1534 2876 1618 2924; x_wconf 82' lang='lat' dir='ltr'><strong>est</strong></span> <span class='ocrx_word' id='word_1_319' title='bbox 1647 2868 1805 2931; x_wconf 84' lang='lat' dir='ltr'><strong>velle.</strong></span> <span class='ocrx_word' id='word_1_320' title='bbox 1848 2867 1995 2937; x_wconf 86' lang='lat' dir='ltr'><strong>quod</strong></span> <span class='ocrx_word' id='word_1_321' title='bbox 2045 2865 2122 2920; x_wconf 79' lang='lat' dir='ltr'><strong>ta-</strong></span> 
     </span>
    </p>
   </div>
   <div class='ocr_carea' id='block_1_45' title="bbox 515 2955 2118 3040">
    <p class='ocr_par' dir='ltr' id='par_1_45' title="bbox 515 2955 2118 3040">
     <span class='ocr_line' id='line_1_45' title="bbox 515 2955 2118 3040; baseline -0.011 -8"><span class='ocrx_word' id='word_1_322' title='bbox 515 2987 673 3040; x_wconf 85' lang='lat' dir='ltr'><strong>cere;</strong></span> <span class='ocrx_word' id='word_1_323' title='bbox 701 2970 787 3028; x_wconf 89' lang='lat' dir='ltr'><strong>cui</strong></span> <span class='ocrx_word' id='word_1_324' title='bbox 829 2969 903 3024; x_wconf 87' lang='lat' dir='ltr'><strong>ita</strong></span> <span class='ocrx_word' id='word_1_325' title='bbox 923 2965 1170 3037; x_wconf 78' lang='lat' dir='ltr'><strong>angelum</strong></span> <span class='ocrx_word' id='word_1_326' title='bbox 1193 2963 1420 3032; x_wconf 85' lang='lat' dir='ltr'><strong>legimus</strong></span> <span class='ocrx_word' id='word_1_327' title='bbox 1441 2961 1797 3017; x_wconf 79' lang='lat' dir='ltr'><strong>declamasse:</strong></span> <span class='ocrx_word' id='word_1_328' title='bbox 1833 2955 2118 3024; x_wconf 71' lang='lat' dir='ltr'><strong>Abraham,</strong></span> 
     </span>
    </p>
   </div>
   <div class='ocr_carea' id='block_1_46' title="bbox 515 3047 2125 3130">
    <p class='ocr_par' dir='ltr' id='par_1_46' title="bbox 515 3047 2125 3130">
     <span class='ocr_line' id='line_1_46' title="bbox 515 3047 2125 3130; baseline -0.011 -8"><span class='ocrx_word' id='word_1_329' title='bbox 515 3064 798 3128; x_wconf 73' lang='lat' dir='ltr'><strong>Abraham,</strong></span> <span class='ocrx_word' id='word_1_330' title='bbox 834 3076 898 3115; x_wconf 84' lang='lat' dir='ltr'><strong>ne</strong></span> <span class='ocrx_word' id='word_1_331' title='bbox 923 3059 1133 3130; x_wconf 67' lang='lat' dir='ltr'><strong>inficias</strong></span> <span class='ocrx_word' id='word_1_332' title='bbox 1162 3069 1346 3110; x_wconf 67' lang='lat' dir='ltr'><strong>utantur</strong></span> <span class='ocrx_word' id='word_1_333' title='bbox 1383 3054 1438 3108; x_wconf 84' lang='lat' dir='ltr'><strong>in</strong></span> <span class='ocrx_word' id='word_1_334' title='bbox 1468 3065 1714 3124; x_wconf 78' lang='lat' dir='ltr'><strong>puerum,</strong></span> <span class='ocrx_word' id='word_1_335' title='bbox 1761 3051 1948 3122; x_wconf 56' lang='lat' dir='ltr'><strong>sumo“</strong></span> <span class='ocrx_word' id='word_1_336' title='bbox 1986 3047 2125 3121; x_wconf 81' lang='lat' dir='ltr'><strong>quod</strong></span> 
     </span>
    </p>
   </div>
   <div class='ocr_carea' id='block_1_47' title="bbox 517 3142 2120 3232">
    <p class='ocr_par' dir='ltr' id='par_1_47' title="bbox 517 3142 2120 3232">
     <span class='ocr_line' id='line_1_47' title="bbox 517 3142 2120 3232; baseline -0.011 -16"><span class='ocrx_word' id='word_1_337' title='bbox 517 3159 703 3232; x_wconf 78' lang='lat' dir='ltr'><strong>agnovi</strong></span> <span class='ocrx_word' id='word_1_338' title='bbox 749 3151 888 3230; x_wconf 76' lang='lat' dir='ltr'><strong>quod</strong></span> <span class='ocrx_word' id='word_1_339' title='bbox 915 3153 1089 3224; x_wconf 81' lang='lat' dir='ltr'><strong>diligis</strong></span> <span class='ocrx_word' id='word_1_340' title='bbox 1119 3147 1399 3204; x_wconf 81' lang='lat' dir='ltr'><strong>Dominum</strong></span> <span class='ocrx_word' id='word_1_341' title='bbox 1429 3145 1597 3201; x_wconf 79' lang='lat' dir='ltr'><strong>Deum</strong></span> <span class='ocrx_word' id='word_1_342' title='bbox 1627 3154 1768 3200; x_wconf 80' lang='lat' dir='ltr'><strong>tuum</strong></span> <span class='ocrx_word' id='word_1_343' title='bbox 1799 3142 1954 3216; x_wconf 80' lang='lat' dir='ltr'><strong>(Gen.</strong></span> <span class='ocrx_word' id='word_1_344' title='bbox 1989 3157 2120 3210; x_wconf 84' lang='lat' dir='ltr'><strong>xxu,</strong></span> 
     </span>
    </p>
   </div>
   <div class='ocr_carea' id='block_1_48' title="bbox 515 3235 2123 3321">
    <p class='ocr_par' dir='ltr' id='par_1_48' title="bbox 515 3235 2123 3321">
     <span class='ocr_line' id='line_1_48' title="bbox 515 3235 2123 3321; baseline -0.009 -16"><span class='ocrx_word' id='word_1_345' title='bbox 515 3249 606 3315; x_wconf 74' lang='lat' dir='ltr'><strong>li,</strong></span> <span class='ocrx_word' id='word_1_346' title='bbox 638 3247 747 3321; x_wconf 74' lang='grc' dir='ltr'><strong>η).</strong></span> <span class='ocrx_word' id='word_1_347' title='bbox 798 3245 856 3303; x_wconf 87' lang='lat' dir='ltr'><strong>Si</strong></span> <span class='ocrx_word' id='word_1_348' title='bbox 905 3257 1034 3313; x_wconf 81' lang='lat' dir='ltr'><strong>ergo</strong></span> <span class='ocrx_word' id='word_1_349' title='bbox 1064 3251 1220 3313; x_wconf 82' lang='lat' dir='ltr'><strong>pater</strong></span> <span class='ocrx_word' id='word_1_350' title='bbox 1249 3250 1432 3296; x_wconf 88' lang='lat' dir='ltr'><strong>noster</strong></span> <span class='ocrx_word' id='word_1_351' title='bbox 1460 3237 1730 3294; x_wconf 85' lang='lat' dir='ltr'><strong>Abraham</strong></span> <span class='ocrx_word' id='word_1_352' title='bbox 1760 3251 1927 3293; x_wconf 89' lang='lat' dir='ltr'><strong>unum</strong></span> <span class='ocrx_word' id='word_1_353' title='bbox 1957 3235 2123 3291; x_wconf 88' lang='lat' dir='ltr'><strong>illium</strong></span> 
     </span>
    </p>
   </div>
   <div class='ocr_carea' id='block_1_49' title="bbox 2220 2033 3752 2104">
    <p class='ocr_par' dir='ltr' id='par_1_49' title="bbox 2220 2033 3752 2104">
     <span class='ocr_line' id='line_1_49' title="bbox 2220 2033 3752 2104; baseline 0.003 -15"><span class='ocrx_word' id='word_1_354' title='bbox 2220 2041 2446 2104; x_wconf 88' lang='lat' dir='ltr'><strong>quartus</strong></span> <span class='ocrx_word' id='word_1_355' title='bbox 2485 2033 2824 2104; x_wconf 76' lang='lat' dir='ltr'><strong>aggreditur;</strong></span> <span class='ocrx_word' id='word_1_356' title='bbox 2868 2049 2969 2090; x_wconf 88' lang='lat' dir='ltr'><strong>nec</strong></span> <span class='ocrx_word' id='word_1_357' title='bbox 3003 2037 3275 2104; x_wconf 90' lang='lat' dir='ltr'><strong>quintum,</strong></span> <span class='ocrx_word' id='word_1_358' title='bbox 3309 2041 3400 2090; x_wconf 88' lang='lat' dir='ltr'><strong>aut</strong></span> <span class='ocrx_word' id='word_1_359' title='bbox 3427 2040 3617 2091; x_wconf 79' lang='lat' dir='ltr'><strong>sextum</strong></span> <span class='ocrx_word' id='word_1_360' title='bbox 3648 2052 3752 2094; x_wconf 70' lang='lat' dir='ltr'><strong>nam</strong></span> 
     </span>
    </p>
   </div>
   <div class='ocr_carea' id='block_1_50' title="bbox 2195 2103 3859 2196">
    <p class='ocr_par' dir='ltr' id='par_1_50' title="bbox 2195 2103 3859 2196">
     <span class='ocr_line' id='line_1_50' title="bbox 2195 2103 3859 2196; baseline -0.001 -12"><span class='ocrx_word' id='word_1_361' title='bbox 2195 2103 2429 2184; x_wconf 84' lang='lat' dir='ltr'><strong>&#39;iunesta</strong></span> <span class='ocrx_word' id='word_1_362' title='bbox 2458 2103 2738 2182; x_wconf 83' lang='lat' dir='ltr'><strong>deterruit.</strong></span> <span class='ocrx_word' id='word_1_363' title='bbox 2767 2125 2862 2196; x_wconf 76' lang='lat' dir='ltr'><strong>Est</strong></span> <span class='ocrx_word' id='word_1_364' title='bbox 2895 2103 3128 2195; x_wconf 83' lang='lat' dir='ltr'><strong>denique</strong></span> <span class='ocrx_word' id='word_1_365' title='bbox 3157 2126 3210 2181; x_wconf 89' lang='lat' dir='ltr'><strong>in</strong></span> <span class='ocrx_word' id='word_1_366' title='bbox 3252 2125 3498 2180; x_wconf 88' lang='lat' dir='ltr'><strong>omnibus</strong></span> <span class='ocrx_word' id='word_1_367' title='bbox 3525 2141 3614 2181; x_wconf 87' lang='lat' dir='ltr'><strong>una</strong></span> <span class='ocrx_word' id='word_1_368' title='bbox 3640 2126 3752 2196; x_wconf 82' lang='lat' dir='ltr'><strong>ﬁdes,</strong></span> 
     </span>
    </p>
   </div>
   <div class='ocr_carea' id='block_1_51' title="bbox 2220 2217 3751 2288">
    <p class='ocr_par' dir='ltr' id='par_1_51' title="bbox 2220 2217 3751 2288">
     <span class='ocr_line' id='line_1_51' title="bbox 2220 2217 3751 2288; baseline -0.003 -11"><span class='ocrx_word' id='word_1_369' title='bbox 2220 2237 2325 2278; x_wconf 91' lang='lat' dir='ltr'><strong>una</strong></span> <span class='ocrx_word' id='word_1_370' title='bbox 2349 2221 2540 2287; x_wconf 87' lang='lat' dir='ltr'><strong>virtus,</strong></span> <span class='ocrx_word' id='word_1_371' title='bbox 2574 2233 2678 2275; x_wconf 88' lang='lat' dir='ltr'><strong>una</strong></span> <span class='ocrx_word' id='word_1_372' title='bbox 2701 2217 3062 2282; x_wconf 78' lang='lat' dir='ltr'><strong>conscientia:</strong></span> <span class='ocrx_word' id='word_1_373' title='bbox 3095 2226 3155 2272; x_wconf 92' lang='lat' dir='ltr'><strong>ut</strong></span> <span class='ocrx_word' id='word_1_374' title='bbox 3179 2231 3372 2272; x_wconf 89' lang='lat' dir='ltr'><strong>omnes</strong></span> <span class='ocrx_word' id='word_1_375' title='bbox 3394 2233 3548 2272; x_wconf 73' lang='lat' dir='ltr'><strong>utrum</strong></span> <span class='ocrx_word' id='word_1_376' title='bbox 3569 2226 3751 2288; x_wconf 82' lang='lat' dir='ltr'><strong>putares,</strong></span> 
     </span>
    </p>
   </div>
   <div class='ocr_carea' id='block_1_52' title="bbox 2221 2295 3859 2387">
    <p class='ocr_par' dir='ltr' id='par_1_52' title="bbox 2221 2295 3859 2387">
     <span class='ocr_line' id='line_1_52' title="bbox 2221 2295 3859 2387; baseline -0.007 -14"><span class='ocrx_word' id='word_1_377' title='bbox 2221 2325 2384 2387; x_wconf 89' lang='lat' dir='ltr'><strong>atque</strong></span> <span class='ocrx_word' id='word_1_378' title='bbox 2409 2329 2600 2371; x_wconf 90' lang='lat' dir='ltr'><strong>omnes</strong></span> <span class='ocrx_word' id='word_1_379' title='bbox 2620 2328 2785 2368; x_wconf 91' lang='lat' dir='ltr'><strong>unum</strong></span> <span class='ocrx_word' id='word_1_380' title='bbox 2809 2326 2928 2367; x_wconf 90' lang='lat' dir='ltr'><strong>esse</strong></span> <span class='ocrx_word' id='word_1_381' title='bbox 2948 2309 3216 2374; x_wconf 89' lang='lat' dir='ltr'><strong>crederes,</strong></span> <span class='ocrx_word' id='word_1_382' title='bbox 3242 2325 3364 2365; x_wconf 89' lang='lat' dir='ltr'><strong>cum</strong></span> <span class='ocrx_word' id='word_1_383' title='bbox 3387 2317 3552 2363; x_wconf 88' lang='lat' dir='ltr'><strong>tamen</strong></span> <span class='ocrx_word' id='word_1_384' title='bbox 3572 2309 3754 2377; x_wconf 73' lang='lat' dir='ltr'><strong>singulos</strong></span> <span class='ocrx_word' id='word_1_385' title='bbox 3858 2295 3859 2362; x_wconf 71' lang='grc' dir='ltr'><em>Ῐ</em></span> 
     </span>
    </p>
   </div>
   <div class='ocr_carea' id='block_1_53' title="bbox 2220 2400 3754 2486">
    <p class='ocr_par' dir='ltr' id='par_1_53' title="bbox 2220 2400 3754 2486">
     <span class='ocr_line' id='line_1_53' title="bbox 2220 2400 3754 2486; baseline -0.008 -18"><span class='ocrx_word' id='word_1_386' title='bbox 2220 2427 2319 2486; x_wconf 90' lang='lat' dir='ltr'><strong>per</strong></span> <span class='ocrx_word' id='word_1_387' title='bbox 2347 2418 2529 2481; x_wconf 90' lang='lat' dir='ltr'><strong>partes</strong></span> <span class='ocrx_word' id='word_1_388' title='bbox 2557 2405 2821 2462; x_wconf 87' lang='lat' dir='ltr'><strong>laceraret</strong></span> <span class='ocrx_word' id='word_1_389' title='bbox 2850 2400 3065 2474; x_wconf 74' lang='lat' dir='ltr'><strong>injuria.</strong></span> <span class='ocrx_word' id='word_1_390' title='bbox 3113 2401 3191 2456; x_wconf 88' lang='lat' dir='ltr'><strong>Ita</strong></span> <span class='ocrx_word' id='word_1_391' title='bbox 3236 2400 3536 2456; x_wconf 67' lang='lat' dir='ltr'><strong>fraternitas</strong></span> <span class='ocrx_word' id='word_1_392' title='bbox 3572 2400 3754 2456; x_wconf 77' lang='lat' dir='ltr'><strong>victoria:</strong></span> 
     </span>
    </p>
   </div>
   <div class='ocr_carea' id='block_1_54' title="bbox 2221 2489 3755 2565">
    <p class='ocr_par' dir='ltr' id='par_1_54' title="bbox 2221 2489 3755 2565">
     <span class='ocr_line' id='line_1_54' title="bbox 2221 2489 3755 2565; baseline -0.009 -5"><span class='ocrx_word' id='word_1_393' title='bbox 2221 2503 2456 2560; x_wconf 89' lang='lat' dir='ltr'><strong>animata</strong></span> <span class='ocrx_word' id='word_1_394' title='bbox 2484 2499 2780 2560; x_wconf 88' lang='lat' dir='ltr'><strong>consortio,</strong></span> <span class='ocrx_word' id='word_1_395' title='bbox 2807 2495 2935 2550; x_wconf 89' lang='lat' dir='ltr'><strong>dum</strong></span> <span class='ocrx_word' id='word_1_396' title='bbox 2961 2493 3200 2565; x_wconf 81' lang='lat' dir='ltr'><strong>paternis</strong></span> <span class='ocrx_word' id='word_1_397' title='bbox 3225 2491 3431 2562; x_wconf 83' lang='lat' dir='ltr'><strong>legibus</strong></span> <span class='ocrx_word' id='word_1_398' title='bbox 3469 2491 3631 2558; x_wconf 82' lang='lat' dir='ltr'><strong>servit,</strong></span> <span class='ocrx_word' id='word_1_399' title='bbox 3655 2489 3755 2546; x_wconf 71' lang='lat' dir='ltr'><strong>illth</strong></span> 
     </span>
    </p>
   </div>
   <div class='ocr_carea' id='block_1_55' title="bbox 2215 2582 3254 2668">
    <p class='ocr_par' dir='ltr' id='par_1_55' title="bbox 2215 2582 3254 2668">
     <span class='ocr_line' id='line_1_55' title="bbox 2215 2582 3254 2668; baseline -0.014 -16"><span class='ocrx_word' id='word_1_400' title='bbox 2215 2582 2418 2668; x_wconf 31' lang='lat' dir='ltr'><strong>&#39;tlplicis</strong></span> <span class='ocrx_word' id='word_1_401' title='bbox 2445 2592 2660 2648; x_wconf 88' lang='lat' dir='ltr'><strong>virtutis</strong></span> <span class='ocrx_word' id='word_1_402' title='bbox 2684 2589 2909 2658; x_wconf 83' lang='lat' dir='ltr'><strong>insignia</strong></span> <span class='ocrx_word' id='word_1_403' title='bbox 2932 2584 3254 2658; x_wconf 85' lang='lat' dir='ltr'><strong>reportavit.</strong></span> 
     </span>
    </p>
   </div>
   <div class='ocr_carea' id='block_1_56' title="bbox 2293 2671 3756 2752">
    <p class='ocr_par' dir='ltr' id='par_1_56' title="bbox 2293 2671 3756 2752">
     <span class='ocr_line' id='line_1_56' title="bbox 2293 2671 3756 2752; baseline -0.013 -8"><span class='ocrx_word' id='word_1_404' title='bbox 2293 2688 2345 2744; x_wconf 73' lang='grc'><strong>4.</strong></span> <span class='ocrx_word' id='word_1_405' title='bbox 2385 2685 2532 2742; x_wconf 85' lang='lat' dir='ltr'><strong>inter</strong></span> <span class='ocrx_word' id='word_1_406' title='bbox 2559 2691 2643 2740; x_wconf 89' lang='lat' dir='ltr'><strong>tot</strong></span> <span class='ocrx_word' id='word_1_407' title='bbox 2668 2683 2830 2752; x_wconf 87' lang='lat' dir='ltr'><strong>igitur</strong></span> <span class='ocrx_word' id='word_1_408' title='bbox 2859 2693 3086 2752; x_wconf 87' lang='lat' dir='ltr'><strong>pompas</strong></span> <span class='ocrx_word' id='word_1_409' title='bbox 3108 2676 3358 2731; x_wconf 88' lang='lat' dir='ltr'><strong>funerum</strong></span> <span class='ocrx_word' id='word_1_410' title='bbox 3378 2671 3610 2729; x_wconf 84' lang='lat' dir='ltr'><strong>discurrit</strong></span> <span class='ocrx_word' id='word_1_411' title='bbox 3627 2677 3756 2726; x_wconf 79' lang='lat' dir='ltr'><strong>mater</strong></span> 
     </span>
    </p>
   </div>
   <div class='ocr_carea' id='block_1_57' title="bbox 2224 2753 3859 2844">
    <p class='ocr_par' dir='ltr' id='par_1_57' title="bbox 2224 2753 3859 2844">
     <span class='ocr_line' id='line_1_57' title="bbox 2224 2753 3859 2844; baseline -0.016 -6"><span class='ocrx_word' id='word_1_412' title='bbox 2224 2781 2473 2844; x_wconf 86' lang='lat' dir='ltr'><strong>attonita,</strong></span> <span class='ocrx_word' id='word_1_413' title='bbox 2506 2785 2561 2832; x_wconf 88' lang='lat' dir='ltr'><strong>et</strong></span> <span class='ocrx_word' id='word_1_414' title='bbox 2588 2775 2730 2832; x_wconf 82' lang='lat' dir='ltr'><strong>curis</strong></span> <span class='ocrx_word' id='word_1_415' title='bbox 2757 2774 2937 2835; x_wconf 84' lang='lat' dir='ltr'><strong>anxia,</strong></span> <span class='ocrx_word' id='word_1_416' title='bbox 2983 2785 3048 2826; x_wconf 90' lang='lat' dir='ltr'><strong>ac</strong></span> <span class='ocrx_word' id='word_1_417' title='bbox 3087 2777 3239 2824; x_wconf 89' lang='lat' dir='ltr'><strong>metu</strong></span> <span class='ocrx_word' id='word_1_418' title='bbox 3278 2771 3335 2822; x_wconf 90' lang='lat' dir='ltr'><strong>et</strong></span> <span class='ocrx_word' id='word_1_419' title='bbox 3371 2775 3562 2837; x_wconf 80' lang='lat' dir='ltr'><strong>pavore</strong></span> <span class='ocrx_word' id='word_1_420' title='bbox 3594 2769 3756 2819; x_wconf 82' lang='lat' dir='ltr'><strong>conter-</strong></span> <span class='ocrx_word' id='word_1_421' title='bbox 3858 2753 3859 2812; x_wconf 64' lang='grc' dir='ltr'><em>ἐ</em></span> 
     </span>
    </p>
   </div>
   <div class='ocr_carea' id='block_1_58' title="bbox 2224 2853 3859 2932">
    <p class='ocr_par' dir='ltr' id='par_1_58' title="bbox 2224 2853 3859 2932">
     <span class='ocr_line' id='line_1_58' title="bbox 2224 2853 3859 2932; baseline -0.017 0"><span class='ocrx_word' id='word_1_422' title='bbox 2224 2877 2348 2932; x_wconf 90' lang='lat' dir='ltr'><strong>rita.</strong></span> <span class='ocrx_word' id='word_1_423' title='bbox 2371 2871 2479 2930; x_wconf 88' lang='lat' dir='ltr'><strong>Sed</strong></span> <span class='ocrx_word' id='word_1_424' title='bbox 2499 2867 2768 2926; x_wconf 89' lang='lat' dir='ltr'><strong>neminem</strong></span> <span class='ocrx_word' id='word_1_425' title='bbox 2790 2866 2889 2921; x_wconf 88' lang='lat' dir='ltr'><strong>ista</strong></span> <span class='ocrx_word' id='word_1_426' title='bbox 2912 2877 3001 2919; x_wconf 89' lang='lat' dir='ltr'><strong>res</strong></span> <span class='ocrx_word' id='word_1_427' title='bbox 3027 2860 3299 2932; x_wconf 83' lang='lat' dir='ltr'><strong>decipiat;</strong></span> <span class='ocrx_word' id='word_1_428' title='bbox 3331 2854 3550 2927; x_wconf 85' lang='lat' dir='ltr'><strong>trepidet</strong></span> <span class='ocrx_word' id='word_1_429' title='bbox 3572 2853 3754 2924; x_wconf 78' lang='lat' dir='ltr'><strong>quidem,</strong></span> <span class='ocrx_word' id='word_1_430' title='bbox 3858 2875 3859 2918; x_wconf 23' lang='grc' dir='ltr'>ξ</span> 
     </span>
    </p>
   </div>
   <div class='ocr_carea' id='block_1_59' title="bbox 2226 2940 3758 3025">
    <p class='ocr_par' dir='ltr' id='par_1_59' title="bbox 2226 2940 3758 3025">
     <span class='ocr_line' id='line_1_59' title="bbox 2226 2940 3758 3025; baseline -0.018 0"><span class='ocrx_word' id='word_1_431' title='bbox 2226 2967 2321 3025; x_wconf 90' lang='lat' dir='ltr'><strong>sed</strong></span> <span class='ocrx_word' id='word_1_432' title='bbox 2363 2963 2430 3022; x_wconf 89' lang='lat' dir='ltr'><strong>de</strong></span> <span class='ocrx_word' id='word_1_433' title='bbox 2459 2963 2699 3020; x_wconf 84' lang='lat' dir='ltr'><strong>victori-.e</strong></span> <span class='ocrx_word' id='word_1_434' title='bbox 2729 2967 2946 3023; x_wconf 81' lang='lat' dir='ltr'><strong>eventu,</strong></span> <span class='ocrx_word' id='word_1_435' title='bbox 2989 2953 3197 3010; x_wconf 85' lang='lat' dir='ltr'><strong>nonde</strong></span> <span class='ocrx_word' id='word_1_436' title='bbox 3241 2956 3421 3007; x_wconf 86' lang='lat' dir='ltr'><strong>morte</strong></span> <span class='ocrx_word' id='word_1_437' title='bbox 3464 2946 3678 3004; x_wconf 80' lang='lat' dir='ltr'><strong>illioram.</strong></span> <span class='ocrx_word' id='word_1_438' title='bbox 3703 2940 3758 2998; x_wconf 80' lang='lat' dir='ltr'><strong>Ad</strong></span> 
     </span>
    </p>
   </div>
   <div class='ocr_carea' id='block_1_60' title="bbox 2205 3040 3859 3129">
    <p class='ocr_par' dir='ltr' id='par_1_60' title="bbox 2205 3040 3859 3129">
     <span class='ocr_line' id='line_1_60' title="bbox 2205 3040 3859 3129; baseline -0.018 -13"><span class='ocrx_word' id='word_1_439' title='bbox 2205 3057 2464 3129; x_wconf 60' lang='lat' dir='ltr'><strong>&#39;slngulas</strong></span> <span class='ocrx_word' id='word_1_440' title='bbox 2483 3055 2941 3122; x_wconf 56' lang='lat' dir='ltr'><strong>interrogatio-ms</strong></span> <span class='ocrx_word' id='word_1_441' title='bbox 2966 3053 3140 3103; x_wconf 87' lang='lat' dir='ltr'><strong>mater</strong></span> <span class='ocrx_word' id='word_1_442' title='bbox 3159 3050 3273 3100; x_wconf 87' lang='lat' dir='ltr'><strong>stat</strong></span> <span class='ocrx_word' id='word_1_443' title='bbox 3299 3040 3624 3106; x_wconf 55' lang='lat' dir='ltr'><strong>sollicitique</strong></span> <span class='ocrx_word' id='word_1_444' title='bbox 3639 3050 3758 3106; x_wconf 88' lang='lat' dir='ltr'><strong>que</strong></span> <span class='ocrx_word' id='word_1_445' title='bbox 3858 3063 3859 3066; x_wconf 60' lang='grc' dir='ltr'><strong>η</strong></span> 
     </span>
    </p>
   </div>
   <div class='ocr_carea' id='block_1_61' title="bbox 2228 3129 3759 3219">
    <p class='ocr_par' dir='ltr' id='par_1_61' title="bbox 2228 3129 3759 3219">
     <span class='ocr_line' id='line_1_61' title="bbox 2228 3129 3759 3219; baseline -0.015 -15"><span class='ocrx_word' id='word_1_446' title='bbox 2228 3149 2360 3206; x_wconf 90' lang='lat' dir='ltr'><strong>ﬁdes</strong></span> <span class='ocrx_word' id='word_1_447' title='bbox 2388 3149 2680 3219; x_wconf 89' lang='lat' dir='ltr'><strong>deciperet,</strong></span> <span class='ocrx_word' id='word_1_448' title='bbox 2707 3159 2772 3198; x_wconf 92' lang='lat' dir='ltr'><strong>ne</strong></span> <span class='ocrx_word' id='word_1_449' title='bbox 2799 3155 2958 3212; x_wconf 88' lang='lat' dir='ltr'><strong>quem</strong></span> <span class='ocrx_word' id='word_1_450' title='bbox 2981 3155 3010 3194; x_wconf 89' lang='lat' dir='ltr'><strong>a</strong></span> <span class='ocrx_word' id='word_1_451' title='bbox 3040 3137 3273 3206; x_wconf 83' lang='lat' dir='ltr'><strong>collegio</strong></span> <span class='ocrx_word' id='word_1_452' title='bbox 3301 3134 3586 3192; x_wconf 76' lang='lat' dir='ltr'><strong>sanctitatis</strong></span> <span class='ocrx_word' id='word_1_453' title='bbox 3606 3129 3759 3199; x_wconf 84' lang='lat' dir='ltr'><strong>fragili-</strong></span> 
     </span>
    </p>
   </div>
   <div class='ocr_carea' id='block_1_62' title="bbox 2227 3221 3859 3308">
    <p class='ocr_par' dir='ltr' id='par_1_62' title="bbox 2227 3221 3859 3308">
     <span class='ocr_line' id='line_1_62' title="bbox 2227 3221 3859 3308; baseline -0.018 -7"><span class='ocrx_word' id='word_1_454' title='bbox 2227 3253 2312 3301; x_wconf 86' lang='lat' dir='ltr'><strong>tas</strong></span> <span class='ocrx_word' id='word_1_455' title='bbox 2340 3245 2572 3300; x_wconf 90' lang='lat' dir='ltr'><strong>humana</strong></span> <span class='ocrx_word' id='word_1_456' title='bbox 2616 3246 2943 3308; x_wconf 65' lang='lat' dir='ltr'><strong>segregaret.</strong></span> <span class='ocrx_word' id='word_1_457' title='bbox 2991 3231 3126 3290; x_wconf 86' lang='lat' dir='ltr'><strong>Nam</strong></span> <span class='ocrx_word' id='word_1_458' title='bbox 3169 3231 3426 3288; x_wconf 82' lang='lat' dir='ltr'><strong>adversus</strong></span> <span class='ocrx_word' id='word_1_459' title='bbox 3458 3232 3674 3284; x_wconf 89' lang='lat' dir='ltr'><strong>cruentas</strong></span> <span class='ocrx_word' id='word_1_460' title='bbox 3689 3221 3760 3276; x_wconf 84' lang='lat' dir='ltr'><strong>ho-</strong></span> <span class='ocrx_word' id='word_1_461' title='bbox 3858 3227 3859 3236; x_wconf 83' lang='lat'>‘</span> 
     </span>
    </p>
   </div>
   <div class='ocr_carea' id='block_1_63' title="bbox 516 3322 2120 3402">
    <p class='ocr_par' dir='ltr' id='par_1_63' title="bbox 516 3328 2117 3402">
     <span class='ocr_line' id='line_1_63' title="bbox 516 3328 2117 3402; baseline -0.009 -4"><span class='ocrx_word' id='word_1_462' title='bbox 516 3339 841 3398; x_wconf 88' lang='lat' dir='ltr'><strong>sacriilcium</strong></span> <span class='ocrx_word' id='word_1_463' title='bbox 887 3334 1102 3399; x_wconf 85' lang='lat' dir='ltr'><strong>obtulit,</strong></span> <span class='ocrx_word' id='word_1_464' title='bbox 1153 3340 1209 3388; x_wconf 90' lang='lat' dir='ltr'><strong>et</strong></span> <span class='ocrx_word' id='word_1_465' title='bbox 1261 3329 1498 3402; x_wconf 84' lang='lat' dir='ltr'><strong>placuit;</strong></span> <span class='ocrx_word' id='word_1_466' title='bbox 1541 3339 1747 3400; x_wconf 89' lang='lat' dir='ltr'><strong>quanto</strong></span> <span class='ocrx_word' id='word_1_467' title='bbox 1790 3331 1959 3399; x_wconf 87' lang='lat' dir='ltr'><strong>mgis</strong></span> <span class='ocrx_word' id='word_1_468' title='bbox 1984 3328 2117 3396; x_wconf 71' lang='lat' dir='ltr'><strong>base,</strong></span> 
     </span>
    </p>
   </div>
   <div class='ocr_carea' id='block_1_64' title="bbox 2220 3322 3760 3402">
    <p class='ocr_par' dir='ltr' id='par_1_64' title="bbox 2226 3322 3760 3402">
     <span class='ocr_line' id='line_1_64' title="bbox 2226 3322 3760 3402; baseline -0.015 -8"><span class='ocrx_word' id='word_1_469' title='bbox 2226 3328 2526 3396; x_wconf 38' lang='lat' dir='ltr'><strong>stis&#39;minas</strong></span> <span class='ocrx_word' id='word_1_470' title='bbox 2555 3343 2991 3402; x_wconf 83' lang='lat' dir='ltr'><strong>unumquemque</strong></span> <span class='ocrx_word' id='word_1_471' title='bbox 3013 3327 3198 3382; x_wconf 89' lang='lat' dir='ltr'><strong>sedula</strong></span> <span class='ocrx_word' id='word_1_472' title='bbox 3229 3322 3592 3380; x_wconf 86' lang='lat' dir='ltr'><strong>adhortatione</strong></span> <span class='ocrx_word' id='word_1_473' title='bbox 3617 3329 3760 3399; x_wconf 81' lang='lat' dir='ltr'><strong>prese-</strong></span> 
     </span>
    </p>
   </div>
   <div class='ocr_carea' id='block_1_65' title="bbox 517 3423 2126 3506">
    <p class='ocr_par' dir='ltr' id='par_1_65' title="bbox 517 3423 2126 3506">
     <span class='ocr_line' id='line_1_65' title="bbox 517 3423 2126 3506; baseline -0.007 -16"><span class='ocrx_word' id='word_1_474' title='bbox 517 3447 638 3506; x_wconf 71' lang='lat' dir='ltr'><strong>qutc</strong></span> <span class='ocrx_word' id='word_1_475' title='bbox 669 3445 778 3488; x_wconf 89' lang='lat' dir='ltr'><strong>uno</strong></span> <span class='ocrx_word' id='word_1_476' title='bbox 808 3440 1052 3500; x_wconf 85' lang='lat' dir='ltr'><strong>tempore</strong></span> <span class='ocrx_word' id='word_1_477' title='bbox 1080 3434 1290 3496; x_wconf 87' lang='lat' dir='ltr'><strong>septem</strong></span> <span class='ocrx_word' id='word_1_478' title='bbox 1330 3425 1473 3480; x_wconf 86' lang='lat' dir='ltr'><strong>votis</strong></span> <span class='ocrx_word' id='word_1_479' title='bbox 1517 3424 1981 3480; x_wconf 87' lang='lat' dir='ltr'><strong>consentientibus</strong></span> <span class='ocrx_word' id='word_1_480' title='bbox 2021 3423 2126 3479; x_wconf 89' lang='lat' dir='ltr'><strong>im-</strong></span> 
     </span>
    </p>
   </div>
   <div class='ocr_carea' id='block_1_66' title="bbox 522 3517 2122 3592">
    <p class='ocr_par' dir='ltr' id='par_1_66' title="bbox 522 3517 2122 3592">
     <span class='ocr_line' id='line_1_66' title="bbox 522 3517 2122 3592; baseline -0.004 -9"><span class='ocrx_word' id='word_1_481' title='bbox 522 3525 768 3590; x_wconf 84' lang='lat' dir='ltr'><strong>molavit,</strong></span> <span class='ocrx_word' id='word_1_482' title='bbox 801 3539 860 3579; x_wconf 87' lang='lat' dir='ltr'><strong>se</strong></span> <span class='ocrx_word' id='word_1_483' title='bbox 891 3523 1059 3592; x_wconf 84' lang='lat' dir='ltr'><strong>ipsam</strong></span> <span class='ocrx_word' id='word_1_484' title='bbox 1087 3527 1283 3576; x_wconf 86' lang='lat' dir='ltr'><strong>octavo</strong></span> <span class='ocrx_word' id='word_1_485' title='bbox 1305 3518 1426 3574; x_wconf 92' lang='lat' dir='ltr'><strong>loco</strong></span> <span class='ocrx_word' id='word_1_486' title='bbox 1454 3517 1688 3574; x_wconf 88' lang='lat' dir='ltr'><strong>hostiam</strong></span> <span class='ocrx_word' id='word_1_487' title='bbox 1719 3517 1833 3574; x_wconf 90' lang='lat' dir='ltr'><strong>Deo</strong></span> <span class='ocrx_word' id='word_1_488' title='bbox 1862 3517 2122 3588; x_wconf 73' lang='lat' dir='ltr'><strong>offerens;</strong></span> 
     </span>
    </p>
   </div>
   <div class='ocr_carea' id='block_1_67' title="bbox 523 3611 2127 3689">
    <p class='ocr_par' dir='ltr' id='par_1_67' title="bbox 523 3611 2127 3689">
     <span class='ocr_line' id='line_1_67' title="bbox 523 3611 2127 3689; baseline -0.004 -14"><span class='ocrx_word' id='word_1_489' title='bbox 523 3627 583 3675; x_wconf 90' lang='lat' dir='ltr'><strong>ut</strong></span> <span class='ocrx_word' id='word_1_490' title='bbox 610 3633 730 3689; x_wconf 70' lang='lat' dir='ltr'><strong>qum</strong></span> <span class='ocrx_word' id='word_1_491' title='bbox 758 3616 932 3672; x_wconf 83' lang='lat' dir='ltr'><strong>fuerat</strong></span> <span class='ocrx_word' id='word_1_492' title='bbox 961 3615 1027 3669; x_wconf 89' lang='lat' dir='ltr'><strong>nd</strong></span> <span class='ocrx_word' id='word_1_493' title='bbox 1059 3614 1466 3670; x_wconf 87' lang='lat' dir='ltr'><strong>incitamentum</strong></span> <span class='ocrx_word' id='word_1_494' title='bbox 1482 3611 1722 3667; x_wconf 80' lang='lat' dir='ltr'><strong>ctelestis</strong></span> <span class='ocrx_word' id='word_1_495' title='bbox 1743 3611 1929 3681; x_wconf 69' lang='grc' dir='ltr'><strong>ειονίω</strong></span> <span class='ocrx_word' id='word_1_496' title='bbox 1954 3611 2127 3683; x_wconf 86' lang='lat' dir='ltr'><strong>magi-</strong></span> 
     </span>
    </p>
   </div>
   <div class='ocr_carea' id='block_1_68' title="bbox 520 3704 2131 3776">
    <p class='ocr_par' dir='ltr' id='par_1_68' title="bbox 520 3704 2131 3776">
     <span class='ocr_line' id='line_1_68' title="bbox 520 3704 2131 3776; baseline -0.005 -7"><span class='ocrx_word' id='word_1_497' title='bbox 520 3721 631 3770; x_wconf 84' lang='lat' dir='ltr'><strong>stra</strong></span> <span class='ocrx_word' id='word_1_498' title='bbox 665 3719 747 3766; x_wconf 90' lang='lat' dir='ltr'><strong>tot</strong></span> <span class='ocrx_word' id='word_1_499' title='bbox 776 3707 1192 3763; x_wconf 86' lang='lat' dir='ltr'><strong>fortissimorum</strong></span> <span class='ocrx_word' id='word_1_500' title='bbox 1215 3706 1472 3767; x_wconf 88' lang='lat' dir='ltr'><strong>virorum,</strong></span> <span class='ocrx_word' id='word_1_501' title='bbox 1507 3704 1662 3760; x_wconf 86' lang='lat' dir='ltr'><strong>iteret</strong></span> <span class='ocrx_word' id='word_1_502' title='bbox 1681 3704 1846 3761; x_wconf 88' lang='lat' dir='ltr'><strong>etiam</strong></span> <span class='ocrx_word' id='word_1_503' title='bbox 1869 3705 1984 3776; x_wconf 87' lang='lat' dir='ltr'><strong>ipsa</strong></span> <span class='ocrx_word' id='word_1_504' title='bbox 2013 3706 2131 3762; x_wconf 78' lang='lat' dir='ltr'><strong>exi-</strong></span> 
     </span>
    </p>
   </div>
   <div class='ocr_carea' id='block_1_69' title="bbox 523 3794 2125 3868">
    <p class='ocr_par' dir='ltr' id='par_1_69' title="bbox 523 3794 2125 3868">
     <span class='ocr_line' id='line_1_69' title="bbox 523 3794 2125 3868; baseline -0.003 -8"><span class='ocrx_word' id='word_1_505' title='bbox 523 3804 642 3860; x_wconf 68' lang='lat' dir='ltr'><strong>miae</strong></span> <span class='ocrx_word' id='word_1_506' title='bbox 683 3799 896 3857; x_wconf 87' lang='lat' dir='ltr'><strong>virtutis</strong></span> <span class='ocrx_word' id='word_1_507' title='bbox 942 3797 1282 3867; x_wconf 79' lang='lat' dir='ltr'><strong>exemplum?</strong></span> <span class='ocrx_word' id='word_1_508' title='bbox 1331 3794 1438 3851; x_wconf 85' lang='lat' dir='ltr'><strong>Sed</strong></span> <span class='ocrx_word' id='word_1_509' title='bbox 1467 3796 1511 3851; x_wconf 88' lang='lat' dir='ltr'><strong>si</strong></span> <span class='ocrx_word' id='word_1_510' title='bbox 1535 3795 1731 3868; x_wconf 89' lang='lat' dir='ltr'><strong>placet,</strong></span> <span class='ocrx_word' id='word_1_511' title='bbox 1767 3795 2125 3865; x_wconf 79' lang='lat' dir='ltr'><strong>dilectissimi,</strong></span> 
     </span>
    </p>
   </div>
   <div class='ocr_carea' id='block_1_70' title="bbox 525 3887 2130 3970">
    <p class='ocr_par' dir='ltr' id='par_1_70' title="bbox 525 3887 2130 3970">
     <span class='ocr_line' id='line_1_70' title="bbox 525 3887 2130 3970; baseline -0.006 -15"><span class='ocrx_word' id='word_1_512' title='bbox 525 3897 692 3970; x_wconf 90' lang='lat' dir='ltr'><strong>ipsius</strong></span> <span class='ocrx_word' id='word_1_513' title='bbox 721 3907 914 3966; x_wconf 75' lang='lat' dir='ltr'><strong>pugna:</strong></span> <span class='ocrx_word' id='word_1_514' title='bbox 939 3889 1184 3946; x_wconf 89' lang='lat' dir='ltr'><strong>ordinem</strong></span> <span class='ocrx_word' id='word_1_515' title='bbox 1207 3889 1526 3953; x_wconf 71' lang='lat' dir='ltr'><strong>recolamus,</strong></span> <span class='ocrx_word' id='word_1_516' title='bbox 1561 3897 1620 3943; x_wconf 86' lang='lat' dir='ltr'><strong>ut</strong></span> <span class='ocrx_word' id='word_1_517' title='bbox 1645 3887 1857 3945; x_wconf 84' lang='lat' dir='ltr'><strong>discant</strong></span> <span class='ocrx_word' id='word_1_518' title='bbox 1877 3899 2130 3961; x_wconf 88' lang='lat' dir='ltr'><strong>parentes</strong></span> 
     </span>
    </p>
   </div>
   <div class='ocr_carea' id='block_1_71' title="bbox 524 3981 2129 4056">
    <p class='ocr_par' dir='ltr' id='par_1_71' title="bbox 524 3981 2129 4056">
     <span class='ocr_line' id='line_1_71' title="bbox 524 3981 2129 4056; baseline -0.007 -6"><span class='ocrx_word' id='word_1_519' title='bbox 524 4008 707 4050; x_wconf 87' lang='lat' dir='ltr'><strong>amare</strong></span> <span class='ocrx_word' id='word_1_520' title='bbox 738 3989 896 4055; x_wconf 88' lang='lat' dir='ltr'><strong>ﬁlios,</strong></span> <span class='ocrx_word' id='word_1_521' title='bbox 935 3997 989 4043; x_wconf 91' lang='lat' dir='ltr'><strong>et</strong></span> <span class='ocrx_word' id='word_1_522' title='bbox 1016 3985 1109 4041; x_wconf 89' lang='lat' dir='ltr'><strong>ﬁlii</strong></span> <span class='ocrx_word' id='word_1_523' title='bbox 1133 3985 1514 4056; x_wconf 88' lang='lat' dir='ltr'><strong>obtemperare</strong></span> <span class='ocrx_word' id='word_1_524' title='bbox 1543 3981 1894 4054; x_wconf 88' lang='lat' dir='ltr'><strong>parentibus:</strong></span> <span class='ocrx_word' id='word_1_525' title='bbox 1927 3981 2129 4038; x_wconf 87' lang='lat' dir='ltr'><strong>Christi</strong></span> 
     </span>
    </p>
   </div>
   <div class='ocr_carea' id='block_1_72' title="bbox 523 4073 2131 4152">
    <p class='ocr_par' dir='ltr' id='par_1_72' title="bbox 523 4073 2131 4152">
     <span class='ocr_line' id='line_1_72' title="bbox 523 4073 2131 4152; baseline -0.006 -11"><span class='ocrx_word' id='word_1_526' title='bbox 523 4083 696 4141; x_wconf 90' lang='lat' dir='ltr'><strong>nostri</strong></span> <span class='ocrx_word' id='word_1_527' title='bbox 725 4095 911 4137; x_wconf 89' lang='lat' dir='ltr'><strong>amore</strong></span> <span class='ocrx_word' id='word_1_528' title='bbox 951 4077 1194 4152; x_wconf 85' lang='lat' dir='ltr'><strong>praelato,</strong></span> <span class='ocrx_word' id='word_1_529' title='bbox 1237 4077 1328 4147; x_wconf 89' lang='lat' dir='ltr'><strong>qui</strong></span> <span class='ocrx_word' id='word_1_530' title='bbox 1369 4074 1666 4134; x_wconf 89' lang='lat' dir='ltr'><strong>victoribus</strong></span> <span class='ocrx_word' id='word_1_531' title='bbox 1686 4073 1925 4145; x_wconf 89' lang='lat' dir='ltr'><strong>legitimo</strong></span> <span class='ocrx_word' id='word_1_532' title='bbox 1955 4088 2131 4146; x_wconf 80' lang='lat' dir='ltr'><strong>agone</strong></span> 
     </span>
    </p>
   </div>
   <div class='ocr_carea' id='block_1_73' title="bbox 522 4170 2128 4243">
    <p class='ocr_par' dir='ltr' id='par_1_73' title="bbox 522 4170 2128 4243">
     <span class='ocr_line' id='line_1_73' title="bbox 522 4170 2128 4243; baseline -0.008 -4"><span class='ocrx_word' id='word_1_533' title='bbox 522 4179 856 4240; x_wconf 84' lang='lat' dir='ltr'><strong>certantibus</strong></span> <span class='ocrx_word' id='word_1_534' title='bbox 897 4189 1156 4234; x_wconf 86' lang='lat' dir='ltr'><strong>coronam</strong></span> <span class='ocrx_word' id='word_1_535' title='bbox 1196 4173 1318 4230; x_wconf 72' lang='lat' dir='ltr'><strong>vitae</strong></span> <span class='ocrx_word' id='word_1_536' title='bbox 1341 4171 1550 4230; x_wconf 74' lang='lat' dir='ltr'><strong>cmlcsti</strong></span> <span class='ocrx_word' id='word_1_537' title='bbox 1572 4170 1704 4228; x_wconf 90' lang='lat' dir='ltr'><strong>ﬁere</strong></span> <span class='ocrx_word' id='word_1_538' title='bbox 1726 4172 2023 4243; x_wconf 91' lang='lat' dir='ltr'><strong>componit,</strong></span> <span class='ocrx_word' id='word_1_539' title='bbox 2053 4172 2128 4227; x_wconf 87' lang='lat' dir='ltr'><strong>ita</strong></span> 
     </span>
    </p>
   </div>
   <div class='ocr_carea' id='block_1_74' title="bbox 523 4265 2129 4337">
    <p class='ocr_par' dir='ltr' id='par_1_74' title="bbox 523 4265 2129 4337">
     <span class='ocr_line' id='line_1_74' title="bbox 523 4265 2129 4337; baseline -0.008 -3"><span class='ocrx_word' id='word_1_540' title='bbox 523 4279 756 4336; x_wconf 89' lang='lat' dir='ltr'><strong>Domino</strong></span> <span class='ocrx_word' id='word_1_541' title='bbox 779 4275 992 4332; x_wconf 90' lang='lat' dir='ltr'><strong>dicente</strong></span> <span class='ocrx_word' id='word_1_542' title='bbox 1022 4291 1033 4325; x_wconf 92' lang='lat'>:</span> <span class='ocrx_word' id='word_1_543' title='bbox 1067 4269 1168 4337; x_wconf 85' lang='lat' dir='ltr'><strong>Qui</strong></span> <span class='ocrx_word' id='word_1_544' title='bbox 1219 4269 1412 4333; x_wconf 83' lang='lat' dir='ltr'><strong>uicerit,</strong></span> <span class='ocrx_word' id='word_1_545' title='bbox 1447 4267 1580 4324; x_wconf 79' lang='lat' dir='ltr'><strong>dabo</strong></span> <span class='ocrx_word' id='word_1_546' title='bbox 1609 4267 1687 4323; x_wconf 81' lang='lat' dir='ltr'><strong>illi</strong></span> <span class='ocrx_word' id='word_1_547' title='bbox 1727 4281 1973 4324; x_wconf 84' lang='lat' dir='ltr'><strong>coronam</strong></span> <span class='ocrx_word' id='word_1_548' title='bbox 2011 4265 2129 4322; x_wconf 69' lang='lat' dir='ltr'><strong>vim:</strong></span> 
     </span>
    </p>
   </div>
   <div class='ocr_carea' id='block_1_75' title="bbox 522 4361 2129 4448">
    <p class='ocr_par' dir='ltr' id='par_1_75' title="bbox 522 4361 2129 4448">
     <span class='ocr_line' id='line_1_75' title="bbox 522 4361 2129 4448; baseline -0.009 -18"><span class='ocrx_word' id='word_1_549' title='bbox 522 4375 708 4448; x_wconf 81' lang='lat' dir='ltr'><strong>(Apoc.</strong></span> <span class='ocrx_word' id='word_1_550' title='bbox 741 4389 815 4439; x_wconf 80' lang='lat' dir='ltr'><strong>xi,</strong></span> <span class='ocrx_word' id='word_1_551' title='bbox 842 4369 952 4442; x_wconf 91' lang='lat' dir='ltr'><strong>ii).</strong></span> <span class='ocrx_word' id='word_1_552' title='bbox 978 4365 1139 4431; x_wconf 84' lang='lat' dir='ltr'><strong>Ecce,</strong></span> <span class='ocrx_word' id='word_1_553' title='bbox 1171 4364 1527 4431; x_wconf 86' lang='lat' dir='ltr'><strong>dilectissimi,</strong></span> <span class='ocrx_word' id='word_1_554' title='bbox 1554 4370 1817 4433; x_wconf 87' lang='lat' dir='ltr'><strong>quantum</strong></span> <span class='ocrx_word' id='word_1_555' title='bbox 1845 4361 1924 4418; x_wconf 90' lang='lat' dir='ltr'><strong>rei</strong></span> <span class='ocrx_word' id='word_1_556' title='bbox 1963 4367 2129 4432; x_wconf 86' lang='lat' dir='ltr'><strong>gestae</strong></span> 
     </span>
    </p>
   </div>
   <div class='ocr_carea' id='block_1_76' title="bbox 523 4453 2130 4538">
    <p class='ocr_par' dir='ltr' id='par_1_76' title="bbox 523 4453 2130 4538">
     <span class='ocr_line' id='line_1_76' title="bbox 523 4453 2130 4538; baseline -0.007 -16"><span class='ocrx_word' id='word_1_557' title='bbox 523 4469 655 4524; x_wconf 89' lang='lat' dir='ltr'><strong>iidcs</strong></span> <span class='ocrx_word' id='word_1_558' title='bbox 693 4465 982 4538; x_wconf 88' lang='lat' dir='ltr'><strong>eloquitur,</strong></span> <span class='ocrx_word' id='word_1_559' title='bbox 1015 4462 1312 4520; x_wconf 86' lang='lat' dir='ltr'><strong>instituitur</strong></span> <span class='ocrx_word' id='word_1_560' title='bbox 1351 4471 1529 4530; x_wconf 83' lang='lat' dir='ltr'><strong>pugna</strong></span> <span class='ocrx_word' id='word_1_561' title='bbox 1579 4473 1677 4528; x_wconf 91' lang='lat' dir='ltr'><strong>pro</strong></span> <span class='ocrx_word' id='word_1_562' title='bbox 1708 4455 1893 4530; x_wconf 84' lang='lat' dir='ltr'><strong>patriis</strong></span> <span class='ocrx_word' id='word_1_563' title='bbox 1923 4453 2130 4524; x_wconf 87' lang='lat' dir='ltr'><strong>legibus</strong></span> 
     </span>
    </p>
   </div>
   <div class='ocr_carea' id='block_1_77' title="bbox 520 4547 2130 4628">
    <p class='ocr_par' dir='ltr' id='par_1_77' title="bbox 520 4547 2130 4628">
     <span class='ocr_line' id='line_1_77' title="bbox 520 4547 2130 4628; baseline -0.009 -13"><span class='ocrx_word' id='word_1_564' title='bbox 520 4561 664 4616; x_wconf 87' lang='lat' dir='ltr'><strong>inter</strong></span> <span class='ocrx_word' id='word_1_565' title='bbox 675 4554 1062 4628; x_wconf 89' lang='lat' dir='ltr'><strong>omnipotentis</strong></span> <span class='ocrx_word' id='word_1_566' title='bbox 1072 4551 1168 4608; x_wconf 88' lang='lat' dir='ltr'><strong>Dei</strong></span> <span class='ocrx_word' id='word_1_567' title='bbox 1180 4549 1442 4608; x_wconf 85' lang='lat' dir='ltr'><strong>etdiaboli</strong></span> <span class='ocrx_word' id='word_1_568' title='bbox 1459 4547 1753 4615; x_wconf 89' lang='lat' dir='ltr'><strong>ministros,</strong></span> <span class='ocrx_word' id='word_1_569' title='bbox 1772 4547 1954 4604; x_wconf 88' lang='lat' dir='ltr'><strong>multis</strong></span> <span class='ocrx_word' id='word_1_570' title='bbox 1967 4557 2130 4617; x_wconf 88' lang='lat' dir='ltr'><strong>atque</strong></span> 
     </span>
    </p>
   </div>
   <div class='ocr_carea' id='block_1_78' title="bbox 521 4641 2129 4716">
    <p class='ocr_par' dir='ltr' id='par_1_78' title="bbox 521 4641 2129 4716">
     <span class='ocr_line' id='line_1_78' title="bbox 521 4641 2129 4716; baseline -0.007 -8"><span class='ocrx_word' id='word_1_571' title='bbox 521 4649 820 4708; x_wconf 89' lang='lat' dir='ltr'><strong>innumeris</strong></span> <span class='ocrx_word' id='word_1_572' title='bbox 848 4648 1108 4703; x_wconf 87' lang='lat' dir='ltr'><strong>instructa</strong></span> <span class='ocrx_word' id='word_1_573' title='bbox 1135 4643 1444 4716; x_wconf 88' lang='lat' dir='ltr'><strong>suppliciis;</strong></span> <span class='ocrx_word' id='word_1_574' title='bbox 1463 4641 1658 4711; x_wconf 88' lang='lat' dir='ltr'><strong>quibus</strong></span> <span class='ocrx_word' id='word_1_575' title='bbox 1680 4650 1922 4697; x_wconf 87' lang='lat' dir='ltr'><strong>armatus</strong></span> <span class='ocrx_word' id='word_1_576' title='bbox 1938 4647 2129 4697; x_wconf 88' lang='lat' dir='ltr'><strong>auctor</strong></span> 
     </span>
    </p>
   </div>
   <div class='ocr_carea' id='block_1_79' title="bbox 2228 3397 3859 3500">
    <p class='ocr_par' dir='ltr' id='par_1_79' title="bbox 2228 3397 3859 3500">
     <span class='ocr_line' id='line_1_79' title="bbox 2228 3397 3859 3500; baseline -0.017 -13"><span class='ocrx_word' id='word_1_577' title='bbox 2228 3431 2428 3500; x_wconf 88' lang='lat' dir='ltr'><strong>quitur,</strong></span> <span class='ocrx_word' id='word_1_578' title='bbox 2463 3439 2530 3482; x_wconf 91' lang='lat' dir='ltr'><strong>ne</strong></span> <span class='ocrx_word' id='word_1_579' title='bbox 2551 3419 2715 3480; x_wconf 89' lang='lat' dir='ltr'><strong>vellet</strong></span> <span class='ocrx_word' id='word_1_580' title='bbox 2736 3397 2880 3477; x_wconf 79' lang='lat' dir='ltr'><strong>aliud</strong></span> <span class='ocrx_word' id='word_1_581' title='bbox 2901 3397 3021 3476; x_wconf 86' lang='lat' dir='ltr'><strong>esse</strong></span> <span class='ocrx_word' id='word_1_582' title='bbox 3049 3431 3212 3489; x_wconf 90' lang='lat' dir='ltr'><strong>quam</strong></span> <span class='ocrx_word' id='word_1_583' title='bbox 3255 3414 3441 3472; x_wconf 80' lang='lat' dir='ltr'><strong>frater.</strong></span> <span class='ocrx_word' id='word_1_584' title='bbox 3468 3410 3650 3483; x_wconf 88' lang='lat' dir='ltr'><strong>Singuli</strong></span> <span class='ocrx_word' id='word_1_585' title='bbox 3673 3397 3762 3478; x_wconf 78' lang='grc' dir='ltr'>ιιιιί-</span> <span class='ocrx_word' id='word_1_586' title='bbox 3858 3421 3859 3430; x_wconf 47' lang='grc' dir='ltr'><strong>η</strong></span> 
     </span>
    </p>
   </div>
   <div class='ocr_carea' id='block_1_80' title="bbox 2227 3507 3762 3594">
    <p class='ocr_par' dir='ltr' id='par_1_80' title="bbox 2227 3507 3762 3594">
     <span class='ocr_line' id='line_1_80' title="bbox 2227 3507 3762 3594; baseline -0.013 -17"><span class='ocrx_word' id='word_1_587' title='bbox 2227 3519 2350 3577; x_wconf 91' lang='lat' dir='ltr'><strong>dem</strong></span> <span class='ocrx_word' id='word_1_588' title='bbox 2377 3517 2694 3594; x_wconf 89' lang='lat' dir='ltr'><strong>patiuntur:</strong></span> <span class='ocrx_word' id='word_1_589' title='bbox 2727 3514 2820 3570; x_wconf 85' lang='lat' dir='ltr'><strong>sed</strong></span> <span class='ocrx_word' id='word_1_590' title='bbox 2848 3514 2950 3568; x_wconf 84' lang='lat' dir='ltr'><strong>ista</strong></span> <span class='ocrx_word' id='word_1_591' title='bbox 2975 3527 3098 3568; x_wconf 91' lang='lat' dir='ltr'><strong>cum</strong></span> <span class='ocrx_word' id='word_1_592' title='bbox 3123 3511 3351 3578; x_wconf 83' lang='lat' dir='ltr'><strong>singulis</strong></span> <span class='ocrx_word' id='word_1_593' title='bbox 3381 3507 3583 3580; x_wconf 86' lang='lat' dir='ltr'><strong>patitur,</strong></span> <span class='ocrx_word' id='word_1_594' title='bbox 3605 3513 3650 3561; x_wconf 86' lang='lat' dir='ltr'><strong>et</strong></span> <span class='ocrx_word' id='word_1_595' title='bbox 3673 3517 3762 3560; x_wconf 85' lang='lat' dir='ltr'><strong>eum</strong></span> 
     </span>
    </p>
   </div>
   <div class='ocr_carea' id='block_1_81' title="bbox 2227 3599 3762 3686">
    <p class='ocr_par' dir='ltr' id='par_1_81' title="bbox 2227 3599 3762 3686">
     <span class='ocr_line' id='line_1_81' title="bbox 2227 3599 3762 3686; baseline -0.016 -11"><span class='ocrx_word' id='word_1_596' title='bbox 2227 3613 2451 3686; x_wconf 88' lang='lat' dir='ltr'><strong>singulis</strong></span> <span class='ocrx_word' id='word_1_597' title='bbox 2501 3614 2681 3669; x_wconf 90' lang='lat' dir='ltr'><strong>animo</strong></span> <span class='ocrx_word' id='word_1_598' title='bbox 2709 3611 2827 3667; x_wconf 85' lang='lat' dir='ltr'><strong>sola</strong></span> <span class='ocrx_word' id='word_1_599' title='bbox 2867 3606 3170 3678; x_wconf 78' lang='lat' dir='ltr'><strong>torquetur.</strong></span> <span class='ocrx_word' id='word_1_600' title='bbox 3224 3603 3392 3660; x_wconf 81' lang='lat' dir='ltr'><strong>Tollit</strong></span> <span class='ocrx_word' id='word_1_601' title='bbox 3439 3599 3762 3672; x_wconf 48' lang='lat' dir='ltr'><strong>ergo&#39;paima</strong></span> 
     </span>
    </p>
   </div>
   <div class='ocr_carea' id='block_1_82' title="bbox 2227 3687 3859 3784">
    <p class='ocr_par' dir='ltr' id='par_1_82' title="bbox 2227 3687 3859 3784">
     <span class='ocr_line' id='line_1_82' title="bbox 2227 3687 3859 3784; baseline -0.015 -20"><span class='ocrx_word' id='word_1_602' title='bbox 2227 3705 2462 3784; x_wconf 60' lang='lat' dir='ltr'><strong>propria</strong></span> <span class='ocrx_word' id='word_1_603' title='bbox 2491 3701 2705 3760; x_wconf 86' lang='lat' dir='ltr'><strong>virtutis</strong></span> <span class='ocrx_word' id='word_1_604' title='bbox 2753 3702 2806 3758; x_wconf 91' lang='lat' dir='ltr'><strong>in</strong></span> <span class='ocrx_word' id='word_1_605' title='bbox 2859 3713 3046 3756; x_wconf 87' lang='lat' dir='ltr'><strong>amore</strong></span> <span class='ocrx_word' id='word_1_606' title='bbox 3074 3696 3465 3784; x_wconf 82' lang='lat' dir='ltr'><strong>omnipotentis</strong></span> <span class='ocrx_word' id='word_1_607' title='bbox 3505 3693 3603 3749; x_wconf 88' lang='lat' dir='ltr'><strong>Dei.</strong></span> <span class='ocrx_word' id='word_1_608' title='bbox 3629 3687 3762 3746; x_wconf 78' lang='lat' dir='ltr'><strong>Sedsi</strong></span> <span class='ocrx_word' id='word_1_609' title='bbox 3858 3731 3859 3740; x_wconf 25' lang='grc' dir='ltr'><strong>ι</strong></span> 
     </span>
    </p>
   </div>
   <div class='ocr_carea' id='block_1_83' title="bbox 2197 3775 3859 3874">
    <p class='ocr_par' dir='ltr' id='par_1_83' title="bbox 2197 3775 3859 3874">
     <span class='ocr_line' id='line_1_83' title="bbox 2197 3775 3859 3874; baseline -0.015 -17"><span class='ocrx_word' id='word_1_610' title='bbox 2197 3805 2204 3812; x_wconf 79' lang='grc'><strong>”</strong></span> <span class='ocrx_word' id='word_1_611' title='bbox 2229 3775 2530 3874; x_wconf 71' lang='lat' dir='ltr'><strong>respiciatis</strong></span> <span class='ocrx_word' id='word_1_612' title='bbox 2558 3795 2626 3852; x_wconf 89' lang='lat' dir='ltr'><strong>ad</strong></span> <span class='ocrx_word' id='word_1_613' title='bbox 2646 3793 2855 3864; x_wconf 78' lang='lat' dir='ltr'><strong>singula</strong></span> <span class='ocrx_word' id='word_1_614' title='bbox 2875 3807 2994 3864; x_wconf 70' lang='lat' dir='ltr'><strong>qua:</strong></span> <span class='ocrx_word' id='word_1_615' title='bbox 3015 3781 3284 3847; x_wconf 39' lang='lat' dir='ltr'><strong>sedulitas&quot;</strong></span> <span class='ocrx_word' id='word_1_616' title='bbox 3298 3793 3531 3843; x_wconf 80' lang='lat' dir='ltr'><strong>materna</strong></span> <span class='ocrx_word' id='word_1_617' title='bbox 3549 3779 3761 3842; x_wconf 80' lang='lat' dir='ltr'><strong>sustinuit,</strong></span> <span class='ocrx_word' id='word_1_618' title='bbox 3858 3775 3859 3846; x_wconf 69' lang='grc' dir='ltr'>Ϊ</span> 
     </span>
    </p>
   </div>
   <div class='ocr_carea' id='block_1_84' title="bbox 2231 3868 3765 3958">
    <p class='ocr_par' dir='ltr' id='par_1_84' title="bbox 2231 3868 3765 3958">
     <span class='ocr_line' id='line_1_84' title="bbox 2231 3868 3765 3958; baseline -0.018 -6"><span class='ocrx_word' id='word_1_619' title='bbox 2231 3868 2352 3952; x_wconf 81' lang='lat' dir='ltr'><strong>cum</strong></span> <span class='ocrx_word' id='word_1_620' title='bbox 2382 3887 2633 3947; x_wconf 89' lang='lat' dir='ltr'><strong>omnibus</strong></span> <span class='ocrx_word' id='word_1_621' title='bbox 2662 3885 2783 3942; x_wconf 88' lang='lat' dir='ltr'><strong>ﬁliis</strong></span> <span class='ocrx_word' id='word_1_622' title='bbox 2806 3895 3018 3958; x_wconf 88' lang='lat' dir='ltr'><strong>partem</strong></span> <span class='ocrx_word' id='word_1_623' title='bbox 3046 3889 3132 3939; x_wconf 85' lang='lat' dir='ltr'><strong>est</strong></span> <span class='ocrx_word' id='word_1_624' title='bbox 3154 3881 3350 3937; x_wconf 80' lang='lat' dir='ltr'><strong>sortita</strong></span> <span class='ocrx_word' id='word_1_625' title='bbox 3390 3875 3630 3950; x_wconf 77' lang='lat' dir='ltr'><strong>martyrii.</strong></span> <span class='ocrx_word' id='word_1_626' title='bbox 3674 3868 3765 3958; x_wconf 81' lang='lat' dir='ltr'><strong>Post</strong></span> 
     </span>
    </p>
   </div>
   <div class='ocr_carea' id='block_1_85' title="bbox 2233 3957 3859 4048">
    <p class='ocr_par' dir='ltr' id='par_1_85' title="bbox 2233 3957 3859 4048">
     <span class='ocr_line' id='line_1_85' title="bbox 2233 3957 3859 4048; baseline -0.017 -6"><span class='ocrx_word' id='word_1_627' title='bbox 2233 3994 2343 4042; x_wconf 91' lang='lat' dir='ltr'><strong>tam</strong></span> <span class='ocrx_word' id='word_1_628' title='bbox 2385 3983 2698 4040; x_wconf 88' lang='lat' dir='ltr'><strong>innumeras</strong></span> <span class='ocrx_word' id='word_1_629' title='bbox 2731 3957 2990 4036; x_wconf 88' lang='lat' dir='ltr'><strong>virtutum</strong></span> <span class='ocrx_word' id='word_1_630' title='bbox 3046 3973 3276 4048; x_wconf 81' lang='lat' dir='ltr'><strong>palmas,</strong></span> <span class='ocrx_word' id='word_1_631' title='bbox 3326 3971 3534 4027; x_wconf 75' lang='lat' dir='ltr'><strong>venitur</strong></span> <span class='ocrx_word' id='word_1_632' title='bbox 3573 3977 3680 4023; x_wconf 77' lang='lat' dir='ltr'><strong>ecce</strong></span> <span class='ocrx_word' id='word_1_633' title='bbox 3718 3957 3764 4015; x_wconf 82' lang='lat' dir='ltr'><strong>ad</strong></span> <span class='ocrx_word' id='word_1_634' title='bbox 3858 3983 3859 3990; x_wconf 56' lang='grc' dir='ltr'><strong>η</strong></span> 
     </span>
    </p>
   </div>
   <div class='ocr_carea' id='block_1_86' title="bbox 2231 4053 3859 4144">
    <p class='ocr_par' dir='ltr' id='par_1_86' title="bbox 2231 4053 3859 4144">
     <span class='ocr_line' id='line_1_86' title="bbox 2231 4053 3859 4144; baseline -0.018 -11"><span class='ocrx_word' id='word_1_635' title='bbox 2231 4076 2404 4142; x_wconf 88' lang='lat' dir='ltr'><strong>illum,</strong></span> <span class='ocrx_word' id='word_1_636' title='bbox 2435 4073 2588 4144; x_wconf 81' lang='lat' dir='ltr'><strong>cujus</strong></span> <span class='ocrx_word' id='word_1_637' title='bbox 2615 4079 2748 4128; x_wconf 82' lang='lat' dir='ltr'><strong>tetas</strong></span> <span class='ocrx_word' id='word_1_638' title='bbox 2772 4069 2918 4127; x_wconf 88' lang='lat' dir='ltr'><strong>hosti</strong></span> <span class='ocrx_word' id='word_1_639' title='bbox 2938 4066 3246 4124; x_wconf 67' lang='lat' dir='ltr'><strong>obtinendas</strong></span> <span class='ocrx_word' id='word_1_640' title='bbox 3265 4063 3503 4122; x_wconf 74' lang='lat' dir='ltr'><strong>victoria:</strong></span> <span class='ocrx_word' id='word_1_641' title='bbox 3521 4073 3650 4131; x_wconf 87' lang='lat' dir='ltr'><strong>spem</strong></span> <span class='ocrx_word' id='word_1_642' title='bbox 3668 4053 3766 4109; x_wconf 82' lang='lat' dir='ltr'><strong>lece-</strong></span> <span class='ocrx_word' id='word_1_643' title='bbox 3858 4125 3859 4136; x_wconf 16' lang='grc' dir='ltr'><strong>ἦ</strong></span> 
     </span>
    </p>
   </div>
   <div class='ocr_carea' id='block_1_87' title="bbox 2230 4155 3859 4239">
    <p class='ocr_par' dir='ltr' id='par_1_87' title="bbox 2230 4155 3859 4239">
     <span class='ocr_line' id='line_1_87' title="bbox 2230 4155 3859 4239; baseline -0.015 -13"><span class='ocrx_word' id='word_1_644' title='bbox 2230 4177 2335 4237; x_wconf 86' lang='lat' dir='ltr'><strong>rat,</strong></span> <span class='ocrx_word' id='word_1_645' title='bbox 2367 4175 2424 4225; x_wconf 87' lang='lat' dir='ltr'><strong>et</strong></span> <span class='ocrx_word' id='word_1_646' title='bbox 2450 4167 2542 4239; x_wconf 89' lang='lat' dir='ltr'><strong>qui</strong></span> <span class='ocrx_word' id='word_1_647' title='bbox 2573 4163 2782 4222; x_wconf 83' lang='lat' dir='ltr'><strong>viderat</strong></span> <span class='ocrx_word' id='word_1_648' title='bbox 2811 4164 2952 4220; x_wconf 88' lang='lat' dir='ltr'><strong>circa</strong></span> <span class='ocrx_word' id='word_1_649' title='bbox 2980 4161 3234 4218; x_wconf 76' lang='lat' dir='ltr'><strong>fortiores</strong></span> <span class='ocrx_word' id='word_1_650' title='bbox 3272 4161 3433 4216; x_wconf 64' lang='lat' dir='ltr'><strong>aetate</strong></span> <span class='ocrx_word' id='word_1_651' title='bbox 3480 4155 3607 4211; x_wconf 85' lang='lat' dir='ltr'><strong>viros</strong></span> <span class='ocrx_word' id='word_1_652' title='bbox 3624 4161 3764 4224; x_wconf 83' lang='lat' dir='ltr'><strong>parum</strong></span> <span class='ocrx_word' id='word_1_653' title='bbox 3858 4223 3859 4228; x_wconf 15' lang='grc' dir='ltr'><strong>η</strong></span> 
     </span>
    </p>
   </div>
   <div class='ocr_carea' id='block_1_88' title="bbox 2231 4241 3859 4334">
    <p class='ocr_par' dir='ltr' id='par_1_88' title="bbox 2231 4241 3859 4334">
     <span class='ocr_line' id='line_1_88' title="bbox 2231 4241 3859 4334; baseline -0.014 -15"><span class='ocrx_word' id='word_1_654' title='bbox 2231 4259 2526 4334; x_wconf 86' lang='lat' dir='ltr'><strong>profecisse</strong></span> <span class='ocrx_word' id='word_1_655' title='bbox 2568 4257 2794 4315; x_wconf 85' lang='lat' dir='ltr'><strong>minacis</strong></span> <span class='ocrx_word' id='word_1_656' title='bbox 2833 4253 3238 4326; x_wconf 89' lang='lat' dir='ltr'><strong>inquisitionem</strong></span> <span class='ocrx_word' id='word_1_657' title='bbox 3285 4248 3560 4312; x_wconf 85' lang='lat' dir='ltr'><strong>sermonis,</strong></span> <span class='ocrx_word' id='word_1_658' title='bbox 3589 4241 3766 4318; x_wconf 80' lang='lat' dir='ltr'><strong>pueriles</strong></span> <span class='ocrx_word' id='word_1_659' title='bbox 3858 4245 3859 4260; x_wconf 74' lang='lat'><strong>‘</strong></span> 
     </span>
    </p>
   </div>
   <div class='ocr_carea' id='block_1_89' title="bbox 2233 4331 3767 4414">
    <p class='ocr_par' dir='ltr' id='par_1_89' title="bbox 2233 4331 3767 4414">
     <span class='ocr_line' id='line_1_89' title="bbox 2233 4331 3767 4414; baseline -0.018 1"><span class='ocrx_word' id='word_1_660' title='bbox 2233 4331 2444 4414; x_wconf 74' lang='lat' dir='ltr'><strong>animos</strong></span> <span class='ocrx_word' id='word_1_661' title='bbox 2457 4351 2736 4412; x_wconf 87' lang='lat' dir='ltr'><strong>iactandos</strong></span> <span class='ocrx_word' id='word_1_662' title='bbox 2755 4351 2965 4408; x_wconf 64' lang='lat' dir='ltr'><strong>blandae</strong></span> <span class='ocrx_word' id='word_1_663' title='bbox 2987 4345 3384 4406; x_wconf 84' lang='lat' dir='ltr'><strong>adhortationis</strong></span> <span class='ocrx_word' id='word_1_664' title='bbox 3405 4341 3638 4413; x_wconf 88' lang='lat' dir='ltr'><strong>alloquio,</strong></span> <span class='ocrx_word' id='word_1_665' title='bbox 3655 4331 3767 4392; x_wconf 84' lang='lat' dir='ltr'><strong>omni</strong></span> 
     </span>
    </p>
   </div>
   <div class='ocr_carea' id='block_1_90' title="bbox 2231 4426 3859 4520">
    <p class='ocr_par' dir='ltr' id='par_1_90' title="bbox 2231 4426 3859 4520">
     <span class='ocr_line' id='line_1_90' title="bbox 2231 4426 3859 4520; baseline -0.017 -13"><span class='ocrx_word' id='word_1_666' title='bbox 2231 4449 2463 4520; x_wconf 88' lang='lat' dir='ltr'><strong>denique</strong></span> <span class='ocrx_word' id='word_1_667' title='bbox 2489 4449 2576 4504; x_wconf 86' lang='lat' dir='ltr'><strong>via</strong></span> <span class='ocrx_word' id='word_1_668' title='bbox 2610 4445 2850 4502; x_wconf 71' lang='lat' dir='ltr'><strong>subdolze</strong></span> <span class='ocrx_word' id='word_1_669' title='bbox 2895 4441 3261 4516; x_wconf 84' lang='lat' dir='ltr'><strong>persuasionis</strong></span> <span class='ocrx_word' id='word_1_670' title='bbox 3309 4433 3615 4509; x_wconf 74' lang='lat' dir='ltr'><strong>aggreditur.</strong></span> <span class='ocrx_word' id='word_1_671' title='bbox 3654 4426 3766 4520; x_wconf 76' lang='lat' dir='ltr'><strong>linito</strong></span> <span class='ocrx_word' id='word_1_672' title='bbox 3858 4499 3859 4504; x_wconf 15' lang='grc' dir='ltr'><strong>η</strong></span> 
     </span>
    </p>
   </div>
   <div class='ocr_carea' id='block_1_91' title="bbox 2231 4519 3765 4611">
    <p class='ocr_par' dir='ltr' id='par_1_91' title="bbox 2231 4519 3765 4611">
     <span class='ocr_line' id='line_1_91' title="bbox 2231 4519 3765 4611; baseline -0.018 -9"><span class='ocrx_word' id='word_1_673' title='bbox 2231 4519 2432 4602; x_wconf 86' lang='lat' dir='ltr'><strong>divitiis</strong></span> <span class='ocrx_word' id='word_1_674' title='bbox 2452 4553 2507 4600; x_wconf 91' lang='lat' dir='ltr'><strong>et</strong></span> <span class='ocrx_word' id='word_1_675' title='bbox 2534 4541 2746 4599; x_wconf 90' lang='lat' dir='ltr'><strong>honore</strong></span> <span class='ocrx_word' id='word_1_676' title='bbox 2773 4540 2995 4611; x_wconf 86' lang='lat' dir='ltr'><strong>dignum</strong></span> <span class='ocrx_word' id='word_1_677' title='bbox 3019 4535 3243 4610; x_wconf 71' lang='lat' dir='ltr'><strong>iudicat,</strong></span> <span class='ocrx_word' id='word_1_678' title='bbox 3267 4533 3414 4591; x_wconf 87' lang='lat' dir='ltr'><strong>illam</strong></span> <span class='ocrx_word' id='word_1_679' title='bbox 3444 4529 3588 4588; x_wconf 86' lang='lat' dir='ltr'><strong>unius</strong></span> <span class='ocrx_word' id='word_1_680' title='bbox 3609 4519 3765 4580; x_wconf 83' lang='lat' dir='ltr'><strong>ﬁillab-</strong></span> 
     </span>
    </p>
   </div>
   <div class='ocr_carea' id='block_1_92' title="bbox 2232 4611 3763 4704">
    <p class='ocr_par' dir='ltr' id='par_1_92' title="bbox 2232 4611 3763 4704">
     <span class='ocr_line' id='line_1_92' title="bbox 2232 4611 3763 4704; baseline -0.014 -9"><span class='ocrx_word' id='word_1_681' title='bbox 2232 4638 2501 4695; x_wconf 89' lang='lat' dir='ltr'><strong>solutione</strong></span> <span class='ocrx_word' id='word_1_682' title='bbox 2537 4637 2767 4692; x_wconf 85' lang='lat' dir='ltr'><strong>aestimat</strong></span> <span class='ocrx_word' id='word_1_683' title='bbox 2807 4647 2926 4690; x_wconf 92' lang='lat' dir='ltr'><strong>esse</strong></span> <span class='ocrx_word' id='word_1_684' title='bbox 2965 4627 3312 4704; x_wconf 89' lang='lat' dir='ltr'><strong>palpandam.</strong></span> <span class='ocrx_word' id='word_1_685' title='bbox 3349 4623 3454 4683; x_wconf 82' lang='lat' dir='ltr'><strong>Sed</strong></span> <span class='ocrx_word' id='word_1_686' title='bbox 3481 4620 3665 4678; x_wconf 85' lang='lat' dir='ltr'><strong>animus</strong></span> <span class='ocrx_word' id='word_1_687' title='bbox 3683 4611 3763 4683; x_wconf 75' lang='lat' dir='ltr'><strong>iam</strong></span> 
     </span>
    </p>
   </div>
   <div class='ocr_carea' id='block_1_93' title="bbox 521 4712 3760 4816">
    <p class='ocr_par' dir='ltr' id='par_1_93' title="bbox 521 4712 3760 4816">
     <span class='ocr_line' id='line_1_93' title="bbox 521 4712 3760 4816; baseline -0.008 -13"><span class='ocrx_word' id='word_1_688' title='bbox 521 4745 821 4816; x_wconf 89' lang='lat' dir='ltr'><strong>iniquitatis</strong></span> <span class='ocrx_word' id='word_1_689' title='bbox 861 4757 1069 4801; x_wconf 89' lang='lat' dir='ltr'><strong>venena</strong></span> <span class='ocrx_word' id='word_1_690' title='bbox 1109 4741 1360 4814; x_wconf 77' lang='lat' dir='ltr'><strong>nequitia:</strong></span> <span class='ocrx_word' id='word_1_691' title='bbox 1387 4755 1498 4794; x_wconf 74' lang='lat' dir='ltr'><strong>sua:</strong></span> <span class='ocrx_word' id='word_1_692' title='bbox 1537 4738 1819 4796; x_wconf 90' lang='lat' dir='ltr'><strong>consuevit</strong></span> <span class='ocrx_word' id='word_1_693' title='bbox 1847 4754 2120 4795; x_wconf 85' lang='lat' dir='ltr'><strong>exercere.</strong></span> <span class='ocrx_word' id='word_1_694' title='bbox 2155 4739 2207 4800; x_wconf 89' lang='lat' dir='ltr'><strong>D</strong></span> <span class='ocrx_word' id='word_1_695' title='bbox 2230 4737 2377 4786; x_wconf 82' lang='lat' dir='ltr'><strong>totus</strong></span> <span class='ocrx_word' id='word_1_696' title='bbox 2396 4729 2633 4785; x_wconf 83' lang='lat' dir='ltr'><strong>directus</strong></span> <span class='ocrx_word' id='word_1_697' title='bbox 2662 4725 2727 4783; x_wconf 79' lang='lat' dir='ltr'><strong>ad</strong></span> <span class='ocrx_word' id='word_1_698' title='bbox 2757 4725 2952 4783; x_wconf 72' lang='lat' dir='ltr'><strong>omium</strong></span> <span class='ocrx_word' id='word_1_699' title='bbox 2983 4737 3093 4780; x_wconf 81' lang='lat' dir='ltr'><strong>non</strong></span> <span class='ocrx_word' id='word_1_700' title='bbox 3115 4721 3273 4778; x_wconf 79' lang='lat' dir='ltr'><strong>facile</strong></span> <span class='ocrx_word' id='word_1_701' title='bbox 3300 4717 3488 4790; x_wconf 73' lang='lat' dir='ltr'><strong>recipit</strong></span> <span class='ocrx_word' id='word_1_702' title='bbox 3513 4713 3574 4770; x_wconf 72' lang='lat' dir='ltr'><strong>de</strong></span> <span class='ocrx_word' id='word_1_703' title='bbox 3598 4712 3760 4816; x_wconf 43' lang='lat' dir='ltr'><strong>“ire?</strong></span> 
     </span>
    </p>
   </div>
   <div class='ocr_carea' id='block_1_94' title="bbox 521 4790 3759 4910">
    <p class='ocr_par' dir='ltr' id='par_1_94' title="bbox 521 4790 3759 4910">
     <span class='ocr_line' id='line_1_94' title="bbox 524 4790 2200 4816; baseline -0.005 -14"><span class='ocrx_word' id='word_1_704' title='bbox 524 4790 821 4816; x_wconf 70' lang='lat'><strong>.....,........-</strong></span> <span class='ocrx_word' id='word_1_705' title='bbox 872 4790 1069 4801; x_wconf 49' lang='grc' dir='ltr'><strong>ηυγ-.-</strong></span> <span class='ocrx_word' id='word_1_706' title='bbox 1389 4790 1495 4794; x_wconf 79' lang='lat'><strong>_---_</strong></span> <span class='ocrx_word' id='word_1_707' title='bbox 2157 4790 2200 4800; x_wconf 82' lang='lat'><strong>_,</strong></span> 
     </span>
     <span class='ocr_line' id='line_1_95' title="bbox 521 4790 3759 4910; baseline -0.007 -14"><span class='ocrx_word' id='word_1_708' title='bbox 521 4840 630 4897; x_wconf 91' lang='lat' dir='ltr'><strong>Sed</strong></span> <span class='ocrx_word' id='word_1_709' title='bbox 657 4839 902 4910; x_wconf 90' lang='lat' dir='ltr'><strong>quamvis</strong></span> <span class='ocrx_word' id='word_1_710' title='bbox 923 4838 1180 4893; x_wconf 88' lang='lat' dir='ltr'><strong>adversus</strong></span> <span class='ocrx_word' id='word_1_711' title='bbox 1195 4834 1414 4908; x_wconf 68' lang='lat' dir='ltr'><strong>iustitiae</strong></span> <span class='ocrx_word' id='word_1_712' title='bbox 1441 4833 1718 4889; x_wconf 87' lang='lat' dir='ltr'><strong>ministres</strong></span> <span class='ocrx_word' id='word_1_713' title='bbox 1739 4832 1921 4888; x_wconf 90' lang='lat' dir='ltr'><strong>multis</strong></span> <span class='ocrx_word' id='word_1_714' title='bbox 1941 4833 2128 4890; x_wconf 63' lang='lat' dir='ltr'><strong>saeviat</strong></span> <span class='ocrx_word' id='word_1_715' title='bbox 2225 4827 2381 4892; x_wconf 62' lang='lat' dir='ltr'><strong>Parte</strong></span> <span class='ocrx_word' id='word_1_716' title='bbox 2431 4819 2715 4876; x_wconf 68' lang='grc' dir='ltr'><strong>οοηείὶίυιη</strong></span> <span class='ocrx_word' id='word_1_717' title='bbox 2741 4833 2754 4871; x_wconf 71' lang='grc' dir='ltr'>ε</span> <span class='ocrx_word' id='word_1_718' title='bbox 2803 4813 3118 4874; x_wconf 69' lang='lat' dir='ltr'><strong>accenditur</strong></span> <span class='ocrx_word' id='word_1_719' title='bbox 3144 4811 3314 4875; x_wconf 65' lang='lat' dir='ltr'><strong>magis</strong></span> <span class='ocrx_word' id='word_1_720' title='bbox 3341 4807 3407 4858; x_wconf 66' lang='grc' dir='ltr'><strong>αδ</strong></span> <span class='ocrx_word' id='word_1_721' title='bbox 3447 4797 3637 4856; x_wconf 46' lang='lat' dir='ltr'><strong>multis</strong></span> <span class='ocrx_word' id='word_1_722' title='bbox 3673 4790 3759 4847; x_wconf 68' lang='lat' dir='ltr'><strong>cu&quot;</strong></span> 
     </span>
    </p>
   </div>
   <div class='ocr_carea' id='block_1_95' title="bbox 521 4895 3686 4998">
    <p class='ocr_par' dir='ltr' id='par_1_95' title="bbox 521 4895 3686 4998">
     <span class='ocr_line' id='line_1_96' title="bbox 521 4895 3686 4998; baseline -0.009 -8"><span class='ocrx_word' id='word_1_723' title='bbox 521 4895 734 4990; x_wconf 77' lang='lat' dir='ltr'><strong>hostilis</strong></span> <span class='ocrx_word' id='word_1_724' title='bbox 761 4931 840 4986; x_wconf 89' lang='lat' dir='ltr'><strong>ira</strong></span> <span class='ocrx_word' id='word_1_725' title='bbox 871 4895 1278 4994; x_wconf 50' lang='lat' dir='ltr'><strong>terroribus,&#39;ilt</strong></span> <span class='ocrx_word' id='word_1_726' title='bbox 1303 4927 1420 4983; x_wconf 90' lang='lat' dir='ltr'><strong>sine</strong></span> <span class='ocrx_word' id='word_1_727' title='bbox 1438 4926 1798 4998; x_wconf 88' lang='lat' dir='ltr'><strong>trepidatione</strong></span> <span class='ocrx_word' id='word_1_728' title='bbox 1817 4925 2118 4983; x_wconf 82' lang='lat' dir='ltr'><strong>conﬂictus.</strong></span> <span class='ocrx_word' id='word_1_729' title='bbox 2225 4923 2349 4964; x_wconf 74' lang='lat' dir='ltr'><strong>me&quot;</strong></span> <span class='ocrx_word' id='word_1_730' title='bbox 2374 4909 2651 4978; x_wconf 69' lang='grc' dir='ltr'><strong>ίυιτθΡίάω</strong></span> <span class='ocrx_word' id='word_1_731' title='bbox 2680 4909 2890 4959; x_wconf 62' lang='lat' dir='ltr'><strong>animus</strong></span> <span class='ocrx_word' id='word_1_732' title='bbox 2915 4899 3152 4957; x_wconf 65' lang='grc' dir='ltr'><strong>ίηῖδηῑίίθ</strong></span> <span class='ocrx_word' id='word_1_733' title='bbox 3182 4895 3498 4954; x_wconf 60' lang='lat' dir='ltr'><strong>adhortatth</strong></span> <span class='ocrx_word' id='word_1_734' title='bbox 3523 4897 3686 4948; x_wconf 65' lang='lat' dir='ltr'><strong>mam-</strong></span> 
     </span>
    </p>
   </div>
   <div class='ocr_carea' id='block_1_96' title="bbox 517 4980 3756 5095">
    <p class='ocr_par' dir='ltr' id='par_1_96' title="bbox 517 4980 3756 5095">
     <span class='ocr_line' id='line_1_97' title="bbox 517 4980 3756 5095; baseline -0.008 -15"><span class='ocrx_word' id='word_1_735' title='bbox 517 5023 579 5080; x_wconf 85' lang='lat' dir='ltr'><strong>ln</strong></span> <span class='ocrx_word' id='word_1_736' title='bbox 609 5039 716 5095; x_wconf 92' lang='lat' dir='ltr'><strong>quo</strong></span> <span class='ocrx_word' id='word_1_737' title='bbox 737 5021 858 5079; x_wconf 91' lang='lat' dir='ltr'><strong>loco</strong></span> <span class='ocrx_word' id='word_1_738' title='bbox 889 5020 1079 5077; x_wconf 85' lang='lat' dir='ltr'><strong>artifex</strong></span> <span class='ocrx_word' id='word_1_739' title='bbox 1107 5019 1372 5077; x_wconf 89' lang='lat' dir='ltr'><strong>scelerum</strong></span> <span class='ocrx_word' id='word_1_740' title='bbox 1395 5025 1449 5074; x_wconf 89' lang='lat' dir='ltr'><strong>et</strong></span> <span class='ocrx_word' id='word_1_741' title='bbox 1479 4980 1728 5074; x_wconf 62' lang='lat' dir='ltr'><strong>inimicus</strong></span> <span class='ocrx_word' id='word_1_742' title='bbox 1747 5007 2014 5073; x_wconf 77' lang='lat' dir='ltr'><strong>bonorum</strong></span> <span class='ocrx_word' id='word_1_743' title='bbox 2045 5018 2124 5073; x_wconf 89' lang='lat' dir='ltr'><strong>al-</strong></span> <span class='ocrx_word' id='word_1_744' title='bbox 2298 4997 2350 5054; x_wconf 81' lang='lat'><strong>5-</strong></span> <span class='ocrx_word' id='word_1_745' title='bbox 2381 4997 2427 5054; x_wconf 80' lang='grc' dir='ltr'>ο</span> <span class='ocrx_word' id='word_1_746' title='bbox 2455 5011 2654 5055; x_wconf 64' lang='lat' dir='ltr'><strong>novum</strong></span> <span class='ocrx_word' id='word_1_747' title='bbox 2695 5003 2750 5052; x_wconf 71' lang='grc' dir='ltr'>ει</span> <span class='ocrx_word' id='word_1_748' title='bbox 2795 4993 3040 5050; x_wconf 57' lang='lat' dir='ltr'><strong>mirabile</strong></span> <span class='ocrx_word' id='word_1_749' title='bbox 3076 4991 3294 5046; x_wconf 62' lang='grc' dir='ltr'><strong>Υίτῑυιῖί</strong></span> <span class='ocrx_word' id='word_1_750' title='bbox 3338 4980 3654 5057; x_wconf 53' lang='lat' dir='ltr'><strong>exemplum!</strong></span> <span class='ocrx_word' id='word_1_751' title='bbox 3689 4992 3756 5032; x_wconf 64' lang='grc' dir='ltr'><strong>οῖ’</strong></span> 
     </span>
    </p>
   </div>
   <div class='ocr_carea' id='block_1_97' title="bbox 520 5076 3756 5186">
    <p class='ocr_par' dir='ltr' id='par_1_97' title="bbox 520 5076 3756 5186">
     <span class='ocr_line' id='line_1_98' title="bbox 520 5076 3756 5186; baseline -0.011 -13"><span class='ocrx_word' id='word_1_752' title='bbox 520 5076 648 5173; x_wconf 73' lang='lat' dir='ltr'><strong>tiori</strong></span> <span class='ocrx_word' id='word_1_753' title='bbox 677 5113 986 5186; x_wconf 84' lang='lat' dir='ltr'><strong>interpellat</strong></span> <span class='ocrx_word' id='word_1_754' title='bbox 1009 5111 1174 5170; x_wconf 88' lang='lat' dir='ltr'><strong>corda</strong></span> <span class='ocrx_word' id='word_1_755' title='bbox 1202 5109 1448 5167; x_wconf 92' lang='lat' dir='ltr'><strong>consilio.</strong></span> <span class='ocrx_word' id='word_1_756' title='bbox 1482 5108 1697 5165; x_wconf 83' lang='lat' dir='ltr'><strong>Molitur</strong></span> <span class='ocrx_word' id='word_1_757' title='bbox 1739 5109 1901 5179; x_wconf 91' lang='lat' dir='ltr'><strong>igitur</strong></span> <span class='ocrx_word' id='word_1_758' title='bbox 1930 5108 2123 5165; x_wconf 86' lang='lat' dir='ltr'><strong>adver-</strong></span> <span class='ocrx_word' id='word_1_759' title='bbox 2223 5093 2392 5150; x_wconf 77' lang='lat' dir='ltr'><strong>bitate</strong></span> <span class='ocrx_word' id='word_1_760' title='bbox 2420 5109 2517 5148; x_wconf 79' lang='lat' dir='ltr'><strong>sua</strong></span> <span class='ocrx_word' id='word_1_761' title='bbox 2561 5099 2738 5147; x_wconf 79' lang='lat' dir='ltr'><strong>mater</strong></span> <span class='ocrx_word' id='word_1_762' title='bbox 2776 5089 3011 5145; x_wconf 76' lang='lat' dir='ltr'><strong>exsultat</strong></span> <span class='ocrx_word' id='word_1_763' title='bbox 3041 5105 3054 5140; x_wconf 82' lang='lat'><strong>=</strong></span> <span class='ocrx_word' id='word_1_764' title='bbox 3087 5093 3144 5143; x_wconf 83' lang='lat' dir='ltr'><strong>et</strong></span> <span class='ocrx_word' id='word_1_765' title='bbox 3179 5083 3321 5140; x_wconf 77' lang='lat' dir='ltr'><strong>unde</strong></span> <span class='ocrx_word' id='word_1_766' title='bbox 3347 5083 3515 5155; x_wconf 65' lang='lat' dir='ltr'><strong>picta!</strong></span> <span class='ocrx_word' id='word_1_767' title='bbox 3555 5076 3756 5133; x_wconf 74' lang='lat' dir='ltr'><strong>dlmmlm</strong></span> 
     </span>
    </p>
   </div>
   <div class='ocr_carea' id='block_1_98' title="bbox 518 5171 2120 5277">
    <p class='ocr_par' dir='ltr' id='par_1_98' title="bbox 518 5171 2118 5277">
     <span class='ocr_line' id='line_1_99' title="bbox 518 5171 2118 5277; baseline -0.006 -12"><span class='ocrx_word' id='word_1_768' title='bbox 518 5223 613 5265; x_wconf 89' lang='lat' dir='ltr'><strong>sus</strong></span> <span class='ocrx_word' id='word_1_769' title='bbox 655 5205 894 5277; x_wconf 90' lang='lat' dir='ltr'><strong>singulos</strong></span> <span class='ocrx_word' id='word_1_770' title='bbox 945 5203 1237 5276; x_wconf 84' lang='lat' dir='ltr'><strong>impietatis</strong></span> <span class='ocrx_word' id='word_1_771' title='bbox 1273 5218 1382 5258; x_wconf 75' lang='lat' dir='ltr'><strong>sua:</strong></span> <span class='ocrx_word' id='word_1_772' title='bbox 1430 5199 1556 5267; x_wconf 89' lang='lat' dir='ltr'><strong>tela,</strong></span> <span class='ocrx_word' id='word_1_773' title='bbox 1583 5209 1638 5256; x_wconf 90' lang='lat' dir='ltr'><strong>et</strong></span> <span class='ocrx_word' id='word_1_774' title='bbox 1666 5171 2118 5272; x_wconf 76' lang='lat' dir='ltr'><strong>peenaiiquodam</strong></span> 
     </span>
    </p>
   </div>
   <div class='ocr_carea' id='block_1_99' title="bbox 2220 5171 3756 5277">
    <p class='ocr_par' dir='ltr' id='par_1_99' title="bbox 2224 5171 3756 5258">
     <span class='ocr_line' id='line_1_100' title="bbox 2224 5171 3756 5258; baseline -0.017 -16"><span class='ocrx_word' id='word_1_775' title='bbox 2224 5186 2445 5258; x_wconf 89' lang='lat' dir='ltr'><strong>patitur,</strong></span> <span class='ocrx_word' id='word_1_776' title='bbox 2473 5183 2682 5242; x_wconf 90' lang='lat' dir='ltr'><strong>lucrum</strong></span> <span class='ocrx_word' id='word_1_777' title='bbox 2709 5187 2971 5253; x_wconf 86' lang='lat' dir='ltr'><strong>reportat.</strong></span> <span class='ocrx_word' id='word_1_778' title='bbox 3005 5177 3290 5234; x_wconf 64' lang='lat' dir='ltr'><strong>Praemisso</strong></span> <span class='ocrx_word' id='word_1_779' title='bbox 3328 5175 3488 5230; x_wconf 88' lang='lat' dir='ltr'><strong>etiam</strong></span> <span class='ocrx_word' id='word_1_780' title='bbox 3521 5171 3615 5226; x_wconf 84' lang='lat' dir='ltr'><strong>hoc</strong></span> <span class='ocrx_word' id='word_1_781' title='bbox 3635 5175 3756 5236; x_wconf 89' lang='lat' dir='ltr'><strong>quem</strong></span> 
     </span>
    </p>
   </div>
   <div class='ocr_carea' id='block_1_100' title="bbox 521 5293 2117 5370">
    <p class='ocr_par' dir='ltr' id='par_1_100' title="bbox 521 5293 2117 5370">
     <span class='ocr_line' id='line_1_101' title="bbox 521 5293 2117 5370; baseline -0.004 -13"><span class='ocrx_word' id='word_1_782' title='bbox 521 5309 862 5370; x_wconf 85' lang='lat' dir='ltr'><strong>argumento,</strong></span> <span class='ocrx_word' id='word_1_783' title='bbox 889 5307 948 5356; x_wconf 93' lang='lat' dir='ltr'><strong>ut</strong></span> <span class='ocrx_word' id='word_1_784' title='bbox 975 5313 1095 5356; x_wconf 91' lang='lat' dir='ltr'><strong>mos</strong></span> <span class='ocrx_word' id='word_1_785' title='bbox 1115 5306 1217 5364; x_wconf 89' lang='lat' dir='ltr'><strong>est,</strong></span> <span class='ocrx_word' id='word_1_786' title='bbox 1247 5305 1522 5354; x_wconf 86' lang='lat' dir='ltr'><strong>certamen</strong></span> <span class='ocrx_word' id='word_1_787' title='bbox 1565 5294 1834 5365; x_wconf 86' lang='lat' dir='ltr'><strong>singulare</strong></span> <span class='ocrx_word' id='word_1_788' title='bbox 1862 5293 2117 5366; x_wconf 77' lang='lat' dir='ltr'><strong>dispertit,</strong></span> 
     </span>
    </p>
   </div>
   <div class='ocr_carea' id='block_1_101' title="bbox 520 5385 2124 5459">
    <p class='ocr_par' dir='ltr' id='par_1_101' title="bbox 520 5385 2124 5459">
     <span class='ocr_line' id='line_1_102' title="bbox 520 5385 2124 5459; baseline -0.004 -11"><span class='ocrx_word' id='word_1_789' title='bbox 520 5393 648 5449; x_wconf 90' lang='lat' dir='ltr'><strong>dum</strong></span> <span class='ocrx_word' id='word_1_790' title='bbox 679 5392 850 5449; x_wconf 88' lang='lat' dir='ltr'><strong>credit</strong></span> <span class='ocrx_word' id='word_1_791' title='bbox 877 5393 932 5448; x_wconf 90' lang='lat' dir='ltr'><strong>in</strong></span> <span class='ocrx_word' id='word_1_792' title='bbox 959 5389 1198 5448; x_wconf 88' lang='lat' dir='ltr'><strong>adversis</strong></span> <span class='ocrx_word' id='word_1_793' title='bbox 1225 5387 1446 5446; x_wconf 87' lang='lat' dir='ltr'><strong>divisam</strong></span> <span class='ocrx_word' id='word_1_794' title='bbox 1477 5403 1575 5459; x_wconf 88' lang='lat' dir='ltr'><strong>per</strong></span> <span class='ocrx_word' id='word_1_795' title='bbox 1603 5396 1786 5458; x_wconf 87' lang='lat' dir='ltr'><strong>partes</strong></span> <span class='ocrx_word' id='word_1_796' title='bbox 1815 5385 2124 5442; x_wconf 87' lang='lat' dir='ltr'><strong>fraternita-</strong></span> 
     </span>
    </p>
   </div>
   <div class='ocr_carea' id='block_1_102' title="bbox 522 5476 2124 5556">
    <p class='ocr_par' dir='ltr' id='par_1_102' title="bbox 522 5476 2124 5556">
     <span class='ocr_line' id='line_1_103' title="bbox 522 5476 2124 5556; baseline -0.004 -16"><span class='ocrx_word' id='word_1_797' title='bbox 522 5491 634 5540; x_wconf 89' lang='lat' dir='ltr'><strong>tem</strong></span> <span class='ocrx_word' id='word_1_798' title='bbox 690 5484 846 5540; x_wconf 87' lang='lat' dir='ltr'><strong>facile</strong></span> <span class='ocrx_word' id='word_1_799' title='bbox 886 5498 1045 5556; x_wconf 84' lang='lat' dir='ltr'><strong>posse</strong></span> <span class='ocrx_word' id='word_1_800' title='bbox 1085 5479 1308 5547; x_wconf 88' lang='lat' dir='ltr'><strong>turbari,</strong></span> <span class='ocrx_word' id='word_1_801' title='bbox 1356 5495 1455 5534; x_wconf 89' lang='lat' dir='ltr'><strong>nec</strong></span> <span class='ocrx_word' id='word_1_802' title='bbox 1492 5477 1709 5534; x_wconf 84' lang='lat' dir='ltr'><strong>difﬁcile</strong></span> <span class='ocrx_word' id='word_1_803' title='bbox 1746 5476 1907 5544; x_wconf 88' lang='lat' dir='ltr'><strong>vinci,</strong></span> <span class='ocrx_word' id='word_1_804' title='bbox 1939 5477 1986 5533; x_wconf 92' lang='lat' dir='ltr'><strong>si</strong></span> <span class='ocrx_word' id='word_1_805' title='bbox 2014 5479 2124 5534; x_wconf 88' lang='lat' dir='ltr'><strong>sin-</strong></span> 
     </span>
    </p>
   </div>
   <div class='ocr_carea' id='block_1_103' title="bbox 519 5567 1834 5646">
    <p class='ocr_par' dir='ltr' id='par_1_103' title="bbox 519 5567 1834 5646">
     <span class='ocr_line' id='line_1_104' title="bbox 519 5567 1834 5646; baseline -0.008 -14"><span class='ocrx_word' id='word_1_806' title='bbox 519 5575 677 5645; x_wconf 81' lang='lat' dir='ltr'><strong>gulos</strong></span> <span class='ocrx_word' id='word_1_807' title='bbox 705 5575 756 5631; x_wconf 88' lang='lat' dir='ltr'><strong>in</strong></span> <span class='ocrx_word' id='word_1_808' title='bbox 785 5575 1084 5646; x_wconf 77' lang='lat' dir='ltr'><strong>qumstione</strong></span> <span class='ocrx_word' id='word_1_809' title='bbox 1113 5571 1319 5644; x_wconf 86' lang='lat' dir='ltr'><strong>positos</strong></span> <span class='ocrx_word' id='word_1_810' title='bbox 1339 5585 1498 5640; x_wconf 80' lang='lat' dir='ltr'><strong>poma</strong></span> <span class='ocrx_word' id='word_1_811' title='bbox 1520 5567 1834 5625; x_wconf 87' lang='lat' dir='ltr'><strong>confecerit.</strong></span> 
     </span>
    </p>
   </div>
   <div class='ocr_carea' id='block_1_104' title="bbox 527 5655 2128 5734">
    <p class='ocr_par' dir='ltr' id='par_1_104' title="bbox 527 5655 2128 5734">
     <span class='ocr_line' id='line_1_105' title="bbox 527 5655 2128 5734; baseline -0.006 -9"><span class='ocrx_word' id='word_1_812' title='bbox 527 5709 536 5716; x_wconf 83' lang='grc'><strong><em>.</em></strong></span> <span class='ocrx_word' id='word_1_813' title='bbox 595 5669 649 5725; x_wconf 78' lang='grc'><strong>5.</strong></span> <span class='ocrx_word' id='word_1_814' title='bbox 691 5667 1012 5724; x_wconf 85' lang='lat' dir='ltr'><strong>Producitur</strong></span> <span class='ocrx_word' id='word_1_815' title='bbox 1041 5666 1222 5734; x_wconf 88' lang='lat' dir='ltr'><strong>itaque</strong></span> <span class='ocrx_word' id='word_1_816' title='bbox 1249 5662 1423 5733; x_wconf 89' lang='lat' dir='ltr'><strong>primo</strong></span> <span class='ocrx_word' id='word_1_817' title='bbox 1451 5662 1572 5716; x_wconf 90' lang='lat' dir='ltr'><strong>loco</strong></span> <span class='ocrx_word' id='word_1_818' title='bbox 1603 5666 1730 5715; x_wconf 89' lang='lat' dir='ltr'><strong>natu</strong></span> <span class='ocrx_word' id='word_1_819' title='bbox 1759 5655 1985 5730; x_wconf 87' lang='lat' dir='ltr'><strong>primus,</strong></span> <span class='ocrx_word' id='word_1_820' title='bbox 2021 5659 2128 5716; x_wconf 86' lang='lat' dir='ltr'><strong>cir-</strong></span> 
     </span>
    </p>
   </div>
   <div class='ocr_carea' id='block_1_105' title="bbox 2229 5255 3758 5342">
    <p class='ocr_par' dir='ltr' id='par_1_105' title="bbox 2229 5255 3758 5342">
     <span class='ocr_line' id='line_1_106' title="bbox 2229 5255 3758 5342; baseline -0.016 -7"><span class='ocrx_word' id='word_1_821' title='bbox 2229 5255 2510 5335; x_wconf 82' lang='lat' dir='ltr'><strong>delicatius</strong></span> <span class='ocrx_word' id='word_1_822' title='bbox 2550 5275 2766 5331; x_wconf 89' lang='lat' dir='ltr'><strong>amabat</strong></span> <span class='ocrx_word' id='word_1_823' title='bbox 2811 5272 2941 5340; x_wconf 88' lang='lat' dir='ltr'><strong>ﬁlio,</strong></span> <span class='ocrx_word' id='word_1_824' title='bbox 2986 5271 3101 5342; x_wconf 87' lang='lat' dir='ltr'><strong>ipsa</strong></span> <span class='ocrx_word' id='word_1_825' title='bbox 3141 5279 3359 5340; x_wconf 88' lang='lat' dir='ltr'><strong>quoque</strong></span> <span class='ocrx_word' id='word_1_826' title='bbox 3393 5265 3526 5320; x_wconf 78' lang='lat' dir='ltr'><strong>viain</strong></span> <span class='ocrx_word' id='word_1_827' title='bbox 3561 5255 3758 5331; x_wconf 63' lang='lat' dir='ltr'><strong>gloriosas</strong></span> 
     </span>
    </p>
   </div>
   <div class='ocr_carea' id='block_1_106' title="bbox 2231 5359 3757 5439">
    <p class='ocr_par' dir='ltr' id='par_1_106' title="bbox 2231 5359 3757 5439">
     <span class='ocr_line' id='line_1_107' title="bbox 2231 5359 3757 5439; baseline -0.016 -13"><span class='ocrx_word' id='word_1_828' title='bbox 2231 5370 2421 5426; x_wconf 90' lang='lat' dir='ltr'><strong>mortis</strong></span> <span class='ocrx_word' id='word_1_829' title='bbox 2449 5367 2746 5439; x_wconf 90' lang='lat' dir='ltr'><strong>ingreditur</strong></span> <span class='ocrx_word' id='word_1_830' title='bbox 2777 5383 2790 5420; x_wconf 90' lang='lat'><strong>:</strong></span> <span class='ocrx_word' id='word_1_831' title='bbox 2825 5379 2928 5421; x_wconf 88' lang='lat' dir='ltr'><strong>nec</strong></span> <span class='ocrx_word' id='word_1_832' title='bbox 2954 5364 3112 5432; x_wconf 88' lang='lat' dir='ltr'><strong>longe</strong></span> <span class='ocrx_word' id='word_1_833' title='bbox 3151 5359 3444 5417; x_wconf 87' lang='lat' dir='ltr'><strong>innumeris</strong></span> <span class='ocrx_word' id='word_1_834' title='bbox 3465 5361 3636 5412; x_wconf 72' lang='lat' dir='ltr'><strong>vexata</strong></span> <span class='ocrx_word' id='word_1_835' title='bbox 3660 5360 3757 5416; x_wconf 86' lang='lat' dir='ltr'><strong>sup-</strong></span> 
     </span>
    </p>
   </div>
   <div class='ocr_carea' id='block_1_107' title="bbox 2230 5439 3759 5538">
    <p class='ocr_par' dir='ltr' id='par_1_107' title="bbox 2230 5439 3759 5538">
     <span class='ocr_line' id='line_1_108' title="bbox 2230 5439 3759 5538; baseline -0.02 -17"><span class='ocrx_word' id='word_1_836' title='bbox 2230 5463 2424 5538; x_wconf 87' lang='lat' dir='ltr'><strong>pliciis,</strong></span> <span class='ocrx_word' id='word_1_837' title='bbox 2472 5477 2595 5520; x_wconf 89' lang='lat' dir='ltr'><strong>cum</strong></span> <span class='ocrx_word' id='word_1_838' title='bbox 2639 5459 2916 5531; x_wconf 90' lang='lat' dir='ltr'><strong>triumpho</strong></span> <span class='ocrx_word' id='word_1_839' title='bbox 2949 5461 3234 5531; x_wconf 88' lang='lat' dir='ltr'><strong>persecuta</strong></span> <span class='ocrx_word' id='word_1_840' title='bbox 3274 5454 3428 5520; x_wconf 86' lang='lat' dir='ltr'><strong>ﬁlios,</strong></span> <span class='ocrx_word' id='word_1_841' title='bbox 3471 5449 3532 5506; x_wconf 91' lang='lat' dir='ltr'><strong>ad</strong></span> <span class='ocrx_word' id='word_1_842' title='bbox 3567 5439 3759 5504; x_wconf 71' lang='lat' dir='ltr'><strong>cmlestia</strong></span> 
     </span>
    </p>
   </div>
   <div class='ocr_carea' id='block_1_108' title="bbox 2233 5533 3757 5626">
    <p class='ocr_par' dir='ltr' id='par_1_108' title="bbox 2233 5533 3757 5626">
     <span class='ocr_line' id='line_1_109' title="bbox 2233 5533 3757 5626; baseline -0.02 -10"><span class='ocrx_word' id='word_1_843' title='bbox 2233 5533 2288 5616; x_wconf 75' lang='lat' dir='ltr'><strong>et</strong></span> <span class='ocrx_word' id='word_1_844' title='bbox 2327 5567 2528 5616; x_wconf 58' lang='lat' dir='ltr'><strong>aeterna</strong></span> <span class='ocrx_word' id='word_1_845' title='bbox 2555 5561 2866 5626; x_wconf 88' lang='lat' dir='ltr'><strong>contempta</strong></span> <span class='ocrx_word' id='word_1_846' title='bbox 2906 5555 3009 5610; x_wconf 88' lang='lat' dir='ltr'><strong>hac</strong></span> <span class='ocrx_word' id='word_1_847' title='bbox 3055 5549 3340 5623; x_wconf 89' lang='lat' dir='ltr'><strong>temporali</strong></span> <span class='ocrx_word' id='word_1_848' title='bbox 3374 5547 3487 5604; x_wconf 86' lang='lat' dir='ltr'><strong>luce</strong></span> <span class='ocrx_word' id='word_1_849' title='bbox 3527 5533 3757 5616; x_wconf 82' lang='lat' dir='ltr'><strong>proripuit.</strong></span> 
     </span>
    </p>
   </div>
   <div class='ocr_carea' id='block_1_109' title="bbox 2231 5629 3762 5720">
    <p class='ocr_par' dir='ltr' id='par_1_109' title="bbox 2231 5629 3762 5720">
     <span class='ocr_line' id='line_1_110' title="bbox 2231 5629 3762 5720; baseline -0.014 -11"><span class='ocrx_word' id='word_1_850' title='bbox 2231 5651 2333 5708; x_wconf 88' lang='lat' dir='ltr'><strong>Cui</strong></span> <span class='ocrx_word' id='word_1_851' title='bbox 2372 5665 2522 5720; x_wconf 86' lang='lat' dir='ltr'><strong>ergo,</strong></span> <span class='ocrx_word' id='word_1_852' title='bbox 2567 5646 2920 5714; x_wconf 87' lang='lat' dir='ltr'><strong>dilectissimi,</strong></span> <span class='ocrx_word' id='word_1_853' title='bbox 2953 5659 3097 5703; x_wconf 71' lang='lat' dir='ltr'><strong>curae</strong></span> <span class='ocrx_word' id='word_1_854' title='bbox 3133 5649 3260 5701; x_wconf 89' lang='lat' dir='ltr'><strong>sunt</strong></span> <span class='ocrx_word' id='word_1_855' title='bbox 3281 5639 3478 5698; x_wconf 86' lang='lat' dir='ltr'><strong>ventris</strong></span> <span class='ocrx_word' id='word_1_856' title='bbox 3513 5635 3586 5692; x_wconf 86' lang='lat' dir='ltr'><strong>sui</strong></span> <span class='ocrx_word' id='word_1_857' title='bbox 3612 5629 3762 5704; x_wconf 76' lang='lat' dir='ltr'><strong>pigno-</strong></span> 
     </span>
    </p>
   </div>
   <div class='ocr_carea' id='block_1_110' title="bbox 507 5730 3762 5822">
    <p class='ocr_par' dir='ltr' id='par_1_110' title="bbox 507 5730 3762 5822">
     <span class='ocr_line' id='line_1_111' title="bbox 507 5730 3762 5822; baseline -0.009 -6"><span class='ocrx_word' id='word_1_858' title='bbox 507 5759 915 5817; x_wconf 78' lang='lat' dir='ltr'><strong>&#39;cumstantibus</strong></span> <span class='ocrx_word' id='word_1_859' title='bbox 945 5773 1008 5812; x_wconf 86' lang='lat' dir='ltr'><strong>ac</strong></span> <span class='ocrx_word' id='word_1_860' title='bbox 1037 5730 1388 5810; x_wconf 77' lang='lat' dir='ltr'><strong>frementibus</strong></span> <span class='ocrx_word' id='word_1_861' title='bbox 1419 5751 1654 5822; x_wconf 89' lang='lat' dir='ltr'><strong>undique</strong></span> <span class='ocrx_word' id='word_1_862' title='bbox 1683 5767 1806 5808; x_wconf 90' lang='lat' dir='ltr'><strong>cum</strong></span> <span class='ocrx_word' id='word_1_863' title='bbox 1833 5757 1951 5808; x_wconf 90' lang='lat' dir='ltr'><strong>toto</strong></span> <span class='ocrx_word' id='word_1_864' title='bbox 1980 5765 2128 5808; x_wconf 91' lang='lat' dir='ltr'><strong>mor-</strong></span> <span class='ocrx_word' id='word_1_865' title='bbox 2207 5755 2315 5812; x_wconf 71' lang='lat' dir='ltr'><strong>‘ra,</strong></span> <span class='ocrx_word' id='word_1_866' title='bbox 2357 5743 2516 5814; x_wconf 74' lang='lat' dir='ltr'><strong>huius</strong></span> <span class='ocrx_word' id='word_1_867' title='bbox 2551 5742 2740 5798; x_wconf 88' lang='lat' dir='ltr'><strong>matris</strong></span> <span class='ocrx_word' id='word_1_868' title='bbox 2781 5741 3023 5796; x_wconf 83' lang='lat' dir='ltr'><strong>imitetur</strong></span> <span class='ocrx_word' id='word_1_869' title='bbox 3059 5736 3326 5808; x_wconf 76' lang='lat' dir='ltr'><strong>exempla,</strong></span> <span class='ocrx_word' id='word_1_870' title='bbox 3367 5739 3472 5788; x_wconf 84' lang='lat' dir='ltr'><strong>tam</strong></span> <span class='ocrx_word' id='word_1_871' title='bbox 3511 5730 3762 5784; x_wconf 47' lang='lat' dir='ltr'><strong>summa</strong></span> 
     </span>
    </p>
   </div>
   <div class='ocr_carea' id='block_1_111' title="bbox 525 5813 3769 5916">
    <p class='ocr_par' dir='ltr' id='par_1_111' title="bbox 525 5813 3769 5916">
     <span class='ocr_line' id='line_1_112' title="bbox 525 5813 3769 5916; baseline -0.009 -14"><span class='ocrx_word' id='word_1_872' title='bbox 525 5847 599 5902; x_wconf 88' lang='lat' dir='ltr'><strong>tis</strong></span> <span class='ocrx_word' id='word_1_873' title='bbox 619 5855 878 5916; x_wconf 80' lang='lat' dir='ltr'><strong>apparatu</strong></span> <span class='ocrx_word' id='word_1_874' title='bbox 904 5845 1192 5914; x_wconf 86' lang='lat' dir='ltr'><strong>impietatis</strong></span> <span class='ocrx_word' id='word_1_875' title='bbox 1214 5842 1424 5907; x_wconf 91' lang='lat' dir='ltr'><strong>oiliciis,</strong></span> <span class='ocrx_word' id='word_1_876' title='bbox 1452 5813 1758 5897; x_wconf 45' lang='lat' dir='ltr'><strong>non-otiose</strong></span> <span class='ocrx_word' id='word_1_877' title='bbox 1781 5851 2128 5912; x_wconf 79' lang='lat' dir='ltr'><strong>persecutore</strong></span> <span class='ocrx_word' id='word_1_878' title='bbox 2234 5845 2345 5892; x_wconf 88' lang='lat' dir='ltr'><strong>tam</strong></span> <span class='ocrx_word' id='word_1_879' title='bbox 2375 5813 2570 5891; x_wconf 65' lang='lat' dir='ltr'><strong>fortia.</strong></span> <span class='ocrx_word' id='word_1_880' title='bbox 2596 5835 2654 5890; x_wconf 92' lang='lat' dir='ltr'><strong>in</strong></span> <span class='ocrx_word' id='word_1_881' title='bbox 2698 5849 2860 5905; x_wconf 88' lang='lat' dir='ltr'><strong>quam</strong></span> <span class='ocrx_word' id='word_1_882' title='bbox 2907 5833 2954 5888; x_wconf 91' lang='lat' dir='ltr'><strong>si</strong></span> <span class='ocrx_word' id='word_1_883' title='bbox 2981 5831 3103 5902; x_wconf 89' lang='lat' dir='ltr'><strong>quis</strong></span> <span class='ocrx_word' id='word_1_884' title='bbox 3151 5826 3395 5886; x_wconf 84' lang='lat' dir='ltr'><strong>vincendi</strong></span> <span class='ocrx_word' id='word_1_885' title='bbox 3433 5820 3597 5879; x_wconf 85' lang='lat' dir='ltr'><strong>studio</strong></span> <span class='ocrx_word' id='word_1_886' title='bbox 3621 5813 3769 5862; x_wconf 51' lang='grc' dir='ltr'><strong>ἴτην</strong></span> 
     </span>
    </p>
   </div>
   <div class='ocr_carea' id='block_1_112' title="bbox 527 5893 3859 6007">
    <p class='ocr_par' dir='ltr' id='par_1_112' title="bbox 527 5893 3859 6007">
     <span class='ocr_line' id='line_1_113' title="bbox 530 5893 3016 5916; baseline -0.003 -6"><span class='ocrx_word' id='word_1_887' title='bbox 530 5893 598 5902; x_wconf 83' lang='grc'><strong>---</strong></span> <span class='ocrx_word' id='word_1_888' title='bbox 619 5893 878 5916; x_wconf 68' lang='grc' dir='ltr'><strong><em>--η---ηη</em></strong></span> <span class='ocrx_word' id='word_1_889' title='bbox 906 5893 1190 5914; x_wconf 44' lang='grc' dir='ltr'><strong>μην-πτη-</strong></span> <span class='ocrx_word' id='word_1_890' title='bbox 1782 5893 1890 5912; x_wconf 45' lang='lat' dir='ltr'><strong>rw</strong></span> <span class='ocrx_word' id='word_1_891' title='bbox 1917 5893 2084 5896; x_wconf 55' lang='grc' dir='ltr'><strong>--η-</strong></span> <span class='ocrx_word' id='word_1_892' title='bbox 2105 5893 2122 5896; x_wconf 88' lang='grc'><strong><em>-</em></strong></span> <span class='ocrx_word' id='word_1_893' title='bbox 2717 5893 2731 5905; x_wconf 97' lang='grc'>.</span> <span class='ocrx_word' id='word_1_894' title='bbox 3001 5893 3016 5902; x_wconf 94' lang='grc'><em>,</em></span> 
     </span>
     <span class='ocr_line' id='line_1_114' title="bbox 527 5893 3859 6007; baseline -0.013 -11"><span class='ocrx_word' id='word_1_895' title='bbox 527 5947 816 6001; x_wconf 84' lang='lat' dir='ltr'><strong>tractante,</strong></span> <span class='ocrx_word' id='word_1_896' title='bbox 853 5938 944 6006; x_wconf 86' lang='lat' dir='ltr'><strong>qui</strong></span> <span class='ocrx_word' id='word_1_897' title='bbox 972 5945 1201 6007; x_wconf 87' lang='lat' dir='ltr'><strong>putaret,</strong></span> <span class='ocrx_word' id='word_1_898' title='bbox 1241 5935 1452 5990; x_wconf 87' lang='lat' dir='ltr'><strong>sublato</strong></span> <span class='ocrx_word' id='word_1_899' title='bbox 1487 5935 1778 6003; x_wconf 83' lang='lat' dir='ltr'><strong>conjuratae</strong></span> <span class='ocrx_word' id='word_1_900' title='bbox 1799 5935 2012 5990; x_wconf 85' lang='lat' dir='ltr'><strong>virtutis</strong></span> <span class='ocrx_word' id='word_1_901' title='bbox 2036 5950 2127 5990; x_wconf 83' lang='lat' dir='ltr'><strong>ca-</strong></span> <span class='ocrx_word' id='word_1_902' title='bbox 2235 5931 2392 5997; x_wconf 86' lang='lat' dir='ltr'><strong>derit,</strong></span> <span class='ocrx_word' id='word_1_903' title='bbox 2429 5947 2534 5985; x_wconf 93' lang='lat' dir='ltr'><strong>non</strong></span> <span class='ocrx_word' id='word_1_904' title='bbox 2586 5927 2747 5982; x_wconf 60' lang='lat' dir='ltr'><strong>dubie</strong></span> <span class='ocrx_word' id='word_1_905' title='bbox 2797 5924 3107 5994; x_wconf 86' lang='lat' dir='ltr'><strong>multiplicis</strong></span> <span class='ocrx_word' id='word_1_906' title='bbox 3157 5921 3340 5993; x_wconf 60' lang='lat' dir='ltr'><strong>glorias</strong></span> <span class='ocrx_word' id='word_1_907' title='bbox 3381 5918 3575 5969; x_wconf 74' lang='lat' dir='ltr'><strong>honore</strong></span> <span class='ocrx_word' id='word_1_908' title='bbox 3611 5909 3772 6007; x_wconf 43' lang='lat' dir='ltr'><strong>mon?</strong></span> <span class='ocrx_word' id='word_1_909' title='bbox 3858 5893 3859 5902; x_wconf 60' lang='grc'><em>“</em></span> 
     </span>
    </p>
   </div>
   <div class='ocr_carea' id='block_1_113' title="bbox 3641 5909 3859 6325">
    <p class='ocr_par' dir='ltr' id='par_1_113' title="bbox 3641 5909 3859 6325">
     <span class='ocr_line' id='line_1_115' title="bbox 3641 5909 3772 6325; baseline -0.015 -391"><span class='ocrx_word' id='word_1_910' title='bbox 3641 5909 3772 6325; x_wconf 63' lang='lat' dir='ltr'><strong>j-</strong></span> 
     </span>
     <span class='ocr_line' id='line_1_116' title="bbox 3858 6057 3859 6118; baseline 0 0"><span class='ocrx_word' id='word_1_911' title='bbox 3858 6057 3859 6118; x_wconf 49' lang='grc' dir='ltr'>ἱ</span> 
     </span>
    </p>
   </div>
  </div>
