3924 6368
183 401 267 474 ω

1530 397 1814 458 HOMILIA
1853 395 1994 456 XIX.

3298 382 3404 468 rso

182 541 303 595 nm
341 521 542 583 εηοθάίι,
591 517 952 588 Quaecumque
1003 510 1187 587 itaque
1222 522 1396 572 mater
1424 524 1526 583 est,
1571 514 1711 574 filios
1737 517 1791 580 Α
1815 515 2000 572 niente
2043 513 2386 572 solemnitate
2426 515 2591 574 fuisse
2633 531 2941 588 suspensas.
2987 515 3104 578 Non
3139 531 3223 580 est
3261 526 3408 584 utilis

183 639 284 686 suos
315 620 407 676 hoc
431 615 632 670 honore
667 609 859 680 dignos
891 607 1100 680 judicet
1141 625 1154 662 :
1199 623 1264 664 ac
1289 608 1390 664 sub
1418 609 1520 664 ista
1547 623 1710 679 quam

180 710 397 777 didicistis
433 705 798 765 adhortatione
835 702 1047 768 doceat,
1078 709 1139 759 ut
1165 703 1376 760 discant
1411 703 1712 760 caelestium

180 812 325 880 legum
357 799 586 858 instituta
628 811 864 852 servare.
912 793 1016 864 Qui
1059 803 1237 850 autem
1279 792 1496 851 Christo
1525 801 1712 851 nostro

178 898 396 961 serviunt,
440 889 847 948 fortissimorum
884 888 1125 944 virorum
1166 901 1372 961 pugnas
1417 887 1712 946 imitentur.

179 993 253 1050 illa
290 996 448 1047 mater
490 983 682 1076 probat
729 999 790 1042 se
835 999 1020 1041 atnarc
1058 983 1198 1040 filios
1241 1000 1398 1050 suos,
1451 998 1571 1055 quae
1609 983 1715 1040 hoc

179 1101 264 1160 quo
284 1080 496 1141 mundus
531 1077 718 1135 nititur
751 1093 938 1134 errore
980 1076 1234 1150 depulso,
1274 1077 1340 1134 de
1379 1077 1557 1134 fructu
1585 1093 1718 1134 ven-

178 1180 254 1237 tris
293 1175 366 1233 sui
403 1173 625 1230 hostiam
652 1171 764 1227 Deo
805 1169 1104 1236 tradiderit,
1155 1185 1218 1226 ac
1253 1184 1314 1227 se
1339 1184 1575 1240 suosque
1602 1169 1712 1227 Do-

177 1273 294 1330 mino
335 1265 559 1342 quotidie
603 1265 945 1322 immolatura
996 1265 1228 1321 libenter
1283 1264 1558 1320 obtulerit.
1609 1263 1716 1320 Sed

177 1379 261 1440 quo
289 1359 479 1418 facilius
511 1357 652 1414 illius
680 1357 919 1416 etelestis
944 1355 1160 1414 virtutis
1200 1356 1428 1426 insignia
1469 1355 1716 1414 obtinere

177 1454 418 1530 possimus,
439 1449 832 1508 contemnenda
857 1456 982 1506 sunt
1010 1463 1233 1506 munera
1267 1456 1321 1504 et
1354 1449 1592 1506 honores
1617 1450 1716 1505 hu-

176 1547 240 1621 ius
261 1544 436 1614 saeculi,
482 1559 600 1618 quas
638 1545 906 1601 humanos
949 1543 1136 1602 oculos
1171 1544 1410 1600 vanitate
1455 1545 1716 1602 suadente

177 1640 420 1712 decipiunt.
472 1635 586 1694 Hoc
644 1644 824 1695 autem
863 1636 1007 1709 apud
1052 1636 1339 1693 Dominum
1385 1637 1716 1710 acceptabile

177 1738 349 1789 constat
387 1745 500 1788 esse
545 1727 887 1801 sacriﬁcium,
931 1729 977 1786 si
1003 1729 1230 1802 praelato
1256 1731 1464 1788 ctelesti
1508 1731 1716 1788 honore

177 1823 384 1884 saeculum
408 1821 635 1896 coeperis
666 1821 962 1894 despicere.

692 1955 978 2030 uomuit
1022 1956 1164 2030 xix.

625 2073 706 2130 De
780 2071 1215 2146 Quadrageaima.

177 2197 180 2200 ’
230 2191 272 2247 ι.
307 2189 358 2247 Si
399 2189 773 2264 respiciamus,
803 2189 1166 2258 dilectissimi,
1198 2204 1417 2264 causam
1437 2192 1720 2262 praesentis

179 2286 506 2353 solemnitatis,
537 2301 662 2356 quae
689 2284 845 2342 nobis
881 2299 1036 2358 spem
1063 2285 1254 2343 salutis
1279 2293 1498 2343 aeternae
1525 2285 1719 2343 futurae

177 2377 536 2436 resurrectionis
583 2377 708 2448 lege
753 2377 1118 2448 commendat,
1160 2393 1270 2435 non
1315 2379 1384 2436 ab
1430 2395 1490 2436 re
1533 2387 1642 2444 est,
1673 2380 1721 2435 si

180 2487 329 2529 omnes
377 2473 473 2528 hos
513 2471 569 2528 in
603 2469 792 2527 laetitia
837 2469 955 2527 dies
985 2470 1265 2538 ducamus,
1310 2478 1474 2542 atque
1515 2470 1606 2527 illa
1635 2470 1718 2527 di-

178 2565 415 2623 strictioris
440 2564 564 2622 vita:
591 2564 771 2622 studia
794 2570 1180 2636 temperemus.
1209 2561 1317 2620 Sed
1360 2563 1415 2620 in
1438 2561 1544 2620 hoc
1589 2564 1731 2620 mihi

179 2658 417 2730 aliquoties
459 2656 710 2730 displicet
763 2655 1062 2713 laetantium
1117 2655 1341 2723 chorus,
1385 2655 1527 2726 quod
1568 2664 1724 2727 putat

177 2749 308 2807 homo
329 2758 491 2807 totum
516 2750 623 2806 sibi
650 2750 834 2815 licere,
856 2747 1115 2820 quidquid
1135 2746 1571 2819 Quadragesimae
1592 2755 1724 2804 tem-

177 2857 283 2914 pore
302 2842 368 2898 illi
392 2842 656 2918 religiosa:
687 2841 1042 2914 deputaverat
1067 2840 1383 2914 disciplinae.
1410 2837 1565 2898 Unde
1590 2840 1724 2898 nulli

177 2933 357 2990 dubium
379 2941 476 3002 est,
505 2934 869 3008 praecedentia
914 2932 1093 2992 officia
1130 2934 1186 2991 in
1226 2933 1596 2992 confusionem
1629 2951 1726 2992 ve-

179 3025 285 3091 nire,
309 3026 350 3082 si
372 3027 574 3084 nescias
605 3025 880 3084 custodire
905 3041 1254 3098 quaecumque
1282 3025 1350 3084 ad
1388 3025 1724 3099 puriﬁcatio-

179 3132 276 3173 nem
297 3117 472 3175 animae
492 3117 830 3190 ieiuniorum
856 3125 912 3177 et
939 3119 1241 3190 vigiliarum
1269 3118 1456 3178 labore
1497 3127 1552 3178 te
1590 3135 1724 3179 con-

179 3208 336 3266 stiterit
376 3225 740 3286 comparasse.
781 3209 903 3268 Cito
933 3217 1114 3267 antem
1135 3285 1138 3287 Α
1163 3211 1253 3268 ille
1279 3227 1399 3284 qua:
1424 3223 1552 3270 sunt
1577 3227 1728 3269 com-

1811 623 2020 672 servus,
2069 607 2163 678 qui
2208 607 2428 665 feriatos
2471 609 2588 666 dies
2635 609 2704 666 ad
2739 611 2844 668 hoc
2872 623 3152 686 exspectat
3185 627 3246 674 ut
3281 619 3410 676 dor-

1809 699 1964 756 miat.
1995 698 2168 771 Major
2211 701 2518 759 sollicitudo
2569 703 2820 774 agricola:
2865 716 3068 776 manet,
3120 689 3408 783 postquam

1812 795 2022 852 diutino
2067 805 2268 852 terram
2305 795 2491 854 labore
2529 799 2833 875 contigerit.
2866 799 3209 873 Vigilandum
3248 806 3409 879 igitur

1811 895 1898 946 est
1934 889 2190 961 primum,
2243 905 2312 946 ne
2357 887 2498 946 forte
2529 891 2908 948 commendata
2950 895 3116 952 sulcis
3161 898 3364 955 semina
3387 939 3405 970 ,

1811 987 1910 1036 aut
1936 978 2049 1036 fere
2074 986 2499 1051 praesumptuosa
2523 980 2624 1036 sibi
2648 980 2905 1050 vindicet,
2937 993 3032 1041 aut
3059 986 3174 1042 avis
3193 987 3410 1046 insidio—

1815 1088 1874 1130 sa
1924 1079 2254 1130 contemnat.
2298 1072 2556 1144 Sequitur
2601 1084 2662 1130 ut
2698 1092 2767 1132 ex
2798 1078 2910 1134 otio
2958 1078 3012 1134 in
3060 1096 3218 1140 usum
3255 1098 3410 1154 aqum

1810 1165 1998 1222 bibula
2029 1166 2172 1222 fossa
2213 1165 2529 1235 deducatur,
2573 1181 2642 1224 ne
2684 1171 3072 1244 superveniens
3115 1180 3413 1245 tempestas

1813 1258 2134 1330 pullulantia
2159 1259 2402 1329 germina
2430 1267 2525 1314 aut
2564 1261 2777 1317 occidat
2803 1270 2899 1318 aut
2927 1264 3120 1336 rapiat.
3153 1264 3301 1338 Opus
3329 1275 3412 1324 est

1811 1351 1981 1408 etiam
2008 1351 2202 1407 herbas
2232 1351 2376 1419 velli,
2409 1361 2463 1408 et
2501 1354 2710 1410 aridum
2751 1356 3011 1430 ceSpitem
3038 1361 3252 1418 sarculo
3281 1377 3411 1434 ope.

1812 1448 1972 1501 ‘rante
2010 1443 2208 1501 molliri
2249 1463 2262 1499 :
2306 1460 2371 1500 ac
2407 1461 2506 1518 per
2531 1447 2652 1503 illos
2689 1462 2826 1518 quos
2853 1449 2954 1506 sibi
2999 1452 3248 1522 agricolze
3288 1455 3410 1511 vin-

1815 1535 2002 1592 dicant
2027 1535 2247 1592 feriatos
2277 1536 2382 1610 21
2429 1537 2564 1604 dies,
2597 1538 2903 1610 improbum
2939 1542 3141 1600 animal
3179 1545 3412 1604 circum-

1811 1631 1978 1688 ducta
2001 1647 2130 1703 sepe
2155 1632 2458 1704 prohibere.
2495 1631 2699 1690 Tantus
2727 1643 2812 1691 est
2852 1635 2994 1692 enim
3024 1653 3179 1696 amor
3205 1638 3413 1704 alenda:

1815 1722 1960 1788 vitae,
1979 1731 2128 1780 tanta
2147 1724 2496 1796 providentize
2516 1741 2664 1792 cura,
2683 1736 2890 1784 tantum
2913 1728 3135 1788 culturae
3153 1731 3410 1808 studium,

1815 1823 1880 1871 ut
1906 1831 2007 1873 nec
2034 1824 2160 1873 tunc
2188 1831 2512 1888 quemquam
2541 1819 2774 1876 otiosum
2803 1835 2923 1879 esse
2949 1823 3258 1892 conveniat,
3288 1839 3416 1888 cum

1745 1923 1796 1985 Β
1823 1908 2072 1980 agricolae
2118 1909 2280 1966 arista
2332 1909 2536 1967 fructus
2581 1911 2822 1984 perfecto
2869 1913 3004 1974 ﬂore
3049 1918 3412 1980 commendat.

1823 1999 1957 2057 Nam
1984 2002 2161 2060 solent
2189 2002 2384 2058 adulta:
2411 2019 2616 2061 messes
2655 2005 2823 2078 spinis
2851 2011 3283 2074 accrescentibus
3309 2013 3416 2074 im-

1821 2095 1994 2168 pediri
2026 2119 2040 2151 :
2072 2104 2237 2166 atque
2265 2095 2356 2152 illa
2383 2111 2505 2168 quae
2537 2097 2592 2152 in
2636 2113 2732 2170 spe
2759 2102 3082 2159 maturitatis
3122 2105 3417 2166 conStituta

1819 2195 1965 2254 sunt,
2011 2188 2188 2243 alieno
2231 2188 2438 2245 semine
2478 2188 2749 2246 suti’ocari.
2791 2189 2871 2247 Ita
2910 2193 3317 2264 intelligendum
3363 2177 3419 2272 et

1811 2281 1990 2336 multa
2019 2282 2265 2350 agricolae
2291 2281 2469 2339 studio
2497 2298 2760 2358 crescere,
2807 2287 3040 2352 maxima
3068 2304 3295 2372 quicque
3321 2307 3420 2374 per

1817 2373 2202 2445 negligentiam
2229 2375 2492 2452 deperire.

1893 2467 1946 2524 5.
1998 2466 2106 2525 Sed
2144 2468 2280 2526 dicis
2327 2469 2484 2536 forte,
2515 2467 2717 2528 Omnes
2764 2473 3116 2545 negligentias
3163 2477 3420 2538 solemni-

1823 2562 1952 2618 tatis
1977 2570 2259 2620 excusant.
2289 2559 2545 2621 Omnibus
2585 2565 2703 2621 sine
2741 2563 2905 2624 dubio
2935 2567 3189 2646 periculis
3234 2569 3420 2646 subja-

1825 2663 1931 2722 cet,
1973 2655 2067 2726 qui
2104 2656 2272 2712 vitam
2318 2671 2470 2712 suam
2509 2656 2754 2727 quolibet
2789 2666 3035 2732 tempore
3080 2661 3420 2736 negligentiae

1823 2747 2125 2806 tradiderit.
2169 2749 2474 2824 Numquam
2511 2751 2743 2824 denique
2789 2754 2942 2826 equis
2990 2754 3104 2811 otio
3131 2737 3420 2828 'deputatis

1823 2842 1965 2900 bene
1991 2843 2142 2899 frena
2167 2842 2432 2899 laxantur.
2463 2842 2542 2900 Ita
2579 2829 2785 2917 etpost
2813 2845 3006 2903 hiemis
3038 2847 3275 2918 rigorem
3307 2851 3418 2910 cito

1815 2936 2091 2994 'inebriata
2137 2937 2291 3008 aquis
2333 2945 2476 2993 terra
2529 2937 2782 2994 luxuriat.
2823 2939 3078 2997 Videmus
3099 2942 3264 2999 etiam
3313 2941 3420 3001 fre-

1827 3036 2055 3100 quenter
2083 3029 2294 3100 navigia
2322 3029 2488 3085 maris
2521 3038 2678 3101 portu
2707 3031 2974 3102 proximo,
3018 3033 3422 3104 quiescentibus

1827 3119 2221 3186 remis,'subita
2250 3120 2302 3176 vi
2349 3121 2640 3178 incurrisse
2678 3111 2987 3193 naufragiis.
3019 3107 3101 3188 Ad
3131 3125 3249 3183 haec
3289 3141 3420 3206 ergo

1827 3213 2192 3286 respicientes,
2221 3211 2416 3269 fratres
2443 3213 2794 3278 dilectissimi.
2827 3215 2899 3270 ita
2928 3215 3053 3272 vitae
3081 3223 3279 3274 nostrae
3327 3234 3422 3292 or-

177 3309 328 3372 parata
347 3302 618 3372 rescindit,
660 3303 752 3374 qui
782 3303 1068 3360 immemor
1093 3303 1412 3376 spiritalium
1441 3320 1726 3362 munerum
1753 3318 1801 3386 ο
1830 3307 2012 3364 dinem
2056 3306 2422 3379 disponamus,
2472 3315 2530 3362 ut
2557 3308 2730 3379 primo
2766 3308 2886 3364 loco
2915 3311 3238 3382 castigemus
3269 3312 3422 3387 illum

179 3393 438 3451 carnalibus
472 3393 760 3452 desideriis
799 3395 1108 3466 acquiescit.
1151 3393 1378 3468 Oportet
1417 3399 1562 3454 enim
1589 3397 1730 3454 inter

179 3499 273 3555 qua
303 3487 520 3546 diximus
543 3487 764 3560 gaudia,
795 3488 941 3545 illam
966 3489 1233 3560 religiosm
1267 3489 1561 3563 disciplinae
1587 3492 1730 3547 viam

173 3581 332 3650 teneri,
350 3597 465 3655 quae
489 3599 604 3640 non
628 3582 790 3640 dubie
813 3581 1039 3640 Domino
1064 3583 1338 3640 hominem
1358 3584 1516 3641 bonze
1536 3584 1729 3642 volun-

175 3672 280 3730 tatis
293 3673 534 3732 insinuat.
563 3673 672 3733 Cui
690 3675 736 3732 si
763 3675 1022 3732 sciremus
1044 3675 1364 3748 condignam
1386 3676 1593 3750 legibus
1615 3693 1732 3744 ser-

175 3779 279 3824 vare
321 3772 697 3836 reverentiam,
738 3768 944 3826 nullum
987 3770 1233 3841 gehenna
1264 3770 1581 3844 susciperet,
1610 3772 1733 3828 nul-

177 3856 268 3914 lum
304 3870 567 3933 perpetua:
634 3863 826 3920 mortis
856 3877 1017 3936 paena
1059 3863 1358 3922 damnaret.
1403 3861 1558 3920 Omni
1603 3879 1732 3936 ergo

178 3951 323 4010 studio
357 3954 508 4012 nobis
537 3956 810 4027 agendum
837 3964 939 4022 est,
973 3955 1326 4025 dilectissimi,
1360 3973 1430 4016 ne
1465 3957 1734 4030 puriﬁcati

167 4043 385 4116 corporis
415 4048 806 4106 conscientiam
837 4049 1169 4124 indulgentia
1200 4049 1380 4106 nimia:
1403 4050 1735 4108 remissionis

167 4133 416 4212 impugnet
444 4160 458 4197 :
490 4158 602 4199 non
635 4150 842 4198 tantum
869 4142 1076 4200 dierum
1113 4143 1329 4200 illorum
1358 4145 1735 4202 observatione

179 4234 401 4300 contenti,
430 4248 568 4305 quos
617 4235 895 4292 annuatim
929 4233 1261 4308 ieiuniorum
1301 4253 1430 4294 cura
1460 4253 1736 4295 commen-

171 4318 266 4378 dat.
291 4321 432 4382 Licet
450 4326 594 4384 hanc
623 4328 794 4400 ipsam
822 4327 1107 4399 aliquantis
1129 4329 1198 4384 ob
1219 4329 1465 4385 inutilem
1487 4345 1736 4386 somnum

169 4421 223 4469 et
244 4415 582 4476 insatiabilem
612 4420 792 4490 gulam
819 4427 1030 4478 constet
1057 4421 1342 4492 ingratam.
1373 4419 1476 4490 Qui
1503 4419 1631 4478 dum
1668 4420 1736 4477 ad

177 4517 349 4568 sanctae
393 4510 616 4573 Pascha:
658 4515 774 4572 dies
821 4513 1086 4571 desiderio
1128 4515 1416 4586 instigante
1458 4514 1736 4584 festinant,

178 4605 449 4663 accusando
476 4607 784 4680 vigiliarum
824 4606 998 4663 studia
1025 4607 1374 4664 continentia:
1399 4606 1543 4668 bona
1565 4615 1591 4646 ι
1630 4605 1738 4663 Pa-

1829 3400 2200 3458 conviviorum
2228 3399 2432 3465 luxum,
2470 3409 2736 3470 quatenus
2762 3415 2792 3455 a
2820 3401 2976 3458 nobis
3003 3403 3270 3461 desideria
3295 3421 3420 3462 car-

1811 3493 1916 3550 'nis
1953 3491 2172 3564 fugitiva
2219 3491 2514 3549 discedant.
2546 3491 2664 3548 Non
2711 3493 2872 3562 igitur
2913 3493 3033 3551 ideo
3073 3495 3216 3568 dico,
3265 3499 3422 3576 quasi

1831 3585 1969 3642 adeo
1996 3583 2066 3640 sit
2094 3583 2468 3642 abstinendum
2498 3599 2528 3640 a
2575 3584 2728 3652 cibis,
2761 3592 2854 3641 aut
2892 3586 2947 3641 in
2989 3593 3160 3652 totum
3189 3605 3421 3662 parcen:-

1817 3679 1958 3736 dum
1983 3678 2194 3751 poculis
2226 3696 2239 3733 :
2271 3677 2396 3748 quia
2427 3677 2553 3746 licet
2589 3679 2698 3734 sint
2743 3679 2810 3736 ad
2852 3695 3067 3740 crucem
3096 3691 3302 3754 parata,
3335 3691 3422 3739 ta-

1830 3786 1956 3828 men
1989 3785 2203 3844 semper
2228 3769 2539 3827 sustinenda
2579 3779 2703 3826 sunt
2730 3786 2978 3852 corpora.
3011 3772 3266 3846 Displicet
3293 3775 3425 3848 mihi

1830 3863 2008 3920 solum
2034 3862 2088 3918 in
2117 3862 2200 3919 his
2227 3862 2417 3918 diebus
2444 3862 2760 3919 insatiabilis
2788 3863 2931 3933 gula,
2973 3871 3134 3938 atque
3175 3866 3264 3923 illa
3295 3884 3425 3934 ven,-

1833 3957 1933 4013 tris
1991 3955 2322 4012 infructuosa
2377 3956 2698 4019 commercia
2767 3973 2778 4008 :
2837 3953 3086 4036 displicet
3143 3957 3426 4034 profusum

1834 4049 2093 4106 ebrietate
2121 4049 2447 4115 convivium,
2481 4062 2546 4104 ac
2583 4063 2681 4118 per
2715 4055 2880 4112 totam
2925 4057 3138 4104 noctem
3188 4049 3422 4124 ludibrio

1819 4143 2160 4218 expositum.
2204 4142 2430 4199 Excedit
2475 4141 2720 4213 profecto
2755 4141 3049 4214 disciplina:
3095 4142 3334 4220 modum,
3377 4143 3426 4208 si

1835 4237 1956 4306 quis
1983 4234 2102 4308 plus
2144 4234 2294 4291 bibat
2333 4248 2494 4305 quam
2534 4233 2696 4288 sitiat.
2743 4231 2879 4300 Quid
2925 4232 3086 4304 igitur
3123 4234 3266 4308 apud
3307 4234 3428 4308 illos

1825 4343 2080 4394 exosum,
2111 4327 2202 4383 ubi
2247 4334 2442 4399 praeter
2487 4324 2763 4382 ebrietatis
2810 4324 3014 4392 vitium,
3065 4325 3228 4382 etiam
3254 4325 3427 4394 detri-

1836 4428 2019 4477 menta
2046 4419 2372 4476 conveniunt
2405 4417 2755 4474 facultatum?
2791 4415 2922 4485 Quis
2963 4424 3146 4476 autem
3175 4416 3314 4476 ferat
3341 4420 3432 4478 illa

1837 4515 2034 4573 damna
2061 4513 2384 4580 vinolentim,
2412 4511 2501 4568 ubi
2536 4513 2655 4584 plus
2689 4511 2928 4583 vergitur
2963 4511 3242 4570 ebrietatis
3268 4529 3432 4587 causa

1827 4609 2002 4680 quam
2025 4606 2264 4663 bibitur?
2294 4612 2387 4660 aut
2427 4605 2547 4675 quis
2586 4610 2904 4676 apparatum
2942 4603 3082 4662 illius
3123 4605 3342 4664 triclinii
3368 4605 3434 4671 1i-

179 4689 288 4779 acha
312 4698 552 4755 convivia
579 4706 636 4756 et
656 4698 863 4770 jejunia
891 4699 1129 4771 copiosa.
1154 4697 1321 4769 Quasi
1347 4714 1410 4757 re
1434 4714 1564 4757 vera
1593 4699 1740 4772 quod
1765 4717 1816 4779 ο
1841 4703 2033 4760 benter
2078 4700 2323 4772 aspiciat,
2362 4699 2417 4755 in
2459 4714 2569 4770 quo
2597 4698 2777 4756 omnia
2813 4699 3089 4771 pereuntis
3117 4699 3230 4758 vini
3252 4700 3436 4778 pudore

180 4778 584 4856 Quadragesimae
609 4791 724 4848 dies
747 4793 1086 4863 prohibeant,
1109 4792 1259 4851 licito
1280 4793 1398 4851 fieri
1426 4794 1742 4852 solemnitas
1771 4778 1778 4779 ί
1843 4794 2194 4853 sordescunt?
2222 4791 2356 4850 Nam
2382 4791 2473 4848 ubi
2501 4791 2830 4866 supercurrit
2857 4808 3079 4862 merum,
3114 4793 3302 4850 horret
3333 4808 3434 4858 ne-

181 4877 334 4933 votiva
359 4881 658 4952 permittat,
688 4885 820 4940 etin
847 4885 1184 4944 absolutione
1199 4886 1394 4960 jejunii
1418 4887 1547 4945 data
1583 4888 1655 4945 sit
1678 4887 1746 4946 lic

180 4970 328 5026 centia
348 4973 629 5044 peccandi.

236 5060 282 5115 2.
326 5062 446 5122 Ideo
495 5083 660 5124 nemo
722 5075 878 5141 putet
921 5085 990 5128 ex
1036 5085 1104 5127 eo
1151 5071 1332 5128 omnia
1389 5071 1493 5129 sibi
1535 5072 1740 5140 licere,

181 5153 285 5221 quia
307 5157 447 5214 videt
484 5159 829 5218 districtioris
851 5160 978 5219 vitae
1014 5169 1261 5236 tempora
1289 5163 1611 5236 praeterisse.
1644 5162 1746 5222 So-

182 5240 242 5297 let
273 5249 406 5306 enim
434 5265 651 5309 omnem
680 5253 925 5311 honestae
966 5256 1091 5312 vitae
1131 5265 1328 5314 statum
1371 5258 1618 5315 remissio
1660 5257 1740 5314 in-

183 5344 315 5393 cauta
357 5339 626 5415 decipere.
678 5343 796 5402 Non
844 5347 1075 5402 aestimet
1108 5348 1200 5404 ille
1246 5350 1496 5405 ebrietati
1543 5348 1746 5418 aliquid

183 5422 320 5486 fuisse
345 5435 684 5508 permissum,
712 5439 808 5508 qui
835 5439 984 5496 videt
1007 5441 1302 5498 constituto
1343 5449 1586 5512 tempore
1623 5457 1745 5498 ces-

183 5530 284 5576 sare
303 5521 583 5594 jejunium.
607 5529 727 5586 Non
761 5529 946 5586 credat
977 5540 1184 5589 mentes
1221 5533 1499 5588 hominum
1527 5548 1748 5589 somno-

183 5607 336 5672 lentiae
365 5618 669 5692 deputatas,
703 5623 799 5695 qui
841 5623 990 5682 videt
1025 5624 1181 5696 juges
1232 5626 1439 5696 vigilias
1490 5639 1749 5698 superve-

244 5756 274 5835 τι.
286 5748 471 5835 Totam
486 5754 626 5828 hane
645 5756 970 5835 sententiam
999 5757 1202 5822 faciunt
1220 5759 1606 5831 perobscuram
1635 5766 1749 5816 tum

187 5827 371 5904 ξξξηξδεω
392 5827 871 5904 interpunctiones,
897 5836 1009 5904 tum
1029 5845 1136 5884 vox
1157 5827 1262 5890 una
1284 5839 1554 5904 corrirpta,
1587 5845 1750 5904 quam

188 5881 232 5936 in
253 5881 379 5943 hunc
402 5881 618 5952 madas
636 5881 784 5954 nunc
803 5881 1752 5969 “ahenamsiﬁisignasigna;

1842 4887 2078 4946 cessario
2126 4885 2267 4959 turpi
2316 4884 2567 4956 squalore
2611 4884 2916 4940 convivium
2936 4925 2954 4953 ,
3002 4883 3144 4958 perit
3187 4882 3436 4964 profecto

1837 4978 2098 5052 quidquid
2127 4977 2314 5052 hydria
2342 4977 2501 5050 plena
2531 4974 2847 5048 susceperit.
3195 4963 3202 4970 ’

1916 5072 1968 5128 4.
1993 5071 2186 5128 Videat
2207 5083 2340 5139 ergo
2367 5067 2494 5140 quid
2514 5066 2750 5122 futurum
2773 5065 2843 5120 sit
2869 5064 2953 5121 cui
2976 5064 3209 5134 ebrietas
3235 5065 3436 5138 placet,

1847 5172 2011 5236 atque
2049 5163 2118 5220 ad
2153 5163 2267 5218 hzec
2293 5175 2413 5233 qum
2439 5157 2635 5215 dicturi
2666 5173 2850 5216 sumus
2886 5157 3127 5218 animum
3165 5159 3441 5231 sapienter

1847 5254 2237 5320 accommodet,
2261 5261 2316 5310 et
2338 5267 2446 5308 non
2475 5247 2693 5307 diﬂicile
2731 5265 2950 5306 causam
2971 5264 3083 5306 suae
3109 5247 3441 5308 infelicitatis

1849 5357 2124 5420 agnoscet.
2165 5347 2222 5403 Si
2250 5347 2373 5403 oleo
2418 5345 2584 5402 nimio
2611 5357 2704 5398 vas
2727 5341 3098 5416 compleveris,
3131 5342 3202 5399 ad
3239 5358 3302 5400 os
3337 5358 3440 5416 pa—

1849 5443 2018 5498 tulum
2045 5441 2274 5496 recurrit
2301 5440 2515 5495 fervens
2545 5435 2689 5493 unda
2715 5435 3028 5502 vendemite,
3054 5442 3109 5491 et
3136 5450 3258 5491 cum
3287 5433 3444 5492 Redi.

1848 5541 1962 5588 tate
1988 5540 2232 5588 revomet
2249 5529 2507 5601 quidquid
2534 5543 2604 5585 ex
2629 5527 2908 5584 nimietate
2931 5528 3247 5598 susceperit.
3273 5527 3442 5584 Vide-

1849 5639 1970 5679 mus
1995 5623 2157 5680 etiam
2181 5622 2491 5691 frequenter
2514 5619 2824 5682 exundante
2842 5619 2971 5676 vino
2997 5620 3202 5692 caprini
3230 5619 3446 5690 generis

1859 5775 1974 5818 rum
2000 5756 2222 5816 studia»
2252 5757 2585 5812 continentia;
2612 5755 2767 5821 bona,
2800 5771 2962 5826 parca
2996 5756 3257 5821 convivia,
3290 5765 3342 5811 et
3357 5757 3447 5826 je-

1849 5831 2006 5904 junio
2045 5829 2280 5902 copiosa,
2331 5836 2459 5904 etc,
2504 5835 2708 5904 mutata
2755 5825 2891 5904 vace
2932 5825 3141 5904 Pascha
3187 5828 3240 5882 in
3291 5825 3448 5888 istam

1850 5895 2036 5967 32mm,
2063 5895 2189 5954 suus
2224 5895 2452 5959 orationi
2495 5898 2636 5952 nitor
2665 5897 2982 5954 restituitur.
3009 5895 3173 5954 Baua'.
