3960 6358
518 393 612 457 751

1505 394 1562 452 S.
1609 393 1978 451 VALERIAM
2019 393 2323 452 EPISCOPI
2359 391 2809 450 CEMELIENSIS

3690 393 3786 454 ’152

517 529 646 570 vasa
674 508 962 581 corrumpi,
997 517 1053 565 et
1096 507 1250 562 undis
1278 506 1601 563 luctantibus
1634 521 1838 578 euppas
1865 502 2008 576 ﬁguli
2034 504 2108 560 ri—
2133 507 2180 570 Α
2211 515 2539 578 competere,
2571 514 2626 561 et
2653 505 2876 574 singulis
2904 503 3300 559 inﬁrmitatibus
3323 503 3533 574 singula
3572 519 3784 575 quaeque

515 621 636 662 mas
665 605 895 676 aperire.
938 601 1081 656 Nihil
1109 599 1353 671 profecto
1392 598 1579 656 liceret
1610 599 1790 666 morti,
1822 598 1868 654 si
1907 598 2108 654 scirent

513 697 700 753 miseri
727 711 916 752 causas
942 694 1113 748 vitare
1141 691 1416 763 pereundi.
1447 691 1748 748 Debilitatis
1766 700 1944 748 autem
1965 691 2108 746 viam

513 790 708 853 munit,
751 788 844 858 qui
892 784 1116 844 inﬁrmis
1162 785 1480 856 corporibus
1519 785 1641 856 plus
1687 785 1888 855 aliquid
1927 785 2107 841 oneris

512 882 760 953 imponit.
795 881 870 935 lta
902 888 986 936 est
1012 889 1070 934 ut
1098 880 1258 936 dubie
1287 888 1521 951 emptum
1543 881 1648 936 iter
1673 887 1913 952 peragat,
1944 894 2107 950 quem

511 975 696 1045 injusti
727 973 884 1028 fascis
915 973 1125 1044 pondus
1145 981 1382 1029 accusat.
1414 972 1608 1029 Moneo
1631 973 1833 1044 itaque,
1865 974 2106 1030 dilectis-

509 1069 653 1132 simi,
686 1077 742 1122 ut
763 1069 805 1122 si
828 1068 947 1137 quis
968 1068 1184 1123 Christo
1206 1076 1391 1124 nostro
1411 1069 1626 1138 placere
1647 1069 1899 1140 disponit,
1931 1070 2106 1140 primo

509 1159 632 1215 loco
659 1160 921 1214 desideria
944 1160 1082 1228 gula:
1106 1160 1350 1229 castiget,
1381 1175 1500 1231 qua:
1525 1161 1787 1218 ebrietate
1815 1160 2108 1218 famulante

509 1250 766 1318 magistra
797 1249 937 1304 solet
979 1264 1098 1305 esse
1135 1249 1475 1305 damnorum.
1508 1251 1750 1321 Denique
1790 1252 1916 1308 hinc
1951 1253 2108 1309 nudi-

511 1349 614 1404 tas,
647 1341 772 1395 hinc
799 1341 1134 1407 mendicitas,
1164 1341 1289 1397 hinc
1312 1342 1450 1398 solet
1470 1343 1756 1414 aliquantis
1777 1346 1962 1402 venire
1981 1360 2108 1416 ege-

511 1441 695 1489 stuosa
712 1443 1015 1504 paupertas,
1032 1435 1102 1488 ita
1115 1433 1405 1491 Salomone
1415 1436 1628 1492 dicente
1645 1456 1656 1490 :
1677 1435 1858 1492 Omnis
1877 1439 2105 1495 ebriosus

512 1528 702 1598 pannis
726 1529 965 1582 vestietur
995 1527 1176 1599 (Prov.
1207 1545 1356 1592 xxul,
1400 1527 1511 1598 2|).
1546 1529 1898 1587 Perseverest
1935 1533 2107 1602 magis

515 1617 572 1672 in
601 1617 758 1673 bonis
784 1617 859 1672 illi
886 1617 1086 1672 fructus
1113 1619 1478 1684 continentiae,
1511 1620 1704 1689 quibus
1732 1621 1974 1677 videmur
2000 1623 2107 1678 Do-

514 1709 663 1765 mino
692 1709 1118 1778 Quadragesima:
1139 1710 1324 1766 diebus
1345 1711 1538 1767 devota
1561 1712 1760 1782 jugitcr
1784 1723 1965 1770 mente
1991 1731 2106 1770 ser-

513 1800 630 1857 vire
661 1819 674 1854 :
706 1817 774 1856 ne
801 1817 922 1856 cum
953 1804 1091 1857 lortc
1131 1817 1230 1858 nos
1255 1803 1607 1874 possidendus
1634 1805 1973 1875 negligentia:
2009 1805 2106 1863 de-

2208 601 2530 658 benelicium
2571 599 2842 670 peculiare
2888 606 3184 669 pnestare;
3235 597 3310 653 ita
3344 605 3404 653 ut
3444 597 3676 654 doceant
3708 607 3784 656 tu-

2208 695 2406 750 mentia
2436 700 2528 748 aut
2555 691 2695 748 ferro
2725 691 2922 746 debere
2959 691 3262 762 compesci,
3299 699 3395 746 aut
3429 690 3785 748 medicaminis

2207 785 2542 842 confectione
2571 783 2765 838 molliri
2797 800 2810 836 :
2845 782 3064 837 latentia
3094 782 3286 838 melius
3323 797 3445 838 esse
3483 781 3782 853 poculisin-

2208 876 2412 948 dagari,
2446 875 2632 945 frigida
2659 891 2946 946 corporum
2972 873 3298 932 ferventibus
3325 875 3504 948 pasci,
3542 876 3782 936 calidiora

2206 969 2568 1042 frigidioribus
2595 969 2899 1040 temperari.
2930 968 3043 1038 Ego
3073 983 3201 1026 vero
3224 970 3278 1026 in
3305 985 3474 1042 opere
3497 971 3690 1027 divina:
3713 972 3784 1028 in-

2207 1063 2502 1119 stitutionis
2541 1062 2697 1118 aliter
2740 1063 2932 1118 sentio.
2976 1061 3111 1116 Nam
3151 1062 3198 1117 si
3234 1062 3378 1118 illam
3406 1063 3701 1135 Epistulam
3725 1065 3782 1121 ad

2209 1154 2551 1212 Timotheum
2598 1154 2796 1211 factam
2838 1156 3183 1220 recenseatis,
3230 1157 3518 1214 invenietis
3555 1158 3656 1214 sub
3691 1175 3781 1216 uno

2207 1247 2560 1304 medicamine
2584 1286 2600 1312 ,
2648 1256 2705 1303 et
2743 1248 2901 1303 unius
2941 1247 3176 1302 vulneris
3221 1251 3564 1305 reseeatione
3609 1251 3780 1306 multas

2207 1338 2544 1394 valetudines
2589 1353 2750 1410 posse
2784 1338 2979 1394 curari.
3013 1337 3168 1404 Quod
3207 1346 3387 1394 autem
3426 1340 3571 1395 istud
3613 1342 3781 1399 vulnus

2207 1431 2295 1495 sit,
2321 1430 2374 1485 in
2402 1446 2510 1501 quo
2550 1431 2889 1486 inﬁrmitates
2909 1430 3133 1486 diversa:
3171 1432 3502 1487 conveniunt
3525 1441 3586 1488 et
3611 1435 3782 1492 morti-

2207 1524 2350 1580 feros
2389 1523 2606 1580 dolores
2643 1532 2954 1596 operantur,
3012 1532 3228 1580 sanctus
3275 1527 3559 1596 apostolus
3605 1525 3779 1584 Paulus

2208 1617 2487 1672 evidenter
2514 1617 2764 1686 exposuit
2799 1615 2983 1671 dicens
3017 1633 3030 1668 ε
3065 1613 3240 1669 Radix
3274 1617 3505 1671 omnium
3544 1622 3777 1674 mataras:

2206 1717 2282 1762 est
2314 1708 2568 1779 cupiditas
2604 1724 2621 1761 :
2667 1725 2819 1781 quam
2853 1707 3063 1780 quidam
3102 1718 3398 1779 appetentes
3436 1720 3727 1766 erraverunt
3749 1729 3775 1766 α

2207 1799 2328 1870 ﬁde,
2352 1809 2401 1853 et
2426 1800 2752 1854 inseruerunt
2778 1816 2835 1854 se
2862 1799 3123 1854 doloribus
3149 1801 3323 1855 multis
3349 1801 3393 1873 (Ι
3419 1800 3554 1856 Tim.
3581 1821 3651 1871 vl,
3681 1804 3772 1874 10).

512 1894 768 1957 derimus,
810 1894 1088 1950 videamur
1134 1895 1370 1950 studium
1411 1897 1651 1952 honesta:
1679 1899 1802 1953 vita:
1841 1899 2093 1970 tempori-
2131 1904 2180 1966 Β
2207 1892 2565 1948 Tractandum
2593 1902 2675 1948 est
2721 1909 2849 1963 ergo
2873 1935 2888 1959 9
2931 1893 3282 1959 ἀίιεεῑίεεῖῐηῖν
3317 1911 3426 1965 quo
3463 1913 3650 1968 Opere,
3685 1914 3774 1969 quo

511 1985 612 2042 bus
661 1988 836 2042 solum
879 1988 1210 2058 prmstitisse,
1242 2005 1349 2044 non
1393 1991 1650 2046 moribus.
1679 1990 1816 2059 Quid
1846 1993 2099 2063 prodest,

509 2078 557 2134 si
586 2088 639 2136 te
669 2079 895 2133 Domino
917 2080 1269 2150 quadraginta
1296 2081 1486 2137 diebus
1511 2083 1710 2138 bonum
1739 2085 2017 2150 exhibeas,
2047 2095 2105 2142 et

509 2187 618 2227 una
648 2171 734 2225 die
764 2171 944 2226 furore
977 2173 1153 2243 impia:
1192 2173 1524 2230 crudelitatis
1553 2174 1828 2232 offendas?
1857 2178 1993 2244 Quid
2015 2178 2104 2248 ju-

509 2270 603 2317 vat
630 2278 726 2333 per
746 2263 912 2317 multa
943 2272 1240 2335 temporum
1261 2267 1434 2336 spatia
1458 2268 1727 2338 pudicitia:
1746 2286 1991 2327 servasse
2017 2287 2106 2328 re-

509 2355 828 2419 verentiam,
853 2355 898 2409 si
927 2356 1268 2426 postmodum
1286 2357 1351 2414 ad
1375 2367 1531 2430 turpe
1559 2361 1764 2416 facinus
1794 2363 2001 2418 luxuria
2028 2365 2105 2420 iu-

509 2449 743 2518 stigante
768 2449 1037 2520 rapiaris?
1064 2447 1199 2517 Quid
1232 2451 1451 2520 prodest
1491 2454 1768 2526 cupiditati
1797 2456 1863 2512 ad
1894 2466 2104 2529 tempus

509 2538 755 2596 fraudem
783 2541 992 2607 fecisse,
1033 2542 1079 2597 si
1115 2551 1238 2612 post
1277 2552 1457 2601 tantos
1489 2547 1871 2604 misericordite
1899 2549 2105 2607 fructus

509 2650 648 2706 quos
690 2635 782 2690 tibi
815 2652 1004 2690 manus
1031 2636 1177 2706 larga
1205 2639 1452 2705 contulit,
1484 2640 1674 2697 alienis
1701 2642 1911 2699 damnis
1944 2651 2000 2698 et
2027 2644 2106 2698 la-

509 2728 709 2799 crymis
754 2727 1083 2784 delecteris?
1133 2727 1278 2785 Perit
1317 2733 1558 2802 profecto
1603 2735 1861 2806 quidquid
1919 2738 2105 2807 gratia:

508 2818 676 2874 homo
707 2836 802 2890 per
829 2821 1029 2876 multos
1054 2836 1224 2878 annos
1246 2823 1406 2892 justis
1446 2827 1699 2897 operibus
1724 2828 2026 2899 acquisivit,
2058 2829 2105 2886 si

508 2915 612 2970 sub
637 2916 794 2971 unius
819 2915 966 2971 horae
985 2917 1159 2988 spatio
1186 2934 1527 2990 quocumque
1559 2923 1726 2992 turpis
1755 2923 1878 2977 vita:
1909 2922 2107 2994 depra-

509 3018 671 3065 νεῑυι-
697 3025 900 3066 errore.

504 3110 538 3145 ’ς
582 3098 634 3154 5.
672 3099 798 3156 llaec
824 3108 905 3158 est
930 3102 1089 3171 igitur
1121 3103 1398 3159 servanda:
1427 3104 1719 3177 disciplina:
1741 3108 1901 3175 ratio,
1933 3115 1992 3164 ut
2023 3107 2108 3164 iu-

509 3191 820 3261 tegritatem
863 3193 916 3247 in
963 3202 1015 3247 te
1055 3195 1278 3259 nutrias,
1319 3197 1622 3254 castitatem
1662 3199 1871 3270 diligas,
1915 3217 2105 3272 pacem

2204 1988 2389 2044 labore
2417 1986 2614 2043 debeat
2637 1995 2786 2042 tanta
2809 1988 3090 2043 criminum
3111 1988 3242 2044 silva
3271 1991 3492 2046 succidi.
3516 1989 3625 2046 Sed
3650 1992 3774 2063 prius

2205 2080 2638 2137 Concurrentium
2679 2080 2913 2150 undique
2955 2081 3008 2136 in
3050 2097 3212 2136 unum
3259 2082 3502 2137 omnium
3545 2083 3771 2139 vitiorum

2203 2186 2396 2227 causas
2441 2171 2647 2227 debetis
2692 2186 3004 2242 agnoscere,
3046 2181 3102 2228 et
3136 2173 3344 2242 singula
3385 2188 3619 2245 qumque
3656 2175 3772 2231 unde

2204 2264 2551 2330 descendant,
2581 2281 2688 2335 quo
2708 2264 2926 2333 vadant,
2948 2266 3074 2336 quid
3102 2266 3475 2331 deformitatis,
3499 2270 3628 2339 quid
3645 2269 3773 2324 dolo-

2204 2359 2280 2414 ris
2301 2359 2608 2424 exhibeant,
2634 2359 2915 2429 diligenter
2935 2360 3225 2430 inquirere.
3253 2361 3484 2416 Maxima
3513 2363 3654 2418 enim
3672 2379 3772 2434 spes

2205 2461 2290 2510 est
2316 2453 2696 2523 recuperanda:
2719 2452 2928 2516 salutis,
2961 2454 3162 2509 fontem
3184 2469 3345 2510 nosse
3370 2454 3662 2524 languoris.

2276 2546 2329 2601 2.
2367 2546 2542 2602 Radix
2570 2549 2800 2602 omnium
2836 2550 3092 2602 malorum
3119 2557 3198 2602 est
3228 2548 3509 2620 cupiditas.
3541 2547 3613 2604 Et
3647 2563 3768 2612 vere,

2205 2638 2558 2705 dilectissimi,
2591 2639 2636 2694 si
2664 2639 3015 2710 respiciamus
3050 2639 3117 2694 ad
3144 2640 3351 2710 singula
3377 2641 3574 2709 quibus
3599 2642 3663 2696 ab

2207 2731 2284 2787 tio
2330 2731 2493 2786 vitam
2546 2747 2698 2787 suam
2743 2731 2974 2787 habendi
3034 2731 3214 2787 studio
3272 2732 3513 2788 conditio
3566 2733 3769 2787 humana

2206 2823 2500 2894 prostituit,
2533 2823 2663 2878 nihil
2691 2832 2774 2879 est
2796 2822 3077 2889 malorum,
3109 2821 3254 2893 quod
3283 2839 3388 2878 non
3417 2822 3676 2894 cupiditas
3696 2831 3771 2876 aut

2209 2915 2496 2985 concipiat,
2528 2924 2621 2969 aut
2649 2915 2940 2985 parturiat,
2973 2923 3068 2970 aut
3097 2923 3298 2986 pascat,
3333 2916 3441 2987 28
3461 2922 3552 2968 aut
3579 2913 3769 2968 nutriat.

2207 3006 2290 3062 Ex
2317 3008 2420 3064 hoc
2449 3009 2591 3064 enim
2616 3007 2801 3064 fomite
2830 3009 3075 3064 videmus
3102 3009 3367 3080 pullulare
3397 3010 3638 3066 odiorum
3665 3024 3772 3064 cau-

2209 3117 2314 3167 sas,
2362 3102 2489 3158 hinc
2529 3103 2749 3158 evenire
2797 3102 3080 3158 criminum
3110 3117 3337 3174 pugnas,
3372 3103 3497 3159 hinc
3532 3103 3774 3159 fraternas

2210 3194 2354 3250 acies
2377 3195 2588 3261 instrui,
2621 3196 2746 3251 hinc
2775 3195 3131 3252 amicitiarum
3161 3195 3366 3252 foedera
3400 3196 3653 3266 dissipari.
3681 3194 3774 3250 Ne-

511 3281 680 3343 colas.
713 3291 875 3352 atque
903 3283 1233 3354 omniaquae
1260 3287 1527 3357 iniquitati
1553 3291 1811 3358 serviunt,
1842 3291 1941 3347 sub
1962 3301 2108 3348 metu
2135 3294 2180 3356 C
2213 3303 2302 3342 mo
2331 3301 2461 3357 ergo
2501 3287 2724 3355 singulis
2772 3285 3169 3342 inﬁrmitatibus
3216 3288 3422 3358 proprii
3449 3286 3633 3342 doloris
3669 3285 3771 3340 cri-

513 3373 812 3444 disciplinte
841 3374 1140 3431 confundas
1173 3394 1186 3430 :
1214 3378 1286 3433 ita
1316 3389 1374 3434 ut
1399 3381 1664 3453 superiori
1692 3400 1800 3438 non
1835 3385 2113 3456 superbiat

2215 3393 2338 3434 men
2367 3378 2621 3448 assignct.
2647 3379 2776 3433 Nam
2805 3395 2925 3434 cum
2952 3379 3132 3434 omnia
3161 3379 3291 3434 vitia
3329 3386 3569 3434 constent
3610 3375 3773 3433 nomi-

510 3466 876 3533 mediocritas,
903 3483 1004 3523 nec
1027 3468 1356 3540 despiciatur
1377 3473 1431 3528 in
1462 3490 1809 3545 personarum
1829 3494 2112 3551 compara-
2213 3469 2369 3526 nib'us
2397 3471 2527 3533 suis,
2570 3470 2807 3542 pendent
2851 3479 3030 3526 tamen
3059 3471 3354 3526 sceleribus
3393 3469 3596 3525 alienis.
3627 3466 3772 3523 Vide-

511 3557 664 3614 tione
679 3567 988 3630 paupertas.
1007 3559 1157 3617 Sicut
1182 3571 1361 3619 autem
1382 3581 1630 3636 magnum
1653 3578 1736 3624 est
1753 3586 1966 3642 semper
1991 3589 2108 3628 ser—

495 3646 663 3707 _visse
689 3650 1002 3706 melioribus
1035 3671 1047 3705 :
1080 3653 1155 3708 ita
1183 3655 1314 3710 utile
1334 3665 1418 3711 est
1443 3665 1497 3712 et
1515 3659 1806 3728 gloriosum
1837 3661 2110 3720 humiliori

509 3755 761 3813 persona:
795 3745 1154 3800 reverentiam
1195 3749 1505 3817 pnnstitisse
1544 3768 1556 3804 :
1593 3753 1719 3822 quia
1757 3753 1809 3808 in
1847 3765 2107 3825 quantum

511 3832 682 3890 homo
729 3834 986 3904 dignitate
1031 3837 1287 3908 prmditus
1316 3841 1647 3908 humiliatur,
1700 3845 1982 3911 attollitur,
2031 3848 2106 3904 ita

509 3921 742 3980 Domino
771 3925 982 3982 dicente
1016 3945 1030 3980 :
1065 3925 1166 3994 Qui
1191 3947 1248 3985 se
1274 3931 1493 4000 exultat,
1527 3933 1908 4005 humiliabitur;
1941 3949 1990 3993 et
2018 3942 2107 4014 qui

506 4035 566 4072 se
598 4017 855 4084 humiliat,
881 4019 1194 4078 exaltabitur
1217 4024 1430 4096 (Matth.
1464 4043 1613 4091 nul,
1641 4029 1749 4101 11).
1777 4030 2106 4089 Humilitatis

503 4109 694 4180 itaque
720 4119 847 4167 ante
876 4112 1057 4168 omnia
1097 4114 1183 4170 via
1222 4117 1468 4188 eligenda
1512 4120 1668 4176 nobis
1703 4130 1804 4186 est,
1856 4139 1976 4194 qua:
2006 4141 2107 4182 nec

503 4199 646 4256 odiis
681 4201 940 4273 subjacct,
983 4213 1039 4260 et
1087 4208 1313 4264 multum
1359 4225 1571 4283 semper
1617 4216 1816 4270 amoris
1852 4217 2100 4286 acquirit,

502 4289 582 4345 ita
607 4291 867 4363 Apostolo
909 4295 1121 4352 dicente
1163 4316 1176 4352 :
1224 4298 1519 4357 Humilibus
1553 4303 1693 4360 Deus
1737 4307 1826 4361 dat
1855 4311 2100 4380 gratiam,

487 4383 733 4488 (superbis
969 4391 1161 4444 resistit
1190 4391 1330 4461 (Jac.
1364 4410 1435 4461 tv,
1469 4394 1546 4467 6).
1577 4396 1794 4467 Cogitet
1825 4415 1954 4469 ergo
1982 4403 2103 4471 quis

491 4474 810 4563 (itujusrriodi
838 4477 1026 4534 labore
1049 4480 1231 4550 iniquo
1260 4483 1327 4538 de
1353 4501 1511 4555 pmna
1539 4488 1786 4544 dubitare
1824 4491 1988 4546 futuri
2012 4492 2102 4563 ju-

487 4551 647 4659 zdicii,
697 4567 789 4635 qui
819 4567 963 4622 videt
1004 4568 1257 4626 adversus
1286 4589 1405 4630 sese
1451 4592 1669 4647 poenam
1716 4581 1949 4638 cmlestis
1988 4584 2099 4639 ira-

2211 3578 2330 3617 mus
2369 3561 2529 3631 igitur
2555 3563 2861 3643 superbiam
2902 3561 3154 3618 vanitatis
3195 3569 3408 3618 tumore
3435 3561 3696 3634 componi,
3729 3566 3772 3616 et

2209 3655 2567 3710 humillimum
2594 3671 2863 3726 quemque
2884 3657 3204 3726 arrogantia:
3228 3656 3549 3728 contagione
3571 3655 3767 3712 movcn'.

2209 3745 2380 3815 Quem
2403 3749 2447 3804 si
2479 3747 2620 3804 inter
2639 3749 2874 3820 aequales
2895 3749 3130 3820 positum
3155 3751 3333 3806 subito
3357 3749 3496 3807 forte
3521 3751 3768 3822 respicias,

2210 3842 2376 3897 alium
2401 3841 2611 3912 judicas
2634 3859 2752 3898 esse
2777 3859 2938 3914 quam
2962 3843 3139 3910 fuerit,
3173 3844 3246 3898 ita
3276 3844 3476 3899 elatum
3517 3844 3683 3900 verbis
3706 3843 3772 3898 in-

2207 3937 2420 3999 cedere,
2454 3944 2508 3991 et
2535 3937 2760 3990 tumenti
2786 3943 3006 4008 aspectu
3033 3937 3262 4007 aspicias
3290 3937 3356 3991 ad
3387 3937 3580 3993 cmlum
3601 3936 3769 3992 collum

2205 4038 2445 4100 portare,
2490 4045 2554 4084 ac
2592 4031 2923 4101 paupertatis
2964 4029 3226 4085 beneﬁcio
3281 4030 3374 4085 diu
3420 4031 3654 4086 clausum
3687 4028 3771 4083 iter

2207 4120 2398 4190 lingua:
2437 4121 2724 4177 verborum
2771 4122 2980 4177 munire
3009 4121 3370 4192 ponderibus;
3403 4132 3560 4192 atque
3587 4123 3637 4178 in
3673 4129 3770 4175 tan-

2206 4222 2318 4268 tum
2354 4213 2617 4269 fastidiosi
2650 4215 2760 4270 oris
2789 4215 2950 4270 verba
2979 4214 3288 4286 disponere,
3323 4223 3380 4270 ut
3409 4231 3527 4271 cum
3559 4215 3667 4285 ipse
3691 4227 3768 4266 ve-

2205 4305 2266 4360 lit
2292 4305 2457 4376 loqui,
2489 4307 2653 4361 alium
2695 4307 2829 4362 nolit
2872 4307 3079 4362 audire.
3112 4307 3217 4364 Sed
3260 4309 3375 4364 lucc
3410 4308 3648 4378 quamvis
3681 4305 3769 4360 sint

2204 4413 2303 4467 per
2338 4412 2396 4452 se
2435 4398 2639 4467 gravia,
2673 4407 2886 4453 constat
2925 4399 3190 4454 illecebris
3220 4399 3522 4470 cupiditatis
3547 4395 3767 4452 animari.

2203 4486 2392 4543 Cessat
2424 4489 2656 4560 denique
2677 4489 2981 4545 divitiarum
3012 4507 3228 4562 pompa,
3271 4500 3327 4545 et
3355 4507 3463 4546 non
3492 4498 3601 4544 tam
3638 4487 3768 4542 facile

2204 4581 2463 4646 invenies,
2490 4583 2582 4652 qui
2612 4584 2879 4654 superbia:
2908 4583 3117 4639 laboret
3141 4584 3358 4639 invidia.

489 4654 712 4742 ;cundia:
741 4661 1091 4715 commoveri.
1123 4661 1294 4729 Quam
1323 4667 1369 4721 si
1397 4669 1518 4736 quis
1550 4669 1852 4729 humilitate
1894 4692 2098 4746 pmveu
2127 4687 2178 4750 D
2272 4672 2324 4725 5.
2364 4671 2537 4727 Radix
2565 4675 2789 4728 omnium
2821 4673 3075 4727 malorum
3097 4685 3174 4728 est
3204 4673 3477 4745 cupiditas.
3507 4673 3766 4728 Curramus

478 4743 679 4811 'nerit,
731 4763 839 4802 non
879 4749 1094 4808 dilﬁcile
1141 4755 1244 4809 erit
1294 4766 1352 4812 ut
1399 4759 1450 4813 in
1485 4762 1691 4818 cmlesti
1741 4765 1868 4822 sede
1896 4743 2093 4824 iocum

503 4844 714 4894 Dterna:
741 4843 1097 4909 possessionis
1119 4845 1378 4914 inveniat,
1405 4850 1472 4905 de
1501 4867 1607 4921 quo
1625 4854 1712 4909 ille
1733 4855 1976 4914 diabolus
2002 4876 2093 4915 su-

496 4931 681 5002 perbia
712 4945 971 5003 operante
992 4936 1264 5008 depulsus,
1297 4945 1617 5000 sententiam
1642 4958 1912 5018 perpetua:
1939 4951 2092 5007 dam-

497 5025 736 5080 nationis
760 5030 992 5100 excepit.
1017 5030 1298 5088 Sectemur
1318 5050 1446 5105 ergo
1476 5037 1853 5109 humilitatem,
1883 5046 2089 5101 sobrie-

493 5123 683 5185 tatem,
732 5121 1140 5188 continentiam,
1197 5127 1548 5198 pudicitiam;
1581 5133 1921 5194 elaboremus
1950 5140 2090 5194 obti-

493 5212 675 5268 uendo
733 5215 911 5269 studio
981 5219 1325 5286 sanctitatis;
1379 5231 1437 5278 ut
1501 5226 1608 5280 vita
1671 5239 1856 5285 nostra
1929 5233 2089 5289 nullis

496 5302 710 5360 damnis
766 5307 959 5362 anima:
1012 5312 1370 5378 concutiatur,
1430 5317 1591 5373 nullis
1642 5337 1896 5392 umquam
1944 5325 2088 5397 apud

493 5396 783 5455 Dominum
812 5401 950 5457 odiis
975 5402 1184 5460 addicta
1214 5408 1466 5478 suspiret.

1069 5535 1351 5594 HOMILIA
1393 5541 1507 5597 XX.

1114 5650 1193 5706 De
1221 5655 1459 5708 avaritia.

521 5793 523 5796 ι
572 5759 620 5812 1.
648 5761 930 5825 Asserunt,
954 5763 1303 5833 dilectissimi,
1335 5771 1834 5826 auctoresomniun'i
1855 5781 2091 5828 curatio-

499 5863 627 5906 mnu
678 5853 900 5908 diversis
929 5854 1202 5911 doloribus
1250 5859 1529 5916 medicina:
1569 5861 1828 5920 beneﬁcia
1877 5864 2090 5924 diversa

2199 4781 2298 4836 per
2325 4765 2552 4834 singula,
2587 4766 2633 4821 si
2676 4766 2907 4830 videtur,
2950 4775 3004 4822 et
3055 4767 3344 4822 invenietis
3380 4767 3593 4836 quantis
3637 4761 3765 4816 malis

2199 4858 2426 4929 pullulet
2459 4859 2644 4914 vitium
2685 4861 3010 4931 cupiditatis.
3059 4859 3199 4914 Ecce
3254 4867 3494 4914 armatur
3548 4858 3767 4914 vicinitas

2197 4949 2508 5021 frequenter
2535 4951 2601 5005 ad
2639 4951 2785 5007 litem
2831 4969 2843 5004 :
2887 4951 3025 5006 unde
3065 4959 3166 5013 est,
3218 4951 3317 5006 nisi
3347 4951 3495 5020 quod
3533 4951 3615 5006 hic
3651 4948 3767 5002 forte

2197 5043 2456 5098 terminos
2488 5044 2886 5109 transcendere,
2918 5051 2971 5098 ct
3013 5044 3273 5114 cespitem
3291 5042 3430 5111 juris
3456 5043 3614 5096 alieni
3643 5039 3766 5106 cogi-

2195 5143 2274 5189 tat
2301 5151 2567 5206 occupare
2589 5138 2611 5190 ?
2630 5134 2807 5204 Quare
2837 5153 2942 5190 non
2966 5137 3171 5192 occurit
3189 5137 3360 5192 oculis
3377 5137 3461 5192 illa
3485 5133 3732 5191 sententia
3755 5149 3763 5180 :

2195 5225 2281 5281 Ne
2319 5231 2594 5282 transeatis
2632 5231 2876 5284 terminos
2917 5246 3041 5302 quos
3101 5240 3382 5301 posuerunt
3420 5239 3588 5301 patres
3636 5224 3767 5280 rastri

2196 5318 2376 5392 (Prov.
2404 5336 2493 5385 xu,
2518 5319 2610 5392 28)
2635 5323 2656 5376 ?
2690 5321 2828 5377 Ecce
2856 5321 2912 5375 ﬁt
2941 5321 3173 5392 primum
3206 5322 3259 5377 in
3289 5322 3398 5378 hoc
3428 5322 3546 5378 loco
3573 5319 3638 5375 de.
3660 5333 3768 5389 pro—

2196 5412 2423 5483 prictate
2444 5413 2720 5468 contentio
2745 5432 2756 5466 :
2787 5413 2986 5468 etdqu
3007 5430 3161 5468 suam
3187 5413 3416 5484 quisque
3444 5412 3764 5484 cupiditatem

2197 5503 2371 5559 verbis
2393 5502 2555 5570 fovet,
2579 5504 2852 5560 stimulum
2886 5505 2991 5559 litis
3019 5506 3284 5562 accendit.
3315 5504 3522 5563 Crescit
3548 5513 3784 5580 postmox

2196 5596 2321 5648 dum
2344 5595 2408 5649 dc
2438 5597 2785 5650 contentione
2806 5598 3047 5652 causatio
3083 5617 3094 5651 :
3130 5607 3294 5669 atque
3333 5599 3533 5653 utinam
3560 5598 3662 5650 hoc

2195 5686 2305 5739 lum
2361 5686 2632 5743 sufﬁceret
2674 5688 2998 5758 cupiditati!
3045 5689 3174 5744 Illud
3223 5690 3441 5760 gravius
3483 5698 3576 5749 est,
3638 5684 3765 5756 quod

2193 5776 2318 5831 dum
2347 5794 2506 5832 nemo
2540 5779 2653 5832 vult
2686 5779 2948 5834 inchoatae
2989 5781 3272 5836 calumnia:
3304 5780 3478 5838 facere
3497 5779 3766 5850 jacturam.

2191 5871 2502 5941 pervenitur
2531 5872 2598 5928 ad
2621 5872 2809 5927 rixam.
2844 5873 3134 5931 Armantur
3153 5878 3315 5941 servi,
3343 5875 3621 5931 incitat!"Ir
3645 5877 3763 5935 PW'
