3960 6358
209 342 314 404 πε

1610 330 1891 391 HOMlLIA
1928 334 2049 395 XX.

3406 348 3510 412 75d

205 456 416 532 pinqui,
446 463 504 513 et
533 455 588 512 in
615 453 840 513 alterius
871 455 1081 514 lucrum
1118 464 1311 529 pectus
1337 454 1634 528 opponitur
1669 452 1806 512 alie-
1831 455 1884 519 Δ
1912 454 2274 516 ordinantem.
2314 460 2426 521 Nec
2450 462 2668 522 difficile
2715 472 2828 537 est,
2873 468 3020 541 quod
3064 469 3218 542 pejus
3245 479 3361 544 est,
3392 473 3508 528 cui-

206 568 356 609 uum.
390 549 676 606 Auimatur
693 550 820 606 vino
850 548 1001 606 furor
1020 550 1340 618 conductus,
1372 558 1429 606 et
1455 548 1657 606 effusus
1676 565 1804 605 san-

204 643 324 714 guis
373 642 433 697 fit
468 643 699 713 pretium
743 645 1116 715 possessionis.
1161 642 1416 715 Aperitur
1461 643 1804 714 postmodum

206 737 416 808 legibus
445 735 648 802 forum;
687 746 740 792 et
769 737 894 792 dum
935 738 1154 793 ultionis
1184 737 1332 794 locus
1359 737 1638 807 qumritur,
1669 753 1804 794 con-

204 827 513 901 geminatur
558 827 922 883 homicidium.
982 827 1238 884 Videmus
1285 829 1449 884 etiam
1496 827 1806 899 frequenter

205 922 350 977 acies
389 919 685 991 cupiditate
719 920 1006 991 componi,
1055 919 1185 976 dum
1224 929 1320 975 aut
1356 921 1444 976 hic
1488 921 1600 976 vult
1631 921 1805 977 videri

204 1012 388 1078 ditior,
423 1020 516 1066 aut
554 1011 643 1066 ille
683 1012 953 1068 erubescit
989 1027 1108 1068 esse
1138 1014 1446 1084 pauperior.
1479 1011 1684 1080 Quibus
1720 1013 1805 1068 in-

204 1113 288 1160 ter
315 1118 376 1159 se
397 1103 774 1160 :cmulantibus
803 1105 1136 1176 periclitatur
1156 1106 1370 1161 interim
1392 1107 1564 1163 vicina
1587 1123 1806 1180 posses-

205 1195 366 1251 sione
437 1197 808 1264 consortium,
857 1196 985 1252 dum
1020 1199 1212 1267 qumrit
1245 1200 1366 1269 quis
1394 1201 1598 1270 primus
1654 1201 1805 1258 inva-

201 1290 315 1355 dat,
349 1297 405 1344 et
431 1289 634 1359 cogitat
665 1298 722 1344 ut
763 1291 1001 1345 immune
1033 1291 1326 1362 possideat.
1363 1292 1440 1348 Ita
1485 1295 1545 1348 fit
1581 1302 1640 1349 ut
1674 1294 1802 1350 dum

201 1383 472 1454 cupiditas
522 1383 715 1453 quzerit
759 1393 1124 1454 augmentum,
1153 1385 1534 1456 patrimonium
1592 1387 1804 1443 vacillet

203 1475 466 1532 alienum.

270 1569 326 1624 4.
369 1569 549 1638 Quare
593 1586 701 1626 non
742 1571 981 1640 cogitant
1011 1571 1094 1626 isti
1125 1572 1270 1626 illam
1297 1573 1652 1641 sententiam,
1682 1588 1803 1644 qua:

199 1661 363 1719 dicit:
390 1661 578 1729 Stulte,
607 1664 703 1716 hac
724 1675 873 1719 nocte
893 1667 1174 1738 requiretur
1202 1684 1233 1721 a
1265 1677 1310 1720 te
1339 1668 1516 1721 anima
1545 1678 1662 1734 tua;
1691 1669 1802 1724 hac

199 1769 320 1824 quae
346 1755 542 1824 parasti
572 1753 719 1825 cujus
747 1764 898 1809 erunt
932 1754 1090 1826 (Luc.
1127 1773 1218 1823 xu,
1255 1756 1389 1828 20)?
1418 1756 1486 1813 Et
1513 1773 1640 1813 vere
1670 1759 1800 1814 nihil

1907 565 2068 620 quam
2097 550 2340 610 invenire
2364 570 2644 628 personas,
2677 568 2771 616 aut
2797 561 3002 618 scelere
3030 564 3374 635 conjunctas.
3407 572 3506 621 aut

1906 641 2085 712 pretio
2131 655 2491 716 comparatas.
2523 647 2770 706 Imitatur
2803 651 2892 709 hic
2939 653 3122 709 infelix
3149 654 3508 726 subscriptio-

1906 749 2030 790 nem
2059 751 2250 792 manus
2278 738 2488 796 alienae.
2518 739 2596 797 Ita
2625 744 2944 814 scripturam
2964 761 3125 816 quam
3145 754 3374 802 testator
3391 761 3504 804 non

1906 827 2158 896 instituit,
2181 831 2445 903 cupiditas
2465 833 2674 892 calamo
2695 838 2886 908 saepius
2904 848 3184 911 repetente
3203 840 3501 910 componit.

1978 921 2031 976 6.
2075 921 2254 979 Radix
2299 928 2527 982 omnium
2568 931 2822 986 malorum
2859 942 2937 987 est
2973 933 3248 1006 cupiditas.
3292 932 3392 988 Hic
3437 931 3508 988 ad

1905 1011 2327 1070 confirmandam
2351 1015 2593 1074 fraudem
2615 1030 2790 1075 armat
2810 1021 3048 1093 periurio
3077 1022 3382 1086 falsitatem,
3413 1022 3508 1079 ille

1905 1103 2098 1160 alienis
2125 1104 2308 1162 litibus
2334 1116 2646 1180 corruptum
2676 1127 3080 1182 nonnumquam
3107 1122 3300 1185 pectus
3327 1129 3506 1184 oppo-

1906 1196 2004 1251 nit.
2036 1195 2115 1252 Ita
2161 1197 2262 1253 sub
2291 1199 2448 1254 unius
2485 1201 2793 1271 cupiditatis
2819 1204 2950 1259 vitio
2979 1204 3204 1260 facultas
3231 1212 3289 1260 et
3313 1204 3507 1276 acqui-

1904 1288 2073 1356 ritur,
2104 1297 2161 1345 et
2206 1289 2493 1348 laceratur.
2538 1291 2637 1350 Ubi
2686 1303 2769 1350 est
2813 1297 2958 1366 quod
2998 1297 3130 1354 dicit
3165 1297 3444 1370 Scriptura
3483 1317 3504 1354 :

1905 1377 2098 1436 Falsus
2129 1382 2271 1436 testis
2316 1399 2422 1437 non
2465 1386 2565 1438 erit
2603 1386 2886 1456 impunitus
2932 1386 3121 1460 (Prov.
3153 1405 3204 1456 v,
3236 1387 3377 1461 i9)?
3402 1387 3506 1446 Cui

1905 1470 2009 1526 hoc
2037 1473 2408 1543 imputandum
2434 1484 2717 1547 putamus,
2749 1479 2896 1547 quod
2925 1479 3065 1536 inter
3092 1480 3214 1536 illos
3238 1496 3376 1551 quos
3404 1497 3506 1536 au-

1903 1564 2081 1621 dimus
2122 1566 2408 1637 aliquoties
2435 1569 2748 1626 criminibus
2785 1573 3122 1641 interluisse,
3152 1573 3315 1630 etiam
3343 1575 3508 1630 inno-

1905 1667 2091 1716 centes
2119 1660 2172 1715 in
2196 1662 2399 1717 crimen
2427 1666 2731 1720 vocantur?
2759 1664 2919 1721 Venit
2947 1667 3092 1722 enim
3119 1666 3430 1738 frequenter
3449 1667 3508 1723 in

1905 1752 2204 1821 quaestione
2250 1754 2516 1824 suspicio;
2564 1765 2620 1811 et
2647 1772 2767 1811 cum
2811 1757 2953 1828 apud
2998 1759 3226 1814 alterum
3274 1757 3511 1814 resideat

199 1854 288 1901 est
306 1847 522 1902 stultius
542 1862 785 1916 qumrere
803 1846 963 1902 dubia
993 1857 1050 1903 et
1072 1850 1353 1920 acquirere
1374 1851 1632 1922 peritura,
1673 1849 1812 1918 Quid
1846 1849 1889 1909 Β
1919 1840 2044 1898 furti
2069 1843 2258 1914 culpa,
2291 1845 2358 1899 ad
2395 1846 2558 1901 alium
2586 1848 2776 1902 transit
2821 1849 3155 1920 pervasionis
3184 1849 3401 1905 invidia.
3429 1848 3512 1903 Ita

199 1941 353 1996 enim
381 1949 606 2011 prosunt
635 1940 840 1996 homini
870 1956 1033 2012 opes,
1065 1955 1185 2012 qua:
1222 1941 1288 1996 ad
1319 1943 1422 1998 hoc
1461 1943 1637 1998 solum
1676 1959 1808 1999 con-

199 2041 498 2105 gregantur
539 2041 597 2088 ut
642 2035 912 2104 pereant?
948 2032 1109 2089 Certe
1161 2043 1213 2090 te
1261 2035 1524 2089 moriente
1565 2043 1810 2091 remanet

199 2142 398 2198 cespes
426 2127 649 2182 avaritia
673 2135 1000 2199 propagatus
1025 2146 1038 2182 :
1066 2127 1386 2198 relinquitur
1407 2127 1661 2200 ampliata
1683 2145 1810 2201 pos-

198 2221 413 2286 sessio;
444 2229 499 2276 et
526 2221 770 2290 quamvis
791 2220 862 2275 sit
891 2221 944 2275 in
975 2221 1198 2276 alterius
1225 2229 1549 2292 potestatem
1576 2221 1811 2278 transfu-

200 2328 289 2378 sa,
317 2311 682 2366 testimonium
714 2320 892 2366 tamen
925 2312 1000 2366 tui
1029 2311 1249 2367 sceleris
1277 2321 1578 2367 servatura.
1610 2311 1667 2368 In
1700 2328 1810 2383 quo

202 2404 334 2460 loco
362 2403 680 2473 cogitandus
714 2418 927 2474 semper
959 2404 1045 2458 ille
1074 2404 1423 2475 propheticus
1453 2420 1630 2460 sermo
1663 2423 1677 2460 :
1719 2403 1812 2462 Vc

199 2499 290 2554 illi
331 2499 416 2571 qui
438 2499 615 2570 junqu
644 2498 817 2552 villam
846 2498 916 2551 ad
943 2497 1117 2552 villam
1147 2495 1282 2568 (Isa.
1326 2515 1377 2564 v,
1410 2498 1487 2567 8).
1519 2497 1626 2553 Sed
1655 2498 1810 2566 dicis,

203 2589 362 2660 Lego
390 2599 627 2662 parentes
655 2590 780 2660 [iliis
813 2589 1161 2644 thesaurisare
1183 2590 1365 2644 debere
1393 2589 1458 2660 (Il
1487 2589 1608 2645 Cor.
1633 2607 1670 2654 ι,
1694 2588 1808 2662 ει).

204 2683 295 2739 Ex
325 2684 426 2739 hac
454 2683 566 2754 ipsa
595 2682 862 2738 sententia
893 2692 1050 2754 potes
1077 2697 1372 2752 agnoscere
1409 2683 1535 2752 quid
1566 2682 1814 2753 profece-

203 2780 287 2836 rit
325 2779 501 2850 pietas
540 2785 650 2832 tua.
692 2775 830 2832 Ecce
875 2777 943 2831 ad
983 2775 1146 2830 alium
1192 2784 1472 2831 transeunt
1507 2775 1813 2831 divitiarum

207 2880 430 2925 tuarmn
469 2876 819 2935 ornamenta,
852 2876 907 2922 et
944 2876 1125 2923 tecum
1165 2875 1407 2923 remanet
1453 2870 1818 2939 persuasionis

205 2960 436 3018 invidia.
470 2959 623 3030 Apud
654 2959 817 3014 alium
856 2958 1166 3015 facultatum
1199 2969 1412 3015 tuarum
1441 2975 1637 3032 pompa
1664 2977 1818 3018 rese-

203 3054 315 3118 dit,
344 3061 399 3109 et
421 3062 596 3108 tecum
620 3069 776 3124 poma
808 3051 1076 3122 migravit.
1108 3051 1359 3107 Stultitize
1385 3067 1553 3122 genus
1573 3063 1675 3119 est,
1699 3055 1818 3112 aliis

206 3146 408 3203 fecisse
429 3146 654 3210 lucrum,
679 3152 734 3199 et
752 3143 854 3199 sibi
878 3159 1099 3214 parasse
1121 3145 1462 3216 supplicium.
1489 3145 1620 3200 Nam
1643 3147 1715 3202 ita
1738 3147 1820 3202 di-

1910 1933 2037 1990 dum
2067 1947 2413 2006 augmentum
2438 1937 2749 1994 facultatum
2769 1941 3043 2010 qumritur,
3075 1941 3239 1996 etiam
3259 1940 3398 1996 bene
3419 1955 3512 1996 ac-

1907 2027 2106 2097 quisita
2137 2028 2462 2084 lacerantur.
2497 2029 2587 2085 Sic
2620 2030 2678 2084 ﬁt
2717 2041 2775 2086 ut
2803 2033 3086 2103 aliquoties
3122 2031 3417 2090 descendat
3443 2047 3512 2090 ex

1910 2121 2204 2191 cupiditate
2247 2122 2481 2185 falsitas,
2527 2131 2581 2178 et
2621 2139 2688 2178 ex
2737 2124 2966 2180 falsitate
2994 2134 3301 2197 paupertas.
3334 2124 3514 2180 Radia:

1911 2213 2143 2267 omnium
2179 2211 2434 2268 malorum
2461 2225 2538 2268 est
2566 2215 2840 2287 cupiditas.
2880 2214 3029 2272 Unde
3076 2225 3158 2272 est
3183 2216 3328 2287 quod
3356 2216 3514 2272 vide.

1911 2319 2032 2359 nius
2059 2304 2201 2360 inter
2225 2319 2286 2361 se
2313 2304 2623 2376 frequenter
2649 2317 2886 2363 armatas
2904 2318 3048 2365 stare
3073 2309 3346 2379 legiones?
3372 2307 3516 2376 Quid

1912 2407 2094 2454 autem
2125 2399 2272 2454 aliud
2318 2408 2430 2468 est,
2477 2401 2580 2456 nisi
2605 2402 2750 2472 quod
2777 2412 2868 2457 aut
2898 2403 2987 2459 ille
3030 2404 3207 2458 aliena
3246 2416 3518 2472 occupare

1913 2493 2142 2563 quaerit,
2175 2501 2268 2548 aut
2315 2493 2405 2549 ille
2449 2504 2712 2566 occupata
2759 2497 3029 2552 custodit?
3067 2496 3196 2553 Inde
3238 2494 3519 2552 descendit

1911 2585 2060 2654 quod
2090 2584 2375 2654 aliquoties
2401 2585 2469 2641 de
2509 2587 2720 2658 imperii
2758 2597 3026 2658 potestate
3054 2588 3430 2655 contenditur,
3459 2595 3520 2643 et

1913 2675 1984 2732 de
2013 2678 2273 2746 primatus
2319 2680 2612 2735 ambitione
2651 2690 2908 2736 certatur.
2952 2680 3143 2736 Omnia
3172 2679 3418 2752 profecto
3459 2681 3518 2736 in

1914 2785 2052 2841 pace
2078 2772 2470 2840 consisterent,
2517 2773 2564 2828 si
2592 2773 2867 2830 hominem
2907 2773 3207 2846 imperandi
3248 2773 3520 2846 cupiditas

1917 2878 2027 2918 non
2057 2872 2382 2919 removeret.

1991 2953 2044 3009 7.
2079 2953 2254 3010 Radix
2273 2957 2501 3010 omnium
2523 2957 2779 3013 anulorum
2797 2966 2875 3013 est
2893 2959 3132 3013 avaritia.
3157 2957 3518 3028 Requiramus

1917 3046 2072 3117 cujus
2116 3047 2187 3102 sit
2232 3048 2422 3104 vitium
2460 3050 2606 3120 quod
2653 3051 2799 3107 tenui
2847 3051 3089 3106 tabulato
3128 3051 3363 3106 hominis
3415 3049 3518 3106 vita

1919 3141 2292 3210 committitur,
2323 3150 2379 3197 et
2405 3142 2582 3200 dubiis
2608 3144 2822 3201 casibus
2862 3143 3037 3216 pelagi
3070 3142 3275 3199 incerta
3305 3149 3521 3198 tentan~

207 3242 290 3297 cit
320 3239 646 3310 Apostolus:
674 3236 774 3303 Qui
803 3239 979 3294 colunt
1001 3239 1180 3294 divites
1209 3240 1344 3310 ﬁeri,
1369 3239 1604 3294 incidunt
1629 3242 1685 3295 in
1708 3254 1820 3296 ten.
1843 3229 1890 3294 C
1921 3240 2029 3288 tur.
2075 3231 2266 3290 Nonne
2319 3234 2600 3304 cupiditati
2647 3234 3024 3292 ascribendum
3073 3241 3188 3301 est,
3238 3247 3363 3290 cum
3424 3247 3520 3288 su-

210 3331 468 3386 tatiouem
492 3339 544 3383 et
571 3329 804 3401 laqueum
831 3329 1024 3384 diaboli
1055 3329 1096 3402 (I
1122 3329 1254 3384 Tim.
1283 3347 1353 3396 vt,
1377 3331 1454 3403 9).

287 3420 324 3475 5
382 3420 489 3476 Sed
534 3436 634 3476 nec
663 3421 823 3490 longo
860 3422 1142 3478 intervallo
1171 3423 1406 3479 caelestis
1434 3425 1702 3482 sententia
1730 3425 1818 3482 di-

209 3513 514 3570 strictionis
540 3528 650 3567 suae
677 3515 876 3569 exserit
906 3522 1252 3585 potestatem.
1280 3515 1410 3572 Nam
1437 3520 1670 3588 quodam
1701 3535 1820 3577 mo-

209 3608 289 3662 do
318 3621 416 3676 per
457 3605 653 3674 gradus
693 3607 759 3660 ad
801 3606 1056 3662 ultionem
1085 3609 1371 3678 quamdam
1421 3613 1818 3682 pneteritorum

211 3707 435 3754 actuum
471 3698 722 3753 vitiorum
764 3699 1091 3755 incrementa
1121 3702 1430 3757 succedunt.
1466 3703 1703 3774 Denique
1731 3705 1819 3762 hic

211 3787 526 3861 parricidali
568 3789 749 3844 animo
773 3798 867 3844 aut
895 3791 1061 3860 patris
1091 3793 1255 3846 vitam
1287 3793 1548 3865 increpat,
1579 3802 1673 3849 aut
1702 3810 1817 3850 ma-

214 3880 314 3936 tris
355 3889 587 3936 mortem
613 3889 909 3950 exspectat.
949 3879 1185 3938 Tueatur
1231 3882 1380 3938 illum
1428 3882 1569 3940 forte
1602 3887 1669 3942 ab
1710 3887 1817 3944 hoc

212 3971 443 4028 crimine
481 3987 643 4028 causa
683 3971 878 4028 debita:
917 3972 1265 4030 hzereditatis.
1308 3975 1505 4032 Verum
1545 3984 1629 4032 est
1661 3995 1677 4032 :
1720 3977 1816 4034 sed

210 4078 541 4134 quamquam
569 4063 837 4134 legitimus
866 4065 1036 4120 hmres
1063 4066 1152 4130 sit,
1178 4082 1286 4122 non
1315 4075 1494 4123 tamen
1516 4069 1633 4124 sine
1661 4069 1807 4140 cupi-

209 4155 398 4211 ditatis
426 4156 556 4211 vitio
583 4157 940 4213 successionis
967 4167 1093 4213 vota
1127 4159 1421 4231 componit.
1454 4159 1627 4217 Vellet
1655 4160 1812 4216 deni-

209 4263 322 4318 que
353 4248 541 4304 unicus
569 4263 707 4314 esse,
733 4249 778 4307 si
808 4256 1020 4319 posset;
1051 4248 1212 4305 modo
1233 4250 1301 4305 de
1329 4251 1498 4321 patris
1526 4262 1700 4307 morte
1720 4267 1815 4308 co-

209 4341 370 4410 gitat,
396 4340 558 4396 modo
585 4341 652 4396 de
681 4341 860 4396 fratris
885 4341 994 4396 vita
1026 4342 1278 4412 suspirat.
1308 4341 1426 4398 Non
1456 4354 1540 4399 est
1566 4345 1669 4400 hoc
1696 4345 1815 4401 sine

209 4432 405 4501 grandi
430 4432 632 4488 scelere
662 4432 971 4503 impietatis.
995 4431 1128 4487 Nam
1155 4434 1382 4503 quisque
1408 4435 1685 4490 hominum
1711 4452 1812 4507 pa-

209 4523 442 4579 rentiva:
471 4524 660 4580 mortis
683 4524 1086 4594 exspectatione
1115 4525 1346 4580 animam
1372 4527 1561 4596 pascit,
1587 4527 1814 4598 parrici-

1920 3327 2274 3402 perveniente
2299 3330 2534 3402 procella
2564 3331 2730 3385 altum
2758 3343 2907 3386 mare
2931 3328 3178 3384 nauticus
3199 3327 3408 3384 clamor
3433 3326 3518 3383 in-

1919 3425 2111 3480 cusat?
2137 3423 2328 3481 Nonne
2357 3424 2424 3480 ad
2453 3421 2760 3494 cupiditatis
2797 3420 3028 3477 recurrit
3063 3419 3352 3484 invidiam,
3392 3433 3519 3474 cum

1919 3517 2160 3587 scrupeis
2198 3517 2421 3587 rupibus
2467 3513 2780 3584 naufragum
2817 3529 3012 3584 corpus
3042 3512 3296 3579 illiditur,
3327 3519 3385 3568 et
3425 3519 3520 3567 tu-

1919 3611 2121 3665 mentia
2152 3611 2306 3680 aquis
2350 3607 2590 3664 membra
2631 3607 2828 3677 ignotis
2867 3607 3136 3662 littoribus
3163 3605 3340 3678 pelagi
3374 3604 3519 3661 unda

1914 3699 2228 3772 iactantur?
2255 3699 2556 3770 Numquam
2586 3714 2645 3754 se
2679 3698 2922 3770 profecto
2965 3707 3126 3754 nauta
3157 3697 3371 3767 navigio
3399 3711 3520 3753 cre-

1917 3792 2159 3854 didisset.
2194 3792 2293 3847 nisi
2318 3789 2601 3860 navigandi
2629 3789 2952 3846 desiderium
2979 3787 3290 3860 negotiandi
3311 3787 3520 3858 cupidi-

1917 3891 2003 3940 tas
2032 3884 2327 3940 incitasset.
2357 3881 2550 3938 Fertur
2577 3880 2809 3950 denique
2835 3880 3001 3936 homo
3029 3879 3186 3934 undis
3214 3886 3340 3935 voto
3376 3892 3516 3948 qua-

1915 3975 2279 4049 druplicandze
2307 3975 2548 4047 pecunia
2569 4016 2584 4041 ,
2629 3979 2874 4044 portatur
2901 3986 3091 4026 aurum
3120 3978 3178 4026 ut
3210 3975 3521 4040 reportetur

1915 4083 2039 4124 cum
2081 4067 2314 4125 falsitate
2353 4065 2665 4136 perjurium.
2706 4062 3006 4131 Numquam
3053 4061 3195 4116 enim
3238 4059 3516 4129 negotium

1917 4161 2034 4216 sine
2065 4157 2249 4214 fraude
2277 4157 2484 4225 agitur,
2519 4156 2608 4210 ubi
2637 4153 2706 4208 ad
2743 4153 2849 4208 hoc
2894 4151 3071 4207 solum
3099 4151 3254 4206 vilius
3281 4150 3511 4216 emitur,

1917 4261 1978 4307 ut
1997 4253 2212 4308 charius
2237 4250 2586 4305 distrahatur.
2620 4247 2677 4302 in
2706 4261 2813 4316 qua
2839 4259 2898 4300 re
2923 4244 3086 4300 etiam
3109 4245 3154 4299 si
3177 4245 3316 4300 votis
3338 4243 3517 4300 homi-

1919 4361 2043 4399 tum
2079 4346 2187 4417 39
2214 4341 2487 4410 navigatio
2509 4339 2690 4410 quieta
2719 4337 3059 4400 successerit,
3094 4351 3199 4391 non
3228 4335 3347 4392 sine
3376 4351 3514 4391 nau-

1916 4434 2084 4504 fragio
2125 4442 2227 4499 est,
2259 4448 2382 4489 cum
2414 4432 2554 4486 inter
2572 4427 2894 4484 vendentem
2923 4437 2979 4484 et
3005 4436 3274 4484 ementem
3315 4427 3515 4498 iniquis

1916 4534 2009 4582 aut
2035 4524 2391 4597 ponderibus,
2424 4530 2518 4579 aut
2544 4519 2839 4585 mensuris,
2871 4520 2992 4590 quis
3025 4528 3117 4575 aut
3143 4528 3398 4592 operatur
3421 4530 3517 4576 aut

209 4614 326 4670 dali
353 4614 578 4670 crimine
623 4614 675 4669 in
712 4613 1025 4670 inmeditate
1052 4616 1308 4672 succedit.
1341 4615 1398 4672 In
1427 4633 1536 4686 quo
1565 4617 1686 4674 loco
1714 4635 1812 4674 cu-
1843 4619 1892 4680 D
1917 4621 2136 4693 patitur.
2162 4618 2340 4688 Quare
2369 4618 2454 4674 isti
2479 4633 2586 4673 non
2608 4616 2850 4686 cogitant
2878 4615 3022 4670 illam
3050 4616 3374 4671 sententiam
3395 4628 3516 4682 quae

209 4705 458 4777 piditatis
502 4707 732 4778 impulsu
780 4707 1087 4763 nutriuntur
1133 4708 1275 4764 inter
1319 4708 1629 4765 cohzeredes
1667 4710 1807 4766 odia.

211 4795 456 4853 Necdum
487 4796 642 4853 funus
667 4796 916 4862 effertur,
961 4806 1015 4854 et
1038 4798 1150 4868 jam
1182 4800 1486 4855 testamenti
1523 4798 1655 4856 fides
1677 4800 1816 4870 juris

212 4887 377 4956 inter;
399 4889 665 4944 retatione
691 4897 967 4945 vacuatur.
1000 4889 1152 4945 Alter
1181 4889 1248 4945 de
1284 4891 1677 4962 subscriptione
1719 4908 1816 4963 pa-

211 4983 317 5038 tris
359 4981 623 5052 disputat,
657 4981 794 5037 alter
820 4981 889 5038 de
927 4982 1106 5038 fratris
1140 4998 1370 5055 persona
1411 4982 1684 5055 desperat.
1715 4982 1817 5041 Hic

212 5075 412 5131 astruit
441 5075 760 5146 scripturam
799 5089 906 5130 non
947 5083 1092 5131 stare
1140 5076 1396 5140 testibus,
1441 5076 1533 5131 ille
1579 5077 1818 5147 assignat

211 5176 600 5225 cstamentum
645 5183 752 5222 non
793 5168 1080 5224 convenire
1111 5167 1459 5238 temporibus.
1492 5167 1570 5224 Ita
1595 5168 1815 5226 vacillat

213 5261 478 5334 przcdium
515 5261 568 5316 in
612 5261 892 5317 collisione
918 5275 1230 5324 causarum;
1278 5267 1334 5314 et
1357 5261 1500 5328 quod
1530 5260 1816 5330 acquisivit

215 5353 443 5409 avaritia
488 5361 801 5424 parentum,
830 5353 1006 5426 perdit
1040 5353 1306 5424 cupiditas
1336 5351 1586 5407 filiorum.
1621 5352 1816 5410 Audite

215 5444 548 5517 Scripturam
585 5445 852 5502 dicentem
895 5464 908 5500 :
954 5442 1039 5500 Ne
1074 5447 1404 5517 concupiscas
1451 5462 1559 5500 rem
1588 5448 1814 5518 proximi

219 5538 293 5590 tui
319 5535 511 5608 (Exod.
539 5555 628 5603 xx,
656 5537 765 5605 l7).
789 5536 1104 5594 Enumerari
1127 5555 1232 5594 non
1255 5547 1435 5610 potest
1459 5541 1676 5608 quantis
1697 5554 1814 5596 mo-

217 5631 303 5687 dis
328 5633 592 5704 cupiditas
614 5634 816 5689 smviat.
841 5633 979 5690 Ecce
1010 5635 1098 5690 ubi
1122 5643 1498 5690 testamentum
1524 5632 1810 5706 profertur,

211 5726 401 5783 statim
442 5725 509 5782 de
555 5725 786 5782 falsitate
832 5727 1118 5800 cogitatur.
1151 5724 1418 5794 Quaeritur
1457 5727 1581 5797 quis
1606 5734 1814 5782 mutum

222 5817 452 5876 audierit
498 5818 836 5889 loquentem,
866 5819 987 5887 quis
1016 5828 1285 5876 mortuum
1315 5820 1556 5876 lucredes
1602 5821 1816 5878 noverit

1916 4711 2078 4768 dicit:
2105 4710 2254 4768 Sicut
2275 4727 2479 4764 mensus
2504 4710 2682 4782 fueris,
2706 4709 2946 4763 metietur
2966 4704 3056 4761 tibi
3079 4705 3293 4777 (Matth.
3313 4721 3404 4770 vn,
3420 4703 3477 4775 2)
3497 4707 3522 4759 ?

1987 4804 2042 4860 8.
2081 4803 2461 4861 Erubescimus
2490 4803 2578 4858 illa
2607 4803 2807 4868 dicere,
2829 4800 3185 4866 dilectissimi,
3207 4814 3331 4870 qua:
3357 4797 3514 4853 luxu-

1914 4897 1997 4953 ria
2044 4905 2236 4967 agente
2281 4893 2597 4950 deferuntur
2640 4892 2728 4948 cui
2775 4891 3053 4948 descendit
3104 4906 3173 4946 ex
3219 4888 3514 4960 cupiditate

1917 4986 2317 5044 commercium.
2351 4984 2686 5054 Frequenter
2715 4984 2876 5054 igitur
2895 4981 3193 5052 conjugalis
3218 4981 3392 5052 pudor
3417 4995 3514 5051 pe-

1919 5078 2091 5136 cunia:
2119 5077 2393 5131 taxatione
2421 5076 2661 5140 vilescit,
2693 5081 2748 5129 et
2787 5073 2877 5128 diu
2908 5072 3326 5129 incontaminata
3351 5071 3516 5139 virgi-

1918 5169 2057 5226 nitas
2085 5168 2184 5223 sub
2204 5183 2372 5239 parvo
2393 5167 2511 5222 auri
2531 5166 2771 5238 pondere
2791 5164 3081 5236 prostituta
3106 5160 3262 5218 fidem
3293 5161 3518 5230 integri-

1916 5263 2043 5318 tatis
2071 5262 2266 5317 amisit.
2311 5260 2483 5315 Tanta
2512 5269 2596 5314 est
2623 5258 2764 5330 apud
2793 5258 3099 5327 aliquantos
3125 5254 3423 5325 cupiditas,
3457 5260 3518 5308 ut

1913 5355 2121 5414 venalis
2149 5353 2322 5426 pudor
2347 5353 2579 5425 pretium
2610 5351 2863 5407 foeditatis
2891 5348 3149 5406 inveniat.
3181 5346 3315 5402 Nam
3342 5345 3416 5400 ita
3445 5341 3516 5398 ad

1914 5447 2320 5518 corruptionem
2362 5444 2609 5514 corporis
2661 5443 2890 5513 pecunia
2945 5439 3189 5496 studiose
3229 5445 3512 5510 pensatur,

1915 5540 2070 5612 quasi
2092 5539 2310 5609 dignum
2332 5535 2536 5606 aliquid
2555 5542 2917 5605 comparetur.
2937 5531 3122 5588 infelix
3140 5530 3384 5602 profecto
3406 5536 3512 5596 est,

1917 5635 2009 5705 qui
2037 5634 2156 5705 plus
2185 5631 2461 5704 cupiditati
2502 5629 2735 5686 consulit
2777 5643 2940 5699 quam
2977 5625 3188 5698 pudori.
3221 5625 3517 5680 Damnasse

1916 5735 2000 5785 est
2027 5725 2304 5798 promissa:
2331 5722 2658 5779 hereditatis
2690 5721 2938 5791 gratiam,
2970 5717 3294 5807 integritatis
3321 5715 3518 5775 fecisse

1907 5821 2200 5888 jacturam.
2241 5815 2436 5874 Videte
2480 5816 2582 5873 sub
2609 5832 2718 5872 uno
2762 5813 2990 5870 crimine
3045 5825 3211 5881 quam
3255 5809 3514 5868 dissimile
