3960 6358
495 352 604 409 7115

1033 347 1094 408 S.
1136 346 1506 406 VALERIANI
1549 345 1852 404 EPISCOPI
1890 343 2716 404 CEMELIENSISEPISTOLA
2762 347 2853 403 AD
2891 345 3282 405 MONACHOS.

3672 351 3766 418 111

495 465 881 529 commercium
908 464 1233 535 cupiditatis.
1257 463 1355 519 llic
1374 462 1658 533 pecuniam
1682 460 1848 525 dedit.
1881 469 1940 518 ut
1961 469 2086 518 oor-
2109 467 2166 526 Α
2186 460 2333 518 circa
2360 470 2625 532 pauperes
2655 460 3000 532 expeneanda
3028 461 3259 520 Domino
3286 461 3434 536 Iug.
3465 467 3768 540 manu

495 559 806 634 ruptionem
832 563 1070 622 emeret;
1102 555 1192 611 illa
1219 554 1479 626 pudorem
1519 552 1778 624 perdidit,
1824 560 1884 608 ut
1920 567 2086 624 pecu~

422 630 445 708 Ῐ
486 630 644 712 niam
668 656 1024 723 compararet.
1056 647 1197 703 Nihil
1222 647 1369 705 enim
1405 647 1523 706 sine
1558 644 1852 717 cupiditate
1878 644 2086 715 agitur,

456 772 467 790 ν
492 745 943 817 quotiescumque
965 747 1238 813 peccatur.
1261 737 1394 796 Nam
1413 739 1462 796 sl
1490 749 1772 796 removeas
1793 752 2086 794 ornamen-

494 847 676 896 mrum
695 837 917 902 cultum,
941 834 1146 891 nullum
1166 833 1387 905 patieris
1408 833 1463 890 in
1483 832 1726 903 corporis
1751 831 2088 891 contaminae

445 914 450 956 ί
491 929 644 988 tione
671 926 1025 997 naufragium.
1049 925 1237 982 Cesset
1261 925 1492 996 denique
1520 923 1638 980 auri
1663 922 2006 988 desiderium,
2031 930 2089 980 et

491 1033 597 1081 nec
635 1019 936 1091 coniugalis
978 1017 1112 1076 ﬁdos
1155 1018 1324 1090 perit,
1356 1033 1458 1074 nec
1495 1017 1769 1088 virginalis
1806 1016 2087 1087 integritas

493 1112 784 1172 erubescit.

565 1206 618 1262 9.
660 1205 838 1263 Radix
865 1207 1090 1262 miunt
1125 1205 1376 1262 malorum
1404 1216 1481 1262 est
1507 1207 1742 1262 avaritias
1775 1203 1876 1261 Iiic
1903 1203 2086 1276 prodis

491 1301 658 1359 tionis
687 1301 946 1370 arguitur,
977 1299 1068 1356 ille
1091 1297 1303 1355 delator
1327 1299 1488 1356 alieni
1515 1299 1752 1355 criminis
1777 1303 2082 1354 accusatur.

489 1394 626 1464 Quis
652 1393 861 1450 dubitet
886 1391 1031 1462 quod
1070 1399 1339 1448 secretum
1365 1391 1600 1462 pectoris
1625 1390 1820 1445 oblato:
1845 1391 2084 1461 pecuniae

491 1487 706 1561 pondus
742 1485 1028 1556 irruperit?
1052 1482 1195 1540 Nihil
1219 1483 1458 1540 clausum
1495 1490 1725 1547 constat,
1766 1482 1913 1552 quod
1950 1489 2083 1538 auro

481 1586 824 1649 argentoque
869 1591 980 1633 non
1017 1582 1229 1648 pateat;
1261 1575 1394 1630 nihil
1433 1574 1735 1637 occultum.
1785 1573 1930 1642 quod
1973 1587 2083 1629 non

491 1667 719 1744 pecunia
749 1666 1037 1738 indagante
1063 1665 1134 1722 sit
1158 1665 1452 1736 cognitum.
1479 1662 1632 1721 Unde
1655 1663 1956 1735 periculose
1978 1663 2084 1720 illis

490 1759 838 1818 conscientiae
861 1757 993 1815 ﬁdes
1029 1757 1296 1823 creditur,
1319 1755 1514 1826 quibus
1540 1755 1805 1827 cupiditas
1833 1754 2081 1810 domina-

2187 553 2556 621 commendat,
2603 553 2709 610 alia
2741 553 2862 611 illos
2891 569 3030 624 quos
3056 555 3348 614 recondita:
3372 571 3472 629 per
3493 558 3669 617 scelus
3692 561 3764 619 ia-

2188 646 2421 706 eultates
2448 653 2722 704 accusant.
2754 646 2874 704 istis
2893 647 3126 718 denique
3145 659 3530 708 annumeratur
3556 652 3626 710 ad
3649 669 3765 728 sup-

2187 738 2426 810 plicium,
2460 739 2566 796 illis
2591 755 2723 796 vero
2743 747 2967 812 paratur
2985 741 3052 797 ad
3079 755 3322 811 regnum,
3346 743 3421 800 ita
3451 744 3678 803 Domino
3695 747 3765 806 di-

2184 841 2348 890 cente
2377 850 2392 888 :
2434 832 2632 900 Venite,
2663 835 2782 905 ﬁlii,
2806 835 3062 903 possidete
3078 852 3276 893 necant
3302 853 3518 911 regnum
3544 852 3764 904 parum

2187 923 2329 984 ηυδε
2357 942 2390 979 a
2418 927 2784 982 constitutione
2809 928 3011 984 mandi.
3056 926 3284 994 Esuriei,
3323 940 3374 986 et
3402 931 3620 990 dedistis
3655 938 3764 994 mihi

2184 1017 2534 1084 mettdacare;
2558 1019 2714 1086 sitlsi,
2741 1027 2791 1074 et
2818 1018 3030 1076 dedistis
3049 1020 3179 1076 mihi
3206 1019 3409 1090 bim;
3429 1024 3602 1081 παύω
3620 1043 3762 1096 παι,

2183 1119 2240 1166 et
2265 1111 2484 1166 vestistis
2513 1123 2595 1166 me
2622 1108 2839 1182 (Matth.
2872 1127 2997 1177 axv,
3027 1109 3240 1184 34-56).

2260 1200 2346 1258 10.
2386 1199 2470 1259 Sit
2487 1216 2639 1272 ergo,
2660 1201 3012 1270 dilectissimi,
3037 1205 3407 1276 unusquisque
3432 1215 3671 1264 vestr-um
3689 1209 3762 1268 illa

2187 1293 2432 1367 pecunia:
2457 1294 2720 1364 qualitate
2747 1303 3053 1362 contentus,
3075 1311 3198 1365 quae
3223 1297 3457 1365 gratiam
3477 1299 3662 1355 salutis
3685 1316 3763 1358 ac-

2186 1386 2385 1457 quirat,
2410 1401 2517 1442 non
2537 1401 2657 1456 quae
2676 1401 2894 1442 causam
2921 1385 3283 1444 damnationis
3309 1389 3590 1446 accendat.
3614 1390 3763 1448 Casti-

2186 1492 2376 1549 gemus
2397 1478 2579 1548 itaque
2608 1479 2782 1548 primo
2812 1479 2932 1536 loco
2960 1479 3332 1550 cupiditatem,
3365 1482 3413 1537 si
3451 1482 3693 1540 volumus
3715 1492 3762 1543 at

2186 1571 2427 1627 omnium
2465 1571 2718 1626 vitiorum
2751 1571 3029 1629 vincamus
3070 1588 3332 1630 errorem.
3363 1573 3543 1636 Nemo
3569 1585 3761 1648 appetat

2185 1663 2384 1730 aliena,
2427 1669 2482 1719 et
2511 1679 2619 1718 non
2658 1670 2740 1718 est
2767 1663 2862 1734 qui
2889 1663 3290 1720 inimicitiarum
3319 1665 3539 1723 laboret
3558 1667 3760 1736 invidia;

2187 1771 2347 1820 nemo
2363 1757 2586 1828 impetat
2605 1757 2958 1826 consortium,
2975 1767 3033 1815 et
3052 1759 3253 1816 nullum
3269 1767 3351 1816 est
3368 1759 3438 1817 de
3467 1763 3760 1832 pervasisse

492 1863 600 1910 tur.
617 1853 855 1910 Baberet
876 1850 1117 1924 profecto
1143 1849 1421 1920 integritas
1442 1855 1614 1906 totum
1639 1853 1929 1912 secretum,
1953 1848 2000 1904 si
2025 1847 2081 1903 in
2110 1863 2158 1924 Β
2183 1854 2481 1906 certamen.
2505 1847 2587 1904 Sit
2607 1851 2974 1920 unusquisque
2993 1859 3281 1908 contentus
3296 1853 3544 1924 propria.
3561 1861 3615 1910 et
3637 1855 3758 1919 nulla

493 1946 845 2008 alienadomo
864 1944 1128 2017 proditrix
1148 1942 1376 2014 pecunia
1397 1951 1504 1997 non
1526 1940 1750 1997 haberet
1763 1940 2083 2010 ingressum.

492 2038 672 2094 Radit:
689 2039 919 2094 omnium
943 2035 1200 2092 "talorum
1219 2043 1298 2090 est
1315 2033 1590 2106 cupiditas.
1621 2031 1762 2090 Ecce
1784 2032 1873 2088 ille
1901 2031 2087 2088 Domi-

491 2137 596 2188 nus
621 2137 687 2187 ac
711 2130 964 2187 Salvator
1001 2135 1188 2183 noster
1226 2127 1429 2183 exitum
1467 2125 1786 2181 voluntarlm
1813 2120 2088 2182 Passionis

493 2223 627 2279 vitio
655 2223 844 2280 alienae
881 2220 1191 2293 cupiditatis
1209 2219 1467 2292 implevit.
1501 2217 1748 2288 Legimus
1780 2219 2086 2274 damnatio-

495 2325 622 2373 nam
647 2317 1026 2389 Redemptoris
1053 2318 1224 2373 nostri
1263 2317 1482 2389 triginta
1509 2318 1777 2389 argenteis
1801 2327 2088 2390 compara-'-

493 2418 628 2466 tam.
676 2409 786 2466 Sed
829 2413 969 2467 sicut
1015 2410 1224 2466 Vidistis
1273 2409 1631 2482 proditionem
1679 2414 1745 2466 ex
1791 2411 2085 2482 cupiditate

493 2503 701 2571 venire,
731 2503 806 2558 ita
832 2503 1040 2560 debetis
1059 2515 1353 2572 agnoscere
1377 2503 1778 2560 damaatiunem
1807 2519 1874 2559 ex
1900 2504 2084 2575 prodi»-

494 2596 645 2651 tione
662 2594 1007 2652 descendere.
1031 2594 1283 2652 Proditus
1311 2595 1529 2668 quidem
1555 2596 1748 2652 ductus
1773 2596 1840 2652 ad
1872 2598 2080 2670 supplic-

493 2685 664 2753 cium,
705 2687 804 2743 sed
841 2686 1088 2758 proditor
1125 2688 1296 2744 currit
1337 2687 1408 2744 ad
1446 2687 1716 2759 laqueum.
1767 2687 1907 2745 Ecce
1953 2690 2083 2761 quid

471 2776 697 2835 .fntctus
749 2777 914 2834 habet
966 2778 1230 2850 cupiditas
1270 2796 1285 2834 :
1329 2779 1558 2851 pecunia
1604 2779 1968 2837 damnationis
2010 2783 2082 2840 ad

493 2869 953 2940 comparationem
981 2871 1270 2942 sepultura:
1297 2872 1552 2943 reposita,
1576 2871 1680 2928 hoc
1699 2880 1782 2928 est
1806 2872 2082 2930 funeribus

489 2961 772 3033 deputata.
812 2961 1097 3033 Intelligite
1129 2978 1287 3034 ergo,
1311 2964 1367 3020 in
1392 2979 1502 3036 quo
1533 2971 1678 3021 statu
1703 2966 1775 3021 sit
1802 2965 1958 3038 culpa
1986 2983 2084 3024 cu-

489 3056 751 3128 piditatis,
781 3072 903 3115 cum
923 3057 978 3114 in
1005 3057 1407 3116 damnationem
1434 3060 1642 3116 venerit
1679 3061 1909 3131 pretium
1950 3075 2080 3132 pro»

485 3145 728 3205 ditionis.
759 3148 896 3206 Nam
929 3159 984 3207 et
1006 3151 1286 3221 apostolus
1312 3148 1504 3208 Petrus
1529 3151 1698 3208 dicit:
1731 3151 1965 3208 Pecunia
1993 3163 2081 3208 tua

2179 1949 2275 2000 est
2300 1942 2369 1999 de
2396 1950 2661 2014 occupata
2702 1944 3046 2016 possessione
3071 1947 3331 2003 causatio.
3361 1945 3663 2006 Contemne
3684 1959 3760 2007 ια’

2187 2051 2330 2102 rum,
2359 2041 2417 2091 et
2444 2044 2687 2106 paratum
2715 2037 2989 2093 evanescit
3017 2037 3400 2108 homicidium;
3429 2055 3541 2099 nec
3565 2042 3760 2114 parriri~

2177 2128 2332 2186 dalia
2359 2129 2483 2186 odia
2523 2139 2792 2198 seruntur,
2822 2131 2868 2187 si
2895 2131 3205 2203 cupiditatis
3239 2135 3431 2192 oculus
3473 2136 3757 2208 castigem

2187 2221 2306 2280 Non
2334 2229 2419 2279 est
2442 2222 2497 2278 in
2517 2236 2627 2292 quo
2647 2222 2822 2280 haeres
2846 2223 3149 2291 erubescat,
3179 2225 3228 2282 si
3245 2226 3370 2296 quis
3397 2225 3470 2283 ad
3503 2227 3758 2287 mediocri-

2187 2321 2354 2371 tatem
2399 2314 2664 2386 portionis
2690 2329 2801 2371 suae
2839 2323 3126 2372 contentus
3153 2315 3398 2373 accedat.
3431 2316 3559 2376 Non
3583 2321 3648 2377 sit
3683 2319 3757 2392 qi

2185 2408 2430 2480 pecuniae
2451 2416 2796 2476 augmentum
2822 2415 3048 2478 quaerat,
3088 2416 3145 2464 et
3164 2409 3434 2466 neminem
3465 2410 3626 2482 culpa
3655 2423 3757 2483 pro-

2187 2501 2406 2560 ditionis
2433 2509 2669 2558 accusat.
2695 2501 2753 2557 Si
2781 2513 2891 2558 non
2919 2502 3164 2572 requiras
3191 2502 3423 2571 lucrum,
3455 2503 3658 2562 nullum
3681 2517 3756 2575 pa-

2177 2594 2339 2654 tieris
2380 2594 2434 2651 in
2472 2601 2794 2666 tempestate
2829 2593 3199 2666 naufragium;
3234 2603 3292 2653 et
3327 2612 3454 2653 cum
3508 2596 3656 2667 agelli
3693 2598 3754 2653 tui

2175 2689 2393 2748 otiosus
2433 2695 2642 2744 secreta
2669 2687 2906 2745 custodis
2923 2728 2940 2755 ,
2971 2688 3208 2744 alienum
3234 2689 3539 2761 periculum
3565 2699 3754 2748 seatrtlt

2183 2782 2434 2853 aspicies.
2456 2781 2640 2837 Vitare
2663 2781 2787 2849 ista,
2811 2781 3145 2839 dilectissimi
3159 2817 3177 2847 ,
3199 2795 3298 2854 per
3321 2783 3568 2854 singulos
3590 2783 3752 2854 gradus

2168 2871 2325 2931 forte
2351 2871 2568 2930 difﬁcile
2587 2879 2690 2938 est.
2713 2879 2770 2928 et
2787 2872 3119 2930 laboriosum
3147 2873 3332 2931 multis
3355 2874 3524 2932 simul
3545 2874 3752 2932 hostibus

2181 2981 2283 3038 per
2307 2965 2550 3022 diversos
2577 2980 2790 3023 errores
2816 2977 3120 3023 occurrere.
3153 2964 3517 3034 Quaerendum
3545 2974 3622 3024 est
3644 2980 3750 3038 ergo

2182 3057 2562 3130 compendium
2588 3057 2734 3124 belli,
2753 3064 2809 3114 et
2823 3066 3013 3116 auctor
3031 3057 3139 3114 litis
3158 3057 3552 3129 requirendus;
3579 3065 3632 3116 ut
3647 3071 3750 3118 call

2181 3151 2278 3210 illo
2323 3151 2481 3208 nobis
2526 3153 2597 3208 sit
2645 3165 2844 3224 pugna,
2875 3165 2906 3208 a
2935 3165 3046 3222 quo
3095 3151 3363 3224 processit
3408 3150 3614 3224 injuria.
3650 3149 3748 3208 Non

485 3249 655 3296 acum
679 3243 749 3298 ait
773 3242 830 3297 in
849 3242 1190 3314 perditionem
1211 3243 1347 3316 (Act.
1374 3251 1482 3309 rm.
1505 3242 1540 3297 2
1556 3243 1593 3314 ).
1614 3243 1775 3299 Forte
1795 3243 1865 3298 sit
1887 3244 2080 3314 aliquis
2107 3257 2153 3323 ρ
2183 3246 2328 3304 enim
2355 3244 2517 3302 dubie
2542 3244 2783 3314 legiones
2807 3244 2970 3303 armis
2999 3245 3287 3300 instructas
3314 3244 3522 3315 poteris
3541 3243 3740 3305 vincere.

484 3333 557 3394 se
575 3335 752 3393 stultis
777 3343 835 3393 et
860 3337 1037 3394 avaris
1056 3338 1148 3408 qui
1176 3338 1280 3394 sibi
1305 3337 1374 3394 da
1411 3337 1514 3395 hac
1538 3338 1806 3394 sententia
1833 3337 2078 3394 blandim-

485 3433 594 3494 tur,
635 3433 692 3485 et
715 3427 967 3500 piniferat
1008 3429 1155 3500 quod
1198 3429 1348 3486 audit
1387 3444 1571 3488 secum
1605 3446 1758 3487 suam
1793 3431 2076 3502 pecuniam

481 3520 855 3589 migratum.
887 3521 1032 3578 Nihil
1057 3523 1198 3579 votis
1227 3523 1379 3580 istius
1405 3538 1474 3581 ex
1500 3524 1603 3580 hac
1627 3530 1782 3594 parte
1807 3523 2078 3580 subtrahi-

484 3619 624 3669 mus.
657 3613 897 3671 Ventura
923 3615 1140 3686 quidem
1170 3626 1349 3674 tecum
1379 3625 1482 3683 est.
1507 3634 1616 3674 non
1636 3627 1696 3674 ut
1715 3627 1874 3688 putas
1892 3619 1957 3674 ad
1982 3634 2075 3674 or-

485 3709 803 3761 namentum
839 3709 1103 3779 corporis,
1147 3709 1246 3765 sed
1290 3710 1360 3766 ad
1398 3711 1762 3766 testimonium
1803 3709 2070 3766 falsitatis.

486 3793 609 3852 Nan
637 3803 819 3854 tamen
864 3799 934 3855 ad
969 3800 1092 3856 illos
1119 3803 1202 3857 est
1220 3802 1361 3858 ratio
1377 3837 1394 3869 ,
1425 3817 1563 3873 quos
1587 3801 1954 3858 misericordia
1981 3809 2077 3858 co—

469 3887 725 3945 mitatur.
756 3887 877 3946 Alia
919 3890 1042 3948 illos
1079 3895 1262 3950 manet
1303 3907 1487 3961 causa,
1535 3908 1671 3965 quos
1715 3893 1944 3966 pecunia
1979 3907 2078 3950 sua

1480 4137 1623 4264 Β.
1703 4143 2776 4261 ἿΔΕΕΒῙΔΝῙ

2181 3338 2229 3394 si
2256 3345 2544 3409 tyrannum
2571 3337 2815 3408 potueris
2841 3336 3110 3393 obtinere.
3141 3335 3334 3394 Totam
3359 3344 3538 3394 autem
3553 3347 3746 3392 cauam

2168 3431 2309 3490 belli
2324 3430 2513 3495 ﬁnivit,
2526 3430 2620 3502 qui
2633 3439 2908 3488 auctorem
2928 3444 3119 3502 pugme
3138 3430 3434 3503 superarit.
3452 3428 3749 3486 instruamus

2181 3540 2312 3597 ergo
2338 3526 2595 3582 virtutum
2623 3525 2770 3581 acies
2797 3523 3052 3580 adversus
3071 3534 3289 3596 paratas
3315 3522 3579 3580 scelerum
3603 3520 3748 3590 legio-

2179 3632 2298 3675 nes.
2330 3615 2435 3675 Bed
2457 3625 2583 3673 ante
2615 3616 2796 3674 omnia
2829 3615 3086 3673 adversus
3113 3617 3286 3689 ipsam
3316 3625 3438 3687 quae
3463 3623 3624 3688 caput
3646 3610 3748 3669 belli

2182 3717 2285 3775 est,
2315 3709 2422 3765 hoc
2461 3715 2545 3765 est
2581 3706 2928 3780 cupiditatem
2946 3745 2963 3772 ,
3006 3705 3109 3764 [ide
3136 3707 3432 3763 auxiliante
3458 3716 3744 3777 pugnemus

2179 3801 2260 3858 ita
2289 3817 2396 3859 non
2435 3799 2670 3858 diillcilis
2696 3801 2800 3856 erit
2836 3798 2906 3856 de
2943 3799 3034 3856 illa
3073 3814 3237 3870 quam
3262 3799 3502 3857 diximus
3527 3797 3748 3855 vitiorum

2181 3894 2304 3952 labe
2322 3895 2569 3962 victoria,
2600 3900 2773 3951 matre
2799 3894 3030 3966 captiva.

1751 4301 2038 4370 EPISCDPI
2072 4303 2487 4370 CEMELIENSIS

1343 4433 1904 4520 EPISTOLA
1983 4436 2138 4517 AD
2215 4430 2895 4527 MONACHOS.

1278 4569 1370 4640 De
1426 4562 1775 4640 virtutibttt
1834 4581 1890 4638 et
1951 4565 2171 4638 ordine
2225 4571 2532 4636 doctrina
2587 4569 2975 4654 apostolica.

442 4803 460 4863 ς
550 4799 662 4871 ao
705 4796 978 4869 imposita:
996 4795 1127 4852 mihi
1156 4806 1408 4854 votorum
1445 4797 1593 4855 circa
1637 4811 1727 4852 me
1770 4803 2076 4852 vestrorum
2109 4798 2160 4859 ι)
2184 4793 2453 4852 ﬁcationis
2492 4803 2684 4853 vestr-te
2736 4795 3158 4856 sollicitudinem
3203 4797 3547 4855 sermonibus
3573 4794 3748 4866 eloquii

444 4883 454 4890 ’
481 4895 736 4955 sarciam,
769 4891 873 4947 etsi
919 4891 1133 4948 interim
1176 4904 1439 4963 corpore,
1464 4899 1524 4947 ut
1549 4891 1809 4962 scriptum
1837 4897 1951 4956 est,
1981 4889 2077 4946 ab-

479 5002 624 5051 sens,
656 4993 895 5054 praesens
919 4991 1099 5040 tamen
1127 4983 1322 5054 spiritu
1340 4998 1408 5040 ac
1428 4992 1611 5040 mente
1629 4981 1860 5039 succede
1885 4981 1929 5054 (l
1952 4981 2070 5037 Cor.

479 5093 528 5146 νδ
560 5079 622 5144 5;
656 5075 855 5134 Galeas.
907 5092 964 5143 u,
997 5074 1081 5148 ὅ).
1115 5075 1227 5133 Nec
1271 5091 1484 5148 parum,
1515 5083 1576 5131 ut
1624 5091 1767 5143 reor,
1799 5074 2074 5131 dilectioni

478 5179 673 5227 vestrae
699 5170 864 5226 cilicii
883 5177 1047 5239 atque
1073 5169 1277 5225 amoris
1301 5168 1552 5236 exhibeo,
1576 5168 1701 5238 quia
1744 5182 1839 5223 vos
1858 5183 2074 5238 quoque

477 5263 536 5318 in
558 5263 780 5335 spiritu,
812 5278 922 5319 non
949 5262 1006 5319 in
1031 5261 1213 5332 carne:-
1231 5275 1394 5332 agere
1420 5259 1654 5328 conﬁdo,
1679 5261 1894 5317 dicente
1928 5260 2074 5332 Apo-

470 5355 623 5414 stolo
647 5373 662 5409 :
694 5352 1012 5426 Quicumque
1032 5353 1086 5410 in
1107 5367 1264 5410 carne
1283 5361 1426 5419 sunt,
1449 5349 1562 5407 Dea
1581 5352 1788 5423 placere
1817 5368 1920 5408 non
1948 5368 2072 5423 pos—

475 5457 619 5504 sunt.
658 5445 763 5503 Vos
786 5457 958 5502 autem
984 5447 1042 5502 in
1085 5460 1243 5502 carne
1260 5461 1367 5502 non
1403 5444 1548 5510 satis,
1575 5444 1667 5500 sed
1714 5445 1766 5500 in
1793 5445 2001 5516 spiritu,
2030 5445 2074 5498 si

481 5549 655 5598 tamen
677 5543 894 5614 spiritus
931 5537 1032 5595 Dei
1059 5539 1258 5595 habitat
1295 5539 1353 5596 in
1381 5537 1521 5595 vobis
1553 5537 1729 5609 (Rom.
1764 5555 1874 5605 vin,
1909 5536 1960 5605 8,
1996 5537 2069 5610 9).

465 5629 592 5692 Nec
614 5640 750 5691 sane
768 5633 1099 5706 incognitam
1125 5631 1458 5706 spiritalibus
1486 5633 1628 5688 viam
1669 5641 1850 5699 teneo,
1879 5633 2075 5688 11111111-

465 5767 532 5833 L.
551 5758 580 5788 ‘
619 5735 740 5833 an?!
765 5749 914 5833 (19³1,
1141 5749 1293 5833 illi”.
1316 5750 1372 5806 ίιι
1396 5743 1672 5833 βὶῗωθίέάὲ
1691 5743 1946 5833 Pam“?
1973 5749 2070 5806 ἀεδ

465 5820 656 5887 “illis
685 5823 922 5882 reatituit
949 5817 1253 5880 Getelarius
1278 5820 1336 5879 in
1368 5821 1511 5881 netis
1538 5819 1607 5879 ad
1631 5817 1882 5878 Canones
1915 5819 2064 5896 A90"

2185 4891 2490 4962 epistolaris
2535 4904 2838 4963 exprome;
2888 4893 3220 4965 praecipuum
3272 4891 3570 4949 beatissimi
3619 4887 3750 4944 Pauli

2181 4985 2488 5056 exemplum
2542 4999 2654 5057 pm
2703 4985 2951 5042 manibus
2993 4985 3219 5054 habens,
3247 4999 3410 5055 quem
3438 4983 3591 5056 sequi
3616 4981 3746 5053 cupi-

2182 5091 2321 5144 mus,
2351 5078 2454 5133 etsi
2502 5078 2760 5150 consequi
2809 5094 2917 5134 non
2964 5078 3226 5134 valemus.
3276 5076 3490 5135 Etenim
3544 5077 3639 5132 etsi
3667 5088 3748 5129 nos

2179 5170 2517 5241 comparatio
2547 5169 2688 5228 illius
2734 5171 2787 5226 in
2817 5170 2964 5226 nullo
2992 5170 3202 5241 recipit,
3231 5170 3386 5226 vobis
3430 5177 3607 5226 tamen
3633 5167 3750 5222 obe-

2179 5259 2381 5317 dientia
2416 5276 2605 5318 eorum
2649 5268 2733 5318 est
2771 5261 3100 5332 coasquanda
3147 5275 3286 5332 quos
3329 5260 3539 5317 edocet.
3575 5256 3640 5316 Ut
3663 5257 3743 5314 doc

2173 5354 2352 5411 ctrina
2393 5353 2584 5411 ordine
2612 5353 2941 5420 constituto,
2972 5370 3097 5412 cum
3135 5353 3379 5420 Romam
3407 5353 3593 5427 (Rom.
3616 5367 3666 5416 i,
3695 5343 3746 5418 8)

2169 5447 2459 5518 praedicari
2487 5448 2860 5508 credulitatem
2888 5457 3122 5504 vestram
3151 5448 3208 5504 in
3250 5457 3366 5504 toto
3394 5447 3523 5504 orbe
3549 5445 3749 5518 cupien-

2178 5550 2278 5607 tes,
2309 5551 2335 5578 ι
2357 5556 2480 5596 cum
2499 5539 2814 5598 Commune
2835 5541 2903 5614 (ll
2927 5541 3046 5598 Cor.
3075 5559 3146 5608 νι,
3177 5539 3234 5613 6)
3255 5541 3488 5598 secunda
3515 5535 3750 5595 enteada-

2180 5633 2327 5689 tione
2355 5633 2606 5701 correcti,
2630 5649 2766 5705 pace
2794 5634 3023 5704 integra,
3045 5633 3309 5691 charitato
3339 5649 3447 5690 non
3473 5629 3590 5688 llcta
3628 5627 3749 5686 invi-

2168 5749 2473 5878 Eltglorum,
2513 5751 2544 5826 §
2578 5749 2645 5807 76
2689 5759 2822 5810 tom.
2853 5749 3012 5810 lPP.
3054 5751 3246 5824 Apost.
3292 5761 3417 5824 pag.
3466 5746 3585 5805 ass.
3629 5743 3748 5803 asa.
