3960 6358
471 343 583 401 ’ΠΒ

1295 342 1411 401 ἹἮ.
1451 340 1808 401 RAYNAUIH
1845 340 2188 401 APOLOGIA
2229 341 2366 400 PRO
2400 341 2460 400 S.
2498 337 2916 402 VALERIANO.

3655 339 3763 400 τις

405 474 414 484 ⁸
473 456 634 528 betur
650 454 804 528 apud
830 454 1071 513 Cassiani
1099 455 1477 527 glossatorem,
1509 456 1576 512 ad
1606 457 1642 511 l.
1669 473 1742 512 xu
1764 455 1832 512 de
1851 455 1983 528 Inst.
2014 473 2062 513 c.
2097 465 2140 521 Α
2172 457 2559 528 ligentissimo,
2587 457 2730 528 quod
2755 457 3012 512 Hilarium
3044 456 3204 511 istum
3245 455 3533 525 Augustini
3563 457 3768 515 studio-

475 527 547 582 15
569 531 587 600 (
612 527 1428 600 allueinationeplanegemina
1471 530 1520 582 ei
1554 543 1661 600 qua
1688 528 1911 599 impegit
1939 527 2069 583 Era-

473 597 696 670 smusin
723 607 864 654 notis
884 599 947 670 ad
972 597 1221 655 Eucherii
1250 597 1573 655 Parazoesim
1591 598 1632 670 ),
1656 600 1749 655 sed
1767 597 1935 654 etiam
1958 616 2067 670 non

473 684 595 741 esse
623 667 879 741 Hilarium
919 669 1288 741 Arelatensem
1319 667 1650 741 episcopum,
1677 679 1734 724 ut
1761 671 1956 741 passim
1983 669 2068 725 af-

476 739 736 812 tirmatur.
786 739 920 795 Nam
967 740 1200 796 Hilarius
1227 739 1516 812 episcopus
1552 739 1887 798 Arelatensis
1931 758 2070 798 unus

473 810 575 866 fuit
602 827 790 866 eorum
819 812 918 882 qui
934 812 1194 868 adversus
1211 810 1273 866 DL
1297 810 1652 882 Augustinum
1684 812 1935 882 querelas
1958 829 2070 868 nio-

473 891 685 937 verunt.
716 882 854 936 Audi
896 880 1218 953 Prosperum
1251 885 1300 938 in
1331 880 1481 939 calce
1509 880 1750 952 epistolae
1781 883 1847 937 ad
1885 882 2069 952 Augu-

473 954 712 1008 stinum:
753 953 1036 1022 Speramus
1065 971 1168 1009 non
1203 955 1368 1009 solum
1401 955 1694 1008 tenuitatem
1729 966 1956 1008 nostram
1985 955 2069 1009 di-

473 1026 820 1097 sputationum
861 1036 1065 1080 tuantm
1099 1025 1342 1097 pra'sidio
1364 1024 1740 1097 roborandam,
1790 1023 1882 1097 sed
1909 1026 2067 1080 etiam

473 1096 612 1166 ipsos
644 1112 770 1168 quos
802 1097 999 1168 meritis
1030 1095 1179 1168 atque
1207 1096 1487 1151 honoribus
1517 1095 1688 1168 claros
1719 1095 1886 1168 caligo
1915 1097 2066 1151 istius

473 1164 731 1237 opinionis
760 1164 1031 1239 obscurat,
1065 1164 1520 1239 defwcatissimum
1561 1165 1732 1220 lumen
1769 1164 1953 1236 gratia:
1979 1183 2065 1221 re-

471 1235 728 1306 cepturos.
765 1235 906 1291 Nam
937 1255 1096 1292 unum
1131 1235 1308 1292 eorum
1337 1238 1638 1308 μνιιεεὶιιιιιξΔ
1658 1235 1984 1291 auctoritatis
2017 1246 2068 1291 et

473 1305 785 1379 spiritalium
805 1309 1094 1364 studiorum
1120 1309 1300 1372 virum,
1331 1305 1568 1379 sanctum
1591 1305 1856 1379 Hilarium
1877 1308 2066 1361 Arela~

475 1377 664 1434 tensam
692 1381 988 1450 episwpum
1019 1381 1150 1434 sciat
1179 1377 1440 1450 beatitudo
1476 1386 1562 1431 tua
1593 1377 1963 1450 admiratorem
1984 1395 2064 1450 se-

473 1448 819 1522 ctatoremque
847 1448 898 1504 in
925 1450 1042 1504 aliis
1067 1449 1301 1504 omnibus
1322 1460 1433 1522 tua:
1454 1464 1566 1522 esse
1593 1449 1846 1522 doctrinae
1863 1490 1877 1513 ,
1912 1459 1975 1522 et
2001 1448 2068 1503 de

473 1521 568 1576 hoc.
597 1519 803 1594 quodin
831 1523 1088 1592 querelam
1111 1522 1284 1583 trahit,
1301 1519 1618 1594 jampridem
1643 1520 1782 1589 apud
1810 1521 2066 1594 sancti_ta-:

474 1601 575 1647 tem
607 1588 763 1654 luunt,
794 1588 995 1645 sensum
1017 1607 1164 1646 suum
1185 1607 1276 1661 per
1301 1588 1499 1645 litteras
1523 1590 1648 1643 velle
1677 1588 1932 1660 conferre.
1957 1588 2066 1644 Sed

474 1663 595 1735 quia
615 1673 781 1716 utnon
813 1664 907 1715 hoc
930 1665 1161 1735 fagurus
1179 1702 1207 1735 ,Δ
1231 1672 1320 1714 aut
1349 1678 1448 1735 quo
1470 1662 1578 1735 ﬁne
1598 1661 1665 1735 _s_i_t
1697 1667 1956 1731 tacturus,
1983 1661 2067 1713 in-

475 1730 668 1788 certum
701 1743 807 1797 est,
840 1730 943 1787 etc.
993 1731 1246 1802 Expende
1285 1730 1575 1800 particulas
1599 1730 1745 1792 illas,
1777 1747 1935 1802 unum
1972 1746 2064 1802 eo-

473 1820 606 1868 rum,
633 1805 816 1873 utique
843 1800 1098 1856 adversus
1121 1803 1473 1873 Augustinum
1496 1802 1768 1868 agentium
1787 1838 1802 1858 .
1843 1800 2064 1873 de‘qui-

474 1852 575 1930 bus
592 1852 781 1930 vsernio
805 1883 953 1936 erat;
985 1883 1039 1928 et
1068 1875 1119 1928 in
1149 1852 1266 1927 aliis
1289 1852 1561 1936 omnibus:
1601 1887 1722 1925 tam
1751 1871 1931 1941 quoad
1953 1852 2061 1925 ite-
2097 1852 2139 1912 Β

471 1946 677 2015 gotium
701 1984 716 2008 ,
749 1947 816 1999 de
853 1960 964 2015 quo
1008 1943 1238 2013 Prosper
1279 1952 1390 1997 tota
1438 1942 1688 2013 epistola,
1721 1951 1883 2015 atque
1924 1942 2062 2015 adeo

471 2011 650 2086 quoad
679 2011 916 2071 errorem
944 2011 1433 2086 Seliiipel:igi:ittuiii
1458 2011 1485 2077 ,7
1516 2029 1624 2068 non
1650 2021 1768 2086 erat
1803 2011 2062 2086 Augusti-

470 2083 644 2142 niana:
682 2087 769 2140 dor
789 2087 941 2140 trime
983 2083 1307 2148 admirator,
1353 2085 1515 2139 itnnm
1545 2099 1666 2138 eam
1705 2085 1757 2138 in
1801 2083 2063 2148 querelam

471 2156 710 2211 habebat.
743 2156 811 2212 Et
841 2156 1072 2227 Prosper
1095 2156 1294 2224 liquido
1317 2164 1562 2227 testatur,
1590 2170 1649 2208 se
1670 2169 1792 2209 eum
1815 2153 2066 2227 habuisse

470 2237 777 2296 sti-pectunt
801 2265 817 2290 ,
848 2224 1207 2281 cutn'dubitet
1241 2242 1349 2294 quo
1396 2225 1501 2280 line
1528 2234 1671 2280 esset
1694 2238 1831 2296 cum
1878 2224 2064 2292 Augu-

471 2295 615 2354 stitio
641 2314 738 2369 per
769 2299 974 2352 litteras
999 2306 1234 2369 acturus,
1265 2296 1417 2369 quod
1437 2311 1496 2350 se
1526 2295 1898 2369 paginarum.
1915 2310 2065 2350 rece-

472 2362 656 2438 ρει-ηιξ
699 2375 758 2422 ιιι
784 2376 1006 2438 propter
1047 2383 1108 2422 ea
1148 2362 1306 2436 plane
1334 2362 1578 2438 videatur
1612 2363 1842 2438 llilarius
1872 2362 2063 2438 Arela-

475 2435 643 2495 tensis
673 2439 716 2492 is
745 2435 908 2492 fuisse
943 2448 992 2492 et
1033 2435 1159 2492 vitce
1187 2437 1384 2491 meritis
1410 2435 1748 2498 antecedens,
1779 2444 1830 2489 et
1877 2435 2064 2504 adepto

473 2526 637 2581 nuper
655 2526 852 2564 summo
871 2509 1148 2563 sacerdotii
1180 2508 1374 2562 honore
1397 2507 1780 2581 supereminens
1793 2545 1808 2570 ,
1827 2504 1896 2558 ad
1917 2506 2064 2577 cujus

473 2574 832 2635 auctoritatem
855 2595 910 2633 se
929 2595 1106 2646 parem
1129 2595 1232 2632 non
1263 2593 1401 2638 esse.
1445 2574 1690 2645 agnoscit
1715 2574 1948 2646 Prosper
1972 2574 2066 2630 ea-

473 2597 832 2635 auctoritatem
855 2597 910 2633 se
964 2597 1106 2633 arent
1129 2597 1232 2632 non
1263 2597 1401 2638 esse.
1445 2597 1690 2645 agnoscit
1715 2597 1948 2646 rrosper
1972 2597 2064 2630 ea-

472 2649 592 2706 dem
624 2651 870 2721 epistola.
897 2597 1331 2721 liinuerusenim
1363 2647 1621 2721 pluralis,
1652 2661 1813 2716 quem
1839 2661 1906 2701 eo
1937 2647 2064 2721 item

474 2721 594 2778 loco
623 2717 862 2782 adhibet,
897 2721 1052 2776 facile
1092 2719 1277 2774 referri
1309 2717 1484 2789 potest
1513 2718 1579 2771 ad
1609 2733 1951 2773 communem
1981 2717 2065 2772 lo-

473 2793 670 2862 quendi
701 2793 918 2848 modum
947 2792 1014 2846 de
1041 2790 1249 2860 aliquo,
1281 2787 1405 2846 cum
1433 2787 1550 2860 ejus
1580 2803 1775 2844 nomen
1806 2803 1873 2843 ex
1901 2802 2065 2844 causa

491 2864 754 2919 ireniitur.

474 2879 754 2990 “iii-iii:
781 2931 1015 2987 llilaritts
1042 2930 1194 3000 cujus
1221 2929 1449 3002 cpistola
1476 2929 1542 2985 ad
1574 2928 1930 3002 Augustinum
1972 2943 2067 3002 ex:

475 3014 604 3068 stat,
629 3022 736 3060 non
767 3008 928 3060 modo
959 3020 1064 3058 non
1094 2997 1208 3057 ei-at
1237 2997 1542 3071 e'piscopus,
1574 2997 1696 3054 cum
1738 2997 1972 3071 Prosper
1997 2999 2065 3071 ad

476 3076 830 3146 Augustinum
848 3075 928 3146 de
948 3075 1052 3129 lioe
1085 3069 1302 3146 negotio
1323 3069 1497 3146 deque
1523 3071 1725 3146 Hilario
1763 3069 2066 3146 Arelatensi

475 3140 730 3218 episeopo
755 3145 1050 3210 scriberet,
1083 3140 1370 3218 sed‘etiam
1415 3140 1583 3218 laicus
1621 3140 1784 3218 fuisse
1811 3141 2062 3218 ridetur;

476 3211 909 3288 quandoquidem
939 3231 1050 3270 sua:
1073 3217 1152 3288 ad
1171 3213 1243 3288 Ι).Δ
1259 3213 1609 3288 Augustinum
1638 3211 1942 3283 scriptioais
1975 3228 2065 3270 ra-

478 3283 679 3344 tiOnem
710 3283 910 3350 reddit,
947 3286 1090 3356 quod
1122 3284 1183 3339 ι).
1218 3283 1496 3354 Augustini
1536 3288 1941 3342 coitfradicores
1979 3303 2064 3342 es-

477 3371 590 3431 sent
626 3376 692 3414 ea:
729 3367 875 3430 parte
906 3362 1062 3425 tales,
1104 3356 1286 3431 quibus
1314 3360 1684 3431 consuetudine
1718 3360 2066 3431 ecclesiastica

477 3429 646 3489 laicos
673 3445 935 3488 summam
986 3429 1338 3487 reverentiam
1388 3446 1606 3485 necesse
1643 3430 1715 3484 sit
1759 3430 2062 3485 exhibere:

519 3505 621 3559 uod
645 3505 716 3558 ita
746 3520 804 3558 se
833 3514 1104 3558 servatum
1145 3501 1362 3566 subdit,
1397 3510 1454 3554 ιιι
1477 3510 1655 3556 tamen
1686 3507 1928 3555 modeste
1967 3515 2066 3568 pro

530 3577 777 3643 ugustino
803 3574 974 3642 egerit
1008 3588 1128 3642 qua:
1150 3573 1319 3641 liquet
1347 3573 1541 3643 cadere
1581 3571 1652 3643 in
1677 3571 1893 3643 laicum.
1925 3569 2066 3643 Quid

479 3641 622 3714 quod
669 3641 900 3698 Hilal'tiis
930 3641 1255 3714 Arelate..sis
1295 3642 1580 3714 episcopus
1609 3641 1688 3714 vir
1731 3641 1829 3714 fuit
1867 3650 1923 3696 et
1968 3641 2068 3714 do-

480 3710 770 3777 ctissimus.
802 3723 856 3769 ct
883 3715 1026 3782 quod
1055 3712 1173 3780 ejus
1199 3710 1517 3782 superstites
1531 3710 1941 3782 lucubrationes
1967 3712 2068 3766 ali-

479 3800 600 3856 qua:
646 3780 916 3855 trudunt,
965 3780 1473 3856 (ξιιιιιιιριιιίδᾷξίιιιιιξΞΔ
1503 3780 1600 3856 llic
1640 3797 1770 3856 vero
1811 3781 2062 3856 Hilarius,

479 3851 890 3926 Haudquaquam
913 3871 972 3926 se
995 3851 1384 3926 stylorsimilem
1414 3851 1616 3926 Hilario
1647 3852 1948 3926 Arelatensi
1970 3868 2066 3909 ex-

479 3923 708 3983 hibet’ia
735 3923 892 3998 epist.
924 3923 1118 3998 citata,
1145 3923 1376 3998 in_cujn_s
1405 3925 1565 3977 ctiatn
1608 3924 1753 3979 calce
1783 3923 1980 3998 fatetur
2006 3939 2066 3980 se

481 3999 756 4055 tenuitatis
772 3995 892 4052 suae
920 3995 1245 4052 conscientia
1290 3995 1537 4048 adactum
1582 4009 1741 4060 agere
1781 4011 1895 4048 cum
1936 3996 2061 4060 viro,

478 4068 670 4141 inquit,
706 4079 809 4124 tum
840 4067 1085 4129 moribus,
1121 4077 1224 4141 lum
1246 4065 1595 4141 cloqitio,titin
1615 4065 1785 4119 studio
1816 4067 1976 4126 claro,
2009 4075 2066 4120 ut

476 4137 670 4224 quanta
698 4153 868 4224 posset
887 4142 1102 4221 collecta
1131 4139 1240 4192 suis
1263 4139 1447 4224 litteris
1475 4137 1756 4224 ἱιιιὲιιιιιιζςι,
1785 4153 1910 4217 quas
1939 4152 2065 4216 eon-

481 4205 792 4274 iunctas'his
814 4211 1076 4265 destinare
1105 4209 1298 4263 curari.
1329 4205 1421 4262 Est
1449 4210 1586 4261 en'm
1619 4207 1736 4260 talis
1755 4247 1768 4270 ,
1794 4205 1880 4277 qui
1907 4207 2065 4260 etiam

477 4294 664 4355 pra'ter
685 4284 818 4355 haur
845 4283 1196 4335 necessitatem
1225 4280 1417 4355 (lignus
1444 4289 1545 4355 ture
1562 4279 1851 4331 sanctitatis
1880 4278 2066 4355 notitia

481 4347 751 4413 iudicetur.
783 4352 912 4420 Quae
953 4359 1138 4421 aperte
1165 4347 1364 4405 cadunt
1407 4350 1458 4403 in
1491 4347 1813 4421 Proserum
1837 4389 1852 4413 ,
1885 4348 1975 4421 qui
2005 4362 2064 4402 se

479 4423 776 4492 Augustino
797 4417 863 4477 de
887 4423 952 4476 fa.
971 4417 1019 4476 ie
1036 4422 1086 4488 ig
1112 4429 1274 4474 .otum
1303 4427 1531 4492 testatur
1553 4418 1706 4492 initio
1725 4417 1984 4488 epi~tol:e,
2010 4427 2066 4473 et

479 4488 599 4550 cum
627 4493 829 4548 Hilario
851 4509 948 4564 pro
989 4491 1286 4559 Augustino
1319 4491 1458 4558 apud
1492 4488 1853 4564 Cailesti.iun_|_
1871 4504 2063 4560 papam

479 4574 666 4647 postea
687 4561 864 4647 stetit.
896 4562 938 4616 A
968 4579 1094 4647 quo”
1121 4569 1746 4647 quin.uterqueyocetur
1786 4561 1963 4640 lilius,_
1997 4574 2061 4647 ea

2171 546 2288 584 sum
2314 569 2330 592 ,
2367 545 2472 585 non
2513 537 2639 585 tunc
2667 528 2883 598 qttlllrtlt
2914 545 3033 600 cum
3063 529 3416 597 Augustinum
3459 530 3472 582 i
3519 530 3768 600 tet-pella-

2171 603 2268 664 vit,
2297 601 2391 656 sed
2424 611 2611 670 postea
2635 641 2650 663 ,
2697 602 2859 670 fuisse
2899 599 3152 654 Arelaten
3175 614 3268 654 cm
3312 599 3628 670 episcopum
3658 610 3758 654 sta-

2174 673 2296 733 tuit,
2329 669 2475 726 illum
2506 671 2676 741 ipsum
2709 669 2965 741 Hilarium
2995 672 3086 740 qui
3121 689 3226 724 non
3257 687 3432 724 nntius
3461 669 3765 728 eruditimae

2171 752 2228 798 et
2255 740 2562 812 eloquentia
2592 757 2755 810 quam
2786 740 3070 797 nobilitate
3105 741 3299 796 claruit
3342 756 3408 796 ac
3435 741 3603 812 etiam
3645 757 3762 795 san-

2172 811 2403 878 ctitate;
2460 828 2583 869 cum
2626 828 2757 868 vero
2817 812 3172 880 Augustinum
3239 811 3651 881 interpellaret.
3696 813 3766 867 ait

2172 883 2336 954 fuisse
2381 884 2662 954 dumtaxat
2709 882 3109 954 presbyterum.
3126 881 3220 954 ilta
3267 882 3618 954 babet__anno
3662 881 3767 954 44

2169 953 2370 1010 Christi
2390 953 2514 1020 426,
2548 973 2594 1008 ιι·
2619 969 2694 1008 m.
2717 951 2804 1017 20,
2837 951 2893 1007 et
2919 969 3063 1008 anno
3085 953 3208 1018 450,
3241 968 3389 1007 ιιιιιιι.
3413 951 3505 1017 89,
3533 965 3589 1008 et
3627 951 3763 1010 auito

2170 1024 2269 1079 Ml
2300 1066 2316 1091 ,
2349 1042 2496 1080 num.
2529 1025 2564 1080 ’5
2585 1024 2897 1095 ,plcneque
2925 1023 2978 1078 in
3027 1023 3183 1078 Rom.
3234 1022 3588 1095 Martyrolog.
3642 1024 3709 1079 ad
3736 1022 3766 1076 5

2172 1095 2333 1161 Maii,
2381 1097 2557 1152 littera
2606 1093 2645 1150 Ιζ
2697 1093 2823 1150 Haec
2871 1110 2936 1150 ex
2993 1095 3152 1151 dictis
3199 1110 3296 1164 per
3345 1093 3405 1150 se
3451 1095 3760 1150 mucidum.

2170 1164 2455 1221 Ostensum
2485 1166 2628 1222 enim
2657 1174 2777 1230 est,
2815 1181 2937 1221 cum
2975 1165 3304 1235 Augustinus
3351 1167 3421 1219 ab
3470 1164 3679 1220 Hilario
3714 1174 3766 1222 et

2170 1235 2439 1308 Prospero
2488 1237 2504 1292 i
2546 1237 2960 1308 terpellaretur,_
2991 1237 3258 1292 celebrem
3309 1236 3456 1308 illum
3505 1235 3762 1292 Hilarium

2169 1306 2539 1364 Arelaten=em
2563 1306 2674 1378 jam
2705 1307 2868 1378 fuisse
2897 1306 3298 1378 adeptumeam
3329 1307 3515 1362 sedem
3541 1347 3556 1368 ,
3599 1316 3659 1362 et
3700 1308 3763 1364 ab

2170 1379 2236 1434 iis
2278 1379 2407 1448 ipsis
2441 1377 2720 1448 Augustini
2761 1377 3262 1448 interpellatoribus
3279 1385 3533 1432 vocatum
3571 1378 3627 1432 in
3680 1395 3764 1432 suo

2169 1450 2508 1520 spicio-tem.
2531 1447 2661 1504 Item
2693 1457 3050 1520 monstratum
3079 1457 3163 1504 est
3206 1447 3464 1520 Hilarium
3492 1448 3649 1520 cujus
3686 1458 3763 1506 est

2169 1517 2398 1590 epistola
2448 1519 2515 1573 ad
2570 1519 2924 1588 Augustinum
2951 1519 3224 1590 adversus
3265 1517 3759 1588 Semipelagianos,

2168 1607 2290 1646 eum
2317 1607 2434 1644 eam
2465 1590 2742 1654 scriberet,
2770 1605 2874 1644 non
2906 1589 3010 1645 nisi
3039 1589 3234 1646 laicum
3256 1590 3526 1654 luisse,ac
3541 1591 3762 1661 proinde

2170 1677 2278 1732 non
2309 1661 2408 1715 fuit
2436 1669 2565 1732 tunc
2599 1662 2898 1732 presbyter.

2239 1731 2318 1786 Ex
2339 1746 2448 1800 quo
2462 1729 2640 1787 obiter
2660 1729 2919 1802 prie—terea
2939 1729 3362 1802 deprehenditur
3381 1730 3761 1802 ambigiposse

2239 1748 2318 1786 nx
2339 1748 2448 1800 quo
2462 1748 2640 1787 omter
2697 1748 2919 1788 ricterea
2939 1748 3362 1802 aeprenenattur
3381 1748 3583 1797 ambigi
3607 1748 3760 1801 posse

2169 1818 2237 1856 an
2270 1803 2356 1858 hic
2387 1802 2616 1856 Hilarius
2652 1748 2895 1859 diversus
2915 1803 2983 1856 sit
3004 1803 3322 1858 statuendus
3343 1802 3412 1856 ab
3443 1801 3537 1855 illo
3560 1801 3760 1858 Hilario

2167 1871 2512 1944 Syracusano
2539 1873 2628 1940 qui
2671 1872 2828 1944 longe
2873 1874 3110 1944 anterius
3133 1872 3185 1927 in
3206 1888 3380 1944 causa
3405 1871 3612 1942 Pelagii
3641 1885 3760 1930 tunc

2166 1943 2222 1998 in
2244 1943 2425 1999 Sicilia
2455 1943 2718 1998 versantis
2745 1943 3096 2012 Augustinum
3128 1943 3359 2014 pulsavit
3399 1944 3466 2014 iis
3505 1946 3761 2014 quaestio-

2168 2015 2326 2069 nibus
2363 2029 2482 2083 qute
2523 2015 2662 2083 apud
2693 2013 3060 2084 Augustinum
3097 2014 3257 2084 epist.
3289 2013 3359 2067 88
3398 2013 3674 2083 leguntur,
3709 2023 3758 2071 et

2167 2087 2472 2156 enodantur
2499 2085 2655 2156 epist.
2681 2083 2769 2156 89,
2801 2083 2891 2139 ubi
2922 2083 3247 2156 Augustinus
3265 2100 3398 2156 eum
3430 2101 3650 2156 semper
3670 2102 3757 2139 vo-

2165 2163 2255 2211 cat
2300 2155 2486 2210 lilium.
2541 2154 2620 2209 Eo
2667 2155 2808 2211 enim
2847 2164 3004 2224 gustu
3055 2155 3458 2223 Augustinianaa
3502 2154 3756 2212 doctrina

2167 2235 2446 2298 percepto,
2479 2228 2652 2295 potuit
2673 2227 2766 2298 liic
2799 2225 3029 2298 Hilarius
3058 2225 3508 2298 adAugustinum
3539 2227 3590 2281 in
3621 2227 3756 2283 Afri-

2167 2296 2288 2353 cam
2319 2311 2541 2366 pergere
2563 2338 2578 2361 ,
2611 2296 2912 2368 salubribus
2947 2296 3064 2368 ejus
3088 2297 3350 2368 uberibus
3391 2312 3634 2368 praesens
3663 2315 3756 2353 nu-

2168 2365 2439 2432 triendus;
2488 2382 2596 2436 quo
2646 2366 2906 2422 beneﬁcio
2949 2365 3214 2438 excidisse
3244 2365 3575 2438 magnopere
3609 2368 3754 2424 dolet

2167 2440 2267 2508 sub
2299 2438 2458 2492 tinem
2489 2435 2730 2508 epistolze
2759 2440 3015 2508 adversus
3042 2435 3526 2508 Semipelagianos,
3558 2439 3756 2494 addens

2169 2507 2220 2562 id
2243 2508 2344 2562 sibi
2374 2507 2604 2562 maxime
2631 2507 2887 2563 accidisse
2908 2507 3087 2562 fratris
3100 2523 3280 2571 causa,
3308 2524 3470 2578 quem
3491 2525 3613 2565 eum
3643 2525 3754 2564 ma-

2170 2588 2324 2632 trona
2351 2595 2446 2633 sua
2474 2578 2858 2633 centiuentiam
2890 2578 3188 2649 professum
3220 2581 3511 2643 renuntiat,
3543 2595 3608 2636 ex
3633 2579 3754 2636 Gal-

2169 2649 2254 2704 liae
2283 2665 2377 2704 ora
2409 2649 2670 2703 maritima
2697 2688 2712 2712 ,
2745 2649 3014 2720 underdici
3056 2659 3240 2720 posset
3285 2650 3351 2704 ad
3398 2651 3750 2719 Augustinum

2167 2721 2446 2845 slet'ipsisse
2464 2761 2478 2785 ,
2505 2721 2617 2775 sive
2646 2720 2699 2774 in
2742 2719 2966 2775 transitu
2992 2758 3007 2783 ,
3041 2719 3156 2775 sive
3181 2721 3359 2790 aliqua
3388 2736 3460 2777 ex
3485 2737 3648 2777 causa
3690 2739 3755 2779 eo

2207 2800 2461 2845 ivertens.

2207 2791 2461 2846 ivertens.

2239 2860 2374 2916 Cum
2406 2877 2535 2917 vero
2579 2861 2683 2934 hoc
2714 2860 3019 2934 ambiguum
3047 2861 3230 2934 videri
3265 2861 3464 2934 possit,
3506 2864 3754 2934 explora-

2170 2940 2282 3004 tum
2313 2941 2492 2987 tamen
2535 2932 2769 3004 arbitror
2798 2932 2944 3004 illum
2985 2934 3148 2987 alium
3189 2932 3450 2989 Hilarium
3485 2932 3648 3004 quem
3691 2937 3750 2996 Ι).

2170 3002 2498 3084 Augustin-us
2528 3002 2868 3084 epist.94'de_
2892 3004 3093 3084 recenti
3121 3021 3307 3084 errore
3337 3002 3539 3084 Pelagii
3569 3011 3752 3067 admo-

2171 3082 2281 3136 net,
2313 3072 2610 3147 abillilario
2637 3072 3185 3147 Seutipclagianorum
3215 3072 3753 3139 delatore'divetsum

2169 3160 2309 3224 esse.
2341 3144 2434 3224 ille
2463 3145 2608 3224 enim
2643 3144 2799 3204 alius'
2819 3144 3050 3206 Hilarius
3095 3151 3455 3224 consacerdos
3477 3163 3532 3209 et
3570 3163 3754 3224 pastor

2172 3220 2334 3302 an
2359 3220 2658 3302 Augustino
2693 3229 2923 3302 ypcatqr
2962 3238 3029 3302 ea
3057 3221 3230 3302 _epist.
3261 3220 3370 3302 .944,
3403 3239 3527 3302 cum
3552 3220 3749 3302 _tani_en

2171 3290 2403 3347 Hilarius
2425 3289 2706 3363 Augustini
2730 3291 3022 3363 familiaris,
3057 3289 3223 3363 laicus
3253 3292 3270 3363 (
3294 3300 3356 3348 ut
3385 3293 3518 3360 dixi)
3547 3291 3747 3363 fuerit,

2170 3371 2410 3434 extrema
2438 3361 2598 3418 nitate
2625 3362 2688 3434 D.
2727 3361 3028 3434 Augustini.
3055 3361 3282 3418 Videtur
3319 3378 3450 3434 ergo
3475 3364 3629 3419 fuisse
3654 3362 3756 3420 Bi-

2169 3431 2722 3505 larius‘Narbmiensis
2749 3433 2932 3502 prima:
2961 3431 3410 3505 episeopus,_qiii
3441 3445 3566 3492 tunc
3596 3435 3755 3492 liore-

2170 3504 2281 3559 bat.
2314 3503 2444 3559 Nam
2472 3503 2760 3574 quominus
2787 3503 3081 3560 concedam
3111 3503 3229 3561 esse
3265 3503 3523 3561 Hilarium
3571 3507 3756 3562 Arela-

2171 3582 2376 3647 tensem
2405 3577 2715 3647 episcopum
2743 3575 2884 3647 ratio
2909 3575 3171 3647 temporis
3214 3591 3320 3647 non
3369 3578 3589 3647 patitur.
3623 3577 3752 3632 Data

2169 3645 2312 3700 enim
2338 3653 2504 3717 estea
2536 3644 2813 3717 Augustini
2837 3644 3186 3717 epistolasub
3215 3644 3533 3704 Innocentio
3557 3649 3748 3717 primo,

2170 3731 2314 3770 anno
2352 3715 2552 3770 Christi
2577 3713 2672 3767 £6!
2704 3757 2719 3780 ,
2754 3724 2810 3770 ut
2853 3715 2946 3780 ibi,
2978 3733 3032 3770 n.
3066 3715 3128 3779 5,
3179 3717 3430 3773 observat
3474 3713 3751 3781 Bai-anius,

2167 3799 2277 3854 quo
2305 3795 2544 3856 tempore
2575 3786 2804 3840 Hilarius
2831 3785 2944 3840 sedi
2983 3787 3282 3842 Arelatensi
3315 3789 3549 3843 nomlum
3583 3789 3752 3844 fuerat

2208 3855 2468 3930 mfeetu’s.
2499 3857 2631 3930 Nam
2661 3855 3005 3930 successit‘S.
3028 3856 3325 3930 Honorato,
3352 3860 3444 3929 qui
3467 3860 3607 3915 sedit
3633 3867 3754 3930 post

2195 3929 2494 3982 ’atroclum.
2529 3928 2597 3981 At
2623 3927 2726 3991 hic,
2761 3936 2897 3982 teste
2925 3925 3192 3997 Prospero
3224 3929 3276 3983 in
3305 3925 3578 3986 (llirouieo
3601 3925 3750 3992 fee:-

2167 4015 2258 4052 sus
2287 4007 2369 4053 est
2410 3999 2676 4061 Arelatis.
2727 4013 2871 4052 anno
2908 3995 3106 4053 Christi
3141 3998 3261 4065 4'26,
3308 4001 3530 4056 sedente
3572 4000 3755 4055 Romae

2167 4068 2458 4141 leestino
2481 4109 2497 4132 ,
2529 4071 2614 4124 cui
2635 4069 2929 4141 przciverat
2957 4068 3298 4141 Innocentius
3321 4114 3338 4133 ,
3369 4087 3601 4141 eumque
3626 4081 3752 4128 ante

2165 4138 2515 4196 Caelestinum
2565 4140 2835 4196 subsecuti
2892 4139 3140 4196 Zozimus
3193 4151 3251 4196 et
3308 4138 3639 4208 Bonifacius;
3695 4152 3754 4199 ut

2168 4210 2508 4281 perspicuum
2537 4211 2607 4283 sit
2636 4210 2872 4265 nondum
2901 4225 2996 4278 per
3023 4227 3087 4266 ea
3125 4221 3366 4283 tempora
3397 4213 3655 4269 Hilarium
3685 4214 3751 4269 ti-

2168 4282 2708 4355 tuloconsacerdotis
2735 4292 2791 4336 et
2818 4283 3063 4355 pastoris
3091 4282 3330 4355 potuisse
3371 4284 3508 4340 allici
3548 4286 3618 4340 ab
3643 4284 3756 4340 An-

2166 4353 2402 4422 gustino.
2435 4352 2504 4406 At
2529 4352 2596 4407 de
2619 4353 2702 4407 his
2729 4352 2879 4407 satis.

2237 4423 2288 4477 ‘5.
2331 4421 2409 4477 Ex
2434 4423 2623 4478 borum
2657 4423 2817 4491 igitur
2845 4421 3122 4493 Augustini
3151 4425 3440 4494 aequalium
3462 4435 3514 4480 et
3541 4426 3754 4484 studio-

2166 4493 2499 4566 sissimorum
2529 4494 2784 4566 epistolis
2801 4493 3109 4566 liquetsubi
3124 4493 3436 4566 extremam
3477 4496 3538 4552 D.
3573 4498 3754 4566 Augu-

2166 4565 2292 4620 stini
2346 4562 2716 4629 senectutem,
2773 4563 2824 4618 in
2873 4562 3044 4619 Gallia
3095 4564 3468 4631 Narbonensi,
3517 4562 3755 4622 maxime

480 4630 595 4706 ipsa
615 4634 845 4704 epistola
875 4649 978 4706 qua
1009 4632 1096 4686 alii
1127 4630 1263 4687 Galli
1290 4631 1557 4706 episcopi,
1602 4631 1668 4684 ad
1701 4646 1839 4706 quos
1861 4630 2058 4706 scripta
2093 4639 2140 4698 υ
2167 4635 2441 4697 Massiliai,
2477 4636 2761 4706 plerosque
2784 4676 2799 4700 ,
2833 4643 2888 4690 et
2931 4637 3069 4690 inter
3107 4652 3202 4692 eos
3253 4653 3358 4690 non
3406 4630 3676 4692 neminem
3705 4648 3757 4691 et

478 4700 580 4771 est,
613 4700 874 4760 vocantur
899 4700 1124 4768 fratres;
1147 4719 1268 4758 eum
1301 4700 1426 4758 item
1458 4700 1681 4771 uterque
1719 4717 1748 4754 a
1790 4701 1914 4755 divo
1951 4700 2062 4756 Au-

476 4768 618 4846 gust.
651 4785 883 4846 vocetur
910 4774 1259 4846 filius,_initio
1291 4773 1407 4846 libri
1446 4772 1513 4826 de
1557 4768 1815 4846 Pimdest.
1843 4771 2062 4846 ASanct.,

480 4841 763 4918 perspicue
803 4844 986 4918 liaberi
1019 4844 1322 4918 videturne
1367 4841 1688 4918 Prosperum
1729 4843 1946 4918 quidem
1997 4858 2064 4898 eo

480 4913 724 4988 iempore
750 4913 1294 5000 episcqpulnifuissq,
1324 4913 1655 5000 aedon-qssis
1684 4914 2066 5000 etiamnneque

477 4982 686 5060 postea,
714 4982 836 5044 cuin
859 5004 888 5042 a
914 4982 1148 5060 Gelasio.
1168 4984 1470 5053 Fulgentio,
1501 4982 1810 5037 Marcellino
1832 4983 2066 5060 _Comite

477 5055 530 5116 et
551 5062 669 5115 aliis
697 5076 818 5116 eum
849 5057 1167 5126 subsecutis,
1197 5071 1484 5126 numquam
1509 5062 1732 5126 vocetur
1759 5055 2062 5125 episeopus,

481 5142 538 5186 ut
568 5133 763 5202 passim
793 5130 887 5202 alii
913 5129 962 5182 in
992 5125 1192 5181 Gelasii
1224 5125 1305 5180 de.
1327 5125 1442 5202 reto
1461 5164 1475 5188 ,
1507 5125 1598 5179 sed
1625 5133 1834 5202 tantum
1864 5126 1940 5202 vir
1985 5144 2069 5202 re-

479 5197 712 5274 ligiosus,
761 5200 989 5258 eruditus
1027 5208 1075 5252 et
1104 5206 1334 5274 sanctus.
1358 5197 1444 5274 Ae
1469 5204 1524 5248 ut
1553 5197 1721 5274 episc:
1751 5197 2066 5274 Rliegic-nsis

480 5267 665 5328 fuisset
689 5314 705 5338 ,
741 5289 863 5326 num
895 5279 1072 5325 tamen
1103 5267 1314 5322 videtur
1353 5267 1515 5322 fuisse
1542 5268 1944 5336 pmunittendus
1973 5267 2066 5322 Hi-

479 5343 614 5398 lario
644 5337 980 5403 Arelatensi,
1007 5340 1165 5409 longe
1193 5337 1520 5393 sublimioris
1548 5338 1690 5392 sedis
1719 5339 1944 5409 antistiti
1968 5380 1983 5403 ,
2016 5347 2066 5392 et

476 5431 543 5468 ex
571 5407 1179 5486 plenissimamundauce
1205 5411 1473 5486 potesfqtis
1509 5409 1656 5474 sede,
1699 5418 1757 5486 ut
1788 5411 1836 5463 in
1889 5407 2068 5464 Parin-

477 5480 591 5541 ues'i
625 5486 860 5555 loquitur
887 5481 1206 5555 Euclierius,
1233 5480 1299 5534 ad
1329 5481 1640 5549 religionem
1669 5481 1917 5549 primum,
1953 5490 2064 5555 tum

479 5557 546 5611 ad
574 5552 915 5611 Arelatenses
942 5553 1134 5607 infulas
1167 5558 1377 5617 evecto,
1401 5566 1519 5620 quae
1547 5558 1732 5620 aperta
1765 5560 1848 5606 est
1869 5552 2066 5604 contir-

479 5628 646 5681 matio
675 5624 993 5681 discriminis
1016 5622 1161 5693 quod
1184 5619 1468 5693 statuimus
1492 5619 1631 5676 intér
1653 5619 1910 5676 Hilarium
1933 5622 2068 5677 Are-

479 5695 742 5768 latensem
766 5692 1066 5768 praesulem,
1093 5703 1148 5750 et
1174 5693 1336 5749 istum
1357 5692 1450 5764 qui
1471 5707 1570 5764 pro
1591 5692 1890 5762 Augustino
1918 5695 2069 5751 stetit

481 5781 606 5836 cum
627 5763 914 5836 Prospero.

553 5832 956 5892 Emendandum
974 5850 1108 5889 vero
1128 5844 1210 5891 est
1236 5834 1288 5889 in
1311 5832 1591 5904 scriptore,
1625 5839 1950 5906 rmteroquin
1980 5837 2064 5890 di-

2166 4707 2268 4760 rita
2310 4717 2361 4778 et
2397 4708 2594 4760 meritis
2631 4706 2816 4760 summi
2845 4707 3122 4761 sacerdotii
3149 4708 3344 4762 honore
3365 4709 3756 4778 supereminen-

2169 4785 2288 4841 tem,
2318 4777 2505 4841 idest,
2538 4779 2852 4846 episcOpum
2875 4817 2890 4842 ,
2921 4791 3062 4846 :cgre
3092 4778 3276 4833 tulisse
3305 4777 3452 4846 quod
3479 4777 3535 4833 S.
3571 4780 3757 4847 Auga-

2167 4847 2358 4907 stinus,
2388 4855 2635 4904 revocata
2667 4862 2845 4917 priore
2875 4861 2971 4902 sua
3000 4847 3244 4902 doctrina
3274 4848 3342 4904 de
3380 4849 3531 4904 initio
3567 4851 3756 4917 gratim

2168 4927 2222 4972 et
2246 4917 2733 4990 justilieationisex
2763 4917 2992 4972 naturali
3023 4926 3238 4990 conatu,
3270 4935 3432 4990 quam
3454 4919 3672 4987 juvenis
3699 4929 3757 4974 et

2171 4989 2366 5061 negotii
2389 4989 2573 5056 gratia:
2603 4989 2789 5061 minus
2801 4993 2983 5061 sciens
3001 4989 3313 5061 tradiderat,
3337 4991 3567 5061 primum
3595 4991 3758 5061 plane

2166 5060 2354 5114 salutis
2384 5069 2580 5112 nostra:
2626 5058 2906 5112 exordium
2935 5059 3128 5114 divina:
3172 5058 3520 5130 prmvéationi
3550 5058 3756 5117 conce-

2169 5130 2404 5202 dcndum
2425 5130 2662 5202 doceret,
2694 5144 2829 5202 quas
2852 5144 3043 5202 eorum
3067 5131 3319 5198 querelas
3346 5130 3405 5186 S.
3437 5130 3677 5202 Prosper
3702 5133 3758 5184 in

2167 5200 2515 5272 respon-ione
2547 5200 2611 5253 ad
2655 5199 2752 5252 tria
2785 5199 2953 5272 prima
2983 5198 3345 5272 Genui-nsiunt
3389 5198 3615 5272 excepta
3645 5203 3760 5258 late

2168 5271 2347 5324 refert.
2387 5269 2448 5323 Et
2473 5269 2798 5340 quamquam
2831 5269 3002 5335 initio,
3027 5269 3138 5325 fere
3169 5280 3377 5327 tantum
3400 5269 3756 5337 susurrando,

2166 5350 2219 5395 et
2267 5338 2606 5406 clanculum,
2659 5338 2956 5408 Augustino
3007 5341 3463 5408 adwrsidiantur,
3507 5354 3565 5397 ut
3612 5343 3760 5398 idem

2169 5410 2403 5481 Prosper
2431 5411 2586 5482 epist.
2615 5411 2682 5465 ad
2725 5410 2972 5465 Rufinum
3007 5419 3257 5468 testatur.
3295 5423 3473 5469 tamen
3512 5415 3718 5470 sensim
3744 5455 3758 5478 ,

2166 5483 2311 5552 quod
2338 5483 2476 5537 idetn
2507 5482 2560 5536 in
2590 5482 2903 5552 praefatione
2935 5482 3064 5552 libri
3093 5492 3281 5538 contra
3310 5484 3637 5540 Collatorcm
3669 5485 3761 5539 di-

2167 5551 2312 5625 serte
2343 5553 2530 5618 tradit,
2566 5551 2770 5625 magnis
2800 5551 3034 5625 motibus
3065 5554 3117 5605 in
3147 5571 3265 5607 eam
3289 5556 3646 5625 posteriorem
3695 5553 3761 5609 Ι).

2169 5624 2449 5694 Augustini
2472 5621 2770 5680 doctrinam
2801 5621 3182 5696 efferbuerunt,
3213 5621 3357 5694 quod
3401 5634 3665 5696 putarent
3697 5639 3764 5685 ea

2167 5692 2378 5752 ratione
2405 5696 2615 5750 ruinam
2645 5693 2948 5765 peccatoris
2983 5692 3196 5750 refundi
3232 5692 3296 5751 in
3324 5692 3492 5752 Deum
3516 5738 3529 5760 ,
3569 5704 3624 5750 et
3655 5695 3766 5750 ho-

2165 5767 2328 5823 minis
2353 5765 2581 5821 salutem
2611 5764 2719 5820 nbn
2747 5764 2912 5820 statui
2939 5765 2992 5820 in
3021 5767 3138 5834 ejus
3167 5782 3346 5827 manu.
3379 5775 3561 5823 contra
3589 5781 3767 5835 quam

2167 5813 2419 5906 antiquus
2439 5835 2689 5892 Ecclesia!
2714 5849 2904 5892 sensus
2950 5837 3012 5891 ad
3050 5813 3118 5889 ἶιει
3150 5813 3583 5907 "quem.in
3607 5813 3770 5894 ’καῖε
3801 5813 3829 5867 θ
