3960 6358
441 317 545 375 791

1276 315 1387 373 Tll.
1435 312 1794 372 RAYNAUDI
1833 310 2177 369 APOLOGIA
2215 310 2350 367 PRO
2386 311 2444 368 S.
2489 310 2904 368 VALERIANO.

429 432 706 490 Ricbardo
755 431 1002 503 profecit.
1054 430 1357 503 observant
1393 431 1450 486 hi
1483 428 2035 503 doctorestquamvis
2064 429 2118 489 Α
2142 428 2508 503 omnipotentis
2537 425 2639 480 Dei
2668 439 2805 503 cunt,
2837 437 2888 482 et
2913 436 3096 503 nostra
3117 443 3136 482 :
3157 428 3281 503 quia
3304 427 3420 503 ipse
3448 429 3744 503 aspirmdo

427 505 706 578 possimus
733 497 915 574 patres
936 517 1056 578 esse
1083 501 1305 578 Christi,
1333 508 1692 578 coeperant-es
1714 497 1780 578 ad
1802 499 2035 554 alienam

428 571 680 640 salutem,
712 571 943 643 eumque
981 573 1263 642 gignentes
1291 572 1345 627 in
1385 571 1565 643 alieno
1612 571 1813 643 corde,
1856 578 2035 625 tamen

427 639 874 715 unumquemque
899 639 1148 699 nostrum
1180 644 1232 698 in
1267 659 1381 715 quo
1410 642 1658 715 Christus
1686 639 1950 715 formatur
1983 649 2037 696 et

429 712 742 790 generatur,
767 712 877 790 non
902 729 963 771 se
984 715 1194 790 habere
1216 714 1282 768 ad
1297 712 1593 770 Christum
1616 714 1694 767 sic
1715 713 1955 790 genitum
1978 720 2038 768 ut

427 783 662 860 patrem,
695 786 791 860 sed
829 794 891 860 ut
909 793 1138 860 matrem
1164 785 1464 851 dumtaxat,
1497 799 1619 860 qum
1649 783 2036 860 ex_alieno_se-

429 853 600 914 ininio
629 857 886 927 concipit.
920 855 1326 926 Proptereaque
1353 853 1686 927 expendunt,
1721 853 2037 908 intermina-

431 939 544 984 tam
574 929 628 984 in
657 925 936 998 Scriptura
983 925 1440 998 m’aledictionem‘
1469 925 1644 998 sterili
1694 932 1759 998 et
1779 939 1898 993 quae
1926 939 2035 998 non

429 1001 609 1070 parit;
654 1015 754 1054 nec
780 996 1041 1054 _similiter
1067 996 1292 1070 dictum,
1324 997 1645 1052 maledictus
1672 996 1764 1065 qui
1803 1011 1910 1050 non
1951 996 2034 1064 gi-

430 1073 548 1144 gnit
577 1089 588 1124 :
620 1071 746 1140 quia
760 1086 882 1144 gon
915 1084 1080 1144 teque
1119 1069 1172 1123 in
1201 1076 1472 1144 potestate
1502 1075 1687 1123 nostra
1711 1073 1800 1144 _es_t
1827 1081 2034 1135 pneve-

432 1137 536 1197 niri
582 1137 1138 1209 sancta'cogitaiione
1163 1137 1269 1208 qua
1298 1139 1498 1194 veritas
1543 1137 1922 1209 perspiciatur,
1973 1152 2037 1194 ac

433 1221 518 1268 est
545 1213 598 1267 in
622 1221 804 1267 nostra
832 1208 1106 1282 potestate
1124 1211 1405 1282 adlucrere
1424 1209 1640 1282 veritati
1670 1208 2036 1282 intel_l_ect:e_et

432 1282 665 1339 interius
692 1278 935 1352 gustata),
981 1281 1209 1336 Domino
1237 1281 1400 1336 dante
1427 1280 1770 1352 suavitatem.
1793 1278 1869 1333 Ea
1891 1280 2037 1335 enim

434 1351 753 1424 praeventio,
795 1352 1366 1424 conferensgprimum
1398 1351 1584 1424 salutis
1615 1351 1866 1424 initiumt
1887 1365 2037 1405 mere

435 1422 503 1480 cx
538 1425 646 1480 Deo
676 1432 777 1488 est,
801 1424 894 1493 qui
923 1422 1148 1493 proinde
1171 1422 1293 1492 jure
1322 1423 1519 1478 dicitur
1547 1422 1748 1476 habere
1768 1422 2036 1476 rationem

437 1494 615 1552 Patris
649 1496 703 1549 in
747 1495 848 1550 hac
875 1494 1138 1564 spirituali
1169 1494 1466 1557 nativitate,
1494 1501 1682 1564 contra
1709 1507 1873 1561 quam
1912 1506 2036 1564 sen—

437 1566 646 1622 tiebant
692 1561 1126 1636 Semipelagiani,
1163 1565 1257 1634 qui
1303 1565 1402 1618 sibi
1445 1563 1573 1636 ipsis
1616 1563 1818 1631 absque
1863 1561 2036 1632 gratia

438 1638 736 1693 nativitatis
760 1633 900 1690 illius
917 1635 1125 1690 initium
1148 1633 1492 1704 arrogahant.
1514 1633 1706 1701 Liquet
1727 1648 1857 1703 ergo
1871 1648 2036 1702 quan-

441 1716 558 1763 tum
599 1708 666 1762 ab
695 1707 774 1762 eis
800 1706 1030 1762 abfuerit
1051 1705 1384 1760 Valerianus.

407 1788 414 1805 '
510 1777 998 1901 lnferiuslguoqye,
1026 1775 1212 1858 eadem
1239 1776 1457 1858 hmnilia
1486 1777 1574 1842 ll,
1608 1777 1840 1858 allegato
1882 1774 2035 1858 initio

441 1865 522 1901 ns.
539 1864 723 1901 cxxvr:
801 1849 862 1901 isi
935 1864 1136 1901 ommus
1158 1848 1743 1901 wdtﬁcaveril.etc..ita
1764 1844 2035 1900 infrazl’i-

479 1867 522 1906 5.
539 1864 723 1904 CXXVI:

439 1865 522 1920 ps.
539 1865 696 1904 cxxvr
713 1867 723 1901 :
742 1865 787 1901 tv
801 1865 859 1902 ist
883 1865 1136 1902 uommus
1158 1865 1509 1917 watpcaveru,
1525 1865 1656 1915 (δια,
1670 1865 1743 1902 ita
1764 1865 1933 1900 lllll'a:
1955 1865 1979 1898 γ
1996 1865 2042 1898 ι-

440 1921 572 1974 detis
602 1937 744 1990 ergo,
776 1919 913 1991 quod
942 1935 1032 1972 nec
1058 1919 1171 1971 sine
1199 1917 1425 1991 Domino
1447 1920 1584 1991 quod
1604 1919 1792 1991 bonum
1815 1926 1890 1970 est
1916 1915 2044 1991 (edi-

439 1992 614 2061 ﬁcari,
647 1986 738 2044 nec
788 1986 1105 2061 ludiﬁcatum
1141 1991 1253 2061 sine
1294 1986 1521 2044 Domino
1553 1990 1742 2060 poterit
1771 1986 2039 2061 custodiri.

440 2060 756 2132 )Ediﬁcatio
781 2060 1136 2132 dirimeliujus
1169 2060 1369 2123 domus,
1396 2061 1679 2131 wdiﬁcatio
1709 2070 1783 2132 est
1805 2060 1920 2112 vita:
1949 2074 2044 2112 no-

441 2130 586 2196 stru',
619 2149 772 2202 quant
802 2141 1002 2197 Oportet
1033 2130 1222 2184 divina:
1250 2130 1541 2202 majestatis
1573 2130 1768 2185 auxilio
1814 2145 2043 2183 comatu-

440 2205 566 2257 niri.
616 2201 896 2272 Iiogaudus
942 2203 1112 2272 itaque
1152 2201 1352 2270 semper
1381 2212 1456 2256 est
1487 2201 1720 2256 Christus
1752 2210 1960 2272 noster,
1987 2203 2045 2252 ut

441 2275 498 2328 in
522 2274 666 2327 nobis
690 2262 824 2327 bona
846 2262 1063 2334 nutrici,
1087 2282 1133 2324 et
1148 2262 1445 2326 exorandus
1467 2283 1522 2326 ut
1545 2272 1740 2326 nutrita
1761 2269 2042 2335 custodiat,

445 2355 599 2415 atque
626 2344 1086 2415 itaqintelligeutite
1117 2354 1310 2398 nostra:
1333 2343 1491 2399 corda
1523 2352 1818 2415 componat,
1852 2351 1906 2415 ut
1935 2357 2046 2394 om-

444 2413 536 2486 nia
557 2432 671 2486 qua:
701 2414 835 2486 bona
866 2413 1010 2486 sunt,
1036 2413 1217 2484 gloria:
1237 2415 1472 2486 cwlestis
1498 2414 1768 2486 potestatis
1793 2413 2040 2482 assignet.

445 2484 706 2553 Expende
751 2484 1160 2538 aediﬁcationem
1217 2485 1410 2538 divina:
1445 2484 1656 2548 demus,
1689 2484 1742 2538 id
1773 2490 1855 2538 est
1881 2497 2044 2537 exor-

443 2556 591 2611 dium
641 2563 696 2610 et
738 2556 946 2610 initium
982 2554 1403 2622 justifieationis,
1455 2557 1567 2611 Deo
1597 2555 1762 2609 tribui
1801 2567 1955 2622 aeque
1982 2567 2046 2607 ac

445 2627 688 2695 ejusdem
711 2625 822 2692 jam
862 2623 1139 2681 aediﬁcatae
1167 2627 1487 2680 custodiam.
1517 2625 1597 2680 Ex
1637 2641 1704 2695 eo
1735 2624 1878 2695 enim
1900 2622 2047 2695 quod

408 2745 411 2748 .
447 2693 548 2753 Dei
582 2698 650 2752 sit
691 2697 910 2751 domum
962 2705 1201 2751 nostram
1232 2697 1498 2751 internum
1526 2694 1816 2758 :edificare,
1861 2693 2047 2748 inferri

447 2768 622 2839 ipsum
669 2783 886 2839 quoque
911 2766 1684 2839 iustiﬁcationisexordiumﬂa
1713 2765 1886 2835 gratia
1912 2778 2047 2839 esse

447 2833 822 2909 repetendum,
857 2833 1018 2893 tradit
1045 2838 1260 2909 egregie
1281 2837 1410 2892 Naz.
1436 2847 1574 2893 orat.
1620 2836 1706 2909 51,
1725 2833 1882 2891 Vnum.
1909 2833 1960 2898 8,
1992 2841 2048 2889 et

444 2906 768 2979 Nazianzeni
825 2909 1038 2965 auditor
1093 2909 1148 2962 S.
1199 2907 1576 2979 Hieronymus,
1629 2906 1830 2964 Jerem.
1895 2922 2042 2979 x_v_tu.

444 2979 688 3049 Itemque
709 2978 948 3034 Joannes
979 2981 1265 3051 episcopus
1310 2977 1832 3051 llie‘rosolymiitanus
1873 2977 2046 3051 addu-

444 3061 564 3107 ctus
593 3045 647 3103 et
677 3045 1086 3106 commendatus
1116 3066 1146 3103 a
1168 3045 1242 3103 _S.
1295 3045 1595 3117 Augustino
1645 3049 1736 3103 lib.
1772 3049 1840 3102 de
1869 3045 2048 3117 Gestis

408 3177 412 3186 ,
446 3120 646 3190 Pelagii
688 3138 807 3191 cap.
860 3120 945 3184 M,
990 3137 1055 3176 ac
1099 3121 1260 3174 etiam
1291 3114 1522 3190 Prosper
1551 3120 1618 3174 ad
1640 3127 1895 3191 excerpta
1935 3114 2044 3172 Ge-

801 1849 862 1902 isi
875 1821 1136 1902 Dominus
1158 1848 1509 1917 wdiﬁcaveril,
1525 1821 1656 1915 (δία,
1670 1821 1744 1902 itii
1764 1844 1901 1900 infra
1919 1863 1933 1898 :
1949 1844 2042 1917 Vi-
2073 1821 2120 1882 Β

2141 515 2234 572 nos
2257 499 2506 572 prwvenit
2537 508 2595 552 ut
2613 497 2840 572 velimus,
2872 501 2958 572 qui
2981 497 3276 572 adjuvando
3298 497 3651 572 subsequitur,
3672 519 3744 558 ne

2137 568 2376 644 inaniter
2393 568 2623 634 velimus,
2666 569 2756 624 sed
2784 568 3058 644 possimus
3076 569 3289 644 implere
3316 587 3434 644 qua
3468 568 3738 644 colum.

2138 639 2498 724 Prteveniente
2519 657 2641 711 ergo
2667 639 3103 724 gratiahetnbo'na
3140 639 3402 724 uoluntate
3422 641 3748 724 fabaque.-

2140 720 2205 776 te,
2239 713 2334 766 ltOC
2361 711 2498 785 quod
2537 711 2901 785 omnipotentis
2932 711 3031 766 Dei
3059 712 3251 767 donum
3277 723 3376 779 est,
3408 713 3476 784 ﬁt
3499 711 3745 771 meritus

2138 780 2421 855 nostrum:
2445 780 2761 855 Quodrrbe’ne
2785 781 2981 855 Paulus
3010 785 3169 855 brevi
3202 780 3464 855 sententia
3505 786 3741 855 explicat

2138 852 2313 907 dicens
2345 869 2362 907 :
2387 852 2515 908 Plus
2547 854 2650 907 illis
2681 852 2915 908 omnibus
2944 853 3194 910 laboravi.
3229 852 3332 918 Qui
3361 872 3430 910 ne
3457 852 3736 912 sute'vide-

2137 933 2279 977 retur
2299 925 2474 1000 virtuti
2506 923 2906 1000 tribuis_se_quod
2933 927 3144 1000 fecerint,
3170 925 3417 1000 adjunzit
3438 925 3744 1000 :ANonego

2139 1005 2328 1060 autem,
2353 995 2446 1048 sed
2466 996 2639 1066 gratia
2662 995 2760 1049 Dei
2781 993 3002 1050 mecum.
3039 993 3175 1060 Quia
3211 993 3349 1051 enim
3379 998 3577 1053 cmlesti
3607 993 3742 1054 dono

2139 1077 2426 1140 praeventus
2447 1076 2541 1130 est,
2565 1067 2712 1138 quasi
2733 1067 2958 1140 alienum
2984 1083 3040 1121 se
3059 1083 3090 1119 a
3121 1066 3254 1140 bono
3281 1084 3375 1122 suo
3395 1085 3556 1140 opere
3578 1086 3746 1140 agno-

2137 1137 2224 1218 uit,
2249 1153 2352 1191 non
2371 1147 2547 1218 autem
2574 1136 2666 1218 ego
2694 1153 2710 1190 :
2732 1136 2823 1190 sed
2843 1139 2970 1218 quia
2985 1138 3302 1218 prtercniens
3321 1136 3502 1218 gratia
3526 1136 3746 1218 liberum

2137 1208 2193 1260 in
2213 1207 2572 1280 eorarbitrium
2607 1207 2806 1277 fecerat
2848 1207 2904 1262 in
2953 1207 3104 1271 bono,
3136 1207 3273 1280 quod
3318 1207 3484 1264 libero
3524 1209 3742 1264 arbitrio

2137 1279 2370 1351 eamdem
2391 1281 2614 1350 gratiam
2635 1289 2717 1351 est
2731 1279 3029 1351 subsecutus
3056 1281 3110 1333 in
3140 1279 3310 1351 opere,
3341 1280 3593 1351 adjunait
3615 1297 3633 1334 :
3651 1281 3744 1336 sed

2138 1351 2310 1421 gratia
2331 1347 2428 1403 Dei
2450 1366 2665 1421 mecum.
2683 1349 2758 1402 Ac
2779 1353 2824 1421 s_i
2845 1350 3054 1414 diceret,
3078 1351 3133 1404 in
3157 1347 3288 1404 bona
3308 1347 3468 1419 opere
3488 1350 3740 1418 laboravi,

2138 1419 2243 1492 non
2272 1437 2383 1492 ego,
2408 1420 2499 1474 sed
2544 1429 2595 1474 et
2633 1437 2746 1492 ego.
2793 1419 2859 1474 In
2900 1421 2997 1474 hoc
3024 1422 3162 1492 enim
3205 1421 3343 1492 quod
3383 1422 3501 1476 solo
3530 1421 3746 1477 Domini

2140 1490 2275 1545 dono
2301 1489 2590 1565 preventus
2629 1489 2762 1565 sum,
2793 1507 2898 1544 non
2928 1507 3040 1560 ego.
3075 1489 3443 1565 In_eo_au_tem
3479 1494 3621 1565 quod
3645 1493 3739 1549 do-

2138 1577 2263 1616 num
2285 1560 2546 1616 uoluntate
2565 1560 2883 1627 subsecutus,
2914 1571 2964 1615 et
2984 1578 3096 1633 ego.
3121 1560 3203 1615 En
3231 1560 3288 1616 S.
3313 1560 3744 1632 Gregfgratiam

2138 1634 2558 1702 praevenientem
2607 1641 2664 1688 et
2715 1633 2903 1688 salutis
2944 1631 3028 1688 ex‘
3052 1631 3164 1687 Deo
3197 1633 3412 1688 initium
3434 1631 3656 1703 adﬁgit
3689 1643 3747 1690 et

2139 1705 2334 1773 probat
2358 1719 2428 1758 ex
2448 1719 2515 1759 eo
2536 1703 2682 1772 quod
2717 1703 2921 1759 bonum
2949 1718 3085 1772 opus
3120 1712 3368 1759 nostrum
3397 1703 3620 1760 dicatur
3654 1704 3742 1761 bo-

2144 1773 2418 1846 numDei,
2464 1789 2669 1846 nosque
2697 1774 2942 1846 dicamur
2985 1773 3221 1846 alienum
3258 1775 3467 1846 bonum
3509 1777 3744 1846 operari.

2144 1845 2392 1915 quoipso
2422 1845 2584 1901 modo
2613 1844 2871 1914 loquitur,
2904 1853 2964 1899 ut
2987 1844 3215 1911 vidistis,
3247 1844 3599 1902 Valerianus.
3621 1845 3746 1914 Qui:

2145 1916 2275 1970 mihi
2311 1916 2562 1971 videntur
2603 1915 2798 1972 idonea
2827 1925 3143 1986 argumenta
3169 1917 3328 1974 bonae
3364 1915 3615 1985 cujusvis
3651 1934 3743 1976 vo-

2143 1987 2367 2042 luntatis
2391 1988 2556 2043 etiam
2585 1988 2792 2058 primae,
2824 1988 2893 2043 ab
2921 2002 2989 2043 eo
3016 1986 3265 2058 ascripta:
3302 1987 3514 2043 auxilio
3541 1989 3740 2056 gratia,

2145 2058 2200 2112 in
2222 2058 2418 2129 salutis
2448 2059 2683 2129 negotio.

2219 2127 2269 2182 5.
2295 2129 2352 2184 ln
2375 2127 2538 2200 calce“
2551 2129 2784 2200 denique
2803 2129 3046 2200 ejusdem
3065 2131 3303 2187 homilize
3331 2129 3421 2197 ll,
3447 2130 3573 2186 haec
3587 2131 3743 2188 verba

2147 2200 2352 2254 habet:
2388 2198 2488 2274 Qui
2509 2198 2764 2274 gloriatur
2789 2198 2918 2274 ergo
2942 2204 2996 2274 in
3036 2201 3262 2258 Domino
3286 2202 3578 2274 glorietur;
3611 2204 3744 2258 ωιιὶ

2145 2288 2192 2342 et
2204 2288 2266 2342 go
2295 2271 2466 2326 studio
2487 2271 2743 2342 agendum
2765 2271 2861 2336 est,
2885 2273 3226 2334 dilectissimi,
3248 2271 3305 2327 ut
3326 2276 3493 2328 vitam
3518 2286 3742 2330 nostras

2146 2341 2372 2416 Domino
2400 2343 2482 2416 ita
2500 2341 2629 2416 ﬁdes
2657 2359 2787 2416 pura
2813 2344 3153 2416 commendet,
3195 2360 3262 2416 ne
3287 2343 3415 2416 quid
3444 2346 3744 2416 extollatis

2148 2413 2378 2466 humana
2415 2411 2514 2467 sibi
2545 2411 2765 2467 vindicet
2791 2424 2882 2467 aut
2923 2417 3032 2469 suis
3057 2411 3322 2469 laboribus
3349 2418 3533 2469 donet.
3570 2415 3745 2470 Totus

2149 2494 2319 2537 autem
2375 2483 2598 2555 perdidit
2625 2483 2763 2556 quod
2787 2483 3058 2548 laboravit,
3082 2485 3189 2556 iqui
3221 2487 3449 2556 propriis
3482 2486 3744 2556 uirtutibus

2149 2556 2374 2678 fructum
2403 2555 2694 2609 sanctitatis
2729 2557 3048 2625 ascripserit.
3079 2555 3206 2611 Haec
3241 2555 3406 2625 plane
3427 2555 3648 2624 gemina
3672 2555 3747 2612 ef-

2171 2632 2260 2678 ato
2287 2624 2344 2678 S.
2377 2625 2632 2678 Cvnriani
2660 2627 2713 2678 in
2737 2625 2878 2678 nullo
2905 2626 3236 2678 gloriandum
3264 2642 3396 2678 esse.
3420 2625 3636 2678 quando
3657 2643 3746 2678 no-

2171 2624 2260 2678 ‘ato
2287 2624 2344 2679 S.
2377 2625 2713 2698 (iyprianimin
2737 2624 2878 2681 nullo
2905 2624 3396 2698 gloﬁandum’esse,
3420 2625 3636 2698 quando
3656 2643 3746 2698 uo-

2149 2641 2260 2678 iato
2287 2641 2344 2679 δ.
2377 2641 2632 2749 expuam
2660 2642 2713 2678 in
2737 2641 2878 2681 nuuo
2905 2641 3236 2708 gtormnaum
3264 2642 3396 2691 esse,
3420 2641 3636 2708 quando
3657 2643 3742 2708 ao-

2149 2705 2314 2766 stru_m
2344 2696 2449 2750 mlu
2501 2704 2593 2766 sit.
2625 2694 2702 2752 Ex
2726 2710 2836 2763 quo
2877 2698 3189 2753 testimonio
3217 2697 3274 2754 S.
3300 2697 3637 2766 Augustinus
3653 2697 3742 2766 lib.

2150 2766 2218 2820 de
2249 2764 2505 2821 Prredest.
2537 2765 2632 2822 SS.
2659 2782 2707 2821 c.
2734 2766 2787 2829 5,
2813 2775 2869 2822 et
2888 2767 2980 2823 lib.
3005 2767 3073 2822 de
3093 2768 3246 2824 Dono
3268 2764 3560 2824 Persever.
3585 2786 3635 2827 ο.
3661 2764 3746 2834 id,

2150 2835 2348 2892 fatetur
2368 2852 2426 2891 se
2447 2837 2735 2893 adductum
2759 2846 2817 2891 ut
2830 2839 3155 2908 sententiam
3175 2853 3328 2894 suam
3347 2837 3590 2908 priorem
3607 2836 3742 2899 circa

2151 2908 2338 2962 salutis
2361 2908 2572 2962 initium
2592 2916 2934 2964 retractaret.
2952 2907 3235 2975 Quomodo
3254 2906 3387 2977 ergo
3405 2906 3742 2969 Valerianis,

2152 2978 2352 3049 eodem,
2373 2979 2535 3033 modo
2565 2979 2797 3045 locutus,
2827 2980 3017 3034 salutis
3041 2979 3256 3049 initium
3295 2979 3506 3035 homini
3532 2992 3747 3049 arroga-

2152 3049 2274 3123 ret?
2317 3048 2382 3104 Et
2409 3066 2541 3123 vero
2582 3049 2728 3123 quod
2758 3048 3064 3123 negat55
3101 3049 3180 3105 fas
3377 3048 3747 3123 extollendam

2152 3119 2446 3174 humanam
2475 3119 2676 3188 aliquid
2714 3121 2825 3174 suis
2874 3119 3146 3176 IabBribus
3179 3121 3485 3184 vindicare,
3536 3120 3747 3176 videtur

446 3189 636 3248 nuen’s.
667 3189 792 3248 dub.
821 3191 872 3245 8.
907 3192 1144 3246 Adverto
1170 3191 1388 3262 insuper
1409 3189 1597 3260 gratia:
1625 3190 1820 3244 divina:
1842 3203 2048 3258 prmve-
2075 3199 2123 3262 ο
2154 3189 2412 3245 intortum
2439 3191 2493 3262 in
2525 3205 2766 3245 errorem
2788 3189 3367 3262 Semipelagianorum,
3389 3192 3477 3261 qui
3505 3191 3742 3262 humano

408 3313 410 3318 .
446 3263 644 3318 nientis
673 3263 891 3328 auxilia,
941 3263 1130 3318 iisdem
1155 3278 1186 3316 τι
1214 3261 1506 3317 Valeriano
1548 3261 1728 3315 verbis
1767 3275 2041 3328 expressa,

446 3335 642 3404 quibus
664 3333 1016 3404 designantur
1042 3333 1096 3387 in
1128 3333 1493 3389 ecclesiastica
1540 3332 1789 3404 oratione
1817 3330 2050 3384 Domini-

446 3403 525 3460 ca:
543 3404 576 3458 6
601 3414 722 3475 post
744 3403 1123 3469 Pentecosten,
1147 3420 1253 3472 qua
1279 3405 1480 3474 petitur
1500 3419 1531 3457 a
1553 3403 1686 3463 Deo,
1717 3412 1772 3455 ut
1795 3417 1908 3473 quin
1926 3411 2048 3475 sunt

445 3472 661 3542 nutriat,
696 3491 757 3529 ac
784 3477 990 3542 pietatis
1027 3475 1201 3530 studio
1229 3472 1345 3542 qua:
1381 3482 1502 3528 sunt
1530 3475 1726 3528 nutrita
1756 3472 2043 3527 custodiat.

447 3544 720 3602 Praeterea
751 3542 982 3600 observo
1021 3544 1212 3600 eodem
1242 3542 1366 3601 loco
1401 3544 1768 3607 Valerianum,
1801 3559 1911 3598 non
1945 3542 2047 3596 ali-

447 3630 573 3684 qua,
599 3616 694 3670 sed
721 3617 882 3684 plane
911 3615 1091 3669 omnia
1117 3631 1238 3684 qua:
1265 3615 1571 3670 Christiana
1599 3615 1742 3668 bona
1771 3622 1915 3678 sunt,
1948 3628 2046 3667 cu-

445 3683 680 3754 iusmodi
716 3683 881 3740 etiam
909 3694 992 3740 est
1019 3683 1252 3755 primum
1278 3685 1679 3754 justificationis
1701 3685 2050 3755 initiuun,ias-

447 3755 664 3825 signare
711 3755 823 3810 Deo
871 3754 1055 3824 gratia:
1108 3757 1336 3822 auctori,
1387 3764 1443 3811 et
1479 3771 1701 3809 monere
1749 3754 2049 3823 rogandum

448 3825 642 3891 Deum,
666 3833 726 3879 ut
752 3827 826 3880 ita
851 3826 1220 3894 intelligentiae
1242 3835 1440 3884 nostra:
1467 3825 1632 3881 corda
1653 3834 1963 3894 componat,
1997 3826 2051 3881 id

448 3904 511 3952 ut
539 3911 896 3966 agnoscamus
924 3906 979 3952 et
997 3895 1139 3951 facto
1166 3905 1500 3965 praestemus.
1532 3895 1662 3963 Qua:
1703 3896 1883 3949 omnia
1924 3905 2052 3950 sunt

449 3983 481 4022 a
512 3965 714 4035 Pelagii
765 3967 1008 4038 reliquiis
1052 3966 1399 4022 alienissima.
1432 3966 1592 4021 Valet
1630 3966 1872 4038 enimdex
1901 3965 2048 4035 ejus-

447 4038 596 4094 modi
617 4038 763 4094 dicto
792 4054 857 4093 ea
880 4036 940 4092 Ι).
974 4037 1255 4107 Augustini
1287 4037 1458 4092 illatio
1480 4053 1643 4107 quam
1667 4036 1888 4092 coniicit
1921 4053 2048 4092 ire—

448 4117 766 4190 tractncap.
798 4107 853 4175 9,
883 4109 971 4163 ubi
997 4107 1513 4190 _e:tpendens_‘quod
1543 4107 1756 4189 dixerat
1781 4108 1881 4190 lib:
1902 4108 2052 4190 uide

449 4178 568 4235 Lib.
604 4178 830 4245 Arbitr.,
863 4179 1045 4235 omnia
1066 4178 1207 4234 bona
1231 4195 1300 4235 ex
1328 4179 1442 4233 Deo
1469 4194 1608 4240 esse,
1634 4179 1712 4233 sic
1731 4178 2003 4233 οοηειυάἱι
2034 4198 2046 4232 :

451 4247 589 4323 Quia
617 4252 794 4306 omnia
825 4249 958 4323 bona
998 4267 1063 4304 ea:
1091 4249 1204 4306 Deo
1233 4260 1372 4313 sunt,
1416 4250 1644 4323 sequitur
1671 4259 1726 4302 ut
1755 4266 1821 4303 ea:
1849 4247 1960 4323 Deo
1984 4252 2052 4304 sit

447 4329 499 4374 et
527 4320 688 4374 bonus
716 4337 839 4375 usus
863 4320 1040 4376 libera:
1059 4323 1339 4377 voluntatis
1359 4320 1650 4390 quwoirtus
1679 4330 1774 4384 est,
1799 4330 1847 4373 et
1863 4320 1916 4373 in
1938 4337 2052 4374 ma-

451 4391 569 4460 gnis
599 4402 902 4446 numeratur
929 4392 1098 4446 bonis.

523 4459 578 4513 4.
617 4460 757 4515 lnfra
777 4478 994 4530 quoque
1020 4462 1335 4518 Valerianus
1349 4479 1416 4518 ex
1439 4463 1542 4518 illis
1563 4462 1860 4532 Scriptura:
1876 4460 2010 4516 locis
2035 4480 2047 4514 :

450 4528 577 4603 1_Vou
625 4540 703 4585 est
748 4528 836 4602 qui
879 4528 1038 4603 faciat
1077 4533 1283 4599 bonum,
1316 4544 1365 4588 et
1394 4551 1540 4588 nemo
1571 4528 1732 4588 bonus
1762 4531 1864 4586 nisi
1908 4533 2050 4586 solus

450 4600 614 4673 Deus,
649 4586 1127 4673 argt'uner'ttatione
1140 4586 1443 4671 eri-gemina?
1461 4586 1624 4673 quam
1665 4586 1900 4672 Prosper
1926 4618 2048 4672 cap.
2080 4586 2132 4646 Ῑ)

449 4670 521 4724 20
543 4677 732 4726 contra
760 4669 954 4728 Collat.
994 4690 1063 4729 ex
1093 4669 1280 4729 iisdem
1317 4676 1452 4730 locis
1475 4669 1694 4730 conficit
1713 4673 1782 4727 ad
1803 4669 2050 4742 proban-

450 4742 810 4798 dum-nostra:
826 4758 892 4798 ex
921 4743 1033 4798 Deo
1054 4746 1241 4800 salutis
1270 4746 1498 4811 initium,
1533 4744 1808 4800 concludit
1830 4743 1884 4796 in
1908 4743 2053 4800 hunc

448 4812 711 4890 modum:
747 4811 887 4890 E_rg_o
923 4814 1102 4869 videtis
1135 4816 1272 4890 quod
1312 4819 1356 4871 si
1389 4816 1596 4890 quando
1638 4816 1768 4890 boni
1798 4813 2047 4890 videmur,

451 4882 733 4955 bonitatem
763 4882 860 4955 Dei
901 4882 1194 4955 operantur.
1227 4887 1361 4942 Item
1393 4882 1559 4952 addit,
1593 4903 1714 4942 cum
1754 4885 1892 4939 bene
1923 4884 2052 4941 faci-

449 4969 571 5010 mus
595 4954 650 5008 in
681 4954 872 5010 ordine
901 4954 969 5011 ad
1009 4956 1257 5023 salutem,
1289 4958 1457 5013 Deum
1486 4959 1540 5012 in
1563 4957 1720 5012 nobis
1749 4964 1807 5010 ut
1830 4957 1885 5010 in
1911 4965 2052 5012 tem-

446 5025 542 5150 Βιυ
569 5025 837 5090 habitare,
870 5034 925 5080 et
951 5027 1158 5082 scilicet
1187 5029 1400 5099 operari
1430 5030 1485 5082 in
1525 5028 1680 5084 nobis
1710 5027 1839 5081 illud
1875 5027 2052 5097 ipsum

487 5111 674 5150 onum.
698 5096 842 5150 quod
889 5099 1108 5150 tametsi
1150 5108 1394 5150 nostrum
1423 5100 1512 5150 sit.
1547 5108 1726 5150 tamen
1754 5098 1880 5150 auia
1909 5099 2052 5150 radi-

487 5111 674 5167 onum,
698 5096 842 5164 quod
889 5099 1108 5154 tametsi
1150 5096 1394 5154 nostrum
1423 5100 1512 5162 sit,
1547 5108 1726 5154 tamen
1754 5098 1880 5167 quia
1898 5096 2054 5153 radi-

450 5166 642 5240 caliter
685 5175 742 5221 et
788 5167 1160 5240 principaliter
1187 5185 1217 5224 a
1257 5171 1368 5225 Deo
1409 5170 1630 5240 pendet,
1673 5166 1861 5223 bonum
1888 5168 1986 5224 Dei
2022 5187 2054 5225 a

451 5233 742 5311 Valeriano
770 5233 1114 5311 appellatur;
1152 5256 1220 5296 eo
1259 5241 1378 5311 ipso
1411 5233 1583 5296 sensu
1636 5256 1797 5311 quem
1820 5242 2054 5311 egregie

447 5307 1030 5380 expressit_dS.’jGreg.
1063 5311 1157 5366 lib.
1199 5307 1366 5368 xxim
1407 5311 1543 5367 Mor.
1589 5307 1708 5380 cap.
1759 5309 1830 5363 25
1868 5307 1924 5366 et
1951 5307 2048 5377 26,

450 5386 695 5450 tractans
726 5378 858 5450 illud
889 5399 900 5432 :
935 5378 1063 5445 Quis
1091 5392 1210 5436 ante
1230 5382 1370 5437 dedit
1399 5383 1544 5448 mihi,
1568 5392 1624 5436 ut
1654 5378 1869 5436 reddam
1888 5385 1965 5450 ei;
1997 5393 2053 5440 et

451 5449 640 5504 homil.
665 5446 699 5502 9
722 5449 777 5504 in
803 5447 1022 5526 Ezech.,
1042 5453 1108 5506 ad
1129 5453 1259 5507 illud
1276 5473 1290 5526 εί
1315 5446 1594 5526 Ingressus
1617 5454 1765 5508 estin
1795 5471 1876 5509 me
1894 5446 2051 5526 spiri-

454 5529 553 5597 tus,
579 5528 852 5597 postquam
881 5521 1081 5577 locutus
1102 5533 1176 5578 est
1198 5525 1348 5597 mihi,
1377 5521 1428 5580 et
1466 5526 1648 5597 statuit
1675 5540 1756 5597 me
1783 5521 1938 5595 super
1957 5544 2049 5597 pe-

454 5590 725 5672 detineas.
758 5591 988 5662 Appone
1009 5594 1744 5672 partem_loci_ill_ustrissimi,
1771 5590 2046 5672 tamquam

453 5660 664 5740 radium
691 5660 1040 5740 quo—veraet
1060 5665 1327 5740 catholica
1354 5667 1626 5740 Valeriani
1660 5665 1765 5740 hoc
1794 5660 1919 5740 loco
1949 5667 2047 5724 do-

456 5733 646 5794 etrina,
671 5733 982 5806 collustrari
1010 5745 1205 5805 potest.
1244 5737 1523 5793 Sciendum
1552 5736 1766 5806 estquia
1789 5737 1928 5790 mala
1951 5755 2044 5793 no-

434 5811 565 5876 ἐιιι-α
603 5800 922 5860 solummodo
951 5800 1128 5861 nostra
1168 5818 1306 5874 sunt,
1361 5809 1493 5863 bona
1540 5800 1708 5865 autem
1751 5817 1948 5874 nostra,
1994 5822 2042 5865 et

2154 3261 2326 3316 labori
2361 3261 2758 3330 subjungcbant
2795 3259 3043 3331 gratiam,
3067 3259 3308 3332 eamque
3337 3259 3671 3332 θεὰ-ἱδρώειηὲ
3683 3259 3740 3316 ei

2152 3332 2326 3404 labori
2365 3347 2474 3404 quo
2519 3333 2768 3404 voluntas
2805 3330 3062 3402 petendo,
3112 3330 3403 3404 pulSando,
3432 3330 3739 3404 quando,

2155 3403 2322 3474 Deum
2375 3400 2623 3458 advocat.
2678 3400 3033 3474 Utﬂs'uspicio
3061 3400 3182 3460 esse
3229 3404 3405 3473 possit
3446 3400 3745 3474 universam

2152 3473 2293 3528 hanc
2321 3473 2596 3528 homiliam
2625 3489 2732 3542 qua
2752 3473 3068 3530 Valerianus
3095 3490 3164 3529 ex
3184 3475 3437 3530 instituto
3455 3473 3631 3544 reiicit
3655 3487 3746 3529 eos

2153 3547 2242 3613 qui
2267 3545 2436 3599 Deum
2457 3545 2642 3611 gratia:
2663 3554 2938 3600 auctorem
2968 3547 3037 3600 ab
3066 3545 3246 3615 aliquo
3267 3546 3470 3601 laboris
3496 3544 3584 3601 sui
3618 3559 3743 3615 cgn-

2153 3617 2323 3670 sortio
2347 3616 2400 3670 in
2424 3615 2580 3669 bonis
2600 3616 2855 3684 operibus
2875 3613 3188 3679 excludunt,
3213 3632 3321 3672 non
3342 3624 3555 3671 tantum
3575 3615 3630 3669 in
3647 3613 3740 3670 Pe-

2153 3686 2352 3754 lagium
2383 3686 2699 3755 intorqueri,
2725 3687 2818 3756 qui
2847 3687 3096 3742 absolute
3119 3687 3349 3756 gratiam
3377 3686 3740 3750 inficiabatur;

2154 3757 2250 3812 sed
2297 3757 2480 3823 etiam,
2524 3764 2579 3811 et
2617 3756 2832 3828 quidem
2872 3758 3041 3813 multo
3076 3758 3246 3826 magis
3279 3757 3333 3811 in
3363 3756 3744 3828 Semipelagia-

2155 3844 2274 3891 nos,
2314 3843 2543 3896 quorum
2564 3836 2688 3897 post
2717 3826 2917 3897 Pelagii
2944 3829 3186 3891 cineres,
3217 3828 3413 3883 favilla:
3441 3826 3733 3882 fumabant.

2227 3899 2280 3953 6.
2322 3899 2564 3953 Tandem
2594 3897 2979 3953 alienissimum
3010 3907 3091 3955 est
3121 3915 3151 3954 a
3179 3914 3344 3954 sensu
3368 3907 3426 3954 et
3462 3898 3633 3955 modo
3669 3898 3744 3953 lo-

2153 3970 2353 4040 quendi
2390 3969 2965 4040 Semipelagianorum,
3009 3970 3152 4040 quod
3198 3969 3430 4040 habetur
3477 3969 3630 4023 hom.
3666 3967 3740 4031 i6,

2157 4039 2334 4112 verbis
2357 4040 2462 4112 illis
2488 4058 2500 4092 :
2536 4039 2720 4094 Omnis
2767 4041 2925 4112 igitur
2948 4058 3064 4112 spes
3085 4039 3379 4112 obtinmdse
3398 4040 3652 4105 uictoria,
3696 4040 3745 4092 in

2153 4111 2260 4182 ﬁde
2287 4121 2335 4164 et
2375 4111 2637 4165 voluntate
2666 4110 2917 4182 consistit.
2961 4110 3033 4182 Si
3069 4112 3207 4165 enim
3245 4111 3482 4182 voluntas
3510 4118 3746 4182 sequatur

2155 4179 2354 4253 ﬁdem,‘
2382 4197 2661 4253 numquam
2717 4181 2904 4253 deserit
2933 4181 3284 4253 voluntatem.
3337 4179 3538 4253 Utique
3585 4179 3742 4235 'ﬁdes.

2155 4251 2298 4307 Sane
2325 4251 2744 4321 Semipclagiani
2774 4251 2975 4307 erroris
3020 4251 3138 4315 ﬂos,
3169 4251 3254 4307 vel
3280 4252 3460 4322 potius
3505 4251 3634 4315 faex,
3671 4257 3745 4306 est

2155 4323 2464 4377 subsecutio
2494 4333 2548 4376 et
2576 4323 2882 4391 subjunetio
2916 4322 3034 4377 lidei
3065 4323 3134 4378 ad
3162 4323 3496 4378 voluntatem
3530 4323 3742 4377 bonam.

2157 4395 2225 4447 At
2252 4393 2585 4457 Valerianus,
2615 4393 2815 4449 diserte
2853 4394 3189 4448 voluntatem
3230 4394 3428 4449 bonam
3475 4391 3746 4462 subiungit

2159 4463 2315 4528 ﬁdei;
2367 4465 2438 4517 ita
2469 4472 2527 4518 ut
2563 4465 2724 4519 etiam
2756 4464 2929 4533 prima
2957 4463 3213 4520 credendi
3241 4463 3512 4533 voluntas,
3548 4479 3659 4519 non
3685 4463 3746 4517 sit

2159 4551 2228 4590 ex
2257 4534 2398 4590 nuda
2428 4533 2682 4590 facultate
2707 4532 3016 4601 voluntatis,
3049 4535 3144 4590 sed
3173 4533 3410 4590 divinum
3441 4532 3571 4588 fidei
3591 4533 3746 4589 semi-

2157 4607 2326 4671 nium,
2351 4605 2466 4659 sive
2493 4606 2723 4674 gratiam
2756 4605 3021 4661 voluntati
3073 4605 3328 4676 prteviam
3367 4604 3741 4676 subsequatur.

2159 4677 2289 4744 Qua:
2318 4685 2399 4731 est
2441 4677 2705 4732 catholica
2753 4676 2999 4730 doctrina
3037 4675 3226 4732 contra
3266 4675 3742 4745 Semipelagianos.

2157 4746 2534 4826 Idcirco-enim
2583 4764 2679 4802 eos
2725 4747 2978 4826 sugillans
3022 4745 3080 4800 S.
3124 4747 3324 4826 Petrus
3362 4746 3742 4826 Chgsplqus,

2157 4835 2321 4873 serm.
2354 4817 2474 4880 l55,
2509 4825 2632 4887 post
2651 4818 3082 4873 commendatam
3123 4818 3180 4872 S.
3215 4817 3487 4872 Laurentii
3531 4817 3592 4871 in
3622 4817 3743 4872 vivi-

2158 4889 2438 4945 comburio
2466 4889 2843 4952 constantiam,
2889 4895 3074 4943 monet
3115 4889 3388 4944 auditores
3411 4896 3474 4942 ut
3494 4889 3744 4943 mirantes

2158 4959 2213 5016 S.
2240 4959 2513 5014 Laurentii
2548 4960 2705 5014 fidem
2747 4968 2802 5013 et
2827 4959 3166 5029 patientiam,
3198 4959 3399 5029 donum
3429 4957 3526 5012 Dei
3550 4961 3743 5014 miren-

2163 5040 2282 5096 tur;
2317 5031 2409 5086 Dei
2439 5031 2584 5086 enim
2611 5027 3022 5089 donum'fuisse,
3054 5038 3261 5084 tantam
3309 5027 3490 5093 fidem,
3542 5039 3743 5085 tantum

2161 5105 2215 5158 in
2247 5103 2409 5157 tantis
2438 5101 2763 5156 cruciatibus
2803 5100 2969 5155 animi
3007 5101 3192 5156 robur.
3225 5099 3580 5168 Tandemque
3627 5116 3746 5156 con-

2161 5173 2328 5228 cludit
2361 5191 2374 5225 :
2407 5171 2548 5243 Ergo
2575 5181 2861 5242 martyrum
2910 5172 3115 5243 merita,
3159 5174 3295 5225 velut
3331 5169 3429 5225 Dei
3459 5171 3606 5243 dona
3644 5172 3746 5226 lu-

2162 5245 2372 5308 (lemus;
2426 5241 2686 5308 timemus,
2720 5241 2957 5306 oremus,
3010 5241 3394 5313 subinferamus
3440 5242 3745 5313 roluntatent

2161 5325 2411 5370 nostram.
2464 5313 2718 5368 Voluntas
2747 5314 2885 5367 enim
2920 5310 3175 5383 sequitur,
3192 5328 3304 5384 non
3352 5314 3620 5384 prwrenit.
3641 5310 3745 5384 _Sed

2165 5396 2331 5440 tamen
2354 5403 2456 5440 non
2478 5384 2616 5438 deest
2662 5385 2908 5448 citat-itas,
2949 5382 2995 5438 si
3033 5400 3138 5438 non
3164 5383 3296 5438 desit
3335 5382 3594 5438 uoluntas.
3628 5382 3744 5452 Ipsa

2161 5459 2297 5511 enim
2345 5456 2532 5510 ardens
2574 5456 2828 5521 voluntas,
2872 5464 3080 5510 uocatur
3128 5454 3377 5508 Charitas.

2779 5568 3010 5625 CAPUT
3048 5570 3134 5626 Vl.

2157 5643 2283 5708 Qum
2314 5643 2567 5714 prioribus
2616 5644 2740 5697 locis
2787 5640 3367 5714 Semipelagiauismum
3409 5643 3640 5696 subolere
3688 5642 3737 5693 in

2342 5715 2622 5768 Valeriano
2653 5714 2781 5778 visa,
2830 5713 3253 5768 demonstrantur
3291 5715 3565 5768 catholica.

2221 5810 2263 5863 ι.
2312 5807 2482 5877 Pergo
2513 5807 2578 5864 ad
2622 5807 2940 5864 indircctam
2969 5807 3240 5864 Valeriani
3269 5807 3722 5878 expurgationem,
