3924 6368
257 299 364 359 891

1081 299 1194 355 TH.
1234 296 1591 358 BAYNAUDI
1630 295 1972 358 APOLOGIA
2005 289 2144 356 PRO
2179 289 2242 360 Β.
2281 293 2708 362 VALERIANO.

334 413 425 487 it).
449 410 751 487 S.Chrys:,
782 413 928 468 hom.
954 410 980 464 1
1015 411 1068 466 in
1087 409 1260 487 Epist.
1291 411 1360 466 ad
1375 409 1574 487 llebr.,
1597 411 1652 465 in
1681 427 1843 487 mon,
1873 417 1927 476 Α
1967 484 1980 487 _
2019 411 2229 487 Vereor
2265 422 2443 487 autem
2471 430 2542 470 ne
2581 415 2740 470 alicui
2768 413 2946 471 minus
2970 414 3416 487 providefeoisse
3456 433 3537 474 v1-

255 481 339 543 lta
377 485 620 555 loquitur
650 475 664 537 Ξ
698 475 911 554 Oportet
949 499 1042 536 nos
1081 475 1265 554 eligere
1305 484 1525 554 primum
1552 475 1673 606 licia:
1711 475 1846 538 bona

255 561 405 606 inut.
438 565 486 606 et
515 566 632 606 tunc
654 553 792 606 Deus
820 570 934 606 qua:
961 569 1055 606 sua
1083 564 1200 606 sunt
1228 553 1526 606 introducit.
1611 571 1675 606 on
1697 565 1844 606 ante-

253 561 405 620 tunt,
438 553 486 610 et
515 566 632 610 tunc
653 553 792 627 Deus
820 570 934 627 qua:
961 569 1055 609 sua
1083 564 1200 609 sunt
1228 553 1526 627 introducit.
1552 553 1605 606 Ν
1611 571 1684 627 on
1697 565 1844 608 ante-

251 627 400 683 ‘cedit
420 637 626 682 nostras
645 625 950 688 voluntates,
984 641 1048 679 ne
1075 633 1306 679 nostrum
1335 625 1555 679 la’datur
1576 626 1847 680 arbitrium

251 695 499 753 ‘liberum.
517 696 645 751 Cum
666 706 834 751 autem
861 711 954 768 no_s
980 696 1298 768 elegerimus,
1323 696 1537 750 multam
1557 706 1674 750 tunc
1701 695 1848 751 nobis

255 769 424 840 'a/fert
460 770 870 840 auxiliatiouem.
914 766 980 820 Et
1006 765 1140 840 mox,
1175 784 1187 820 :
1232 765 1484 840 Nostrum
1518 768 1705 839 eligere
1735 776 1850 821 tan-

259 838 370 894 tum
391 849 470 894 est
495 849 543 893 et
571 840 716 905 velle,
743 838 840 894 Dei
869 848 1038 892 autem
1065 839 1277 910 enitere,
1312 848 1360 893 et
1390 839 1458 891 ad
1485 838 1850 910 perfectionem

255 910 559 982 perducere.
591 911 738 965 Idem
765 917 960 982 sonant
985 908 1112 978 quas
1133 909 1295 982 habet
1323 908 1564 964 hom.“
1583 908 1638 963 in
1667 908 1848 973 Joan.,

256 979 334 1053 ad
362 982 513 1048 illud,
545 983 828 1037 Conversus
852 979 1002 1053 {esus
1029 989 1078 1033 et
1099 980 1279 1053 videns
1313 997 1399 1035 eos
1437 990 1722 1053 sequentes,
1743 989 1848 1035 etc.

255 1049 355 1124 Sic
389 1053 533 1108 enim
570 1053 755 1124 scribit
801 1071 814 1106 :
859 1050 999 1105 Hinc
1036 1051 1302 1106 admoneri
1343 1049 1642 1124 possumus,
1685 1051 1853 1106 Deum

255 1123 374 1196 suis
401 1124 458 1177 in
478 1139 570 1196 nos
600 1123 1088 1196 beneﬁciisnostras
1110 1139 1214 1196 non
1244 1123 1524 1193 prtevenire
1543 1123 1848 1187 voluntates,

249 1193 357 1247 ‘sed
386 1211 419 1246 a
445 1195 590 1249 nobis
617 1193 968 1266 incipiendum
1004 1195 1221 1266 esse.At
1242 1209 1355 1248 cum
1381 1209 1475 1248 nos
1496 1204 1731 1266 prompto
1760 1211 1855 1263 pa-

255 1273 481 1338 ratoque
520 1267 698 1338 animo
724 1263 817 1338 :ad
858 1265 1237 1338 suscipiendam
1282 1263 1504 1338 gratiam
1534 1263 1848 1338 exhibemus,

260 1333 609 1405 tunc'multas
647 1334 793 1391 nobis
831 1333 1209 1405 oﬂert’salutis
1249 1333 1562 1391 occasiones.
1594 1334 1663 1388 Et
1701 1335 1848 1389 hom.

255 1403 337 1458 49.
366 1407 434 1460 ad
457 1415 614 1477 pop.,
639 1403 887 1462 tractans
906 1406 1038 1461 illud
1055 1404 1194 1477 ⁵εῂΝε
1220 1406 1307 1477 des
1338 1408 1434 1477 (ita
1456 1407 1599 1461 enim
1619 1405 1768 1475 legit)
1797 1407 1856 1460 in

249 1474 656 1548 comma—tionem
672 1478 849 1548 pedem
871 1486 1029 1548 tuum.
1045 1474 1168 1531 Non
1187 1474 1447 1548 dixit,'Ne
1465 1474 1851 1546 commoveat-is,

249 1545 359 1620 ζςά
381 1545 436 1600 Ν
439 1565 475 1620 εν
489 1548 595 1601 des.
624 1545 796 1620 Igitur
820 1549 876 1602 in
896 1545 1042 1620 nobis
1063 1556 1137 1601 est
1159 1547 1302 1620 dare,
1326 1563 1430 1602 non
1459 1548 1511 1600 in
1538 1549 1646 1603 ullo
1666 1549 1849 1604 altera.

249 1613 414 1686 fN’am
433 1619 480 1672 si
500 1629 638 1686 stare
657 1613 866 1673 velimus
894 1616 1100 1672 stabiles
1128 1627 1177 1673 et
1203 1619 1422 1683 immoti,
1446 1633 1550 1671 non
1573 1633 1855 1674 commove-

243 1685 454 1764 ξιτψ-ξίν.
483 1685 621 1764 Quid
656 1689 854 1764 igitur?
883 1687 1091 1764 In__I)eo
1129 1689 1261 1764 nihil
1293 1690 1405 1764 est?
1435 1687 1624 1764 omnia
1651 1689 1855 1764 quidem

245 1751 318 1811 ’tn
337 1753 477 1823 2Deo,
501 1751 591 1813 sed
619 1751 720 1815 no'n
749 1761 824 1815 ita
839 1769 897 1812 ut
922 1758 1136 1814 liberum
1163 1761 1216 1813 in
1239 1759 1384 1813 nobis
1406 1751 1676 1813 arbitrium
1694 1761 1853 1816 viale-

265 1837 369 1902 gr.
414 1829 478 1884 Si
515 1831 676 1902 igitur
711 1832 768 1886 in
809 1829 916 1902 Deo
957 1841 1077 1885 sunt
1113 1831 1295 1902 iniqui,
1339 1847 1430 1902 cur
1467 1846 1571 1883 non
1611 1833 1857 1887 accusat?

259 1891 560 1970 i’roptered
587 1901 713 1968 dixi,
745 1917 812 1956 ne
831 1901 1045 1955 liberum
1076 1903 1130 1955 in
1153 1891 1300 1955 ndbis
1321 1900 1592 1955 arbitrium
1618 1902 1850 1957 violetur.

264 1967 334 2044 In
363 1967 513 2044 nobis
547 1967 707 2044 igitur
733 1981 783 2044 et
807 1974 862 2026 in
898 1971 1008 2028 Deo
1028 1981 1164 2026 sunt.
1189 1973 1406 2044 Oportet
1425 1973 1563 2025 enim
1591 1988 1684 2026 nos
1713 1975 1856 2044 prius

261 2040 457 2114 eligere
482 2040 635 2114 bona,
659 2053 708 2098 et
726 2043 814 2098 ille
841 2059 934 2098 sua
965 2051 1082 2096 tunc
1101 2040 1316 2096 inducit.
1343 2041 1567 2114 Nostras
1596 2059 1700 2097 non
1714 2040 1859 2114 prte-

251 2113 402 2165 lvenit
439 2113 748 2180 voluntates,
785 2131 849 2168 ne
883 2123 1114 2168 nostram
1155 2123 1360 2167 temeret
1394 2113 1698 2168 libertatem.
1722 2113 1857 2170 Cum

265 2199 386 2256 vero
409 2199 506 2256 no_s
545 2184 864 2254 elegerimus,
909 2193 1026 2256 tunc
1054 2201 1297 2256 magnum
1326 2184 1855 2256 nobisqaﬂertsubsi-

245 2253 429 2324 mdium.
461 2252 532 2307 Et
561 2252 685 2311 hinc
718 2256 947 2311 extricat
978 2252 1197 2308 dubium
1227 2270 1294 2310 ex
1324 2256 1438 2309 istis
1465 2252 1708 2324 ApOstoli
1738 2271 1861 2311 ver-

262 2323 348 2378 bis
369 2323 530 2380 Rom.
549 2341 601 2380 lx
622 2343 634 2378 :
656 2324 779 2381 Non
801 2337 874 2380 est
893 2327 1126 2386 volentis,
1151 2333 1278 2390 etc.,
1297 2339 1416 2393 qua:
1437 2323 1682 2380 videntur
1703 2326 1854 2395 falsa,

257 2395 310 2466 si
337 2403 394 2448 et
423 2397 479 2450 in
513 2397 667 2451 nobis
699 2406 784 2452 est
809 2397 954 2452 salus
986 2406 1186 2450 nostra.
1225 2396 1427 2451 Pneter
1452 2396 1679 2466 primam
1713 2399 1859 2453 enim

251 2464 484 2540 illorum
509 2468 794 2540 verborum
825 2469 1267 2540 explicationem,
1297 2468 1442 2536 quod
1456 2464 1675 2540 scilicet
1694 2466 1861 2540 _Apo-

260 2536 442 2609 stolus
472 2551 537 2593 ea
575 2539 738 2594 verba
768 2555 835 2595 ex
855 2536 1085 2609 persona
1125 2539 1420 2593 adversarii
1446 2538 1730 2608 protulerit
1757 2536 1858 2595 ob-

255 2606 505 2679 jiciendo
530 2625 594 2666 ac
615 2606 1016 2679 interrogando,
1049 2625 1155 2664 non
1177 2606 1486 2674 asserendo,
1510 2609 1691 2664 subdit
1717 2610 1859 2666 hanc

258 2678 562 2753 secundum
597 2699 609 2733 :
655 2679 769 2736 Dici
809 2678 857 2753 et_
885 2679 1029 2753 illud
1038 2689 1236 2753 potest,
1279 2679 1413 2753 quod
1441 2681 1588 2750 cujus
1627 2690 1705 2753 est
1746 2699 1859 2736 am-

259 2748 425 2820 plius,
467 2760 632 2822 totum
671 2768 781 2806 esse
821 2751 966 2822 dicit.
1001 2748 1254 2805 Nostrum
1291 2748 1430 2804 enim
1471 2748 1546 2822 est
1585 2752 1776 2822 eligere
1809 2760 1860 2807 et

259 2819 412 2894 velle,
582 2837 700 2878 vero
727 2821 967 2894 expedire
1003 2831 1053 2877 et
1093 2822 1161 2875 ad
1189 2824 1380 2894 exitum
1414 2819 1685 2875 adducere.
1718 2821 1859 2886 Quo-

260 2891 412 2945 niam
441 2891 801 2966 illiusitaque'
817 2893 931 2966 plus
967 2901 1062 2958 est,
1103 2902 1262 2947 totum
1301 2893 1441 2966 illius
1481 2907 1591 2946 esse
1621 2901 1853 2966 testatur,

259 2963 550 3017 secundum
587 2961 865 3018 humanam
906 2963 1101 3019 locutus
1149 2965 1583 3017 consuetudinem.
1625 2961 1766 3018 Nam
1808 2974 1861 3020 et

260 3047 364 3108 nos
392 3034 470 3087 ita
492 3037 762 3108 faciamus.
790 3034 954 3108 Quale
982 3036 1118 3108 quod
1143 3035 1276 3089 dico.
1301 3033 1530 3108 Domum
1547 3035 1868 3108 aediﬁcatam.

262 3099 397 3158 bene
423 3099 670 3170 videmus,
697 3116 748 3161 et
776 3099 1005 3161 dicimus
1034 3115 1192 3162 totum
1227 3115 1302 3160 est
1340 3107 1578 3176 artiﬁcis,
1605 3099 1721 3160 licet
1753 3123 1858 3162 non

264 3178 622 3261 totumjpsius
649 3180 735 3244 sit,
754 3195 940 3261 perum
977 3188 1027 3261 et
1069 3178 1425 3261 aperariorum
1446 3175 1502 3232 et
1533 3175 1740 3261 Domini
1771 3180 1858 3250 qui
1887 3197 1931 3261 ρ

261 3247 544 3300 materiam
571 3247 930 3319 suppeditavit,
953 3247 1271 3319 aliarumque
1291 3248 1588 3319 multorum.
1617 3247 1859 3305 Attamen

263 3319 518 3390 quoniam
551 3317 673 3390 plus
706 3320 939 3390 coutulit,
975 3319 1115 3372 illius
1153 3317 1313 3390 totum
1339 3331 1448 3390 esse
1486 3317 1744 3390 dicimus;
1783 3322 1859 3375 ita

263 3388 505 3459 profecto
543 3388 591 3443 et
632 3390 732 3443 hic.
766 3389 835 3442 Et
871 3405 1076 3444 rursum
1113 3389 1168 3443 in
1209 3389 1554 3453 multitudine,
1597 3388 1680 3441 ubi
1711 3391 1860 3446 multi

263 3467 411 3530 s_unt,
444 3475 616 3514 omnes
645 3477 755 3530 esse
794 3460 1043 3523 dicimus;
1072 3459 1159 3513 ubi
1182 3461 1353 3530 pauci,
1396 3461 1670 3513 neminem.
1699 3460 1784 3514 Ita
1811 3470 1861 3516 et

265 3527 472 3584 Paulus
509 3533 628 3603 ait_:
666 3529 787 3603 Non
818 3533 1052 3595 volentis,
1085 3527 1247 3603 neque
1283 3532 1552 3603 currentis,
1588 3532 1679 3584 sed
1707 3533 1862 3586 mise-

266 3603 434 3656 rantis
460 3610 534 3656 est
564 3600 679 3655 Dei.
704 3601 801 3673 Det
827 3619 943 3656 vero
965 3599 1257 3672 magna'hic
1287 3602 1432 3672 facit.
1457 3599 1633 3655 'Unum
1657 3603 1863 3673 quidem

267 3686 339 3724 ne
377 3673 709 3726 extollamur.
754 3671 872 3727 Sive
911 3671 1108 3734 curras,
1150 3674 1253 3726 sive
1289 3671 1520 3742 festines,
1564 3671 1755 3741 inquit,
1797 3690 1862 3729 ne

271 3748 418 3796 tuum
445 3758 554 3797 esse
574 3754 717 3812 putes
745 3745 1000 3798 meritum.
1027 3742 1148 3796 Nisi
1179 3753 1399 3814 namque
1418 3757 1693 3812 supernum
1717 3760 1860 3799 asse-

268 3814 448 3886 queris
471 3816 714 3884 favorem,
739 3816 913 3869 omnia
939 3814 1297 3886 nequidquam.
1316 3812 1518 3866 Tamen
1540 3814 1735 3886 clarum
1764 3823 1859 3884 est,

267 3882 411 4006 πρά
429 3882 658 3955 optatum
680 3886 981 3958 assequeris,
999 3882 1225 3950 quandiu
1247 3901 1437 3948 curres,
1456 3885 1682 3957 quandiu
1705 3882 1859 3941 voles.

333 3969 402 4006 on
422 3955 516 4006 hoc
535 3958 706 4006 itaaue
726 3957 874 4006 dixit.
892 3957 1026 4006 auod
1045 3959 1100 4006 in
1121 3971 1306 4006 vanum
1327 3957 1598 4006 currimus.
1617 3957 1709 4006 sed
1728 3956 1859 4006 mtod

333 3969 402 4008 on
422 3955 516 4009 hoc
535 3958 706 4028 itaque
726 3955 874 4022 dia‘it,
892 3957 1026 4029 quod
1045 3959 1100 4009 in
1121 3971 1306 4009 vanum
1327 3955 1598 4019 currimus,
1617 3957 1709 4010 sed
1728 3956 1865 4029 quod

267 4023 328 4098 in
367 4041 557 4098 vtinam
595 4023 865 4091 currimus,
904 4023 955 4080 si
996 4035 1153 4098 totum
1191 4031 1424 4080 nostrum
1461 4043 1592 4098 esseA
1609 4023 1860 4098 putemus,

269 4095 374 4150 nisi
405 4094 515 4152 Deo
553 4097 667 4167 plus
698 4099 1030 4168 assiguemus.
1058 4095 1170 4151 Nec
1199 4098 1333 4150 enim
1365 4106 1524 4151 totum
1557 4094 1696 4152 Deus
1716 4094 1865 4153 suum

268 4182 384 4221 esse
411 4168 586 4234 voluit,
619 4185 683 4222 ne
709 4169 821 4222 sine
841 4183 998 4241 causa
1026 4185 1119 4223 nos
1143 4183 1397 4241 coronare
1410 4168 1673 4241 videatur;
1704 4185 1866 4241 neque

268 4253 454 4310 rursus
481 4249 732 4305 nostrum,
765 4239 904 4294 nein
933 4240 1289 4310 arrogantiam
1324 4237 1685 4292 dilaberemur.
1721 4237 1866 4294 Nam

267 4309 316 4382 s_i
345 4310 596 4365 minorem
628 4312 870 4364 habentes
899 4309 1280 4382 pagemialtum
1309 4310 1556 4382 sapimus,
1581 4310 1703 4382 quid
1723 4312 1765 4364 si
1788 4320 1866 4366 to-

271 4378 648 4450 tiusrauctores
681 4378 940 4436 essemus?
971 4380 1208 4436 Tandem
1244 4378 1380 4450 post
1409 4378 1603 4443 multa,
1631 4389 1867 4437 tractans

267 4447 405 4505 illud
436 4469 450 4504 :
484 4450 779 4518 Lavamini,
822 4452 999 4506 mundi
1037 4461 1214 4512 estote,
1247 4447 1304 4504 ἐι
1343 4451 1388 4504 si
1412 4450 1622 4573 bfuerint
1654 4461 1868 4522 peccatu

267 4531 440 4573 vestra
466 4524 596 4573 sicut
617 4539 863 4573 nurnura.
886 4525 1017 4573 sicut
1037 4524 1202 4573 nivem
1225 4521 1406 4573 dealba
1443 4537 1492 4573 ο.
1518 4520 1590 4573 ita
1620 4523 1762 4573 enim
1785 4522 1865 4573 le-

267 4531 440 4594 vestra
460 4524 596 4594 sicut
616 4539 863 4594 purpura,
886 4525 1017 4577 sicut
1037 4524 1202 4577 nivem
1225 4520 1492 4584 dealbabo,
1518 4520 1590 4574 ita
1620 4520 1762 4576 enim
1785 4522 1865 4578 le-

1951 484 2099 549 dear,
2131 483 2222 554 qui
2251 486 2316 539 ad
2338 486 2681 542 Valerianum
2703 483 3131 556 expurgandum,
3171 485 3396 556 ejusque
3440 489 3540 546 tio-

1951 556 2443 629 ctrinam_liberam
2472 557 3005 629 Semipelagianismo
3035 557 3414 629 praestandam,
3439 561 3541 616 ad-

1949 626 2638 700 ducaniClirysostomum,
2664 643 2824 700 quem
2855 637 2996 684 tetra
3022 626 3124 685 bac
3153 628 3374 699 fuligine
3401 631 3542 686 obli-

1951 705 2095 770 tum,
2151 697 2314 754 imnio
2363 699 2622 756 Cassiano
2676 697 2939 770 discipulo
2999 701 3202 756 erroris
3259 697 3541 758 auctorem

1945 767 2134 840 fuisse,
2159 771 2386 840 tentavit
2408 771 2520 840 jam
2545 772 2672 826 olim
2701 767 2933 826 Thomas
2955 770 3351 827 Bradua‘rdinus
3379 773 3471 827 lib.
3495 772 3544 827 ll

1951 839 2021 912 de
2045 836 2222 912 Causa
2265 839 2359 912 Dei
2386 836 2506 912 cap.
2545 841 2630 907 11,
2653 851 2708 897 et
2732 843 3094 912 recentiorum
3132 859 3238 897 non
3271 859 3449 908 nemo,
3481 851 3542 898 ut

1954 909 2195 985 Auianus
2220 910 2428 985 prmfat.
2455 909 2514 967 in
2535 913 2730 985 tremit.
2756 911 3052 985 Chrysost.
3071 914 3127 968 in
3155 912 3345 985 blatth.
3377 929 3542 982 quem

1953 980 2120 1053 refert
2147 989 2202 1036 et
2229 984 2494 1053 approbat
2527 982 2712 1040 Sinus
2748 980 2974 1040 Senéns.
3006 984 3099 1038 lib.
3128 1001 3162 1039 v
3187 984 3323 1039 Bibl.
3351 980 3540 1039 annot.

1957 1051 2437 1126 ltitiquamq‘uam
2474 1055 2616 1126 apud
2655 1056 2826 1124 ipsum
2864 1053 3150 1126 Attianum,
3186 1069 3286 1123 ego
3323 1055 3541 1124 quidem

1953 1123 2089 1196 nihil
2126 1125 2431 1196 talerlego,
2457 1123 2552 1182 sed
2579 1123 2909 1196 contrarium
2948 1125 3273 1196 potiusnon
3313 1123 3544 1181 obscure

1956 1193 2359 1266 deprehendo);
2391 1195 2518 1251 Mol.
2549 1211 2566 1251 ι
2600 1211 2658 1266 p.
2694 1210 2750 1266 q.
2787 1195 2856 1250 i4
2888 1193 2990 1252 art.
3016 1196 3084 1249 15
3113 1195 3170 1250 d.
3199 1195 3300 1262 4i;
3333 1195 3448 1266 Tol.
3491 1198 3545 1250 in

1958 1211 2359 1266 ueprenenuO);
2391 1211 2518 1251 ιιιοι.
2549 1211 2566 1251 ι
2694 1211 2750 1266 q.
2787 1211 2856 1250 Μ
2881 1211 2990 1277 art.
3016 1211 3084 1249 ia
3113 1211 3170 1250 α.
3199 1211 3300 1262 si;
3333 1211 3448 1250 ἰοι.
3491 1214 3545 1250 ιιι

1958 1279 2077 1333 cap.
2106 1281 2160 1320 γι
2183 1264 2338 1320 Joan.
2371 1275 2557 1322 annot.
2623 1266 2688 1334 0;
2723 1274 2779 1322 et
2803 1282 2895 1336 qui
2923 1267 2991 1321 ad
3013 1279 3205 1337 clunes
3233 1283 3340 1337 pro,
3371 1264 3546 1337 Chry-

1957 1344 2198 1392 sostomo
2227 1339 2602 1394 excusationes
2629 1335 2966 1394 obsurdescit
2983 1336 3145 1407 Vasq.
3177 1354 3196 1392 ι
3228 1335 3280 1408 p.
3312 1336 3368 1393 d.
3393 1335 3463 1391 89
3487 1335 3544 1391 c.

1958 1403 2070 1461 4et
2096 1407 2150 1460 tl.
2183 1405 2244 1459 91
2271 1422 2320 1462 c.
2352 1406 2386 1462 8
2413 1406 2541 1463 et9.

2015 1413 2070 1461 et
2096 1413 2150 1460 tl.
2183 1413 2244 1459 91
2271 1422 2320 1462 c.
2352 1413 2386 1462 8
2413 1416 2470 1463 et
2488 1413 2541 1463 9.

2029 1475 2269 1532 Mirabile
2289 1485 2469 1533 tamen
2490 1478 2620 1536 mihi
2639 1491 2854 1546 semper
2871 1478 3043 1533 visum
3075 1485 3180 1542 est,
3203 1475 3347 1546 quod
3380 1491 3544 1546 quam

1958 1546 2282 1602 calumniam
2303 1547 2716 1621 Chrysostomus
2736 1546 2803 1606 ab
2823 1550 2952 1621 ipsis
2973 1550 3079 1620 7Q
3107 1547 3406 1621 Pelagianis
3435 1564 3545 1605 non

1959 1625 2044 1691 est
2061 1633 2268 1688 passus,
2286 1619 2462 1691 eam'a
2483 1621 2763 1677 catholicis
2780 1619 2904 1691 post
2925 1619 3006 1674 tot
3023 1619 3218 1674 saecula
3246 1620 3543 1686 sustineat;

1959 1687 2034 1763 ita
2064 1687 2122 1744 ut
2140 1705 2262 1746 cum
2284 1688 2556 1763 Pelagiani
2584 1692 2699 1748 loca
2719 1687 3087 1763 Chrysostomi
3116 1705 3216 1760 pro
3238 1705 3337 1745 suo
3362 1705 3547 1763 errore

1960 1758 2028 1813 de
2049 1768 2273 1830 peccato
2294 1758 2516 1830 originis
2538 1770 2645 1818 tam
2668 1758 2905 1818 studiose
2924 1758 3258 1830 colligerent,
3283 1770 3338 1816 et
3358 1760 3548 1816 catho-

1961 1830 2078 1884 licis
2120 1843 2475 1901 opponerent,
2505 1844 2566 1888 ut
2593 1833 2653 1888 D.
2685 1831 3009 1902 Augustinus
3053 1839 3240 1886 contra
3278 1830 3549 1888 lulianum

1963 1903 2272 1975 testaturin
2311 1903 2411 1957 hac
2441 1913 2618 1959 tamen
2645 1912 2799 1975 parte
2837 1904 2911 1975 ita
2939 1902 3320 1968 ancutiverint,
3350 1913 3408 1958 ut
3439 1919 3548 1958 non

1960 1974 2276 2044 agnoverint
2315 1987 2573 2040 errorem,
2604 1974 2698 2043 qui
2732 1974 2872 2044 apud
2912 1990 3033 2029 eum
3066 1983 3174 2027 tam
3213 1975 3404 2028 creber
3441 1983 3542 2040 est,

1954 2041 2108 2116 juxta
2150 2043 2400 2099 doctores
2446 2041 2722 2114 allegatos.
2769 2041 2918 2112 ‘Quid
2955 2045 3118 2116 quod?
3153 2053 3369 2098 exstant
3405 2045 3548 2116 apud

1959 2113 2401 2184 Chrysostomum
2440 2113 2563 2170 tam
2589 2117 2811 2180 crebrm,
2849 2124 3067 2184 tamque
3107 2113 3453 2182 ingeminatze
3484 2129 3550 2171 :c

1958 2185 2254 2254 perspicuas
2284 2186 2610 2241 assertiones
2637 2187 2772 2241 initii
2801 2187 2990 2240 salutis
3017 2186 3178 2255 plane
3218 2188 3456 2254 gratuiti,
3488 2194 3550 2240 ut

1961 2269 2176 2309 onmem
2192 2255 2350 2325 plane
2380 2255 2537 2325 hujus
2557 2259 2610 2311 in
2631 2271 2698 2312 eo
2719 2259 2918 2312 erroris
2939 2257 3022 2311 vel
3043 2257 3399 2325 suspicionem
3423 2257 3548 2310 abs-

1963 2325 2212 2393 tergant?
2251 2324 2458 2381 Omitto
2473 2328 2744 2383 liomiliam
2767 2329 2832 2383 de
2856 2327 3024 2381 Adam
3055 2337 3109 2381 et
3139 2324 3276 2391 Eva,
3310 2342 3428 2396 qua:
3452 2342 3549 2381 ex-

1959 2396 2308 2466 plicatissime
2335 2399 2578 2454 continet
2605 2399 2922 2454 catholicam
2946 2399 3012 2452 de
3033 2398 3200 2466 gratia
3225 2397 3548 2463 doctrinam,

1961 2475 2148 2540 contra
2177 2466 2497 2538 Pelagianos
2517 2485 2814 2540 eorumque
2837 2470 3108 2540 reliquias.
3135 2467 3285 2532 Eam,
3312 2469 3550 2538 inquam,

1962 2536 2236 2610 homiliam
2267 2536 2478 2606 omitto,
2501 2542 2624 2608 quia
2651 2536 2740 2596 est
2763 2536 3343 2610 dgubius'Clirysostomi
3365 2536 3553 2610 partus

1961 2617 2016 2661 et
2038 2609 2255 2682 (saltem
2268 2612 2453 2682 quoad
2480 2612 2657 2681 aliqua
2687 2627 2751 2667 ex
2773 2609 3048 2666 leestini
3077 2609 3302 2680 epistola
3340 2609 3409 2665 ad
3436 2611 3554 2682 epi-

1961 2679 2155 2752 scopos
2183 2679 2366 2735 Gallize
2396 2679 2627 2750 inserta)
2658 2683 3046 2752 supposititius.

2033 2749 2390 2820 Disertissime
2431 2768 2560 2806 vero
2607 2749 2663 2806 et
2703 2749 2980 2820 conceptis
3019 2750 3198 2806 verbis
3240 2765 3551 2820 expressam

1962 2821 2101 2904 apud
2116 2819 2578 2904 _Chr_ysostomum_
2596 2819 3012 2904 prgeventionem
3041 2819 3347 2904 gratuitam,
3373 2823 3553 2904 legere

1961 2889 2086 2945 licet
2115 2892 2165 2945 in
2195 2889 2463 2962 plerisque
2494 2889 2806 2948 indubitatis
2826 2893 2942 2961 ejus
2971 2889 3186 2958 fetibus,
3211 2909 3275 2948 ac
3305 2889 3550 2962 nomina-

1959 2961 2055 3014 tim
2095 2961 2239 3017 hom.
2283 2961 2457 3028 l9,’et
2481 2963 2570 3028 22,
2603 2974 2657 3020 et
2689 2965 2778 3031 «ιδ,
2820 2973 2876 3020 et
2907 2963 2997 3029 28,
3029 2973 3085 3018 et
3125 2963 3213 3029 58,
3249 2964 3299 3017 in
3324 2961 3546 3026 Genes.,

1960 3033 2153 3105 quibus
2175 3033 2306 3088 locis
2324 3036 2580 3104 prteviam
2610 3044 2665 3089 et
2685 3044 2898 3090 nostras
2917 3049 3106 3105 preces
3125 3043 3556 3105 antevertentem

1961 3104 2190 3176 gratiam
2212 3102 2398 3176 aperte
2417 3105 2679 3172 admittit;
2703 3115 2758 3160 et
2780 3102 3004 3176 pulclire
3031 3104 3272 3176 hom.”
3301 3105 3353 3159 in
3382 3102 3548 3176 lCo_r_.

1965 3175 2031 3228 ad
2060 3175 2188 3250 illud
2221 3172 2406 3250 {Quid
2445 3175 2600 3250 habes
2623 3177 2764 3250 quod
2782 3172 2890 3231 non
2920 3175 3201 3250 accepigti?
3230 3184 3284 3250 et
3308 3176 3460 3250 liam.
3487 3173 3556 3228 15

1965 3259 2030 3299 ac
2055 3244 2142 3311 44,
2172 3253 2226 3300 et
2257 3246 2340 3310 71,
2375 3248 2428 3301 in
2465 3244 2647 3313 .loan.,
2673 3257 2729 3302 et
2756 3249 2902 3302 hom.
2936 3247 2971 3300 4
2999 3244 3068 3302 de
3101 3245 3269 3300 Laud.
3307 3245 3472 3310 Pauli,
3499 3251 3557 3300 et

1965 3315 2112 3384 hom.
2145 3315 2179 3370 5
2200 3317 2252 3371 in
2283 3316 2322 3371 ll
2353 3317 2419 3372 ad
2444 3315 2708 3382 Thessal.,
2754 3333 2818 3373 ac
2837 3317 3029 3373 hom.l
3069 3326 3124 3371 et
3145 3317 3177 3369 8
3208 3317 3257 3371 in
3283 3315 3451 3384 Epist.
3483 3315 3556 3371 ad

1964 3383 2157 3460 Philip.
2191 3396 2247 3460 et
2275 3388 2570 3444 luculenter
2600 3390 2652 3443 in
2681 3404 2762 3460 ps.
2795 3404 2986 3460 cum,
3007 3387 3074 3442 ad
3105 3388 3275 3460 illud;
3307 3383 3550 3460 Domine,

1963 3459 2092 3532 quid
2104 3469 2184 3532 est
2201 3458 2352 3532 homo
2372 3462 2493 3532 quia
2511 3458 2782 3532 innotuiin
2802 3461 2849 3514 ei
2865 3461 2955 3532 ?ret
2974 3458 3250 3532 honiil._70
3266 3458 3322 3532 in
3339 3458 3552 3524 Matth.,

2061 3528 2188 3584 illud
2221 3547 2235 3582 :
2262 3528 2495 3614 cite
2521 3531 2572 3614 in
2595 3531 2822 3614 plateas,
2850 3531 2942 3585 ubi
2986 3529 3055 3584 ad
3086 3529 3414 3614 diligentiam
3451 3543 3554 3614 no-

1965 3606 2128 3654 stram
2160 3601 2428 3669 pertinere
2453 3601 2640 3656 statuit
2671 3609 2874 3656 tantum
2894 3616 3015 3670 qua:
3041 3601 3440 3670 subsequuntur
3457 3613 3558 3653 vo-

1963 3670 2231 3741 cationem
2247 3687 2312 3726 ex
2330 3673 2500 3741 gratia
2517 3672 2710 3727 iactam
2733 3680 2790 3726 et
2805 3669 2953 3726 mere
2970 3671 3260 3726 liberaliter
3280 3669 3551 3741 collatam.

1965 3737 2193 3813 llomilia
2225 3737 2448 3813 quoque
2473 3741 2545 3796 24
2580 3742 2633 3798 in
2663 3743 2821 3813 epist.
2851 3743 2919 3797 ad
2949 3741 3137 3808 llebr.,
3167 3756 3292 3813 cum
3332 3740 3559 3813 dixisset

1965 3808 2399 3868 observationem
2420 3808 2797 3868 mandatorum
2819 3813 2987 3882 pluris
3014 3827 3134 3868 esse
3160 3811 3365 3882 debere
3397 3808 3557 3882 Chri-

1962 3881 2140 3936 stiano
2160 3897 2321 3952 quam
2344 3883 2619 3949 miracula,
2639 3880 2905 3939 rationem
2928 3883 3273 3952 reddit,un
3299 3880 3559 3938 miracula

1964 3952 2180 4020 quidem
2202 3953 2309 4008 sint
2331 3969 2461 4024 pura
2487 3955 2580 4010 Dei
2605 3971 2849 4016 munera,
2873 3955 3179 4009 observatio
3201 3962 3382 4024 autem
3404 3967 3557 4024 ma_n-

1965 4025 2235 4090 datorum,
2269 4020 2383 4090 post
2410 4023 2512 4081 Dei
2547 4026 2758 4090 donum,
2789 4027 2943 4080 etiam
2971 4027 3133 4079 nostri
3166 4025 3234 4078 sit
3259 4022 3439 4078 studii.
3473 4020 3558 4078 En

2001 4104 2080 4177 pst
2119 4093 2216 4177 Dei
2245 4093 2456 4177 donum,
2492 4096 2544 4177 id
2574 4105 2660 4177 est
2685 4104 2809 4167 post
2835 4097 3253 4177 pra-ventionem
3277 4093 3552 4177 divinam.

2014 4180 2097 4219 am
2120 4166 2188 4220 de
2207 4166 2379 4236 gratia
2406 4164 2720 4232 comitante,
2750 4182 2817 4221 eo
2842 4164 2958 4236 ipso
2977 4164 3122 4236 quod
3150 4165 3418 4236 comitaris
3445 4170 3551 4230 est,

1966 4251 2075 4291 non
2103 4232 2611 4308 dicereturproprie
2637 4252 2703 4293 ac
2729 4232 2879 4308 ver_e,
2905 4232 3050 4308 quod
3078 4242 3201 4304 post
3228 4232 3324 4308 Dei
3350 4233 3556 4308 donum

1966 4306 2138 4378 nostri
2155 4307 2241 4378 sit
2269 4301 2430 4378 studii
2451 4301 2592 4378 bene
2614 4321 2792 4378 agere.
2818 4301 3044 4378 Egregie
3074 4301 3201 4360 item
3229 4303 3376 4358 hom.
3402 4301 3484 4378 2}
3501 4304 3558 4378 in

1966 4375 2066 4448 Ep.
2103 4376 2170 4431 ad
2200 4375 2335 4434 lleb.
2368 4377 2435 4433 ad
2470 4376 2600 4434 illud
2639 4373 2998 4448 {Aspicie'nte—s
3029 4377 3085 4431 in
3110 4385 3385 4448 auctorem
3407 4373 3555 4448 ﬁdei.

1968 4393 2009 4430 ιι
2053 4417 2066 4430 .
2103 4393 2170 4431 au
2200 4393 2335 4434 nep.
2368 4393 2435 4433 au
2470 4393 2600 4434 muu
2639 4395 2654 4433 :
2683 4393 2998 4448 aspicientes
3029 4393 3085 4431 in
3119 4393 3380 4430 auctorem
3407 4393 3555 4446 paci.

1968 4393 2136 4503 Praua
2157 4463 2285 4519 vero
2305 4448 2537 4504 divinam
2560 4449 2976 4519 prteventionem
2997 4445 3168 4519 tradit
3191 4445 3556 4519 illustrissimi:

1969 4533 2032 4574 ac
2053 4517 2486 4588 explicatissime,
2519 4515 2666 4576 hom.
2687 4519 2761 4574 83
2785 4519 2841 4574 in
2859 4517 3072 4587 Malth.,
3094 4517 3165 4573 ad
3186 4515 3319 4573 illud
3349 4532 3363 4571 :
3392 4517 3557 4572 Ante-

265 4591 365 4667 git,
391 4593 571 4648 subdit
597 4580 627 4646 τ’
649 4580 805 4667 ῑζξὶἰρδ
835 4580 969 4667 quod
998 4596 1193 4667 priores
1215 4580 1680 4667 nosipsosbportet
1707 4609 1862 4667 mun-
1891 4580 1947 4642 Ῑ)
1969 4580 2137 4667 quqm'
2153 4589 2321 4660 gallus
2342 4580 2531 4667 cantet.

271 4662 418 4734 dare,
447 4674 498 4718 et
531 4674 637 4718 tum
663 4663 802 4719 Deus
822 4662 1084 4719 e'muudat.
1115 4665 1240 4719 Cum
1268 4662 1404 4718 enim
1434 4662 1649 4734 dixisset
1677 4664 1820 4734 prius
1843 4680 1862 4718 :

271 4731 568 4857 fagwmini,
619 4735 799 4790 mundi
838 4745 1015 4803 estote,
1061 4745 1180 4792 tunc
1224 4735 1451 4792 subdidit
1489 4749 1508 4789 :
1549 4731 1686 4807 Ego'
1713 4733 1861 4790 deal-

303 4821 334 4857 a
373 4821 422 4857 ο.

303 4821 422 4859 αυο.

343 4873 548 4948 [iocum
572 4891 640 4931 ex
661 4877 810 4932 hom.
831 4876 899 4932 52
917 4874 1108 4948 Operis
1126 4875 1448 4948 Imperfecti,
1474 4890 1503 4930 a
1526 4874 1636 4930 DD.
1655 4873 1862 4932 Thoma

261 4953 314 5018 et
365 4944 666 5001 Bonavent.
709 4944 994 5013 allegatum
1037 4944 1308 5016 tamquam
1354 4946 1656 5017 Chrysost.,
1701 4962 1862 5018 supra

262 5017 373 5087 jam
401 5018 600 5088 protuli
623 5035 673 5073 c.
698 5018 749 5072 7.
777 5019 869 5073 Est
892 5027 945 5074 et
967 5020 1102 5074 alius
1123 5018 1511 5088 pulcherrimus
1536 5017 1682 5088 locus
1711 5017 1858 5073 hem.

262 5086 330 5172 de
376 5086 585 5172 septem
617 5089 967 5172 Machabmisg
1000 5099 1082 5145 est
1204 5088 1272 5142 44
1293 5097 1446 5172 tom.
1475 5087 1494 5142 l
1523 5086 1750 5172 Grtucol.
1785 5088 1862 5145 lbi

264 5157 414 5215 Deus
440 5157 517 5215 ita
540 5159 764 5228 loquens
794 5161 1096 5216 inducitur:
1129 5158 1251 5215 Non
1284 5161 1401 5215 talis
1432 5161 1739 5232 agonothela
1769 5177 1862 5231 ego

266 5241 404 5295 sum,
437 5240 494 5284 ut
525 5233 820 5303 certaminis
848 5232 1040 5285 exitum
1064 5233 1117 5286 in
1147 5233 1316 5303 aliqua
1346 5234 1649 5303 certantium
1682 5232 1864 5286 virtute

267 5303 605 5372 constituam,
644 5302 736 5356 sed
773 5303 882 5372 ipse
927 5304 1111 5372 assisto
1149 5302 1479 5367 lactantibus,
1521 5313 1571 5372 et
1609 5303 1861 5358 auxilium

268 5370 495 5440 pratbeo,
527 5381 582 5444 et_
606 5370 816 5444 manum
855 5371 1055 5443 prazbeo
1095 5373 1301 5426 athletis
1330 5373 1474 5444 meis.
1517 5370 1586 5425 Et
1622 5372 1758 5444 quod
1785 5379 1864 5429 est

271 5444 472 5514 proprii
499 5441 701 5497 arbitrii
723 5441 976 5514 libertate
1002 5445 1288 5513 suscipiunt
1317 5443 1379 5497 de
1412 5441 1558 5514 bona:
1582 5441 1860 5514 voluntatis

273 5511 482 5586 affectu,
506 5525 562 5568 ut
589 5531 683 5586 pro
711 5512 903 5586 legibus
933 5516 1057 5586 meis
1078 5524 1126 5569 et
1142 5511 1358 5569 nomine
1385 5530 1496 5568 meo
1518 5513 1778 5586 dimicent,
1791 5511 1862 5586 id

275 5583 644 5657 inhvictoriam
655 5583 804 5657 ipsis
844 5585 1134 5657 procedere,
1164 5587 1263 5640 mei
1303 5595 1390 5657 est
1418 5585 1619 5657 auxilii.
1652 5583 1860 5640 Similia

280 5651 401 5728 alibi
439 5657 580 5728 apud
595 5651 1052 5728 gChrysos'tomum
1096 5673 1201 5728 non
1229 5656 1397 5712 semel
1432 5656 1693 5728 leguntur,
1740 5670 1861 5724 quae

281 5725 444 5808 plane
464 5725 656 5783 similia
689 5725 813 5783 sunt
844 5726 910 5784 iis
936 5741 1055 5796 qua:
1089 5727 1141 5783 in
1177 5727 1456 5784 Valeriano
1488 5726 1863 5783 insimulantur

282 5807 493 5852 81⁵1³01⁵18.

2036 4655 2214 4727 Quare
2241 4663 2436 4733 merito
2463 4675 2561 4731 pro
2587 4658 2972 4733 Chrysostomo
3005 4656 3339 4733 aﬂcalumnla
3368 4655 3471 4712 hac
3499 4655 3559 4733 in

1961 4740 2117 4800 parte
2163 4732 2442 4800 purgando
2466 4727 2715 4788 'certant'
2747 4731 3005 4800 Hierem.
3030 4727 3446 4800 Qonstaritinop.
3499 4728 3554 4783 in

1963 4747 2117 4800 parte
2201 4747 2442 4800 urganoo
2489 4747 2699 4788 certant
2748 4747 2980 4786 morem.
3030 4747 3446 4798 bonswnunop.
3499 4747 3554 4783 ιιι

1963 4747 2360 4881 (ξριιε.“δι·ξεηι.
2389 4800 2536 4881 Eccl.
2561 4802 2883 4881 18;_Drietlo
2910 4798 3328 4881 c.A4_C'onc9rt_i.,
3352 4798 3406 4852 in
3435 4813 3556 4881 me-

1965 4872 2094 4938 dio;
2135 4872 2386 4927 Bellarm.
2428 4873 2521 4927 lib.
2564 4889 2614 4929 vt
2654 4872 2721 4927 de
2752 4870 2902 4926 Grat.
2933 4879 2988 4926 et
3028 4869 3141 4924 Lib.
3180 4869 3445 4938 Arbit.rc.
3488 4868 3551 4935 6;

1961 4937 2128 5014 Fons.
2155 4959 2206 4998 vi
2236 4942 2474 5014 Metaph2
2513 4957 2562 4998 c.
2602 4941 2658 5010 ‘2,
2688 4957 2744 5014 q.
2783 4941 2834 5008 5,
2865 4951 2999 5014 sect.
3024 4940 3331 5014 _ll)__;rSuar._
3363 4937 3462 5014 l.__u
3485 4940 3557 5014 de

1969 5012 2222 5070 Prmdest.
2259 5028 2307 5069 c.
2345 5010 2416 5079 8';
2446 5011 2662 5078 Justin.,
2699 5010 2751 5067 in
2781 5028 2829 5068 c.
2862 5028 2896 5067 ιι
2926 5012 2990 5066 ad
3022 5010 3236 5080 Philip.,
3269 5010 3335 5065 ad
3376 5010 3508 5065 illud
3535 5028 3550 5064 :

1966 5084 2124 5158 DeusA
2137 5095 2215 5140 est
2236 5087 2324 5158 qui
2352 5095 2628 5158 operatur:
2639 5093 2693 5138 et
2721 5084 2809 5138 alii
2832 5084 3091 5158 plerique.
3097 5082 3282 5158 “Immo
3306 5080 3554 5158 Domini-

1967 5172 2063 5212 cus
2095 5151 2259 5222 Soto,
2285 5157 2339 5211 in
2369 5151 2418 5212 (Ξ.
2451 5172 2467 5211 ι
2499 5156 2564 5209 ad
2597 5154 2775 5217 Rom.,
2809 5151 2874 5209 ad
2905 5154 3052 5219 illud,
3087 5151 3185 5217 Qui
3212 5154 3557 5222 pradestina-

1967 5237 2046 5312 tus
2078 5237 2216 5312 .est,_
2245 5226 2614 5312 Clu-vsostomi
2662 5226 2713 5280 in
2763 5224 2867 5312 hoc
2911 5233 3111 5295 puncto
3157 5225 3551 5306 criminatores,

1961 5299 2272 5369 impietatis,
2305 5295 2502 5353 Driedo
2532 5305 2729 5358 autem,
2763 5295 2883 5352 loco
2909 5305 3114 5359 notato,
3149 5311 3358 5365 magna!
3386 5297 3556 5364 impu-

1965 5369 2178 5446 dentiaz,
2203 5369 2440 5446 damnat.
2468 5367 2655 5446 Itaque
2679 5367 2746 5422 de
2766 5382 2896 5446 sapa
2922 5368 3028 5446 _hac
3049 5367 3100 5446 in
3133 5374 3287 5446 parte
3311 5363 3554 5446 Chrysu-

1962 5441 2122 5495 stomi
2150 5440 2412 5506 doctrina,
2436 5453 2544 5494 non
2565 5435 2783 5494 videtur
2808 5435 3180 5493 dubitandum.
3212 5436 3290 5490 Ac
3323 5435 3553 5504 proinde

1964 5525 2122 5580 quam
2144 5511 2558 5582 explicationem
2585 5509 2825 5565 adductis
2846 5525 2912 5564 ex
2934 5525 3000 5563 eo
3021 5508 3153 5562 locis
3180 5506 3550 5569 concedimus,

1965 5580 2206 5636 eamdem
2230 5582 2320 5637 uni
2347 5580 2508 5636 simili
2539 5579 2662 5638 loco
2680 5579 2822 5651 apud
2841 5579 3185 5635 Valerianum
3214 5591 3416 5647 negare
3443 5591 3550 5632 non

1966 5661 2059 5773 eStl
2073 5665 2479 5793 Eidorus
2509 5719 2684 5793 Peius.
2714 5719 3082 5793 Chryspstomi
3108 5717 3420 5789 discipulus,
3455 5716 3546 5772 lib.

1965 5810 2034 5859 ιν,
2077 5792 2232 5862 epist.
2275 5791 2404 5860 l7l,
2449 5793 2522 5848 ita
2563 5792 2749 5849 scribit
2787 5789 2968 5858 ι’Νοη
3003 5791 3169 5846 solum
3205 5806 3266 5845 ea
3305 5804 3420 5860 quas
3445 5803 3550 5842 non
