3924 6368
359 5149 370 5157 -
465 5120 605 5174 illius
646 5120 663 5173 i

1275 264 1388 322 ΤΗ.
1429 260 1786 320 RAYNAUDI
1823 257 2173 318 APOLOGIA
2212 257 2348 314 PRO
2386 258 2445 314 S.
2494 258 2905 316 VALERIANO.

3629 267 3738 328 est

449 400 574 465 sunt
599 392 656 448 in
691 402 870 449 nostra
901 399 1170 465 potestate,
1197 397 1255 442 ut
1293 397 1346 441 tu
1376 385 1687 465 vir‘sapiens
1719 383 2036 465 arbitraris;
2064 387 2119 449 Α
2140 382 2367 465 utinitia
2397 381 2672 439 voluntatis
2704 381 3088 465 in'nobissint,
3117 393 3168 439 et
3188 386 3558 465 perfectionem
3576 405 3615 442 a
3635 387 3745 446 Do-

449 463 544 518 sed
567 480 630 519 ea
656 481 852 538 quoque
877 455 1094 538 quorum
1123 477 1216 514 nos
1234 455 1640 538 _sumusndomini
1659 456 1750 538 ,Jsi
1784 471 1888 538 non
1925 472 2038 538 ma-

449 552 557 607 gna
584 525 782 590 auirilii'
794 525 944 605 copia
968 531 1131 607 nobis
1149 548 1181 584 a
1211 529 1384 607 divina
1408 526 1747 607 Providentia
1774 525 2032 607 adveniat,

449 595 555 660 non
593 595 870 687 ppterimus
906 605 976 660 ad
1013 604 1295 687 perfectum
1329 599 1486 681 ﬁnem
1523 595 2038 687 euilumquelperdu:

449 665 792 731 cere.'Aderit
811 684 980 729 autem
1007 665 1062 728 id
1090 665 1279 744 prasto
1301 665 1511 726 omnino
1537 670 1600 744 iis
1631 665 1922 723 hominibus
1949 669 2037 740 qui

448 745 640 818 absque
666 741 1098 822 tergiversatione
1119 759 1181 797 ac
1207 750 1461 814 praetextu
1500 741 1859 822 ull-ouealqute
1885 754 2038 822 penes

447 833 502 870 se
521 809 642 870 sunt
659 809 908 941 inferunt,
932 816 1161 887 nihilque
1179 809 1355 868 eorum
1376 826 1492 883 quae
1511 811 1582 864 ad
1599 809 1730 864 illud
1750 809 2038 880 impetran-

447 888 570 940 dum
599 903 694 941 con
734 903 884 941 ucere
917 886 1154 941 videntur
1192 883 1611 941 nrwtermittunt.
1650 879 1837 936 Priora
1876 880 2038 936 verba

447 888 570 940 dum
599 879 1154 942 conducere’videnlur
1192 879 1611 956 prqterinittunt.
1650 879 1837 956 Priora
1876 880 2039 936 verba

445 965 635 1026 aperte
673 957 870 1022 ferunt,
901 957 998 1013 Dei
1025 972 1145 1013 esse
1172 952 1431 1026 perlicere
1447 952 1799 1026 {posteriora
1837 957 2036 1019 autem,

445 1022 689 1082 nostrum
720 1043 840 1084 esse
867 1028 1024 1084 velle.
1060 1026 1131 1082 At
1157 1022 1226 1081 ne
1250 1027 1364 1080 haec
1392 1022 1578 1080 volitio
1603 1023 1808 1078 viribus
1835 1029 2041 1078 naturae

445 1099 515 1153 ab
536 1113 603 1154 eo
633 1099 829 1154 ascribi
851 1106 1157 1163 censeatur,
1187 1096 1311 1152 audi
1339 1109 1460 1166 quae
1491 1093 1705 1163 subjicit
1737 1111 1750 1147 :
1784 1090 1929 1166 Nam
1955 1092 2038 1148 di-

445 1170 565 1222 vina
597 1168 929 1242 Providentia
960 1185 1074 1242 quia
1103 1164 1459 1242 nonvol‘entes
1487 1166 1697 1242 excitat,
1729 1173 1789 1242 et_
1809 1164 2042 1242 hortatur

444 1240 722 1313 ut_ijelint;
754 1236 987 1313 profecto
1019 1257 1107 1313 eos
1133 1240 1221 1313 qui
1242 1237 1438 1302 volunt,
1460 1237 1734 1313 omniaque
1762 1236 1962 1306 faciunt
1993 1245 2043 1313 et

444 1309 667 1394 sollicite
689 1306 866 1394 agunt,
890 1312 1100 1394 o'mnino
1198 1310 1376 1394 ipsum.
1385 1307 1638 1394 prfeclare
1651 1306 1910 1394 [aggerum
1929 1306 2044 1394 sub-

446 1381 590 1434 veliet
605 1375 887 1452 fastigium.
907 1381 974 1436 Et
987 1375 1323 1452 apertissime
1344 1375 1434 1432 lib.
1450 1377 1512 1452 _ll,
1532 1375 1774 1452 epist._7%
1793 1395 1804 1430 :
1823 1375 2043 1452 _Cognila

447 1447 896 1519 prteeurttisdivini
913 1447 1094 1506 auxilii
1111 1450 1360 1522 facultate
1377 1449 1604 1522 quisquis
1619 1447 1739 1522 vult,
1755 1456 1803 1501 et
1817 1447 2039 1522 laborat,

448 1529 600 1593 atque
631 1526 809 1595 omnia
836 1533 998 1578 movet
1029 1519 1209 1595 (neque
1228 1523 1365 1595 enim
1387 1519 1526 1573 nuda
1550 1519 1782 1595 voluntas
1810 1519 2038 1595 stt/ﬁcit),

449 1590 555 1661 91m
576 1594 818 1660 addiscit,
845 1605 951 1648 tum
971 1590 1194 1661 fructum
1221 1591 1348 1661 edit,
1373 1599 1476 1661 tum
1495 1590 1713 1644 salutem
1735 1590 2037 1661 assequitur.

449 1657 655 1734 Videsis
675 1657 932 1734 praeterea
953 1657 1105 1730 ibid.,
1137 1663 1294 1734 epist.
1328 1660 1596 1734 266,_et_l_.
1616 1676 1692 1726 ιιι,
1725 1657 1882 1729 epist.
1915 1658 2037 1734 271.

521 1731 606 1788 12.
635 1729 868 1790 Hilarius
887 1729 1242 1798 diaconus,'is
1261 1747 1421 1802 quem
1451 1729 1507 1784 S.
1536 1730 1892 1802 Hieronymus
1919 1729 2038 1802 dia-

2141 455 2282 531 mino
2304 470 2696 531 consequamur.
2721 453 2851 531 c_n
2875 464 2970 531 _est_
2989 457 3127 510 enim
3152 453 3398 531 volentis,
3426 475 3593 531 neque
3622 476 3743 515 cur-

2142 527 2322 590 rentis,
2354 525 2446 597 sed
2472 524 2758 597 miserentis
2787 524 2908 580 Dei.
2936 525 3178 597 Attamen
3197 537 3248 582 et
3281 528 3408 582 velle
3429 539 3482 583 et
3505 524 3740 597 currere,

2143 597 2307 649 nostri
2337 593 2540 649 arbitrii
2578 605 2674 650 est.
2717 595 2784 651 Et
2811 596 2904 650 lib.
2936 614 2973 652 ιι
3003 597 3056 650 in
3083 596 3263 654 Jovin.
3286 616 3300 651 :
3325 597 3478 654 Sicut
3514 601 3572 655 in
3595 593 3744 658 bonis

2141 668 2379 745 operibus
2399 667 2656 745 perfector
2675 677 2750 723 est
2768 665 2928 745 D_eus_,
2947 685 3052 745 non
3072 678 3149 745 est
3161 671 3304 745 enim
3322 671 3562 745 volentis,
3581 687 3746 745 neque

2141 735 2413 812 currentis,
2449 735 2540 812 sed
2567 739 2858 812 miserentis
2879 738 2978 794 Dei
3005 749 3056 812 et
3076 741 3374 812 adjuvantis
3395 750 3453 795 ut
3481 735 3746 810 pervenire

2140 807 2401 894 valeamus
2421 807 2729 894 all-calcem;
2749 810 2826 894 sic
2846 811 2900 864 in
2923 810 3074 894 malis
3096 807 3249 894 alque
3269 807 3516 894 peccatis,

2143 890 2322 933 nostra
2345 889 2464 933 sunt
2489 881 2746 934 incentiva
2771 890 2822 934 et
2841 882 3089 1006 per{ectio
3118 881 3332 938 diaboli.
3364 882 3517 938 Idem
3545 883 3602 938 in
3634 885 3746 955 epi-

2143 950 2282 1004 stola
2311 950 2378 1005 ad
2407 949 2773 1006 Theodosium
2811 959 2867 1006 et
2905 968 2935 1006 a
2960 953 3040 1006 ios
3068 954 3446 1006 anachoretas.
3480 968 3656 1006 amens
3681 954 3746 1006 de

2141 950 2282 1024 stola
2311 950 2378 1005 ad
2407 949 2773 1024 Theodosium
2811 949 2874 1024 et
2905 949 3046 1024 alios
3068 954 3446 1024 anachoretas,
3480 968 3656 1024 agens
3668 949 3747 1024 fde

2143 1021 2320 1076 studio
2349 1020 2609 1094 evadendi
2640 1037 2671 1078 e
2697 1023 2878 1094 saeculi
2908 1023 3148 1080 tenebris
3176 1039 3273 1094 per
3298 1020 3746 1094 supernaturales

2143 1100 2315 1154 actus.
2348 1093 2426 1147 ait
2450 1110 2463 1144 :
2496 1091 2568 1166 Et
2588 1103 2714 1166 ante
2740 1092 2976 1148 dixeram
3010 1091 3259 1166 presens,
3296 1104 3346 1150 et
3366 1091 3514 1150 nunc
3541 1111 3640 1166 per
3659 1094 3746 1149 lit-

2146 1172 2479 1238 terasvotum
2503 1163 2873 1238 indicas-einen
2905 1163 3067 1238 cesso,
3096 1166 3403 1238 quodmens
3440 1163 3562 1220 mea
3605 1167 3748 1222 omni

2145 1233 2214 1287 ad
2242 1233 2300 1306 id
2324 1233 2552 1289 studium
2579 1234 2861 1306 cupiditate
2889 1233 3145 1306 rapiatur.
3189 1233 3349 1291 Nunc
3377 1245 3607 1291 vestrum
3647 1245 3743 1306 est,

2143 1313 2200 1358 ut
2222 1305 2530 1379 voluntatem
2549 1315 2790 1379 sequatur
2802 1305 3012 1376 eﬁ'ectus
3035 1306 3250 1379 {Meum
3270 1317 3365 1372 est,
3390 1307 3587 1379 velim_;_
3600 1305 3746 1363 obsc-

2146 1377 2436 1450 crationum
2451 1377 2734 1450 testrarum
2747 1386 2841 1440 est,
2859 1387 2916 1450 ut
2935 1377 3072 1450 quod
3085 1378 3231 1450 velim
3245 1387 3296 1450 et
3309 1378 3522 1448 possim.
3539 1377 3747 1450 Nempe

2185 1447 2277 1520 uia
2291 1447 2583 1520 exorabitis
2603 1449 2734 1504 mihi
2755 1446 3012 1520 auxilium
3033 1447 3149 1520 Dei,
3174 1446 3328 1520 cujus
3348 1457 3433 1504 est
3453 1446 3742 1520 perﬁcere.

2185 1462 2271 1501 uia
2291 1461 2583 1502 exoramus
2603 1461 2734 1504 ιιιιιιι
2755 1461 3012 1502 auxilium
3033 1461 3149 1513 uel,
3174 1464 3328 1514 cujus
3348 1461 3433 1504 est
3453 1461 3742 1520 perlicere.

2146 1461 2284 1588 auiti
2305 1519 2427 1574 loco
2446 1517 2720 1574 Valeriani
2755 1519 2924 1588 magis
2961 1518 3288 1588 genuinum?
3308 1517 3475 1588 Idem.
3496 1519 3664 1588 epist.
3679 1517 3742 1574 8:

2149 1585 2204 1660 1X
2207 1605 2273 1644 on
2295 1598 2373 1642 est
2392 1588 2606 1660 volentis
2624 1631 2640 1656 ,
2671 1605 2834 1660 neque
2849 1585 3150 1655 'currentis,
3181 1588 3273 1644 sed
3306 1587 3405 1644 Dei
3426 1585 3742 1646 miserantis.

2147 1655 2217 1711 Et
2244 1668 2412 1713 tamen
2441 1657 2567 1714 velle
2599 1655 2656 1732 et
2693 1655 2833 1732 nolle
2872 1669 3106 1714 nostrum
3145 1669 3254 1726 est;
3290 1661 3566 1732 ipsumque
3613 1660 3748 1732 quod

2146 1740 2375 1784 nostrum
2414 1739 2522 1794 est,
2563 1731 2676 1784 sine
2720 1730 2819 1786 Dei
2859 1732 3188 1787 miseratione
3234 1730 3488 1786 nostrum
3510 1730 3742 1787 non—est.

448 1780 868 1874 tog-3633sst
888 1780 1760 1874 ἱίἶὲίῖἕιῗὀἷθᾶᾞὲιιξὰιέρἓἐιῖιῖ
1774 1780 2038 1874 sum-
2069 1780 2118 1841 Β
2143 1780 3465 1874 ssiss"jss‘q.;ags"nimiam;gafanas};
3503 1780 3746 1871 signa

448 1869 594 1948 ptum
629 1877 1057 1948 anabaptismum
1083 1873 1406 1948 nominavit,
1440 1872 1503 1948 _in
1542 1869 1956 1948 Commentariis
1986 1872 2040 1926 in

447 1941 670 2018 Paulum
715 1941 839 2018 (qui
881 1962 1164 2018 perperam
1204 1943 1490 2018 Ambrosio
1527 1943 1886 2018 ascribuntur,
1919 1957 2042 2018 c_um

447 2016 558 2070 sint
585 2011 740 2072 istius
765 2011 993 2082 unum;
1007 2025 1065 2071 ut
1091 2015 1299 2072 notavit
1319 2015 1400 2068 vir
1421 2013 1660 2069 eruditus
1695 2013 1749 2066 in
1779 2013 1908 2067 edit.
1936 2011 2044 2082 Loe-

447 2100 572 2140 van.
598 2087 666 2141 ad
691 2088 783 2142 lib.
821 2105 873 2144 IV
901 2088 1009 2142 divi
1037 2085 1320 2156 Augustini
1345 2094 1544 2156 contra
1561 2084 1703 2156 duas
1727 2083 1884 2154 epist.
1911 2099 1959 2156 ς.
1984 2081 2041 2145 4)

445 2158 733 2227 perspicue
762 2160 969 2228 prmivit
1007 2153 1300 2228 Valeriano
1327 2155 1393 2210 ad
1422 2155 1550 2208 illud
1571 2153 1772 2228 Philip.
1796 2170 1834 2228 ιι
1861 2172 1873 2206 :
1906 2153 2042 2208 Deus

448 2225 526 2300 est
555 2225 640 2300 qui
668 2225 910 2300 aperatur
941 2231 998 2283 in
1028 2228 1166 2282 vobis
1205 2226 1332 2300 velle
1357 2225 1640 2300 et_ope_rari
1671 2241 1764 2300 pro
1787 2225 1922 2278 bona
1955 2240 2044 2278 vo-

449 2293 667 2363 luntate,
691 2293 768 2354 sic
795 2299 936 2354 enim
969 2299 1133 2353 habet
1165 2316 1177 2350 :
1209 2293 1483 2367 Apostolus
1509 2293 1678 2350 Deum
1701 2293 1859 2350 bonos
1881 2310 2042 2348 cona-

451 2376 531 2421 tus
570 2369 1098 2440 adjuvareitestatur.
1145 2369 1362 2422 Omnem
1400 2367 1801 2440 enimhgratiam
1844 2381 2046 2436 semper

450 2438 682 2509 reportat
719 2440 787 2493 ad
820 2439 1004 2503 Deum,
1032 2449 1088 2492 ut
1117 2449 1346 2494 nostrum
1379 2439 1448 2492 sit
1475 2438 1616 2501 velle,
1649 2438 1896 2509 perﬁcere
1927 2453 2044 2509 vero

450 2507 570 2580 Dei.
615 2510 723 2564 Nec
763 2517 942 2580 potest
980 2511 1183 2580 opponi
1218 2510 1448 2564 schisma
1490 2515 1584 2562 aut
1622 2507 1784 2580 etiam
1825 2507 2046 2580 haeresis

450 2579 609 2650 hujus
632 2577 836 2635 Ililarii.
863 2581 994 2634 Nam
1016 2577 1192 2650 quoad
1226 2580 1497 2649 negotium
1518 2579 1722 2650 gratim,
1749 2577 2046 2650 etiqumad

452 2647 772 2719 Pelagianos
804 2647 1070 2722 spectant,
1101 2647 1594 2722 eathﬁolice_sensit;
1628 2648 1827 2722 alioqui
1848 2648 1912 2722 _S.
1935 2648 2046 2703 Au-

451 2717 712 2788 gustinus,
757 2717 850 2776 lib:
891 2738 942 2776 ιν
977 2728 1165 2776 contra
1206 2721 1338 2774 duas
1367 2719 1535 2789 Epist.
1569 2735 1618 2774 c.
1665 2717 1793 2789 item
1835 2717 1886 2783 4,
1937 2734 2046 2774 non

449 2791 767 2860 protulisset
797 2800 986 2847 contra
1011 2791 1332 2860 Pelagianos
1357 2788 1532 2846 loeum
1560 2805 1628 2845 ex
1657 2790 1739 2844 his
1758 2788 2046 2860 Commen-

452 2859 605 2916 tariis
630 2863 683 2915 in
707 2879 754 2917 c.
780 2879 812 2916 ν
837 2863 904 2916 ad
935 2861 1114 2929 Rom.,
1145 2859 1198 2916 in
1228 2862 1588 2930 explicatione
1607 2861 1896 2915 verborum
1925 2859 2045 2916 illo-

451 2947 574 3006 rum
611 2950 623 2986 :
658 2931 724 2986 In
752 2951 850 3006 quo
878 2949 1053 3006 omnes
1094 2929 1448 3006 peccaverunt.
1480 2929 1549 2985 Et
1575 2946 1699 3006 c_um
1725 2930 1919 3006 alleget
1945 2931 2047 3006 hos

453 2999 881 3058 Commentarios
905 2999 1124 3058 nomine
1153 3003 1208 3057 S.
1237 3002 1444 3067 Hilarii,
1470 3019 1576 3056 non
1599 3002 1773 3056 inanis
1800 2999 1925 3056 inde
1952 3001 2046 3056 de-

455 3074 685 3128 sumitur
721 3074 1031 3143 coiijectura
1073 3074 1140 3129 de
1170 3072 1359 3128 Hilarii
1395 3072 1553 3142 hujus
1592 3071 1963 3142 resipiscentia
1991 3081 2047 3126 et

453 3146 805 3212 revocatione
857 3145 924 3200 ad
981 3143 1276 3199 Ecclesiam
1326 3153 1382 3198 et
1432 3157 1814 3212 usquequaque
1859 3157 2044 3198 veram

454 3211 636 3269 ﬁdem.
665 3214 819 3282 Quod
851 3216 994 3271 enim
1018 3213 1074 3269 S.
1105 3213 1428 3282 Augustinus
1455 3211 1840 3269 communitate
1868 3214 2046 3269 nomi-

453 3286 540 3339 nis
559 3255 834 3356 deceptus,
851 3255 1166 3355 ascripserit
1185 3255 1388 3340 Hilario
1415 3284 1737 3340 Pictaviensi
1767 3285 1868 3339 hos
1885 3283 2047 3340 Com-

455 3355 783 3420 mentarios,
843 3364 898 3411 et
954 3355 1154 3411 idcirco
1201 3371 1389 3411 eorum
1443 3364 1720 3411 auctorem
1772 3356 2050 3410 vocaverit

454 3434 702 3482 sanctum
750 3427 1029 3491 Hilarium,
1073 3427 1232 3481 nimis
1278 3428 1475 3496 pingue
1513 3433 1614 3491 est,
1665 3433 1721 3480 et
1766 3425 2050 3494 Augustini

457 3513 592 3553 nare
625 3513 688 3553 ac
721 3498 939 3553 solertia
969 3497 1264 3566 indignum,
1297 3498 1351 3550 in
1379 3505 1531 3566 tanto
1559 3496 1682 3566 styli
1711 3504 1766 3551 et
1794 3496 2048 3566 scriptio-

457 3568 544 3638 nis
569 3568 894 3634 discrimine,
920 3565 1324 3638 praesertimque
1352 3582 1475 3623 cum
1503 3565 1560 3623 S.
1587 3565 1914 3634 Augustinus
1939 3582 2051 3622 non

457 3637 732 3708 ignoraret
753 3637 1039 3708 ipsummet
1066 3638 1830 3708 Commentariorumiillorum
1859 3646 2050 3708 aucto-

457 3707 590 3779 rem
617 3710 668 3762 in
710 3707 826 3779 cap.
871 3709 906 3762 5
943 3709 1136 3778 prioris
1173 3708 1428 3779 Epistola:
1462 3707 1530 3763 ad
1573 3707 1808 3779 Timoth.
1845 3723 1904 3763 se
1939 3707 2048 3761 Da-

458 3778 597 3834 masi
654 3777 956 3849 pontiﬁcis,
1010 3780 1113 3834 hoc
1177 3777 1258 3834 est
1321 3779 1488 3849 ipsius
1542 3792 1712 3849 prepe
1769 3777 2051 3846 Augustini

458 3850 722 3918 aequalem
736 3851 982 3921 prodere,
1001 3849 1148 3918 quod
1168 3849 1306 3904 belle
1320 3865 1438 3904 cum
1457 3849 1643 3921 Hilarii
1666 3849 1876 3921 diaconi
1891 3856 2052 3905 aetate

460 3917 760 3984 consentit,
805 3936 911 3976 non
953 3917 1078 3974 item
1107 3936 1227 3975 cum
1268 3928 1427 3976 aetate
1465 3920 1650 3974 Hilarii
1679 3917 2047 3974 Pictaviensis.

533 3989 619 4062 15.
634 3990 690 4046 S.
713 3991 1087 4062 Hieronymus,
1106 3991 1258 4060 cujus
1277 3989 1346 4046 de
1356 3991 1526 4060 gratia
1539 3991 1840 4045 doctrinam
1860 3998 2051 4062 contra

460 4059 712 4117 Ruﬁnum
753 4062 820 4117 de
855 4059 1388 4131 Sémipelagianismo
1417 4070 1757 4130 suspectum,
1789 4060 2054 4130 approbat

460 4131 639 4188 Gelas.
691 4149 740 4188 c.
791 4132 990 4189 Sancta
1020 4131 1270 4198 Romana,
1303 4140 1360 4187 et
1387 4131 1612 4200 epistola
1650 4131 1699 4197 7,
1725 4146 1845 4200 quae
1873 4139 1957 4200 est
1983 4132 2050 4185 ad

461 4204 746 4274 episcopos
777 4202 988 4266 Piceni;
1019 4204 1267 4274 itemqui
1295 4199 1499 4274 dialog.
1520 4202 1556 4274 ὅ
1581 4199 1838 4274 adversus
1867 4199 2046 4274 Pelag.

459 4272 746 4343 proﬁtetur
773 4290 832 4329 se
857 4275 1116 4329 doctrinae
1142 4273 1248 4328 divi
1283 4272 1560 4341 Augustini
1589 4272 1658 4326 de
1677 4273 1848 4340 gratia
1869 4272 2052 4343 adhae-

461 4342 603 4408 rere,
635 4357 690 4398 et
715 4343 946 4399 vicissim
976 4359 1006 4398 a
1030 4344 1092 4398 D.
1117 4343 1412 4412 Augustino
1436 4359 1534 4412 pro
1562 4343 1825 4398 catholica
1852 4342 2053 4412 doctri-

463 4429 534 4467 na
563 4422 749 4468 contra
779 4413 1096 4484 Pelagianos
1119 4411 1387 4484 prcl‘ertur
1415 4411 1503 4469 lib.
1532 4429 1550 4469 ι
1578 4422 1761 4468 contra
1791 4412 1894 4484 Jul.
1913 4429 1972 4484 7c.
1994 4411 2048 4484 2,

464 4492 521 4553 _et
548 4484 640 4538 lib.
667 4501 720 4548 ιι,
749 4485 847 4538 sub
869 4481 1047 4548 linem,
1074 4481 1162 4539 ubi
1189 4485 1255 4539 de
1276 4481 1421 4540 falsis
1442 4485 1747 4538 rumoribus
1776 4499 1806 4538 a
1835 4481 2052 4553 Pelagio

2143 1870 2211 1925 de
2239 1870 2391 1925 initio
2420 1871 2797 1942 salutisplane
2833 1873 3069 1941 gratuito
3111 1871 3420 1938 adversari,
3463 1870 3597 1942 cum
3639 1878 3745 1928 tam

2144 1949 2460 2015 constanter
2488 1941 2550 1995 Ι).
2581 1940 2892 2015 Hieronym.
2925 1958 3024 2012 pro
3052 1943 3224 2015 gratia
3253 1951 3462 2015 pugnet
3475 1941 3746 2015 adversus

2144 2010 2262 2082 ejus
2291 2013 2492 2084 hostes,
2511 2010 3096 2084 perspicueque—epist.
3135 2013 3188 2076 8,
3216 2010 3316 2070 sub
3335 2010 3609 2084 medium,
3644 2012 3744 2070 De-

2144 2082 2463 2154 metriadem
2491 2083 2685 2138 doceat
2705 2082 2978 2153 quomodo
3007 2084 3318 2154 accipienda
3345 2083 3456 2139 sint
3483 2084 3607 2139 hanc
3626 2085 3742 2154 qui-

2145 2101 2463 2138 memauem
2491 2101 2685 2138 noceat
2705 2101 2978 2153 quomouo
3007 2101 3120 2140 aOCl
3161 2101 3318 2139 ienua
3345 2101 3456 2139 sint
3483 2101 3607 2139 uaec
3626 2101 3740 2154 qui-

2145 2154 2248 2226 bus
2264 2153 2403 2226 dicit
2448 2160 2708 2226 nostrum
2733 2169 2853 2210 esse
2899 2154 3068 2217 velle,
3115 2101 3212 2210 Dei
3260 2169 3390 2210 vero
3436 2155 3740 2226 perﬁcere;

2156 2223 2318 2290 Velle,
2343 2224 2532 2293 inquit,
2555 2234 2606 2298 et
2624 2225 2778 2298 nolle,
2803 2235 3038 2298 nostrum
3057 2235 3162 2290 est;
3190 2226 3361 2296 ipsum
3385 2223 3593 2298 quoque
3611 2225 3743 2298 qugd

2146 2305 2380 2350 nostrum
2407 2305 2502 2360 est,
2534 2296 2645 2350 sine
2673 2294 2771 2350 Dei
2799 2297 3133 2352 miseratione
3159 2294 3531 2352 nostmm'non
3561 2294 3658 2352 esi.
3679 2295 3741 2352 Et

2149 2366 2201 2420 in
2233 2367 2392 2435 epist.
2426 2367 2492 2419 ad
2522 2365 2838 2436 Ctesiphon.
2861 2385 2886 2436 :7
2916 2366 3059 2422 Velle
3097 2376 3148 2422 et
3187 2384 3395 2422 currere
3434 2383 3614 2421 meum
3639 2375 3736 2432 est,

2145 2437 2238 2491 sed
2273 2439 2444 2508 ipsu_m
2485 2435 2684 2504 meum,
2717 2439 2830 2492 sine
2868 2435 2966 2492 Dei
2995 2453 3210 2508 semper:
3237 2436 3468 2504 auxilio,
3504 2454 3611 2492 non
3649 2439 3743 2492 erit

2366 2505 2508 2581 Dicit
2526 2509 2674 2581 enim
2687 2508 2821 2562 idem
2847 2505 3144 2581 Apostolus,
3175 2506 3318 2564 Deus
3338 2517 3417 2564 est
3443 2510 3536 2581 qui
3556 2523 3738 2578 opere-

2149 2579 2306 2650 turin
2335 2576 2481 2650 nobis
2505 2588 2556 2632 et
2577 2578 2704 2633 velle
2728 2589 2778 2650 et
2798 2576 3063 2650 perﬁcere.

2221 2647 2305 2701 M.
2337 2649 2393 2703 S.
2429 2648 2676 2720 August.,
2719 2647 2810 2704 lib;
2853 2647 3151 2705 t‘Retract.
3192 2663 3314 2720 cap.
3351 2647 3442 2714 25,
3471 2656 3532 2720 et
3560 2649 3655 2706 lib.
3678 2649 3742 2708 de

2148 2719 2405 2774 Praedest.
2437 2718 2532 2790 SS.
2565 2735 2684 2790 cap.
2719 2721 2770 2784 5,
2803 2721 3120 2790 utrobique,
3151 2718 3430 2776 excutiens
3464 2719 3651 2777 locum
3676 2736 3740 2779 ex

2147 2806 2213 2846 ea
2259 2805 2419 2862 quam
2461 2789 2646 2862 ,ἱυηίοε
2692 2789 2934 2862 ediderat
2971 2789 3328 2862 expositione
3385 2790 3739 2860 quarumdam

2146 2859 2579 2934 propesitionum
2604 2859 2860 2934 Epistula:
2881 2862 2948 2916 ad
2970 2859 3264 2934 Romanos,
3279 2859 3488 2934 diserte
3511 2861 3740 2918 admittit

2147 2931 2276 2988 vere
2301 2941 2357 2987 et
2383 2931 2649 3005 catholice
2674 2931 3035 3005 dicinostrum
3053 2949 3166 3005 esse
3189 2932 3336 2999 velle,
3359 2931 3461 3005 Dei
3481 2950 3602 3005 vero
3631 2951 3738 3005 per-

2149 3005 2332 3076 ﬁcere;
2373 3004 2617 3076 quamvis
2658 3003 2894 3071 corrigat
2933 3003 3079 3072 quod
3123 3004 3343 3076 insuper
3383 3003 3438 3058 in
3481 3004 3590 3076 illis
3617 3003 3737 3076 pro-

2147 3073 2506 3146 positionibus
2529 3073 2740 3146 digerat
2776 3083 3012 3146 nostrum
3027 3091 3141 3146 esse
3160 3073 3397 3146 credere;
3427 3075 3580 3143 quia,
3610 3073 3736 3130 nou-

2075 3167 2120 3228 C
2149 3142 2276 3228 dum
2302 3145 2381 3228 (ut
2403 3142 2620 3214 fatetur)
2648 3144 2788 3200 bene
2813 3143 3068 3228 discussis
3087 3145 3272 3214 gratia:
3299 3142 3531 3228 arcanis,
3563 3146 3738 3228 existi:

2150 3214 2333 3271 mabat
2359 3230 2479 3270 cum
2509 3230 2602 3270 eas
2629 3214 3026 3285 propositiones
3057 3223 3385 3286 exponeret,
3418 3225 3597 3271 actum
3620 3215 3740 3272 ﬁdei

2151 3303 2260 3342 non
2291 3300 2421 3358 esse
2464 3301 2533 3340 ex
2559 3284 2755 3354 gratia,
2801 3287 2895 3358 sed
2923 3301 3045 3342 esse
3091 3284 3297 3342 natura:
3325 3284 3531 3358 Afetum.
3559 3286 3740 3358 Itaque

2151 3357 2398 3427 absolute
2445 3363 2701 3412 retractat
2749 3355 2895 3427 quod
2938 3358 2992 3411 in
3038 3373 3101 3412 ea
3150 3356 3490 3427 expositione
3537 3355 3740 3415 dixerat

2191 3443 2310 3498 rop.
2343 3425 2430 3492 Gl,
2464 3425 2858 3500 nostrumesse
2894 3427 3032 3500 quod
3067 3425 3355 3500 credimus;
3394 3427 3537 3500 quod
3575 3438 3738 3483 autem

2186 3496 2341 3553 onum
2374 3513 2652 3570 operantur
2671 3498 2811 3553 illius
2831 3496 2917 3552 est
2927 3499 3012 3570 qui
3034 3496 3357 3570 credentibus
3378 3496 3471 3570 dat
3492 3498 3737 3570 Spiritum

2151 3567 2417 3642 sanctum;
2428 3567 2682 3642 Admittit
2713 3577 2895 3642 autem
2923 3567 3194 3636 tamquam
3225 3567 3571 3642 catholicum,
3602 3569 3734 3642 quod

2151 3641 2351 3694 ibidem
2380 3638 2692 3693 addiderat:
2720 3637 2973 3695 Nostrum
3011 3647 3087 3693 est
3123 3639 3332 3694 credere
3357 3650 3408 3694 et
3447 3637 3735 3706 vellefDei

2153 3721 2323 3765 autem
2353 3708 2480 3782 dare
2516 3707 2920 3782 credentibuset
2960 3710 3241 3765 volentibus
3283 3709 3584 3782 facultatem
3621 3711 3737 3782 bene

2153 3779 2438 3853 operandi;
2477 3781 2603 3849 quia
2643 3781 2711 3834 de
2749 3781 3040 3853 volitione,
3084 3779 3306 3853 tametsi
3350 3781 3734 3853 supernaturali

2153 3850 2361 3977 Squalis
2389 3865 2454 3906 ea
2483 3859 2566 3905 est
2601 3866 2722 3921 quas
2759 3851 2827 3906 ad
2868 3850 3192 3906 credendum
3238 3850 3562 3923 intervenit)
3599 3857 3737 3908 recte

2191 3923 2349 3977 icitur
2372 3921 2517 3977 quod
2555 3930 2738 3977 nostra
2763 3923 2862 3977 sit.
2893 3931 3102 3977 oronter
3139 3921 3408 3977 arbitrium
3444 3923 3733 3977 voluntatis.

2191 3923 2349 3994 icitur
2372 3921 2530 3994 quod
2555 3930 2738 3994 nostra
2763 3923 2862 3988 sit,
2892 3931 3102 3994 propter
3139 3921 3408 3994 arbitrium
3444 3921 3733 3988 voluntatis,

2154 4001 2215 4048 ut
2241 3992 2437 4047 ibidem
2467 3991 2616 4046 addit
2639 4009 2652 4046 :
2678 3991 2922 4061 quamvis
2949 3991 3109 4049 etiam
3137 3993 3235 4048 Dei
3263 3992 3352 4056 sit,
3384 3994 3598 4049 ratione
3619 4007 3736 4062 gra-

2155 4065 2244 4134 tia:
2289 4063 2483 4117 divinae
2524 4063 2857 4134 voluntatem
2903 4065 3254 4134 przeparantis
3307 4070 3364 4119 et
3412 4064 3734 4119 roborantis.

2156 4133 2432 4200 Quatenus
2447 4142 2624 4188 autem
2641 4133 2878 4198 credere,
2894 4133 3253 4189 Substernitur
3266 4134 3510 4188 volitioni
3527 4143 3735 4200 nostra,

2155 4220 2253 4275 per
2266 4219 2425 4274 quam
2442 4204 2740 4275 inducitur;
2769 4205 2848 4260 sic
2861 4205 3021 4260 etiam
3046 4206 3218 4275 ipsum
3243 4205 3485 4271 credere,
3503 4214 3738 4260 nostrum

2157 4273 2257 4340 est,
2282 4273 2404 4343 Quia
2429 4291 2537 4330 non
2562 4273 2626 4328 lit
2653 4275 2754 4329 nisi
2784 4273 3087 4331 volentibus
3116 4275 3290 4331 nobis.
3323 4275 3438 4330 Hoc
3458 4291 3620 4332 sensu
3657 4284 3736 4341 et,

2156 4354 2215 4399 ut
2244 4345 2349 4410 ait,
2382 4345 2483 4401 hac
2511 4345 2695 4413 regula
2725 4355 2956 4410 servata,
2989 4347 3231 4414 agnoscit
3258 4345 3587 4415 Augustinus
3613 4346 3739 4404 locis

2157 4416 2400 4485 allegatis
2427 4417 2702 4485 verissime
2729 4415 2834 4470 dici
2873 4425 3116 4472 nostrum
3155 4431 3274 4472 esse
3302 4417 3460 4480 velle,
3489 4416 3589 4473 Dei
3615 4432 3739 4474 vero

2155 4484 2462 4541 facultatem
2489 4484 2799 4557 perﬁciendi
2829 4487 2942 4543 sive
2970 4487 3227 4557 operandi
3255 4487 3510 4542 tribuere.

459 4551 679 4635 jactatis
697 4547 961 4635 adversus
984 4547 1042 4608 S.
1074 4555 1489 4635 Hieronymum,
1520 4555 1666 4635 quasi
1704 4555 1752 4608 ei
1792 4547 2052 4635 tamquam
2083 4547 2130 4607 D
2225 4547 2599 4635 Iisdem__locis
2638 4565 2814 4612 ratum
2836 4547 3023 4635 habet:
3059 4557 3738 4635 valdequecommendat,

465 4626 650 4678 aemulo
690 4624 986 4689 invidisset;
1027 4637 1242 4680 sanctus
1257 4623 1292 4690 ,⁷
1307 4623 1543 4694 inquam,
1591 4623 1948 4694 Hieronymus
1978 4625 2052 4678 ita

465 4696 652 4753 scribit
679 4695 874 4761 dialog.
901 4694 935 4747 '5
957 4706 1148 4750 contra
1176 4697 1356 4764 Pelag.
1378 4693 1396 4748 Ξ
1417 4695 1534 4749 Hoc
1567 4705 1702 4758 esto,
1744 4693 2053 4764 baptismum

467 4767 730 4837 praeterita
759 4765 959 4837 donare
985 4775 1224 4837 peccata,
1267 4782 1369 4819 non
1411 4768 1637 4837 futuram
1665 4781 1867 4818 servare
1896 4767 2055 4836 justi-

468 4834 629 4903 tiam,
661 4834 1048 4908 qutelabpreet
1085 4836 1344 4890 industria
1363 4834 1424 4889 ac
1464 4835 1764 4908 diligentia,
1788 4845 1837 4888 et
1857 4834 2056 4906 semper

466 4924 620 4980 super
660 4905 834 4980 omnia
863 4905 1258 4980 Deiclementia
1297 4905 1601 4980 custoditur,
1632 4916 1690 4958 ut
1727 4905 1970 4980 nostrum
1986 4908 2056 4980 sit

365 4997 373 5005 ε
467 4975 691 5050 rogare,
730 4977 869 5031 illius
913 4975 1135 5050 tribuere
1179 4977 1313 5050 quod
1350 4986 1594 5050 rogatur;
1643 4985 1873 5050 nostrum
1925 4977 2056 5030 inci-

363 5067 400 5087 -‘
465 5045 603 5132 pere,
635 5049 774 5132 illius
802 5047 1073 5132 perﬁcere;
1114 5045 1344 5102 nostrum
1383 5045 1741 5132 oﬁ'errenquod
1766 5061 2054 5132 possumus,

667 5115 860 5189 mplere
895 5115 1194 5189 quodnon
1240 5115 1526 5189 possumus.
1572 5115 1775 5172 Rursus
1815 5115 1950 5170 infra
1999 5117 2056 5175 in

363 5149 370 5157 -
465 5135 605 5174 unus
646 5136 718 5173 ‘lm
755 5135 860 5172 tere
917 5135 1051 5189 quoa
1089 5135 1194 5173 non
1240 5135 1526 5189 possumus.
1573 5135 1775 5172 κιαι-5115
1815 5135 1950 5170 lllll'a
1999 5135 2056 5175 In

363 5233 370 5242 .
465 5190 658 5245 eodem
699 5135 950 5257 dialogo:
994 5187 1093 5242 Ubi
1130 5189 1484 5243 misericordia
1515 5197 1566 5241 et
1608 5189 1780 5257 gratia
1805 5195 1900 5252 est,
1932 5189 2058 5241 libe-

468 5276 583 5314 rum
623 5277 688 5314 ea:
733 5268 880 5331 parte
917 5268 1080 5312 cessat
1129 5259 1400 5314 arbitrium
1423 5301 1436 5325 ,
1488 5259 1623 5331 quod
1654 5261 1710 5312 in
1747 5274 1806 5312 eo
1829 5267 2056 5331 tantum

467 5340 561 5394 est,
609 5340 666 5383 ut
692 5327 902 5401 velimus
943 5338 1094 5401 atque
1130 5332 1414 5400 cupiamus,
1446 5327 1726 5401 et'placitis
1773 5327 2054 5401 tribuamus

469 5417 755 5456 assensum.
789 5399 914 5472 iam
949 5398 1243 5472 in'Domini
1282 5398 1530 5472 potestate
1565 5409 1670 5465 est,
1722 5408 1780 5452 ut
1825 5399 1881 5452 id
1918 5399 2055 5472 quod

470 5474 734 5543 cupimus,
783 5470 889 5543 73
939 5469 1076 5543 quod
1131 5469 1455 5543 laboramus,
1515 5487 1575 5543 ac
1622 5472 1865 5543 nitimur,
1912 5469 2053 5543 illius

471 5538 565 5609 ope
579 5552 630 5596 et
649 5538 1076 5609 auxilio—implere
1096 5543 1372 5597 valeamus.
1391 5542 1534 5598 ldem
1557 5541 1608 5594 in
1625 5556 1672 5594 c.
1698 5557 1752 5594 ιιι
1775 5538 1967 5596 Ezech.
1986 5541 2055 5595 ad

472 5610 632 5682 illud:
657 5613 726 5666 Et
755 5612 932 5682 aperui
955 5627 1012 5664 os
1033 5627 1219 5679 meum,
1242 5614 1357 5669 hmo
1373 5613 1566 5669 habet:
1590 5610 1724 5682 Ego,
1749 5611 1912 5681 inquit
1933 5627 2054 5681 pro-

474 5681 644 5752 pheta,
675 5681 852 5753 aperui
878 5697 933 5754 os
962 5697 1146 5754 meum,
1173 5687 1306 5754 quia,
1322 5685 1444 5736 mihi
1475 5681 1786 5754 dictumiest,
1811 5682 1964 5754 Aperi
1995 5698 2051 5736 os

475 5751 616 5821 tuum
641 5765 690 5808 et
710 5751 1151 5823 'comede..Averto
1172 5751 1260 5808 ore
1280 5753 1530 5829 Dominus
1552 5753 1766 5824 largitus
1788 5760 1876 5829 est,
1890 5752 2048 5824 cibos,

2158 4627 2302 4696 quod
2331 4628 2384 4681 in
2416 4627 2604 4682 iisdem
2631 4628 3088 4697 propositionibus
3115 4628 3167 4681 in
3199 4626 3268 4680 6'2
3306 4628 3518 4682 dixerat
3561 4646 3576 4681 :
3619 4626 3741 4684 Cum

2157 4707 2273 4768 post
2293 4701 2606 4752 vocationem
2626 4699 2950 4770 uoluet-intus,
2972 4715 3076 4752 non
3097 4699 3282 4770 sumsit
3305 4699 3540 4770 voluntas
3570 4710 3741 4770 nostra

2158 4767 2209 4821 et
2234 4785 2408 4840 cursus
2432 4779 2624 4830 noster,
2649 4769 2749 4822 nisi
2769 4779 2820 4840 et
2838 4768 2977 4840 Deus
2998 4770 3126 4840 vires
3149 4767 3468 4840 currentibus
3496 4769 3735 4840 praebeat,

2157 4847 2208 4891 et
2223 4838 2469 4909 perducat
2488 4855 2586 4912 quo
2607 4848 2772 4912 vocat.
2790 4839 2864 4894 Ac
2884 4839 3068 4893 deinde
3085 4840 3355 4912 subjunxit
3372 4855 3389 4892 :
3405 4837 3737 4912 animum

2159 4908 2374 4982 estergo
2415 4908 2519 4964 non
2559 4908 2792 4982 volentis,
2833 4926 2994 4982 neque
3031 4908 3302 4982 currentis,
3333 4909 3428 4982 sed
3457 4910 3738 4967 miserentis

2161 4977 2407 5053 Deiesse,
2427 4981 2568 5053 quod
2587 4979 2711 5053 bene
2742 4977 3034 5052 operantur.
3061 4979 3285 5053 Omnino
3307 4979 3630 5053 verissimum
3645 4991 3734 5053 est.

2159 5047 2230 5103 At
2258 5050 2361 5106 hoc
2388 5047 2528 5121 idem
2556 5051 2714 5121 plane
2741 5047 2824 5106 est
2849 5066 2970 5106 cum
2992 5051 3259 5121 sententia
3278 5065 3400 5119 quae
3422 5052 3564 5121 apud
3589 5051 3736 5108 Vale-

2157 5121 2368 5175 rianum
2416 5119 2823 5176 insimulabatur
2868 5121 3084 5176 erroris.
3131 5119 3267 5176 Nam
3312 5129 3370 5176 et
3415 5119 3736 5177 voluntatem

2159 5200 2396 5246 nostram
2437 5191 2679 5261 agnoscit
2716 5190 3040 5260 Augustinus
3075 5192 3190 5246 sive
3227 5191 3368 5246 velle
3406 5201 3648 5247 nostrum
3687 5191 3736 5247 in

2157 5262 2374 5333 negotio
2393 5263 2596 5327 salutis,
2613 5270 2677 5333 _et
2695 5262 2820 5317 huic
2841 5261 3083 5318 volitioni
3111 5261 3372 5317 accedere
3394 5261 3615 5333 insuper
3633 5261 3737 5317 vult
3755 5262 3766 5270 ”

2157 5332 2544 5400 perfectionem
2566 5349 2595 5386 a
2612 5331 2722 5387 Deo
2737 5333 2921 5401 gratiae
2951 5340 3174 5388 auctore
3202 5338 3259 5388 et
3285 5331 3735 5397 consuminatore;

2156 5402 2299 5471 quod
2328 5419 2493 5458 unum
2520 5403 2654 5458 dixit
2673 5402 3006 5458 Valerianus.
3034 5401 3374 5472 Proindeque
3403 5402 3450 5456 si
3477 5401 3736 5458 Valeriani

2156 5473 2463 5528 criminatio
2499 5474 2783 5538 subsistat,
2814 5474 2878 5528 D.
2909 5473 3270 5543 Augustinus,
3314 5473 3361 5527 si
3389 5472 3503 5528 Deo
3533 5475 3736 5542 placet,

2148 5543 2672 5614 ﬁemipelagianismi
2701 5544 3036 5600 damnandus
3063 5544 3166 5599 erit
3193 5545 3248 5599 in
3284 5559 3352 5599 eo
3382 5558 3482 5598 suo
3515 5543 3733 5614 judicio,

2150 5613 2209 5686 ἰιι
2256 5613 2745 5686 Retractationibus
2773 5615 3196 5686 proditotcirca
3223 5613 3650 5686 propositionem
3686 5614 3735 5672 ei

2155 5685 2314 5756 plane
2356 5685 2642 5754 genuinam
2670 5699 2790 5754 qua:
2823 5685 2973 5756 apud
3025 5685 3368 5756 Valerianum
3410 5685 3653 5756 arguitur
3682 5690 3737 5743 οι

2154 5753 2502 5812 ὸοηίὶιιιιιιιυι·
2525 5756 2578 5812 in
2599 5753 2702 5812 lib.
2725 5756 2794 5814 de
2821 5753 3074 5813 Praedest.
3099 5755 3221 5828 SS.,
3252 5755 3344 5812 ubi
3372 5756 3608 5814 maxime
3628 5753 3736 5815 lor-
