3924 6368
787 291 854 347 ΙΝ
894 292 949 349 S.
991 291 1293 349 NICETAM
1331 291 1868 352 PROLEGOMENA.
1901 323 1970 334 —
1997 293 2059 352 P.
2101 296 2379 354 BRAIDIE
2421 299 2814 360 PREFATIO.

678 543 1760 716 SANCTUS
1885 554 2990 754 NICETAS,
3103 519 3108 524 ’

1042 815 1864 930 AQUILEIENSIS
1940 814 2628 906 EPISCOPUS.-

189 291 303 354 857
787 291 854 347 ΙΝ
894 292 949 349 S.
991 291 1293 349 NICETAM
1331 291 1868 352 PROLEGOMENA.
1901 323 1970 334 —
1997 293 2059 352 P.
2101 296 2379 354 BRAIDIE
2421 299 2814 360 PREFATIO.
3374 306 3482 370 858

193 421 3476 466 _.______________.__________________________.

1266 1087 1352 1157 Μ
1359 1086 1496 1158 ΟΝ
1503 1088 1775 1159 [TUM
1852 1090 1919 1160 E
1933 1089 2302 1161 DITOBI
2319 1089 2369 1162 S
2382 1135 2407 1160 .

261 1214 576 1290 Quamvis
606 1235 689 1282 ex
719 1219 1050 1292 Veterum,
1081 1236 1226 1296 quae
1257 1227 1626 1296 supersunt,
1657 1223 1732 1282 de
1761 1221 1822 1280 S.
1851 1220 2066 1282 Niceta
2100 1219 2477 1281 testimoniis
2501 1224 2675 1282 certo
2703 1222 2942 1286 certius
2968 1227 3236 1290 eruatur
3258 1221 3475 1288 divum

178 1297 570 1380 episcopum
601 1301 986 1378 scriptorum
1018 1301 1262 1375 aliquot
1288 1311 1614 1361 auctorem
1645 1301 1994 1376 exstitisse,
2018 1302 2124 1360 diu
2152 1310 2361 1359 tamen
2393 1301 2647 1360 illorum
2677 1299 3014 1368 editionem
3039 1319 3234 1380 quam
3254 1304 3341 1363 sic
3363 1321 3475 1380 ap-

175 1377 422 1456 pellari
463 1377 868 1456 aliquatenus
901 1382 1148 1441 deceret
1194 1383 1514 1442 incassum
1553 1388 1972 1456 οχοριελνυτειι
2021 1381 2444 1440 litteratorum
2485 1381 2876 1456 respublica;
2913 1398 3030 1442 nec
3060 1377 3240 1450 aliud,
3266 1401 3302 1444 a
3342 1377 3472 1454 tota

175 1462 362 1516 retro
380 1461 764 1534 antiquitate
780 1461 854 1521 ad
872 1478 1114 1522 annum
1134 1458 1309 1528 1833,
1331 1462 1546 1519 rimari
1578 1469 1914 1536 potuerant
1933 1460 2158 1520 eruditi
2178 1469 2407 1539 praeter
2427 1461 3098 1539 brevissimaquaadam
3116 1461 3471 1539 fragmenta

178 1551 446 1620 necnon
483 1541 862 1620 opusculum
911 1540 1012 1600 cui
1051 1541 1272 1620 titulus
1316 1541 1655 1618 Expositio
1688 1540 1834 1620 ﬁdei
1864 1561 1885 1602 :
1914 1537 2363 1600 libellus—cnim
2392 1539 2472 1600 ad
2501 1539 2802 1616 virginem
2851 1538 3113 1618 lapsam,
3151 1537 3473 1620 SfNiccttu

175 1611 459 1699 [ipsanis
510 1611 838 1699 litterariis
885 1619 1246 1681 accensitus
1289 1636 1338 1699 a_
1374 1611 1562 1680 Petro
1589 1611 1820 1682 Braida
1849 1639 2021 1682 anno
2076 1620 2252 1692 1810,
2301 1621 2540 1696 mquali
2589 1611 2784 1678 immo
2829 1611 3471 1699 et'pot-iorijuread

177 1689 244 1778 ξ.
291 1696 706 1778 Ambrosium
741 1702 1040 1776 pertinet,
1073 1717 1276 1774 eaque
1304 1697 1381 1760 de
1410 1717 1604 1760 causa
1646 1703 1810 1760 inter
1837 1699 2029 1778 hujus
2063 1689 2264 1760 Patris
2295 1689 2488 1776 opera
2518 1699 2736 1762 locum.
2762 1713 2798 1762 a
2829 1689 3013 1766 nobis
3046 1689 3328 1762 obtinuit
3353 1698 3466 1777 (et),

172 1771 520 1856 Tredecim
557 1794 709 1837 vero
741 1771 1034 1840 'circiter'
1065 1771 1298 1840 abhinc
1335 1781 1522 1844 annis
1560 1771 2063 1842 eminentissimo
2109 1771 2710 1856 studiosissimoque
2743 1780 3052 1850 cardinali
3098 1780 3250 1851 Maii
3295 1771 3470 1856 quod

177 1854 444 1940 tamdiu
490 1857 884 1940 eruditorum
943 1860 1472 1936 investigationes
1522 1859 1840 1940 eliugerat
1892 1879 2034 1930 sese
2077 1862 2258 1937 quasi
2313 1868 2542 1938 sponte
2576 1854 2753 1940 dedit
2801 1861 3096 1940 obvium,
3147 1854 3466 1938 siquidem

171 1929 735 2022 doctissimoviro
779 1942 843 1998 in
883 1929 1227 2000 nonnullos
1284 1946 1589 2000 tractatus
1640 1929 1917 2022 incidere
1967 1929 2523 2022 cotiligcrit,'quos
2564 1929 3092 2022 inbibliolheca'
3127 1929 3466 2022 Vaticana,

173 2011 682 2096 cui_l_'elicissime
717 2024 968 2095 praeest,
1005 2026 1404 2095 asscrvalos,
1448 2038 1572 2078 non
1607 2022 1813 2080 solum
1850 2011 2214 2088 ﬁrmissima
2252 2011 2668 2096 manuscripti
2697 2017 2872 2088 ﬁdes,
2919 2020 3022 2078 sed
3073 2020 3262 2080 etiam
3301 2011 3467 2096 ratio

174 2091 735 2180 scr_ibendi__simui
759 2105 818 2156 et
852 2100 1146 2159 thematis
1186 2091 1488 2175 analogia
1521 2099 1582 2159 S.
1614 2099 1845 2160 Nicetm
1890 2101 2290 2179 apertissime
2338 2091 2695 2180 vindica-nt,
2739 2098 2994 2180 Maiano
3029 2101 3238 2180 igitur,
3260 2095 3464 2180 textui

170 2169 238 2228 in
276 2169 476 2250 hujus
507 2175 710 2237 Patris
742 2181 1046 2254 operibus
1092 2179 1348 2257 edendis
1387 2169 1797 2257 hmrebimus,
1835 2169 2026 2255 quem
2064 2181 2480 2239 illustrabunt
2512 2176 2757 2238 Braidm
2792 2169 3467 2257 aliundevelucidatio-f

166 2263 318 2335 ues,
370 2253 816 2335 precedetque
847 2258 1076 2321 notitia
1119 2258 1185 2318 in
1240 2255 1304 2319 S.
1350 2259 1635 2322 Nicetam
1679 2253 2215 2326 ex'Bibliotheca
2271 2257 2934 2319 historico-litteraria
2973 2253 3464 2320 Schmuemauui

163 2325 576 2410 deprompta.

231 2453 324 2523 (ἀ)
359 2451 497 2528 Vide
523 2465 656 2514 tom.
685 2457 828 2516 XVII
855 2469 1055 2516 nostra;
1079 2461 1400 2533 Patrologiae
1423 2463 1527 2519 col.
1558 2463 1684 2519 567.

2566 2611 3453 2642 ἠ

1072 2735 1423 2818 PETRI
1464 2735 1924 2818 BBAIDZE
1953 2729 2566 2816 PR/EFATIO

975 2893 1041 2946 IN
1083 2892 1260 2948 SUAE
1305 2890 1750 2948 RECENSIONEM
1786 2888 2258 2944 OPUSCULORUM
2299 2889 2351 2940 S.
2375 2887 2653 2953 lNlCETJi.

225 3125 424 3206 Quinti
451 3123 704 3194 Ecclesia:
739 3125 921 3182 saeculi
957 3125 1275 3197 scriptorem
1297 3134 1353 3183 et
1383 3125 1632 3196 Patrem,
1663 3129 1755 3186 vix
1785 3131 1840 3193 Α
1864 3127 2114 3185 omnibus
2137 3125 2339 3198 erepti,
2370 3124 2514 3181 edita
2542 3122 2776 3182 fuerunt.
2817 3121 3134 3194 Pergratum
3163 3121 3324 3204 igitur
3362 3122 3460 3191 tibi

158 3219 387 3278 nomine
409 3227 586 3286 tenus,
605 3218 769 3278 immo
789 3232 858 3273 ne
877 3218 1096 3274 nomine
1117 3219 1331 3290 quidem
1353 3221 1486 3278 satis
1507 3221 1766 3278 hactenus

156 3309 532 3390 exploratum,
564 3311 804 3368 sistimus
827 3310 942 3377 tibi,
975 3310 1178 3382 optime
1206 3311 1396 3376 lector.
1432 3311 1534 3368 Hic
1565 3320 1649 3368 est
1675 3312 1768 3368 Ni-

155 3416 286 3472 ceas.
306 3417 414 3464 seu
432 3402 648 3464 Nicetas
669 3401 926 3459 Ecclesiae
955 3402 1314 3474 Aquileiensis
1343 3405 1646 3476 episcopus,
1674 3405 1766 3480 qui

156 3492 224 3550 ab
252 3509 411 3552 anno
438 3491 550 3560 45,4,
577 3509 747 3564 usque
790 3494 859 3550 ad
887 3509 1090 3548 annum
1133 3492 1240 3549 485
1262 3535 1278 3566 ,ν
1309 3504 1370 3550 ut
1408 3497 1660 3552 meliores
1687 3495 1768 3553 fe—

156 3592 286 3644 runt
314 3593 490 3654 notae,
513 3585 923 3646 celeberrimam
942 3583 1089 3638 illam
1115 3584 1412 3642 Ecclesiam
1425 3587 1766 3643 administra-

155 3675 250 3744 vit,
275 3685 341 3734 et
367 3677 462 3748 qui
486 3679 772 3750 pastoralis
799 3695 909 3738 suae
937 3680 1333 3748 sollicitudinis,
1363 3679 1580 3758 pietatis
1607 3680 1766 3736 simul

160 3776 329 3840 atque
371 3771 572 3842 ingenii
601 3782 950 3830 monumenta
983 3775 1218 3844 reliquit,
1253 3774 1524 3836 nonnullis
1551 3773 1766 3845 scriptis

159 3862 464 3936 opusculis,
489 3879 718 3932 quorum
744 3866 1036 3937 scriptores
1062 3866 1410 3922 ecclesiastici
1436 3867 1761 3936 meminere;

156 3951 248 4018 sed
271 3967 520 4022 quorum.
545 3956 762 4018 nonnisi
794 3972 956 4012 unum
980 3964 1035 4011 et
1063 3957 1310 4023 alterum,
1338 3957 1483 4034 quod
1511 3959 1759 4025 sciamus,

157 4043 224 4108 ad
249 4059 364 4102 nos
408 4060 577 4120 usque
605 4047 890 4116 pervenit,
922 4048 1107 4122 paucis
1135 4049 1366 4120 demptis
1404 4048 1760 4119 Fragmentis,

156 4149 276 4218 qua:
337 4136 512 4201 veluti
568 4153 636 4194 ex
701 4139 930 4194 aliorum
1008 4139 1289 4210 naufragio
1361 4140 1759 4212 superfuerunt.

159 4225 344 4300 Unum
373 4231 749 4306 tantummodo
785 4247 854 4290 ex
887 4233 972 4288 his
1000 4233 1272 4304 opusculis
1301 4234 1609 4289 innotuerat
1633 4250 1761 4290 eru-

157 4317 284 4386 ditis
305 4321 608 4391 superioris
629 4322 749 4389 aevi,
782 4324 927 4394 quod
953 4325 1114 4380 etiam
1140 4324 1297 4380 simul
1319 4325 1620 4396 praebuerat
1648 4327 1760 4382 dls-

158 4412 392 4492 putandi
432 4415 720 4476 materiam
758 4416 826 4474 de
869 4433 999 4474 vero
1040 4418 1186 4473 illius
1224 4428 1476 4483 auctore,
1509 4419 1760 4490 quodque

1870 3222 1990 3288 erit,
2017 3220 2130 3274 haec
2157 3234 2277 3290 quae
2304 3225 2592 3289 supersunt
2612 3216 2793 3274 omnia
2815 3215 2991 3280 Niceas
3020 3230 3115 3280 seu
3135 3201 3336 3282 Nicette
3355 3215 3459 3271 hu-

1863 3312 1952 3384 jus
1980 3327 2088 3372 uno
2112 3311 2500 3382 comprehensa
2526 3308 2800 3372 volumine
2830 3308 3056 3386 habere,
3082 3315 3139 3374 ut
3166 3309 3336 3376 series
3356 3308 3458 3363 mi-

1871 3419 2091 3470 norum,
2140 3411 2198 3458 ut
2226 3403 2298 3466 ita
2339 3401 2661 3474 loquamur,
2703 3409 2949 3456 veterum
2993 3398 3254 3478 Patrum,
3299 3398 3460 3470 hujus

1869 3496 2031 3560 etiam
2063 3494 2233 3550 nostri
2263 3494 2573 3556 accessione
2605 3499 2887 3568 augeatur;
2921 3491 3150 3566 maxime
3175 3507 3307 3558 vero
3335 3505 3458 3546 cum

1868 3585 2191 3658 sperandum
2230 3594 2413 3648 nostra
2442 3585 2543 3642 hac
2579 3590 2739 3646 actate
2763 3583 2907 3638 haud
2935 3582 3035 3647 sit,
3072 3590 3160 3654 ut,
3181 3591 3307 3653 post
3332 3580 3459 3635 ulti-

1867 3695 2012 3742 mam
2037 3678 2300 3740 Venetam
2339 3679 2564 3744 Andrete
2592 3675 2880 3748 Gallandii,
2913 3691 3067 3740 nova:
3099 3675 3328 3739 edantur
3371 3689 3458 3729 ve-

1870 3780 2040 3832 terum.
2074 3769 2292 3830 Patrum
2331 3769 2662 3840 Bibliotheca:
2686 3808 2700 3833 ,
2747 3775 2839 3823 aut
2866 3775 2925 3822 ut
2960 3767 3073 3846 jam
3108 3766 3266 3823 editae
3305 3765 3458 3832 novis

1868 3871 1980 3920 tam
2000 3864 2109 3920 cito
2138 3865 2470 3928 additionum
2495 3861 2854 3924 voluminibus
2878 3869 3142 3924 crescant.

1938 3956 2217 4022 Miraberis
2246 3971 2375 4020 sane
2401 3957 2722 4028 quicumque
2751 3954 2836 4012 vel
2874 3953 3048 4028 prima
3093 3951 3271 4008 fronte
3299 3950 3455 4018 volu-

1866 4064 1990 4104 men
2020 4049 2124 4106 hoc
2154 4057 2398 4104 nostrum
2440 4047 2738 4120 inspexeris
2760 4086 2775 4112 ,
2819 4059 2928 4099 non
2955 4043 3163 4118 exiguae
3201 4040 3359 4106 molis
3387 4039 3454 4094 li-

1865 4138 2021 4194 brum
2069 4155 2100 4194 a
2145 4141 2301 4195 nobis
2347 4138 2622 4194 conditum
2666 4152 2766 4208 pro
2821 4135 3032 4192 duobus
3077 4131 3454 4194 tantummodo

1865 4233 2138 4302 opusculis
2176 4232 2466 4304 paucisque
2511 4229 2858 4300 fragmentis,
2906 4243 3032 4308 qua:
3073 4225 3241 4292 veluti
3287 4238 3454 4296 opera

1865 4327 2046 4382 omnia
2089 4326 2285 4381 Nicetae
2328 4325 2484 4396 hujus
2526 4325 2696 4382 nostri
2725 4323 3059 4384 exhibemus.
3109 4321 3250 4402 Quid
3288 4336 3449 4388 vero,

1865 4418 2104 4488 inquies,
2137 4418 2186 4482 si
2223 4417 2352 4474 dare
2379 4418 2592 4488 penitus
2621 4417 2800 4482 omnia
2831 4423 2994 4492 atque
3022 4415 3234 4488 integra
3267 4413 3452 4482 licuis-

157 4516 454 4580 propterea
474 4509 638 4572 modo
666 4509 811 4578 huic,
842 4511 1002 4567 modo
1031 4512 1186 4568 alteri
1215 4527 1281 4568 ex
1302 4513 1586 4583 prmcipuis
1609 4512 1760 4566 Lati-
1791 4514 1840 4575 B
1865 4513 1986 4568 set?
2013 4511 2207 4574 Verum
2239 4527 2361 4566 cum
2385 4512 2614 4582 primum
2638 4509 2801 4564 subiit
2827 4509 3062 4568 animum
3082 4505 3338 4578 cogitatio
3360 4504 3454 4560 hu-

159 4612 240 4654 ua:
261 4597 531 4655 Ecclesia:
557 4599 806 4659 Patribus
825 4603 1086 4658 tributum
1111 4601 1240 4670 fuit;
1266 4603 1392 4658 licet
1417 4603 1633 4659 Niceam
1663 4620 1760 4659 seu

159 4686 410 4748 Nicetam
446 4691 751 4762 quemdam,
782 4692 852 4750 de
888 4709 996 4764 quo
1025 4701 1206 4750 tamen
1235 4694 1381 4750 dubii
1409 4711 1622 4766 semper
1649 4695 1760 4751 hae-

158 4782 382 4849 rebant,
436 4793 714 4850 auctorem
742 4787 887 4844 illius
927 4803 1048 4845 esse
1095 4789 1516 4860 suspicarentur.
1563 4789 1757 4846 Nostra

158 4875 257 4933 hac
285 4875 510 4934 demum
546 4895 795 4950 suprema
822 4889 981 4936 mtate
1009 4881 1244 4938 innotuit
1279 4883 1504 4938 alterum
1539 4884 1637 4940 sub
1666 4883 1758 4940 Ni-

157 4976 288 5022 cetze
336 4967 697 5036 Aquileiensis
724 4970 968 5043 episcopi
1008 4975 1226 5030 nomine
1247 5016 1263 5041 ,
1293 4974 1444 5044 quod
1483 4974 1670 5030 Romm
1697 4975 1754 5030 in

159 5056 419 5114 Ghisiana
451 5058 777 5117 bibliotheca
805 5063 1115 5131 delituerat,
1147 5065 1400 5135 quodque
1426 5081 1591 5136 opera
1620 5067 1755 5121 emi-

157 5155 464 5210 nentissimi
510 5154 766 5212 Ecclesiae
810 5158 1070 5228 principis
1109 5165 1276 5230 atque
1301 5158 1604 5214 litterarum
1636 5175 1754 5215 om-

159 5245 306 5301 nium
345 5249 691 5317 ornamenti,
734 5246 998 5326 Stephani
1043 5251 1336 5310 cardinalis
1375 5251 1584 5321 Bel-gite
1623 5251 1754 5324 (heu

158 5351 316 5404 quam
343 5337 633 5395 immature
663 5339 771 5395 vita
799 5339 1044 5410 functit),
1077 5343 1132 5396 in
1159 5343 1350 5412 vulgus
1377 5344 1576 5398 elatum
1605 5343 1703 5399 fuit
1734 5363 1748 5398 :

159 5444 259 5487 nec
301 5432 376 5488 ita
414 5433 586 5488 multo
613 5441 738 5505 post
779 5433 1076 5505 fragmenta
1103 5449 1321 5506 quoque
1349 5437 1752 5507 deperditorum

163 5525 497 5594 prodierunt,
529 5542 649 5597 qua:
675 5529 730 5584 in
756 5528 992 5599 quodam
1027 5537 1244 5585 vetusto
1273 5528 1458 5586 codice
1495 5527 1752 5586 Palatinae

163 5613 595 5682 Yindoboneusis
641 5620 981 5680 bibliotheca:
1027 5621 1442 5686 continebantur
1463 5665 1478 5690 ,
1526 5638 1752 5694 quaeque

163 5709 337 5766 studio
366 5711 652 5770 clarissimi
679 5713 780 5769 viri
802 5713 1078 5771 Michaelis
1100 5715 1264 5772 Denis
1293 5714 1533 5785 ejusdem
1559 5715 1753 5772 biblio-

165 5799 333 5858 thecae
372 5801 648 5875 praefecti,
679 5812 844 5878 atque
880 5805 1068 5865 itidem
1093 5806 1256 5880 paulo
1302 5805 1511 5879 pridem
1556 5806 1754 5868 litteris

1857 4606 1950 4678 jus
1976 4606 2167 4672 edendi
2210 4605 2612 4676 exornandique
2657 4603 2859 4668 Nicetae
2885 4648 2898 4670 ,
2948 4617 3068 4666 rem,
3092 4597 3452 4670 comperimus

1864 4715 1978 4760 non
2019 4713 2126 4752 uno
2175 4712 2242 4752 ex
2288 4696 2465 4768 capite
2513 4695 2644 4760 aleae
2695 4695 2951 4766 plenam;
2995 4707 3115 4762 qua:
3162 4695 3451 4762 propterea

1862 4793 2091 4854 multum
2117 4789 2297 4860 operis
2331 4796 2492 4858 atque
2516 4788 2715 4850 laboris
2744 4789 3003 4858 exigeret.
3031 4783 3219 4840 Nullus
3257 4782 3311 4836 in
3341 4781 3451 4851 pri-

1861 4885 1966 4940 mis
2003 4882 2360 4952 Aquileiensis
2403 4882 2718 4958 episcopus,
2751 4880 2944 4936 Niceas
2981 4894 3078 4942 seu
3124 4876 3340 4931 Nicetas
3369 4873 3450 4929 di-

1859 4985 1997 5042 ctus,
2029 4984 2219 5042 auctor
2247 4990 2472 5047 operum
2498 4987 2962 5046 quorumcumque
2990 4971 3058 5026 ab
3099 4966 3325 5030 eruditis
3351 4965 3450 5020 ad-

1859 5069 2172 5134 mittebatur
2205 5085 2218 5120 :
2251 5075 2306 5122 et
2333 5081 2457 5122 cum
2484 5065 2748 5124 Baronius
2791 5065 2847 5119 in
2875 5062 2986 5124 suis
3015 5059 3088 5124 ad,
3128 5055 3450 5130 Martyrolo-

1857 5159 2008 5230 gium
2054 5159 2358 5214 Romanum
2397 5156 2762 5213 amationibus
2806 5154 3032 5212 Niceam
3069 5166 3166 5210 seu
3205 5149 3449 5206 Nicetam

1859 5250 2009 5306 illum
2032 5265 2062 5314 a
2089 5247 2374 5312 Gennadio
2402 5249 2625 5319 aliiqu
2655 5246 2986 5318 appellatum
3013 5243 3350 5310 Romtiana:
3371 5239 3450 5296 ci-

1858 5347 2041 5402 vitatis
2079 5347 2422 5419 cpiscopum,
2456 5355 2510 5401 et
2549 5345 2821 5401 variorum
2851 5341 3230 5413 opusculorum
3260 5345 3449 5394 aucto-

1857 5455 2001 5507 rem,
2033 5439 2339 5496 habendum
2369 5454 2488 5495 esse
2514 5437 2650 5493 dixit
2676 5452 2776 5509 pro
2806 5435 2972 5492 Nicea
2997 5449 3095 5490 seu
3118 5432 3305 5491 Niceta
3331 5430 3448 5502 epi-

1857 5546 2026 5609 scopo
2075 5528 2408 5600 Aquileiensi
2430 5570 2446 5596 ,
2488 5528 2684 5584 eruditi
2711 5542 2850 5600 pene
2898 5540 3104 5591 omnes,
3131 5522 3317 5596 paucis
3349 5537 3446 5576 ex-

1856 5623 2048 5694 ceptis,
2073 5622 2242 5678 veluti
2271 5621 2486 5692 agmine
2513 5621 2678 5690 iacto,
2704 5622 2768 5688 in
2781 5619 3029 5677 eumdem
3049 5615 3340 5674 Baronium
3366 5615 3444 5671 in-

1859 5725 2228 5785 surrexerunt,
2252 5725 2413 5788 atque
2440 5733 2564 5774 cum
2585 5732 2652 5774 eo
2673 5712 3166 5796 expostularentde
3185 5711 3239 5767 vi
3258 5716 3444 5796 aperto

1858 5809 2005 5870 illata
2047 5809 2318 5868 historicis
2344 5809 2726 5869 monumentis.
2770 5805 3036 5883 Opuscula
3081 5803 3272 5876 deinde
3309 5797 3442 5888 illa.
