3924 6368
534 422 641 486 889

1622 414 1691 478 1N
1728 419 1785 477 S.
1824 418 2128 478 NICETAM
2164 414 2697 476 PROLEGOMENA.

3188 349 3225 383 ἰ

3690 416 3789 485 sto

530 553 655 611 qua
691 535 1003 595 Gennadius
1030 535 1217 593 tribuit
1260 536 1435 595 Niceae
1476 552 1573 595 seu
1610 538 1809 595 Nicette
1858 540 2112 611 episcopo
2140 546 2186 602 Α
2217 540 2323 595 sito
2340 582 2354 607 ,
2386 540 2741 595 communiter
2769 537 3160 594 tribuebantur.
3199 536 3365 594 Multa
3394 544 3686 610 propterea
3711 540 3785 600 di-

532 630 764 687 civitatis
791 626 1141 697 Romatianm,
1165 629 1234 685 ab
1260 629 1486 685 eruditis
1505 630 1778 686 communi
1806 643 1976 700 prope
1997 628 2111 684 cal-

530 723 656 780 culo
703 721 903 777 tributa
944 719 1161 777 fuerunt
1205 720 1382 778 Niceae
1420 737 1516 779 seu
1556 721 1758 779 Niceten
1801 722 1976 789 alteri,
2022 722 2115 791 qui

529 823 726 888 quarto
755 814 1037 871 desinente
1064 822 1121 871 et
1146 815 1337 885 quinto
1367 818 1586 871 ineunte
1614 816 1808 871 saeculo
1843 816 1984 870 inter
2010 813 2114 869 Da-

530 924 719 967 corum
762 907 1051 965 barbaram
1082 918 1298 977 gentem
1326 909 1611 980 episcopus
1638 907 1755 975 fuit,
1785 908 1983 978 quique
2012 923 2113 964 no-

528 1001 615 1059 bis
640 1001 910 1073 przecipue
935 1016 1004 1057 ex
1031 999 1242 1057 Paulini
1280 1000 1469 1057 Nolani
1490 1041 1504 1067 ,
1533 1001 1684 1071 cujus
1711 1009 1828 1057 erat
1854 1000 2116 1056 amicissi-

526 1108 668 1161 mus,
710 1094 1034 1150 testimoniis
1071 1093 1304 1149 innotuit
1336 1110 1348 1147 :
1393 1102 1448 1149 et
1488 1092 1806 1148 Romatiana
1851 1088 2114 1148 Gennadii

528 1185 866 1255 aliorumque
896 1185 1087 1240 civitas
1115 1184 1182 1240 ab
1211 1184 1276 1239 iis
1303 1184 1487 1239 habita
1516 1184 1605 1238 illa
1634 1182 1752 1249 fuit,
1788 1197 1908 1253 qua:
1934 1184 1988 1237 in
2016 1198 2115 1239 no—

526 1293 596 1333 va
623 1276 786 1333 Dacia
815 1276 1209 1332 mediterranea
1236 1277 1314 1331 cis
1333 1276 1635 1331 Danubium
1656 1276 1758 1329 sita
1787 1275 1853 1329 ab
1882 1274 2116 1345 antiquis

525 1369 850 1442 geographis
897 1377 1061 1439 atque
1108 1368 1497 1440 scriptoribus,
1547 1383 1680 1423 voce
1725 1382 1915 1438 parum
1944 1366 2012 1423 ab
2049 1381 2115 1422 ea

524 1462 771 1518 dissimili
799 1476 959 1531 quam
989 1458 1297 1515 Gennadius
1322 1459 1617 1529 usurpavit,
1650 1457 1991 1523 Remesiana,
2022 1464 2117 1511 aut

525 1548 869 1616 Bomesiana,
894 1551 1007 1605 sive
1036 1549 1370 1605 Remissiana
1399 1548 1720 1620 appellatur.
1753 1546 1890 1615 Quid
1917 1547 2116 1618 plura?

528 1643 601 1702 Ut
646 1645 850 1717 prodiit
879 1643 1121 1699 Patavini
1148 1643 1424 1700 seminarii
1455 1643 1593 1715 typis
1626 1656 1769 1697 anno
1799 1638 1935 1693 1799
1962 1640 2116 1696 novi-

526 1741 615 1791 ter
634 1734 906 1790 detectum
933 1733 1135 1790 Niceue
1161 1733 1495 1805 opusculum,
1520 1743 1577 1787 et
1596 1732 1663 1787 ab
1690 1733 1810 1801 ipso
1837 1727 2115 1786 Gennadio

526 1824 583 1879 in
612 1822 934 1880 Romatiano
954 1839 1053 1879 suo
1081 1824 1337 1895 episcopo
1360 1832 1737 1889 memoratum,
1769 1822 1914 1891 quod
1940 1832 2024 1878 est
2051 1820 2116 1876 de

528 1915 775 1988 Symbolo
797 1957 814 1983 ,
845 1930 941 1971 seu
967 1913 1289 1987 Explanatio
1326 1913 1545 1987 symboli
1575 1914 1752 1969 habita
1787 1913 1858 1968 ad
1895 1912 2114 1986 Compe—

529 2016 719 2074 tentes;
748 2016 808 2063 ut
836 2007 1074 2078 prodiit,
1104 2008 1321 2076 inquam
1343 2046 1359 2073 ,
1404 2007 1509 2062 hoc
1538 2006 1854 2077 opusculum
1882 2004 1981 2060 sub
2010 2018 2112 2059 no-

526 2099 673 2163 mine
698 2100 844 2155 beati
872 2098 1101 2167 Nicette,
1133 2099 1374 2169 episcopi
1394 2098 1770 2168 Aquileiensis,
1793 2105 1955 2168 prout
1979 2094 2112 2152 Ghi-

526 2190 711 2246 sianus
734 2188 940 2246 ferebat
966 2190 1138 2246 codex
1156 2232 1171 2257 ,
1202 2190 1530 2248 clarissimus
1556 2190 1781 2246 Michael
1810 2190 1991 2258 Denis,
2022 2190 2115 2261 qui

526 2290 657 2338 tunc
694 2281 894 2337 Nicetae
936 2280 1234 2351 fragmenta
1259 2295 1328 2336 ex
1364 2282 1470 2337 alio
1497 2280 1900 2337 Vindobonensi
1928 2280 2116 2338 codice

528 2372 788 2439 eruebat,
838 2371 1075 2428 scribere
1103 2388 1212 2428 non
1258 2372 1525 2429 dubitavit
1567 2388 1628 2429 se
1654 2375 1962 2429 consentire
2007 2388 2118 2429 non

528 2480 689 2536 posse
747 2465 803 2520 in
865 2465 924 2522 τὸ
979 2464 1350 2537 Aquileiensis,
1418 2465 1655 2536 illudque
1710 2467 1767 2521 in
1824 2464 2112 2533 Ghisiano,

528 2555 729 2613 Codice
776 2564 928 2613 certo
970 2557 1180 2632 σφάλμα
1234 2571 1356 2614 esse
1375 2597 1391 2624 ,
1457 2557 1908 2627 scribendumque
1953 2556 2119 2613 fuisse

529 2659 621 2705 aut
693 2648 905 2717 Dacica,
979 2656 1075 2705 aut
1144 2651 1367 2705 civitatis
1416 2648 1747 2706 Romatiamz
1797 2666 1919 2705 cum
1973 2646 2119 2706 Gen-

528 2739 727 2806 nadio,
802 2749 897 2796 aut
959 2739 1316 2797 Romessiame
1379 2756 1504 2797 cum
1563 2739 1768 2797 Tabula
1831 2739 2121 2811 Peutinge-

528 2832 681 2887 riana
710 2874 726 2900 ,
791 2840 885 2888 aut
943 2836 1247 2906 Ριμεσιάνης
1307 2843 1400 2897 τῆς
1463 2838 1647 2897 Δακίας
1710 2850 1833 2891 cum
1899 2836 2118 2892 actione

528 2925 701 2996 prima
743 2926 960 2982 concilii
995 2925 1450 2983 Chalcedonensis
1479 2936 1629 2983 tomo
1666 2927 1734 2983 lV
1755 2926 2119 2983 Conciliorum

529 3012 734 3071 Labbei
760 3015 1013 3072 editionis
1048 3015 1269 3073 Venette
1294 3017 1400 3073 col.
1432 3015 1564 3083 892,
1593 3026 1653 3072 ut
1683 3018 1867 3073 videre
1894 3025 1980 3073 est
2005 3018 2116 3074 vol.

528 3104 594 3173 ll,
623 3115 779 3177 parte
806 3122 884 3173 ιιι,
915 3122 1040 3179 pag.
1065 3106 1223 3175 204i,
1261 3108 1441 3179 operis
1470 3108 1630 3173 illius,
1662 3109 1747 3164 cui
1773 3108 1985 3163 titulus:
2016 3107 2119 3164 Ca-

529 3197 670 3253 dices
704 3214 829 3254 mss.
877 3199 1149 3272 theologici
1185 3198 1505 3255 bibliothecae
1545 3199 1810 3255 Palatina:
1853 3199 2120 3256 Vindoba-

2214 646 2340 687 cere
2367 645 2590 687 necesse
2628 640 2765 699 erat,
2795 631 2909 685 sive
2945 644 3065 700 qua:
3104 644 3299 686 novam
3339 630 3653 702 opinionem
3679 641 3791 689 tue-

2213 732 2419 790 rentur,
2438 725 2551 780 sive
2564 738 2685 795 qute
2695 731 2932 780 veterem
2948 722 3297 790 inﬁrmarent,
3320 722 3504 778 multis
3517 738 3789 783 occurrere

2214 817 2531 873 tenebamur
2557 817 2961 874 difﬁcultatibus
2988 827 3232 873 veterum
3262 817 3622 885 eruditorum,
3646 828 3788 890 atque

2213 908 2280 965 iis
2306 910 2566 978 maxime,
2608 925 2727 981 quae
2755 910 3080 982 nuperrime,
3110 926 3215 966 una
3243 911 3402 966 simul
3439 926 3565 967 cum
3594 913 3706 967 suis
3733 914 3789 970 de

2214 1020 2358 1061 novo
2386 1005 2720 1073 excogitatis,
2748 1004 2915 1059 veluti
2939 1011 3214 1059 momenta
3241 1003 3560 1060 solidissima
3590 1004 3790 1073 opinio-

2215 1097 2301 1153 nis
2327 1111 2489 1166 quam
2510 1095 2777 1162 tuebatur,
2806 1094 3076 1165 congessit
3104 1094 3312 1150 Zabeus
3338 1094 3393 1150 in
3415 1095 3579 1150 citata
3613 1094 3791 1151 disser-

2216 1187 2421 1242 tatione
2441 1186 2758 1257 paginarum
2777 1200 2828 1241 ιι
2852 1186 2905 1241 in
2926 1184 3097 1241 forma
3117 1186 3311 1255 quarti,
3336 1185 3415 1241 uti
3437 1186 3613 1252 aiunt;
3637 1201 3791 1256 neque

2215 1277 2431 1332 interim
2454 1277 2739 1348 peculiaris
2767 1276 2944 1346 aliqua
2973 1275 3248 1332 Michaelis
3266 1276 3429 1333 Denis
3461 1277 3791 1333 animadver-

2214 1369 2298 1424 sio
2328 1367 2627 1425 deserenda
2654 1377 2791 1435 erat,
2823 1383 2945 1437 quae
2968 1368 3291 1423 solidissima
3320 1368 3492 1424 videri
3523 1368 3681 1424 facile
3705 1385 3790 1440 po-

2216 1461 2425 1516 tuisset.
2458 1459 2595 1527 Quid
2616 1474 2747 1515 vero
2773 1459 2819 1514 si
2844 1459 3255 1530 perpendamus,
3281 1468 3664 1529 argumentum
3683 1460 3787 1523 hoc,

2216 1567 2285 1607 ex
2304 1552 2485 1623 inopia
2512 1560 2756 1606 veterum
2784 1559 3275 1618 monumentorum,
3310 1559 3474 1620 atque
3502 1565 3572 1605 ex
3598 1549 3791 1606 defectu

2217 1646 2648 1702 enuntiationum
2676 1660 2796 1715 quae
2824 1644 2985 1700 clarae
3003 1644 3111 1699 sint
3142 1653 3304 1713 atque
3332 1643 3615 1710 dilucida,
3647 1643 3790 1699 veluti

2215 1748 2407 1810 suapte
2459 1747 2649 1794 natura
2710 1746 2901 1809 patere
2959 1738 3299 1809 potissimum
3335 1736 3696 1807 coniecturis;
3735 1734 3791 1791 de

2216 1834 2407 1904 quibus
2447 1848 2570 1888 cum
2615 1848 2795 1887 sermo
2835 1840 2946 1896 est,
2990 1831 3200 1901 prolixa
3237 1830 3412 1886 oratio
3450 1829 3524 1885 sit
3562 1829 3791 1899 oportet?

2146 1933 2194 1993 B
2219 1927 2396 1996 Atque
2422 1925 2538 1981 haec
2561 1923 2629 1980 de
2654 1940 2817 1980 causa
2845 1924 3110 1995 praecipua
3144 1940 3241 1978 cur
3266 1938 3401 1993 opus
3427 1922 3538 1977 hoc
3570 1928 3791 1975 nostrum

2216 2018 2463 2074 discreta:
2494 2017 2775 2073 brevitatis
2792 2016 3012 2072 modum
3033 2015 3430 2085 quodammodo
3451 2012 3787 2085 superaverit.

2288 2108 2427 2165 Sunt
2465 2118 2646 2165 tamen
2693 2116 2750 2165 et
2788 2108 2921 2175 alia,
2960 2123 3081 2178 quae
3124 2123 3227 2165 nos
3263 2107 3329 2162 ad
3358 2107 3622 2162 laxandas
3646 2106 3789 2161 veluti

2216 2201 2457 2257 habenas
2485 2201 2725 2256 currenti
2746 2200 2954 2256 calamo
2984 2198 3330 2270 impulerunt.
3364 2197 3633 2254 Nonnulla
3656 2212 3787 2251 nam-

2215 2309 2324 2364 que
2371 2294 2536 2350 variae
2564 2294 2884 2351 eruditionis
2911 2294 3092 2364 capita
3131 2292 3527 2360 occurrebant,
3564 2306 3681 2362 qua:
3704 2293 3788 2347 etsi

2217 2403 2327 2443 non
2355 2388 2568 2459 penitus
2597 2404 2755 2452 nova,
2787 2402 2983 2443 novam
3012 2395 3208 2452 tamen,
3239 2386 3450 2442 ratione
3479 2384 3565 2442 rei
3592 2392 3786 2450 nostra,

2217 2494 2329 2536 non
2374 2488 2692 2552 respuerent
2727 2480 3172 2545 illustrationem,
3202 2493 3365 2548 quam
3389 2476 3688 2547 legentibus
3703 2492 3790 2548 pu-

2219 2579 2457 2629 taremus
2489 2572 2719 2629 fortasse
2746 2588 2855 2629 non
2887 2570 3253 2642 injucundam.
3293 2569 3443 2627 Nova
3471 2570 3636 2626 etiam
3660 2583 3789 2639 qua:-

2218 2663 2343 2720 dam
2365 2680 2487 2721 sese
2514 2664 2782 2729 obtulere,
2817 2678 2940 2733 quae
2970 2661 3321 2719 merebantur
3340 2677 3407 2717 ex
3436 2661 3646 2729 integro
3679 2673 3787 2730 per-

2219 2756 2441 2811 tractari
2465 2795 2480 2821 ,
2543 2763 2602 2811 ut
2636 2755 2916 2827 proposito
2957 2752 3111 2809 ﬁeret
3156 2755 3308 2809 satis.
3348 2752 3455 2809 Res
3489 2751 3618 2823 ipsa:
3642 2751 3786 2821 Aqui-

2218 2845 2455 2903 leienses
2475 2890 2491 2915 ,
2543 2855 2656 2902 tum
2686 2862 2808 2916 qua:
2834 2845 3133 2901 Ecclesiam
3171 2845 3523 2917 respicerent,
3562 2851 3789 2913 tumque

2218 2940 2494 2997 civitatem
2515 2948 2571 2996 et
2599 2952 2785 3009 agrum
2803 2978 2820 3005 ,
2852 2954 2960 2994 non
2981 2955 3090 2994 uno
3119 2937 3175 2993 in
3202 2937 3325 2993 loco
3353 2936 3676 3007 diligentiam
3699 2949 3787 2990 no-

2219 3039 2387 3086 stram
2414 3030 2756 3096 excitabant;
2799 3037 2988 3101 utpote
3025 3043 3146 3100 qua:
3186 3028 3305 3083 alia:
3333 3027 3404 3084 ad
3431 3042 3546 3084 rem
3574 3033 3789 3082 nostram

2220 3131 2566 3194 spectarent,
2610 3122 2727 3178 aliae
2756 3122 3003 3178 eamdem
3030 3122 3275 3193 proxime
3304 3121 3650 3190 attingerent,
3684 3117 3789 3173 alia:

2220 3214 2436 3271 demum
2461 3224 2555 3270 aut
2584 3229 2778 3270 novam
2806 3222 2899 3269 aut
2925 3214 3233 3270 uberiorem
3257 3213 3594 3283 requirerent
3609 3211 3790 3281 disqui-

528 3290 704 3344 ηθη⁸ί⁸
730 3287 905 3344 Lam“
923 3328 939 3354 υ
981 3290 1301 3363 “limumque
1341 3288 1634 3345 θεείάεηιίε
1672 3290 1983 3363 linguarum
2018 3290 2122 3347 Re’
2148 3306 2194 3370 C
2224 3307 2495 3362 sitionem.
2537 3305 2803 3361 Praeterea
2823 3305 3000 3361 Nicea:
3019 3319 3117 3360 seu
3136 3303 3339 3359 Nicetaa
3360 3303 3533 3359 nostri
3559 3300 3788 3372 opuscula

530 3382 731 3435 censuit
751 3379 980 3435 Michael
999 3378 1181 3435 Denis.
1235 3380 1557 3437 Vindoboua:
1576 3397 1715 3435 anno
1745 3380 1901 3436 1802.
1932 3381 2120 3452 Neque

528 3469 585 3527 id
616 3473 763 3527 satis.
814 3470 983 3528 Paulo
1015 3487 1248 3543 namque
1274 3481 1399 3544 post
1421 3473 1507 3529 vir
1532 3473 1824 3544 prmclarus
1856 3474 1997 3529 inter
2022 3489 2121 3530 no-

528 3570 727 3621 strates
752 3562 990 3620 Joannes
1015 3562 1394 3621 Prosdocimus
1415 3565 1623 3620 Zabeus
1648 3580 1816 3621 sacra:
1838 3565 2121 3634 theologia:

530 3654 744 3719 doctor,
776 3663 833 3711 et
858 3655 913 3710 in
940 3656 1093 3725 regio
1120 3662 1250 3711 tunc
1282 3654 1631 3711 Venetiarum
1671 3656 1951 3728 gymnasio
1978 3672 2122 3712 nunc

530 3759 663 3801 vero
709 3746 764 3799 in
810 3746 960 3814 regio
998 3745 1199 3801 ibidem
1240 3746 1392 3818 lyceo
1440 3746 1734 3817 professor,
1778 3748 1908 3817 quin
1947 3747 2123 3804 adhuc

530 3836 826 3906 quidquam
877 3837 1185 3893 rescivisset
1228 3838 1296 3893 de
1341 3837 1545 3908 judicio
1604 3840 1879 3895 Michaelis
1924 3840 2119 3909 Denis,

530 3938 726 3999 spOnte
745 3944 842 3986 sua
865 3931 919 3985 in
939 3930 1180 4000 ejusdem
1208 3933 1534 3987 sententiam
1554 3932 1667 3998 ivit,
1705 3948 1804 4005 pro
1832 3948 1937 4003 qua
1958 3934 2121 3989 etiam

532 4021 967 4079 dissertationem
1015 4023 1431 4079 eruditissimam
1477 4026 1754 4091 exaravit,
1799 4040 1863 4081 ac
1900 4024 2122 4083 Venetis

532 4113 675 4185 typis
703 4112 923 4170 Antonii
953 4113 1098 4171 Rosa
1126 4130 1268 4171 anno
1298 4113 1437 4171 1805
1456 4118 1655 4188 publici
1683 4117 1822 4189 juris
1850 4117 1995 4187 fecit,
2018 4120 2124 4175 hoc

531 4205 706 4263 eidem
735 4208 983 4279 apposito
1010 4208 1167 4264 titulo
1194 4227 1207 4262 :
1241 4207 1679 4280 Explanationem
1707 4211 1940 4283 Symboli
1958 4254 1971 4279 ,
2008 4230 2122 4286 qua:

532 4298 728 4369 prodiit
755 4297 964 4355 Patavii
982 4316 1121 4355 anno
1142 4299 1200 4355 Μ
1204 4299 1390 4355 DCCX
1393 4300 1523 4355 CIX
1526 4343 1540 4368 ,
1581 4303 1902 4360 tribuendam
1933 4304 2122 4377 proba-

536 4386 686 4442 bilius
724 4405 834 4444 esse
874 4400 1054 4445 sancto
1103 4389 1285 4446 Nicea:
1335 4392 1595 4448 Dacorum
1641 4398 1882 4468 episcopo
1905 4435 1920 4462 ,
1967 4414 2123 4470 quam

536 4474 683 4532 beato
714 4476 919 4535 Nicetas
948 4482 1187 4554 episcopo
1215 4483 1550 4556 Aquileiensi,
1586 4485 1916 4543 Dissertatio.
1960 4488 2123 4546 Vides

534 4566 716 4637 igitur,
740 4572 944 4641 optime
964 4572 1155 4640 lector,
1178 4584 1433 4644 quantam
1453 4593 1568 4633 rem
1591 4580 1826 4649 aggressi
1842 4582 2119 4651 fuerimus;

2219 3406 2381 3467 atque
2414 3396 2743 3466 fragmenta,
2776 3397 3017 3467 locuples
3054 3404 3179 3451 sunt
3208 3395 3517 3451 Thesaurus
3546 3392 3789 3450 Eruditio-

2221 3488 2307 3543 nis
2329 3486 2753 3554 Ecclesiasticaz,
2784 3502 2894 3557 quo
2934 3487 3187 3556 dogmata
3229 3486 3507 3556 religionis
3543 3485 3787 3557 praecipua

2221 3587 2565 3643 asseruntur,
2615 3593 2724 3648 quo
2772 3594 2981 3633 morum
3026 3586 3295 3648 przccepta
3324 3577 3607 3632 traduntur
3646 3584 3786 3644 atque

2221 3669 2577 3736 inculcantur,
2600 3684 2708 3738 quo
2729 3669 2988 3741 pleraque
3014 3668 3313 3739 disciplima
3333 3670 3516 3740 capita
3553 3667 3786 3722 illustran-

2222 3768 2329 3817 tur.
2382 3760 2513 3828 Quis
2550 3768 2731 3816 autem
2774 3761 2891 3816 haec
2918 3762 2973 3816 in
3011 3761 3185 3830 quinti
3228 3760 3412 3816 surculi
3449 3761 3697 3831 scriptore
3731 3771 3784 3812 ac

2222 3851 2382 3907 Patre
2409 3868 2518 3907 non
2544 3852 2927 3923 perpendenda
2955 3853 3265 3923 singillatim
3312 3853 3641 3924 susciperet,
3678 3849 3784 3906 dum

2220 3942 2289 3999 de
2317 3958 2383 3998 eo
2412 3956 2574 4013 agere
2602 3959 2671 3998 ex
2700 3944 2945 3999 instituto
2974 3942 3221 4009 deberet,
3246 3953 3409 4014 atque
3428 3958 3495 4000 ea
3515 3941 3667 3999 edere
3683 3954 3785 4011 qua:

2220 4037 2421 4106 scripta
2475 4036 2730 4105 reliquit?
2786 4036 2973 4105 Neque
3008 4037 3234 4092 minoris
3279 4036 3524 4107 profecto
3571 4032 3783 4089 habenda

2221 4134 2380 4183 erant
2406 4141 2526 4196 quae
2559 4126 2800 4183 Nicetam
2822 4128 2995 4198 ipsum
3024 4128 3350 4198 respiciunt,
3376 4141 3593 4192 nomen,
3621 4139 3781 4195 genus,

2221 4220 2414 4292 patria,
2445 4228 2596 4287 actas,
2628 4235 2717 4275 res
2738 4227 2922 4289 gestae,
2953 4221 3152 4291 scripta
3181 4235 3303 4289 qua:
3334 4225 3568 4284 exstant,
3589 4229 3784 4287 quasque

2223 4312 2615 4381 desiderantur,
2656 4321 2713 4368 et
2746 4313 2850 4367 alia
2878 4327 2999 4383 qua:
3031 4313 3205 4383 ipsum
3235 4313 3534 4381 attingunt;
3561 4309 3783 4366 sanctitas

2222 4418 2467 4474 quoque,
2499 4420 2563 4461 ac
2595 4404 2801 4471 cultus;
2834 4420 3047 4460 necnon
3069 4410 3124 4459 et
3152 4403 3423 4458 Doctrina:
3461 4402 3719 4471 integritas
3737 4398 3784 4452 in

2222 4496 2541 4566 quibusdam
2570 4495 2781 4552 dicendi
2810 4496 2984 4551 modis
3008 4535 3021 4560 ,
3071 4496 3167 4565 qui
3207 4495 3439 4550 fortasse
3474 4505 3680 4549 movere
3702 4488 3784 4544 ali-

2222 4602 2383 4657 quem
2412 4597 2651 4659 possent.
2695 4588 2875 4644 Habes
2895 4589 3074 4658 igitur,
3100 4589 3304 4659 optime
3330 4588 3523 4654 lector,
3552 4585 3681 4642 unde
3703 4598 3782 4638 vo-

533 4656 685 4713 vides
713 4668 845 4729 quot
876 4662 1171 4733 qualesque
1207 4665 1575 4734 adversarios,
1616 4677 1731 4725 tum
1756 4680 1971 4739 nostrae,
2003 4680 2119 4728 tum
2146 4682 2196 4743 ι)
2223 4656 2439 4735 luminis
2476 4681 2675 4735 molem
2698 4721 2713 4747 ,
2746 4656 3008 4735 etiam‘in
3054 4656 3248 4748 exiguo
3296 4694 3452 4735 sacro
3500 4692 3634 4748 penu
3663 4669 3783 4745 quod

535 4750 829 4818 superioris
863 4753 1039 4809 aetatis
1060 4793 1076 4819 ,
1119 4754 1380 4826 impetere
1414 4761 1721 4816 necessario
1766 4777 1901 4832 opus
1936 4761 2117 4832 fuerit,

536 4840 661 4895 dum
699 4843 1037 4914 propositum
1063 4853 1205 4901 esset
1230 4863 1330 4919 pro
1370 4848 1530 4906 Nicea
1570 4866 1666 4907 seu
1703 4850 1889 4909 Niceta
1935 4864 2121 4911 nostro

536 4930 865 5000 Aquileiensi
891 4934 1145 5003 scribere,
1176 4945 1233 4993 et
1258 4940 1333 4994 ita
1352 4939 1407 4994 in
1433 4940 1625 4996 eodem
1646 4957 1842 4997 novum
1862 4944 2123 5013 quodam-

535 5023 698 5079 modo
727 5032 968 5082 statuere
992 5029 1167 5098 quinti
1187 5032 1368 5087 saeculi
1395 5034 1714 5104 scriptorem
1734 5043 1788 5091 et
1819 5033 2034 5092 Patrem
2055 5053 2124 5095 ex

536 5115 789 5184 operibus
825 5132 946 5187 quae
977 5119 1166 5189 alteri,
1197 5123 1465 5195 longeque
1484 5126 1553 5180 ab
1582 5126 1666 5180 his
1688 5128 1996 5195 regionibus
2019 5146 2122 5201 po-

2223 4773 2460 4839 exhibet,
2493 4788 2601 4828 non
2629 4772 2859 4828 molesto
2888 4773 3068 4827 animo
3094 4771 3265 4826 feras:
3292 4770 3462 4826 habes
3489 4770 3644 4826 etiam
3668 4764 3781 4820 unde

2225 4861 2623 4917 Dissertationis
2664 4871 2863 4918 nostrae
2902 4863 3222 4932 gravitatem
3269 4862 3431 4917 simul
3458 4870 3515 4917 et
3538 4857 3782 4916 materiam

2224 4954 2392 5008 veluti
2421 4969 2489 5009 ex
2516 4954 2702 5011 limine
2730 4955 3017 5010 intuearis:
3049 4970 3193 5010 nunc
3213 4954 3452 5023 singula,
3497 4969 3595 5025 pro
3622 4952 3781 5007 huma-

2228 5030 2395 5099 nitate
2423 5052 2535 5111 tua,
2558 5043 2791 5115 benigne
2818 5044 3065 5101 lustrato.

535 5212 3764 5246 Μ

703 5290 1176 5379 ΝΟΤΙΤΙΑ
1249 5298 2652 5391 HISTORICO-LITTERARIA
2724 5310 2851 5393 IN
2923 5310 3017 5394 S.
3092 5305 3643 5396 NICETAM.

1738 5436 2037 5490 AUCTORE
2089 5434 2615 5496 SCHOENEHANNO.

1474 5535 1566 5601 (Ex
1587 5536 1782 5589 Schem.
1817 5538 2048 5591 Biblioth.
2098 5542 2218 5595 hist.
2261 5545 2355 5596 litt.
2376 5545 2513 5599 Patr.
2538 5546 2645 5601 Lat.
2670 5555 2792 5601 tom.
2815 5548 2907 5616 II.)

1960 5630 2371 5648 -

606 5765 686 5825 lta
723 5778 873 5827 recte
907 5773 1071 5831 scribi
1087 5682 1301 5831 vidit;
1330 5683 1530 5834 Issen
1555 5779 1796 5852 episcopi
1832 5781 1975 5839 illius
2003 5782 2119 5841 Ro-

514 5864 517 5867 ’
611 5882 690 5949 (α)
716 5881 942 5942 Variant
966 5888 1154 5958 quavis
1198 5887 1310 5947 fere
1348 5894 1630 5952 occasione
1674 5902 1730 5953 et
1768 5895 1824 5953 in
1868 5899 2117 5960 omnibus

2231 5697 2476 5766 matiani,
2499 5697 2592 5768 qui
2619 5696 2813 5754 Niceas
2841 5700 2988 5755 andit
3026 5714 3057 5755 a
3084 5698 3367 5758 Gennadio
3392 5704 3490 5776 (α).
3520 5701 3681 5757 Gente
3703 5696 3787 5753 οι-

2230 5804 2327 5845 cus
2354 5789 2455 5845 fuit
2482 5790 2611 5846 etin
2649 5791 2823 5862 patria
2862 5790 3197 5848 Romatiamc
3240 5794 3474 5850 civitatis
3513 5794 3780 5864 episcopus.

2225 5920 2363 5975 pene
2391 5924 2521 5965 mss.
2554 5887 2801 5977 nomina,
2836 5907 3078 5992 Nicwas,
3121 5909 3347 5979 Niceas,
3389 5909 3624 5978 Nicetas,
3648 5906 3782 5966 Νεω-
