3924 6368
192 355 290 414 8U

977 349 1246 409 NOTI'I‘IA
1287 349 2097 410 IIIS’I‘ORICO—LI'I‘TERARIA
2139 347 2202 406 ΙΝ
2232 352 2290 408 S.
2333 350 2654 412 NICETAM.

3375 359 3480 418 842

190 463 274 522 Bx
301 461 530 520 Paulino
555 462 761 520 Nolano
791 461 1054 529 novimus,
1083 479 1227 527 eum,
1263 477 1383 517 cum
1417 463 1468 517 in
1504 463 1697 518 itinere
1727 464 1780 517 in
1808 471 1860 527 Α
1885 462 1940 515 in
1973 461 2122 517 libris
2149 462 2217 517 de
2244 459 2568 522 Pwnitentia
2598 465 2948 535 impugnavit,
2982 469 3320 536 accedentes,
3368 489 3478 529 non

185 559 403 617 Italiam
424 558 570 617 facto
597 557 826 614 Romam
855 558 1175 621 transiisset,
1218 557 1512 613 multorum
1540 558 1595 612 in
1627 571 1685 612 se
1714 556 1787 612 ibi

188 649 604 708 admirationem
632 649 877 705 traxisse.
905 647 1042 704 Tum
1061 663 1192 704 vero
1220 649 1384 705 etiam
1417 649 1584 722 (quod
1608 664 1660 704 a.
1685 646 1788 704 598

188 744 408 816 accidit)
437 743 628 801 Nolam
656 743 885 799 accessit
913 749 968 798 et
995 741 1060 797 ad
1083 741 1388 813 sepulcrum
1423 739 1479 796 S.
1506 739 1698 798 Felicis
1730 756 1787 796 se

185 838 441 906 contulit,
472 837 758 907 invisitque
783 834 1067 891 Paulinum
1091 844 1146 890 et
1176 836 1229 890 in
1253 835 1373 905 ejus
1395 835 1633 890 animum
1659 850 1789 891 sane

185 929 631 986 candidissimum
656 927 795 985 adeo
834 943 956 984 sese
996 927 1321 992 insinuavit,
1351 935 1411 982 ut
1437 927 1528 984 ille
1555 927 1788 984 reditum

185 1023 307 1093 ejus
336 1024 394 1079 in
423 1023 640 1080 Daciam
669 1022 927 1092 singulari
966 1029 1226 1093 poemate
1267 1037 1412 1078 nunc
1455 1037 1671 1093 quoque
1698 1038 1789 1078 su-

186 1116 420 1188 perstite
447 1122 884 1186 prosequeretur,
917 1113 1065 1184 quod
1097 1113 1205 1169 late
1227 1113 1466 1183 insignes
1493 1115 1688 1170 mentis
1707 1123 1789 1170 at-

185 1221 295 1276 que
326 1207 494 1262 animi
515 1205 683 1278 ipsius
719 1206 877 1262 dotes
905 1204 1140 1275 explicat
1167 1205 1540 1275 imprimisque
1565 1220 1688 1261 eum
1717 1206 1786 1260 ab

185 1297 388 1354 ardore
435 1299 489 1354 in
543 1297 882 1369 prtedicando
927 1313 1023 1368 per
1069 1297 1359 1361 barbaras,
1402 1311 1522 1367 qua:
1569 1297 1786 1352 Daciam

187 1389 529 1456 obtinebant,
561 1400 748 1460 gentes
776 1389 1068 1460 Evangelio
1097 1390 1329 1445 extollit.
1360 1389 1546 1460 Neque
1574 1398 1789 1462 poterat

185 1482 410 1539 Nicetas
438 1499 547 1539 non
572 1483 872 1540 concedere
899 1484 1057 1538 amici
1087 1484 1357 1555 precibus,
1390 1499 1500 1554 quo
1527 1485 1704 1540 minus
1731 1485 1786 1541 in

185 1576 432 1632 secundo
475 1592 573 1633 suo
611 1576 680 1632 ad
721 1577 853 1632 istas
902 1583 1074 1632 terras
1115 1592 1335 1634 accessu
1381 1578 1455 1649 (a.
1488 1576 1613 1650 402)
1644 1579 1788 1650 apud

186 1669 366 1741 ipsum
411 1671 607 1726 iterum
651 1671 984 1727 subsisteret.
1036 1669 1115 1726 Ex
1145 1670 1444 1727 Innocentii
1482 1670 1505 1724 ι
1546 1671 1789 1743 epistolis

185 1769 364 1834 patet,
389 1777 516 1819 eum
543 1778 593 1817 a.
626 1761 730 1816 414
756 1763 930 1818 adhuc
957 1763 1012 1818 in
1041 1763 1177 1818 vivis
1201 1761 1366 1819 fuisse
1395 1761 1494 1834 (a).
1521 1761 1785 1819 Caeterum

1890 552 2083 621 majori
2105 557 2226 624 jure
2245 565 2555 628 competere
2581 555 2783 613 dudum
2809 557 2953 614 inter
2976 559 3217 618 eruditos
3257 578 3481 634 operum

1890 645 2008 716 ejus
2026 660 2282 704 censores
2306 649 2571 704 creditum
2599 659 2702 706 est.
2735 647 2832 706 His
2855 664 3073 722 quoque
3101 649 3475 724 Bellarminus,

1890 737 2215 798 Posseviuus
2237 783 2250 807 ,
2282 741 2508 799 Riverns
2535 753 2591 799 et
2616 745 2894 814 aequiores
2920 745 3080 817 hujus
3105 749 3320 818 generis
3347 753 3481 808 scri-

1891 843 2073 905 ptores
2119 839 2430 894 concinunt.
2479 839 2676 896 Nicette
2719 842 2940 912 primus,
2972 842 3028 898 ni
3071 843 3261 914 fallor,
3294 846 3482 903 tribuit

1889 925 2130 985 Joannes
2164 929 2406 1001 Baptista
2433 929 2734 989 Cotelerius
2763 935 2868 1006 (c),
2901 950 2934 990 a
2969 950 3078 1005 quo
3125 952 3285 994 nemo
3325 938 3484 996 dein-

1889 1035 2018 1092 ceps
2044 1029 2242 1092 pmter
2281 1021 2527 1078 laudatos
2567 1021 2840 1081 Maurinos
2871 1023 3061 1082 Patres
3091 1027 3363 1085 dissensit.
3415 1029 3484 1088 Hi

1889 1129 2040 1181 vero,
2072 1122 2131 1169 ut
2175 1115 2461 1171 Ambrosio
2503 1115 2860 1184 vindicarent,
2907 1129 3221 1188 argumenta
3264 1122 3380 1178 hazc
3426 1123 3484 1178 in

1890 1207 2122 1262 medium
2153 1206 2490 1263 adduxerunt
2518 1225 2530 1261 :
2556 1207 2780 1272 scilicet,
2804 1216 2863 1263 ut
2883 1209 3102 1266 haeresis
3122 1221 3306 1268 notam
3327 1229 3484 1270 aven-

1889 1305 2094 1364 terent,
2125 1298 2457 1366 locutiones,
2487 1313 2607 1369 qua:
2655 1298 2711 1353 in
2739 1299 2832 1355 illo
2871 1310 3165 1358 occurrunt
3201 1302 3480 1369 duriores,

1890 1405 1999 1446 non
2028 1390 2136 1446 alio
2164 1390 2391 1447 consilio
2420 1391 2569 1446 aiunt
2597 1407 2717 1448 esse
2755 1391 3050 1458 adhibitas,
3082 1409 3242 1465 quam
3269 1405 3328 1451 ut
3362 1413 3482 1452 ma-

1881 1481 2058 1552 jorem
2079 1498 2349 1540 commissn
2370 1485 2617 1555 propudii
2638 1485 2919 1541 horrorem
2940 1485 3281 1552 incutientes,
3305 1496 3485 1546 acrius

1889 1573 1957 1628 ad
1997 1575 2326 1643 paenitentiae
2363 1590 2528 1646 opera
2571 1575 2775 1631 fontem
2813 1577 3129 1643 excitarent,
3174 1577 3483 1634 ellicerent-

1889 1681 1994 1737 que
2023 1683 2091 1724 ne
2120 1669 2205 1724 vel
2242 1670 2462 1740 propria
2505 1670 2751 1736 mollitie,
2801 1671 2888 1726 vel
2935 1671 3257 1728 remissioris
3299 1672 3485 1743 cujus-

1889 1759 2033 1830 piam
2062 1759 2302 1816 doctoris
2349 1761 2696 1830 indulgentia,
2722 1761 3045 1834 quandoque
3073 1765 3142 1820 ab
3171 1765 3487 1822 austeritate

185 1855 512 1911 memoriam
553 1854 671 1924 ejus
699 1854 857 1910 valde
892 1854 1233 1911 conturbavit
1281 1855 1576 1922 Baronius,
1607 1856 1786 1912 diver-
1819 1857 1868 1918 Β
1891 1851 2059 1906 semel
2088 1861 2339 1923 suscepta
2361 1861 2726 1908 revocaretur.
2754 1853 2834 1909 Ita
2856 1870 2987 1910 vero
3009 1865 3286 1913 auctorem
3309 1857 3485 1928 ipsam

183 1963 308 2004 sum
349 1963 584 2004 censens
626 1947 870 2004 Nicetam
917 1947 1141 2010 Dacum,
1185 1946 1341 2017 cujus
1381 1948 1586 2004 mentio
1634 1946 1692 2003 lit
1734 1948 1788 2004 in

185 2039 582 2112 Iartyrologio
610 2040 856 2096 Romano
901 2040 968 2096 ad
1015 2041 1159 2096 diem
1190 2040 1222 2093 7
1249 2039 1508 2107 Januarii,
1541 2057 1572 2096 a
1611 2041 1788 2098 Niaca

185 2131 459 2189 Gennadii
489 2133 822 2189 Romatiana:
849 2133 1084 2189 civitatis
1111 2133 1387 2204 episcopo,
1435 2132 1588 2203 cujus
1615 2133 1786 2205 depo-

186 2229 315 2284 sitio
359 2236 585 2284 notatur
609 2227 678 2284 ad
720 2227 862 2283 diem
903 2226 974 2280 22
996 2227 1167 2297 junii,
1200 2227 1342 2284 hunc
1369 2243 1500 2283 vero
1541 2228 1788 2284 eumdem

185 2333 308 2376 esse
335 2327 493 2374 ratus
518 2334 640 2375 cum
670 2317 844 2374 Nicaea
882 2317 1270 2390 Hypodiacono
1311 2319 1672 2390 Aquileiensi,
1695 2320 1789 2389 qui

185 2427 235 2466 a.
266 2410 379 2466 458
404 2412 617 2468 litteras
643 2427 675 2466 a
705 2411 886 2467 Leone
924 2410 994 2465 Μ.
1027 2412 1254 2483 accepit,
1289 2427 1386 2483 per
1421 2410 1623 2482 grande
1649 2420 1787 2467 tem-

183 2507 338 2579 poris
387 2506 731 2562 intervallum
759 2505 964 2562 scilicet
989 2506 1058 2560 ab
1098 2506 1204 2561 isto
1229 2504 1409 2562 oliicio
1436 2505 1503 2561 ad
1551 2505 1790 2577 episcopi

184 2596 512 2666 dignitatem
541 2606 748 2654 evecto.
782 2596 952 2664 Quam
975 2597 1030 2653 in
1059 2613 1174 2653 rem
1195 2597 1420 2654 mirifice
1447 2612 1508 2654 se
1534 2598 1712 2664 torsit,
1732 2605 1792 2653 ut

186 2687 533 2746 Homatiana:
570 2689 802 2746 civitatis
847 2689 1064 2746 nomine
1110 2688 1414 2760 Aquileiam
1464 2688 1791 2760 appellatam

183 2795 305 2838 esse
337 2781 758 2838 demonstraret.
782 2778 888 2836 Sed
917 2781 1030 2836 hazc
1051 2781 1233 2837 omnia
1266 2795 1404 2836 vana
1438 2795 1559 2836 esse
1588 2779 1788 2836 dudum

183 2875 284 2931 viri
315 2874 472 2931 docti
500 2874 1022 2932 animadverterunt.
1052 2887 1282 2944 quorum
1313 2883 1564 2930 accurata
1602 2872 1792 2944 explo-

183 2966 404 3022 ratione
447 2974 656 3022 tantum
698 2965 810 3036 jam
849 2965 1102 3022 ellectum
1148 2973 1251 3033 est,
1303 2973 1366 3020 ut
1411 2963 1790 3020 Romatianam

183 3057 472 3118 civitatem
515 3059 568 3113 in
618 3058 780 3115 Dacia
833 3057 1227 3116 Mediterranca
1275 3074 1374 3115 seu
1403 3057 1618 3125 Hmsia,
1653 3058 1792 3114 inter

185 3149 448 3207 Naissum
467 3159 526 3207 et
550 3149 824 3222 Sardicam
851 3151 1216 3221 quairendam,
1242 3160 1298 3207 et
1325 3151 1565 3208 Nicetam
1591 3150 1787 3207 Roma-

1890 1944 1957 1999 ad
1988 1947 2357 2015 paenitentiam
2387 1947 2656 2018 publicam
2684 1948 3013 2016 stimulasse,
3050 1959 3110 2005 ut
3142 1951 3299 2006 simul
3326 1960 3486 2007 teter-

1891 2055 1988 2094 nas
2017 2055 2204 2110 pmnas
2244 2040 2480 2096 evitandi
2518 2056 2614 2112 spe
2641 2041 2966 2098 sublevaret.
3011 2041 3216 2111 Quibus
3257 2044 3482 2110 addunt,

1888 2130 2053 2188 fuisse.
2089 2131 2360 2202 quondam
2389 2131 2644 2188 Ecclesiae
2685 2149 2923 2200 morem,
2956 2143 3015 2189 ut
3046 2135 3311 2191 atrocium
3348 2150 3485 2206 quo—

1886 2225 2134 2280 rumdam
2163 2225 2451 2281 criminum
2478 2227 2587 2281 reis
2615 2241 2683 2282 ne
2721 2227 2774 2280 in
2817 2233 2992 2282 morte
3019 2226 3238 2295 quidem
3265 2227 3486 2282 veniam

1889 2326 1945 2372 et
1971 2317 2467 2373 reconciliationem
2495 2319 2888 2384 concederent,
2921 2318 3253 2389 proindeque
3282 2323 3485 2375 Aucto-

1889 2423 2006 2464 rem
2034 2409 2175 2464 inter
2199 2425 2263 2465 ea
2293 2409 2519 2466 crimina
2546 2419 2602 2466 et
2637 2410 2744 2466 hoc
2781 2409 3043 2466 Susanna:
3080 2409 3341 2481 ﬂagitium
3368 2412 3487 2468 sine

1892 2499 1998 2554 ulla
2027 2501 2231 2557 erroris
2257 2510 2386 2556 nota
2415 2500 2618 2558 referre
2646 2501 2909 2573 potuisse.
2943 2501 3154 2574 Stylum
3179 2502 3488 2559 concedunt

1891 2606 2003 2646 non
2027 2591 2246 2647 omnino
2285 2592 2700 2648 Ambrosianum
2729 2609 2881 2658 esse,
2915 2609 3040 2650 nam
3067 2603 3313 2652 sanctum
3343 2609 3491 2666 pra:-

1890 2686 2063 2741 sulem
2089 2687 2252 2742 etiam
2283 2687 2374 2742 ubi
2411 2688 2713 2743 orationem
2741 2687 2995 2743 adhibeat
3034 2687 3268 2744 maxime
3297 2688 3485 2744 conci-

1891 2785 2079 2845 tatam,
2129 2779 2306 2834 minus
2350 2778 2532 2835 densis
2571 2796 2634 2836 ac
2679 2779 2933 2835 brevibus
2979 2779 3160 2836 incisis
3205 2781 3309 2847 uti.
3349 2779 3489 2836 Tum

1887 2868 2133 2938 judicant
2159 2872 2482 2927 sententiam
2511 2871 2820 2942 quamdam,
2848 2887 3012 2941 quam
3053 2870 3190 2927 Rob.
3223 2870 3402 2928 Cocus
3430 2873 3489 2928 in

1893 2959 2126 3018 Censura
2154 2978 2252 3018 sua
2281 2970 2558 3033 tamquam
2587 2961 2848 3019 doctrina:
2877 2960 3196 3019 Christianae
3223 2979 3254 3020 e
3281 2963 3488 3020 diame-

1893 3062 1978 3111 tro
2005 3056 2286 3112 adversam
2319 3055 2609 3125 obiecerat,
2643 3055 2832 3111 iisdem
2859 3071 2998 3126 pene
3021 3055 3276 3111 verbis-in
3306 3055 3445 3112 libro
3469 3071 3489 3112 ι

1892 3145 1962 3203 de
1999 3146 2319 3217 Virginitate
2365 3146 2488 3215 legi.
2536 3143 2748 3208 Porro,
2784 3144 2930 3214 quod
2977 3143 3176 3202 Nicetaa
3215 3144 3490 3200 tribuatur

185 3249 402 3297 uanum
431 3241 489 3297 in
508 3241 669 3298 Dacia
696 3250 900 3304 natum,
927 3258 1056 3306 non,
1087 3257 1208 3312 quae
1231 3241 1405 3298 fuerat
1425 3242 1602 3298 media
1631 3242 1790 3299 Tille-
1819 3237 1864 3301 C
1897 3239 2086 3296 similis
2114 3239 2415 3310 argumenti
2445 3238 2706 3310 epistola,
2740 3237 2873 3291 nihil
2901 3235 3103 3294 referre
3129 3243 3319 3306 putant
3343 3253 3358 3302 ;
3387 3251 3489 3307 pov-

184 3333 388 3390 tnontii
429 3333 718 3400 sententia,
748 3349 817 3390 ex
845 3333 1172 3404 Aquileiensi
1200 3333 1348 3390 clero
1391 3332 1458 3388 ad
1487 3333 1628 3388 illius
1655 3333 1786 3390 civi-

189 3427 325 3484 tatis
353 3426 729 3499 episcopatum
747 3435 1033 3484 evocatum
1061 3425 1248 3496 fuisse,
1274 3434 1554 3482 teneamus
1581 3424 1682 3497 (ὁ).

798 3560 826 3634 §
866 3559 930 3615 ιι.
973 3553 1202 3632 Scripta.

261 3694 590 3770 Composuit
624 3705 763 3754 teste
799 3694 1079 3752 Gennadlo
1117 3695 1346 3768 simplici
1383 3704 1439 3753 et
1465 3696 1636 3754 nitido
1670 3712 1787 3754 ser-

190 3804 362 3846 mone
383 3788 786 3860 conspetentibus
813 3787 883 3842 ad
915 3787 1234 3860 Baptismum
1259 3789 1616 3844 instructioni:
1649 3789 1797 3845 libel-

191 3883 272 3937 los
301 3897 402 3936 sea:
429 3887 486 3937 et
513 3880 582 3935 ad
610 3881 812 3952 lapsam
839 3881 1084 3953 virginem
1111 3880 1339 3936 libellum
1360 3919 1376 3944 ,
1407 3897 1538 3952 pene
1558 3880 1797 3936 omnibus

190 3972 492 4028 labentibus
529 3974 860 4027 incentivum.
892 3972 973 4027 llli
1009 3972 1273 4044 deperditi
1309 3981 1434 4027 sunt
1488 3981 1545 4029 et
1589 3973 1795 4028 solum-

190 4066 365 4122 modo
385 4081 456 4122 ex
477 4066 806 4135 argumentis
830 4082 862 4120 a
880 4064 1161 4122 Gennadio
1200 4065 1449 4130 indicatis
1475 4074 1794 4124 noscuntur.

192 4157 358 4214 Hunc
396 4172 682 4229 superesse
707 4165 897 4229 putant
932 4158 1074 4213 inter
1104 4157 1375 4213 Ambrosii
1401 4165 1458 4213 et
1484 4156 1797 4230 Hieronymi

191 4265 391 4323 opera.
437 4249 696 4306 Nimirum
736 4250 878 4305 inter
903 4249 1161 4320 epistolas
1199 4248 1507 4321 Hieronymi
1547 4265 1653 4305 una
1697 4264 1794 4305 oc-

191 4342 372 4398 currit
399 4341 558 4396 titulo
586 4338 976 4412 Objurgationis
1005 4340 1076 4394 ad
1104 4339 1401 4396 Susannam
1430 4341 1650 4411 lapsam,
1682 4355 1799 4394 ma-

191 4433 403 4489 nifesto
421 4433 632 4504 spuria;
662 4447 786 4487 nam
813 4432 881 4486 ab
901 4433 1156 4503 episcopo
1177 4432 1533 4502 compositam
1562 4447 1681 4488 esse
1701 4447 1798 4503 ap-

193 4533 380 4599 paret,
417 4540 580 4596 quam
603 4525 920 4594 dignitatem
949 4523 1306 4596 Hieronymus
1335 4538 1622 4593 numquam
1651 4538 1799 4580 asse-

193 4628 362 4676 cutus
404 4626 508 4673 est.
549 4616 752 4672 Eadem
791 4632 920 4672 vero
961 4617 1104 4672 inter
1139 4616 1494 4672 Ambrosiana
1531 4615 1802 4686 reperitur

1900 3335 2065 3390 tuisse
2120 3334 2262 3390 enim
2319 3347 2569 3404 peraeque
2617 3329 2902 3386 Ambrosio
2946 3328 3291 3386 occasionem
3346 3326 3490 3384 illius

1896 3417 2164 3486 scribendi
2213 3427 2391 3491 nasci,
2423 3425 2562 3481 sicut
2591 3432 2646 3480 et
2674 3423 2854 3478 Basilii
2886 3431 3061 3478 exstet
3087 3421 3316 3492 epistola
3344 3421 3492 3491 ejus-

1897 3517 2021 3574 dem
2049 3517 2288 3572 materim
2329 3524 2384 3571 et
2412 3514 2760 3586 epigraphes,
2791 3520 2848 3568 et
2879 3512 2925 3568 si
2961 3511 3103 3583 apud
3150 3513 3325 3582 ipsum
3354 3510 3489 3566 Am-

1895 3609 2138 3666 brosium
2166 3611 2317 3678 virgo
2344 3606 2547 3662 Indicia
2590 3605 2708 3662 falsi
2742 3604 2980 3660 criminis
3017 3603 3258 3660 accusari
3298 3610 3492 3673 potue-

1899 3701 1988 3767 rit,
2017 3700 2169 3770 juxta
2218 3698 2502 3770 epistolam
2539 3696 2606 3752 ad
2633 3696 2933 3770 Syagrium,
2975 3694 3215 3765 potuisse
3248 3701 3305 3750 et
3328 3693 3492 3749 aliam

1895 3793 2012 3849 veri
2038 3811 2051 3847 :
2083 3791 2317 3861 denique
2350 3804 2539 3845 omnes
2567 3789 2622 3844 in
2649 3787 2918 3842 Ambrosii
2947 3785 3165 3841 nomine
3199 3783 3496 3841 convenire

1896 3886 2064 3941 libros
2102 3899 2232 3940 mss.
2281 3889 2481 3955 praeter
2527 3897 2694 3937 unum
2739 3880 3118 3946 recentiorem,
3167 3879 3260 3948 qui
3299 3877 3496 3935 Joanui

1897 3975 2289 4050 Chrysostomo
2322 3974 2589 4030 tribuerit.
2621 3972 2780 4029 Hisce
2815 3972 2976 4040 igitur
2996 3970 3294 4027 rationibus
3336 3969 3494 4024 indu.

1899 4071 1973 4128 cti
2001 4071 2143 4127 inter
2163 4069 2425 4139 genuinos
2454 4066 2724 4122 Ambrosii
2752 4064 2890 4120 fetus
2911 4064 3262 4132 reliquerunt,
3294 4069 3348 4117 et
3369 4061 3498 4118 licet

1900 4161 2326 4234 improbaverint
2353 4158 2727 4214 Tillemontius
2754 4164 2810 4211 et
2837 4154 3150 4220 Vallarsius,
3182 4168 3292 4208 non
3335 4150 3496 4210 video

1902 4259 2103 4318 tamen,
2135 4252 2261 4308 novi
2289 4250 2581 4320 quidquam
2603 4247 2860 4304 momenti
2882 4245 2948 4302 ab
2973 4247 3038 4303 iis
3057 4252 3247 4302 contra
3273 4243 3496 4304 allatum

1903 4359 2020 4400 esse
2028 4386 2040 4398 .

2453 4455 2480 4525 §
2521 4451 2606 4508 III.
2650 4451 2936 4508 Editiones.

1977 4615 2187 4670 Dictum
2215 4621 2298 4668 est
2331 4627 2363 4666 a
2405 4610 2578 4675 nobis,
2611 4609 2752 4664 inter
2792 4607 3210 4680 Hieronymiana
3237 4619 3391 4676 atque
3432 4619 3497 4662 ac

195 4713 303 4768 sub
334 4711 555 4768 nomine
583 4709 855 4764 Tractatus
885 4709 954 4762 ad
974 4710 1220 4780 virginem
1251 4708 1471 4780 lapsam,
1497 4709 1653 4778 eique
1679 4724 1802 4764 cum
1833 4712 1883 4772 D
1907 4705 2175 4763 Ambrosii
2196 4718 2360 4774 opera
2389 4702 2494 4757 hoc
2533 4701 2852 4772 opusculum
2879 4699 3003 4770 legi.
3027 4699 3138 4756 Sed
3157 4699 3414 4770 quoniam
3440 4699 3501 4755 in

197 4811 435 4876 propter
461 4801 722 4857 orationis
759 4800 1204 4870 discrepantiam,
1237 4808 1351 4854 tum
1379 4799 1450 4855 ob
1473 4815 1664 4856 sensus
1681 4842 1696 4867 ,
1727 4801 1801 4855 ri-

197 4912 340 4972 gore
365 4912 468 4954 suo
493 4909 666 4968 prope
686 4895 750 4950 ad
789 4894 1143 4950 Novatianam
1189 4895 1467 4960 haeresim,
1511 4910 1674 4964 quam
1712 4894 1802 4949 ille

201 5048 284 5092 tus
317 5043 372 5092 et
403 5033 656 5090 Nicetius.
681 5033 898 5103 Interim
923 5033 1048 5089 Daci
1072 5032 1312 5103 episcopi
1335 5047 1529 5103 nomen
1560 5029 1802 5101 frequen-

201 5109 316 5162 tius
338 5104 554 5161 Nicetas
588 5113 645 5160 et
672 5102 906 5160 Nicetius
929 5100 1203 5174 exhibent,
1227 5100 1366 5157 sicut
1387 5100 1804 5174 Hypodiaconus

203 5177 472 5247 Aquileiae
533 5176 968 5247 constantissime
1024 5173 1218 5247 Niceas
1248 5172 1591 5247 “appellatur.
1631 5172 1804 5247 Apud

201 5242 546 5304 Génnadium
571 5247 732 5301 etiam
753 5247 808 5300 in
830 5246 1137 5300 admirando
1159 5242 1422 5299 codice’ad
1443 5242 1502 5298 S.
1522 5242 1802 5298 Andraéam

203 5320 270 5372 de
310 5316 460 5372 Valle
486 5315 729 5372 Nicetam
766 5333 871 5371 non
903 5313 1123 5371 Niceam
1149 5315 1303 5371 scribi
1333 5322 1560 5370 testatur
1588 5314 1803 5371 Holste-

204 5389 345 5460 nius,
363 5388 602 5460 in‘Notis
628 5388 931 5460 posthumis
944 5387 1031 5460 _ad
1040 5385 1478 5460 Martyrologium
1501 5383 1804 5460 Romanum

1908 4799 2133 4856 diversis
2160 4811 2301 4866 saepe
2328 4795 2664 4849 diversarum
2684 4791 2981 4848 editionum
3009 4792 3170 4848 tomis
3197 4791 3499 4863 deprehen-

1907 4893 2069 4956 ditur,
2100 4887 2393 4946 lectoribus
2411 4885 2528 4956 ejns
2548 4885 2774 4941 curiosis
2795 4883 2992 4940 indicio
3012 4884 3193 4953 aliquo
3211 4882 3501 4940 subvenire

1908 5029 1996 5095 I7,
2027 5043 2078 5082 a.
2110 5025 2233 5092 4M»,
2261 5024 2413 5096 juxta
2441 5024 2798 5096 Constantiam
2825 5021 3100 5096 ρας-2855.

1981 5091 2056 5173 (ὁ)
2107 5091 2387 5173 Inter'h_os_
2418 5093 2734 5173 numerandi
2773 5091 3232 5173 suntllolslterﬂus
3271 5091 3327 5145 in
3367 5091 3500 5173 l._.l.,

1908 5159 2231 5242 Quesnellus
2257 5169 2323 5223 ad
2364 5167 2560 5242 Leonis
2588 5163 2658 5218 M.
2688 5161 2984 5242 Epistolam
3009 5160 3094 5228 79,
3126 5159 3507 5242 'I‘illemontius

1908 5230 1963 5297 ἰῖι
1995 5239 2265 5297 Memoriis
2293 5247 2442 5294 tomo
2487 5233 2554 5300 X,
2580 5247 2702 5304 pag.
2736 5230 3075 5304 '62lwseqq.,
3106 5239 3169 5304 et
3210 5230 3506 5304 novissime

1910 5312 2224 5386 Βιώωιρξλίη
2275 5309 2514 5386 Monum.
2542 5297 2705 5386 Eccl._
2741 5297 3069 5386 Agaue-hic.
3101 5300 3190 5386 3.7,
3232 5315 3356 5386 pag.
3376 5297 3501 5386 Δ151

1909 5398 2060 5454 seqq.
2090 5382 2198 5438 Illis
2240 5380 2668 5454 tameninsyper
2691 5369 2888 5454 habitis
2925 5369 3140 5428 Baronii
3179 5369 3508 5454 sententiam

207 5442 350 5538 apud
399 5442 795 5538 florentinium
839 5467 895 5514 et
939 5442 1642 5524 Bollandi'contvinuatores,
1690 5457 1807 5512 lau-
1914 5442 2193 5538 amplexus
2221 5461 2303 5538 est
2329 5459 2385 5506 et
2414 5442 3125 5538 ‘inAcpmmentgi‘o‘s-suos
3163 5442 3306 5498 nude
3351 5451 3506 5498 tran-

206 5513 375 5585 dante
399 5513 639 5601 Rubzco.
715 5513 749 5514 ᾗ
882 5513 885 5514 ν
995 5513 1003 5514 ί
1411 5599 1418 5601 _
1693 5599 1700 5601 _
1768 5598 1778 5601 _
1913 5513 2127 5601 scripsit
2146 5522 2386 5601 Oudinus
2403 5529 2544 5601 tom.
2573 5517 2764 5601 1,.pag.
2799 5513 2936 5601 l2“?
2961 5528 3148 5601 seqqu
3179 5600 3184 5601 γ
3315 5584 3350 5601 υ

284 5583 370 5674 (αῇ
395 5583 617 5674 Sciliiiet
643 5615 751 5656 non
766 5601 949 5674 solum;
969 5601 1024 5674 in
1044 5601 1230 5674 ep._ad
1259 5596 1808 5674 blarcianunt_Naiss_i-
1989 5583 2059 5674 (uel)
2088 5594 2146 5674 I_n
2179 5595 2321 5674 notis
2354 5592 2422 5674 ad
2449 5583 2875 5674 Co‘ngtituliqbeg
2890 5583 3282 5674 Δᾼρρὲὸξρνιξιξὶ
3311 5583 3512 5674 λψρ-ξε

211 5651 790 5728 ῑειιῖὖίηὴἆῖῇξιῖνὲῆἠξ
802 5651 1024 5737 ἶ..)ίῦῧῖ
1039 5651 1107 5727 utr
1118 5651 1494 5727 videamini;
1506 5651 1729 5739 “judicat—
1740 5651 1810 5724 de
1915 5683 1964 5722 c.
1991 5651 2077 5720 37.
2109 5664 2485 5739 In‘novissima
2507 5658 2611 5714 PP.
2635 5651 3067 5739 Apostolicoj‘mm
3091 5654 3177 5739 ed.
3202 5653 3289 5739 io.
3309 5651 3513 5739 (aprici

212 5722 1342 5817 sagacitas;magnanimam
1354 5722 1810 5817 ξὸῐιξιξὶιὶῑειρίιςί
1919 5736 2215 5817 Αεηειειρει-
2264 5733 2449 5817 17:24:.
2469 5742 2598 5816 ιριιι-
2644 5722 2850 5817 ιεἠεξε-
2880 5724 3014 5794 εδει
3059 5734 3174 5783 ηοε-
3208 5723 3296 5784 ¹⁴ο
3328 5722 3512 5784 "im

211 5798 379 5884 quem
431 5798 620 5887 exstat
647 5798 840 5879 n.vxvt,
871 5798 989 5887 ῥᾶῤ.
1023 5798 1170 5887 822),
1199 5813 1295 5887 sed
1336 5814 1498 5887 etiam
1527 5798 1669 5887 inter
1697 5798 1812 5887 épi-
1919 5810 2003 5866 ed.
2028 5809 2302 5881 prodierat
2329 5798 2548 5863 Parisiis
2577 5820 2625 5859 a.
2659 5798 2815 5856 1672.

213 5883 412 5958 scopas
440 5885 762 5946 Hacedones
787 5883 1096 5943 recen'setur
1122 5883 1175 5941 in
1197 5885 1545 5954 inscriptione
1571 5883 1812 5954 epistolae

503 5981 786 6046 Panos.
821 5979 953 6042 Lll.

2987 5966 3079 6046 at
