3924 6368
365 337 368 342 ’
463 366 572 424 sit

384 5305 393 5368 ἶ
462 5305 785 5375 Βυήιῖιήἰσίἱε
797 5305 1146 5376 ·ιεειαιιιε’θέῐ

1423 346 1514 412 ns
1551 356 1610 414 s.
1651 352 1901 412 NICETA
1941 317 2272 412 versuum
2310 351 2738 412 rss'rmom.

3633 343 3736 415 ut

463 482 810 538 studebimus.
842 477 901 532 Id
926 491 1055 533 vero
1082 481 1208 530 ante
1247 473 1434 529 omnia
1475 472 1828 527 animadverti
1857 471 2035 537 velim,
2066 472 2120 532 Λ
2143 479 2223 544 tat
2250 486 2371 526 cum
2393 469 2779 542 Hypodiacono
2801 467 3151 540 Aquileiensl,
3174 462 3268 539 qui
3300 481 3424 524 cum
3460 465 3732 523 familiaris

464 577 516 630 in
545 560 854 644 Hieronymi
882 566 1208 624 editionibus
1243 565 1454 620 initium
1495 578 1614 620 esse
1641 562 1672 618 a
1707 563 1884 619 verbis
1905 561 2042 618 Puto

463 666 620 720 levius
636 677 747 718 esse
763 651 974 724 crimat,
997 671 1119 728 qua:
1137 671 1260 714 cum
1283 655 1629 727 sequentibus
1649 669 1820 724 usque
1839 651 1908 708 ad
1927 650 2037 720 illa,

461 767 745 824 evaporans
772 758 987 821 praestat
1010 748 1338 820 refrigerium
1367 746 1621 818 passioni,
1652 744 1707 799 in
1732 743 2042 799 Ambrosia-

462 845 547 900 nis
571 841 846 908 deﬁciunt,
877 839 970 896 ubi
997 839 1317 910 principium
1344 853 1539 894 sonare
1564 836 1723 903 solet,
1744 835 1933 890 Audite
1957 836 2044 916 qui

463 951 624 1006 prope
661 933 806 988 estis.
848 931 910 987 In
948 931 1185 987 editione
1224 929 1520 985 lituorum
1557 925 1877 984 Erasnn'ana
1917 925 2039 981 Bas.

461 1022 600 1078 1516
629 1029 810 1078 exstat
843 1030 980 1077 tomo
1014 1020 1092 1088 ιι,
1124 1020 1218 1093 fol.
1249 1017 1440 1074 81-85.
1470 1038 1492 1072 s
1522 1019 1679 1074 Dictu
1704 1018 1900 1074 mirmn
1937 1024 2041 1082 est,

458 1117 646 1172 scribit
674 1115 955 1181 Erasmus,
986 1127 1149 1182 quam
1176 1113 1266 1170 hic
1290 1112 1430 1168 liber
1463 1111 1708 1167 diversus
1748 1109 2050 1165 habebatur
2081 1105 2085 1108 ’

460 1208 516 1262 in
557 1206 972 1276 exemplaribus.
1013 1204 1126 1261 Nec
1161 1204 1304 1260 idem
1340 1210 1460 1259 erat
1483 1202 1694 1258 initium
1710 1245 1726 1270 ,
1757 1211 1814 1258 et
1841 1202 1945 1258 alia
1991 1202 2047 1257 in

461 1299 581 1354 aliis
606 1310 924 1367 supererant
962 1303 1055 1350 aut
1082 1295 1308 1350 deerant
1322 1334 1337 1360 ,
1379 1301 1498 1349 tum
1537 1293 1800 1364 pleraque
1833 1293 2046 1348 diversa

461 1391 818 1447 habebantur.
847 1388 1028 1461 Stylus
1069 1387 1250 1460 palam
1284 1387 1462 1457 arguit
1499 1401 1610 1443 non
1637 1399 1756 1442 esse
1784 1385 2050 1458 Hierony-

460 1483 554 1548 mi,
587 1481 802 1538 etiamsi
819 1495 931 1536 non
949 1480 1225 1550 indignum
1251 1493 1524 1544 censeam,
1554 1479 1650 1549 qui
1677 1478 1905 1548 legatur.
1933 1475 2046 1533 Gu-

461 1583 576 1631 stus
619 1575 836 1646 phrasis
875 1590 985 1630 non
1030 1574 1288 1630 abhorret
1326 1571 1396 1628 ab
1433 1571 1685 1629 oratione
1721 1571 1832 1627 divi
1868 1571 2052 1642 Augu—

459 1666 610 1722 stini.
645 1684 666 1719 ι
691 1664 752 1721 In
775 1665 1013 1722 editione
1038 1663 1266 1720 secunda
1290 1661 1629 1720 Frobeniana
1649 1678 1702 1720 a.
1734 1661 1874 1719 1557
1905 1671 2043 1719 exst.

464 1769 599 1816 tanto
637 1759 728 1827 IV,
769 1775 922 1833 pagg.
969 1756 1235 1827 139-143;
1283 1759 1340 1815 in
1378 1759 1509 1815 edit.
1549 1755 1785 1816 Mai-iani
1831 1757 2050 1815 Victorii

2144 561 2455 634 Hieronymi
2507 559 2694 627 fuerit,
2734 557 2892 616 facile
2933 558 3180 616 accidere
3221 557 3468 629 potuisse
3503 559 3567 611 ut
3602 545 3740 613 liber

2144 655 2260 726 ejus
2281 655 2455 711 locum
2478 655 2621 710 inter
2637 651 3083 726 Hieronymianas
3103 637 3426 723 scriptiOnes
3441 647 3728 716 inveniret,

2144 749 2301 805 sicuti
2340 748 2627 804 Ambrosio
2674 745 2744 803 ob
2785 746 3088 816 argumenti
3127 741 3567 809 similitudinem,
3598 743 3738 812 quod

2145 842 2338 912 saepius
2364 839 2432 895 de
2451 839 2773 909 Virginitate
2797 845 2852 893 et
2871 837 3150 907 Virginum
3188 833 3529 893 institutione
3556 831 3731 904 dispu-

2145 939 2241 999 tet,
2287 931 2532 987 videatur
2571 930 2825 1001 ascripta.
2871 927 2982 985 Sed
3027 929 3182 1000 prior
3225 927 3384 994 ratio,
3415 939 3584 996 quam
3611 923 3733 980 levis

2145 1024 2235 1088 sit,
2267 1037 2428 1078 nemo
2461 1037 2568 1078 non
2597 1021 2865 1090 intelligit,
2908 1019 3182 1090 posterior
3207 1033 3362 1088 atque
3387 1017 3444 1072 in
3471 1015 3732 1088 Hierony—

2147 1131 2294 1169 mum
2323 1129 2388 1170 ac
2427 1113 2774 1168 Ambrosium
2809 1110 2972 1167 cadit.
3003 1109 3274 1166 Caeterum
3313 1110 3368 1164 in
3405 1106 3736 1164 Vallarsiana

2148 1205 2384 1261 editione
2411 1204 2816 1274 diligentissime
2839 1203 2926 1258 hic
2945 1203 3083 1259 liber
3105 1209 3368 1259 tractatus
3397 1209 3482 1258 est
3499 1241 3516 1265 ,
3547 1199 3733 1270 dijudi-

2149 1298 2283 1355 catis
2309 1297 2470 1354 etiam
2508 1295 2999 1359 Benedictinorum,
3023 1293 3294 1350 Ambrosii
3323 1293 3616 1360 editorum,
3647 1307 3732 1346 va-

2149 1389 2246 1445 riis
2272 1388 2595 1445 lectionibus
2616 1393 2672 1442 et
2690 1385 3180 1441 observationibus.

2219 1479 2278 1535 In
2309 1479 2564 1536 Annosu
2592 1492 2816 1548 operum
2845 1477 2932 1532 ed.
2959 1475 3265 1538 Basiteemi,
3298 1489 3349 1528 a.
3377 1471 3541 1540 1527,
3565 1475 3732 1528 exstat

2151 1579 2288 1628 tomo
2305 1571 2348 1640 l,
2373 1588 2530 1645 pagg.
2561 1569 2818 1625 178-186.
2848 1568 3188 1642 Typograpbi
3219 1581 3406 1622 errore
3432 1573 3601 1636 caput
3619 1565 3734 1620 ulti-

2149 1677 2318 1730 mum,
2341 1663 2486 1734 quod
2513 1662 2920 1720 aemulationem
2941 1661 3105 1732 lapsa
3119 1659 3381 1722 continet,
3397 1657 3558 1727 quasi
3579 1670 3736 1712 novus

2151 1754 2364 1810 libellus
2403 1754 2661 1824 singulari
2704 1743 2864 1809 titulo
2899 1752 3204 1823 exscriptus
3239 1755 3342 1806 est.
3387 1748 3646 1803 Erasmus
3687 1749 3734 1802 in

460 1850 847 1922 Antuerpiensis
884 1849 1240 1920 impressionis
1277 1863 1328 1903 a.
1374 1845 1543 1914 1579,
1589 1856 1727 1904 torno
1753 1845 1856 1916 IX,
1887 1861 2042 1920 pagg.
2077 1857 2126 1919 Β
2150 1845 2304 1902 brevi
2331 1847 2400 1902 ad
2426 1847 2686 1903 lectorem
2712 1846 3079 1902 admonitione
3099 1845 3154 1900 in
3175 1853 3366 1902 aversa
3385 1842 3531 1898 tituli
3549 1841 3742 1914 pagina

460 1938 723 2006 104-107;
747 1937 983 1995 Parisini
1002 1939 1332 2010 exemplaris,
1356 1953 1409 1993 a.
1431 1936 1588 2005 1609,
1613 1945 1750 1995 tunc
1775 1936 1865 2006 IV,
1889 1955 2042 2012 pagg.

460 2029 692 2100 865—871
716 2049 731 2099 ;
761 2031 892 2088 item
916 2045 966 2087 a.
993 2029 1150 2097 1645,
1183 2038 1320 2086 tumo
1344 2029 1440 2098 IX,
1471 2047 1626 2103 pagg.
1657 2028 1860 2098 88-91;
1883 2031 1940 2086 in
1959 2031 2043 2086 his

459 2123 660 2178 omissa
686 2133 770 2178 est
805 2136 1036 2180 censura
1062 2120 1290 2178 Erasmi.
1325 2121 1385 2176 In
1412 2121 1498 2177 ed.
1526 2119 1957 2196 Francofurtana
1983 2138 2035 2177 a.

461 2210 600 2266 1645
621 2213 818 2282 legitur
844 2221 982 2268 torno
1007 2210 1098 2278 IV,
1127 2229 1281 2285 pagg.
1315 2210 1512 2280 92-96;
1551 2212 1609 2268 in
1635 2212 1723 2269 ed.
1753 2212 2048 2269 Benedicti

460 2319 646 2358 norum
671 2301 896 2359 Parisiis
925 2301 1083 2371 1706,
1115 2313 1251 2359 tonso
1277 2301 1343 2370 V,
1371 2320 1527 2376 pagg.
1570 2302 1842 2372 176-182;
1871 2305 1927 2360 in
1954 2305 2042 2361 ed.

469 2396 740 2462 Vallarsii,
779 2395 998 2454 Verona:
1023 2395 1191 2464 1742,
1216 2405 1352 2454 tanta
1379 2395 1480 2464 XI,
1501 2388 1960 2472 pagg..178-192,
1991 2407 2048 2454 et

467 2489 695 2550 Venetiis
725 2489 886 2556 1771,
917 2499 1062 2547 tonio.
1079 2489 1172 2559 XI,
1191 2499 1332 2563 part.
1363 2507 1420 2558 n,
1451 2508 1606 2565 pagg.
1627 2489 1883 2547 215-265.
1914 2490 2046 2548 Val-

463 2579 656 2640 [areius
681 2590 960 2640 auctorem
981 2582 1143 2640 scribi
1165 2582 1322 2654 jubet
1343 2582 1578 2640 Nicaeam
1598 2591 1655 2641 et
1679 2584 1926 2641 eumdem
1945 2599 2048 2656 pu-

2149 1939 2413 2010 impressa
2459 1938 2906 1994 declamationem
2962 1951 3110 2004 esse,
3168 1935 3373 2006 inquit,
3429 1933 3609 2005 qualis
3650 1933 3732 1988 illa

2155 2031 2466 2104 Hieronymi
2502 2030 2572 2087 de
2609 2037 2783 2086 matre
2814 2038 2870 2086 et
2898 2025 3006 2084 ﬁlia
3033 2019 3471 2092 reconciliandis,
3501 2032 3559 2082 et
3603 2013 3740 2080 inter

2152 2124 2572 2198 Hieronymiana
2596 2125 2786 2180 scriba:
2804 2123 2952 2191 dolo,
2981 2137 3052 2178 ne
3079 2122 3285 2179 scilicet
3310 2118 3732 2192 deprehendere—

2154 2223 2271 2285 tur,
2302 2217 2374 2272 ab
2399 2217 2586 2284 initio,
2612 2215 2767 2286 juxta
2805 2229 2970 2286 quam
3007 2215 3064 2269 in
3091 2213 3271 2270 medio
3293 2219 3352 2270 et
3375 2210 3484 2267 ﬁne
3509 2225 3628 2267 esse
3653 2201 3730 2266 in;

2153 2307 2496 2378 terpolatam.
2519 2306 2579 2366 In
2609 2305 2836 2362 Sintiam
2861 2305 3112 2361 editionis
3138 2303 3436 2375 exemplari
3456 2302 3732 2358 Parisiatsi

2153 2415 2206 2456 a.
2247 2399 2387 2455 1605
2423 2400 2620 2470 legitur
2651 2407 2786 2455 tome
2813 2397 2902 2463 IV,
2945 2415 3101 2472 pagg.
3135 2395 3409 2464 419-556;
3446 2396 3502 2450 in
3525 2393 3729 2451 Benedi-

2153 2494 2315 2560 ctina,
2345 2489 2571 2548 Parisiis
2620 2489 2777 2559 1690,
2811 2499 2950 2547 tome
2974 2489 3051 2558 Η,
3083 2506 3238 2563 pagg.
3278 2485 3546 2555 501-520,
3588 2487 3728 2543 titulo

2152 2584 2276 2642 libri
2301 2584 2367 2642 de
2393 2583 2572 2660 Lapsa
2607 2583 2841 2658 Virginis
2869 2592 3198 2641 consecratae.

924 2793 1088 2888 DE
1158 2793 1247 2876 S.
1325 2787 1762 2878 NICETA
1833 2792 2424 2892 VETERUM
2494 2787 3254 2881 TESTIMONIA.

695 3036 754 3094 s.
786 3037 984 3094 Lm
1003 3034 1182 3094 metu
1207 3035 1429 3109 epistola
1453 3035 1526 3090 ad
1550 3033 1816 3092 Nicotaus.

534 3150 830 3220 Regressus
853 3146 922 3203 ad
958 3161 1093 3216 nos,
1127 3154 1228 3204 etc.
1259 3144 1425 3223 (Vide
1455 3135 1663 3222 reliqua
1702 3155 1840 3205 torno
1871 3159 2051 3205 nostro

465 3241 619 3308 LIV,
645 3241 818 3314 Epist.
852 3237 1003 3314 159.)

466 3342 769 3440 cessamus
795 3355 1183 3421 Massxumsxs,
1212 3354 1278 3411 de
1311 3352 1453 3410 Viris
1482 3351 1780 3410 Illustribus
1809 3370 1930 3427 cap.
1959 3353 2049 3410 22.

2152 3037 2222 3094 de
2245 3039 2678 3110 competentibus
2701 3040 2984 3110 baptismi;
3013 3041 3284 3098 secundus
3317 3035 3391 3098 de
3433 3039 3727 3111 gmtllitatis

2153 3131 2462 3198 erroribus;
2491 3129 2683 3187 tertius
2708 3131 2778 3187 de
2803 3129 2909 3188 ﬁde
2943 3131 3118 3190 imitat
3155 3129 3480 3203 lajestatis';
3522 3122 3734 3202 quartus

2155 3221 2414 3278 adversus
2437 3220 2820 3291 Genealogiam
2847 3223 2948 3295 (e);
2979 3222 3200 3292 quintus
3217 3222 3288 3278 de
3305 3215 3590 3295 Symbolo;
3612 3235 3724 3278 sex-

2154 3319 2244 3368 tu’s
2266 3311 2335 3368 de
2359 3312 2482 3382 agni
2509 3311 2783 3368 Paschalis
2805 3312 3048 3368 victima.
3081 3309 3338 3368 Condidit
3361 3319 3420 3368 et
3448 3312 3514 3368 ad
3537 3307 3722 3384 lapsam

2151 3407 2414 3477 virginem
2440 3406 2681 3462 libellum
2714 3406 2856 3478 pene
2879 3407 3132 3464 omnibus
3157 3401 3722 3466 labentibusemenda-

484 3540 486 3542 ,
533 3490 745 3556 Nicaeae,
767 3487 1112 3546 Romacianat
1139 3487 1218 3562 (a)
1246 3489 1480 3545 civitatis
1507 3489 1811 3561 episcopus,
1833 3505 2054 3562 compo-
2074 3489 2121 3552 C
2152 3499 2316 3555 tionis
2343 3500 2692 3556 incentivum.

464 3584 572 3640 suit
597 3582 826 3653 simplici
846 3589 902 3637 et
923 3581 1094 3638 nitido
1116 3596 1366 3650 sermone
1385 3582 1818 3654 competentibus
1836 3583 1908 3639 ad
1924 3583 2056 3655 bap-

462 3676 684 3732 tismum
711 3673 1082 3730 instructionis
1107 3673 1318 3730 libellos
1342 3688 1458 3730 sex.
1489 3673 1550 3728 In
1589 3675 1784 3744 quibus
1807 3677 2052 3732 continet

463 3764 688 3836 primus,
725 3763 957 3832 qualiter
981 3777 1042 3818 se
1068 3761 1301 3818 debeant
1333 3763 1535 3819 habere
1560 3773 1932 3836 competentes
1957 3767 2054 3836 qui

465 3854 535 3924 ad
561 3853 814 3925 baptismi
835 3853 1062 3922 gratiam
1087 3853 1310 3923 cupiunt
1326 3855 1630 3925 pervenire.
1659 3855 1940 3916 Secundus
1968 3870 2066 3920 est

463 3945 540 4002 de
560 3945 880 4017 gentilitatis
917 3944 1230 4001 erroribus:
1258 3945 1314 4000 in
1337 3958 1446 4014 quo
1473 3945 1602 4002 dicit
1623 3963 1723 4004 suo
1747 3964 1888 4021 pene
1914 3960 2052 4010 tem-

463 4052 600 4110 pore
625 4038 916 4095 Melodium
940 4036 1018 4112 (b)
1044 4037 1334 4108 quemdam
1359 4040 1798 4109 patremfamilias
1817 4042 1888 4098 ob
1913 4042 2051 4102 libe-

463 4130 752 4197 talitatem,
795 4137 852 4186 et
873 4128 1164 4186 Gadarium
1200 4131 1460 4188 rusticum
1487 4132 1558 4189 ob
1585 4132 1956 4192 fortitudinem
1981 4137 2050 4195 ab

464 4222 696 4293 ethnicis
731 4236 849 4278 esse
889 4221 1035 4277 inter
1071 4220 1204 4277 deos
1240 4222 1549 4280 translatos.
1579 4221 1794 4282 Tertius
1819 4225 1958 4283 liber
1981 4227 2064 4286 de

463 4309 571 4367 ﬁde
615 4313 785 4368 unica:
809 4311 1134 4381 Maiestatis;
1163 4318 1387 4381 quartus
1413 4311 1670 4369 adversus
1695 4310 2050 4374 Genethlolo-

463 4402 609 4473 giam
629 4402 731 4474 (c);
753 4403 970 4472 quintus
996 4403 1066 4458 de
1085 4401 1372 4476 Symbolo;
1395 4409 1581 4459 sextus
1597 4403 1664 4460 de
1683 4406 1807 4473 agni
1825 4403 2052 4462 Pascha-

463 4493 535 4551 lis
560 4495 796 4550 victlma.
821 4492 1004 4551 Edidit
1026 4504 1082 4551 et
1099 4495 1170 4551 ad
1195 4495 1398 4568 lapsam
1424 4499 1674 4571 virginem
1693 4498 1922 4557 libellum
1945 4503 2044 4575 (ά),

463 4600 608 4658 pene
626 4585 876 4644 omnibus
893 4587 1192 4646 labentibus
1211 4589 1602 4648 emendationis
1625 4592 1976 4651 incentivum.

463 4698 738 4758 Bononiae
751 4697 1254 4759 Aumronmnsts
1271 4702 1338 4758 de
1355 4701 1476 4760 Sen“
1515 4705 1707 4762 toribus
1725 4705 2050 4764 Ecclesiasti-

959 4797 964 4800 ·
995 4773 1073 4830 eis
1088 4769 1180 4828 lib.
1201 4786 1262 4840 ιι,
1282 4789 1401 4848 cap.
1421 4719 1513 4832 ἐ

2187 3610 2422 3669 Joannes
2447 3611 2782 3668 Turranius
2833 3612 2899 3684 de
2930 3610 3290 3684 ‘Scriptoﬁbus
3328 3610 3692 3670 Ecclesiasticis

2853 3683 2882 3756 ς
2921 3677 3046 3736 118.

2225 3773 2435 3842 Niceas,
2457 3773 2812 3830 Romacianze
2836 3771 2988 3830 urbis
3013 3769 3297 3846 episcopus
3312 3812 3330 3837 ,
3364 3772 3451 3829 vir
3467 3773 3525 3829 in
3553 3771 3734 3828 divinis

2153 3865 2448 3938 Scripturis
2473 3866 2743 3922 studiosus
2769 3873 2828 3922 et
2850 3866 3109 3930 eruditus,
3150 3859 3368 3933 ingenio
3391 3871 3599 3930 acutus,
3621 3876 3721 3920 ser-

2152 3973 2315 4015 mone
2341 3964 2562 4029 apertus
2589 3965 2646 4014 et
2673 3955 2891 4022 nitidus,
2915 3957 3127 4029 scripsit
3149 3958 3216 4013 ad
3239 3955 3643 4013 aediﬁcationem
3658 3955 3724 4012 le-

2152 4049 2392 4120 gentium
2419 4064 2530 4104 non
2550 4049 2960 4104 contemnendae
2976 4047 3226 4104 lectionis
3245 4048 3524 4118 opuscula,
3546 4047 3613 4103 de
3627 4046 3724 4117 qui-

2150 4140 2253 4197 bus
2290 4139 2530 4208 subjecta
2556 4137 2802 4195 feruntur
2832 4155 2847 4192 :
2876 4137 2961 4193 Ad
2986 4136 3342 4210 Competentes
3376 4140 3468 4212 qui
3501 4138 3572 4193 ad

2153 4233 2360 4288 tisnntm
2385 4230 2730 4302 disponantur
2770 4228 3246 4301 Prcparatoriam,
3279 4228 3374 4284 lib.
3403 4225 3460 4296 l;
3491 4229 3554 4285 de
3579 4226 3722 4283 Erro-

2151 4323 2294 4379 ribus
2315 4321 2563 4379 Gentitita
2570 4325 2634 4378 tis
2653 4323 2745 4378 lib.
2767 4321 2791 4376 I
2808 4338 2824 4391 ;
2847 4322 2912 4377 de
2924 4319 3061 4376 Fide
3073 4323 3244 4378 unica
3262 4319 3562 4393 Maiestatis
3579 4321 3660 4376 lib.
3676 4317 3717 4386 l;

2153 4414 2396 4470 adversus
2432 4413 2802 4486 Genealogiam
2831 4413 2900 4487 (η
2928 4414 3022 4470 lib.
3052 4413 3104 4482 l;
3154 4414 3221 4471 de
3262 4412 3514 4486 Symbolo
3549 4421 3721 4486 quoque

2151 4505 2246 4561 lib.
2275 4503 2330 4572 I;
2360 4504 2425 4559 de
2455 4507 2664 4560 victima
2687 4506 2827 4578 Agni
2852 4505 3132 4562 Paschalis
3158 4505 3254 4562 lib.
3280 4504 3334 4572 I;
3377 4506 3450 4560 ad
3483 4504 3720 4578 Virginem

2152 4597 2357 4667 lapsam
2375 4596 2468 4652 lib.
2495 4595 2519 4650 I
2549 4595 2648 4670 (g).

2149 4709 2532 4770 CASSIODORIUS
2579 4713 2644 4768 de
2673 4711 3328 4838 Institutionf6divinarum
3358 4709 3718 4784 Scripturanmt

2813 4799 2931 4838 can.
3047 4822 3064 4837 .

2813 4799 2931 4856 cap.
2973 4799 3064 4838 sn.

532 4860 748 4934 Νίσου,
775 4861 1117 4920 Romacian'e
1138 4863 1374 4923 civitatis
1397 4867 1683 4939 episcopus
1696 4909 1713 4935 ,
1743 4871 2048 4940 composuit
2071 4867 2127 4928 D
2219 4873 2277 4930 Si
2304 4875 2426 4945 quis
2452 4891 2584 4932 vero
2609 4875 2678 4931 de
2703 4873 2868 4931 Patre
2887 4913 2906 4941 ,
2947 4881 3006 4931 et
3043 4873 3184 4931 Filio
3197 4917 3212 4941 ,
3244 4883 3301 4930 et
3325 4872 3532 4946 Spiritu
3555 4880 3728 4929 sancto

463 4953 694 5025 simplici
719 4960 777 5010 et
799 4954 968 5010 nitido
988 4969 1238 5012 sermone
1261 4971 1358 5014 sex
1377 4960 1809 5029 competentibus
1829 4960 1896 5016 ad
1915 4961 2048 5032 bap-

389 5087 397 5141 I.
463 5047 683 5103 tismum
718 5047 1088 5104 instructiouis
1131 5047 1361 5106 libellos.
1406 5043 1492 5105 Ex
1517 5049 1710 5120 quibus
1735 5051 1940 5122 primus
1963 5062 2047 5109 est

1255 5265 1390 5306 iam.
1437 5248 1498 5305 In
1544 5249 1664 5307 aliis
1701 5251 1943 5309 invenire
1988 5269 2047 5311 se

783 5319 1037 5390 [testatus
1065 5319 1146 5375 est
1170 5319 1432 5376 Suﬂ‘ridus
1460 5319 1624 5390 Petri.

485 5417 496 5468 -_
533 5389 608 5464 (θ)
648 5388 962 5468 Corb._ms1,
985 5391 1041 5443 in
1068 5407 1165 5464 quo
1186 5407 1314 5468 gem;
1332 5401 1527 5468 tempta
1549 5389 1854 5468 Helvidium
1873 5412 2047 5468 quem-

460 5458 774 5533 dain'patris
786 5458 1091 5585 gantiam”;
1116 5471 1168 5517 et
1186 5458 1480 5518 'Gadariuin
1506 5458 1769 5532 rusticum,
1803 5458 1906 5522 etc'.

535 5531 607 5585 (cl
647 5531 753 5585 Α-ι..
832 5531 1191 5585 enethloaiam.
1225 5532 1356 5585 Nam
1384 5532 1441 5585 in
1466 5531 1628 5585 Corb.
1671 5536 1901 5585 vitiose-

515 5531 753 5656 3-1.,
786 5531 1191 5603 Genethlogiam.
1225 5532 1356 5587 Nam
1384 5532 1441 5587 in
1466 5531 1628 5590 Corb.
1671 5531 1865 5592 vitiose
1884 5578 1902 5604 ,
1944 5533 2045 5592 Ge-

459 5615 704 5660 noctuam.
838 5651 840 5654 ,

485 5697 488 5700 ~
531 5669 614 5735 (ἅ)
652 5669 753 5735 Id.,
781 5667 968 5727 librum
985 5671 1210 5729 humane
1229 5672 1514 5730 labentibus
1536 5677 1863 5732 incentivum.

555 5742 608 5814 ε)
627 5742 1121 5814 _Genethl_iologiant.

627 5810 816 5875 Immo,
832 5810 1290 5885 Cenethlologiam,
1331 5814 1442 5871 sive
1464 5817 1716 5874 adversus
1737 5817 2048 5891 Astrologos

533 5247 612 5322 (α)
649 5245 762 5322 Διά
790 5245 1058 5322 Romam.
1087 5265 1157 5321 pe

2155 4967 2356 5037 aliquid
2381 4968 2690 5022 summatim
2717 4975 2983 5040 praeoptat
3009 4968 3297 5038 attingere,
3327 4982 3432 5024 nec
3458 4983 3518 5028 se
3542 4964 3717 5022 mavult

2150 5057 2311 5129 longa
2355 5058 2591 5116 lectione
2633 5057 2884 5130 fatigare,
2930 5058 3080 5132 legat
3103 5057 3280 5116 Niceti
3303 5060 3386 5133 (h)
3414 5059 3644 5133 episcopi
3665 5057 3719 5112 li-
3767 5139 3776 5150 ἡ

2152 5253 2546 5316 Genethliacos.
3371 5313 3374 5316 .

2226 5326 2301 5400 (g)
2340 5327 2397 5383 In
2432 5328 2701 5400 volumine
2726 5326 2958 5400 Opemm
2987 5325 3210 5400 Joannis
3236 5317 3520 5400 Tritheuiii
3555 5329 3722 5400 exibi-

2226 5344 2301 5400 (g)
2340 5344 2397 5383 ιη
2432 5344 2701 5384 voxumine
2726 5344 2771 5384 U
2809 5344 2958 5384 erum
2987 5344 3210 5390 Joannis
3236 5344 3520 5387 munem“
3555 5345 3619 5387 εχ
3654 5344 3722 5384 οι.

2150 5398 2421 5483 δὲῖοεὶιεςε
2443 5344 3038 5483 MEEQPafdi‘iireberi,
3057 5395 3420 5483 Erancofurti
3449 5402 3583 5483 typis
3612 5399 3724 5483 We:

2152 5468 2802 5542 chelianis_1601’in-lol.,
2850 5477 2978 5542 post
3021 5469 3282 5542 ultimum
3310 5468 3620 5542 opusculum
3661 5468 3723 5524 ad

2151 5539 2356 5626 lapsam
2391 5540 2656 5626 Virginem
2650 5579 2713 5626 ηε.
2747 5539 2866 5626 haec
2891 5541 3164 5626 limen-tur
3188 5559 3202 5596 :
3230 5541 3306 5626 Et
3333 5539 3566 5626 quietiam
3607 5542 3718 5597 alia.

2153 5609 2355 5735 gignit
2397 5609 2621 5684 tempore
2649 5611 2924 5668 Theodosii
2961 5619 3012 5667 et
3036 5609 3265 5671 Honorii
3291 5609 3576 5688 principum
3601 5628 3720 5670 anno

2179 5723 2306 5828 ῖ-ῖιι)
2346 5751 2453 5818 n,
2478 5749 2666 5808 mm.
