3924 6368
465 311 570 382 8H

1395 310 1634 373 SANCTI
1676 305 1950 371 NICET/E
1991 303 2293 371 EPISCOPI
2331 305 2806 384 AQUILEIENSIS

3633 341 3724 391 δόδ

460 451 625 510 quem
669 433 844 493 sancti
883 431 1080 489 Leonis
1118 428 1292 498 Magni
1320 436 1496 483 exstat
1525 427 1774 499 epistola.
1802 426 1900 484 llic
1927 443 2050 484 cum
2081 433 2122 491 Α
2155 436 2324 496 zatos,
2381 429 2496 485 sola
2553 429 2895 488 invocatione
2929 433 3102 489 sancti
3142 431 3369 508 Spiritus
3395 451 3497 509 per
3523 438 3725 513 inposi-

371 511 388 530 “
459 531 829 606 episcOpatum
856 527 1106 600 cepisset,
1146 533 1434 595 postquam
1455 522 1652 588 Hunni,
1697 523 1860 578 Attila
1889 523 2046 591 duce,

459 639 584 683 eam
611 623 884 694 regionem
912 623 1284 681 vastaverant,
1316 617 1407 671 vix
1433 624 1575 672 statu
1617 630 1799 672 rerum
1838 615 1906 671 ad
1933 631 2053 672 me-

458 717 597 773 liora
624 729 907 780 converso,
941 710 1182 767 nonnulli
1203 710 1350 766 cives
1378 725 1409 764 a
1430 709 1676 765 barbaris
1695 708 1750 764 in
1770 708 2053 780 captivita-

456 816 568 866 tem
614 807 848 872 abducti,
879 805 1034 862 liberi
1061 804 1129 860 ad
1156 803 1384 875 patriam
1413 808 1744 866 remearunt,
1776 801 1920 857 illico
1959 801 2054 858 de-

455 899 744 971 prehendit
769 915 835 954 ex
866 897 1153 954 occasione
1192 894 1400 954 hostilis
1447 893 1693 949 incursus
1719 893 1874 964 plura
1903 893 2052 966 gregi

456 1008 559 1050 suo
588 993 736 1049 illata
755 990 922 1048 fuisse
941 989 1180 1055 vulnera,
1209 1003 1330 1060 quzc
1357 1001 1608 1057 magnam
1627 986 1924 1044 curationis
1945 983 2051 1042 dif-

457 1082 752 1141 ﬁcultatem
790 1082 1109 1139 videbantur
1132 1079 1342 1136 afferre.
1376 1079 1618 1135 Aliorum
1645 1079 1808 1144 enim,
1839 1079 1932 1148 qui
1971 1079 2053 1134 in-
2088 1081 2092 1084 ’

456 1179 711 1250 terempti
751 1178 1096 1250 putabantur,
1129 1175 1382 1230 mulieres
1409 1173 1565 1230 novis
1591 1181 1745 1228 erant
1789 1172 2054 1242 conjugiis

456 1271 697 1339 irretiL'e;
715 1272 803 1327 alii
827 1270 1122 1326 immolatis
1141 1269 1276 1325 cibis
1299 1268 1678 1324 asserebantur
1696 1282 1816 1323 esse
1837 1266 2049 1338 polluti;

457 1364 580 1419 aliis
617 1363 831 1430 iterato,
891 1361 976 1418 vel
1020 1361 1188 1416 semel
1229 1360 1464 1430 quidem,
1505 1360 1600 1416 sed
1663 1359 1732 1415 ab
1784 1359 2052 1416 haereticis

454 1454 632 1511 fuerat
671 1454 936 1524 baptisma
984 1451 1258 1508 collatum.
1314 1451 1501 1522 Itaque
1543 1451 1658 1507 haec
1703 1452 1904 1518 omnia,
1955 1467 2054 1523 per

455 1545 792 1602 Adeodatum
816 1544 1073 1600 Romame
1099 1543 1352 1599 Ecclesia:
1377 1543 1683 1608 diaconum,
1717 1543 1784 1599 ad
1805 1553 2050 1601 sanctum

456 1637 696 1695 Leonem
743 1637 993 1707 Magnum
1046 1635 1248 1700 retulit,
1301 1644 1361 1691 ut
1411 1636 1734 1692 auctoritate
1811 1645 2054 1709 nutuque

458 1730 577 1800 ejus
623 1729 753 1800 quid
789 1729 932 1785 facto
983 1744 1120 1798 opus
1159 1735 1304 1784 esset
1351 1727 1672 1784 doceretur:
1698 1743 1804 1798 qua
1834 1729 1889 1784 in
1910 1746 1970 1785 re
1997 1737 2053 1785 et

2155 522 2360 577 tionem
2386 537 2642 578 manuum
2671 525 2859 579 statuit
2885 523 3303 584 conﬁrmandos.
3334 527 3548 587 Nicetes
3567 532 3728 604 itaque

2155 613 2257 669 hac
2296 614 2588 671 instructus
2635 631 2703 672 ex
2730 618 2902 673 veteri
2928 633 3082 675 more
3108 634 3139 674 a
3181 619 3424 676 Romana
3472 622 3600 680 sede
3641 625 3728 683 do-

2154 705 2346 771 ctrina,
2371 723 2472 778 pro
2485 723 2602 775 suo,
2627 723 2736 778 quo
2757 719 3053 779 exarserat,
3077 711 3438 770 instauranda
3457 715 3730 787 disciplin:

2154 798 2352 866 studio,
2383 815 2593 856 necnon
2621 808 2677 856 et
2719 817 2818 873 pro
2846 817 2929 870 ea,
2974 819 3082 874 qua
3107 813 3227 860 erat
3255 803 3480 862 allectus
3502 819 3625 877 erga
3653 824 3732 865 ca-

2153 891 2398 948 thedram
2425 891 2570 950 Petri
2598 896 2922 962 reverentia,
2955 896 3024 952 ad
3050 898 3454 966 praeteritorum
3509 913 3732 958 errorum

2156 987 2394 1043 maculas
2416 987 2820 1058 abstergendas,
2852 1004 2990 1060 quos
3016 990 3208 1047 bellica
3245 991 3430 1048 clades
3480 992 3730 1062 intulerat,

2153 1087 2301 1134 totus
2328 1079 2638 1136 incubuisse
2666 1081 2860 1136 merito
2881 1081 3136 1147 creditur,
3170 1089 3230 1137 ut
3255 1080 3514 1139 Ecclesia:
3545 1099 3647 1139 sine
3669 1085 3734 1141 fa-

2153 1171 2290 1226 ciem
2314 1171 2382 1226 ad
2419 1172 2658 1243 pristinae
2706 1172 3063 1228 observantia:
3082 1173 3398 1243 dignitatem
3420 1175 3730 1232 restitueret.

2224 1261 2426 1320 Lecrto
2456 1263 2540 1320 Vl.
2558 1297 2632 1308 -
2649 1262 2781 1332 Quae
2798 1280 2930 1320 vero
2957 1265 3130 1336 magis
3151 1265 3429 1336 magisque
3458 1265 3597 1323 illius
3617 1267 3733 1337 vigi-

2151 1355 2371 1410 lantiam
2418 1356 2471 1411 in
2513 1372 2642 1412 cura
2691 1357 2963 1412 commissi
3005 1357 3107 1412 sibi
3136 1357 3315 1427 gregis
3345 1357 3652 1423 ostendunt,
3679 1373 3732 1414 ac

2152 1449 2310 1506 simul
2331 1450 2496 1521 ipsius
2514 1466 2636 1507 cum
2659 1449 2999 1520 Evangelicze
3025 1452 3432 1522 prmdicationis
3473 1451 3626 1508 laude
3651 1452 3732 1509 do-

2153 1543 2379 1599 ctrinam
2422 1541 2819 1608 commendant,
2871 1558 2936 1598 ea
2985 1551 3111 1598 sunt
3151 1543 3352 1614 ingenii
3379 1553 3731 1611 monumenta,

2152 1651 2290 1706 quae,
2314 1634 2595 1691 Gennadio
2616 1636 2935 1692 Massiliensi
2951 1643 3008 1692 et
3026 1635 3268 1692 Honorio
3283 1635 3732 1712 Augustodunensi

2153 1727 2398 1793 testibus,
2432 1727 2602 1782 nitido
2623 1743 2688 1783 ac
2713 1727 2942 1798 simplici
2972 1743 3226 1784 sermone
3252 1736 3478 1784 exarata
3497 1727 3730 1797 reliquit:

458 1822 668 1878 eximite
689 1835 812 1891 erga
843 1820 1103 1892 populum
1128 1835 1286 1875 suum
1309 1819 1606 1883 charitatis,
1639 1828 1695 1874 et
1731 1820 1926 1874 maturi
1965 1819 2056 1890 ju—
2087 1820 2132 1879 Β
2159 1833 2389 1888 quorum
2422 1827 2600 1874 tamen
2631 1819 2720 1874 vix
2761 1835 2926 1875 unum
2964 1828 3058 1876 aut
3103 1820 3332 1876 alterum
3378 1835 3494 1876 non
3534 1818 3731 1875 interiit.

458 1913 605 1980 dicii,
628 1921 685 1970 et
711 1913 875 1970 debiti
897 1914 952 1968 in
993 1913 1222 1985 primam
1251 1912 1435 1968 sedem
1462 1912 1707 1982 obsequii
1733 1913 2050 1983 praeclarum

457 2006 703 2064 exhibuit
730 2015 1126 2078 argumentum.

475 2138 492 2156 κ
525 2097 728 2156 ιεετιο
755 2097 822 2154 ν.
847 2131 920 2142 --
941 2098 1022 2154 Ad
1047 2099 1285 2169 singulas
1308 2098 1523 2154 solliciti
1552 2101 1796 2170 praesulis
1834 2101 2053 2156 consul-

455 2191 689 2246 tationes
706 2191 989 2261 respondit
1019 2199 1237 2246 sanctus
1264 2190 1505 2261 pontifex
1533 2191 1793 2261 peculiari
1823 2193 2050 2263 epistola

459 2280 658 2339 Niceta:
687 2282 1014 2352 Aquileiensi
1043 2283 1319 2352 inscripta,
1350 2297 1511 2352 quam
1533 2291 1590 2337 et
1615 2282 1684 2336 ad
1729 2298 1918 2338 omnes
1947 2282 2054 2337 fra-

458 2383 572 2430 tres
593 2382 648 2429 et
675 2373 1160 2444 comprovinciales
1187 2374 1474 2444 episcopos
1501 2371 1618 2442 ejus
1644 2388 1743 2444 per
1764 2373 1936 2444 ipsum
1964 2391 2056 2431 vo-

458 2463 558 2519 luit
576 2465 876 2535 pervenire.
903 2464 982 2521 Ac
1009 2464 1077 2520 de
1106 2463 1319 2520 feminis
1345 2463 1581 2534 quidem,
1604 2479 1724 2535 qua:
1765 2465 1886 2521 aliis
1913 2482 2050 2537 nup-

457 2564 639 2611 serant
676 2555 823 2622 viris,
865 2554 1224 2625 legitimarum
1253 2555 1452 2612 fmdera
1475 2556 1784 2628 nuptiarum
1813 2557 2051 2614 redinte-

457 2645 662 2716 granda
688 2647 989 2712 constituit,
1017 2655 1072 2703 et
1101 2647 1400 2703 idolothitis
1428 2664 1555 2704 usos
1591 2649 1921 2718 poenitentiae
1967 2666 2054 2706 sa-

456 2737 762 2795 tisfactione
811 2741 1060 2810 purgari;
1108 2755 1228 2810 qua:
1277 2750 1456 2797 tamen
1498 2757 1606 2798 non
1655 2750 1762 2797 tam
1793 2745 2054 2815 temporis

456 2831 811 2900 longitudine,
843 2847 1006 2902 quam
1047 2833 1225 2890 cordis
1267 2843 1413 2890 esset
1464 2838 1882 2906 compunctione
1920 2853 2053 2909 pen-

456 2923 642 2979 sanda.
675 2922 785 2980 Eos
823 2933 1022 2991 autem,
1067 2925 1162 2996 qui
1201 2925 1268 2981 ad
1315 2927 1617 2982 iterandum
1662 2928 1929 3000 baptisma
1967 2932 2054 2986 vel

456 3023 604 3072 metu
643 3018 835 3083 coacti,
867 3019 954 3074 vel
992 3034 1178 3075 errore
1217 3019 1451 3076 traducti
1489 3020 1719 3085 fuerant,
1751 3039 1848 3093 per
1875 3025 2051 3095 paeni-

457 3109 638 3164 tentiae
664 3109 849 3166 itidem
869 3111 1186 3177 remedium,
1210 3112 1395 3167 habita
1416 3113 1811 3180 moderatione,
1837 3123 1894 3170 et
1913 3115 2053 3184 judi-

2159 1910 2415 1966 Ediderat
2443 1919 2624 1968 autem
2650 1914 3084 1984 competentibus
3112 1913 3182 1969 ad
3204 1913 3538 1985 baptismum
3563 1913 3733 1968 instru-

2155 2005 2348 2062 ctionis
2385 2005 2615 2069 libellos,
2645 2005 2755 2076 jam
2787 2013 2898 2060 tum
2927 2006 3144 2077 plurimi
3186 2005 3379 2073 factos,
3410 2013 3468 2062 et
3507 2004 3622 2061 aliis
3644 2005 3732 2061 bu-

2150 2096 2386 2166 jusmodi
2425 2098 2862 2168 prtestantiorum
2890 2095 3114 2153 Patrum
3163 2095 3621 2153 lucubrationibus
3657 2112 3731 2153 so-

2155 2191 2344 2255 ciatos,
2370 2189 2424 2245 in
2445 2190 2640 2260 quibus
2661 2197 2717 2246 et
2744 2190 2813 2246 de
2841 2190 3266 2262 competentium
3295 2190 3532 2257 ratione,
3557 2189 3640 2260 qui
3675 2188 3732 2246 ad

2155 2282 2409 2354 baptismi
2433 2283 2661 2351 gratiam
2689 2283 2914 2353 cupiunt
2939 2283 3243 2354 pervenire,
3272 2290 3328 2338 et
3355 2281 3424 2338 de
3443 2281 3730 2352 gentilitatis

2158 2375 2451 2442 erroribus,
2477 2382 2533 2430 et
2559 2373 2627 2430 de
2655 2373 2759 2431 ﬁde
2786 2375 2958 2431 unicae
2994 2373 3310 2445 Majestatis,
3343 2383 3401 2430 et
3427 2383 3614 2430 contra
3637 2372 3728 2431 Ge-

2154 2467 2576 2537 nethlialogiam,
2608 2476 2666 2523 et
2706 2467 2775 2524 de
2813 2467 3090 2540 Symbolo,
3133 2476 3190 2524 et
3235 2467 3303 2524 de
3329 2469 3454 2538 agni
3476 2465 3728 2524 Paschalis

2154 2559 2371 2614 victima
2411 2557 2731 2614 disserebat.
2765 2557 3030 2614 Libellum
3057 2558 3280 2628 insuper
3317 2557 3383 2613 ad
3415 2558 3616 2628 lapsam
3639 2557 3728 2612 vir-

2153 2651 2330 2721 ginem
2379 2651 2637 2717 condidit,
2681 2651 2775 2721 qui
2822 2665 2962 2721 pene
3002 2650 3253 2706 omnibus
3298 2649 3464 2721 lapsis
3503 2647 3728 2706 emenda-

2154 2743 2317 2799 tionis
2338 2744 2670 2800 incentivum
2698 2743 2766 2800 ab
2791 2743 2984 2799 iisdem
3011 2744 3366 2814 scriptoribus
3383 2751 3620 2800 vocatur.
3639 2739 3729 2797 llas

2155 2835 2297 2890 inter
2322 2836 2612 2905 pastoralis
2640 2834 2806 2890 olllcii
2825 2834 3234 2900 sollicitudines,
3261 2850 3385 2890 cum
3411 2833 3625 2904 triginta
3640 2831 3729 2888 cir-

2152 2927 2288 2983 citer
2315 2941 2489 2983 annos
2517 2927 2918 2998 Aquileiensem
2967 2928 3339 2999 episcopatum
3385 2925 3728 2982 administras-

2153 3029 2256 3084 set,
2287 3019 2536 3076 doctrina
2577 3020 2888 3090 sanctisque
2913 3019 3156 3076 moribus
3181 3019 3360 3075 clarus
3385 3018 3455 3074 ad
3478 3025 3728 3090 pastum

2153 3112 2454 3184 principem
2497 3112 2764 3177 evolavit,
2795 3127 2941 3168 anno
2978 3111 3511 3182 quadringentesimo
3528 3117 3724 3179 octoge-

453 3197 540 3253 eio
559 3199 819 3272 episcopi,
851 3202 1246 3258 communionis
1266 3203 1435 3259 voluit
1462 3204 1704 3276 recipere
1749 3207 2011 3262 unitatem
2037 3225 2050 3261 :
2082 3211 2126 3274 C
2158 3207 2298 3262 simo
2325 3207 2536 3276 quinto.

455 3303 521 3348 ne
539 3288 755 3346 demum
785 3291 869 3348 vel
896 3292 1066 3348 semel
1093 3301 1322 3357 tantum.
1355 3294 1450 3350 sed
1483 3295 1550 3352 ab
1580 3296 1848 3353 haereticis
1874 3298 2056 3369 bapti-

466 3407 3721 3438 mm

1373 3489 2046 3607 SANGTI
2109 3495 2847 3631 EICETE

525 4165 580 4223 ι.
602 4166 825 4223 Benatis
851 4166 1162 4224 hominibus
1181 4182 1280 4241 per
1309 4167 1489 4236 ﬁdem,
1513 4177 1569 4225 et
1602 4157 2056 4230 sanctiﬁcatis's'e-

455 4258 691 4316 cundum
715 4257 997 4330 Evangelii
1024 4259 1253 4316 formam
1283 4261 1338 4316 in
1366 4263 1586 4318 nomine
1615 4262 1808 4332 Patris,
1837 4272 1893 4321 et
1913 4265 2054 4332 Filii,

1607 3684 1963 3750 EPlSCOPl
2008 3638 2564 3771 AQlllLElENSlS

933 3781 1009 3832 ‘“
1112 3767 2378 3984 DERATIONE
2472 3835 3066 3983 FIDEI.

2161 4171 2286 4232 turi.
2317 4175 2562 4248 Namque
2591 4178 2856 4244 homines,
2889 4180 2980 4250 qui
3021 4179 3148 4235 dum
3177 4141 3286 4236 alta
3315 4195 3506 4252 sapere
3543 4195 3719 4238 conan-

2161 4279 2268 4337 tur,
2307 4285 2407 4335 nec
2441 4270 2665 4325 humilia
2694 4271 2994 4342 intelligere
3019 4272 3427 4343 permittuntur,
3459 4273 3599 4331 obliti
3621 4273 3717 4328 die-

456 4360 514 4407 et
543 4351 774 4423 Spiritus
801 4353 993 4432 sancti,
1031 4359 1088 4408 et
1108 4369 1206 4424 per
1233 4354 1374 4410 lianc
1402 4355 1800 4413 confessionem
1828 4372 2057 4428 regnum
2162 4370 2275 4417 tum
2305 4362 2571 4434 Apostoli,
2599 4360 2728 4418 Noli
2751 4365 2861 4418 alta
2881 4380 3064 4435 sapere
3082 4364 3174 4418 sed
3197 4366 3318 4419 time
3338 4363 3515 4438 (Rom.
3541 4363 3715 4437 mill),

455 4443 676 4502 caeleste
703 4444 1060 4516 sperantibus,
1094 4445 1226 4500 nihil
1240 4446 1409 4516 magis
1430 4447 1560 4502 utile
1588 4464 1707 4504 esse
1739 4448 1874 4504 dixit
1911 4449 2057 4522 Apo-
2159 4455 2237 4511 sic
2264 4455 2391 4512 dum
2413 4456 2597 4512 illicita
2623 4464 2972 4528 praesumunt,
3004 4457 3167 4512 etiam
3207 4456 3354 4512 licita
3377 4456 3714 4529 perdiderunt.

454 4537 648 4604 stolus,
678 4551 843 4607 quam
884 4545 946 4592 ut
991 4537 1077 4593 bis
1116 4537 1383 4594 bonorum
1421 4540 1494 4594 sit
1531 4555 1755 4611 operum
1785 4557 1933 4598 cura.
1967 4541 2058 4598 Sic
2157 4546 2249 4603 Isti
2278 4557 2403 4604 sunt
2429 4549 2522 4619 qui
2557 4565 2680 4605 cum
2710 4565 2810 4605 nec
2854 4549 3112 4606 fabricam
3139 4549 3263 4605 cmli
3309 4558 3366 4604 et
3407 4558 3561 4605 terrm
3583 4563 3718 4604 sensu

460 4631 606 4687 enim
647 4631 832 4686 scribit
874 4630 942 4686 ad
985 4629 1165 4686 Titum
1191 4649 1203 4684 :
1236 4630 1304 4685 Et
1325 4632 1387 4688 de
1407 4634 1486 4688 his
1516 4635 1629 4690 vola
1653 4643 1698 4690 te
1719 4637 2052 4707 conﬁrmare,
2083 4638 2137 4700 D
2160 4639 2416 4709 colligere
2444 4649 2499 4697 et
2519 4657 2716 4712 capere
2748 4641 2986 4708 valeant,
3019 4642 3192 4714 ipsum
3220 4641 3556 4698 conditorem
3581 4649 3629 4696 et
3653 4639 3719 4694 fa-

463 4735 563 4780 ἰιι
587 4737 765 4781 Curam
794 4726 1020 4781 habeant
1047 4726 1295 4783 bonorum
1324 4732 1410 4801 qui
1439 4731 1656 4786 credunt
1676 4734 1732 4786 in
1759 4731 1890 4788 Deo.
1925 4732 2057 4789 Haec
2163 4731 2489 4789 bricatorem
2517 4733 2687 4789 Deum
2725 4748 2920 4806 capere
2950 4742 3004 4790 et
3045 4749 3360 4790 mensurare
3388 4733 3716 4797 contendunt;

429 4826 608 4883 ‘sunt,
633 4816 832 4886 inquit,
875 4815 1010 4872 bona
1036 4826 1086 4872 et
1113 4818 1262 4872 utilia
1301 4819 1610 4876 hominibus.
1646 4820 1850 4878 Stultus
1881 4833 2054 4879 autem

459 4911 765 4981 quattiones
793 4917 844 4964 et
869 4909 1196 4982 genealogias
1225 4919 1276 4964 et
1295 4912 1440 4966 rixas
1463 4921 1513 4966 et
1533 4928 1730 4985 pugnas
1760 4914 1886 4986 legis
1913 4914 2054 4971 devi-

456 5011 548 5068 ta;
580 5011 700 5056 sunt
727 5003 865 5056 enim
891 5003 1099 5056 inutiles
1120 5011 1170 5056 et
1196 5019 1346 5059 vana:
1381 5002 1508 5075 (Tit.
1543 5022 1617 5073 ιιι,
1651 5004 1727 5076 8).
1761 5005 1890 5063 Haec
1914 5009 2049 5064 scri-

454 5092 588 5149 bens
613 5094 808 5149 beatus
833 5092 1144 5164 Apostolus,
1167 5093 1281 5164 jam
1319 5102 1449 5152 tunc
1485 5097 1814 5168 prmvidebat
1841 5099 2052 5156 futuros

454 5183 703 5241 homines
729 5185 820 5256 qui
847 5199 946 5257 per
967 5186 1335 5242 curiositatem
1362 5196 1419 5243 et
1455 5189 1782 5258 qmestiones
1836 5190 2052 5248 inutiles

455 5291 642 5333 curam
667 5278 936 5335 bonorum
962 5294 1189 5351 operum
1207 5281 1622 5352 prmtermissuri
1647 5293 1802 5340 erant
1826 5303 1841 5352 ;
1873 5294 1929 5342 et
1954 5301 2052 5358 pa-

454 5382 595 5438 cem,
633 5385 795 5440 quam
824 5369 1083 5428 Dominus
1107 5370 1361 5430 Ecclesia:
1399 5389 1510 5430 suae
1537 5375 1846 5446 reliquerat,
1870 5378 2052 5449 perdi-

533 5539 560 5571 ι
584 5529 812 5602 Vulgata
851 5531 976 5587 novi
991 5531 1335 5602 ,Testamenti
1364 5535 1549 5602 editio,
1590 5544 1647 5590 ut
1683 5544 1862 5590 curent
1894 5534 2038 5592 bonis

2163 4834 2218 4880 et
2248 4842 2410 4897 quem
2438 4827 2636 4882 debent
2661 4843 2760 4898 per
2781 4842 3007 4898 Operum
3031 4825 3536 4897 magnitudinemct
3569 4831 3717 4879 tanta-

2160 4932 2280 4972 rum
2316 4932 2499 4973 rerum
2537 4918 2955 4973 immensitatem
2983 4916 3324 4974 solummodo
3355 4925 3412 4972 et
3439 4913 3718 4986 simpliciter

2161 5008 2409 5076 adorare,
2471 5009 2526 5064 in
2578 5011 2931 5080 quaestionem
2975 5011 3244 5078 mittunt;
3291 5017 3345 5065 et
3386 5008 3454 5065 de
3494 5006 3719 5079 qualitate

2163 5102 2406 5173 mysterii
2453 5100 2570 5172 ejus
2615 5117 2679 5157 ac
2697 5101 2767 5158 de
2785 5101 3086 5172 quantitate
3124 5100 3423 5172 disputant,
3462 5101 3716 5157 dicentes:

2161 5192 2406 5261 Quantus
2453 5191 2655 5250 Pater?
2695 5193 2873 5264 qualis
2919 5191 3129 5248 Filius?
3175 5191 3477 5263 cujusmodi
3523 5188 3720 5262 Spiritus

2160 5287 2420 5342 sanctus?
2462 5284 2507 5340 Ο
2553 5287 2737 5354 homo,
2797 5285 3040 5342 nondum
3076 5293 3134 5344 te
3179 5285 3357 5359 ipsum
3397 5295 3721 5358 cognoscent,

2161 5379 2326 5438 audes
2353 5381 2532 5437 divina
2560 5380 2784 5437 metiri?
2891 5434 2893 5436 .

2147 5534 2387 5610 Nicetam
2411 5553 2626 5610 quoque
2665 5547 2910 5597 nostrum
2942 5553 3066 5596 cum
3098 5537 3275 5597 fructu
3291 5535 3405 5610 jam
3433 5533 3722 5610 respiciet“:

454 5601 956 5684 gperibuaiprwesge.
989 5601 1169 5684 I_lti_t_ur
1195 5619 1325 5684 ergo
1349 5604 1762 5684 Nicetagjsicut
1789 5607 1949 5684 etiam
1979 5607 2033 5662 in
2141 5609 2295 5678 cujus
2319 5611 2396 5664 rei
2424 5601 2596 5684 gratia
2626 5612 2775 5684 locos
2800 5610 3052 5684 editionis
3066 5601 3374 5684 vulgatrc'in
3402 5601 3632 5684 margine
3648 5602 3721 5684 de

505 5671 846 5757 xplanatione
872 5672 1135 5757 Symboli)
1181 5671 1488 5757 antiquiore
1529 5671 1822 5757 Bibliornm
1866 5678 2032 5732 inter—
2141 5671 2481 5757 m6nst_ravi‘._
2501 5681 2633 5757 [Nos
2663 5683 2804 5740 intra
2832 5671 3187 5755 parentheses
3211 5683 3269 5740 in
3294 5689 3450 5740 textu
3471 5671 3721 5746 ἀέξειὶβῶ

454 5745 777 5823 pretatione,
808 5745 935 5823 quae
953 5761 986 5800 a
1013 5745 1228 5823 vulgata
1260 5762 1410 5823 saepe
1449 5749 1689 5823 recedit;
1719 5749 1812 5823 qui
1851 5757 2042 5823 autem
2139 5766 2276 5809 mus.
2307 5751 2482 5823 Enna]

458 5812 576 5886 'ejus
599 5812 1058 5884 interpretationis
1083 5812 1592 5886 reliquias'studiose
1611 5812 1952 5889 conquirunt,
1982 5822 2048 5876 ad
