3924 6368
191 453 288 514 μ,
1478 432 1569 488 ns
1608 431 1912 488 amona
1951 431 2157 492 FlDEl.
3347 437 3456 502 tto

247 561 298 618 2.
326 559 393 615 Et
415 555 635 630 quidem
661 561 817 611 taceo
843 551 914 608 de
949 548 1185 608 Sabellio
1207 546 1628 619 Patripassiano,
1659 547 1752 618 qui
1780 552 1832 611 Α
1856 548 2039 619 utique
2065 549 2112 606 si
2154 561 2313 607 verus
2355 555 2442 606 est
2477 548 2576 606 Dei
2602 547 2788 616 Filius,
2822 557 2879 604 et
2902 562 3032 605 vere
3051 547 3122 606 de
3149 548 3265 607 Deo
3293 546 3458 610 Patre

189 655 336 713 stulta
361 647 779 723 przesumptione
801 659 962 700 ausus
982 649 1068 700 est
1093 641 1272 698 dicere
1302 641 1479 713 ipsum
1505 655 1625 697 esse
1652 639 1757 696 Pa-
1862 648 1947 696 est
1971 640 2206 710 genitus,
2255 655 2368 697 non
2413 640 2599 712 utique
2639 640 2860 697 alterius
2885 641 3201 697 substantia:
3228 649 3314 698 est
3338 657 3459 701 cre-

189 760 311 804 trem
336 743 428 814 qui
455 747 541 797 est
568 738 760 805 Filius;
792 737 967 808 ipsum
994 735 1158 792 etiam
1195 749 1314 790 esse
1353 733 1611 804 Spiritum
1637 749 1761 790 san-
1861 731 2087 800 dendus,
2120 732 2224 789 nisi
2251 731 2369 804 ejus
2389 731 2545 802 cujus
2572 740 2657 788 est
2685 731 2861 789 ﬁlius:
2891 741 2950 788 ut
2973 733 3114 790 sicut
3131 731 3294 790 Pater
3313 733 3460 792 Deus

187 847 317 896 ctum
343 852 354 887 :
384 841 440 890 et
467 831 688 888 nomine
706 835 918 885 tantum
944 843 1065 884 esse
1091 826 1427 892 Trinitatem,
1460 841 1570 881 non
1597 825 1761 880 etiam
1863 830 1966 889 est,
1999 823 2072 878 ita
2099 823 2242 879 Deus
2261 822 2332 879 sit
2359 821 2527 879 Filius
2551 840 2564 878 :
2594 831 2650 879 et
2675 822 2816 879 sicut
2841 823 3024 879 lumen
3069 820 3232 879 Pater
3256 831 3357 891 est,
3381 825 3458 883 ita
3507 817 3541 885 ἕ

189 931 428 992 veritate;
461 941 566 982 nec
590 923 836 996 personis
874 922 1188 988 subsistere,
1220 919 1315 976 sed
1343 920 1459 976 sola
1486 936 1762 991 nuncupa—
1862 917 2046 974 lumen
2074 918 2145 974 sit
2163 917 2347 974 Filius.
3494 911 3540 993 f"

188 1026 320 1080 tione
349 1039 362 1074 :
390 1035 456 1074 ac
482 1018 565 1074 sic
605 1024 776 1073 totum
824 1013 1123 1080 confundit,
1166 1028 1290 1069 cum
1327 1013 1500 1084 ipsum
1543 1010 1762 1068 Patrem
1933 1011 1985 1065 4.
2029 1010 2138 1068 Sed
2159 1009 2383 1068 oﬁ'endit
2409 1011 2715 1081 aliquantos
2735 1012 2850 1068 haec
2876 1011 2991 1084 ipsa
3021 1013 3302 1084 professio,
3351 1029 3460 1084 qua

189 1129 369 1186 corpus
407 1110 714 1181 suscepisse
759 1117 815 1164 et
859 1123 1076 1180 passum
1117 1121 1238 1163 esse
1275 1107 1551 1176 conﬁngit.
1587 1104 1763 1162 Taceo
1863 1103 2101 1160 creditur
2127 1103 2322 1160 Filium
2349 1103 2594 1174 ejusdem
2614 1119 2736 1161 esse
2761 1104 3093 1172 substantiae,
3142 1113 3199 1161 et
3224 1120 3325 1177 per
3369 1121 3461 1162 ca—

189 1210 248 1264 de
273 1216 298 1246 ι
323 1203 576 1269 Photino,
619 1202 711 1273 qui
740 1201 966 1257 audiens
995 1198 1256 1269 unigeniti
1297 1198 1418 1253 Filii
1446 1197 1546 1254 Dei
1586 1197 1764 1253 incar-
1865 1196 2094 1252 lumnias
2121 1195 2385 1267 professio
2424 1203 2610 1253 sancta
2653 1203 2956 1267 torquetur.
3007 1195 3141 1251 Nam
3179 1196 3260 1254 sic
3293 1196 3462 1253 inter-

192 1301 464 1362 nationem,
495 1296 874 1363 humilitatem,
906 1295 1216 1366 passionem
1242 1307 1460 1364 quoque
1505 1292 1652 1348 illam
1673 1307 1762 1348 sa-
1862 1297 2144 1360 pretantur
2163 1289 2322 1345 unius
2347 1289 2656 1345 substantiae
2683 1289 2903 1356 dicttun,
2925 1290 3080 1360 quasi
3099 1305 3200 1346 nos
3230 1288 3462 1346 divisum

191 1390 436 1448 lutiferam
485 1388 665 1453 nobis,
728 1387 1005 1443 hominem
1071 1392 1282 1442 tantum
1343 1401 1465 1441 eum
1514 1385 1760 1456 putavit;
1864 1381 2104 1438 dicamus
2145 1381 2392 1450 Patrem;
2434 1391 2491 1439 et
2525 1398 2653 1454 pars
2691 1381 2868 1438 Patris
2908 1383 2980 1438 sit
3005 1382 3203 1451 Filius;
3235 1392 3292 1440 et
3318 1384 3465 1440 Deus

190 1484 338 1540 Deum
365 1489 567 1547 autem,
599 1494 762 1550 quem
802 1479 990 1536 debuit
1029 1494 1096 1536 ex
1135 1479 1266 1551 ipsis
1294 1478 1550 1550 operibus
1595 1491 1763 1548 agno-
1867 1474 2028 1533 Pater
2054 1476 2125 1532 sit
2151 1477 2466 1532 imminutus
2493 1475 2548 1532 in
2570 1474 2708 1532 Filio
2733 1493 2746 1530 :
2777 1475 2866 1532 vel
2892 1483 3043 1531 certe
3068 1491 3167 1547 per
3185 1473 3388 1532 ﬁuxum
3407 1483 3466 1533 et

191 1589 326 1631 scere
347 1613 362 1640 ,
410 1571 705 1641 denegavit
731 1589 743 1624 :
768 1571 970 1626 oblitus
994 1570 1200 1627 dictum
1219 1569 1467 1642 Apostoli
1495 1569 1759 1625 dicentis:
1865 1570 2253 1627 derivationem
2281 1569 2446 1627 Filius
2474 1578 2716 1641 paterna:
2743 1569 3059 1626 substantiae
3087 1570 3323 1626 retineat
3349 1571 3465 1627 uni-

1865 1671 2051 1720 tatem.
2076 1662 2231 1731 Quod
2259 1664 2398 1719 absit
2418 1678 2528 1720 non
2555 1663 2730 1719 solum
2751 1678 2783 1717 a
2803 1662 3071 1727 sensibus.
3103 1663 3200 1719 sed
3221 1661 3464 1719 etiamab

193 1759 340 1828 cepit;
372 1765 428 1809 ut
455 1753 636 1821 nobis,
662 1755 738 1809 uti
769 1755 926 1810 servis
956 1755 1152 1826 peccati
1184 1754 1332 1808 daret
1362 1754 1679 1808 uerissimam
1699 1752 1766 1807 Ii-
1865 1757 2084 1813 auribus
2101 1755 2438 1824 Christianis,
2452 1765 2514 1814 ut
2533 1757 2640 1813 tale
2659 1756 2862 1827 aliquid
2882 1756 2937 1812 in
2959 1765 3197 1812 mentem
3218 1763 3462 1813 nostram

195 1851 412 1904 bertatem
460 1845 698 1919 (Philip.
735 1863 794 1910 ιι,
839 1844 927 1916 6).
974 1843 1043 1900 Et
1070 1845 1136 1901 ad
1172 1843 1484 1901 Corinthios
1517 1863 1528 1898 :
1573 1843 1760 1911 Scitis,
1864 1849 2065 1904 veniat.
2097 1848 2208 1905 Nos
2231 1858 2413 1906 autem
2440 1849 2518 1906 sic
2545 1850 2706 1905 unius
2733 1849 3047 1905 substantia:
3075 1849 3346 1905 credimus
3372 1847 3466 1905 Fi-

195 1939 272 2004 ait,
299 1939 515 2011 gratiam
545 1935 766 1992 Domini
786 1938 952 1992 nostri
989 1935 1115 1992 Jesu
1143 1935 1354 2003 Christi,
1399 1938 1521 2009 quia
1558 1946 1766 2008 propter

1891 1941 2020 2008 ium,
2050 1949 2112 1996 ut
2138 1939 2355 1997 Patrem
2382 1941 2665 1998 credamus
2708 1941 2764 1996 in
2809 1957 2906 1997 sua
2945 1942 3249 1998 aeternitate
3289 1940 3468 2013 perfe-

195 2048 273 2086 nos
290 2046 475 2102 pauper
498 2031 672 2102 factus
700 2037 795 2094 est,
821 2045 935 2083 cum
965 2037 1098 2083 esset
1121 2028 1279 2094 dives,
1321 2037 1378 2082 ut
1404 2029 1516 2100 ejus
1544 2045 1766 2101 pauper-
1869 2041 2001 2100 tum,
2034 2033 2088 2088 in
2125 2048 2223 2089 sua
2261 2048 2477 2104 quoque
2505 2043 2531 2082 ε
2553 2033 2982 2105 impassibilitate
3031 2041 3358 2100 manentem,
3391 2034 3468 2090 ita

198 2136 283 2180 tate
303 2125 473 2178 divites
505 2125 686 2180 essetis
710 2122 729 2195 (
751 2123 795 2178 ll
823 2121 942 2178 Cor.
970 2139 1081 2189 \‘lll,
1106 2121 1182 2193 9).
1200 2121 1380 2178 Taceo
1409 2136 1538 2192 ergo
1563 2131 1673 2177 tam
1699 2121 1768 2178 de
1868 2121 2063 2178 Filium
2103 2137 2409 2192 generasse,
2441 2134 2503 2180 ut
2543 2141 2653 2182 non
2679 2127 2986 2196 passionem
3016 2127 3249 2197 aliquam
3278 2127 3366 2183 vel
3386 2127 3469 2184 di-

1869 2216 2228 2273 minutionem
2273 2218 2504 2274 senserit
2531 2233 2641 2274 sua:
2666 2226 2873 2274 naturae
2910 2234 3128 2288 sumque
3146 2219 3467 2288 majestatis.

1869 2307 1966 2364 sed
1987 2309 2261 2379 perlectus
2288 2308 2403 2379 ipse
2425 2308 2724 2380 perfectum
2745 2310 2814 2365 de
2836 2325 2895 2365 se
2917 2309 3165 2380 genuerit
3191 2318 3317 2365 ante
3352 2324 3470 2364 om.

1871 2399 1961 2455 nia
1989 2400 2183 2456 stecula
2211 2415 2400 2456 verum
2439 2399 2636 2456 Filium
2679 2401 3130 2473 omnipotentem,
3173 2416 3274 2472 per
3308 2415 3471 2471 quem

1871 2493 2077 2550 scilicet
2103 2493 2284 2548 omnia
2309 2493 2451 2550 facta
2489 2501 2636 2558 sunt,
2667 2495 2787 2551 sine
2809 2510 2919 2565 quo
2947 2493 3149 2550 factum
3189 2500 3272 2549 est
3298 2492 3430 2548 nihil
3455 2509 3470 2545 :

1872 2592 1933 2640 ut
1957 2600 2119 2641 verus
2146 2583 2309 2641 Pater
2331 2585 2594 2656 unigeniti
2623 2585 2741 2642 Filii
2769 2587 2873 2654 sui,
2904 2593 2959 2642 et
2980 2601 3139 2642 verus
3167 2583 3335 2640 Filius
3362 2582 3474 2640 Pa-

1873 2676 2104 2733 trisesse
2124 2677 2394 2746 credatur,
2418 2694 2527 2733 non
2547 2677 2821 2743 confusus,
2846 2677 2942 2734 sed
2961 2677 3275 2742 distinctus;
3291 2674 3474 2730 omnia

1875 2779 2056 2828 tamen
2076 2771 2282 2827 habens
2301 2771 2356 2827 in
2384 2786 2445 2828 se
2465 2771 2630 2828 Filius
2654 2785 2774 2841 qua:
2791 2777 2918 2826 sunt
2959 2768 3154 2836 Patris,
3185 2768 3327 2824 sicut
3354 2767 3475 2838 ipse

1873 2864 1950 2918 ait
1977 2864 2032 2918 in
2060 2861 2354 2933 Evangelia
2381 2882 2394 2917 :
2430 2861 2642 2929 Omnia,
2666 2879 2780 2935 qua:
2807 2860 2961 2917 habet
2987 2860 3170 2927 Pater,
3201 2875 3318 2914 mea
3353 2864 3474 2913 sunt

1876 2957 2057 3030 (Joau.
2089 2974 2197 3024 xvr,
2236 2955 2347 3026 15).
2391 2955 2522 3024 Quae
2559 2956 2649 3012 illa
2698 2955 2914 3011 omnia?
2954 2954 3140 3025 utique
3175 2953 3432 3008 virtutem
3453 2990 3471 3016 ,

202 3069 307 3110 vere
346 3054 502 3110 habet
541 3052 808 3108 Patrem:
840 3050 937 3108 sed
961 3067 1086 3108 cum
1109 3067 1170 3106 se
1196 3051 1438 3108 extendit
1475 3050 1678 3117 infelix,
1719 3057 1776 3108 et
1877 3052 2060 3122 utique
2103 3052 2421 3122 potentiam,
2470 3051 2799 3114 bonitatem,
2843 3047 3263 3120 incorruptelam
3283 3085 3300 3111 ,
3354 3043 3474 3115 glo-

203 3144 295 3200 rult
317 3145 592 3215 inquirere
618 3142 890 3215 quomodo
927 3151 983 3200 et
1010 3143 1242 3214 qualiter
1281 3142 1424 3199 Deus
1467 3143 1645 3214 potuit
1681 3156 1775 3213 ge-
1875 3148 2012 3204 riam
2061 3155 2118 3205 et
2162 3148 2539 3214 mternitatem,
2583 3145 2724 3202 sicut
2767 3144 2934 3200 habet
2977 3141 3156 3198 Pater.
3207 3138 3472 3197 Caeterum

207 3253 387 3305 nerare,
432 3237 663 3293 modum
701 3252 812 3292 non
837 3234 1267 3307 apprehendens,
1291 3231 1319 3272 ά
1348 3235 1474 3304 quia
1505 3251 1606 3291 nec
1631 3249 1775 3291 com-
1876 3242 1923 3296 si
1980 3241 2095 3297 haec
2129 3257 2241 3297 non
2287 3247 2446 3296 erunt
2492 3240 2546 3294 in
2587 3237 2758 3304 Filio,
2804 3251 2998 3293 vereor
3049 3234 3262 3300 dicere,
3314 3231 3474 3286 Pater

205 3329 432 3398 Ρηδθηάί
457 3335 668 3400 Potest:
695 3327 890 3383 οθοίάίῑ
909 3326 964 3381 in
992 3341 1251 3393 errorem.
1274 3334 1334 3382 ιη
1359 3335 1414 3381 ει
1443 3325 1657 3382 Patrem
1685 3326 1774 3383 de-
1799 3324 1847 3391 C
1876 3333 1932 3388 in
1982 3331 2119 3389 Filio
2172 3331 2528 3402 degenerasse
2584 3330 2848 3386 videatur.
2893 3327 2964 3383 Et
3001 3328 3047 3383 si
3091 3327 3197 3383 hoc
3250 3326 3323 3381 ita
3390 3331 3478 3378 est

207 3429 397 3493 negaret
422 3430 476 3477 et
495 3419 720 3476 Filium.
745 3417 836 3476 Sic
856 3426 1038 3474 autem
1059 3427 1222 3488 negat
1240 3416 1475 3486 Patrem,
1499 3419 1626 3488 quia
1645 3418 1778 3475 dicit
1877 3432 1939 3480 ut
1979 3423 2216 3493 degener
2241 3423 2409 3478 Filius
2445 3423 2759 3489 testimetur,
2789 3419 3066 3490 quomodo
3108 3417 3249 3473 idem
3295 3417 3474 3470 honor

207 3528 308 3569 eum
333 3530 434 3570 non
456 3515 710 3586 potuisse
745 3513 813 3569 de
861 3528 920 3568 se
947 3513 1224 3583 proprium
1254 3519 1309 3568 et
1351 3528 1536 3568 verum
1581 3512 1777 3570 Filium
1878 3518 1998 3590 ipso
2039 3517 2254 3573 dicente
2293 3516 2544 3581 Domino,
2592 3525 2650 3569 ut
2691 3531 2866 3570 omnes
2910 3512 3250 3582 honoriﬁcent
3276 3507 3477 3564 Filium

207 3619 436 3675 generare
460 3624 472 3660 :
497 3605 701 3661 Filium
721 3620 852 3660 vero
873 3605 952 3660 sic
972 3613 1150 3673 negat,
1178 3602 1307 3658 dum
1331 3619 1454 3659 eum
1482 3604 1698 3660 aliunde
1725 3614 1780 3660 et
1877 3613 2012 3667 sicut
2049 3611 2402 3682 honoriﬁcam
2451 3607 2667 3664 Patrem
2715 3607 2896 3680 (Joan.
2927 3623 2983 3674 v,
3013 3604 3142 3676 23)?
3169 3602 3283 3660 Hoc
3310 3601 3479 3671 exigit

209 3695 263 3751 de
285 3697 431 3752 nullis
458 3696 805 3752 exstantibus
850 3693 980 3750 dictt
1026 3692 1224 3748 factum
1251 3709 1370 3749 esse
1398 3695 1579 3765 potius
1614 3710 1778 3766 quam
1879 3701 2158 3764 Dominus,
2206 3700 2312 3755 hoc
2338 3699 2595 3755 exhibent
2640 3697 2863 3754 ﬁdeles:
2894 3710 2997 3753 nec
3046 3693 3481 3751 scandalizantur

210 3787 450 3856 εειιὶιωιη
498 3797 564 3844 et
602 3795 905 3842 creaturam
934 3799 1055 3840 esse
1079 3785 1387 3854 quamdam.
1435 3801 1554 3855 qua:
1581 3787 1781 3843 meruit
1879 3793 1948 3850 de
1977 3793 2280 3849 humilitate
2302 3790 2424 3846 Filii
2451 3790 2766 3855 Salvatoris,
2799 3803 2902 3846 nec
2925 3788 2994 3844 de
3012 3787 3193 3844 verbis
3220 3785 3338 3856 ejus
3357 3797 3478 3854 qua:

212 3887 404 3950 propter
445 3879 772 3935 charitatem
805 3875 968 3932 Filius
996 3877 1283 3948 appellari;
1321 3891 1428 3933 non
1451 3886 1632 3934 autem
1653 3893 1780 3936 vere

1891 3886 2178 3944 secundum
2226 3886 2503 3943 hominem
2530 3885 2744 3942 locutus
2769 3891 2886 3950 est;
2912 3896 3089 3952 neque
3127 3880 3194 3936 de
3216 3877 3483 3951 passioni-

1881 3981 2002 4047 bus,
2042 3994 2176 4050 quas
2227 3985 2453 4049 propter
2497 3975 2685 4032 mundi
2723 3975 2952 4032 salutem
2981 3973 3205 4044 implere
3233 3971 3484 4039 dignatus

1883 4081 2004 4130 est:
2034 4073 2131 4129 sed
2157 4088 2257 4144 per
2283 4073 2399 4128 h:ee
2440 4072 2555 4142 ipsa
2603 4069 2723 4141 plus
2749 4085 2810 4125 se
2849 4068 3054 4137 gratim,
3098 4067 3221 4137 plus
3257 4062 3485 4120 honoris

1882 4168 2082 4224 debere
2103 4167 2345 4222 sentiunt
2363 4163 2613 4220 Christo:
2647 4171 2707 4218 ut
2730 4170 2786 4218 et
2804 4162 2851 4218 si
2865 4177 2974 4217 non
2993 4167 3138 4216 esset
3151 4163 3482 4228 prmceptum

1882 4261 1937 4314 in
1953 4259 2248 4328 Evangelia
2263 4267 2323 4313 ut
2342 4272 2532 4313 omnes
2546 4253 2906 4311 honoriﬁcent
2927 4252 3120 4308 Filium
3145 4251 3285 4306 sicut
3303 4249 3479 4304 hono-

1885 4349 2098 4406 riﬁcant
2128 4349 2363 4415 Patrem,
2396 4348 2538 4402 ultro
2578 4347 2682 4402 hoc
2727 4344 2968 4400 facerent
3015 4342 3323 4398 ﬁdeliores:
3356 4339 3484 4411 quia

1884 4441 1974 4497 ille
2001 4441 2094 4511 qui
2132 4456 2192 4496 se
2220 4439 2508 4494 humiliare
2530 4439 2780 4507 dignatus
2809 4444 2911 4502 est,
2943 4434 3171 4491 exaltari
3199 4433 3481 4498 debuerat,

1884 4532 2024 4587 sicut
2066 4530 2328 4602 scriptum
2367 4538 2470 4594 est,
2496 4525 2597 4594 Qui
2635 4544 2692 4582 se
2710 4527 2968 4592 humiliat,
2991 4525 3308 4582 exaltabitur
3329 4521 3484 4596 (Luc.

191 1664 214 1706 δ
228 1663 349 1731 Quia
366 1680 482 1718 cum
501 1664 562 1718 in
583 1665 756 1735 [arma
774 1660 873 1717 Dei
884 1671 1017 1717 esset
1027 1660 1282 1729 Christus,
1301 1663 1524 1734 formam
1533 1662 1665 1717 servi
1684 1676 1767 1715 ac-

197 2218 404 2276 Sabellio
437 2233 604 2288 quam
646 2218 715 2274 de
738 2215 994 2282 Photino,
1019 2218 1148 2288 quia
1175 2217 1243 2273 ab
1273 2217 1523 2274 omnibus
1551 2217 1665 2274 fere
1684 2233 1770 2276 eo-

198 2312 350 2369 clesiis
376 2311 594 2380 dignam
616 2312 790 2367 errori
813 2327 912 2366 suo
942 2312 1268 2366 sententiam
1296 2311 1621 2366 detulerunt.

254 2403 298 2457 5.
336 2401 409 2458 De
433 2401 537 2457 hac
567 2401 784 2468 hxeresi,
817 2416 936 2472 qua:
963 2416 1107 2456 nunc
1125 2401 1250 2456 ﬁdei
1271 2400 1548 2456 catholica:
1567 2401 1770 2458 calum-

202 2497 384 2563 niatur,
457 2510 639 2566 pauca
687 2495 870 2550 dicere
926 2493 1269 2566 postulastis;
1319 2493 1388 2549 de
1440 2494 1541 2550 hac
1586 2494 1771 2564 utique

202 2603 217 2629 ε
235 2589 425 2653 heresi,
439 2603 560 2660 qua:
589 2589 658 2644 ab
675 2588 804 2644 Ario
833 2595 1054 2642 auctore
1081 2594 1271 2642 exorta
1293 2594 1396 2642 est.
1419 2585 1517 2641 Hic
1538 2601 1771 2656 namque

201 2699 288 2740 non
312 2681 405 2738 fuit
437 2688 735 2737 contentus
762 2679 1100 2750 Evangelicis
1127 2679 1368 2744 vocibus,
1401 2679 1772 2750 apostolorum

201 2774 669 2846 prtedicationibus,
687 2788 808 2844 qua:
831 2771 1015 2842 utique
1026 2770 1263 2838 Patrem,
1282 2779 1337 2828 et
1356 2769 1568 2838 Filium,
1583 2779 1639 2826 et
1658 2769 1773 2842 Spi-

202 2868 338 2924 ritum
363 2875 616 2924 sanctum
645 2874 880 2922 sonant:
912 2881 1014 2921 nec
1057 2864 1308 2934 dignatus
1335 2872 1419 2920 est
1456 2863 1550 2930 ita,
1590 2871 1650 2920 ut
1685 2863 1771 2920 di-

199 2975 336 3031 gnum
360 2969 458 3028 est,
488 2960 742 3028 credere,
763 2959 890 3030 quia
919 2959 1081 3015 Pater
1106 2959 1272 3014 habet
1291 2957 1502 3026 Filium,
1527 2967 1583 3015 et
1606 2957 1774 3015 Filius

211 3988 312 4030 esse
328 3972 510 4029 Filium
530 3973 632 4044 qui
659 3972 728 4028 de
746 3971 908 4027 Patre
935 3972 1006 4026 sit
1024 3969 1236 4040 genitus
1261 3988 1272 4024 :
1305 3979 1361 4026 et
1390 3971 1514 4028 inde
1533 3981 1618 4028 est
1635 3972 1781 4043 quod

212 4064 404 4120 alterius
422 4080 546 4120 eum
571 4063 887 4120 substantias
913 4069 1309 4117 commentatus
1337 4070 1437 4129 est,
1465 4077 1534 4117 ne
1559 4063 1780 4119 omnino

213 4153 364 4212 Patris
381 4173 538 4213 verus
571 4155 738 4210 Filius
784 4169 902 4211 esse
930 4153 1200 4210 credatur.
1227 4152 1429 4210 Contra
1472 4155 1612 4209 hanc
1651 4168 1781 4224 ergo

213 4247 312 4318 ejus
364 4249 773 4318 perversitatem
814 4255 870 4303 et
913 4262 1112 4301 novam
1158 4245 1459 4302 doctrinam
1505 4245 1646 4302 facta
1700 4256 1784 4303 est

216 4339 448 4398 eNicaena
487 4341 747 4415 synodus,
799 4339 890 4394 ubi
910 4339 1159 4395 omnibus
1197 4338 1408 4395 collatis
1456 4346 1510 4394 et
1537 4339 1776 4394 decursis

213 4434 484 4506 scripturis,
525 4435 730 4490 veritas
776 4432 1117 4489 manifestata
1145 4441 1248 4497 est,
1291 4433 1490 4504 scripta
1519 4441 1618 4488 est.
1645 4433 1780 4488 Nam

213 4524 418 4597 denique
466 4527 681 4593 Filium,
719 4542 880 4597 quem
926 4527 1085 4582 Arius
1113 4526 1326 4582 dixerat
1347 4526 1562 4582 aliunde
1583 4542 1702 4583 esse
1727 4536 1783 4582 et

215 4633 307 4673 non
331 4619 395 4676 de
420 4619 600 4688 Patre,
631 4635 806 4690 neque
833 4619 900 4676 de
928 4619 1226 4701 substantia
1255 4616 1448 4685 Patris,
1495 4619 1546 4675 id
1587 4628 1669 4675 est
1713 4620 1782 4677 de
1885 4640 1994 4691 xiv,
2028 4622 2140 4695 ll).

214 4725 270 4767 eo
295 4714 402 4785 ipso
429 4717 572 4786 quod
611 4716 754 4771 Deus
774 4722 874 4778 est,
903 4713 1076 4769 sancti
1124 4723 1308 4784 patres
1346 4715 1515 4769 nostri
1557 4714 1784 4785 professi
1817 4708 1865 4770 [ἱ
1963 4715 2013 4772 5.
2057 4715 2127 4772 At
2154 4730 2275 4772 cum
2297 4713 2458 4769 Pater
2484 4714 2648 4776 dicat,
2682 4712 2784 4768 Hic
2807 4722 2883 4768 est
2912 4711 3084 4766 Filius
3103 4727 3266 4776 meus,
3299 4706 3329 4747 δ
3349 4707 3485 4762 hunc

214 4813 322 4858 sunt
356 4815 536 4862 natum
575 4807 644 4862 de
684 4804 864 4870 Patre,
905 4805 1010 4860 hoc
1048 4811 1130 4860 est
1167 4803 1234 4859 de
1261 4805 1559 4860 substantia
1583 4805 1776 4875 Patris,

218 4893 394 4953 ‘Deum
412 4899 479 4954 de
500 4899 632 4966 Deo,
651 4899 827 4953 lumen
847 4896 915 4952 de
941 4896 1160 4958 lumine,
1186 4896 1356 4952 Deum
1380 4914 1564 4953 verum
1583 4898 1652 4955 de
1671 4898 1785 4956 Deo

216 5000 344 5054 vero,
373 4997 554 5045 uatum
575 5005 685 5044 non
707 4988 925 5054 factum,
943 4987 1101 5043 unius
1121 4988 1433 5044 substantia:
1447 5005 1569 5045 cum
1590 4988 1780 5057 Patre;

217 5086 266 5131 ut
305 5082 442 5138 nulla
480 5083 665 5152 utique
703 5080 989 5136 diversitas
1010 5078 1260 5134 credatur
1288 5080 1342 5135 in
1381 5079 1538 5137 Filio.
1573 5081 1782 5139 Revera

279 5271 301 5299 ⁸
319 5261 445 5318 Cod.
470 5265 574 5321 hoc
591 5264 713 5320 loco
731 5261 1010 5329 mendose,
1032 5258 1348 5326 Fotiniano;
1370 5263 1465 5317 sed
1481 5272 1624 5320 recte
1641 5267 1788 5322 alibi.

277 5331 299 5368 δ
337 5333 580 5407 |}a_cod.,
613 5351 721 5407 non
747 5334 854 5407 qui.

281 5413 300 5474 ξ
337 5402 465 5460 Cod.
497 5406 603 5462 hoc
629 5402 992 5469 loco'luerese,
1023 5412 1080 5458 at
1099 5403 1344 5474 superius
1371 5403 1573 5460 ltwresi.

279 5469 300 5508 δ
339 5476 647 5532 Ambrosius
669 5483 858 5532 contra
880 5469 1180 5530 Palladium
1201 5473 1298 5546 lib.
1329 5491 1382 5538 ιι,
1413 5491 1532 5546 cap.
1557 5476 1591 5531 8
1619 5495 1631 5531 :
1659 5477 1790 5535 Hcce

223 5552 450 5617 estcausa
471 5549 680 5613 erroris,
705 5546 814 5617 haec
842 5548 987 5617 origo
1025 5545 1236 5601 haeresis
1266 5545 1496 5612 Ariante,
1528 5547 1649 5604 dum
1687 5565 1793 5606 non

222 5613 488 5691 intelligunt
508 5619 740 5672 virtutem
765 5616 879 5691 Dei,
911 5613 1072 5691 neque
1113 5617 1242 5691 tanti
1283 5621 1595 5691 sacramenti
1621 5620 1795 5691 dispo-

224 5685 754 5758 sitionemAagnoscunt,
769 5696 824 5740 ut
840 5685 1259 5758 Deumihumanis
1272 5687 1649 5746 conditionibus
1662 5685 1796 5746 cum.

226 5765 403 5834 parent.
419 5754 545 5823 Quae
564 5759 726 5834 verba
748 5766 942 5814 cuncta
962 5757 1284 5834 adamussim
1301 5760 1797 5834 exscribi‘tPhteba-

221 5821 536 5968 ἓξὲξ..
556 5828 648 5886 Ar.
671 5845 856 5901 opusc.
880 5845 936 5897 ιι,
965 5844 1083 5900 cap.
1118 5826 1169 5882 8.
1197 5827 1336 5898 (Vid.
1364 5827 1566 5888 Patrol.
1600 5840 1796 5890 nostras

282 5971 304 6002 ⁸
337 5963 493 6033 Cod,
516 5973 687 6028 uicem

1888 4807 2066 4864 audite
2087 4805 2302 4876 (Matth.
2325 4822 2401 4871 in,
2434 4804 2524 4874 l7)
2544 4844 2559 4868 ,
2591 4804 2759 4860 Filius
2781 4804 2944 4870 dicat,
2981 4801 3050 4857 Ut
3071 4817 3245 4856 omnes
3275 4798 3489 4854 honori-

1888 4905 2044 4976 ﬁcent
2070 4899 2266 4956 Filium
2293 4900 2426 4954 sicut
2447 4898 2796 4969 honoriﬁcam
2823 4897 3038 4951 Patrem
3081 4893 3261 4965 (Joan.
3285 4908 3338 4959 v,
3360 4889 3490 4961 23);

1887 5009 2009 5065 quae
2036 4992 2252 5049 accitas
2278 4991 2541 5047 mentium
2572 4997 2676 5053 est,
2717 4987 3023 5044 intermissa
3053 4981 3489 5050 honoriﬁcentia,

1888 5084 2244 5143 contumelias
2264 5083 2632 5140 concinnare?
2659 5095 2780 5151 quae
2805 5079 3004 5136 oblivio
3034 5077 3151 5148 spei
3190 5084 3292 5144 est,
3342 5073 3492 5130 inﬁr-

1973 5266 1995 5306 ΐ
2039 5266 2168 5322 Post
2194 5266 2300 5322 hoc
2325 5266 2646 5323 vocabulum
2670 5265 2925 5322 scribitur
2953 5263 3007 5318 in
3037 5261 3223 5317 codice
3243 5259 3298 5314 id
3329 5267 3407 5313 est
3433 5257 3497 5312 de

1895 5356 1955 5393 eo
1983 5341 2100 5408 ipso
2147 5338 2287 5404 quod
2327 5336 2468 5392 Deus
2507 5346 2617 5402 est;
2656 5344 2768 5391 tum
2786 5336 2919 5408 huic
2937 5334 3190 5406 commati
3212 5331 3356 5408 linea
3377 5329 3497 5384 sub-

1897 5401 2170 5475 scribitur,
2189 5409 2316 5478 quia
2338 5408 2544 5463 scilicet
2561 5401 2906 5477 expungitur,
2921 5403 3114 5477 utpote
3129 5401 3388 5458 mendosa
3408 5414 3499 5454 su-

1898 5481 2130 5550 perioris
2157 5479 2440 5534 commatis
2468 5478 2738 5550 repetitio.

1972 5561 1998 5624 8
2037 5550 2347 5624 Epitbetum
2388 5539 2994 5624 impassilgilisuadditum
3025 5545 3215 5624 fuisse_
3227 5539 3495 5624 vocabulo

1900 5620 2000 5677 Dei
2028 5611 2208 5675 Patris
2237 5621 2290 5675 in
2330 5611 2577 5691 symbolo
2606 5618 2953 5691 Aquileiensi,
2995 5611 3403 5691 notat‘ltuﬁnus
3440 5611 3497 5667 in

1903 5708 2001 5748 sua
2029 5683 2411 5762 explicatione.
2442 5690 2524 5762 En
2571 5683 2733 5762 igitur
2773 5683 3393 5762 Nicetas_Aqnileiensis
3412 5697 3499 5741 se-

1903 5758 2136 5818 cundum
2164 5777 2273 5817 sua:
2292 5761 2548 5818 Ecclesiae
2567 5758 2872 5828 symbolum
2899 5760 2988 5816 hic
3006 5758 3263 5828 loquitur.

1975 5831 2000 5870 δ
2043 5831 2122 5887 Ad
2150 5840 2378 5888 czeteros
2404 5833 2530 5888 novi
2559 5825 2890 5888 Testamenti
2911 5825 3142 5896 codices,
3173 5827 3266 5898 qui
3293 5825 3497 5898 habent

1903 5905 2008 5960 hoc
2031 5903 2454 5958 additamentum
2476 5903 2608 5958 hunc
2637 5903 2830 5968 audite,
2865 5919 3006 5959 nunc
3037 5897 3244 5957 accedit
3282 5897 3498 5958 Niceti!

1902 5974 1994 6044 qui
2021 5973 2074 6030 in
2102 5989 2201 6030 suo
2223 5974 2295 6029 ita
2321 5974 2549 6042 legebat.
