3952 6358
438 398 540 460 85!

1450 397 1508 454 S.
1545 391 1817 453 NICETIE
1857 394 2161 453 EPlSCOPl
2201 395 2680 463 AQUILEIENSIS

3618 395 3719 452 85!

437 521 588 566 mum
607 514 664 564 et
682 507 943 564 minorem
971 513 1028 563 et
1045 506 1500 580 contemptibilem
1533 516 1558 546 ι
1577 509 1846 564 aestimare
1864 505 2025 563 Chri-
2049 512 2099 571 Α
2127 506 2292 573 daeos,
2343 507 2538 565 Solvite
2571 508 2814 582 templum
2854 510 2967 575 hoc,
2995 510 3177 581 utique
3213 526 3409 583 corpus
3447 527 3611 567 suum
3645 511 3721 568 di-

429 608 602 668 ctum,
633 599 724 668 qui
747 599 902 655 nobis
920 597 1284 655 fortitudinem
1313 607 1369 655 et
1386 600 1809 668 magnitudinem
1836 607 1890 654 et
1909 601 2026 668 glo-

399 749 406 755 ,
433 691 579 748 riam
606 689 896 746 secundum
923 687 1100 746 Patris
1119 691 1203 746 sui
1221 690 1449 747 contulit
1466 691 1797 746 voluntatem
1816 692 1839 745 ?
1857 688 2029 746 Crede

437 783 605 850 mihi;
635 781 755 838 Filii
779 783 955 840 honor
979 781 1414 854 dignitastatris
1433 790 1518 838 est
1542 801 1556 837 :
1577 792 1837 852 quantum
1871 773 2029 837 detu-F

437 874 568 930 leris
591 875 884 944 unigenito,
907 882 1060 930 tanto
1087 876 1259 944 magis
1285 872 1637 946 ampliﬁcabis
1663 875 1890 944 gloriam
1915 873 2028 944 Pa-

437 966 560 1022 tris.
581 966 764 1022 Bonus
783 963 948 1022 Pater
967 981 1074 1024 non
1099 966 1303 1023 invidet
1326 967 1552 1036 gloriam
1575 965 1740 1034 Filio;
1770 967 1893 1036 quia
1915 982 2032 1022 om-

435 1059 527 1114 nis
553 1059 724 1128 gloria
747 1057 869 1115 Filii
895 1060 1127 1116 recurrit
1144 1061 1197 1115 in
1220 1059 1455 1116 Patrem.
1504 1059 1604 1116 Hic
1635 1067 1722 1115 est
1737 1060 2033 1116 catholicus

355 1166 357 1168 ·
384 1148 386 1150 ’
435 1169 652 1220 sensus,
683 1154 801 1212 haec
823 1153 1042 1213 devotio
1063 1153 1316 1220 ﬁdelium,
1331 1154 1437 1209 hoc
1456 1153 1688 1209 studium
1704 1161 2029 1210 sanctorum.

442 1245 755 1303 Secundum
783 1245 920 1314 haec,
949 1247 1129 1310 omnia
1157 1245 1300 1301 dicta
1327 1253 1385 1301 et
1403 1244 1544 1301 facta
1571 1243 1866 1302 Salvatoris
1885 1245 2038 1301 intel-

445 1334 637 1406 ligunt,
669 1343 727 1390 et
747 1335 1112 1405 intelligentes
1138 1335 1452 1405 loquuntur.
1481 1333 1596 1392 Nec
1614 1335 1836 1391 omnino
1863 1335 2034 1405 impe-

442 1426 664 1500 diuntur
683 1426 751 1481 ad
777 1426 922 1484 hanc
947 1427 1288 1484 devotionem
1309 1441 1406 1497 per
1435 1427 1520 1482 illa
1542 1441 1663 1497 quae
1686 1426 1897 1482 Domini
1935 1441 2037 1482 vo-

445 1520 715 1593 luntatem
746 1519 1001 1578 videntur
1030 1519 1355 1576 ostendere:
1399 1526 1460 1574 ut
1489 1526 1640 1591 puta,
1683 1518 1847 1574 Pater
1868 1521 2040 1592 major

447 1629 532 1667 me
555 1622 633 1667 est
656 1611 838 1684 (Ioan.
862 1628 972 1680 xlv,
995 1610 1119 1683 28);
1151 1619 1225 1676 et,
1249 1609 1376 1666 Non
1404 1612 1517 1666 veni
1539 1613 1711 1682 facere
1727 1610 2040 1667 voluntatem

423 1719 620 1758 .meam
649 1702 830 1775 (Joan.
860 1719 932 1770 τι,
963 1701 1083 1773 58);
1105 1710 1183 1770 et,
1203 1700 1252 1757 F
1253 1701 1376 1758 ilius
1393 1719 1428 1758 α
1454 1718 1511 1756 se
1526 1701 1659 1757 nihil
1685 1711 1852 1774 potest
1871 1703 2042 1772 facem

451 1793 633 1866 (Joan.
655 1811 705 1860 ν,
733 1794 852 1865 19);
877 1802 932 1849 et
958 1794 1062 1850 alia
1089 1793 1256 1850 multa
1283 1793 1656 1864 hujuscemodi
1680 1812 1694 1847 :
1722 1808 1843 1864 quae
1861 1793 2040 1849 omnia

2128 600 2284 655 cebat
2310 618 2325 654 :
2355 609 2406 655 et
2443 617 2536 674 ego
2565 603 2621 656 in
2650 603 2818 657 triduo
2851 603 3107 659 suscitabo
3137 604 3269 659 illud
3308 603 3487 678 (Joan.
3521 621 3581 670 ιι,
3615 603 3719 673 19).

2129 690 2197 745 Ει
2212 693 2404 748 iterum
2427 695 2520 759 ait,
2549 691 2864 750 Potestatem
2886 694 3045 751 habeo
3065 713 3256 769 ponere
3274 698 3509 752 animam
3536 715 3720 764 meam,

2130 794 2180 838 et
2207 794 2509 855 potestatem
2531 785 2691 842 habeo
2712 788 2896 842 iterum
2917 805 3117 843 sumere
3136 789 3282 844 illam
3307 788 3485 861 (Joan.
3521 807 3581 855 x,
3619 789 3720 862 {8).

2130 871 2241 932 ‘Si
2279 878 2522 948 corporis
2549 879 2633 934 sui
2675 881 2900 935 suscitat
2952 881 3228 952 templum,
3273 882 3317 936 si
3361 888 3608 952 potestas
3651 892 3723 938 est

2129 970 2396 1042 ponendae
2416 971 2609 1025 anim
2627 985 2727 1042 per
2742 971 3051 1042 passionem
3073 979 3127 1026 et
3165 972 3500 1027 resumendae
3521 987 3624 1042 per
3643 989 3722 1027 re—

2133 1063 2548 1131 surrectionem,
2597 1071 2775 1119 cessat
2814 1065 2868 1118 in
2908 1061 3122 1120 Christo
3161 1063 3483 1120 inﬁrmitatis
3524 1065 3722 1135 opinio,

2133 1153 2227 1209 ubi
2252 1161 2418 1209 tantae
2444 1155 2731 1225 potestatis
2757 1154 3057 1210 sublimitas
3085 1155 3408 1210 declaratur.

2210 1246 2260 1301 7.
2300 1243 2493 1302 Omnia
2515 1262 2644 1318 ergo
2671 1248 2761 1320 pie
2785 1249 3134 1318 intelligenda
3164 1256 3320 1315 sunt;
3353 1250 3536 1305 omnia
3567 1249 3722 1305 hono-

2137 1336 2286 1396 riﬁce
2330 1347 2455 1395 sunt
2482 1341 2798 1409 tractanda;
2830 1349 3118 1412 utrumque
3145 1343 3199 1397 in
3241 1342 3471 1398 Domino
3507 1341 3524 1381 ί
3563 1341 3721 1398 οοιιεο

2138 1429 2360 1484 tendum
2389 1438 2509 1496 est;
2555 1439 2611 1485 et
2646 1431 2819 1486 forma
2849 1432 2902 1485 in
2927 1447 3033 1500 qua
3071 1445 3284 1503 semper
3307 1431 3426 1498 fuit,
3459 1441 3517 1488 et
3561 1431 3719 1487 forma

2140 1521 2302 1586 servi,
2333 1537 2454 1592 quae
2475 1531 2694 1594 accepta
2731 1532 2812 1578 est
2838 1531 3062 1595 propter
3089 1539 3294 1588 servos,
3327 1524 3598 1580 credenda
3619 1532 3720 1588 est;

2140 1621 2198 1668 et
2219 1614 2398 1684 passio
2421 1615 2716 1670 secundum
2742 1630 2980 1682 carnem,
3015 1622 3070 1670 et
3109 1615 3510 1686 impassibilitas
3539 1631 3720 1670 secun-

2141 1704 2268 1760 dum
2293 1705 2658 1775 divinitatem;
2708 1723 2778 1763 ne
2821 1716 2912 1762 aut
2951 1708 3100 1779 impii
3133 1713 3148 1767 i
3191 1715 3283 1763 aut
3311 1709 3504 1778 ingrati
3530 1709 3721 1778 judice-

2144 1815 2282 1853 mur.
2315 1799 2449 1854 Nam
2476 1801 2570 1869 qui
2597 1799 2792 1856 Filium
2819 1801 2937 1865 Dei,
2964 1802 3255 1856 secundum
3278 1801 3332 1856 id
3352 1801 3496 1871 quod
3519 1810 3620 1867 est,
3641 1802 3720 1856 im-

412 1949 420 1954 .
445 1902 560 1944 non
589 1887 860 1942 inﬁrmant
881 1886 1095 1955 Filium,
1127 1902 1306 1958 neque
1332 1888 1655 1959 depretiant,
1685 1887 1782 1943 sed
1813 1903 1844 1942 a
1882 1885 2044 1943 Patre
2071 1901 2120 1963 Β
2146 1892 2450 1962 passibilem
2482 1901 2659 1960 negat,
2685 1899 2739 1947 et
2773 1891 2885 1947 Deo
2916 1891 3060 1946 Patri
3085 1892 3214 1947 dicit
3242 1905 3362 1946 esse
3389 1892 3717 1956 dissimilem;

450 1975 481 2016 δ
519 1977 872 2048 distinguunt.
904 1977 1184 2049 Siquidem
1223 1988 1280 2036 et
1325 1981 1441 2037 haec
1478 1980 1599 2035 ideo
1617 1987 1744 2035 sunt
1769 1981 1964 2050 posita,
1989 1990 2048 2037 nt

447 2087 577 2128 vera
596 2072 710 2142 ejus
729 2073 982 2129 divinitas
995 2090 1105 2130 non
1127 2081 1354 2144 negetur
1374 2092 1387 2127 :
1411 2072 1525 2146 Ego
1547 2073 1721 2129 deDeo
1737 2073 1900 2129 Patre
1916 2076 2050 2130 exivi

452 2163 748 2236 (Joan.xvr,
761 2164 854 2237 28)
875 2183 890 2233 ;
913 2173 986 2232 et,
1002 2165 1116 2239 Ego
1127 2169 1182 2222 in
1195 2166 1376 2235 Patre,
1390 2167 1612 2222 etPater
1629 2169 1685 2221 in
1703 2183 1785 2222 me
1797 2167 1976 2239 (Joan.
1988 2185 2044 2237 x,

453 2257 577 2329 38);
606 2257 717 2330 Ego
745 2269 795 2315 et
813 2259 976 2316 Pater
1000 2277 1162 2317 unum
1184 2278 1359 2318 sumus
1379 2261 1568 2335 (Ibid,
1588 2262 1710 2332 50);
1733 2269 1805 2326 et,
1840 2259 1941 2327 Qui
1969 2278 2048 2317 me

449 2347 609 2412 videt,
639 2355 662 2383 ο
685 2348 812 2405 vidit
836 2351 1120 2409 etPatrem
1149 2352 1329 2425 (Joan.
1352 2369 1461 2418 xiv,
1485 2352 1572 2424 9);
1601 2361 1658 2408 et
1700 2351 1849 2409 Sicut
1887 2352 2050 2408 Pater

451 2440 670 2494 suscitat
696 2450 928 2499 mortuos
948 2454 996 2498 et
1015 2445 1260 2515 uiviﬁcat,
1283 2446 1361 2500 ita
1377 2452 1429 2500 et
1446 2443 1620 2499 Filius
1638 2459 1764 2518 quos
1792 2445 1897 2500 vult
1921 2445 2048 2499 vivi-

429 2531 584 2604 .ﬁcat
605 2532 786 2604 (Joan.
817 2551 872 2604 v,
894 2535 1007 2607 2t).

529 2625 582 2681 6.
613 2626 720 2683 Sed
759 2644 860 2686 nec
879 2630 969 2685 illa
1005 2628 1218 2686 ﬁdelem
1246 2632 1482 2686 animam
1509 2633 1892 2697 scandalizant,
1924 2630 2047 2700 qui-

447 2716 558 2775 bus
577 2719 838 2777 Dominus
858 2723 1112 2790 esurisse,
1135 2724 1418 2790 dormisse,
1448 2725 1774 2798 lacrymasse
1793 2723 2044 2788 refertur;

453 2819 607 2882 tunc,
640 2815 807 2870 tristis
845 2831 1015 2886 usque
1044 2817 1117 2872 ad
1141 2824 1394 2884 mortem,
1441 2832 1591 2884 crux,
1643 2819 1839 2887 passio,
1870 2817 2050 2887 sepul-

453 2911 579 2961 tura
603 2924 616 2959 :
649 2906 915 2976 siquidem
935 2909 1001 2962 ad
1030 2909 1136 2965 hoc
1157 2917 1284 2964 sunt
1309 2910 1509 2980 scripta
1538 2918 1594 2964 et
1619 2909 1780 2976 facta,
1803 2916 1863 2963 ut
1889 2917 1946 2962 et
1966 2916 2050 2963 to-

453 2995 701 3054 lerantia:
724 3000 972 3069 exempla
998 3001 1387 3071 praeberentur,
1428 3008 1485 3055 et
1509 3015 1634 3055 vera
1662 2999 1780 3069 ejus
1799 3001 2048 3056 incarna-

454 3088 536 3144 tio
559 3099 896 3146 nosceretur.
941 3090 1078 3146 Nam
1123 3093 1178 3148 in
1213 3107 1286 3148 eo
1325 3091 1471 3162 quod
1515 3092 1747 3150 esurisse
1791 3091 2050 3146 Dominus

456 3179 674 3249 dicitur,
713 3183 830 3238 veri
857 3183 1104 3253 corporis
1132 3183 1555 3252 assumptionem
1579 3182 1838 3252 intelligo.
1890 3181 1948 3236 ln
1981 3195 2048 3236 eo

2146 1983 2237 2038 hic
2261 1983 2457 2054 impius
2500 1993 2600 2038 est.
2631 1982 2699 2038 Et
2723 1984 2814 2053 qui
2841 1985 3120 2054 passiones
3145 1983 3262 2053 ejus
3290 1983 3583 2039 secundum
3617 2000 3717 2039 car-

2120 2091 2274 2131 nem
2322 2075 2568 2131 conﬁteri
2623 2076 2960 2144 dedignatur,
3004 2076 3246 2143 ingratus
3291 2082 3390 2130 est.
3434 2073 3718 2130 Cloriemur

2147 2185 2279 2239 ergo
2300 2171 2354 2224 in
2377 2184 2537 2224 cruce
2557 2166 2778 2232 Christi,
2803 2169 2941 2225 sicut
2961 2166 3158 2222 Paulus
3179 2168 3401 2236 gloriari
3416 2168 3682 2222 consuevit
3703 2185 3713 2217 ε

2150 2259 2303 2326 Mihi,
2332 2260 2524 2328 inquit,
2557 2260 2692 2314 absit
2713 2260 2929 2331 gloriari
2952 2260 3051 2312 nisi
3076 2261 3131 2312 in
3158 2275 3307 2312 cruce
3335 2257 3547 2312 Domini
3576 2261 3714 2313 nostri

2146 2351 2273 2406 Iesu
2306 2349 2500 2406 Christi
2531 2349 2672 2423 (Cal.
2705 2367 2775 2415 vr,
2810 2350 2921 2420 M).
2951 2349 3320 2404 Conﬁteamur
3358 2349 3628 2410 unitatem,
3665 2358 3714 2402 ut

2147 2460 2258 2500 non
2284 2459 2598 2514 separemur
2624 2461 2636 2495 :
2670 2441 2730 2497 Si
2761 2451 2789 2489 ι
2809 2445 2943 2496 enim
2974 2443 3161 2495 mortui
3188 2458 3383 2506 sumus,
3413 2442 3563 2494 ut-ait
3587 2441 3712 2510 Apo-

2146 2537 2340 2602 stolus,
2371 2545 2420 2588 et
2441 2535 2756 2589 convivemus
2798 2551 2815 2587 :
2865 2535 2910 2587 si
2954 2535 3280 2596 sustinemus,
3317 2543 3368 2586 et
3399 2532 3713 2604 conregnabi-

2148 2645 2283 2683 mus.
2323 2626 2384 2682 Si
2411 2643 2679 2698 negamus,
2717 2636 2767 2680 et
2797 2626 2886 2680 ille
2922 2623 3128 2698 negabit
3157 2641 3249 2679 nos
3293 2623 3359 2695 (ll
3391 2623 3520 2679 Tim.
3542 2641 3593 2688 ιι,
3617 2623 3707 2693 l2).

2147 2717 2210 2774 Si
2232 2733 2340 2772 non
2368 2718 2636 2773 credimus
2663 2717 2808 2787 quod
2850 2716 2963 2786 ipse
2991 2716 3137 2781 dicit,
3172 2713 3283 2786 Ego
3325 2725 3375 2769 et
3395 2713 3549 2768 Pater
3575 2731 3712 2767 unum

2152 2827 2348 2874 sumus,
2399 2810 2488 2864 ille
2537 2807 2710 2864 ﬁdelis
2749 2817 3046 2878 permanet,
3079 2822 3277 2877 negare
3324 2823 3383 2863 se
3428 2809 3589 2878 ipsum
3618 2823 3711 2861 non

2150 2909 2360 2973 potest;
2393 2902 2520 2970 quia
2549 2901 2604 2955 in
2632 2901 2802 2970 gloria
2839 2899 2936 2953 Dei
2963 2896 3139 2953 Patris
3160 2907 3276 2966 est;
3307 2900 3430 2970 quia
3463 2900 3581 2953 vivit
3605 2914 3710 2954 cum

2131 2992 2345 3061 --Patre;
2383 2995 2509 3064 quia
2535 3001 2726 3064 regnat
2752 3008 2873 3050 cum
2901 2991 3062 3047 Patre
3103 3009 3214 3048 uno
3253 2994 3538 3063 eodemque
3563 2993 3713 3063 impe-

2137 3088 2252 3143 rio.
2284 3086 2435 3143 Sicut
2467 3087 2544 3141 ait
2569 3085 2878 3157 Apostolus,
2919 3101 3040 3141 cum
3080 3086 3148 3140 de
3195 3086 3346 3140 omni
3392 3086 3632 3156 impudico
3656 3095 3705 3140 et

2137 3178 2429 3234 immundo
2453 3186 2510 3233 et
2531 3193 2695 3233 avaro
2715 3178 3044 3246 loqueretur,
3075 3173 3200 3230 Non
3222 3177 3340 3242 erit,
3373 3176 3538 3245 inquit,
3555 3177 3701 3231 ham

455 3280 643 3329 autem
689 3289 812 3330 cum
865 3274 1108 3345 quinque
1155 3274 1385 3344 panibus
1431 3283 1486 3330 et
1531 3273 1765 3344 piscibus
1815 3273 2046 3337 duobus,
2069 3283 2121 3348 ρ
2149 3271 2210 3324 in
2235 3286 2394 3343 regno
2439 3266 2631 3324 Christi
2669 3277 2720 3324 et
2745 3267 2843 3323 Dei
2873 3267 3034 3340 (Eph.
3065 3284 3119 3331 v,
3173 3265 3263 3339 5);
3314 3283 3466 3322 unum
3503 3281 3707 3335 regnum

456 3366 700 3438 quinque
723 3365 756 3406 (ι
799 3367 967 3423 millia
995 3367 1272 3423 hominum
1297 3368 1474 3432 satiat,
1508 3381 1688 3422 veram
1715 3365 1832 3435 ejus
1859 3364 2052 3420 divini-

441 3463 631 3514 .tatem
658 3471 945 3529 cognosce.
962 3456 1126 3515 Certe
1151 3474 1275 3515 cum
1291 3458 1452 3516 dicit:
1475 3456 1590 3530 Ego
1609 3474 1724 3513 sum
1739 3458 1894 3528 panis
1915 3457 2052 3511 uiuus

457 3554 550 3626 qui
577 3552 642 3608 de
662 3552 788 3608 caelo
816 3551 1061 3608 descendi
1102 3550 1286 3626 (Joan.
1315 3567 1391 3619 vi,
1422 3551 1534 3622 4i),
1562 3566 1672 3606 non
1693 3550 1838 3606 cadit
1860 3550 1915 3604 in
1939 3564 2057 3604 sen-

463 3659 588 3701 sum
635 3651 883 3699 nostrum
925 3651 988 3700 ut
1015 3644 1174 3715 panis
1209 3644 1418 3700 esurire
1455 3643 1722 3699 credatur.
1768 3642 1860 3698 Sic
1897 3650 1954 3697 et
1985 3642 2056 3697 de

459 3748 659 3793 somno
687 3735 1095 3804 intelligendum
1121 3745 1206 3792 est
1235 3755 1249 3790 :
1277 3735 1532 3806 quoniam
1571 3735 1710 3790 sicut
1729 3750 1826 3803 per
1855 3737 1880 3765 ⁸
1907 3750 2053 3788 som-

461 3841 598 3882 num
637 3826 886 3897 corporis
910 3827 1113 3884 veritas
1137 3827 1499 3896 cognoscitur,
1529 3826 1608 3882 sic
1634 3841 1732 3897 per
1759 3826 1886 3881 illud
1913 3825 2056 3895 quod

443 3919 651 3988 _statim
677 3920 859 3975 ventis
887 3925 942 3975 et
965 3917 1218 3976 ﬂuctibus
1245 3920 1493 3990 imperat,
1519 3933 1649 3974 vera
1669 3917 1785 3987 ejus
1809 3918 2057 3987 divinitas

462 4010 818 4083 approbatur.
841 4009 979 4066 Nam
1005 4010 1149 4080 quod
1188 4012 1452 4084 lacrymas
1489 4025 1651 4080 super
1678 4009 1937 4066 Lazarum
1970 4009 2058 4064 fu-

462 4103 563 4168 dit,
585 4101 926 4159 fantasmatis
952 4103 1191 4174 suspicio
1230 4104 1464 4170 tollitur;
1491 4104 1742 4175 lacrymaa
1773 4104 1915 4158 enim
1944 4103 2057 4159 veri

467 4195 717 4265 corporis
767 4203 894 4250 sunt
921 4195 1196 4252 humores.
1230 4193 1389 4262 Quod
1431 4202 1616 4252 autem
1648 4196 1807 4262 dicit,
1831 4195 2053 4261 Lazare,

465 4287 584 4340 ueni
613 4289 756 4356 {oras
787 4285 969 4359 (Joan.
1010 4304 1084 4355 xi,
1111 4287 1225 4358 45),
1252 4295 1309 4343 et
1335 4288 1524 4344 statim
1549 4289 1640 4344 ille
1666 4289 1759 4358 qui
1783 4288 1894 4357 jam
1920 4287 2056 4343 fete-

467 4374 584 4439 hat,
617 4377 891 4446 aperiente
928 4393 988 4434 se
1016 4385 1180 4445 terra,
1210 4379 1368 4435 vivus
1392 4380 1629 4443 emersit,
1661 4393 1913 4448 magnum
1941 4379 2059 4448 ejus

467 4463 768 4521 divinitatis
791 4467 1046 4523 indicium
1066 4477 1169 4524 est.
1195 4468 1335 4528 Nam
1356 4479 1411 4526 et
1429 4470 1562 4525 illud
1581 4470 1726 4539 quod
1747 4470 1842 4534 ait,
1877 4470 2058 4524 Tristis

475 4565 553 4613 est
581 4560 759 4612 anima
785 4576 901 4614 mea
918 4576 1076 4633 usque
1103 4561 1172 4614 ad
1199 4570 1412 4618 mortem
1434 4561 1646 4634 (Matth.
1679 4580 1822 4628 xxvr,
1854 4563 1967 4637 ⁸58),
1991 4579 2060 4618 ex

2154 3373 2268 3420 tam
2291 3363 2493 3421 Christi
2514 3367 2649 3421 dixit
2675 3381 2837 3436 quam
2865 3365 2987 3431 Dei;
3012 3365 3138 3434 quia
3167 3379 3273 3418 una
3293 3364 3529 3419 voluntas
3548 3358 3710 3412 Patris

2155 3466 2213 3514 et
2240 3458 2361 3514 Filii
2385 3476 2400 3526 ;
2432 3474 2536 3514 una
2557 3459 2901 3528 cooperatio;
2929 3473 3035 3511 una
3066 3457 3296 3525 denique
3317 3455 3505 3526 gratia,
3526 3450 3712 3508 eadem-

2153 3566 2263 3621 que
2291 3551 2609 3621 gubernatio
2661 3557 2744 3605 est
2775 3568 2789 3602 :
2818 3550 2957 3605 sicut
3011 3549 3150 3603 idem
3208 3549 3464 3618 magister
3507 3544 3710 3614 gentium

2155 3644 2316 3699 docet
2340 3642 2579 3699 scribens
2607 3660 2618 3694 :
2652 3639 2837 3695 Gratia
2875 3640 3016 3695 vobis
3063 3650 3113 3694 et
3151 3657 3255 3710 pax
3284 3655 3315 3692 ιι
3355 3637 3467 3692 Deo
3493 3635 3634 3690 Patre
3667 3646 3710 3687 et

2143 3735 2384 3792 Domino
2412 3744 2588 3790 nostra
2627 3733 2753 3788 Jesu
2783 3731 3004 3787 Christo.
3037 3731 3106 3786 Et
3134 3732 3326 3786 iterum
3372 3748 3385 3783 :
3431 3728 3547 3800 Ipse
3571 3735 3707 3780 eum

2157 3831 2298 3887 Deus
2328 3839 2379 3885 et
2405 3829 2570 3884 Pater
2593 3837 2769 3884 noster
2814 3836 2862 3882 et
2890 3825 3144 3881 Dominus
3176 3823 3331 3878 Iesus
3371 3823 3558 3894 dirigat
3596 3821 3704 3874 riam

2145 3933 2388 3979 nostram
2417 3922 2488 3976 ad
2523 3938 2610 3976 vos
2644 3921 2685 3994 (ι
2713 3918 2892 3974 Thess.
2933 3935 3009 3983 ιιι,
3043 3915 3154 3990 Η).
3181 3915 3299 3970 Non
3338 3913 3476 3970 dixit
3502 3913 3710 3982 dirigant.

2158 4031 2229 4072 ne
2256 4013 2432 4069 Patris
2457 4022 2510 4068 et
2534 4012 2654 4066 Filii
2679 4011 3044 4067 diversitatem
3073 4015 3166 4063 aut
3192 4005 3505 4070 voluntatis,
3533 4008 3614 4057 aut
3636 4015 3690 4070 po

2159 4108 2370 4164 testatis
2399 4105 2703 4171 induceret;
2733 4103 2830 4159 sed
2857 4103 2992 4158 dixit
3021 4102 3235 4174 dirigat,
3266 4107 3328 4155 ut
3356 4098 3601 4154 unitatem
3631 4107 3712 4163 Ρο-

2157 4201 2270 4256 tius
2305 4200 2717 4255 demonstraret.
2750 4196 2862 4252 Hac
2898 4196 3059 4265 igitur
3097 4194 3202 4250 ﬁde
3239 4193 3450 4249 hisdem
3490 4187 3645 4244 verbis
3667 4191 3714 4239 et

2157 4309 2262 4349 nos
2289 4307 2504 4348 oremus
2530 4298 2590 4346 ut
2613 4289 2806 4356 Patris,
2837 4289 2956 4344 Filii
2978 4297 3030 4344 et
3049 4285 3280 4358 Spiritus
3308 4284 3478 4341 sancti
3503 4296 3596 4338 una
3615 4291 3715 4348 gra-

2159 4386 2254 4452 tia,
2279 4399 2387 4439 una
2415 4398 2542 4454 pax,
2589 4399 2699 4438 una
2726 4383 2890 4438 etiam
2934 4380 3254 4450 gubernatio
3298 4391 3514 4448 semper
3553 4387 3636 4428 nos
3671 4377 3717 4421 et

2166 4483 2386 4532 tueatur
2412 4483 2469 4530 et
2503 4474 2718 4545 dirigat.

2236 4566 2364 4623 Haec
2403 4581 2580 4637 pauca
2622 4567 2691 4623 ad
2733 4564 2907 4622 vicem
2951 4560 3404 4627 commentarioli,
3453 4559 3568 4629 quia
3590 4553 3714 4609 vobis

467 4650 576 4728 hac
601 4651 716 4721 ψει
742 4651 934 4708 Lazari
965 4656 1361 4714 resurrectione
1388 4656 1615 4725 intelligi
1643 4664 1842 4726 potest,
1881 4658 2058 4725 quali-
2085 4666 2138 4726 ι)
2159 4659 2328 4715 scribi
2357 4658 2691 4728 postulastis,
2719 4670 2918 4726 negare
2955 4671 3063 4710 non
3084 4652 3258 4724 potui.
3290 4649 3515 4707 Conﬁdo
3539 4645 3641 4716 quia
3666 4640 3716 4694 ﬁ-

469 4749 560 4799 ter
581 4742 780 4800 debeat
797 4743 968 4814 accipi
1003 4762 1015 4796 :
1039 4760 1141 4801 nec
1161 4745 1305 4800 enim
1323 4745 1577 4802 divinitas
1596 4755 1826 4801 mortem
1853 4754 2060 4802 metue-

457 4831 583 4900 .bat,
627 4833 723 4890 sed
756 4837 780 4880 Ι
802 4833 1097 4890 humanum
1142 4833 1388 4904 allectum
1439 4852 1538 4908 per
1575 4837 1848 4894 tristitiam
1897 4838 2062 4894 animi

467 4926 761 5002 indicabat.
793 4923 942 4984 Crux
977 4943 1148 4997 teque,
1179 4928 1361 4998 passio
1381 4937 1436 4984 et
1462 4929 1755 4999 sepultura,
1785 4939 1816 4977 -ε
1842 4946 1950 4986 ιιηο
1978 4931 2067 4986 vel

469 5019 644 5074 altero
695 5020 840 5076 dicto
880 5020 1093 5076 Domini
1128 5020 1505 5087 discutiuntur,
1561 5022 1848 5090 quominus
1885 5022 1937 5078 ei
1965 5022 2065 5078 im-

470 5110 714 5181 potentia
753 5112 838 5167 vel
877 5111 1161 5167 inﬁrmitas
1191 5113 1508 5168 ascribatur.
1560 5113 1695 5168 Cum
1722 5114 1853 5170 dicit
1880 5115 1948 5170 ad
1974 5113 2068 5170 Ju-

547 5208 573 5278 f‘
590 5203 770 5278 Cod.,
786 5222 984 5271 errare,
996 5223 1097 5278 pro
1117 5209 1396 5274 astimare,
1413 5221 1534 5276 quae
1551 5208 1713 5264 lectio
1732 5209 2070 5266 emendanda

471 5273 605 5330 mihi
626 5275 742 5331 visa
761 5284 864 5333 est.

544 5342 1100 5447 tgo‘dzldistingunt,
1126 5348 1348 5418 antiqua
1372 5348 1778 5420 orthographia.

549 5419 572 5447 ε
952 5414 973 5420 _
1259 5414 1277 5418 _
1543 5414 1560 5417 _
1634 5414 1648 5420 _

546 5478 578 5574 ξ
916 5489 1072 5573 unica
1093 5493 1132 5555 t,
1161 5489 1381 5559 antiqua
1409 5490 1812 5562 orthographia.

604 5554 766 5626 Cod.,
781 5561 1060 5616 somnium.

461 5686 502 5711 __
551 5611 571 5650 ⁸
603 5611 1220 5711 Μῇιίιᾶιιῖἆῇὖίξριξωιὶ
1261 5633 1434 5711 panis,
1481 5634 1818 5711 tempestatis
1843 5633 2061 5711 sedatae,

477 5699 669 5756 Lazari
701 5703 944 5773 revocati
972 5699 1621 5773 ad'vitamfconjunctim
1667 5711 1934 5759 memorat
1971 5706 2064 5761 Nio

475 5783 626 5845 cetas
644 5770 828 5845 _etiam
857 5773 912 5826 in
952 5774 1312 5844 explicatione
1339 5770 1590 5845 stholi,
1641 5775 1946 5845 ibidemque
1975 5792 2065 5832 ea-

465 5840 696 5918 ⁸ἀέξω-ἰὴ
721 5840 1053 5918 comparatio
1094 5840 1442 5918 humanitatis
1465 5843 1661 5900 Christi
1689 5840 1922 5918 iinﬁrnite
1951 5863 2071 5903 cum

2161 4749 2372 4808 delibus
2400 4749 2612 4815 animis,
2667 4748 2771 4802 etsi
2814 4746 2998 4801 brevia
3041 4752 3186 4809 sunt,
3245 4742 3461 4813 plenam
3501 4738 3716 4809 poterunt

2159 4848 2425 4914 praestare
2455 4841 2695 4896 laetitiam
2723 4838 2838 4894 Dei.

2238 4932 2472 5003 Explicit
2500 4933 2635 4987 liber
2653 4931 2851 4986 Nicetm
2877 4936 2897 4977 1
2932 4927 3170 5000 episcopi
3197 4926 3266 4982 de
3287 4924 3514 4980 Ratione
3532 4917 3653 4973 ﬁdei-

2240 5026 2434 5097 lncipit
2460 5024 2704 5094 ejusdem
2723 5023 2792 5078 de
2820 5023 2990 5078 sancti
3014 5020 3249 5092 Spiritus
3272 5016 3532 5074 Potentia.

2179 5227 2244 5267 ex
2275 5212 2612 5266 Nazianzeno
2642 5214 2779 5262 orat.
2814 5206 2901 5262 55.

2303 5281 2461 5346 Cod.,
2493 5297 2600 5333 una
2628 5279 2705 5332 vel
2727 5279 2910 5333 altera.

2243 5332 2461 5432 {95.33
2493 5332 2584 5405 ac;

2485 5420 2880 5496 conﬁciendum.

2247 5487 2266 5568 ᾗ
2297 5493 2540 5568 ῥιιειξιιιη
2558 5487 2664 5568 hoc
2689 5499 2778 5544 aut
2805 5491 2956 5544 deest
2986 5490 3039 5568 in
3068 5487 3188 5544 cod.

2239 5561 2273 5623 ί
2299 5561 2706 5634 CorrigendumA
2722 5562 3046 5634 commortui.
3288 5628 3303 5634 _
3362 5628 3377 5634 _
3573 5622 3583 5634 ,
3663 5615 3696 5634 η,

2243 5643 2268 5685 ι
2301 5633 2402 5690 Hic
2453 5628 2601 5690 recte
2643 5631 2796 5686 adest
2835 5631 2888 5686 in
2928 5630 3112 5686 codice
3152 5628 3471 5684 vocabulum
3509 5628 3714 5695 episcopi.

2169 5706 2316 5778 quod
2337 5703 2680 5778 amanuensis
2719 5702 3023 5778 socorditer
3043 5700 3299 5778 omiserat
3335 5700 3390 5753 in
3424 5694 3568 5775 titulo
3605 5704 3711 5778 9133‘

2165 5770 2303 5836 sculi
2327 5783 2453 5831 ante
2481 5776 2711 5830 initium.
2742 5773 2944 5828 Contra
2974 5772 3059 5827 hic
3086 5770 3225 5825 idem
3257 5770 3582 5826 amanuensis
3605 5772 3712 5831 prm-

2179 5848 2410 5905 termisit
2445 5856 2569 5903 ante
2615 5844 2817 5900 Nicette
2848 5844 3058 5900 titulum
3083 5844 3273 5909 sancti,
3295 5856 3455 5913 quem
3482 5841 3614 5894 recte
3634 5843 3708 5900 99'

482 5913 725 5983 ejusdem
754 5923 976 5981 potente
1003 5915 1304 5970 divinitate.
1334 5914 1432 5970 Est
1458 5924 1640 5973 autem
1676 5917 1820 5974 facta
1844 5918 2071 5975 imitatio
2178 5930 2360 5977 suerat
2388 5919 2541 5975 initio
2570 5917 2830 5987 opusculi.
