3924 6368
1283 342 1372 399 DE
1413 343 1722 402 SPIRITUS
1759 345 2000 403 SANCTI
2040 347 2400 408 POTENTIA.

3375 351 3482 408 εει

269 457 3468 494 Mm

1111 554 1777 684 smn-1'1
1850 521 2564 681 narcara:

1375 751 1728 821 EPISCOPI
1777 755 2330 833 AQUILEIENSIS

280 915 523 1062 DE
601 911 1500 1064 SPIRITUS

1575 913 1784 1064 SA

1889 914 2214 1067 ἿΟΤ
2223 923 2290 1094 Ι
2329 919 2359 956 ³
2397 919 3439 1075 ΡΟΤΕΝΤΙΑ..

189 1261 196 1269 ’
301 1302 347 1356 ι.
382 1298 648 1369 Sequitur,
672 1296 879 1369 utquid
903 1296 973 1352 de
992 1297 1154 1354 tertia
1179 1311 1443 1369 persona,
1475 1297 1530 1354 id
1555 1307 1640 1356 est
1665 1297 1794 1370 Spi-
1819 1305 1877 1366 Α
1897 1309 2088 1360 cautus
2116 1300 2311 1374 fuerit,
2354 1305 2598 1363 nescium
2633 1305 2935 1380 pmclpitat
2977 1308 3034 1365 in
3065 1309 3476 1382 blasphemiam.

241 1391 557 1457 titussancti,
587 1389 842 1455 sentiam,
871 1404 972 1460 pro
998 1396 1161 1461 captu
1181 1390 1376 1446 mentis
1396 1404 1664 1461 exponam
1687 1408 1702 1445 :
1724 1390 1798 1448 si-

247 1485 436 1558 quidem
461 1483 532 1539 de
557 1481 665 1538 hoc
693 1481 781 1538 vel
807 1481 1043 1536 maxime
1065 1482 1092 1522 ι»
1117 1479 1368 1538 dubitare
1398 1480 1598 1536 multos
1628 1480 1790 1538 intel-

241 1579 348 1648 ligo.
371 1574 440 1631 Et
464 1575 590 1632 licet
624 1573 974 1630 temerarium
1011 1573 1080 1630 sit
1122 1573 1192 1630 de
1235 1573 1343 1628 hoc
1380 1572 1655 1644 disputare
1700 1575 1794 1644 qui

243 1667 366 1726 Patri
389 1674 443 1722 et
467 1664 603 1720 Filio
631 1663 690 1719 in
715 1662 1056 1721 confessione
1082 1664 1336 1731 sociatur,
1363 1665 1660 1722 secundum
1689 1664 1797 1722 Do-

241 1759 352 1816 mini
378 1757 723 1814 traditionem
739 1757 809 1827 iet
837 1764 1076 1812 nostram
1116 1757 1172 1814 in
1203 1756 1474 1827 baptismo
1499 1755 1799 1814 confessio-

241 1867 366 1918 nem,
396 1859 572 1906 tamen
605 1850 735 1918 quia
763 1849 917 1904 multi
950 1849 1163 1905 diversa
1195 1850 1464 1916 sentiunt,
1500 1856 1556 1906 et
1585 1849 1726 1906 ratio
1762 1864 1795 1905 a

241 1943 374 2001 nobis
390 1941 695 2011 inquiritur,
727 1940 1030 1998 necessario
1049 1940 1323 1996 reddenda
1350 1947 1434 1996 est
1455 1957 1472 2006 ;
1494 1955 1596 1997 nec
1623 1939 1796 1996 aliun-

240 2039 299 2095 de
319 2034 576 2093 reddenda
594 2075 610 2100 ,
656 2034 762 2090 nisi
793 2049 861 2090 ex
897 2033 1199 2088 divinarum
1225 2031 1462 2090 fontibus
1489 2029 1794 2106 Scriptura-

241 2144 359 2184 nun.
385 2123 575 2182 Certus
601 2133 788 2181 autem
808 2141 925 2180 sum
941 2165 958 2192 ,
988 2131 1388 2196 praeoccupatas
1415 2137 1575 2178 aures
1601 2130 1656 2178 et
1674 2137 1796 2178 sen-

239 2237 316 2278 sus
348 2219 445 2275 alia
489 2218 752 2289 opinione
779 2225 1058 2286 gravatos,
1101 2215 1318 2274 difﬁcile
1355 2230 1516 2288 posse
1552 2215 1792 2290 placari:

238 2311 511 2385 perniciosa
554 2317 641 2366 est
680 2310 824 2364 enim
865 2309 1178 2380 praeventio.
1207 2307 1345 2364 Nam
1373 2308 1481 2366 hoc
1507 2307 1564 2362 in
1603 2315 1796 2364 natura

237 2406 442 2463 humana
472 2410 581 2468 est,
615 2411 680 2457 ut
718 2403 762 2460 si
803 2401 870 2458 de
909 2402 1091 2474 aliquo
1116 2401 1236 2460 viro
1275 2401 1420 2458 bono
1458 2401 1601 2457 male
1639 2401 1796 2457 nobis

237 2495 374 2551 fuerit
409 2501 744 2552 susurratnm
767 2535 781 2558 ,
826 2500 882 2548 et
913 2492 1236 2563 prtevenerit
1279 2492 1641 2562 cognitionem
1679 2493 1794 2550 veri

235 2585 427 2642 nuntius
451 2584 684 2640 mendax
700 2625 714 2650 ,
739 2581 956 2640 dillicile
987 2593 1044 2640 et
1069 2583 1336 2640 laboriose
1363 2590 1666 2653 susceptam
1691 2583 1790 2638 de-

1899 1391 1969 1460 Et
1991 1395 2117 1452 inde
2137 1404 2220 1453 est
2238 1397 2383 1468 quod
2402 1406 2700 1469 praemonet
2719 1397 2948 1456 Paulus:
2979 1400 3160 1460 Videte
3179 1422 3243 1460 ne
3261 1407 3374 1478 quia
3393 1422 3480 1462 vos

1897 1487 2083 1560 spoliet
2109 1505 2201 1560 per
2227 1485 2607 1564 philosophiam
2644 1499 2696 1547 et
2731 1493 2940 1548 inanem
2977 1483 3325 1567 deceptionem
3348 1494 3481 1571 (Co-'-

1897 1577 2021 1634 lou.
2044 1596 2105 1648 ιι,
2129 1579 2206 1654 8).
2229 1580 2570 1654 lnterrogant
2588 1583 2733 1640 enim
2757 1585 2990 1643 rebelles
3018 1586 3249 1658 Spiritus
3269 1591 3476 1647 sancti:

1897 1682 2057 1732 natus
2084 1684 2168 1730 est
2198 1675 2432 1748 Spiritus
2459 1684 2704 1747 sanctus,
2739 1694 2808 1734 an
2846 1679 3104 1737 innatus?
3129 1673 3270 1738 Ecce
3301 1683 3479 1753 laquei

1894 1766 2003 1824 duo
2049 1767 2239 1824 dextra
2281 1769 2523 1842 laevaque
2567 1772 2809 1842 protensi
2833 1790 2846 1826 :
2873 1773 2928 1828 in
2969 1789 3130 1844 quam
3171 1775 3314 1830 enim
3360 1791 3479 1847 par-

1894 1867 2007 1916 tem
2034 1859 2270 1918 volueris
2294 1864 2486 1935 pedem
2507 1865 2874 1936 responsionis
2893 1867 3202 1935 extendere,
3225 1869 3473 1940 capieris.

1895 1947 1955 2008 Si
1987 1951 2207 2019 dixeris,
2237 1963 2397 2010 natus
2422 1964 2536 2024 est;
2566 1955 2708 2013 dicet
2737 1955 2921 2027 etiam
2950 1974 3058 2014 non
3088 1975 3209 2015 esse
3235 1961 3479 2030 unigeni-

1893 2049 2011 2100 tum
2038 2041 2233 2100 Filium
2260 2044 2388 2114 Dei,
2422 2061 2488 2103 eo
2515 2047 2661 2118 quod
2679 2047 2750 2102 sit
2777 2057 2832 2104 et
2860 2049 2999 2105 alter
3025 2059 3201 2106 natus.
3227 2049 3284 2107 Si
3321 2052 3476 2108 dixe-

1893 2135 1990 2204 ris,
2012 2152 2122 2196 non
2147 2145 2230 2194 est
2256 2148 2415 2195 natus
2436 2157 2451 2207 ;
2472 2139 2617 2196 dicet
2643 2140 2760 2207 tibi,
2791 2155 2921 2211 ergo
2948 2150 3004 2198 et
3030 2144 3169 2199 alter
3187 2145 3290 2199 erit
3318 2143 3477 2200 Pater

1892 2227 2199 2300 ingenitus:
2230 2239 2286 2287 et
2317 2231 2431 2301 jam
2458 2249 2566 2288 non
2595 2239 2679 2290 est
2713 2250 2852 2289 unus
2883 2233 3025 2294 Deus
3051 2231 3234 2300 Pater,
3272 2253 3338 2292 ex
3367 2253 3475 2306 quo

1895 2321 2094 2374 omnia.
2126 2317 2418 2392 Postquam
2451 2337 2585 2380 vero
2634 2324 2903 2394 utrimque
2933 2325 3077 2380 viam
3110 2327 3477 2397 responsionis

1895 2410 2254 2478 obstruxerit,
2285 2412 2398 2484 jam
2427 2419 2482 2468 te
2519 2415 2673 2486 quasi
2707 2421 2856 2470 recto
2880 2430 3041 2470 cursu
3078 2415 3293 2472 deducit
3315 2417 3366 2470 in
3398 2417 3478 2472 fo-

1892 2519 2049 2560 veam
2069 2513 2130 2560 ut
2147 2505 2291 2560 dicat
2315 2503 2405 2561 :Si
2431 2519 2561 2576 ergo
2590 2521 2764 2577 neque
2792 2516 2950 2563 natus
2969 2516 3053 2564 est
3079 2507 3147 2564 de
3167 2507 3327 2564 Patre
3352 2509 3476 2580 Spi-

1892 2597 2046 2666 ritus,
2071 2613 2245 2669 neque
2273 2599 2568 2668 ingenitus,
2600 2609 2847 2671 superest
2867 2607 2926 2656 ut
2962 2609 3211 2657 creatura
3245 2601 3471 2658 dicatur.

235 2693 470 2749 ponamus
489 2677 826 2748 opinionem,
852 2676 1064 2732 etiamsi
1087 2675 1296 2732 idoneis
1317 2675 1673 2730 assertoribus
1692 2675 1784 2730 do-

1964 2690 2016 2746 5.
2057 2689 2196 2758 Quid
2229 2691 2392 2747 faciet
2415 2693 2556 2748 inter
2581 2693 2681 2748 has
2709 2693 2974 2749 clausulas
3013 2690 3148 2748 fides
3176 2692 3475 2750 Ecclesiae?

235 2784 442 2828 ceamur.
470 2767 628 2837 Quod
659 2783 803 2826 nunc
834 2767 1017 2824 multis
1047 2755 1294 2838 suspicor
1319 2775 1667 2832 eventurum,
1694 2767 1789 2836 qui

235 2876 378 2933 prava
405 2865 688 2918 doctorum
723 2861 1168 2933 interpretatione
1196 2859 1493 2930 anticipati,
1531 2856 1790 2930 Spiritum

233 2959 454 3010 sanctum
489 2961 800 3008 creaturam
835 2951 1208 3018 crediderunt,
1240 2959 1296 3006 et
1327 2959 1599 3020 tamquam
1624 2949 1788 3005 mini-

232 3052 379 3102 strum
419 3043 805 3116 despexerunt.
853 3041 934 3098 Ad
979 3042 1313 3114 propositum
1373 3042 1536 3110 igitur
1593 3040 1788 3096 redea-

225 3149 352 3194 “IIS-

289 3225 337 3282 2.
370 3225 427 3282 ln
453 3225 674 3284 Nicaeuo
703 3233 935 3282 tractatu
961 3225 1198 3298 positum
1226 3231 1310 3281 est
1329 3224 1622 3281 secundum
1644 3237 1789 3298 sym-

231 3318 326 3376 boli
359 3317 580 3376 formam
601 3361 620 3388 ,
653 3316 920 3375 Credimus
957 3327 1010 3374 et
1055 3317 1309 3390 Spiritum
1346 3328 1599 3372 sanctum.
1632 3316 1788 3384 Quod

230 3413 394 3482 utique
429 3410 735 3470 sufﬁciebat
763 3409 1037 3477 ﬁdelibus,
1059 3411 1185 3482 quia
1215 3411 1268 3466 in
1299 3410 1391 3465 illo
1419 3418 1688 3465 conventu
1719 3409 1787 3465 de

230 3501 347 3558 Filio
369 3504 594 3574 qumstio
631 3502 836 3568 fuerat,
881 3519 988 3558 non
1017 3485 1330 3574 del'Spiritu
1364 3509 1571 3557 sancto.
1611 3499 1788 3572 Atque

230 3595 410 3656 utinam
437 3603 496 3652 ut
513 3594 695 3652 fuerat
722 3594 977 3652 traditum
997 3635 1010 3658 ,
1041 3609 1165 3650 cum
1189 3591 1353 3649 Patre
1372 3601 1428 3648 et
1453 3593 1591 3649 Filio
1611 3591 1785 3664 Spiri—

227 3694 324 3742 tum
347 3695 590 3744 sanctum
621 3687 934 3757 simpliciter
951 3685 1306 3742 credidissent
1336 3685 1412 3742 illi
1433 3685 1525 3755 qui
1545 3693 1786 3756 postmo-

223 3775 336 3842 dum
369 3769 726 3848 quaestionem
771 3777 838 3834 de
883 3775 1088 3848 Spiritu
1126 3775 1480 3832 induxerunt!
1524 3785 1583 3832 ut
1619 3784 1781 3848 puta,

227 3865 572 3928 Macedoniam
605 3868 691 3924 vel
712 3884 898 3926 eorum
919 3869 974 3924 in
1003 3869 1104 3925 hac
1131 3867 1444 3925 curiositate
1471 3869 1780 3940 participes.

217 3949 344 4018 Dum
366 3963 507 4018 enim
539 3970 792 4034 quaerunt
819 3971 874 4018 et
913 3963 1033 4028 isti,
1064 3962 1238 4032 qualis
1279 3971 1362 4017 est
1389 3961 1618 4034 Spiritus
1655 3978 1782 4017 san-

1890 2783 2200 2852 acquiescat
2225 2789 2485 2838 tortuosae
2512 2783 2896 2854 philosophim,
2926 2791 2983 2840 et
3008 2792 3197 2841 contra
3231 2785 3472 2842 omnium

1887 2874 2200 2946 opinionem
2227 2875 2615 2947 scripturarum
2654 2883 2766 2931 tam
2791 2876 2992 2932 veteris
3018 2891 3179 2946 quam
3210 2877 3334 2933 novi
3369 2876 3474 2932 Te—

1887 2967 2141 3022 stamenti
2168 2963 2196 3004 ⁶
2224 2967 2413 3024 credat
2457 2981 2579 3023 esse
2614 2975 2856 3024 creatum
2889 2963 3157 3038 Spiritum
3203 2967 3298 3023 Dei
3351 2983 3474 3023 san-

1887 3064 2034 3114 ctum
2052 3099 2067 3124 ,
2099 3073 2261 3128 quem
2289 3073 2553 3128 nusquam
2580 3068 2884 3116 creaturam
2911 3058 3092 3130 legere
3118 3061 3330 3132 potuit?
3359 3061 3442 3116 Ab

1888 3150 1981 3206 sit.
2013 3148 2203 3205 Melius
2226 3149 2384 3222 plane
2407 3148 2591 3214 faciet,
2612 3151 2660 3206 si
2687 3150 2882 3220 spretis
2896 3149 3202 3222 hujusmodi
3222 3151 3470 3208 humanis

1884 3240 2318 3297 conclusionibus
2337 3247 2394 3296 et
2412 3241 2640 3298 vinculis
2653 3241 3152 3312 interrogationum,
3167 3242 3234 3298 ad
3251 3243 3467 3298 Domini

1885 3332 1970 3388 sui
1995 3347 2055 3387 se
2080 3332 2245 3388 verba
2273 3339 2572 3388 convertat.
2602 3330 2724 3404 ipse
2756 3333 2900 3388 enim
2928 3331 2985 3389 in
3012 3331 3306 3403 Evangelio
3337 3333 3470 3389 dicit

1875 3419 2026 3477 unde
2045 3421 2116 3476 sit
2136 3419 2366 3492 Spiritus
2384 3429 2620 3490 sanctus,
2643 3421 2760 3493 ipse
2779 3419 2938 3477 linem
2971 3422 3160 3480 statuit
3186 3423 3470 3492 quaestioni

1884 3511 1977 3581 qui
1996 3509 2156 3566 finem
2173 3526 2278 3567 non
2299 3511 2478 3566 habet.
2503 3510 2644 3567 Dicit
2669 3524 2799 3580 ergo
2819 3511 2887 3566 ad
2907 3512 3217 3583 apostolos:
3253 3511 3465 3567 Mittam

1887 3599 2028 3655 vobis
2052 3617 2084 3654 α
2103 3599 2265 3655 Patre
2294 3598 2618 3656 Paraclitum
2641 3598 2896 3674 Spiritum
2913 3604 3141 3658 veritatis
3171 3601 3221 3676 (1
3230 3619 3351 3659 oan.
3379 3617 3466 3671 xv,

1883 3686 1999 3758 26).
2030 3685 2136 3744 Sed
2165 3688 2305 3745 unde
2325 3687 2433 3745 sit?
2462 3690 2702 3746 nescitis.
2732 3689 2791 3746 Si
2818 3692 2898 3747 vis
2921 3692 3065 3748 scire
3086 3733 3100 3756 ,
3130 3692 3256 3747 audi
3293 3693 3470 3762 ipsum

1888 3780 2196 3836 dicentem:
2223 3778 2328 3835 Hic
2353 3778 2418 3836 de
2440 3779 2606 3836 Patre
2629 3781 2877 3855 procedit.
2900 3781 3039 3850 Quid
3068 3798 3208 3839 nunc
3229 3789 3466 3853 oportet,

1887 3869 2118 3926 fratres?
2140 3868 2416 3927 Christum
2442 3870 2649 3941 audire,
2679 3886 2751 3928 an
2794 3872 3076 3928 homines?
3104 3870 3470 3929 Christusne-

1887 3975 1994 4032 que
2020 3959 2220 4018 factum
2245 3962 2383 4017 dixit
2415 3958 2680 4032 Spiritum
2697 3969 2976 4029 sanctum,
3015 3962 3112 4018 sed
3146 3963 3251 4019 hoc
3295 3963 3470 4018 solum

221 4053 361 4108 ctus?
378 4054 517 4110 unde
537 4054 657 4110 est?
677 4061 909 4123 quantus
931 4054 1050 4110 est?
1075 4060 1234 4108 natus
1253 4054 1370 4110 est?
1391 4069 1459 4107 an
1480 4051 1652 4108 factus
1672 4054 1789 4109 est?
1815 4055 1864 4121 ο
1891 4055 2017 4126 quia
2036 4053 2104 4111 de
2123 4051 2285 4110 Patre
2304 4054 2550 4127 procedit
2569 4056 2616 4110 ⁸.
2639 4052 2912 4111 Contrarii
2930 4055 3133 4118 dicunt,
3153 4055 3279 4124 quia
3299 4054 3470 4111 factus

220 4143 289 4200 sic
321 4145 508 4202 iterum
549 4145 829 4202 sciderunt
868 4145 1158 4218 populum,
1210 4153 1267 4201 et
1299 4161 1455 4212 vere,
1487 4145 1783 4202 secundum

221 4233 445 4306 Apostoli
480 4237 686 4294 dictum
717 4237 772 4310 (Ι
807 4237 939 4294 Tim.
970 4253 1009 4302 ι,
1033 4235 1112 4307 4),
1145 4235 1598 4292 interminabilem
1633 4250 1781 4305 quat-

219 4327 433 4388 stionem
495 4329 756 4386 Ecclesiis
810 4329 1151 4386 induxerunt.
1208 4327 1400 4384 Nonne
1467 4335 1782 4399 oportuerat

219 4433 363 4488 quem
381 4422 550 4480 semel
569 4429 815 4478 sanctum
831 4432 886 4478 et
903 4428 923 4455 ο
943 4429 1127 4476 natum
1148 4428 1393 4477 sanctum
1407 4419 1776 4487 crediderant;

219 4526 329 4568 eum
353 4529 471 4574 cum
498 4514 662 4571 Patre
680 4515 850 4584 magis
877 4521 933 4570 et
959 4513 1095 4570 Filio
1124 4512 1546 4570 honorificarent
1563 4555 1578 4580 ,
1615 4527 1780 4583 quam

219 4606 463 4660 creaturis
492 4589 802 4664 sociarent?
830 4604 937 4662 Sed
959 4605 1135 4661 adhuc
1156 4604 1415 4660 inducunt
1431 4597 1776 4675 quaestiones,

211 4700 266 4748 .et
291 4698 538 4754 tortuosis
567 4697 1076 4767 interrogationibus
1101 4695 1373 4768 simplices
1400 4710 1645 4766 quosque
1675 4693 1780 4752 ﬁde

157 4847 161 4850 .
216 4787 434 4868 spoliare
451 4789 803 4846 contendunt.
827 4787 970 4846 Nulli
997 4795 1178 4844 autem
1205 4786 1427 4843 dubium
1455 4793 1587 4858 puto
1623 4802 1775 4855 esse,

217 4879 331 4947 quia
366 4884 505 4938 mala
553 4883 902 4950 interrogatio
948 4896 1074 4937 eum
1111 4881 1206 4950 qui
1251 4881 1633 4949 interrogatur,
1673 4881 1780 4936 nisi

279 5034 304 5065 ⁸
323 5035 646 5104 Victorinus,
674 5039 728 5093 in
749 5037 894 5107 edito
921 5052 953 5091 a
973 5050 1060 5093 me
1079 5036 1446 5107 superioribus
1466 5036 1620 5107 annis
1631 5051 1775 5093 com-

213 5108 464 5180 mentario
493 5109 650 5180 epist.
676 5105 983 5180 adﬁgatur)
1012 5105 1237 5180 cap—iv,
1269 5106 1302 5161 6
1333 5108 1410 5179 (et
1429 5106 1554 5162 adv.
1586 5107 1772 5180 Arian.

213 5192 278 5249 in,
311 5173 394 5248 l7)
417 5173 675 5248 personas
693 5176 792 5236 SS.
822 5173 1117 5249 Trinitatis,
1132 5173 1608 5249 vocatipotentias.
1630 5177 1773 5248 Ergo

213 5243 512 5316 Nicetas’sic
538 5249 695 5316 estin
717 5249 821 5305 hoc
840 5249 997 5316 titulo
1018 5243 1410 5316 intelligendus.

273 5318 302 5360 δ
336 5315 424 5390 Sic
462 5315 697 5390 loquitur
727 5320 899 5390 etiam
915 5315 1209 5390 Gregorius
1233 5317 1598 5374 Nazianzenus
1619 5319 1773 5378 circa

213 5381 362 5441 ﬁnem
381 5381 700 5445 laudationis
726 5387 784 5446 S.
822 5381 1115 5443 Athanasii.
1153 5387 1323 5444 Porro
1343 5395 1589 5445 veterum
1615 5403 1774 5444 erro-

1890 4156 2002 4213 est,
2033 4156 2088 4204 et
2124 4157 2358 4205 creatus.
2403 4144 2545 4204 Puto
2569 4147 2764 4204 melius
2789 4154 2935 4204 esset
2973 4147 3075 4201 ista
3102 4145 3356 4213 credere,
3408 4153 3468 4205 ut

1887 4238 2132 4296 Christus
2165 4238 2427 4295 Dominus
2450 4237 2736 4306 revelavit,
2766 4251 2929 4308 quam
2965 4245 3028 4292 ut
3051 4237 3288 4292 humana
3323 4252 3465 4308 prs:-

1885 4331 2122 4401 sumptio
2140 4329 2500 4386 concinnavit.
2522 4327 2583 4387 Si
2600 4335 2778 4385 autem
2803 4329 3196 4397 interrogemus
3215 4342 3311 4384 eos
3327 4328 3467 4385 unde

1885 4422 2095 4494 possint
2117 4421 2348 4493 probare
2365 4419 2624 4492 Spiritum
2638 4426 2885 4477 sanctum
2905 4421 2931 4466 1
2953 4417 3187 4487 factum;
3207 4435 3330 4476 cum
3356 4435 3466 4478 non

1881 4515 2122 4572 habeant
2155 4515 2225 4572 de
2249 4512 2544 4586 Scripturis
2568 4518 2778 4571 certum
2805 4511 3026 4568 evidens
3061 4512 3427 4568 testimonium
3443 4553 3460 4580 ,

1883 4605 1914 4648 ⁸
1937 4613 2211 4662 assumant
2235 4605 2369 4661 illud
2393 4603 2541 4674 quod
2562 4602 2766 4661 dictum
2785 4609 2870 4658 est
2894 4603 2952 4658 in
2978 4600 3269 4672 Evangelia
3293 4620 3309 4656 :
3339 4599 3465 4658 0m-

1881 4700 1971 4754 nia
1996 4715 2086 4772 per
2111 4700 2281 4771 ipsum
2308 4699 2452 4770 facta
2485 4704 2626 4765 sunt,
2650 4703 2702 4752 et
2727 4697 2842 4752 sine
2858 4695 2976 4768 ipso
2995 4696 3192 4768 factum
3227 4701 3307 4750 est
3331 4693 3466 4750 nihil

1881 4791 2091 4867 (Joan.
2119 4807 2159 4858 ι,
2182 4789 2260 4864 1).
2289 4789 2484 4848 Dicunt
2507 4801 2641 4860 ergo
2670 4806 2685 4843 :
2705 4785 2766 4844 Si
2791 4787 2975 4845 omnia
2999 4800 3102 4858 per
3117 4785 3296 4857 ipsum
3319 4783 3464 4842 facta

1879 4889 2035 4950 sunt,
2065 4889 2122 4938 et
2145 4879 2380 4952 Spiritus
2401 4884 2626 4936 annonis
2652 4875 2830 4935 factus
2855 4877 3001 4933 inter
3023 4874 3208 4933 omnia
3233 4873 3465 4958 creden-

1873 5037 2006 5104 sius,
2029 5035 2423 5108 Theodoretus,
2451 5033 2512 5092 S.
2531 5031 2769 5108 Cyrillus
2789 5032 2968 5101 Alex.,
2998 5029 3324 5108 Paschasius
3351 5030 3462 5087 Ro-

1874 5101 2049 5164 manae
2084 5105 2340 5164 Ecclesiae
2372 5101 2652 5163 diaconus.
2684 5103 2781 5162 His
2820 5119 2965 5159 nunc
3003 5103 3219 5172 accedit
3244 5101 3461 5158 Nicetas

1874 5178 2252 5249 Aquileiensis.
2281 5176 2466 5249 Nuper
2480 5189 2615 5249 vero
2640 5189 2679 5249 a_
2714 5189 2804 5249 me
2829 5175 3006 5230 editus
3031 5174 3196 5249 estin
3225 5172 3331 5229 hoc
3359 5187 3459 5226 vo-

1872 5244 2076 5334 lumine
2095 5244 2407 5332 llieronynii
2424 5244 2622 5304 Donati
2645 5245 2720 5304 de
2737 5245 2843 5300 hoc
2861 5248 3179 5314 argumento
3201 5250 3462 5299 tractatus

1874 5322 2462 5448 mtpiimtslicebant
2471 5385 2735 5453 hmtici,
2759 5400 2989 5455 quorum
3015 5383 3343 5442 sententiam
3368 5387 3462 5437 aut

212 5469 320 5546 tum
345 5457 600 5546 adversus
619 5459 875 5546 Spiritum
895 5466 1149 5546 sanctum)
1159 5458 1455 5546 historiam,
1488 5459 1775 5546 ductgini-
1794 5483 1851 5546 ι)
1873 5462 2054 5546 verba
2066 5476 2210 5546 nunc
2408 5457 2644 5516 Nicetes.
2689 5483 2701 5534 9

212 5525 281 5599 tio
305 5542 336 5582 a
361 5525 693 5599 sadducatis',
725 5530 984 5585 habemus
1012 5528 1152 5599 apud
1191 5526 1472 5584 Petavium
1516 5529 1585 5584 de
1619 5527 1766 5584 Trin.

212 5594 362 5670 l_ib._t,
377 5597 478 5670 54.
504 5597 742 5670 ,Legatur
762 5600 902 5656 idem
931 5594 1121 5670 auctor
1146 5599 1310 5654 etiam
1338 5600 1429 5655 lib.
1455 5615 1523 5665 ιι,
1556 5599 1768 5670 ὶδςιιι,

212 5661 259 5740 7.
281 5661 359 5723 Ex
377 5661 619 5726 Patribus
639 5669 1019 5727 ecclesiasticis
1033 5711 1048 5736 ,
1073 5669 1165 5740 qui
1189 5670 1421 5740 Spiritus
1440 5661 1612 5726 sancti
1639 5661 1773 5724 divi;

214 5735 429 5812 nitatem
445 5741 758 5812 nominatim
778 5735 1152 5812 defenderunt,
1185 5735 1474 5812 supersunt
1501 5741 1557 5795 hi
1582 5742 1770 5812 praeci-

212 5806 314 5877 pui,
338 5807 605 5878 Didvmus,
631 5811 689 5867 S.
713 5811 958 5877 Basilius,
995 5809 1053 5865 S.
1080 5806 1414 5877 Ambrosius,
1437 5810 1492 5866 S.
1526 5806 1768 5867 Athana-

1950 5536 1980 5577 ά
2015 5531 2174 5584 Cod..
2202 5531 2383 5584 credit.
2690 5531 2698 5584 ξ
3541 5567 3543 5570 ‹

1950 5536 1980 5577 ά
2015 5530 2174 5598 Cod.,
2202 5529 2383 5586 credit.
2690 5529 2695 5556 ί

1947 5610 1972 5681 f
2317 5600 2375 5655 in
2399 5597 2546 5665 cotL,
2723 5614 2860 5663 nunc
2887 5604 3088 5668 oportet
3109 5596 3333 5668 fratrea;
3349 5599 3463 5648 tum

1871 5652 2354 5742 substantiae;
2363 5652 2714 5795 eipiiigituj
2791 5661 2794 5663 “
2921 5652 2934 5668 ’
3109 5652 3132 5749 ’θ

1945 5741 1968 5780 ί
2009 5742 2068 5795 ιιι
2089 5741 2208 5795 cod.
2233 5740 2445 5795 additur
2463 5738 2638 5793 domin
2701 5757 2752 5795 η.
2770 5747 2881 5794 tum
2901 5750 3132 5795 expungi

1945 5741 1968 5780 ί
2009 5742 2068 5796 ιιι
2081 5738 2208 5796 cod.
2233 5738 2452 5795 additur
2463 5738 2752 5804 domimdn,
2770 5747 2881 5794 tum
2901 5738 3243 5809 expungitur.

1945 5826 1970 5862 ε
2011 5811 2187 5866 Malim
2217 5818 2504 5866 assumunt.
2887 5827 2896 5834 ν
