3952 6358
397 5051 414 5150 i

1497 303 1552 358 S.
1591 301 1866 358 NICETA‘J
1906 301 2211 360 EPISCOPI
2248 301 2726 371 AQUILEIENSIS

487 422 590 479 dus
607 426 710 477 est.
741 417 868 475 Haec
887 433 996 474 non
1016 425 1098 473 est
1123 421 1248 488 apta
1275 412 1559 487 probatio,
1583 412 1679 469 sed
1713 413 1895 485 potius
1922 430 2077 470 scru-
2106 420 2153 477 Α
2183 423 2363 488 potest
2404 415 2571 472 videri
2601 416 2841 474 conditio
2888 418 3179 475 servitutis.
3233 419 3290 477 in
3345 429 3589 478 creatura
3634 427 3768 483 enim

487 515 678 588 pulosa
707 512 974 570 collectio.
1007 509 1203 578 Qumro
1235 508 1423 578 igitur;
1457 522 1520 564 os
1564 504 1820 572 Joannis,
1847 506 1938 576 qui
1969 506 2084 563 haec

487 607 732 672 dicebat,
758 605 810 660 in
842 619 948 674 quo
977 601 1182 673 Spiritu
1213 600 1572 670 loquebatur?
1596 613 1774 654 nonne
1805 598 1856 652 in
1879 596 2085 668 Spiritu

485 696 716 755 sancto?
742 695 786 750 si
825 709 955 764 ergo
1003 693 1056 748 in
1108 689 1312 763 Spiritu
1368 689 1708 760 loquebatur,
1752 688 1868 760 ipse
1901 689 2087 758 utique

487 790 720 864 Spiritus
749 789 1090 860 loquebatur.
1114 786 1190 841 De
1219 785 1304 840 his
1330 791 1509 840 autem
1540 783 1782 841 dicebat.
1814 783 1939 852 quia
1987 796 2085 854 per

483 885 662 955 ipsum
693 880 831 937 facta
861 888 987 936 sunt
1003 879 1184 936 omnia
1217 893 1339 949 qua:
1368 877 1554 947 utique
1575 878 1626 930 in
1648 875 1990 931 multitudine
2027 882 2084 929 et

485 977 677 1034 ordine
709 984 1075 1032 creaturarum
1114 983 1239 1029 sunt
1269 972 1590 1037 constituta;
1625 986 1733 1026 non
1766 978 1790 1006 ει
1817 968 1885 1024 de
1913 975 2084 1022 semet

480 1074 602 1144 ipso
631 1071 844 1126 dicebat
857 1067 1089 1139 Spiritus
1109 1075 1346 1132 sanctus,
1366 1075 1423 1120 ut
1445 1067 1558 1137 ipse
1579 1080 1796 1135 quoque
1817 1065 1958 1120 inter
1979 1079 2082 1120 ca:-

481 1173 630 1222 teras
657 1171 934 1219 creaturas
961 1160 1131 1217 factus
1159 1176 1225 1216 ex
1255 1159 1422 1214 nihilo
1451 1159 1778 1215 crederetur.

551 1252 606 1308 4.
647 1253 823 1310 Testis
852 1262 1032 1308 autem
1053 1261 1137 1308 est
1155 1251 1315 1322 hujus
1334 1251 1413 1306 rei
1433 1251 1623 1306 beatus
1642 1249 1920 1321 apostolus
1941 1249 2082 1306 Pau-

479 1345 586 1411 lus,
609 1345 700 1415 qui
732 1345 1047 1400 nominatim
1073 1344 1183 1410 illa,
1214 1359 1334 1413 qua:
1355 1358 1452 1412 per
1473 1340 1742 1396 Christum
1773 1340 1912 1398 facta
1933 1350 2078 1409 sunt,

479 1436 814 1507 exsequitur.
850 1435 917 1491 In
947 1437 1076 1509 ipso,
1103 1435 1294 1505 inquit,
1319 1435 1528 1488 condita
1548 1444 1668 1488 sunt
1689 1436 1861 1489 omnia
1881 1452 1996 1508 qua:
2025 1437 2081 1489 in

479 1530 624 1585 caelis
644 1539 693 1583 et
714 1545 830 1601 quo:
850 1531 904 1582 in
922 1536 1076 1592 terra,
1096 1527 1316 1582 visibilia
1336 1537 1387 1581 et
1405 1526 1714 1591 invisibilia;
1737 1529 1842 1581 sive
1862 1535 1890 1576 ti
1911 1527 2076 1594 sedes,

479 1623 585 1678 sive
624 1621 1024 1686 dominationes,
1073 1623 1178 1676 sive
1220 1622 1577 1692 principatus,
1628 1622 1732 1674 sive
1760 1629 2076 1690 potestates:

478 1717 654 1771 omnia
683 1733 776 1787 per
794 1716 961 1786 ipsum
982 1724 1033 1768 et
1059 1716 1112 1768 in
1135 1715 1247 1784 ipso
1273 1717 1294 1746 ο
1317 1723 1492 1768 creata
1516 1722 1636 1767 sunt
1655 1711 1874 1784 (Coloss.
1902 1729 1936 1777 l,
1959 1711 2072 1784 26).

2185 508 2417 564 servitus
2437 508 2781 578 intelligenda
2804 517 2906 577 est;
2931 511 2985 566 in
3015 510 3315 568 ITrinitate
3334 529 3466 570 vero
3486 514 3770 573 dominatio

2185 608 2242 655 et
2269 599 2507 656 libertas.
2535 599 2676 672 Ergo
2705 603 2748 661 si
2772 602 2900 660 illud
2929 603 3071 673 quod
3103 604 3303 662 dictum
3349 614 3433 660 est
3473 605 3526 661 in
3572 607 3767 677 psalmo

2185 693 2359 746 omnia
2398 693 2626 748 serviunt
2664 694 2753 750 tibi
2793 694 2861 750 ad
2902 703 3180 752 creaturas
3216 697 3453 769 pertinet
3480 707 3534 754 et
3575 714 3682 754 non
3709 701 3767 758 ad

2185 781 2443 855 Spiritum
2471 794 2736 850 sanctum,
2768 787 2871 842 hoc
2895 802 3112 858 quoque
3139 787 3361 854 dictum,
3389 791 3563 844 omnia
3584 807 3677 862 per
3697 794 3766 863 ip-

2184 892 2298 930 sum
2337 877 2476 947 facta
2514 887 2633 932 sunt
2653 875 2714 945 ι,
2745 895 2850 934 non
2876 877 3132 951 Spiritum
3161 890 3407 937 sanctum
3435 883 3577 938 inter
3599 886 3767 941 omnia

2184 967 2482 1035 concludit;
2513 971 2636 1039 quia
2673 985 2773 1026 nec
2796 987 2865 1026 ex
2894 972 3072 1041 aliqua
3100 974 3326 1029 materia
3370 981 3460 1029 aut
3499 990 3566 1030 ex
3615 975 3768 1034 nihilo

2184 1057 2356 1116 factus
2377 1061 2587 1128 legitur,
2611 1063 2703 1132 qui
2732 1061 2746 1100 ί
2782 1063 2849 1119 de
2869 1061 3029 1120 Patre
3057 1066 3319 1136 procedit.

2257 1151 2308 1206 5.
2349 1151 2558 1210 Sufﬁcit
2599 1156 2780 1225 itaque
2828 1155 3071 1212 ﬁdelibus
3098 1159 3205 1214 hoc
3244 1159 3384 1216 scire
3427 1160 3554 1230 quia
3613 1159 3766 1218 Filius

2184 1245 2403 1317 quidem
2443 1248 2656 1317 genitus
2683 1257 2785 1315 est,
2837 1247 3066 1320 Spiritus
3093 1260 3273 1307 autem
3313 1252 3380 1308 de
3408 1251 3568 1310 Patre
3598 1269 3766 1326 prooe-

2183 1337 2318 1395 dens
2341 1348 2424 1395 est
2465 1357 2476 1393 :
2521 1349 2576 1396 et
2604 1341 2733 1411 ipsis
2774 1350 2990 1398 utamur
3012 1343 3192 1399 verbis
3230 1345 3426 1414 quibus
3469 1347 3548 1401 uti
3600 1346 3762 1404 divina

2185 1430 2459 1503 Scriptura
2491 1449 2587 1488 nos
2612 1433 2798 1489 voluit.
2825 1433 2928 1502 Qui
2958 1444 3137 1491 autem
3163 1437 3337 1507 diligit
3358 1438 3545 1504 vitam,
3572 1448 3633 1494 et
3657 1440 3763 1496 vita:

2185 1523 2335 1578 novit
2366 1535 2662 1591 anctorem,
2714 1533 2770 1580 et
2797 1526 2959 1580 trium
2985 1527 3260 1582 nominum
3290 1530 3440 1584 socio
3460 1529 3762 1587 honorem-

2183 1617 2353 1688 scepit
2376 1617 2426 1672 in
2447 1617 2699 1688 baptismi
2720 1627 3077 1684 sacramento,
3108 1635 3208 1675 nec
3226 1620 3338 1690 jam
3359 1620 3466 1676 illic
3487 1623 3758 1678 terminum

2182 1695 2394 1778 quierit,
2429 1710 2514 1763 ubi
2566 1718 2773 1764 certum
2822 1719 2939 1764 erat
2969 1727 3075 1765 non
3125 1711 3288 1766 fuisse
3338 1713 3679 1784 principium,
3714 1714 3758 1769 in

473 1805 743 1878 Numquid
769 1807 908 1862 inter
930 1807 1108 1862 omnia
1129 1805 1367 1862 cmlestia
1391 1813 1445 1860 et
1468 1805 1741 1860 terrestria
1764 1806 1925 1859 etiam
1947 1802 2069 1875 Spi-
2101 1804 2147 1864 Β
2172 1815 2279 1870 quo
2307 1801 2551 1856 credidit.
2575 1799 2858 1857 Credimus
2885 1817 3015 1871 ergo
3044 1801 3302 1873 Spiritum
3323 1813 3572 1860 sanctum
3608 1803 3754 1860 Para-

471 1900 635 1955 ritum
665 1907 910 1955 sanctum
940 1898 1271 1953 nominavit?
1295 1895 1359 1950 Et
1381 1899 1563 1966 utique
1587 1897 1954 1968 principaliter
1975 1912 2071 1951 no-

471 1992 752 2058 minasset,
783 1991 829 2046 si
859 2005 983 2045 eum
1011 1998 1252 2045 creatum
1283 1989 1369 2044 vel
1407 1987 1602 2044 factum
1624 2029 1639 2051 ,
1671 1988 1810 2042 sicut
1850 1996 2065 2054 caetera,

469 2085 830 2156 cognovisset.
873 2083 931 2140 Si
972 2091 1151 2138 autem
1194 2091 1300 2137 tam
1343 2081 1477 2136 dure
1505 2081 1586 2135 vis
1616 2081 1914 2148 intelligere
1943 2080 2070 2135 illud

468 2177 616 2247 quod
642 2178 845 2234 dictum
874 2185 976 2242 est,
1003 2178 1176 2232 omnia
1197 2192 1289 2247 per
1308 2176 1474 2247 ipsum
1499 2177 1640 2246 [acta
1660 2183 1799 2238 sunt,
1824 2171 1851 2212 τι
1883 2182 1938 2226 ut
1961 2189 2068 2227 non

468 2268 708 2340 excipias
737 2267 994 2340 Spiritum
1022 2277 1296 2333 sanctum;
1327 2283 1512 2338 quaero
1532 2267 1658 2337 quid
1688 2266 1888 2320 sentias
1915 2265 1983 2321 de
2002 2281 2070 2321 eo

467 2363 614 2432 quod
643 2362 774 2419 dicit
802 2363 1064 2434 propheta
1086 2362 1251 2416 David
1272 2361 1340 2416 ad
1374 2366 1397 2393 θ
1429 2361 1595 2416 Deum
1628 2359 1934 2425 Dominum,
1959 2376 2070 2414 om-

467 2460 560 2513 nia
599 2460 826 2514 serviunt
870 2457 959 2514 tibi
1002 2457 1118 2531 (Ps.
1150 2473 1329 2522 cxvm,
1375 2455 1488 2528 9|);
1522 2454 1781 2524 numquid
1808 2453 2070 2525 Spiritum

464 2540 714 2607 sanctum
743 2552 884 2606 inter
911 2550 1092 2606 omnia
1117 2551 1320 2605 servire
1347 2549 1499 2614 dicis,
1533 2557 1626 2604 aut
1647 2563 1863 2604 servum
1892 2547 2072 2618 appel-

466 2641 626 2707 laris,
658 2643 750 2712 qui
781 2641 964 2712 utique
1004 2658 1111 2698 non
1143 2650 1226 2697 est
1253 2655 1471 2707 servus,
1505 2640 1601 2696 sed
1631 2640 1890 2696 Dominus
1930 2639 2068 2694 libe-

465 2749 594 2790 rans
619 2750 652 2788 a
681 2734 942 2789 servitute
961 2734 1312 2790 creaturam?
1339 2732 1494 2801 Quod
1516 2741 1695 2787 autem
1718 2732 1787 2787 sit
1810 2731 2070 2787 Dominus

464 2824 697 2896 Spiritus
715 2835 962 2888 sanctus,
995 2825 1063 2879 ad
1085 2825 1592 2881 Thessalonicenses
1611 2826 1850 2880 scribens
1872 2823 2069 2880 Paulus

463 2918 544 2974 sic
571 2917 702 2972 dicit
731 2937 744 2970 :
777 2916 1032 2972 Dominus
1071 2917 1268 2987 dirigat
1303 2919 1462 2973 corda
1493 2928 1661 2972 vestra
1693 2919 1749 2971 in
1797 2918 2071 2973 dilectione

467 3009 681 3066 Domini
708 3020 758 3066 et
787 3011 1065 3066 tolerantia
1111 3009 1305 3066 Christi
1348 3010 1412 3081 (ll
1453 3009 1629 3066 Thess.
1661 3028 1749 3076 ut,
1785 3010 1858 3082 5).
1899 3011 2070 3082 Spiri-

465 3108 580 3156 tum
609 3102 726 3157 sine
753 3100 916 3157 dubio
939 3101 1223 3158 Dominum
1245 3101 1398 3167 dixit,
1428 3102 1495 3157 de
1523 3118 1630 3172 quo
1659 3111 1715 3158 et
1744 3104 1858 3174 ipse
1883 3103 2064 3159 Salva-

2177 1894 2363 1950 clitum
2395 1895 2462 1949 de
2503 1892 2662 1950 Patre
2692 1895 2989 1965 procedere
3015 1914 3026 1949 :
3061 1912 3182 1951 esse
3209 1904 3388 1952 autem
3414 1913 3524 1953 non
3559 1897 3754 1964 Filium,

2175 2003 2350 2057 neque
2381 1985 2572 2041 Filium
2615 1985 2753 2051 Filii,
2783 1987 2927 2057 quod
2955 1987 3170 2042 solentl
3210 1989 3376 2044 stulte
3417 1991 3753 2059 conquirere;

2173 2081 2267 2135 sed
2294 2079 2553 2150 Spiritum
2581 2080 2845 2142 veritatis,
2877 2080 3029 2150 cujus
3063 2082 3339 2151 processio
3359 2091 3452 2136 aut
3480 2082 3656 2152 qualis
3678 2090 3755 2138 aut

2172 2181 2371 2241 quanta
2402 2173 2489 2236 sit,
2524 2172 2650 2226 nulli
2681 2171 2995 2227 conceditur
3021 2173 3178 2229 scire.
3204 2171 3336 2226 Nam
3365 2171 3432 2228 de
3461 2174 3750 2244 incompte

2172 2262 2537 2318 hensibilitate
2554 2263 2719 2333 ipsius
2748 2260 2982 2332 Spiritus
2998 2263 3257 2318 Dominus
3283 2279 3504 2334 quoque
3524 2265 3580 2318 in
3601 2263 3754 2320 Evan-

2173 2360 2315 2429 gelio
2343 2359 2477 2436 dixit
2502 2378 2514 2412 :
2550 2357 2684 2422 Quia
2706 2359 2931 2431 Spiritus
2959 2360 3045 2415 ubi
3067 2362 3171 2415 vult
3189 2364 3374 2432 spirat,
3398 2372 3449 2417 et
3469 2381 3638 2418 vocem
3655 2366 3749 2436 ejus

2173 2452 2344 2516 audis,
2369 2433 2461 2505 sed
2483 2453 2650 2505 nescis
2677 2453 2814 2506 unde
2835 2454 3008 2506 veniat
3055 2463 3144 2506 aut
3171 2471 3268 2526 quo
3298 2455 3453 2509 vadat
3485 2433 3746 2526 (leam-nt,

2172 2541 2249 2614 8).
2288 2543 2442 2599 Hunc
2481 2543 2741 2614 Spiritum
2771 2546 3018 2601 novimus
3048 2546 3100 2600 in
3128 2563 3360 2617 persona
3405 2563 3527 2606 esse
3555 2552 3748 2622 propria

2172 2647 2228 2694 et
2273 2655 2431 2705 vera;
2489 2638 2692 2695 fontem
2740 2639 3199 2707 sanctiﬁcationis,
3232 2642 3413 2698 lumen
3443 2643 3743 2710 animarum,

2171 2729 2460 2787 divisorem
2503 2733 2818 2801 gratiarum.
2870 2732 2969 2788 Hic
3006 2733 3240 2803 Spiritus
3285 2734 3623 2801 sanctiﬁcat,
3652 2752 3742 2792 non

2171 2824 2569 2892 sanctiﬁcatur;
2612 2826 2894 2893 illuminat,
2946 2841 3053 2882 non
3104 2828 3442 2884 illuminatur
3484 2848 3497 2882 :
3531 2845 3629 2886 nec
3654 2830 3747 2886 ulla

2173 2928 2420 2973 creatura
2451 2918 2567 2973 sine
2596 2918 2700 2974 hoc
2728 2917 2931 2989 Spiritu
2972 2927 3064 2974 aut
3092 2919 3159 2973 ad
3187 2921 3546 2977 aeternitatem
3573 2937 3746 2992 perve-

2171 3011 2308 3074 nire,
2342 3019 2434 3066 aut
2467 3028 2592 3066 vere
2621 3018 2806 3065 sancta
2835 3011 3034 3080 poterit
3064 3011 3350 3066 nominari.
3394 3011 3575 3067 Audeo
3611 3011 3743 3068 diee-

2172 3119 2260 3169 re;
2294 3103 2553 3174 templum
2579 3103 2750 3172 ipsum
2781 3102 3014 3167 Domini,
3041 3102 3093 3157 id
3115 3111 3200 3157 est
3220 3117 3420 3173 corpus
3439 3103 3575 3174 quod
3601 3118 3745 3159 acce-

469 3202 558 3252 tor
577 3193 645 3248 ad
667 3193 948 3264 apostolos
975 3193 1204 3258 dixerat,
1233 3196 1354 3266 quia
1382 3197 1493 3266 ipse
1520 3211 1606 3248 t'os
1635 3195 1821 3267 diriget
1857 3198 1914 3250 in
1953 3213 2068 3252 om-
2098 3185 2144 3250 C
2174 3196 2254 3268 pit
2283 3211 2350 3250 ex
2382 3195 2617 3263 Virgine,
2649 3201 2796 3249 certe
2819 3193 2936 3264 ipso
2965 3193 3168 3264 Spiritu
3207 3195 3519 3252 instructum
3544 3202 3638 3249 est.
3680 3191 3741 3246 Et

466 3301 583 3339 nem
612 3285 872 3339 veritatem
895 3285 1076 3356 (Joan.
1102 3301 1208 3349 xvr,
1237 3284 1344 3356 15).
1372 3285 1561 3340 Adhuc
1585 3286 1886 3342 evidentius
1907 3287 2070 3344 docet

465 3374 662 3433 Paulus
689 3377 873 3432 dicens
906 3395 918 3429 :
951 3375 1206 3432 Dominus
1240 3387 1315 3432 est
1339 3378 1597 3449 Spiritus;
1627 3377 1713 3432 ubi
1741 3389 1913 3434 autem
1943 3379 2069 3451 Spi-

467 3469 592 3524 ritus
633 3467 866 3531 Domini,
909 3467 981 3522 ibi
1021 3467 1231 3522 libertas
1259 3468 1324 3539 (ll
1355 3468 1475 3523 Cor.
1508 3486 1583 3535 Ill,
1618 3469 1728 3541 17).
1762 3468 1830 3524 Ει
1857 3470 1924 3525 ad
1953 3470 2065 3526 110-¹

462 3575 653 3618 manos
684 3579 695 3611 :
730 3559 875 3626 Non,
901 3562 1090 3632 inquit,
1123 3564 1394 3636 accepistis
1418 3563 1674 3634 Spiritum
1693 3565 1950 3618 servitutis
1971 3566 2068 3618 ite-

465 3669 578 3708 rum
599 3656 653 3708 in
679 3656 878 3718 timore,
897 3655 987 3708 sed
1007 3658 1274 3726 accepistis
1297 3655 1551 3728 Spiritum
1572 3656 1865 3726 adoptionis
1885 3656 2060 3728 (Rom.

465 3759 576 3809 vni,
603 3741 712 3812 l5).
747 3743 803 3798 Si
844 3742 1074 3813 Spiritus
1114 3743 1420 3816 adoptionis
1449 3753 1549 3810 est,
1582 3753 1638 3800 et
1665 3743 1792 3800 facit
1819 3747 2065 3802 homines

465 3836 604 3892 ﬁlios
651 3836 766 3903 Dei,
819 3837 1091 3906 quomodo
1131 3838 1244 3908 ipse
1287 3839 1340 3892 in
1389 3837 1568 3893 servili
1615 3838 1922 3896 conditione
1966 3856 2065 3912 po-

465 3929 630 3995 nitur,
661 3945 785 3984 cum
813 3945 1002 3986 servus
1029 3945 1138 3986 non
1165 3930 1337 4001 possit
1360 3930 1597 4000 legitime
1626 3932 1892 3987 liberare?
1923 3931 2064 3997 Quo-

462 4023 625 4089 niam,
652 4023 844 4092 inquit,
869 4025 990 4078 estis
1018 4025 1147 4094 lilii,
1176 4026 1316 4087 misit
1338 4023 1478 4078 Deus
1510 4024 1764 4096 Spiritum
1805 4024 1935 4080 Filii
1980 4027 2063 4080 sui

461 4115 704 4171 incorda
729 4125 895 4171 vestra
931 4116 1340 4172 declamantem:
1364 4116 1507 4170 Abba
1527 4159 1541 4186 ,
1581 4116 1760 4172 Pater.
1794 4117 1856 4173 Si
1887 4129 2060 4173 autem

460 4206 653 4273 Filius,
675 4219 725 4263 et
754 4210 917 4264 haeres
946 4227 1036 4281 per
1065 4209 1266 4274 Deum;
1294 4227 1416 4282 ergo
1452 4211 1568 4281 jam
1605 4227 1708 4264 non
1745 4219 1822 4265 est
1860 4227 2055 4276 servus,

459 4299 552 4353 sed
574 4298 742 4354 Filius
761 4298 782 4337 ῐ
806 4298 948 4371 (Gal.
974 4319 1044 4365 IV,
1069 4300 1146 4369 6).
1167 4301 1223 4355 Si
1245 4316 1332 4354 me
1343 4298 1591 4355 Christus
1611 4301 1836 4356 liberum
1857 4300 1985 4356 facit
2005 4309 2062 4357 et

459 4389 656 4445 Filium
681 4399 737 4446 et
776 4392 981 4462 proprii
1020 4392 1252 4447 nominis
1289 4392 1584 4447 divinitatis
1627 4407 1736 4448 sum
1764 4393 2052 4459 hmredem,

460 4482 658 4552 impius
685 4497 779 4537 ero
806 4483 850 4536 si
881 4498 1003 4537 eum
1025 4499 1238 4538 servum
1259 4483 1448 4538 dixero
1477 4484 1568 4552 qui
1603 4499 1688 4538 me
1718 4483 1941 4537 liberum
1972 4481 2052 4537 fa—

2174 3287 2311 3342 dixit
2337 3285 2554 3341 Gabriel
2611 3285 2835 3355 angelus
2879 3285 2948 3340 ad
2989 3285 3208 3339 Mariam
3243 3304 3256 3338 :
3290 3285 3506 3356 Spiritus
3538 3293 3734 3337 sancta

2173 3381 2337 3434 veniet
2367 3381 2420 3434 in
2452 3390 2516 3445 te,
2549 3388 2600 3433 et
2628 3380 2787 3433 virtus
2816 3379 3069 3432 Altissimi
3098 3376 3422 3432 obumbrabit
3444 3388 3512 3440 te;
3537 3376 3742 3447 ideoque

2171 3472 2308 3544 quod
2327 3483 2565 3527 nascetur
2591 3489 2657 3526 ea:
2679 3479 2744 3538 te,
2776 3471 2840 3526 de
2869 3470 3067 3542 Spiritu
3101 3481 3280 3526 sancto
3309 3481 3387 3526 est
3409 3469 3547 3541 (Luc.
3573 3485 3614 3534 ι,
3632 3465 3739 3539 '55).

2171 3561 2313 3618 Ecce
2343 3563 2512 3634 ipsum
2543 3563 2825 3633 templum,
2859 3563 2912 3616 in
2942 3577 3051 3632 quo
3086 3561 3309 3616 verbum
3352 3561 3559 3617 Domini
3600 3560 3739 3615 habi-

2168 3655 2320 3722 tavit,
2380 3654 2680 3709 invenimus
2709 3654 2776 3709 ab
2827 3652 3029 3725 Spiritu
3085 3652 3498 3708 sanctiﬁcatum.
3527 3651 3594 3706 Et
3631 3652 3739 3708 licet

2170 3749 2317 3804 dicat
2340 3749 2453 3818 ipse
2480 3747 2739 3803 Dominus
2759 3747 2827 3803 de
2855 3763 2934 3811 se,
2967 3744 3128 3811 Quem
3169 3745 3331 3800 Pater
3350 3747 3739 3818 sanetiﬁcavitet

2165 3841 2304 3894 misit
2332 3841 2385 3893 in
2407 3839 2540 3892 hunc
2580 3838 2828 3892 mundum
2854 3839 3030 3909 (Joau.
3059 3856 3111 3905 x,
3138 3836 3262 3910 56);
3311 3846 3366 3894 et
3397 3840 3608 3901 iterum,
3645 3837 3736 3894 Po-

2166 3939 2263 3984 test
2281 3931 2416 3984 enim
2439 3928 2608 3984 Filius
2631 3928 2727 3984 Dei
2749 3938 2800 3984 et
2827 3947 2973 3984 suum
3012 3947 3194 4001 corpus
3221 3939 3271 3985 et
3298 3933 3476 3984 omnia
3518 3929 3736 3999 sanctiﬁ—

2162 4037 2281 4075 care
2312 4021 2490 4092 (Joan.
2523 4037 2647 4086 xvii,
2678 4019 2765 4091 i9)
2802 4038 2814 4073 :
2858 4029 3036 4076 tamen
3063 4029 3122 4075 ut
3145 4021 3396 4076 virtutem
3427 4029 3484 4077 et
3511 4021 3733 4093 proprie-

2163 4121 2328 4168 tatem
2357 4113 2528 4168 sancti
2579 4111 2812 4184 Spiritus
2855 4113 3050 4168 smculo
3080 4112 3481 4177 manifestaret,
3517 4121 3736 4183 tempore

2159 4207 2499 4278 baptismatis
2528 4207 2581 4260 in
2611 4207 2792 4277 specie
2820 4207 3087 4261 columba:
3128 4207 3242 4276 ipse
3282 4206 3335 4260 in
3365 4223 3523 4262 suum
3562 4219 3737 4277 corpus

2158 4301 2364 4372 recepit
2410 4299 2668 4370 Spiritum
2720 4309 2984 4366 sanctum,
3017 4308 3077 4354 ut
3109 4315 3233 4355 vere
3280 4300 3574 4355 secundum
3606 4298 3736 4370 Apo-

2157 4393 2281 4447 stoli
2311 4391 2512 4446 dictum
2533 4393 2707 4446 omnis
2731 4393 2784 4446 in
2813 4407 2878 4446 eo
2907 4391 3177 4446 habitaret
3205 4391 3482 4460 plenitudo
3503 4391 3734 4450 divinitao

2157 4486 2224 4540 tis
2251 4483 2606 4556 corporaliter
2632 4503 2644 4538 :
2669 4485 2735 4540 de
2781 4500 2887 4554 qua
2930 4484 3263 4555 plenitudine
3290 4485 3630 4554 postmodum
3657 4501 3736 4542 aco

459 4572 552 4626 cit.
586 4571 833 4627 Libertas
860 4582 1039 4628 autem
1069 4572 1302 4643 Spiritus
1330 4573 1383 4627 in
1424 4573 1528 4628 hoc
1561 4572 1722 4627 etiam
1751 4571 2053 4627 manifesta-
2079 4565 2132 4626 D
2156 4579 2361 4648 cipiunt
2389 4578 2618 4648 apostoli
2645 4577 2874 4646 gratiam
2913 4593 3012 4647 pro
3059 4576 3230 4645 gratia
3255 4617 3270 4641 ,
3315 4577 3433 4648 ipso
3462 4579 3735 4650 inspirante

457 4671 566 4730 tur,
597 4663 742 4735 quod
773 4663 908 4718 dixit
927 4663 1216 4734 Apostolus
1242 4683 1254 4718 :
1291 4663 1483 4718 Omnia
1522 4673 1764 4734 operatur
1790 4679 1921 4716 unus
1967 4672 2050 4715 at-

456 4759 554 4827 que
580 4757 714 4811 idem
743 4755 972 4829 Spiritus
991 4796 1006 4821 ,
1038 4757 1266 4812 dividens
1299 4756 1515 4829 singulis
1545 4766 1695 4828 prout
1723 4757 1826 4810 vult
1857 4756 1898 4826 (Ι
1927 4755 2046 4812 Cor.

524 5037 549 5065 ⁸
594 5027 751 5084 Deest
779 5027 842 5082 de
869 5027 923 5081 in
951 5025 1072 5082 cod.

523 5095 554 5138 δ
591 5097 669 5153 ita
717 5097 893 5161 sedes,
953 5113 1061 5152 non
1110 5097 1312 5161 throni,
1362 5096 1525 5151 etiam
1571 5097 1878 5153 Victorinus
1919 5097 2039 5152 adv.

388 5165 414 5238 ξ
451 5169 640 5227 Arium
668 5185 704 5232 ι,
736 5167 823 5222 21.
850 5166 957 5223 Sed
985 5183 1104 5238 cap.
1139 5168 1227 5231 36,
1255 5168 1443 5233 throni,
1475 5183 1594 5236 qua:
1614 5169 1737 5222 sine
1763 5167 1926 5222 dubio
1949 5183 2044 5222 va-

389 5237 406 5296 l
450 5242 616 5297 rietas
637 5237 1166 5294 amanuensium’est.

525 5323 548 5352 ο
591 5309 916 5382 Victorinus,
949 5311 1246 5382 constituta.
1280 5308 1572 5382 Variabant
1599 5309 1742 5382 enim
1772 5310 2045 5382 exempla-

393 5383 397 5387 ’
450 5383 529 5437 ria
570 5381 734 5451 etiam
786 5378 982 5435 Italica:
1027 5380 1244 5436 veteris.
1286 5378 1593 5451 Victorinus
1633 5381 1746 5450 ipse
1787 5396 1904 5451 cap.
1929 5378 2039 5448 ⁷56,

451 5461 641 5506 creata.
673 5448 802 5516 Quae
829 5459 956 5506 sunt
979 5451 1321 5506 librariorum
1347 5450 1585 5506 arbitria.

523 5523 549 5560 ά
590 5521 750 5576 Deest
777 5531 832 5574 ut
860 5521 914 5576 in
946 5520 1068 5576 cod.

529 5589 550 5612 "
570 5590 647 5664 _ln
678 5591 798 5646 cod.
841 5591 1093 5664 scribitur
1121 5590 1422 5664 tantumD.
1446 5591 1581 5647 Num
1599 5593 2042 5664 ealitteraexpli-

451 5661 621 5716 canda
666 5671 809 5720 esset
849 5660 1015 5717 Deum
1039 5702 1052 5725 ,
1112 5678 1177 5717 an
1230 5663 1408 5732 potius
1454 5663 1711 5718 mendosa
1750 5660 2037 5725 credenda,

451 5732 802 5798 ambigebam.

530 5800 548 5840 ί
591 5800 647 5857 In
679 5804 890 5868 vulgata
934 5802 1142 5860 Paulini
1171 5811 1347 5861 textus
1395 5803 1632 5860 editione
1679 5806 1919 5861 inversus
1961 5812 2042 5859 est

2158 4669 2385 4724 Domino
2415 4669 2467 4724 in
2499 4667 2685 4725 faciem
2717 4669 3103 4739 apostolorum,
3145 4678 3202 4724 et
3237 4668 3452 4726 dicente
3483 4690 3495 4722 :
3528 4671 3736 4740 Accipite

2155 4759 2407 4832 Spiritum
2437 4771 2700 4823 sanctum;
2723 4760 2767 4813 si
2794 4761 2940 4831 cujus
2963 4771 3172 4831 peccata
3194 4761 3514 4824 dimiseritis,
3539 4762 3734 4816 dimisso

455 4865 548 4915 κη,
581 4849 689 4920 11).
729 4849 830 4905 Ubi
859 4850 1161 4907 voluntaria
1207 4851 1511 4908 distributio
1557 4851 1896 4922 praedicatur,
1941 4865 2050 4906 non
2152 4861 2336 4917 erunt;
2367 4854 2412 4906 si
2445 4853 2592 4924 cujus
2624 4852 2920 4916 tenueritis,
2960 4851 3261 4907 tenebuntur
3291 4851 3470 4924 (Joan.
3504 4871 3600 4921 xx,
3627 4851 3731 4922 22).

2154 5025 2289 5082 ordo
2315 5028 2508 5084 horum
2535 5033 2882 5084 commatum.

2226 5099 2340 5138 ‘lla
2371 5099 2471 5138 μηδ
2520 5099 2653 5138 Num
2685 5115 2781 5138 ιιι-η
2810 5099 3113 5138 divinitate,

2226 5098 2342 5152 ‘lta
2371 5099 2493 5154 cod.
2520 5099 2654 5154 Num
2685 5115 2781 5169 pro
2810 5099 3113 5153 divinitate?

2221 5158 2261 5249 ξ.
2291 5168 2575 5249 Legendus
2613 5170 2752 5249 inter
2779 5169 2912 5249 alios
2957 5167 3182 5249 Photius
3222 5186 3253 5225 a
3299 5187 3387 5226 me
3415 5172 3729 5249 θρίω-Αω-

2151 5237 2388 5309 philoch.
2420 5257 2455 5304 ι,
2488 5241 2628 5296 circa
2661 5237 2774 5302 ﬁn.,
2807 5239 2895 5310 ubi
2925 5238 3206 5297 abutentes
3234 5243 3544 5310 evangelico
3574 5241 3727 5298 Joan-

2151 5310 2234 5365 nis
2261 5317 2410 5364 textu
2431 5311 2709 5366 hzcreticos
2737 5309 2949 5364 refutat.

2225 5377 2486 5454 [Siqde
2524 5381 2685 5435 Patre
2723 5381 3080 5454 simpliciter,
3104 5398 3210 5438 non
3254 5383 3437 5438 addito
3479 5382 3723 5454 Filioque.

2147 5451 2571 5525 scribitl‘iicetas
2599 5460 2790 5525 noster
2795 5453 2954 5506 etiam
2979 5451 3032 5525 in
3055 5452 3292 5525 Symboli
3324 5451 3724 5525 Explanatione.

2147 5521 2214 5577 Et
2240 5522 2455 5591 quidem
2477 5523 2566 5576 alii
2594 5537 2734 5591 saepe
2758 5520 2944 5576 Patres
2970 5522 3050 5577 sic
3069 5520 3232 5580 locuti
3255 5520 3446 5581 secure
3466 5531 3582 5579 sunt
3603 5531 3724 5578 ante

2145 5602 2391 5666 exortam
2436 5593 2882 5666 controversiam;
2936 5607 3042 5666 qua
3090 5610 3252 5666 super
3288 5612 3347 5651 re
3393 5594 3721 5666 disseriticl.

2146 5663 2336 5789 Braeig;
2377 5665 2428 5718 in
2468 5679 2661 5718 comm.
2703 5663 2768 5717 ad
2817 5663 3129 5733 praedictum
3158 5663 3364 5720 'Niceta:
3418 5665 3722 5737 opusculum

2146 5752 2199 5789 ιι.
2331 5775 2344 5788 .

2223 5808 2234 5854 i
2285 5805 2439 5874 Cod.,
2473 5807 2644 5860 stulta.
2671 5805 2880 5864 Liceret
2902 5808 3065 5865 etiam
3087 5807 3318 5865 scribere
3346 5806 3506 5861 stulti.
