3924 6368
159 360 262 418 857

1238 357 1324 412 DE
1352 355 1667 413 SPlRlTUS
1705 355 1949 414 SANCTI
1973 357 2336 416 POTENTIA.

157 474 223 531 Et
258 488 388 530 cum
415 472 671 544 scriptum
699 470 799 538 sit,
852 466 979 535 Quis
1014 468 1200 542 poterit
1237 475 1447 540 peccata
1495 467 1748 523 dimittere
1778 473 1824 532 Α
1853 469 2056 525 creatio
2077 477 2132 524 et
2159 471 2441 526 renovatio
2465 483 2562 542 per
2607 469 2869 542 Spiritum
2897 472 3019 539 erit,
3052 473 3170 532 sine
3208 475 3371 535 dubio
3393 486 3452 536 et

153 571 254 626 nisi
279 569 429 624 solus
457 567 598 622 Deus
629 564 776 633 (Luc.
815 582 865 630 v,
896 561 1008 635 2i);
1040 577 1167 620 ecce
1205 562 1436 634 apostoli
1464 561 1519 616 in
1546 559 1746 616 Christi

153 670 425 737 potestate
451 669 671 734 peccata
695 658 986 725 dimittere,
1017 657 1387 728 perhibentur.
1417 653 1647 724 Cognita
1667 664 1752 711 est

153 760 333 827 itaque
363 763 568 826 quanta
596 754 666 810 sit
691 751 1044 808 sanctiﬁcatio
1072 749 1322 822 Spiritus,
1349 749 1441 805 ubi
1469 748 1748 804 Dominico

153 851 245 921 ipsi
275 848 500 920 corpori
549 845 954 903 accommodata
992 851 1328 899 monstratur
1357 861 1370 896 :
1403 841 1619 910 cognita
1665 848 1749 897 est

149 951 198 996 ct
227 949 477 1012 potestas
505 939 757 1011 Spiritus,
789 953 910 993 cum
938 945 1158 1010 peccata
1185 935 1422 990 dimittit.

210 1031 260 1087 6.
296 1032 597 1090 Veniamus
611 1043 739 1099 ergo
761 1029 828 1084 ad
848 1037 1070 1086 crateras
1091 1027 1211 1098 ejus
1230 1026 1458 1094 virtutes
1478 1032 1534 1080 et
1555 1041 1742 1098 opera,

149 1132 202 1179 ut
229 1123 366 1194 quid
388 1132 444 1180 et
456 1130 690 1194 quantus
709 1122 779 1178 sit
806 1120 1036 1192 Spiritus
1065 1127 1281 1175 sanctus
1305 1118 1475 1188 possit
1503 1117 1740 1186 agnosci.

149 1214 291 1272 Sicut
311 1217 465 1272 enim
488 1215 646 1272 Pater
665 1221 720 1270 et
749 1213 914 1269 Filius
935 1213 1036 1268 nisi
1057 1228 1154 1284 per
1173 1227 1339 1283 opera
1361 1219 1740 1282 agnoscuntur,

149 1317 204 1364 ut
231 1310 355 1382 ipse
379 1309 638 1365 Dominus
676 1309 770 1374 ait,
796 1308 874 1362 vel
901 1306 1136 1380 operibus
1180 1309 1306 1362 meis
1336 1306 1527 1362 credite
1550 1304 1738 1376 (Joan.

149 1417 198 1468 χ,
219 1400 309 1473 38)
333 1420 350 1469 ;
377 1404 450 1458 ita
461 1409 517 1458 et
529 1401 760 1473 Spiritus
779 1407 998 1458 sanctus
1013 1401 1114 1458 nisi
1129 1416 1226 1472 per
1245 1415 1470 1471 operum
1493 1400 1740 1469 insignia,

152 1495 271 1567 quid
337 1497 412 1552 sit
481 1512 588 1552 non
662 1503 843 1567 potest
893 1495 1106 1566 plenius
1153 1495 1296 1550 sciri.
1341 1494 1511 1550 Nemo
1562 1494 1745 1564 itaque

151 1595 175 1623 ⁸
191 1588 374 1643 anxiet
398 1604 520 1644 cum
541 1587 609 1644 de
637 1586 869 1658 Spiritus
882 1587 1052 1642 sancti
1076 1587 1276 1642 virtute
1299 1586 1532 1658 capitula
1561 1584 1741 1656 profe-

149 1679 344 1744 rimus;
379 1695 540 1734 nemo
564 1694 723 1735 aures
742 1678 955 1734 claudat
982 1693 1104 1732 cum
1126 1677 1308 1732 divina
1331 1677 1491 1732 verba
1518 1678 1745 1733 recitan-

150 1779 259 1825 tur:
291 1771 418 1840 plus
463 1771 660 1826 debent
687 1770 908 1826 credere
927 1770 1165 1826 cmlestia
1210 1770 1548 1835 testimonia,
1579 1785 1742 1840 quam

1855 562 2175 633 principium
2203 565 2496 620 creationis
2516 564 2632 621 sine
2652 563 2856 636 Spiritu
2872 583 2980 622 non
3010 567 3128 624 fuit.
3147 567 3253 626 Sed
3275 571 3453 630 solent

1852 653 1908 709 lii
1930 694 1944 720 ,
1971 655 2065 725 qui
2090 656 2304 711 veritati
2334 657 2610 724 resistunt,
2648 665 2836 728 argute
2868 658 3100 730 Spiritus
3127 664 3452 722 vocabulum

1852 753 1909 802 et
1950 761 2237 818 personam
2281 749 2348 804 ad
2394 749 2586 805 Filium
2615 760 2964 820 convertere,
3013 754 3184 810 sicubi
3238 766 3454 815 creator

1852 839 2084 911 Spiritus
2105 841 2409 910 invenitur;
2437 845 2562 914 quia
2584 853 2639 900 et
2659 844 2825 900 Filius
2845 845 3078 918 Spiritus
3107 855 3209 913 est,
3236 850 3378 907 sicut
3399 860 3454 908 et

1852 935 2014 991 Pater
2038 933 2290 1006 Spiritus.
2315 937 2471 1004 Quod
2501 938 2685 1007 utique
2713 954 2822 994 non
2851 947 2934 995 est
2973 941 3300 998 credendum
3328 959 3452 1015 pra-

1850 1043 1931 1083 vae
1961 1029 2433 1098 argumentationi,
2457 1029 2544 1085 vel
2566 1045 2629 1085 ex
2654 1031 2758 1086 hoc
2786 1031 2904 1102 ipso
2925 1032 3050 1102 quia
3073 1033 3239 1089 David
3254 1043 3308 1090 et
3329 1051 3451 1092 ver-

1849 1121 1978 1176 bum
2007 1121 2221 1176 Domini
2250 1122 2403 1188 dixit,
2429 1123 2575 1192 quod
2604 1131 2698 1178 est.
2715 1123 2910 1192 Filius;
2942 1133 2998 1180 et
3024 1124 3282 1197 Spiritum
3306 1129 3449 1186 nihi-

1849 1212 2082 1268 lominus
2111 1214 2437 1284 prmdicavit,
2462 1215 2554 1284 qui
2576 1223 2658 1271 est
2685 1225 2902 1272 sanctus
2934 1234 2947 1269 :
2979 1218 3201 1272 verbum
3229 1217 3447 1289 quidem

1849 1305 2069 1361 ﬁrmans
2109 1307 2295 1370 caelos,
2323 1306 2583 1378 Spiritum
2623 1315 2803 1364 autem
2827 1325 3041 1365 omnem
3064 1310 3318 1366 virtutem
3347 1326 3444 1368 eo-

1847 1415 1986 1464 rum,
2018 1399 2123 1455 hoc
2147 1408 2229 1454 est
2258 1410 2283 1440 α
2315 1408 2583 1454 ornatum.
2619 1398 2726 1455 Aut
2771 1400 2996 1458 credant
3035 1417 3164 1472 ergo
3198 1403 3291 1473 qui
3329 1403 3446 1461 haec

1845 1491 2061 1561 legunt;
2085 1499 2178 1546 aut
2197 1491 2240 1547 si
2263 1492 2452 1546 nolunt
2479 1491 2717 1559 credere,
2749 1493 2878 1562 quid
2905 1503 2960 1549 et
2987 1495 3208 1564 legunt?
3227 1495 3306 1552 Ne
3325 1497 3446 1567 quis

1847 1593 2026 1640 autem
2055 1593 2207 1656 putet
2225 1587 2366 1642 hanc
2395 1592 2425 1633 ιι
2445 1587 2818 1642 credulitatem
2840 1588 2910 1644 ad
2933 1589 3028 1645 Dei
3058 1587 3232 1646 Patris
3252 1598 3445 1647 contu-

1845 1675 2063 1730 meliam
2091 1677 2380 1746 pertinere,
2405 1693 2527 1734 cum
2557 1679 2740 1749 potius
2769 1679 2834 1734 ad
2855 1679 3080 1748 gloriam
3103 1683 3130 1713 ⁸
3145 1689 3442 1752 exspectet,

1845 1766 1892 1822 si
1912 1765 2028 1836 ejus
2055 1768 2279 1822 verbum
2309 1768 2460 1838 cujus
2490 1769 2605 1839 ipse
2627 1766 2806 1836 Pater,
2838 1779 2931 1826 aut
2959 1770 3077 1840 ejus
3099 1771 3332 1843 Spiritus
3351 1789 3445 1830 cu-

150 1871 358 1919 terrena
407 1862 680 1932 ﬁgmenta.
711 1862 848 1930 Quid
893 1877 1022 1933 ergo
1068 1872 1151 1919 est
1177 1862 1323 1932 quod
1349 1863 1635 1920 volumus?
1675 1862 1744 1918 ad
1771 1866 1819 1927 Β
1842 1855 1930 1926 jus
1959 1857 2074 1927 ipse
2113 1865 2304 1914 auctor
2346 1866 2448 1924 est,
2493 1874 2708 1916 creasse
2755 1862 2936 1917 omnia
2977 1861 3242 1920 referatur
3275 1883 3287 1918 :
3330 1859 3447 1937 ipse

149 1955 291 2024 signa
331 1954 612 2010 Dominica
653 1955 770 2011 sine
812 1955 976 2010 dubio
1023 1955 1385 2012 traditionem.
1417 1954 1474 2010 Si
1513 1956 1656 2011 enim
1684 1956 1740 2011 in

150 2045 360 2101 nomine
387 2044 565 2102 Patris
604 2053 659 2101 et
687 2046 806 2101 Filii
847 2063 956 2103 non
983 2048 1100 2103 sine
1127 2047 1333 2120 Spiritu
1366 2057 1552 2106 sancto
1581 2063 1739 2104 rena-

151 2139 362 2204 scimur,
389 2155 499 2195 non
529 2140 646 2196 sine
669 2139 876 2211 Spiritu
905 2150 1094 2197 sancto
1125 2141 1545 2210 sanctiﬁcamur,
1577 2151 1740 2213 atque

152 2230 211 2286 ad
231 2232 589 2287 aeternitatem
619 2229 1024 2303 pr'oliciscimur,
1048 2234 1292 2304 cupimus
1311 2233 1594 2292 ostendere
1612 2234 1739 2304 quia

152 2337 246 2376 non
265 2323 444 2378 solum
465 2322 518 2376 in
537 2323 824 2393 baptismo,
842 2322 937 2379 sed
951 2324 1114 2378 etiam
1135 2324 1189 2378 in
1209 2324 1328 2380 aliis
1347 2325 1596 2380 omnibus
1615 2340 1738 2380 cum

154 2412 300 2470 Patre
328 2425 382 2470 et
396 2415 534 2471 Filio
563 2415 795 2486 Spiritus
822 2425 1042 2473 sanctus
1069 2425 1324 2488 operatus
1344 2425 1427 2474 est
1445 2425 1501 2473 et
1527 2434 1740 2490 semper

157 2517 418 2580 operetur.

214 2603 261 2657 7.
293 2601 632 2672 Quamquam
659 2601 932 2659 sufﬁceret
979 2605 1083 2659 hoc
1129 2605 1323 2670 solum,
1364 2603 1509 2674 quod
1555 2605 1610 2660 in
1638 2603 1736 2660 ba-

152 2693 317 2766 ptismi
344 2701 684 2749 sacramento
713 2702 1037 2764 cooperatus
1059 2695 1358 2762 invenitur;
1390 2695 1516 2764 quia
1543 2710 1610 2752 ex
1635 2696 1739 2750 hoc

151 2797 198 2842 et
237 2788 338 2842 alia
385 2787 760 2856 intelliguntur
799 2802 908 2842 non
964 2787 1081 2842 sine
1127 2786 1331 2858 Spiritu
1369 2802 1489 2843 esse
1530 2792 1732 2842 creata.

152 2878 306 2946 Quale
333 2887 415 2934 est
451 2895 660 2948 revera,
691 2881 975 2936 renovatio
997 2880 1217 2950 quidem
1246 2887 1301 2936 et
1329 2880 1602 2951 reparatio
1637 2879 1736 2935 bo-

154 2970 301 3026 minis
344 2987 464 3026 cum
514 2969 720 3042 Spiritu
758 2971 870 3036 ﬁat,
903 2971 1150 3041 ﬁguratio
1195 2980 1377 3028 autem
1416 2972 1650 3029 hominis
1684 2981 1741 3027 et

153 3063 364 3127 creatio,
395 3065 513 3119 sine
541 3061 743 3135 Spiritu
787 3080 907 3120 esse
952 3064 1241 3120 credatur?
1270 3063 1353 3119 An
1397 3064 1616 3119 dubium
1656 3073 1740 3120 est

154 3156 320 3222 alicui,
351 3157 471 3227 plus
500 3171 620 3212 esse
655 3156 907 3227 baptismi
948 3165 1380 3222 sacramentum,
1419 3172 1583 3227 quam
1621 3157 1738 3228 ipsa

1842 1949 1986 2005 enim
2031 1955 2053 1996 ι
2085 1959 2236 2006 creat
2287 1951 2496 2018 omnia,
2549 1967 2671 2007 cum
2719 1954 2942 2009 verbum
2984 1953 3100 2026 ejus
3148 1965 3336 2012 creant
3387 1965 3445 2014 et

1839 2040 2090 2112 Spiritus.

1913 2131 1967 2188 9.
2009 2135 2141 2191 Post
2162 2137 2496 2193 creationem
2517 2138 2678 2206 igitur
2703 2139 3052 2196 ostendamus
3067 2142 3191 2211 quia
3211 2142 3445 2200 viviﬁcat

1841 2226 2098 2284 Trinitas.
2152 2227 2218 2283 Et
2262 2230 2478 2298 quidem
2528 2230 2597 2286 de
2625 2246 2857 2302 persona
2903 2232 3068 2287 refert
3105 2231 3439 2302 Apostolus:

1842 2320 2025 2376 Testor
2053 2339 2228 2377 coram
2250 2322 2362 2378 Deo
2387 2327 2472 2396 qui
2495 2326 2722 2395 viri/icat
2747 2327 2925 2380 omnia
2947 2326 2988 2398 (1
3006 2327 3138 2381 Tim.
3165 2343 3217 2391 v,
3245 2327 3307 2381 21
3331 2345 3345 2394 ;
3368 2344 3441 2394 νι,

1840 2411 1908 2466 15
1921 2412 1960 2484 ).
1982 2411 2160 2468 Vitam
2175 2429 2306 2470 vero
2326 2414 2418 2468 dat
2437 2413 2681 2470 Christus
2705 2434 2718 2470 :
2745 2413 2895 2480 Oves,
2915 2417 3105 2487 inquit,
3128 2435 3256 2474 mea:
3274 2435 3446 2474 vocem

1838 2521 2007 2560 meam
2037 2505 2291 2570 audiunt;
2313 2516 2363 2559 et
2384 2524 2477 2578 ego
2508 2505 2642 2561 dabo
2681 2509 2756 2562 eis
2795 2509 2950 2562 vitam
2983 2519 3228 2564 teternam
3262 2509 3442 2582 (Joan.

1839 2615 1893 2665 χ,
1925 2597 2051 2669 27).
2083 2597 2430 2655 Viviﬁcamur
2453 2615 2583 2655 vero
2611 2617 2710 2672 per
2749 2601 3010 2672 Spiritum
3030 2641 3044 2666 ,
3071 2603 3189 2674 ipso
3220 2603 3446 2660 Domino

1839 2693 2074 2758 dicente,
2100 2692 2330 2764 Spiritus
2358 2703 2435 2748 est
2453 2695 2540 2766 qui
2561 2695 2784 2764 t-iviﬁcat
2806 2695 2824 2764 (
2845 2694 3005 2749 Joan.
3029 2711 3102 2760 vi,
3125 2695 3244 2766 64).
3277 2695 3442 2752 Simi-

1839 2785 1964 2841 liter
1997 2793 2051 2841 et
2080 2785 2278 2840 Paulus
2306 2786 2374 2841 ad
2405 2785 2680 2842 Romanos
2709 2805 2722 2840 :
2758 2784 2859 2851 Qui
2892 2788 3158 2842 suscitavit
3181 2786 3444 2864 Christum

1840 2894 1871 2930 a
1896 2879 2132 2941 mortuis,
2168 2887 2194 2925 ι
2218 2877 2492 2948 vivificabit
2508 2887 2559 2932 et
2579 2878 2823 2932 mortalia
2847 2895 3066 2950 corpora
3088 2889 3282 2946 vestra,
3319 2895 3442 2952 pro-

1841 2978 1954 3042 pter
1969 2968 2343 3024 inhabitantem
2364 2969 2618 3041 Spiritum
2638 2973 2750 3044 ejus
2770 2973 2826 3025 in
2843 2971 2982 3026 vobis
2997 2971 3173 3043 (Rom.
3191 2990 3302 3039 vni,
3322 2972 3433 3044 11).

1840 3061 1981 3119 Ecce
2001 3078 2108 3118 una
2128 3061 2421 3119 viviﬁcatio
2456 3063 2648 3129 Patris,
2681 3071 2738 3119 et
2764 3062 2905 3131 Filii,
2924 3072 2980 3120 et
3007 3063 3239 3136 Spiritus
3260 3067 3436 3123 sancti

1845 3164 2034 3226 aperte
2062 3163 2362 3211 monstrata
2384 3165 2485 3212 est.

151 3247 353 3303 exordia
379 3250 682 3304 creaturae?
709 3250 836 3319 quia
856 3249 912 3304 in
937 3249 1208 3320 baptismo
1228 3251 1502 3305 aeternitas
1520 3247 1735 3320 perﬁci-
1761 3247 1809 3314 C
1912 3250 1998 3304 lO.
2033 3249 2376 3305 Prtescientia
2413 3249 2655 3305 omnium
2683 3265 2867 3306 rerum
2895 3251 2950 3306 in
2980 3249 3094 3306 Deo
3123 3259 3226 3316 est,
3258 3257 3314 3306 et
3339 3265 3437 3308 oc-

149 3348 252 3404 tur,
279 3341 328 3396 iu
357 3341 582 3398 exordio
611 3351 795 3398 autem
834 3358 982 3398 mors
1023 3343 1266 3413 regnavit
1305 3343 1372 3398 ab
1401 3342 1591 3398 Adam.
1624 3343 1733 3400 Au-

148 3432 340 3488 diamus
362 3449 492 3504 ergo
512 3434 678 3490 David
698 3435 766 3490 de
785 3436 1062 3491 creatione
1082 3437 1496 3506 prophetantem
1529 3453 1542 3488 :
1566 3435 1732 3490 Verbo

149 3522 346 3582 Domini
366 3527 476 3583 caeli
498 3528 694 3599 ﬁrmati
716 3537 854 3594 sunt,
878 3536 927 3582 et
950 3527 1150 3598 Spiritu
1171 3529 1276 3582 oris
1299 3528 1409 3599 ejus
1432 3529 1597 3582 omnis
1624 3529 1727 3581 vir-

154 3626 229 3673 tus
251 3636 417 3674 eorum
459 3618 585 3690 (Ps.
622 3636 784 3685 χχχιι,
809 3619 897 3690 6).
930 3619 1168 3675 Verbum
1213 3619 1317 3674 hoc
1345 3619 1530 3688 utique
1569 3617 1734 3673 Filius

154 3710 516 3781 intelligendus
545 3719 646 3777 est,
677 3711 971 3767 secundum
1015 3710 1238 3767 Joannis
1279 3709 1606 3782 praeconium
1644 3727 1734 3782 per

157 3820 289 3871 quem
314 3807 489 3860 omnia
519 3808 659 3878 [acta
687 3815 825 3860 sunt.
867 3805 1096 3876 Spiritus
1127 3814 1306 3861 autem
1329 3805 1438 3861 oris
1466 3821 1574 3860 non
1599 3804 1736 3860 alius

158 3901 246 3962 est,
287 3897 386 3952 nisi
435 3906 536 3953 iste
574 3898 667 3968 qui
713 3897 952 3954 creditur
978 3905 1216 3954 sanctus.
1251 3896 1428 3952 Habes
1467 3897 1654 3966 utique
1679 3897 1734 3952 in

158 4004 255 4044 uno
278 3990 544 4046 versiculo
573 3989 878 4052 Dominum,
912 3998 968 4044 et
1006 3989 1229 4044 verbum
1262 3989 1494 4054 Domini,
1526 3999 1583 4044 et
1609 3986 1732 4059 Spi-

156 4083 301 4138 ritum
338 4091 584 4140 sanctum
628 4083 906 4139 Trinitatis
947 4083 1366 4154 adimpleturum
1396 4083 1728 4154 mysterium.

156 4172 293 4240 Quod
317 4175 362 4229 si
381 4175 607 4230 verbum
630 4175 752 4240 hoc,
790 4190 888 4245 per
910 4175 1057 4244 quod
1089 4175 1213 4230 coeli
1235 4173 1432 4230 ﬁrmati
1460 4182 1604 4241 sunt,
1635 4174 1735 4229 ali-

155 4264 260 4333 quis
311 4265 648 4336 impudenter
696 4264 998 4334 jussionem
1065 4265 1412 4336 interpretari
1464 4265 1728 4331 voluerit;

156 4357 179 4398 b
200 4355 444 4429 Spiritum
471 4374 623 4429 :eque
653 4374 779 4414 aera
810 4359 1094 4414 solubilem
1132 4359 1354 4425 dixerit;
1386 4359 1645 4429 paulatim
1677 4359 1730 4414 in

156 4446 468 4506 ludaismum
496 4452 655 4507 cadat
695 4467 916 4507 necesse
962 4459 1045 4507 est
1095 4469 1106 4505 :
1152 4453 1275 4521 quia
1325 4467 1424 4507 nec
1469 4450 1731 4508 Photinus

157 4554 240 4596 nec
257 4540 423 4598 Judrci
445 4559 543 4613 per
570 4544 793 4599 verbum
813 4544 1208 4598 substantivum
1227 4551 1282 4599 et
1307 4543 1566 4615 Spiritum
1599 4561 1730 4600 cou-

157 4633 332 4689 cedunt
356 4649 474 4689 esse
504 4636 702 4704 aliquid
733 4644 1094 4706 procreatum.

212 4723 259 4779 8.
300 4726 407 4782 Sed
448 4727 595 4784 dices
637 4747 649 4782 :
691 4729 766 4785 De
806 4731 974 4785 verbo
1014 4729 1229 4799 quidem
1275 4728 1617 4784 manifestum
1647 4738 1728 4784 est

156 4817 282 4888 quod
318 4820 615 4886 creaverit;
657 4821 786 4891 quid
814 4821 881 4876 de
910 4821 1151 4891 Spiritu?
1184 4819 1381 4890 Accipe
1409 4819 1554 4876 aliud
1577 4821 1726 4876 testi-

159 4915 378 4970 monium
401 4913 684 4984 justissimi
719 4914 860 4969 illius
880 4921 935 4968 et
955 4913 1311 4982 antiquissimi
1331 4912 1453 4968 Job.
1478 4913 1725 4984 Spiritus,

159 5005 328 5075 inquit,
355 5006 554 5060 divinus
576 5008 661 5076 qui
704 5007 824 5078 fecit
856 5023 934 5061 me
964 5005 1104 5077 (Job.
1136 5023 1321 5071 χχχιιι,
1355 5005 1439 5077 4).
1465 5006 1532 5060 Ει
1562 5006 1730 5061 David

158 5097 372 5164 psallens
416 5098 546 5154 dicit
587 5097 653 5152 ad
683 5097 850 5152 Deum
897 5116 910 5150 :
959 5096 1156 5152 Emitte
1200 5097 1455 5170 Spiritum
1497 5108 1638 5152 tuum
1685 5110 1735 5152 et

159 5187 464 5256 creabantur,
488 5199 537 5246 et
555 5188 819 5245 renovabis
848 5191 1033 5262 faciem
1057 5198 1206 5244 terrae
1235 5189 1350 5260 (Ps.
1385 5206 1492 5254 cm,
1525 5190 1593 5244 50
1611 5189 1650 5259 ).
1677 5190 1734 5244 Si

219 5381 242 5410 ⁸
267 5373 344 5429 Ita
371 5373 493 5430 cod.
524 5371 592 5428 Et
631 5379 879 5430 notemus
919 5371 1218 5427 neutralem
1264 5368 1416 5425 verbi
1462 5366 1732 5438 signiﬁca-

160 5443 360 5500 tionem.

221 5513 244 5553 δ
272 5515 523 5586 Agnoscit
555 5515 775 5586 quidem
811 5514 1026 5571 Nicetas
1059 5528 1287 5586 sensum;
1319 5511 1730 5582 grammaticum

162 5584 384 5642 vocabuli
404 5584 644 5657 spiritus,
671 5585 766 5641 sed
795 5601 1006 5642 sacrum
1036 5585 1112 5641 illi
1134 5584 1386 5640 antefert.

125 5675 127 5680 '
227 5669 246 5694 ε
273 5657 424 5722 Cod.,
457 5667 752 5713 ornatuum.

226 5726 248 5764 ἀ
277 5728 638 5784 Credulitatem
658 5744 757 5800 pro
779 5729 883 5800 ﬁde
903 5731 1058 5799 ﬁrma
1087 5728 1216 5800 dicit
1244 5726 1455 5800 Noctes
1487 5723 1730 5800 etiamnin

169 5796 382 5867 Symboli
401 5792 825 5884 Explanafioné;
847 5792 951 5925 qua
972 5815 1130 5884 super
1149 5798 1383 5880 dictione
1404 5795 1597 5862 legesis
1624 5792 1731 5876 dis-

171 5879 411 5925 serentem
437 5871 688 5925 Braidam
709 5888 763 5925 n.
781 5870 850 5925 26
915 5886 1029 5925 sua.
1062 5869 1344 5925 Salvnanus
1371 5865 1437 5921 de
1467 5865 1603 5923 Gub.
1633 5863 1724 5922 lli).

171 5863 411 5928 serentem
437 5863 688 5930 Bi-aidam
709 5888 763 5942 p.
781 5863 885 5927 26‘
915 5863 1344 5940 sqqualvianus
1371 5865 1437 5921 de
1467 5865 1603 5923 Gub.
1633 5863 1724 5922 lib.

1757 4639 1813 4699 D

1839 3342 2106 3399 cultorum
2124 3341 2373 3410 cognitor
2391 3347 2492 3396 est.
2513 3339 2662 3396 Licet
2677 3356 2836 3397 nemo
2851 3339 3187 3397 Christianus
3209 3341 3438 3411 ignoret,

1836 3443 2020 3490 tamen
2054 3450 2121 3489 εχ
2159 3433 2394 3488 Danielis
2424 3433 2560 3490 libro
2592 3434 2998 3490 monstrandum
3037 3442 3138 3490 est.
3165 3433 3325 3499 Deus,
3356 3435 3442 3492 iu-

1835 3529 1971 3598 quit,
2003 3530 2089 3601 qui
2117 3528 2433 3582 occultorum
2471 3529 2708 3600 cognitor
2742 3546 2826 3595 es,
2858 3531 2947 3601 qui
2974 3531 3233 3601 prospicis
3261 3531 3440 3586 omnia

1837 3631 1958 3676 ante
1982 3638 2137 3693 quam
2166 3629 2454 3676 nascantur
2476 3619 2641 3692 (Dan.
2665 3637 2779 3685 χιιι,
2797 3619 2920 3691 42).
2947 3619 3073 3676 Haec
3093 3620 3280 3676 eadem
3308 3636 3442 3692 prte-

1836 3714 2063 3769 scientia
2086 3713 2140 3768 in
2169 3711 2386 3768 Christo
2412 3721 2514 3776 est,
2538 3712 2752 3768 dicente
2772 3712 3101 3781 evangelista
3125 3731 3137 3766 :
3169 3712 3246 3766 Ab
3267 3715 3435 3781 initio,

1839 3808 2030 3879 inquit,
2060 3807 2254 3863 sciebat
2279 3807 2432 3862 Iesus
2462 3809 2576 3880 quis
2616 3816 2750 3861 esset
2769 3823 2885 3861 eum
2911 3807 3223 3869 traditurus,
3254 3803 3438 3879 relqui

1837 3912 2004 3956 essent
2024 3919 2128 3958 non
2156 3901 2420 3956 credentes
2453 3898 2633 3970 (Ioan.
2678 3915 2763 3965 vr,
2802 3896 2924 3968 65).
2964 3899 3120 3966 Quod
3159 3899 3231 3954 sit
3257 3907 3440 3955 autem

1837 3995 2170 4050 occultorum
2199 3993 2471 4061 cognitor,
2505 4006 2575 4046 εχ
2612 3990 2717 4046 hoc
2743 3989 3144 4044 manifestatum
3170 3997 3284 4055 est,
3315 4006 3438 4047 cum

1838 4088 2066 4142 obscura
2114 4085 2336 4140 consilia
2381 4083 2691 4139 Iudaeorum
2763 4081 3112 4137 manifestans
3167 4081 3429 4139 dicebat:

1839 4177 1977 4244 Quid
2009 4179 2247 4249 cogitatis
2292 4193 2510 4249 nequam
2555 4176 2612 4229 in
2662 4174 2901 4229 cordibus
2957 4175 3137 4228 vestris
3191 4172 3432 4244 (Matth.

1836 4269 2048 4338 3,4)?

1907 4359 1992 4414 ll.
2035 4358 2294 4414 Similiter
2315 4357 2564 4428 praescire
2594 4357 2774 4413 omnia
2796 4356 3078 4427 Spiritum,
3109 4357 3250 4413 Deus
3265 4355 3438 4414 maui-

1833 4452 2052 4508 festavit
2076 4450 2261 4506 dicens
2289 4449 2356 4504 ad
2385 4449 2661 4520 apostolos
2694 4467 2707 4501 :
2732 4447 2861 4504 Cum
2880 4451 3072 4504 venerit
3101 4447 3328 4520 Spiritus
3344 4465 3432 4504 ue-

1838 4544 2030 4607 ritatis,
2061 4539 2260 4595 docebit
2285 4557 2372 4594 uos
2412 4540 2606 4604 omnia,
2633 4549 2684 4594 et
2705 4549 2915 4594 ventura
2945 4538 3436 4596 annuntiabitrobis

1840 4635 2018 4707 (Joan.
2047 4649 2153 4698 χνι,
2191 4633 2314 4703 15).
2347 4631 2449 4698 Qui
2477 4640 2704 4686 ventura
2751 4632 3070 4686 annuntiare
3099 4631 3433 4702 perhibetur,

1829 4734 1960 4798 puto
2027 4725 2276 4796 praescire
2323 4724 2502 4778 omnia
2567 4741 2676 4778 non
2736 4723 3095 4791 dubitabitur,
3147 4723 3272 4794 quia
3321 4723 3435 4794 ipse

1830 4816 2143 4874 hscrutatur
2173 4815 2484 4870 altitudines
2507 4815 2624 4882 Dei,
2675 4823 2729 4872 et
2769 4817 2922 4872 novit
2960 4815 3140 4872 omnia
3161 4829 3281 4884 qua:
3306 4829 3438 4876 sunt

1834 4912 1946 4967 Dei.
1999 4910 2112 4965 Nec
2149 4924 2259 4964 non
2309 4915 2364 4963 et
2400 4919 2739 4963 sacramenta
2785 4910 2992 4965 revelat
3038 4909 3165 4974 Dei;
3207 4913 3436 4962 testatur

1834 5003 2021 5059 Daniel
2051 5002 2235 5057 dicens
2277 5019 2290 5054 :
2322 4999 2444 5072 Ipse
2475 5011 2552 5056 est
2597 5001 2738 5057 Deus
2770 5003 3003 5066 deorum,
3039 5011 3087 5056 et
3115 5018 3208 5056 res:
3235 5017 3432 5074 regum,

1836 5099 1922 5170 qui
1951 5104 2277 5152 sacramenta
2302 5095 2493 5150 revelat
2533 5095 2697 5167 (Dan.
2731 5113 2787 5162 ιι,
2817 5095 2931 5165 47).
2967 5094 3296 5150 Revelantur
3313 5109 3435 5148 om-

1838 5190 1925 5244 nia
1958 5205 2055 5260 per
2073 5185 2366 5252 Christum,
2402 5188 2540 5244 sicut
2580 5188 2694 5258 ipse
2715 5188 2823 5242 ait:
2859 5186 3026 5241 Nemo
3055 5187 3195 5241 novit
3221 5184 3437 5239 Patrem

1842 5383 1920 5432 ιιι,
1943 5364 1996 5421 2.
2032 5362 2170 5430 Quid
2197 5373 2273 5419 est
2311 5365 2586 5419 credulitas
2626 5373 2715 5418 aut
2759 5363 2928 5434 ﬁdes?
2958 5364 3157 5434 Opinor
3177 5364 3437 5421 hominem

1843 5431 2067 5510 ﬁdeliter
2087 5436 2292 5510 C/tristo
2313 5435 2537 5510 credere,
2557 5443 2657 5490 etc.
2677 5431 2810 5510 Item
2832 5431 3088 5510 Papinius
3115 5435 3167 5489 in
3196 5437 3437 5494 carmine

1841 5503 1985 5579 apud
2013 5523 2099 5562 me
2122 5507 2342 5579 Auctor.
2369 5506 2526 5562 class.
2562 5514 2690 5560 tom.
2719 5505 2788 5579 Υ,
2818 5521 2872 5576 p.
2903 5503 3026 5560 578.
3343 5529 3346 5532 ’

1913 5592 1930 5613 ο
1959 5579 2039 5633 Ita
2073 5578 2194 5634 cod.
2228 5594 2329 5647 pro
2351 5585 2560 5647 spectet,
2591 5575 2739 5646 quod
2767 5574 2874 5633 non
2903 5585 3052 5633 caret
3095 5574 3214 5632 aliis
3252 5591 3438 5634 exem-

1879 5651 1961 5705 lis.
3305 5673 3308 5676 η

1840 5667 1961 5720 pus.

1916 5720 1933 5758 τ
1975 5719 2132 5786 Cod.,
2166 5728 2295 5773 erat.

1913 5801 1936 5840 ε
1975 5789 2136 5854 Cod.,
2161 5788 2451 5860 viviﬁcavit.

1909 5861 1936 5901 ιι
1975 5860 2133 5928 Cod.,
2165 5867 2484 5931 scruptatur.
