3924 6368
551 183 584 228 χ.

547 319 658 411 85a

2151 252 2238 266 γ’..
2277 251 2315 259 ν..

1565 341 1622 401 S.
1659 337 1935 398 NlCETrE
1971 337 2275 397 EPISCOPI
2313 336 2787 410 AQUILEIENSIS

547 466 654 523 nisi
671 463 842 522 Filius
861 471 911 520 et
935 464 1017 520 cui
1038 459 1251 518 voluerit
1281 455 1455 530 Filius
1490 456 1715 513 revelare
1743 455 1893 529 (Luc.
1917 472 1972 523 χ,
2001 454 2124 528 22).
2151 461 2208 523 Α
2229 471 2390 513 mone
2425 475 2438 510 :
2465 453 2662 512 Contra
2688 455 2806 511 illos
2832 462 3021 510 statuet
3063 451 3293 524 Spiritus
3322 452 3553 517 rimatis,
3597 461 3644 505 et
3669 459 3786 508 tam--

548 555 737 614 Omnis
757 541 888 613 vero
905 556 960 612 in
987 553 1190 626 Spiritu
1214 550 1475 609 revelatio
1502 557 1623 617 est;
1655 555 1882 605 testatur
1899 547 2125 605 Paulus:

548 650 740 719 Nobis,
772 649 973 722 inquit,
1002 647 1242 705 revelavit
1285 645 1425 701 Deus
1463 637 1555 718 per
1598 644 1852 718 Spiritum
1894 654 2130 700 sanctum

543 761 693 799 suum
717 741 872 817 (Cor.
902 759 960 811 ιι,
992 739 1103 814 10).
1126 739 1266 798 Ecce
1285 747 1370 796 est
1386 738 1644 796 revelatio
1670 738 1827 795 unius
1853 737 2129 794 Trinitatis

543 837 705 893 Deus.

617 928 704 984 l2.
729 928 885 998 Quod
903 928 1101 1000 ubique
1120 927 1192 984 sit
1213 940 1466 999 presens,
1490 932 1546 981 et
1569 923 1792 996 impleat
1809 924 1986 980 omnia
2003 966 2018 992 ,
2041 924 2128 980 di-

546 1029 705 1080 cente
732 1019 890 1098 Esaia
917 1040 928 1075 :
960 1019 1094 1095 Ego,
1118 1019 1308 1090 inquit,
1331 1016 1470 1073 Deus
1491 1018 1873 1090 approximans.
1899 1017 1970 1071 Et
1987 1016 2127 1086 Deus

545 1115 612 1168 de
631 1114 910 1188 longinquo
960 1111 1098 1188 (Isa.
1147 1127 1276 1178 χχχ,
1317 1109 1442 1182 27).
1486 1109 1548 1166 Si
1596 1107 1925 1164 absconditus
1973 1110 2129 1180 fuerit

544 1205 696 1260 homo
721 1206 780 1260 in
807 1189 1141 1270 absconditis,
1169 1202 1416 1276 numquid
1441 1218 1548 1258 non
1574 1199 1750 1256 videbo
1779 1201 1931 1256 eum?
1957 1217 2126 1256 nonne

543 1298 724 1352 etclam
749 1305 800 1351 et
832 1305 1023 1351 terram
1065 1312 1158 1368 ego
1195 1294 1380 1367 impleo
1408 1292 1619 1367 (Jerem.
1656 1308 1802 1358 χχιιι,
1833 1291 1962 1363 24)?
1987 1289 2126 1359 Quid

525 1395 724 1464 autem
769 1387 838 1443 de
881 1402 977 1442 sua
1014 1386 1318 1458 prmsentia,
1355 1385 1448 1455 qui
1493 1379 1724 1454 ubique?
1769 1382 1839 1437 Et
1877 1381 2126 1439 Salvator

519 1465 784 1534 Christus
810 1478 864 1534 in
895 1473 1189 1549 Evangelio
1229 1475 1396 1533 dicit:
1443 1475 1755 1548 Ubicumque
1795 1476 1986 1547 fuerint
2021 1475 2123 1530 duo

537 1567 617 1644 vel
637 1581 738 1625 tres
760 1579 785 1608 ⁸
811 1570 867 1625 in
889 1571 1094 1626 nomine
1120 1586 1253 1636 meo,
1272 1566 1342 1624 ibi
1369 1577 1420 1622 et
1443 1585 1536 1640 ego
1560 1584 1672 1622 sum
1697 1568 1752 1621 in
1771 1567 1942 1622 medio
1977 1568 2122 1638 ipso-

536 1677 652 1716 rum
675 1659 886 1735 (Matth.
910 1678 1056 1727 xvm,
1077 1661 1190 1726 20).
1215 1661 1291 1716 De
1312 1659 1642 1732 plenitudine
1663 1669 1841 1714 autem
1855 1658 1972 1732 ejus
1991 1675 2122 1730 apo-

515 1746 708 1834 istolus
731 1753 896 1810 refert
939 1772 952 1809 :
982 1751 1082 1819 Qui
1112 1752 1402 1820 descendit,
1432 1755 1544 1825 ipse
1570 1762 1646 1808 est
1689 1763 1738 1808 et
1774 1754 1860 1826 qui
1890 1753 2124 1808 ascendit

2227 567 2380 623 quam
2409 549 2554 606 turbo
2573 551 2707 605 venti
2727 549 2917 604 dividet
2933 564 3021 604 eos
3049 546 3199 619 (Sap.
3223 563 3277 614 v,
3302 545 3412 616 24).

2299 643 2386 698 14.
2425 643 2560 699 Nam
2588 651 2644 698 et
2661 641 2804 712 quod
2830 641 3005 696 bonus
3024 638 3202 705 Pater,
3233 639 3409 695 bonus
3427 637 3618 704 Filius,
3638 638 3788 698 bonus

2227 734 2457 806 Spiritus
2483 744 2719 800 sanctus,
2749 733 2828 789 sic
2853 733 3130 803 probatur.
3160 731 3238 787 De
3261 729 3418 786 Patre
3675 731 3789 788 dixit

2228 823 2544 897 Unigenitus
2571 827 2625 882 in
2652 825 2944 895 Evangelio
2970 844 2983 879 :
3008 823 3178 880 Nemo
3197 825 3359 880 bonus
3377 826 3479 880 nisi
3507 840 3646 878 unus
3670 823 3787 882 Deus

2228 918 2442 991 (Matth.
2481 937 2591 986 χιχ,
2625 919 2740 990 17).
2779 920 2856 974 De
2881 934 2941 974 se
2967 927 3148 976 autem
3174 935 3188 972 :
3217 917 3331 990 Ego
3357 935 3472 976 sitm
3507 926 3689 989 pastor
3710 917 3784 973 bs-

2226 1031 2323 1070 nus
2369 1014 2549 1087 (Joan.
2585 1031 2652 1083 χ,
2702 1013 2814 1087 11).
2843 1015 2920 1070 De
2953 1012 3159 1083 Spiritu
3195 1027 3350 1082 mque
3377 1011 3547 1070 David
3575 1012 3786 1082 psallens

2225 1107 2353 1162 dicit
2378 1124 2392 1160 :
2419 1106 2646 1179 Spiritus
2677 1117 2792 1162 tuus
2821 1106 2980 1162 bonus
3013 1106 3231 1161 deducet
3263 1107 3590 1166 meinviam
3619 1115 3786 1160 rectam

2225 1199 2346 1272 (Ps.
2374 1197 2554 1271 οχιιι).
2581 1199 2650 1254 Ει
2667 1200 2804 1256 sicut
2829 1199 3028 1256 dicitur
3048 1199 3116 1254 de
3145 1197 3304 1262 Filio,
3336 1196 3555 1260 Rectam
3579 1206 3661 1250 est
3689 1215 3782 1251 vcr-

2225 1291 2344 1346 bum
2380 1291 2593 1346 Domini
2617 1291 2732 1365 (Ps.
2764 1309 2930 1356 χχχιι,
2958 1290 3015 1363 4)
3034 1331 3050 1356 ,
3080 1290 3159 1346 sic
3187 1297 3243 1346 et
3273 1288 3343 1345 de
3379 1287 3590 1360 Spiritu
3617 1287 3786 1344 dicitur

2226 1385 2479 1457 Spiritum
2499 1396 2688 1441 rectum
2715 1388 2908 1442 innora
2927 1387 2984 1440 in
3009 1382 3288 1440 visceribus
3313 1383 3441 1438 meis
3469 1379 3595 1451 (Ps.
3617 1396 3668 1448 ι,
3691 1378 3784 1451 10).

2295 1479 2381 1534 15.
2432 1481 2563 1548 Quis
2608 1490 2790 1536 autem
2824 1481 2971 1535 illam
3007 1479 3323 1548 dignitatem
3360 1474 3599 1546 Spiritus
3639 1476 3786 1531 sancti

2221 1574 2394 1644 possit
2430 1573 2643 1628 tacere?
2683 1571 2902 1640 Antiqui
2941 1570 3087 1626 enim
3125 1568 3402 1640 propheta
3437 1564 3737 1622 clamabant
3772 1584 3781 1594 -

2224 1665 2355 1720 Hac
2377 1665 2500 1719 dicit
2527 1664 2802 1720 Dominus.
2826 1661 2980 1718 Hanc
3012 1676 3204 1717 vocem
3235 1658 3482 1716 Christus
3509 1656 3786 1714 adveniens

2221 1757 2278 1812 in
2303 1772 2456 1812 suam
2480 1756 2755 1812 revocavit
2779 1769 3068 1826 personam
3099 1751 3286 1808 dicens
3309 1769 3322 1806 :
3345 1749 3424 1812 Et
3447 1765 3546 1822 ego
3575 1748 3691 1804 dico
3713 1767 3784 1803 co-

517 1833 690 1920 fsuper
707 1862 881 1901 omnes
903 1846 1052 1901 ctelos
1072 1854 1130 1900 ut
1151 1845 1455 1916 adimpleret
1481 1847 1656 1899 omnia
1685 1842 1855 1916 (Eph.
1886 1860 1959 1909 iv,
1993 1843 2114 1916 10).
2144 1847 2196 1910 Β
2221 1848 2316 1904 bis.
2348 1848 2482 1904 Novi
2505 1855 2686 1903 autem
2715 1846 2997 1918 prophetae
3021 1844 3152 1914 quid
3175 1843 3452 1904 clamant?
3491 1842 3638 1900 sicut
3660 1841 3782 1912 Aga-

520 1921 612 1992 IDe
629 1935 831 2008 Spiritu
843 1952 995 2006 atque
1015 1944 1202 1992 sancto
1221 1935 1367 2006 quod
1391 1930 1416 1973 ⁵
1437 1935 1576 1992 adsit
1602 1935 1814 2004 ubique,
1838 1934 1967 1991 dicit
1985 1950 2114 2006 pro-

531 2027 696 2098 pheta
724 2043 792 2083 ex
819 2043 1048 2098 persona
1087 2027 1295 2083 Domini
1327 2044 1340 2080 :
1383 2025 1497 2098 Ego
1536 2027 1592 2080 in
1629 2025 1788 2090 vobis,
1817 2034 1868 2081 et
1889 2026 2116 2098 Spiritus

509 2099 671 2174 'qmeus
703 2127 807 2174 stat
836 2121 891 2173 in
923 2120 1091 2174 medio
1117 2126 1338 2174 vestrum
1367 2119 1528 2191 (Agg.
1561 2133 1627 2182 ιι,
1657 2117 1734 2188 6).
1763 2117 1833 2173 Et
1856 2117 2113 2174 Salomon

529 2208 642 2264 ait:
668 2207 895 2279 Spiritus
933 2208 1146 2264 Domini
1167 2209 1377 2281 replevit
1405 2208 1577 2264 orbem
1603 2217 1855 2265 terrarum
1887 2207 2038 2280 (Sap.
2073 2223 2110 2274 ι,

528 2291 616 2371 7).
646 2297 864 2356 Habitat
889 2300 1032 2356 Deus
1063 2301 1118 2354 in
1145 2301 1346 2355 sanctis
1390 2300 1520 2365 suis,
1543 2299 1838 2355 secundum
1881 2299 2113 2368 promis-

526 2388 736 2446 sionem
764 2405 926 2461 quam
953 2391 1195 2456 dixerat,
1229 2389 1488 2446 Habitabo
1508 2391 1562 2444 in
1581 2390 1688 2444 illis
1709 2399 1758 2443 et
1784 2389 2112 2445 inambulabo

529 2480 609 2554 (ll
637 2481 754 2538 Cor.
782 2499 851 2550 vr,
881 2481 999 2555 l6).
1033 2482 1171 2551 Quid
1197 2498 1328 2539 vero
1358 2483 1615 2540 Dominus
1645 2482 1700 2536 in
1720 2481 2011 2550 Evangelio
2031 2482 2113 2537 di-

509 2565 638 2630 cit?
665 2573 874 2631 Manete
899 2577 955 2631 in
983 2593 1067 2631 me
1093 2585 1145 2631 et
1180 2591 1273 2648 ego
1299 2574 1438 2631 vobis
1479 2574 1658 2648 (Joan.
1689 2589 1778 2642 xv,
1809 2573 1887 2646 4).
1913 2572 2112 2630 Probat

524 2673 708 2722 autem
751 2667 856 2723 hoc
891 2665 1088 2723 Paulus
1129 2686 1142 2721 :
1189 2664 1416 2722 Nescitis
1452 2669 1575 2740 quia
1598 2665 1753 2721 Iesus
1778 2662 2010 2722 Christus
2054 2669 2109 2720 in

522 2758 664 2814 vobis
683 2767 760 2814 est
781 2757 845 2832 (ll
861 2757 978 2814 Cor.
1013 2776 1127 2827 χιιι,
1147 2757 1237 2830 5)?
1267 2759 1382 2816 Hoc
1409 2766 1590 2814 autem
1616 2767 1787 2814 totum
1807 2759 1861 2813 in
1882 2757 2111 2829 Spiritus

497 2850 857 2906 habitatione
879 2850 1222 2922 adimpletur,
1252 2850 1392 2906 sicut
1417 2855 1684 2906 memorat
1711 2848 1948 2905 Joannes
1980 2866 1993 2903 :
2023 2847 2110 2904 Ea:

522 2941 636 3007 hoc,
664 2941 855 3010 inquit,
886 2943 1076 2996 scimus
1121 2943 1243 3016 quia
1280 2943 1337 2996 in
1363 2941 1512 2996 nobis
1535 2950 1630 3004 est,
1675 2939 1739 2994 de
1766 2939 1968 3012 Spiritu
1992 2956 2105 3007 suo,

520 3050 670 3106 quem
702 3033 846 3088 dedit
883 3033 1032 3090 nobis
1055 3034 1110 3105 (Ι
1137 3033 1295 3089 Ioan.
1321 3050 1398 3100 ιιι,
1437 3033 1564 3105 24).
1607 3032 1868 3089 Similiter
1893 3033 2108 3089 etidem

521 3122 716 3180 Paulus
745 3143 758 3178 :
792 3123 1016 3180 Nescitis
1059 3127 1180 3199 quia
1207 3127 1451 3197 templum
1483 3124 1583 3180 Dei
1619 3127 1763 3190 estis,
1789 3134 1843 3180 et
1881 3124 2108 3197 Spiritus

2215 1940 2317 1996 bus
2354 1940 2684 2011 prophetans
2729 1939 2786 1994 in
2827 1937 3050 1994 Actibus
3095 1936 3464 2006 apostolorum
3506 1934 3586 1990 ait
3615 1949 3632 1987 :
3671 1932 3782 1994 Haec

2215 2031 2340 2086 dicit
2379 2031 2605 2103 Spiritus
2636 2040 2846 2086 sanctus
2887 2029 3024 2100 (Act.
3055 2045 3174 2095 χχι,
3207 2026 3320 2098 11).
3349 2026 3418 2080 Et
3448 2027 3646 2082 iterum
3677 2041 3731 2081 se
3752 2041 3778 2079 a

2213 2121 2326 2178 Deo
2350 2121 2512 2178 Patre
2551 2129 2606 2177 et
2632 2137 2663 2176 a
2700 2120 2915 2176 Christo
2949 2126 3198 2178 vocatum
3237 2125 3294 2172 et
3337 2117 3564 2172 missum
3603 2113 3776 2170 Paulus

2212 2213 2488 2283 apostolus
2523 2211 2665 2284 (Cal.
2696 2229 2744 2278 ι,
2785 2210 2875 2282 1),
2907 2227 3018 2267 ιιοιι
3045 2211 3112 2266 ab
3139 2208 3446 2264 hominibus
3485 2222 3662 2278 neque
3697 2222 3778 2278 per

2211 2305 2507 2371 hominem,
2537 2305 2632 2360 sed
2655 2320 2754 2375 per
2778 2303 2960 2359 Iesum
2985 2302 3258 2360 Christum
3279 2310 3334 2358 et
3360 2301 3532 2356 Deum
3562 2297 3774 2354 Patrem.

2209 2396 2271 2453 ln
2318 2398 2466 2454 Actis
2503 2413 2634 2453 vero
2679 2397 3051 2467 apostolorum
3096 2395 3292 2464 legitur
3330 2392 3477 2462 quod
3520 2407 3551 2446 a
3597 2390 3777 2462 Spiritu

2211 2497 2398 2544 sancto
2425 2495 2735 2558 segregatus
2761 2495 2816 2541 et
2851 2487 3062 2541 missus.
3094 2485 3184 2541 Sic
3211 2487 3354 2539 enim
3384 2483 3642 2553 scriptum
3668 2489 3773 2538 est:

2211 2577 2283 2633 Et
2310 2579 2435 2634 dicit
2456 2579 2686 2650 Spiritus
2721 2587 2955 2643 sanctus,
2987 2587 3251 2649 segregate
3268 2576 3396 2631 mihi
3433 2573 3720 2630 Barnabam
3735 2583 3776 2627 et

2209 2671 2435 2726 Paulum
2469 2673 2526 2726 in
2555 2687 2680 2742 Opus
2708 2687 2808 2744 quo
2829 2671 3002 2726 vocavi
3023 2686 3109 2725 eos
3137 2668 3272 2740 (Act.
3304 2684 3418 2732 χιιι,
3439 2665 3519 2736 2).
3549 2665 3618 2720 Et
3635 2665 3775 2736 paulo

2209 2772 2334 2836 post
2362 2782 2374 2817 :
2410 2763 2521 2836 Ipsi
2551 2773 2722 2819 autem
2750 2764 2897 2818 missi
2916 2780 2949 2816 a
2979 2761 3184 2834 Spiritu
3218 2769 3401 2816 sancto
3429 2759 3777 2814 descatdemnt

2211 2854 2506 2910 Seleuciam
2536 2853 2722 2926 (Ibid.,
2745 2852 2820 2924 4).

2283 2947 2368 3002 16.
2409 2946 2608 3016 Nequis
2634 2955 2814 3002 autem
2853 2945 3111 3017 Spiritum
3132 2951 3378 3001 sanctum
3407 2944 3532 3013 quia
3559 2940 3774 2997 Paracli-

2207 3046 2297 3093 tus
2325 3037 2522 3094 dicitur
2547 3047 2570 3075 °
2593 3035 3001 3106 contemptibile
3039 3035 3168 3105 quid
3191 3035 3454 3100 aestimet;
3501 3031 3778 3088 Paraclitus

2207 3129 2355 3184 enim
2382 3128 2674 3184 advocatus
2705 3127 2820 3184 sive
2861 3127 3169 3184 consolator
3207 3134 3291 3182 est
3319 3123 3604 3182 secundum
3637 3120 3776 3176 Lati-

492 3223 498 3230 '
519 3213 619 3302 Dei
641 3215 838 3271 habitat
854 3218 912 3271 in
931 3215 1072 3273 vobis
1087 3216 1152 3288 (ll
1171 3216 1291 3272 Cor.
1316 3232 1391 3283 ιιι,
1412 3216 1538 3289 16)¹ι
1558 3215 1626 3271 Et
1643 3231 1774 3272 mox
1787 3216 1948 3272 dicit:
1975 3215 2106 3271 Glo-
2125 3223 2182 3288 α
2208 3236 2333 3276 nam
2362 3221 2627 3292 linguam;
2659 3236 2779 3291 qua:
2813 3219 3104 3291 appellatio
3143 3219 3310 3274 etiam
3336 3217 3474 3273 Filio
3508 3217 3600 3272 Dei
3629 3230 3773 3271 com-

492 3309 723 3386 ‘ﬁﬁcate
765 3317 816 3364 et
831 3317 1038 3381 portate
1065 3309 1233 3365 Deum
1265 3309 1322 3365 in
1342 3325 1556 3381 corpore
1595 3318 1762 3364 oestro
1792 3308 1847 3380 (l
1867 3307 1987 3364 Cor.
2019 3324 2102 3372 vr,
2208 3313 2388 3369 munis
2407 3321 2508 3380 est,
2541 3315 2680 3370 sicut
2709 3313 2870 3368 docet
2894 3310 3131 3368 Joannes
3165 3330 3179 3364 :
3207 3311 3372 3374 Haec,
3411 3305 3776 3380 iuquit,scribo

587 3491 676 3548 1⁸5.
703 3492 843 3549 Nam
868 3494 1012 3564 quod
1047 3503 1238 3565 arguat
1263 3493 1454 3561 Pater,
1487 3501 1679 3562 arguat
1705 3500 1761 3548 et
1789 3492 1987 3558 Filius,
2019 3507 2106 3548 ar-

520 3593 650 3656 guat
676 3585 839 3642 etiam
868 3594 924 3642 et
957 3583 1188 3657 Spiritus
1227 3595 1477 3652 sanctus,
1509 3586 1586 3640 ita
1625 3583 1961 3656 probandum
2001 3593 2102 3641 est.

513 3673 580 3733 in
609 3675 824 3734 Psalmo
849 3693 977 3733 χιιχ
1001 3678 1197 3748 legitur
1221 3697 1233 3731 :
1262 3679 1530 3732 Peccatori
1558 3686 1729 3731 autem
1766 3677 1901 3731 dixit
1932 3675 2102 3738 Deus,

521 3785 681 3840 quare
727 3775 780 3823 tu
822 3785 1036 3824 enarras
1078 3771 1311 3840 justitias
1355 3786 1498 3824 meas
1533 3768 1650 3840 (Ps.
1691 3784 1836 3834 xux,
1879 3767 2002 3838 16)?
2039 3767 2108 3822 Et

397 3858 400 3862 ’
522 3858 660 3915 infra
691 3877 705 3913 :
736 3859 964 3932 Arguam
1009 3867 1057 3914 te
1100 3869 1150 3915 et
1189 3869 1414 3916 statuam
1456 3872 1479 3900 ο
1527 3861 1673 3915 illam
1711 3871 1890 3916 contra
1921 3863 2106 3933 {aciem

524 3961 666 4006 tuam
695 3949 882 4025 (Ibid,
912 3949 1024 4023 2i).
1062 3951 1231 4007 David
1251 3967 1404 4022 mque
1431 3967 1594 4008 orans
1631 3952 1762 4009 dicit
1789 3952 1857 4006 ad
1885 3953 2052 4008 Deum
2089 3972 2100 4006 :

489 4069 496 4074 -
521 4039 763 4122 Domine,
791 4059 858 4098 ne
879 4044 938 4098 in
973 4044 1056 4098 ira
1085 4052 1172 4098 tua
1200 4059 1389 4116 arguas
1411 4060 1492 4098 me
1521 4042 1639 4116 (Ps.
1671 4060 1722 4098 vr
1739 4085 1754 4110 ,
1785 4042 1862 4114 2).
1887 4041 1955 4098 Et
1981 4045 2106 4112 quia

482 4159 488 4166 -
517 4129 638 4206 ipse
663 4123 928 4191 venturus
949 4143 1036 4191 est
1061 4149 1289 4206 arguere
1315 4151 1532 4192 omnem
1564 4152 1781 4192 carnem
1817 4137 1964 4209 (Iud.
1992 4136 2102 4210 l5).

522 4225 663 4293 Quid
693 4241 824 4282 vero
849 4226 918 4282 de
945 4225 1146 4297 Spiritu
1172 4235 1360 4283 sancto
1388 4226 1638 4282 Salvator
1677 4228 1730 4282 in
1770 4227 2107 4298 Evangelio?

523 4316 651 4371 Cum
669 4307 880 4385 venerit,
911 4317 1102 4387 inquit,
1134 4316 1431 4374 Paraclitus
1449 4319 1557 4384 ille,
1581 4328 1760 4390 arguet
1777 4319 2024 4374 mundum
2046 4319 2108 4374 de

521 4415 734 4479 peccato
762 4408 898 4463 etde
925 4410 1132 4481 justitia
1155 4419 1208 4464 et
1233 4410 1297 4464 de
1313 4410 1511 4482 judicio
1546 4411 1724 4482 (Joan.
1751 4428 1866 4476 xvi,
1891 4411 1968 4482 8).
1993 4411 2108 4468 Hoc

521 4497 815 4569 providens
843 4499 1010 4554 David
1032 4500 1299 4555 clamabat
1318 4500 1386 4555 ad
1415 4500 1583 4556 Deum
1615 4519 1628 4554 :
1659 4499 1774 4566 Quo
1811 4502 1894 4557 ibo
1913 4519 1946 4556 α
1983 4502 2108 4574 Spi-

2205 3406 2348 3463 vobis
2385 3424 2451 3463 ne
2482 3407 2719 3478 peccetis.
2751 3403 2906 3470 Quod
2931 3407 2976 3460 si
2999 3406 3111 3478 quis
3139 3405 3453 3476 peccaverit,
3477 3399 3774 3456 Paraclitum

2208 3496 2451 3552 habemus
2471 3497 2611 3570 apud
2639 3495 2854 3552 Patrem
2869 3496 3048 3552 Iesum
3079 3493 3338 3552 Christum
3351 3493 3550 3565 justum
3569 3490 3609 3562 (l
3625 3488 3766 3544 Joaa.

2205 3604 2264 3655 ιι,
2291 3588 2367 3660 1).
2401 3587 2536 3646 Nam
2562 3596 2618 3643 et
2647 3588 2764 3658 ipse
2793 3587 3050 3644 Dominus
3083 3601 3209 3642 cum
3247 3585 3381 3640 dicit
3417 3583 3487 3638 ad
3524 3577 3771 3653 apostolos

2205 3681 2425 3735 alterum
2453 3679 2758 3735 advocatum
2779 3680 2945 3734 mittet
2963 3676 3103 3734 vobis
3129 3675 3313 3741 Pater,
3337 3676 3455 3730 sine
3481 3672 3634 3728 dubio
3658 3684 3767 3726 cum

2205 3771 2371 3827 alium
2411 3769 2735 3827 Paraclitum
2782 3769 3044 3835 nominat,
3094 3769 3174 3823 sic
3218 3779 3438 3837 quoque
3478 3761 3766 3818 Paraclitum

2206 3863 2532 3920 manifestat.
2591 3861 2697 3918 Sed
2747 3878 2848 3919 nec
2873 3877 2906 3917 a
2949 3861 3110 3916 Patre
3157 3861 3263 3918 hoc
3298 3873 3497 3914 nomen
3540 3852 3759 3909 Paracliti

2207 3955 2441 4010 alienum
2471 3961 2592 4010 est:
2622 3951 2992 4010 beneﬁcentia:
3019 3952 3163 4008 enim
3185 3965 3384 4006 nomen
3408 3956 3518 4014 est,
3549 3963 3645 4000 non
3685 3959 3766 3997 na-

2189 4054 2356 4102 turae.
2391 4044 2589 4102 Paulus
2609 4045 2840 4114 denique
2867 4044 2937 4100 ad
2964 4042 3275 4100 Corinthios
3296 4040 3484 4096 scribit
3518 4057 3531 4092 :
3573 4035 3763 4092 Benedi-

2208 4148 2317 4194 ctus
2338 4137 2479 4196 Deus
2499 4147 2548 4196 et
2577 4136 2737 4192 Pater
2775 4135 2988 4192 Domini
3016 4137 3178 4192 nostri
3217 4133 3341 4188 Jesu
3381 4130 3604 4194 Christi;
3633 4125 3768 4182 Pater

2206 4229 2680 4287 misericordiamm
2706 4237 2757 4284 et
2781 4227 2924 4282 Deus
2945 4229 3099 4283 totius
3121 4224 3516 4289 consolationis,
3549 4221 3629 4294 qui
3663 4231 3764 4270 con-

2206 4328 2407 4378 solatur
2435 4339 2528 4378 nos
2561 4320 2627 4394 (ll
2655 4317 2776 4376 Cor.
2805 4336 2844 4387 ι,
2871 4320 2958 4390 '5);
2999 4319 3142 4390 quod
3182 4313 3371 4372 Graece
3399 4314 3606 4375 dicitur,
3648 4309 3667 4349 ί
3691 4310 3765 4362 καὶ

2208 4419 2334 4479 Θεὸς
2369 4419 2543 4478 πάσης
2583 4415 2975 4492 παρακλήσεως.
3007 4410 3075 4466 Et
3103 4425 3226 4466 cum
3264 4407 3574 4464 consolator
3603 4400 3767 4457 dicitur

2210 4508 2390 4572 Pater,
2437 4507 2746 4564 consolator
2785 4513 2842 4561 et
2883 4503 3067 4570 Filius,
3108 4500 3424 4560 consolator
3472 4507 3527 4553 et
3569 4492 3762 4566 Spiritus

477 4617 483 4629 ι
521 4591 628 4644 ritu
652 4598 756 4656 tuo,
784 4598 886 4644 eta
907 4592 1040 4663 {acie
1069 4600 1162 4644 tua
1200 4607 1300 4663 quo
1339 4593 1536 4664 fugiam
1561 4591 1676 4664 (Ps.
1713 4608 1976 4658 cxxxvm,
2010 4591 2108 4664 7)?

2220 4609 2456 4664 sanctus,
2487 4616 2590 4654 una
2631 4607 2815 4654 tamen
2845 4597 3002 4653 nobis
3033 4589 3332 4652 consolatio
3360 4587 3629 4645 Trinitatis
3653 4597 3763 4656 prat-

523 4681 682 4749 Quod
725 4682 796 4736 sit
835 4688 1013 4737 autem
1055 4697 1220 4738 unum
1253 4682 1510 4748 judicium
1537 4682 1564 4722 ἀ
1596 4700 1628 4738 a
1657 4685 1768 4741 Deo
1809 4702 1908 4756 per
1951 4685 2109 4742 Chri-

521 4781 665 4830 stum
694 4771 950 4838 futurum,
981 4773 1175 4829 beatus
1206 4773 1406 4830 Paulus
1428 4777 1665 4832 ostendit
1697 4795 1709 4830 :
1744 4775 1871 4832 Cum
1898 4778 2109 4849 judica-

523 4865 615 4933 bit,
648 4867 840 4937 inquit,
869 4864 1010 4921 Deus
1035 4867 1238 4921 occulta
1257 4868 1522 4923 hominum
1541 4885 1632 4940 per
1647 4867 1828 4924 Iesum
1851 4868 2112 4925 Christum

522 4957 806 5014 Dominum
845 4967 1078 5013 nostrum
1119 4957 1296 5028 (Rom.
1348 4975 1405 5028 ιι,
1447 4959 1556 5033 16).
1607 4959 1676 5015 Et
1711 4962 1838 5030 quia
1881 4960 2113 5032 Spiritus

521 5056 742 5106 sanctus
761 5047 1097 5120 iudicaturus
1118 5059 1202 5106 est
1227 5052 1615 5108 Antichristum
1634 5093 1649 5119 ,
1679 5053 1893 5110 dicente
1923 5051 2108 5121 Paulo,

523 5155 648 5197 cum
683 5141 750 5197 de
787 5155 1016 5213 persona
1057 5142 1175 5211 ejus
1211 5142 1520 5212 loqueretur
1556 5161 1570 5196 :
1609 5141 1772 5209 Quem
1813 5146 2110 5216 interficiet,

525 5233 621 5299 ait,
650 5230 905 5287 Dominus
933 5231 1083 5288 Iesus
1126 5233 1327 5304 Spiritu
1372 5235 1478 5288 oris
1515 5235 1596 5300 sui
1631 5233 1696 5307 (ll
1725 5233 1901 5289 Thess.
1933 5251 1997 5300 ιι,
2031 5237 2109 5307 8).

524 5324 583 5380 Si
614 5325 974 5381 Antichristus
1001 5324 1203 5396 Spiritu
1231 5325 1343 5380 oris
1369 5325 1582 5381 Domini
1619 5325 1953 5392 interﬁcitur,
1985 5343 2114 5398 ergo

527 5425 584 5474 et
618 5417 794 5475 omnis
833 5425 1079 5474 creatura
1116 5416 1321 5488 Spiritu
1341 5417 1687 5486 iudicabitur,
1712 5418 1926 5475 dicente
1957 5417 2112 5477 Salo-

477 5607 488 5637 ³
603 5602 630 5677 ξ
668 5606 832 5677 Deest
866 5606 1007 5677 apud
1029 5604 1270 5677 Nicetam
1294 5620 1401 5677 vox
1429 5604 1743 5676 congregati.

605 5670 636 5712 ⁵
670 5674 832 5742 Cod.,
861 5670 1009 5742 aisit,
1031 5675 1176 5745 quod
1203 5673 1329 5730 ferri
1359 5670 1560 5744 potest.

609 5749 633 5777 °
670 5745 751 5802 ita
777 5747 900 5804 cod.

610 5819 640 5861 «ι
673 5813 834 5882 Cod.,
853 5815 924 5870 ad
948 5830 1064 5870 eum
1087 5829 1188 5882 pro
1214 5829 1248 5867 a
1275 5811 1406 5868 Deo.

2210 4701 2402 4750 statur.
2437 4690 2545 4746 Sed
2575 4689 2756 4755 abluti,
2789 4687 2981 4758 inquit,
3013 4687 3133 4740 estis
3154 4693 3205 4740 et
3223 4681 3538 4754 sanctificati
3572 4688 3618 4733 et
3635 4673 3764 4747 justi-

2213 4783 2358 4856 ﬁcati
2377 4783 2500 4836 estis
2520 4782 2576 4834 in
2597 4780 2805 4835 nomine
2833 4775 3045 4833 Domini
3063 4773 3098 4829 Ι
3102 4791 3191 4830 esu
3223 4769 3421 4828 Christi
3443 4779 3492 4824 et
3519 4770 3571 4824 in
3601 4763 3766 4837 Spiritu

2213 4872 2313 4928 Dei
2341 4873 2506 4928 nostri
2531 4871 2598 4944 (Il
2618 4871 2737 4928 Cor.
2771 4886 2844 4937 γι,
2869 4867 2980 4940 11).

2288 4965 2374 5019 17.
2413 4964 2520 5020 Sed
2553 4963 2774 5019 forsitan
2811 4962 2929 5018 haec
2975 4958 3124 5016 mitia
3159 4962 3216 5012 et
3253 4955 3399 5011 bona
3426 4966 3533 5010 non
3572 4945 3769 5003 excitant

2217 5057 2452 5112 animum
2481 5054 2549 5110 ad
2588 5051 2988 5122 intelligendam
3025 5046 3322 5120 potentiam
3350 5041 3578 5116 Spiritus
3603 5033 3768 5093 sancti;

2216 5163 2387 5218 pauca
2417 5145 2484 5200 de
2507 5143 2837 5200 terribilibus
2863 5139 3222 5214 proferamus.
3243 5127 3572 5218 Vendiderat
3595 5138 3770 5200 posses-

2217 5241 2425 5296 sionem
2453 5237 2708 5302 Ananias,
2733 5235 2874 5291 sicut
2893 5226 3155 5303 scriptum
3174 5236 3260 5284 est
3278 5227 3334 5282 in
3357 5224 3575 5282 Actibus
3592 5224 3770 5290 aposto-

2219 5331 2394 5388 lorum
2418 5371 2432 5395 ,
2481 5341 2932 5400 suppressamque
2978 5329 3190 5396 partem
3235 5317 3482 5392 pecuniae
3522 5306 3772 5404 discipulus

2217 5425 2320 5481 sibi
2347 5398 2754 5488 reservaverat;
2784 5420 3050 5489 reliquam
3087 5431 3188 5488 pro
3219 5421 3338 5470 tota
3376 5418 3502 5467 ante
3528 5401 3676 5480 pedes
3695 5398 3772 5454 (ιε’
3821 5475 3826 5480 ι

2303 5608 2328 5636 ⁶
2363 5603 2521 5668 Cod.,
2547 5596 2968 5671 ορηιαηριῖρίιία·
3068 5665 3077 5671 ,
3241 5661 3275 5671 ..
3473 5659 3504 5671 ..
3541 5665 3554 5671 -
3617 5637 3729 5671 ...ι-οι

2299 5677 2321 5718 ί
2361 5647 3025 5729 ἧὲἶιὶέῖὶἱῖεὲἓῖὲιέὲῆἰιι
3064 5665 3117 5720 in
3159 5661 3366 5728 codice,
3411 5659 3590 5713 relicto
3614 5647 3759 5718 spatio

2227 5760 2430 5808 vacuo;
2456 5758 2575 5812 quae
2597 5755 2697 5810 ego
2719 5737 2960 5810 supplevi
2982 5751 3080 5808 pro
3111 5733 3269 5804 spatii
3297 5729 3528 5786 modulo.
