3924 6368
199 388 306 446 ιω

1267 387 1359 445 DE
1397 387 1712 448 SPIRITIJS
1747 389 1998 448 SANCTI
2025 391 2396 450 .POTENTIA.

3043 341 3102 350 μ.-
3153 341 3162 356 ,
3225 348 3227 350 .

185 499 383 572 posuit
398 500 786 572 apostolorum.
807 498 1040 558 Olendit
1057 497 1317 571 Spiritum
1335 509 1598 570 sanctum,
1619 516 1782 572 quem
1803 510 1856 572 Α
1883 506 2156 576 proprium
2185 515 2299 575 est;
2325 508 2372 563 si
2409 508 2524 564 haec
2549 508 2624 564 ita
2651 510 2776 579 sint,
2808 511 2972 567 immo
2999 511 3122 583 quia
3144 525 3272 569 vera
3311 523 3457 584 sunt,

185 598 484 664 .putaverat
508 608 570 650 se
599 593 789 648 latere.
805 591 920 650 Sed
945 593 1075 663 quid
1103 593 1172 656 ad
1199 609 1332 650 eum
1358 595 1614 652 continuo
1649 596 1782 653 bea-

189 684 436 744 tissimus
457 681 685 742 Petrus?
707 683 918 740 Anania
931 725 946 751 ,
982 701 1144 758 quare
1177 683 1410 744 Satanas
1435 687 1664 759 impleuit
1689 705 1780 746 cor

195 787 366 845 nam,
387 779 594 834 mentiri
616 786 663 832 te
689 776 912 849 Spiritui
934 786 1114 840 sancto
1131 777 1272 851 (Act.
1294 795 1347 845 ν,
1377 778 1433 852 5)
1449 778 1562 835 ‘lEt
1596 781 1779 838 statim

191 872 316 928 ait:
347 869 476 930 Non
501 887 557 926 es
596 870 840 928 mentitus
879 869 1189 938 hominibus,
1220 870 1311 928 sed
1337 869 1468 928 Deo.
1499 871 1680 942 Atque
1702 873 1780 930 ita

185 978 486 1034 percussus
503 963 704 1020 virtute
730 961 866 1032 ejus,
897 962 984 1018 cui
1019 961 1235 1024 mentiri
1261 963 1540 1042 voluerat,
1567 965 1780 1035 expira-

184 1056 285 1114 vit.
327 1054 471 1124 Quid
495 1056 586 1112 hic
619 1055 735 1116 vult
770 1055 795 1083 ⁸
822 1053 1015 1110 beatus
1041 1051 1237 1121 Petrus
1269 1055 1492 1125 intelligi
1519 1054 1778 1128 Spiritum

145 1207 148 1210 ,
179 1146 574 1210 sanctumiEt
610 1147 797 1217 utique
834 1145 1041 1210 clarum
1077 1153 1160 1212 est
1199 1161 1324 1202 cum
1355 1146 1527 1202 dicit:
1559 1145 1685 1202 Non
1721 1166 1777 1204 es

179 1243 436 1298 mentitus
447 1239 763 1306 .ltomiuibus,
777 1237 1022 1298 sed-Deo.
1035 1236 1375 1306 Manifestum
1394 1245 1479 1304 est
1495 1253 1624 1309 ergo
1637 1254 1775 1310 quo-

177 1332 336 1388 niam
363 1333 460 1402 qui
496 1331 754 1388 mentitur
779 1327 1004 1402 Spiritui
1031 1337 1240 1397 sancto,
1271 1329 1384 1385 Deo
1409 1329 1695 1397 mentitur;
1725 1331 1778 1386 ei

173 1422 273 1491 qui
301 1421 485 1480 credit
509 1422 564 1478 in
600 1419 859 1491 Spiritum
871 1427 1120 1492 sanctum
1133 1459 1149 1486 ,
1181 1419 1354 1476 credit
1381 1419 1435 1474 in
1463 1419 1652 1476 Deum.
1683 1420 1777 1488 Sic

174 1513 356 1569 etiam
381 1529 519 1569 uxor
543 1511 784 1579 Ananiae,
814 1526 936 1583 qua:
962 1513 1018 1570 in
1041 1511 1328 1584 mendacio
1353 1511 1531 1568 fuerat
1557 1513 1775 1569 conscia

135 1659 142 1668 ,
175 1611 232 1660 et
257 1603 321 1660 in
353 1612 529 1662 morte
554 1603 694 1660 facta
723 1604 993 1661 est‘socia.
1022 1602 1154 1659 Tale
1191 1602 1424 1674 aliquid,
1455 1603 1623 1659 immo
1657 1604 1772 1660 for-

176 1694 287 1750 tius
317 1693 381 1749 in
405 1693 702 1768 Evangelia
743 1694 982 1752 ostendit
1027 1695 1286 1750 Dominus
1322 1694 1506 1750 dicens
1551 1713 1564 1749 :
1607 1693 1774 1768 Omne

171 1798 449 1860 peceatum
485 1799 538 1845 et
567 1789 908 1863 blasphemia:
954 1792 1276 1846 remittentur
1321 1787 1646 1858 hominibus;
1683 1793 1771 1864 qui

1879 598 2008 667 quid
2033 613 2065 652 a
2085 614 2172 655 me
2189 600 2446 670 quaeritur
2469 609 2528 657 ut
2547 603 2722 659 dicam
2741 605 2962 675 quidsit
2976 604 3206 677 Spiritus
3223 607 3463 680 sanctus,

1845 707 2000 748 .cum
2039 707 2138 763 per
2169 707 2394 764 operum
2440 697 2860 766 magnitudinem
2877 738 2892 764 ,
2917 701 3068 770 quod
3113 710 3198 760 est
3243 703 3358 775 ipse
3401 695 3462 763 se

1841 823 1846 828 -
1877 784 2221 841 manifestat?
2265 785 2384 843 Non
2425 788 2609 858 utique
2649 789 2857 847 alienus
2899 800 2985 847 est
3025 790 3202 850 Patris
3240 803 3297 851 et
3341 795 3460 853 Filii

1878 879 2179 947 sanctitate,
2209 880 2303 950 qui
2329 895 2440 937 non
2465 889 2548 936 est
2573 882 2644 938 ab
2681 897 2907 954 operum
2942 885 3140 942 virtute
3193 885 3399 943 alienus
3444 907 3456 943 :
3499 879 3508 958 ξ

1877 971 2074 1028 frustra
2097 973 2177 1028 illi
2205 988 2400 1030 nomen
2423 974 2720 1032 divinitatis
2748 986 2990 1046 negatur,
3035 973 3188 1050 cujus
3217 989 3461 1051 potestas

1879 1081 1985 1121 non
2006 1072 2189 1138 potest
2205 1067 2463 1137 abnegari
2487 1067 2721 1126 :frustra
2739 1073 3032 1142 prohibeor
3058 1088 3181 1129 eum
3203 1090 3325 1131 cum
3357 1074 3459 1132 Pa-

1849 1193 1852 1195 λ
1881 1167 1961 1213 tre
1981 1167 2038 1214 et
2053 1157 2190 1214 Filio
2209 1161 2473 1228 venerari,
2496 1175 2657 1231 quem
2677 1161 2922 1219 conﬁteri
2949 1181 3069 1222 cum
3101 1165 3264 1223 Patre
3285 1173 3338 1223 et
3372 1167 3461 1223 Fi-

1877 1249 1950 1306 lio
1987 1251 2101 1321 ipsa
2122 1251 2349 1307 veritate
2373 1253 2688 1324 compellor.
2711 1251 2769 1310 Si
2799 1255 2889 1311 ille
2915 1256 3048 1311 mihi
3073 1271 3196 1312 cum
3225 1256 3386 1314 Patre
3405 1269 3462 1315 et

1849 1375 1864 1381 α
1877 1341 2011 1398 Filio
2047 1341 2256 1398 confert
2283 1343 2664 1406 remissionem
2701 1354 3066 1416 peccatorum,
3091 1347 3302 1404 confert
3342 1365 3462 1405 san-

1845 1469 1852 1475 -
1875 1433 2253 1490 ctiticationem
2281 1442 2338 1490 et
2355 1435 2520 1490 vitam
2539 1443 2817 1504 sternam,
2844 1438 3086 1507 ingratus
3111 1456 3209 1496 ero
3229 1441 3387 1496 nimis
3404 1449 3462 1499 et

1873 1527 2067 1598 impius
2094 1529 2141 1582 si
2175 1543 2286 1584 non
2311 1530 2362 1584 ei
2379 1544 2503 1586 eum
2533 1528 2693 1586 Patre
2719 1539 2778 1586 et
2796 1526 2932 1587 Fili'o
2951 1531 3183 1588 referam
3209 1534 3454 1603 gloriam.

1851 1617 1980 1674 ~Aut
2006 1620 2054 1675 si
2071 1635 2182 1676 non
2207 1629 2292 1676 est
2309 1621 2570 1678 colendus
2590 1637 2714 1678 cum
2743 1623 2904 1679 Patre
2931 1623 3169 1692 etFilio,
3201 1637 3331 1694 ergo
3359 1641 3460 1683 nec

1872 1711 2208 1770 conﬁtendus
2229 1722 2312 1771 est
2333 1715 2390 1769 in
2421 1714 2762 1786 baptismate.
2795 1715 2861 1772 Si
2889 1727 3068 1774 autem
3105 1717 3258 1773 omni
3295 1719 3458 1775 modo

1873 1806 2208 1863 conﬁtendus
2234 1815 2336 1875 est,
2366 1809 2658 1866 secundum
2683 1809 2883 1865 dictum
2901 1807 3117 1866 Domini
3136 1817 3192 1866 et
3213 1810 3458 1868 traditio-

169 1889 356 1936 autem
380 1881 572 1953 dixerit
605 1882 978 1954 blasphemiam
995 1884 1051 1937 in
1083 1881 1336 1954 Spiritum
1369 1892 1622 1950 sanctum,
1663 1901 1759 1950 non

1873 1913 1996 1954 nem
2028 1899 2414 1970 apostolorum,
2438 1916 2507 1956 ne
2529 1901 2826 1972 semiplena
2849 1902 2920 1957 sit
2957 1899 3090 1958 ﬁdes
3115 1912 3172 1957 et
3207 1902 3458 1974 imperfe-

171 1975 468 2030 rsmittetur
513 1977 564 2032 ei
610 1992 773 2050 neque
807 1978 864 2032 in
910 1976 1006 2031 hoc
1051 1975 1241 2032 stcculo
1286 1992 1448 2050 neque
1493 1978 1548 2032 in
1596 1979 1768 2050 [μίκτο

171 2065 400 2139 (lauit.
429 2085 524 2136 ιιι,
556 2069 655 2136 52;
683 2069 853 2124 Marc.
877 2086 953 2136 ιιι,
983 2069 1073 2134 28,
1097 2067 1197 2138 29;
1227 2068 1358 2126 Luc.
1381 2084 1476 2138 xu,
1501 2069 1612 2143 10).
1639 2070 1770 2130 Ter-

171 2158 354 2218 ribilis
377 2161 676 2218 sententia!
710 2164 738 2203 b
757 2162 1134 2218 irremissibile
1160 2161 1291 2218 dicit
1327 2177 1448 2219 esse
1489 2171 1768 2233 peccatum

173 2249 222 2305 ei
245 2251 353 2322 qui
377 2252 436 2312 in
455 2251 714 2324 Spiritum
729 2260 980 2309 sanctum
999 2253 1470 2326 blasphemaverit.
1501 2252 1768 2326 Compara

169 2341 299 2398 huic
325 2344 614 2401 sententiae
639 2344 770 2400 illud
795 2345 940 2415 quod
968 2345 1231 2418 scriptum
1267 2355 1351 2404 est
1371 2347 1427 2402 in
1457 2347 1766 2418 Regnorum

149 2477 152 2480 .
169 2433 312 2492 libro
339 2452 354 2489 :
375 2433 443 2502 Si
467 2438 730 2508 peccando
749 2439 1032 2509 peccaverit
1047 2440 1126 2494 uir
1143 2440 1198 2496 in
1217 2440 1398 2507 uirum,
1425 2440 1646 2496 orabunt
1671 2459 1766 2512 pro

169 2541 260 2591 eo;
290 2527 346 2581 si
370 2537 545 2582 autem
570 2529 628 2582 in
657 2527 822 2583 Deum
857 2531 1164 2599 peccaverit,
1187 2531 1300 2603 quis
1330 2529 1499 2586 orabit
1523 2547 1620 2603 pro
1638 2549 1698 2587 eo
1721 2531 1765 2604 (Ι

169 2615 304 2691 Reg.
330 2635 389 2686 ιι,
419 2617 556 2692 35)?
583 2619 725 2691 Ergo
744 2622 871 2692 quia
900 2637 1129 2694 peccare
1154 2623 1211 2678 in
1233 2621 1492 2694 Spiritum
1519 2634 1766 2682 sanctum

171 2718 224 2765 et
249 2727 490 2782 peccare
531 2714 586 2769 in
613 2715 800 2779 Deum,
833 2715 974 2771 idem
1005 2719 1030 2749 ο
1060 2717 1385 2788 inexpiabile
1406 2718 1610 2776 crimen
1639 2731 1760 2787 est;

161 2799 272 2872 iam
327 2804 616 2863 advertere
668 2817 924 2878 poterunt
961 2817 1162 2879 quanta
1199 2811 1272 2867 sit
1314 2809 1548 2883 Spiritus
1588 2815 1764 2870 sancti

165 2898 455 2968 maiestas;
487 2902 542 2956 in
569 2917 731 2972 quem
764 2903 810 2958 si
847 2903 968 2973 quis
993 2903 1212 2960 rebellis
1233 2905 1523 2970 exstiterit,
1554 2906 1609 2962 in
1637 2922 1762 2977 per-

165 2998 363 3059 petuas
391 3007 586 3062 pmnas
613 2993 874 3050 trudetur.

232 3079 329 3135 18.
353 3082 579 3139 Possem
604 3083 758 3155 plura
779 3085 847 3140 de
873 3085 1068 3142 divinis
1093 3083 1384 3158 Scripturis
1409 3087 1651 3158 proferre
1672 3095 1757 3144 te-

164 3171 425 3229 stimonia
444 3188 580 3244 quas,
609 3176 901 3231 secundum
928 3177 1190 3248 Baptismi
1208 3186 1622 3244 sacramentum,
1648 3177 1760 3236 Tri-

1870 1995 1990 2055 cta;
2019 1991 2142 2060 quis
2159 2006 2248 2046 me
2274 1992 2476 2062 poterit
2499 1993 2568 2047 ab
2589 1992 2707 2064 ejus
2733 1993 2996 2063 religione
3022 2001 3079 2050 et
3104 1993 3457 2051 veneratione

1851 2080 2161 2138 .cobibere?
2183 2090 2210 2130 ε
2239 2081 2302 2137 In
2337 2097 2496 2152 quem
2537 2083 2682 2140 enim
2707 2084 2928 2139 credere
2959 2083 3173 2153 iubeor,
3201 2084 3257 2140 ei
3293 2085 3458 2141 etiam

1869 2169 2062 2228 devote
2084 2173 2416 2244 supplicabo.

1940 2264 2024 2318 l9.
2067 2264 2318 2322 Adorabo
2357 2280 2486 2336 ergo
2517 2264 2752 2333 Patrem,
2785 2267 3023 2323 adorabo
3063 2267 3277 2335 Filium,
3321 2269 3457 2324 ado-

1865 2353 1999 2410 rabo
2025 2353 2282 2424 Spiritum
2307 2364 2572 2422 sanctum,
2623 2371 2730 2411 una
2759 2355 3056 2425 eademque
3083 2357 3454 2412 veneratione.

1853 2441 2022 2510 Quod
2057 2445 2103 2500 si
2153 2445 2274 2514 quis
2317 2445 2508 2500 durum
2553 2447 2658 2502 hoc
2697 2451 2880 2515 putat,
2922 2445 3143 2500 audiant
3181 2446 3456 2516 quomodo

1863 2535 2035 2591 David
2063 2536 2130 2591 ad
2170 2533 2198 2573 ιι
2225 2537 2492 2592 culturam
2520 2537 2616 2592 Dei
2656 2535 2842 2592 ﬁdeles
2881 2537 3129 2592 hortetur
3161 2554 3175 2590 :
3205 2536 3454 2605 Δάοι-(ιω,

1843 2625 2069 2695 inquit,
2099 2627 2377 2682 scabellum
2415 2627 2601 2700 pedum
2637 2628 2779 2700 ejus,
2815 2629 3060 2700 quoniam
3102 2637 3341 2684 sanctum
3379 2635 3458 2685 est

1868 2717 1985 2790 (Ps.
2027 2734 2201 2786 xcvm,
2227 2717 2304 2792 5).
2334 2719 2391 2774 Si
2411 2719 2702 2778 scabellum
2741 2719 2940 2790 pedum
2981 2719 3201 2776 Domini
3237 2719 3456 2788 religio-

1863 2811 1949 2866 nis
1973 2819 2056 2868 est
2081 2811 2324 2879 adorari;
2355 2819 2557 2882 quanto
2583 2811 2754 2881 magis
2781 2812 3094 2882 religiosum
3119 2811 3240 2879 erit,
3270 2811 3317 2868 si
3333 2811 3455 2882 eius

1861 2903 2092 2973 Spiritus
2118 2904 2410 2960 adoretur?
2449 2904 2538 2961 ille
2566 2905 2752 2975 utique
2777 2904 3012 2975 Spiritus
3055 2919 3220 2974 quem
3263 2903 3454 2960 beatis

1857 2994 2052 3054 Petrus
2104 2999 2158 3054 in
2222 3007 2375 3054 tanta
2431 2998 2758 3056 sublimitate
2826 2987 3140 3070 praedicavit
3199 2997 3386 3054 dicens
3435 3014 3450 3052 :

1867 3087 1884 3128 ί
1909 3089 2404 3162 Evangeliaaverunt
2440 3089 2580 3146 vobis
2602 3090 2856 3162 Spiritum
2886 3098 3123 3144 sanctum
3153 3091 3368 3144 missum
3388 3089 3453 3144 de

1861 3181 2003 3245 caelo,
2033 3181 2087 3234 in
2132 3197 2279 3253 quem
2320 3182 2687 3252 concupiscunt
2717 3180 2889 3253 angeli
2931 3181 3224 3253 prospicere
3255 3178 3302 3252 (ἰ
3328 3179 3448 3236 Pet.

164 3264 397 3321 nitatem
425 3267 581 3322 unius
608 3268 936 3338 operationis
962 3283 1026 3324 ac
1045 3269 1302 3338 potentia:
1327 3269 1752 3324 manifestarent.
1784 3286 1832 3354 ο
1861 3286 1898 3337 ι,
1933 3269 2042 3342 12).
2068 3269 2125 3325 Si
2145 3271 2320 3338 angeli
2346 3287 2468 3326 eum
2503 3271 2726 3342 cupiunt
2754 3273 2995 3343 aspicere
3011 3314 3026 3340 ,
3053 3281 3254 3342 quanto
3281 3272 3453 3342 magis

159 3354 267 3412 Sed
296 3358 433 3427 quia
453 3360 581 3414 etin
609 3359 693 3414 liis
713 3360 905 3430 plenus
937 3368 1022 3415 est
1060 3360 1390 3432 sapientibus
1429 3361 1753 3427 intellectus,

163 3449 334 3503 multa
374 3457 659 3520 praetereo.
689 3450 905 3506 Faciam
929 3453 1112 3522 itaque
1147 3453 1648 3524 recapitulationem
1675 3453 1761 3509 di-

163 3546 352 3595 cturus
384 3559 400 3594 :
432 3541 479 3597 si
504 3541 572 3598 de
599 3540 759 3597 Patre
797 3543 1043 3612 procedit
1081 3543 1312 3614 Spiritus
1339 3551 1588 3610 sanctus;
1610 3545 1657 3600 si
1693 3545 1759 3599 li-

163 3628 348 3698 berat;
378 3631 429 3686 si
459 3632 788 3698 sanctiﬁcat;
821 3633 868 3688 si
907 3633 1166 3690 Dominus
1204 3643 1305 3702 est,
1336 3643 1397 3690 ut
1433 3635 1570 3691 dixit
1612 3635 1759 3706 Apo-

162 3721 368 3789 stolus;
400 3722 449 3779 si
491 3732 642 3780 creat
686 3739 809 3779 cum
855 3723 1013 3782 Patre
1038 3734 1095 3782 et
1119 3726 1286 3794 Filio;
1327 3711 1375 3783 si
1419 3727 1680 3796 viviticat;
1711 3729 1756 3785 si

161 3813 558 3900 praisde
603 3815 792 3902 itabat,
821 3816 962 3883 siem
988 3815 1339 3902 habetPater
1387 3827 1444 3874 et
1479 3818 1680 3888 Filius;
1711 3821 1759 3878 si

159 3903 404 3971 revelat;
433 3897 494 3960 si
511 3897 706 3976 ubique
731 3915 850 3974 est;
879 3909 928 3963 si
951 3907 1210 3980 adimplet
1237 3897 1424 3966 orbem
1454 3903 1752 3980 terrarum;

160 3995 204 4051 si
229 3996 446 4052 habitat
470 3998 526 4054 in
545 3995 574 4036 ά
603 4000 818 4082 electis;
848 4001 893 4058 si
921 4009 1109 4080 arguet
1126 4003 1416 4080 mundum;
1439 4003 1486 4061 si
1507 4004 1753 4074 judicat;

164 4089 209 4144 si
235 4089 422 4146 bonus
448 4099 561 4160 est;
594 4093 638 4148 si
669 4103 864 4148 rectus
892 4083 1008 4160 est;
1035 4094 1082 4148 si
1123 4093 1191 4149 de
1219 4109 1286 4150 eo
1331 4096 1612 4163 clamatur,
1635 4095 1754 4155 haec

159 4181 290 4239 dicit
341 4181 578 4255 Spiritus
618 4192 864 4252 sanctus;
914 4187 958 4242 si
1007 4187 1300 4257 prophetas
1347 4189 1660 4256 constituit;
1709 4190 1756 4246 si

159 4276 440 4348 apostolos
463 4276 653 4343 mittit;
683 4277 728 4332 si
755 4277 1065 4350 consolator
1102 4285 1216 4345 est;
1248 4279 1292 4334 si
1323 4279 1491 4338 abluit
1519 4287 1573 4335 et
1597 4281 1755 4351 justi-

143 4353 315 4431 Fﬂcat;
347 4366 392 4421 si
435 4377 458 4404 ο
496 4374 790 4424 tentatores
836 4385 962 4424 suos
1005 4368 1288 4436 interﬁcit;
1320 4370 1366 4425 si
1395 4371 1440 4426 is
1486 4371 1580 4442 qui
1632 4373 1650 4410 τ
1697 4373 1752 4427 in

139 4445 277 4536 .eum
319 4457 793 4530 blasphemaverit,
825 4476 932 4516 non
971 4460 1133 4516 habet
1159 4461 1536 4518 remissionem
1578 4478 1752 4534 neque

147 4549 209 4610 in
260 4551 370 4608 hoc
413 4553 614 4630 steculo
643 4567 817 4623 neque
863 4553 920 4608 in
963 4551 1174 4621 futuro,
1225 4555 1369 4626 quod
1420 4555 1607 4627 utique
1634 4557 1749 4615 Deo

1861 3377 1960 3418 nos
1999 3363 2245 3418 homines
2271 3363 2529 3418 mortales
2559 3363 2574 3414 l
2611 3370 2960 3419 contemnere
2998 3380 3106 3419 non
3145 3359 3450 3420 debemus?

1857 3473 1932 3512 ne
1955 3454 2096 3513 forte
2113 3464 2171 3512 et
2195 3456 2264 3512 de
2291 3456 2449 3513 nobis
2475 3456 2687 3513 dicatur
2713 3456 2851 3512 sicut
2887 3456 3092 3512 dictum
3134 3464 3221 3512 est
3243 3455 3310 3511 ad
3355 3453 3452 3510 Ju-

1857 3548 2005 3605 dmos
2037 3567 2050 3603 :
2099 3549 2204 3604 Vos
2231 3566 2429 3622 semper
2455 3547 2482 3587 ¹ι
2512 3548 2736 3622 Spiritui
2779 3560 2960 3605 sancto
2996 3550 3278 3616 restitistis,
3319 3549 3452 3604 sicut

1857 3650 1910 3695 et
1945 3648 2120 3712 patres
2147 3641 2301 3695 vestri
2334 3640 2470 3712 (Act.
2505 3656 2599 3706 vn,
2624 3638 2735 3711 51).

1853 3717 1858 3722 ’
1928 3729 2017 3784 20.
2049 3729 2203 3798 Quod
2230 3732 2276 3785 si
2312 3731 2426 3786 haec
2452 3738 2602 3786 tanta
2642 3746 2706 3786 ac
2731 3731 2857 3784 talia
2897 3746 3008 3786 non
3045 3731 3306 3786 inclinant
3333 3729 3449 3786 ani-

1858 3837 2006 3880 mum
2046 3822 2116 3877 ad
2143 3823 2506 3880 venerandum
2533 3821 2791 3894 Spiritum
2837 3832 3114 3900 sanctum,
3147 3813 3329 3900 accipe
3357 3821 3451 3877 ad-

1857 3913 1965 3969 huc
1991 3911 2194 3983 aliquid
2217 3913 2429 3970 fortius.
2459 3913 2549 3970 Sic
2575 3916 2718 3970 enim
2746 3911 2942 3970 Paulus
2971 3901 3449 3985 instruit'prophe-

1855 4013 1941 4064 tas
1967 4003 2240 4072 Ecclesiae,
2271 4006 2327 4062 in
2369 4007 2565 4076 quibus
2591 4007 2778 4076 utique
2799 4014 2855 4066 et
2883 4022 2979 4076 per
3005 4021 3141 4078 quos
3187 4007 3301 4076 ipse
3328 4003 3449 4076 Spi-

1855 4097 1991 4152 ritus
2019 4095 2338 4166 loquebatur
2362 4114 2375 4150 :
2401 4095 2482 4163 Si,
2507 4095 2712 4166 inquit,
2745 4113 2919 4150 omnes
2943 4095 3264 4168 prophetent,
3292 4097 3449 4150 intret

1857 4189 2046 4261 aliquis
2066 4187 2296 4258 infidelis
2317 4195 2405 4240 aut
2423 4187 2607 4253 idiota,
2633 4187 2948 4240 convincitur
2967 4185 3032 4239 ab
3053 4186 3306 4250 omnibus,
3324 4201 3446 4239 exa-

1855 4281 2086 4334 minatur
2100 4280 2162 4332 ab
2177 4278 2431 4344 omnibus,
2451 4278 2652 4332 occulta
2673 4279 2827 4332 etiam
2849 4277 3018 4331 cordis
3032 4277 3142 4348 ejus
3163 4276 3445 4348 manifesta

1838 4371 2006 4448 ﬁunt.
2021 4369 2094 4423 Et
2115 4377 2233 4423 tunc
2262 4369 2450 4423 cadens
2471 4370 2525 4422 in
2547 4370 2734 4441 [aciem
2750 4367 3188 4435 adorabitDeum,
3207 4359 3442 4440 pronun-

1856 4463 1989 4516 tians
2011 4463 2130 4536 quia
2156 4477 2269 4515 vere
2296 4460 2436 4516 Deus
2451 4471 2526 4516 est
2544 4463 2598 4515 in
2619 4460 2765 4516 nobis
2797 4460 2972 4533 (lCor.
2989 4460 3224 4534 xiv,24).
3251 4459 3446 4532 Utique

1852 4553 2110 4628 Spiritum
2131 4562 2377 4612 sanctum
2398 4555 2623 4624 intelligi
2649 4555 2836 4621 voluit,
2861 4556 2952 4626 qui
2974 4556 3027 4611 in
3053 4555 3335 4628 prophetis
3363 4555 3442 4632 lo-

225 4765 252 4832 }
291 4756 372 4832 ita
393 4755 760 4832 cod.,_beatus,
793 4772 915 4814 cum
945 4758 1110 4832 paulo
1139 4764 1266 4832 ante
1287 4757 1359 4814 sit
1396 4756 1745 4832 beatissimus.
1775 4757 1962 4830 D'boli
1990 4755 2421 4832 Explanatione,_
2449 4761 2761 4832 prorsusut
2799 4768 2900 4824 ego
2919 4771 3140 4832 ‘censeo
3169 4755 3223 4832 i_n
3250 4755 3441 4832 eodem

219 4823 252 4865 ιι
289 4826 382 4883 Sic
408 4827 654 4883 absolute
692 4823 906 4894 censet,
947 4823 1043 4884 seu

149 4895 319 4980 etiam
340 4898 412 4980 'i‘n
446 4895 844 4980 Explanatione
879 4895 1160 4971 Symboli;
1183 4899 1365 4969 .deque
1393 4914 1460 4954 eo
1489 4899 1610 4956 loco
1638 4899 1749 4955 dis-

147 4974 314 5037 putat
337 4967 616 5039 Braida’p.
647 4967 892 5038 989sqq.
929 4967 943 4971 ⁷
1278 4967 1293 4969 θ

150 5104 193 5122 _
225 5047 248 5075 ε
289 5037 468 5122 Atqui
492 5045 715 5110 peccata
753 5039 1029 5122 adversus.
1048 5039 1219 5122 Deum
1259 5039 1548 5122 expiabilia
1604 5041 1746 5112 apud

150 5104 846 5181 Depm_sunt,'quamquam
867 5107 956 5166 hic
978 5111 1192 5166 videtur
1211 5104 1544 5167 contrarium
1573 5104 1744 5181 prope

151 5177 276 5234 dici.
305 5176 451 5256 Ego
703 5176 834 5236 ’ἴθι-θ
872 5181 1155 5251 responsio
1183 5181 1328 5256 valet
1342 5181 1431 5256 _a_d
1462 5176 1740 5256 peccatum

149 5257 336 5305 contra
358 5249 619 5322 Spiritum
647 5259 890 5308 sanctum
914 5267 929 5318 ;
955 5249 1154 5322 nempe
1174 5251 1320 5321 quod
1341 5249 1556 5308 Nicetas
1577 5253 1738 5323 paulo

149 5319 390 5376 severius
411 5318 615 5378 dixerit
640 5336 802 5378 quam
832 5337 892 5378 se
918 5322 1144 5378 intelligi
1163 5321 1431 5378 maluerit.

211 5322 390 5376 verius
411 5322 615 5380 dixerit
640 5336 802 5391 quam
832 5337 892 5378 se
918 5322 1088 5380 intelli
1127 5322 1431 5378 imaluerit.

219 5385 247 5426 τι
287 5385 417 5466 god.
449 5389 728 5456 mendose,
759 5393 1010 5457 excelsis;
1033 5337 1128 5449 ses
1154 5392 1340 5449 confer
1360 5408 1414 5466 p.
1439 5389 1564 5447 325.

219 5468 246 5532 ξ
475 5468 820 5532 tanptatores.
1038 5474 1040 5476 '

225 5526 244 5566 ¹
287 5526 586 5602 (ξοᾲ.,ειιπὶ
605 5547 704 5602 pro
730 5535 786 5587 in
803 5549 937 5588 cum.

207 5597 431 5676 .§_C'od.
447 5601 578 5676 Yat.
607 5597 886 5676 mendose,
905 5604 964 5658 in
985 5619 1133 5676 quem
1152 5605 1291 5660 enim
1306 5601 1484 5676 jubeo,
1507 5605 1556 5676 ei
1578 5605 1732 5676 etiam

148 5668 302 5757 dstbie
665 5673 733 5730 Et
756 5675 974 5744 quidem
997 5668 1180 5730 devote
1206 5668 1479 5746 pro'dubie
1515 5675 1636 5744 lego
1677 5674 1730 5730 in

147 5741 256 5796 alio
279 5741 460 5801 codice
485 5744 767 5802 Vaticano.

220 5809 254 5850 δ
278 5810 515 5886 guttura
535 5817 641 5872 hoc
677 5816 799 5874 loco
841 5817 958 5873 sine
983 5815 1149 5874 dubio
1175 5817 1376 5874 cultum
1425 5816 1730 5886 religiosum

148 5881 431 5951 significat.
475 5884 679 5942 Eodem
722 5887 986 5944 vocabulo
1031 5887 1199 5945 utitur
1225 5887 1442 5947 Nicetas
1486 5881 1549 5944 in
1567 5885 1728 5957 Sym-

1125 4829 1268 4884 otius
1305 4828 1494 4884 scribit
1533 4829 1749 4885 Nicetas
1840 4825 2202 4898 'sensu;'quia
2242 4825 2315 4881 ibi
2340 4825 2516 4898 agitur
2543 4825 2611 4881 de
2650 4825 3078 4898 abrenuntiando
3114 4826 3281 4898 cultui
3321 4825 3440 4898 dia-

1845 4898 1980 4954 boli.
2013 4895 2192 4969 Quare
2221 4897 2470 4969 assentiri
2491 4912 2598 4969 non
2619 4912 2838 4969 possum
2867 4896 2934 4951 cl.
2966 4896 3158 4969 Zabzeo
3184 4895 3435 4969 (θός-Νὴ,

1837 4969 2014 5041 Ειιριἒ
2027 4967 2251 5041 εγω.)
2290 4968 2383 5041 qui
2421 4965 2699 5041 existimat
2728 4967 2892 5041 vegbo
2921 4967 3126 5041 cultura
3148 4965 3440 5041 signiﬁcari

1842 5035 1972 5098 ibi'a
1994 5035 2181 5096 Niceta
2202 5035 2414 5095 vestium
2433 5037 2764 5098 elegantiam.
2796 5035 2972 5092 Etiam
2999 5035 3058 5092 S.
3089 5035 3440 5098 lidephonsus

1843 5105 2160 5180 Toletamus
2182 5110 2250 5180 de
2277 5107 2474 5180 Script.
2499 5105 2644 5180 Eccl.
2671 5107 2705 5162 5
2723 5107 2854 5180 dicit
2881 5107 3134 5180 culturam
3158 5105 3432 5180 idolorum.

1843 5179 2014 5236 immo
2041 5196 2172 5236 vero
2196 5177 2508 5236 Lactantius
2531 5178 2662 5234 Inst.
2681 5194 2740 5243 v,
2771 5178 2803 5231 7
2829 5195 2854 5249 :_
2874 5177 2973 5232 Dei
2991 5179 3134 5233 unici
3151 5179 3242 5249 pia
3279 5187 3437 5249 etre-

1837 5251 2033 5332 tigiosa
2055 5253 2276 5332 cultura.
2311 5250 2401 5332 Sic
2439 5249 2797 5332 Tertullianus
2824 5247 2987 5332 μοι.
3027 5247 3161 5332 cap.
3179 5248 3242 5332 gi
3262 5265 3286 5332 Δε
3320 5247 3434 5304 Ne-

1839 5318 1930 5394 gat
1955 5322 2092 5395 quod
2114 5323 2270 5390 colit,
2309 5331 2360 5376 et
2398 5320 2654 5376 culturam
2692 5321 2747 5374 in
2782 5318 3002 5375 alterum
3023 5321 3289 5390 transfert.

1920 5391 1937 5431 ί
1985 5392 2248 5448 Notabilis
2266 5394 2518 5463 varietas,
2542 5390 3018 5463 evangelisaverunt
3046 5389 3299 5463 Spiritum
3318 5406 3434 5463 san-

1839 5472 1974 5535 ctum
1990 5465 2221 5535 missum,
2240 5479 2338 5534 pro
2355 5462 2557 5535 Spiritu
2569 5459 2751 5517 sancto
2762 5464 2919 5516 misso
2930 5469 3000 5535 _ut
3018 5459 3100 5535 est
3115 5460 3168 5514 in
3182 5461 3327 5535 vulg.
3341 5459 3426 5515 ed.

1837 5534 2075 5607 itemque
2103 5535 2157 5588 in
2171 5532 2359 5607 Grieco
2381 5532 2554 5607 textu,
2647 5535 2898 5607 Πνιρμᾳτι
2919 5532 3427 5607 dipondium.

1835 5601 2052 5664 Nicetas
2079 5619 2230 5674 ergo,
2252 5605 2298 5660 si
2325 5619 2456 5660 sana
2485 5603 2648 5658 lectio
2675 5601 2878 5674 codicis
2903 5601 3155 5674 est,7idicit
3173 5601 3430 5672 praedica-

1835 5681 1952 5746 tum
1972 5677 2156 5746 ipsum
2152 5673 2424 5746 Spiritum
2442 5680 2689 5730 sanctum
2713 5673 2783 5729 ab
2807 5673 3083 5745 apostolis.

1913 5745 1929 5816 ᾗ
1957 5743 2094 5804 Cod.
2115 5743 2501 5816 Contempnere.

1910 5815 1938 5855 ιι
1965 5816 2044 5888 ita
2065 5817 2188 5888 cod.
2217 5815 2287 5872 Et
2327 5813 2428 5888 sic
2447 5813 2722 5886 Eugenius
2742 5829 2960 5888 quoque
2984 5814 3429 5886 carthaginiensis

1837 5885 1931 5948 lib.
1962 5885 2052 5944 tid.
2076 5886 2272 5956 legisse
2301 5901 2362 5946 se
2398 5886 2754 5944 demonstrat.
