3924 6368
553 360 662 424 ωδ
1595 358 1654 418 s.
1693 343 1978 417 utcsm‘
2005 356 2318 416 EPISCOPI
2354 355 2831 428 AQUILEIENSIS
3677 369 3751 433 δα

554 477 838 550 quebatur.
857 477 915 534 Si
929 491 1059 550 ergo
1078 476 1323 534 inﬁdeles
1341 477 1542 535 cadunt
1553 476 1606 533 in
1628 476 1820 533 faciem
1839 483 1896 532 et
1914 475 2143 534 adorant
2167 485 2224 545 Α
2245 477 2423 534 dictus
2444 483 2548 545 est,
2580 483 2638 534 et
2656 475 2872 550 Moyses
2899 475 3064 532 homo
3098 475 3215 542 Dei,
3247 483 3307 531 ut
3332 473 3613 537 Timotheus
3631 482 3752 546 homo

553 569 814 643 Spiritum
845 578 1108 639 sanctum,
1140 571 1370 627 adorant
1397 570 1691 643 perterriti,
1727 577 1783 625 et
1819 569 2147 627 conﬁtentur
2247 569 2344 625 Dei
2370 585 2402 625 a
2431 568 2600 626 Paulo
2639 567 2939 640 appellatus
2977 575 3097 635 est;
3142 567 3222 624 sic
3249 583 3280 623 a
3305 567 3507 626 Christo
3525 570 3752 638 Christiani

554 663 707 719 inviti
727 678 794 717 ex
815 677 1040 733 operum
1057 663 1442 733 magnitudine,
1477 663 1530 718 id
1549 670 1634 718 est
1669 661 1999 718 abundantia
2029 675 2145 732 gra—
2247 671 2654 734 nuncupantur;
2696 662 2776 720 sic
2801 661 2965 718 etiam
2989 660 3058 716 ab
3083 659 3289 732 Spiritu
3315 661 3592 732 spirituales
3613 671 3751 740 appel-

555 756 640 810 tiat
669 755 990 826 spiritualis;
1017 764 1223 825 quanto
1252 757 1424 826 magis
1452 754 1697 812 ﬁdelibus
1718 754 1937 826 expedit
1961 754 2146 810 volun-
2247 755 2446 810 lantur.
2493 753 2551 810 Si
2597 753 2760 824 igitur
2794 751 3006 809 voceris
3052 751 3218 808 homo
3263 750 3377 819 Dei,
3423 760 3475 807 et
3507 769 3600 811 non
3631 757 3750 819 facit

551 846 690 902 tarie
708 853 765 902 et
791 862 860 902 ex
885 845 1082 903 affectu
1107 847 1334 903 adorare
1363 846 1622 918 Spiritum
1644 846 1923 903 sanctum!
2247 846 2600 915 Christianus,
2631 845 2765 901 nihil
2792 861 2869 902 es.
2904 843 3082 914 Eque
3101 844 3150 898 si
3176 841 3501 900 Christianus
3520 845 3692 918 dicaris,
3712 863 3751 912 et

620 935 710 990 2i.
737 936 1006 994 Adoratur
1032 947 1213 994 autem
1253 937 1487 1009 Spiritus
1515 955 1624 996 non
1662 939 1816 1009 quasi
1855 940 2145 1010 separatim
2248 956 2357 998 non
2385 939 2550 996 fueris
2569 938 2881 1010 spiritualis,
2915 952 2984 993 ne
3011 936 3110 992 tibi
3129 935 3262 992 satis
3288 935 3356 991 de
3372 936 3536 994 salute
3556 941 3750 1002 conﬁdas.

551 1043 705 1085 more
736 1029 1048 1099 gentilium;
1079 1031 1218 1086 sicut
1238 1045 1340 1087 nec
1360 1030 1526 1087 Filius
1553 1032 1843 1103 separatim
1867 1031 2140 1098 adoratur,
2246 1034 2330 1090 Sit
2355 1049 2485 1104 ergo
2514 1033 2670 1089 nobis
2695 1031 2991 1089 secundum
3017 1030 3288 1102 baptisma
3316 1029 3586 1089 Salvatoris
3601 1036 3754 1096 confes-

551 1122 674 1190 quia
705 1121 762 1177 in
800 1122 1024 1178 dextera
1071 1122 1246 1181 Patris
1282 1131 1396 1192 est;
1427 1125 1524 1180 sed
1551 1141 1675 1181 cum
1721 1124 2008 1181 adoramus
2037 1124 2144 1180 Pa-
2246 1129 2348 1194 sio,
2381 1125 2512 1182 ﬁdes
2541 1124 2570 1165 1³
2602 1125 2825 1194 integrat
2861 1122 3163 1188 Trinitatis,
3207 1137 3315 1178 una
3341 1121 3546 1180 devotio
3563 1125 3754 1196 pietatis:

551 1222 710 1282 trem,
759 1213 1025 1270 credimus
1071 1230 1171 1271 nos
1208 1214 1436 1272 ﬁdeliter
1463 1222 1519 1272 et
1561 1215 1754 1271 Filium
1793 1223 1850 1271 et
1885 1213 2144 1286 Spiritum
2247 1235 2348 1276 nec
2373 1235 2528 1275 more
2563 1217 2861 1288 gentilium,
2905 1222 3240 1287 potestatum
3275 1213 3592 1272 diversitates
3618 1220 3756 1290 opine-

549 1312 799 1361 sanctum
827 1305 1030 1376 pariter
1058 1306 1287 1363 adorare
1319 1326 1333 1361 :
1369 1307 1495 1377 quia
1522 1316 1578 1363 et
1603 1322 1724 1363 cum
1765 1306 1958 1362 Filium
1985 1307 2144 1363 invo-
2245 1327 2387 1378 mur,
2411 1318 2503 1366 aut
2529 1319 2831 1367 creaturam
2855 1309 2911 1365 in
2930 1307 3198 1364 Trinitate
3222 1305 3562 1377 suspicemur.
3581 1307 3666 1366 Sed
3688 1329 3757 1370 nec

551 1413 761 1463 camus,
789 1398 1006 1456 Patrem
1033 1415 1134 1456 nos
1161 1401 1427 1458 credimus
1468 1402 1721 1458 invocare
1751 1420 1764 1455 :
1797 1409 1852 1456 et
1878 1416 2002 1457 cum
2042 1400 2145 1456 Pa-
2245 1403 2551 1460 Iudaeorum
2565 1403 2821 1461 seandalo
2835 1401 3270 1466 succumbamus,
3294 1399 3385 1469 qui
3404 1397 3581 1456 Filium
3599 1400 3755 1461 Deinc-

555 1497 692 1545 trem
721 1505 993 1562 rogamus,
1018 1507 1049 1547 a
1077 1491 1214 1548 Filio
1259 1509 1358 1550 nos
1394 1492 1663 1550 credimus
1702 1493 1976 1556 exaudiri,
2007 1493 2147 1548 sicut
2246 1506 2395 1567 gant,
2418 1497 2508 1568 qui
2529 1495 2789 1568 Spiritum
2818 1510 2928 1551 non
2942 1493 3175 1550 adorant
3196 1509 3212 1559 ;
3237 1491 3333 1547 sed
3351 1491 3524 1562 potius
3535 1492 3757 1563 perlectam

554 1582 670 1654 ipse
698 1583 958 1640 Dominus
977 1585 1280 1657 pollicetur,
1299 1584 1561 1658 Quidquid
1579 1587 1827 1658 petieritis
1848 1603 1880 1639 a
1902 1584 2062 1640 Patre
2088 1587 2144 1640 in
2247 1589 2565 1646 Trinitatem
2585 1589 2873 1644 adorantes
2899 1595 2954 1643 et
2966 1583 3395 1656 magniﬁcantes,
3410 1583 3540 1640 sicut
3557 1585 3757 1659 inmyste.

555 1677 762 1730 nomine
779 1694 910 1744 meo,
933 1693 1026 1749 ego
1047 1679 1272 1750 faciam;
1304 1687 1362 1732 ut
1389 1679 1761 1748 honoriﬁcetur
1793 1676 1956 1732 Pater
1975 1678 2030 1732 in
2057 1675 2146 1730 Εἰ·
2246 1681 2340 1736 riis
2368 1695 2462 1736 ore
2484 1687 2670 1736 nostro
2700 1678 2945 1743 dicimus,
2972 1675 3222 1759 Sanctus,
3253 1683 3478 1737 sanctus.
3498 1686 3670 1731 saucius
3685 1677 3758 1733 Do-

555 1770 644 1825 lio.
682 1768 771 1826 Sic
798 1776 853 1826 et
893 1786 1017 1826 cum
1059 1769 1290 1842 Spiritus
1319 1770 1593 1838 adoratur,
1625 1772 1716 1828 ille
1743 1771 1930 1841 utique
1953 1769 2145 1827 adora-
2246 1775 2416 1829 minus
2435 1772 2574 1828 Deus
2596 1772 2851 1838 Sabaoth,
2877 1771 2951 1826 ita
2971 1769 3364 1826 conscientiam
3379 1776 3642 1826 teneamus.
3655 1770 3705 1825 Et
3717 1773 3758 1827 il-

556 1868 644 1915 tur
667 1859 818 1930 cujus
846 1869 930 1916 est
953 1861 1203 1932 Spiritus.
2171 1876 2222 1940 Β
2250 1864 2341 1920 lud
2360 1881 2499 1920 unus
2522 1872 2741 1920 sanctus
2763 1906 2778 1932 ,
2807 1863 2993 1933 utique
3019 1860 3291 1934 Spiritus;
3323 1877 3458 1916 unus
3482 1860 3627 1926 Deus,
3651 1862 3758 1921 Jesus

623 1952 712 2008 22.
741 1951 874 2009 Illud
903 1963 1083 2010 autem
1112 1955 1290 2011 nullus
1311 1956 1542 2025 ignorat,
1571 1956 1718 2026 quod
1743 1956 1939 2014 divina:
1965 1956 2138 2027 maje—
2243 1957 2489 2016 Christus
2516 1960 2569 2014 iu
2598 1959 2770 2029 gloria
2797 1958 2893 2013 Dei
2919 1957 3127 2024 Patris;
3152 1972 3260 2012 una
3281 1957 3652 2028 omnipotentia,
3671 1958 3756 2028 quin

553 2047 678 2102 stati
705 2062 805 2102 nec
834 2047 957 2104 addi
985 2049 1262 2120 quidpiam
1299 2066 1398 2106 nec
1438 2051 1626 2118 minui,
1658 2053 1907 2109 humanis
1935 2053 2140 2125 suppli—
2248 2066 2356 2107 una
2373 2059 2457 2106 est
2473 2051 2663 2120 religio
2705 2049 3002 2105 Trinitatis.
3027 2047 3098 2104 Et
3125 2048 3380 2119 deinceps
3403 2063 3574 2118 pacem
3594 2058 3639 2105 et
3666 2050 3757 2107 dile—

555 2139 854 2196 cationibus
881 2149 1061 2212 potest
1088 2161 1099 2196 :
1125 2143 1220 2200 sed
1240 2147 1606 2215 unusquisque
1623 2147 1920 2203 secundum
1945 2163 2145 2220 propo-
2249 2142 2486 2199 ctionem
2503 2149 2772 2196 secantes
2795 2140 2952 2196 bonis
2979 2154 3198 2210 semper
3211 2139 3460 2210 operibus
3475 2138 3754 2196 abundantis:

553 2232 718 2286 situm
747 2232 1039 2288 voluntatis
1069 2250 1180 2289 sua:
1209 2243 1303 2290 aut
1329 2237 1558 2304 gloriam
1585 2237 1685 2292 sibi
1715 2239 1943 2308 acquirit
1970 2237 2144 2296 ﬁdeli-
2252 2242 2309 2290 et
2334 2232 2612 2289 audiamus
2645 2234 2712 2288 ab
2741 2232 3032 2304 Apostolo,
3075 2232 3219 2288 sicut
3258 2231 3528 2286 audierunt
3560 2229 3755 2289 Corinthii

553 2330 640 2380 ter
665 2325 990 2392 venerando,
1016 2335 1110 2381 aut
1130 2327 1498 2385 confusionem
1527 2329 1878 2399 pertinaciter
1899 2331 2148 2386 resisten—
2251 2325 2308 2380 in
2325 2335 2348 2364 °
2373 2325 2547 2396 Prima
2571 2323 2812 2396 EPiS‘O'a
2837 2341 2850 2376 ³
2872 2321 3055 2377 σηπία
3076 2320 3291 2378 Ποπιίηί
3311 2323 3467 2378 ποεῖνί
3484 2320 3752 2388 Mummii.

554 2417 644 2472 do.
676 2415 898 2472 Certum
937 2426 1020 2474 est
1057 2420 1201 2474 enim
1242 2421 1366 2490 quia
1407 2429 1463 2476 et
1499 2421 1778 2477 contentio
1798 2429 1855 2476 et
1895 2422 2146 2494 superbia
2252 2428 2302 2473 et
2329 2418 2560 2484 dilectio,
2596 2427 2646 2472 et
2683 2417 3079 2472 communicatio
3129 2415 3302 2469 sancti
3338 2413 3550 2486 Spiritus
3577 2417 3654 2470 erit
3676 2432 3754 2470 cum

553 2509 956 2566 damnationem
975 2520 1269 2581 generant;
1293 2512 1706 2569 honoriﬁcentia
1727 2512 1958 2569 fructum
1979 2515 2148 2571 devo-
2254 2510 2486 2566 omnibus
2507 2509 2662 2565 vobis.
2687 2510 2869 2563 Amen.

557 2599 719 2656 tionis
758 2611 1055 2672 exspectat.
1099 2601 1277 2670 Quare
1305 2613 1488 2661 autem
1523 2603 1709 2660 ﬁdeles
1757 2621 1867 2660 non
1893 2605 2152 2661 honoriﬁ-
2322 2600 2553 2673 Explicit
2589 2600 2762 2656 sancti
2799 2599 2999 2656 Nicetae
3039 2597 3285 2670 episcopi
3312 2595 3380 2653 de
3415 2595 3616 2668 Spiritus
3629 2597 3754 2654 sancti

555 2700 680 2746 cent
725 2691 932 2761 integre
969 2692 1308 2758 Trinitatem,
1361 2695 1429 2750 ad
1472 2711 1634 2766 quam
1661 2697 1936 2766 pertinere
1975 2698 2146 2752 conﬁ-
2254 2693 2520 2752 Potentia.

557 2780 706 2847 dunt,
760 2783 913 2854 cujus
953 2785 1173 2842 nomine
1218 2803 1277 2842 se
1317 2795 1556 2857 renatos,
1601 2787 1754 2858 cujus
1789 2791 2055 2846 vocabulo
2084 2807 2145 2848 se
2320 2788 2512 2859 Incipit
2540 2794 2798 2843 tractatus
2825 2785 3070 2856 ejusdem
3097 2784 3170 2841 de
3205 2782 3430 2840 diversis
3453 2781 3749 2855 appellationi-

558 2874 822 2930 nominari
851 2876 1192 2944 gloriantur?
1221 2879 1356 2934 Nam
1379 2880 1520 2936 sicut
1539 2889 1588 2948 ι,
1617 2897 1649 2937 a
1677 2882 1892 2940 nomine
1919 2883 2016 2939 Dei
2042 2883 2144 2940 Pa-
2249 2883 2350 2938 bus
2373 2880 2602 2937 Domino
2630 2887 2817 2935 nostro
2839 2876 2968 2935 Jesu
2985 2877 3208 2934 Christo
3237 2875 3655 2932 convenientibus.

561 2966 656 3021 tris
688 2966 932 3025 homines
978 2970 1074 3026 Dei
1121 2971 1481 3043 appellantur,
1523 2983 1584 3030 ut
1610 2973 1794 3032 Helias
1835 2977 1999 3033 homo
2046 2977 2144 3034 Dei

632 3113 655 3180 ῗ
685 3102 842 3180 (ἐθάσι
874 3107 945 3180 σά
963 3124 1168 3180 "0W!!-
1201 3178 1228 3180 ,-
2317 3083 2352 3152 οι
2372 3114 2540 3167 [mmo
2567 3111 2851 3180 sequentia
2878 3107 3042 3164 verba
3070 3106 3328 3176 leguntur
3352 3105 3405 3161 in
3428 3102 3636 3161 secundat
3660 3099 3752 3172 Epi-

634 3171 660 3211 ¹³
688 3171 845 3244 Cod.,
869 3179 1083 3250 integre.
1110 3178 1289 3234 Malim
1317 3181 1534 3255 integra.
2257 3185 2412 3241 stolae
2438 3171 2698 3239 clausula.

569 3308 3284 3346 mm

3289 3314 3743 3339 ’,ἔ-

1467 3435 2144 3554 SANCTI
2218 3435 2947 3552 NIGETE

1703 3631 2056 3698 EPISCOPI
2101 3633 2660 3712 AQUILEIENSIS

553 3915 558 3922 .
673 3774 1006 3912 ’ΒΕ
1131 3790 1942 3921 DIVEBSIS
2046 3781 3676 3922 APPELLATIONIBUS

949 4006 1062 4089 D.
1122 4005 1230 4089 N.
1310 3997 1598 4094 JESU
1671 4010 2188 4099 CHRISTO
2264 4005 3333 4100 CONVENIENTIBUS.

2007 4169 2418 4188 -———

635 4285 690 4339 l.
721 4283 886 4340 Multa
925 4286 1144 4341 nomina
1173 4287 1468 4358 multaeque
1509 4287 1901 4359 appellationes
1928 4286 1981 4340 in
2009 4284 2157 4340 Scri-
2184 4285 2231 4350 C
2264 4284 2490 4340 sibiliter
2517 4285 2730 4354 genitus
2760 4285 2831 4341 sit
2859 4301 2889 4340 a
2920 4285 3034 4343 Deo
3063 4284 3246 4352 Patre,
3288 4283 3374 4340 vel
3393 4277 3526 4353 quod
3543 4277 3638 4332 sine
3653 4271 3759 4330 dimi-

566 4377 738 4450 pturis
765 4377 964 4432 sanctis
994 4378 1355 4445 inveniuntur,
1387 4395 1506 4451 quae
1540 4379 1769 4435 Domino
1795 4377 1923 4434 Jesu
1953 4387 2008 4433 et
2035 4376 2157 4432 Sal-
2262 4378 2485 4433 nutione
2513 4385 2751 4448 paterna:
2780 4378 3093 4434 substantia:
3122 4377 3242 4447 ejus
3262 4372 3516 4432 exstiterit
3537 4363 3758 4440 generatio.

566 4467 741 4522 vatori
772 4475 958 4522 nostro
985 4470 1330 4524 conveniunt.
1367 4470 1569 4524 Dicitur
1589 4469 2045 4535 verbum,dicitur
2071 4484 2157 4523 sa-
2261 4470 2395 4528 Nam
2427 4486 2528 4525 nec
2553 4471 2717 4526 homo
2757 4471 3168 4527 diminutionem
3209 4470 3444 4539 aliquam
3480 4461 3577 4535 pati
3612 4455 3762 4512 videtur

566 4560 792 4633 pientia,
824 4561 934 4626 lux,
965 4562 1153 4627 virtus,
1178 4562 1420 4627 dextera,
1460 4563 1758 4627 brachium,
1787 4563 2029 4631 angelus,
2063 4577 2159 4632 ap-
2263 4579 2385 4620 cum
2413 4565 2636 4618 verbum
2667 4563 2880 4618 emittit.
2907 4563 3007 4620 Vel
3028 4571 3176 4620 certe
3213 4562 3433 4620 verbum
3459 4557 3640 4615 dicitur.
3663 4542 3762 4618 ςυοδ

566 4653 800 4725 pellatur
819 4653 1010 4719 homo;
1028 4655 1221 4710 dicitur
1245 4671 1432 4724 agnus,
1458 4657 1595 4722 ovis,
1622 4655 1894 4721 sacerdos,
1928 4655 2036 4722 via,
2065 4670 2160 4710 ve-
2264 4675 2361 4730 per
2401 4659 2572 4730 ipsum
2599 4659 2668 4712 sit
2698 4658 2838 4714 Deus
2870 4657 3033 4714 Pater
3057 4672 3274 4728 semper
3301 4664 3356 4710 et
3394 4649 3578 4721 angelis
3612 4645 3762 4699 locum

566 4747 720 4811 ritas,
750 4745 858 4800 vita
884 4762 899 4810 ;
929 4744 1124 4800 dicitur
1141 4747 1284 4814 vitis,
1312 4747 1541 4817 justitia,
1585 4748 1885 4818 redemptio
1924 4765 1936 4799 :
1978 4746 2158 4818 panis,
2261 4758 2317 4806 et
2343 4749 2668 4805 hominibus.
2694 4748 2969 4820 Sapientia
3001 4748 3221 4813 dicitur,
3253 4747 3376 4818 quia
3403 4758 3495 4815 per
3519 4734 3762 4810 ίρευπιειιηί

567 4839 721 4911 lapis,
765 4837 1038 4901 medicus,
1081 4838 1199 4894 fons
1237 4857 1389 4910 aquae
1425 4843 1589 4906 vivae,
1625 4859 1757 4912 pax,
1785 4841 1970 4910 judex,
1994 4839 2159 4909 jauua
2264 4843 2316 4896 in
2339 4841 2604 4912 principio
2628 4842 2902 4912 sapienter
2929 4849 3125 4897 cuncta
3164 4837 3439 4910 disposita.
3470 4832 3572 4887 Lux
3607 4823 3760 4884 dicitur.

567 4930 888 5002 appellatur.
923 4931 1049 4987 Hmc
1075 4933 1254 4988 omnia
1297 4935 1530 5000 dicitur;
1572 4945 1627 4990 et
1655 4936 1760 4990 alia
1800 4936 1966 4990 multa
1999 4951 2160 4990 voca—
2263 4936 2390 5005 quia
2435 4944 2490 4990 et
2520 4936 2724 5007 primas
2753 4936 2938 4991 mundi
2988 4935 3241 5017 tenebras
3269 4933 3384 5003 ipse
3421 4919 3762 5017 illuminavit,

566 5023 690 5080 bula
750 5024 803 5078 in
853 5022 1145 5095 Scripturis
1188 5027 1388 5082 sanctis
1425 5025 1452 5065 δ
1493 5027 1561 5082 de
1611 5024 1828 5082 Christo
1870 5026 2156 5094 invenies;
2265 5037 2453 5084 noctes
2491 5029 2752 5084 mentium
2793 5014 3151 5083 humanarum
3208 5041 3309 5082 suo
3355 5021 3570 5078 adventu
3601 5012 3759 5080 fugat“-

566 5131 686 5171 cum
736 5131 874 5170 unus
919 5123 1082 5184 atque
1129 5115 1271 5172 idem
1311 5117 1381 5172 sit
1413 5118 1510 5174 Dei
1550 5117 1717 5172 Filius
1752 5118 1896 5173 Deus
1951 5126 2154 5185 noster,
2263 5119 2444 5176 Virtus
2477 5119 2688 5186 dicitur,
2726 5120 2852 5189 quia
2881 5120 3027 5175 nulla
3053 5135 3177 5175 eum
3208 5119 3638 5188 potest-superare
3656 5113 3761 5157 61⁵0³·

566 5216 624 5262 ιιι
671 5207 885 5262 virtutis
932 5205 1048 5276 ejus
1107 5223 1171 5263 ac
1217 5207 1638 5279 dispensationis
1687 5211 1826 5264 ratio
1862 5223 2160 5278 cognosca-
2267 5220 2404 5268 tura.
2437 5213 2668 5268 Dextera
2715 5221 2772 5268 et
2807 5212 3089 5269 brachium
3127 5211 3343 5274 dicitur,
3384 5203 3502 5276 quia
3525 5213 3610 5272 per
3635 5195 3760 5264 ipsum

565 5307 671 5354 tur.
722 5298 933 5354 Audisti
985 5299 1414 5368 appellationes;
1479 5315 1660 5369 quaere
1722 5317 1867 5357 nunc
1916 5299 2158 5372 appella-
2259 5305 2509 5361 universa
2529 5313 2713 5361 creata
2753 5312 2896 5370 sunt,
2925 5311 2981 5360 et
3019 5303 3087 5358 ab
3114 5303 3233 5374 ipso
3265 5297 3439 5357 omnia
3477 5287 3758 5349 continentur.

565 5392 773 5447 tionum
787 5390 1682 5463 signiﬁcationes.Verbumdicitur,
1699 5396 1786 5452 vel
1805 5395 1948 5466 quod
1965 5396 2159 5467 impas-
2183 5393 2235 5454 D
2261 5400 2497 5468 Angelus
2519 5398 2696 5468 magni
2719 5396 2933 5453 consilii
2954 5396 3278 5468 appellatur,
3303 5391 3426 5462 quia
3452 5387 3555 5457 ipse
3578 5385 3646 5434 est
3668 5385 3762 5428 nun-

641 5586 666 5613 α
691 5576 754 5651 in
777 5576 969 5632 eodem
989 5586 1314 5651 ggumento
1335 5587 1581 5651 versatur
1607 5581 1866 5637 Damasus
1886 5596 2055 5638 carm.
2089 5579 2148 5634 ll
2265 5579 2499 5648 Legatur
2546 5581 2674 5636 item
2727 5585 2889 5651 poeta
2945 5576 3218 5651 Orientius
3253 5575 3305 5630 in
3366 5555 3755 5651 collect:

572 5647 656 5701 ed.
687 5615 1569 5726 ἑζῇἒὲἷιῗξᾶἒηῖἓῗὲἕῦἇ’³λίῗὶἳῖ
1595 5615 1969 5726 ὥῖῗέἒέῗ-ἓῗ
1982 5615 2152 5726 ’ὖὶηὲρῖ
2265 5615 2514 5717 ἱῖῗπῖῗῗᾜί,
2541 5615 2696 5722 ﬁciis
2709 5615 3593 5726 ςνὲξῖιιωΐὲεἶὲίζζὲοἱιῖτςιᾌῷξρε
3614 5637 3706 5694 εει)-
3722 5615 3758 5680 iv

567 5733 730 5795 cana.
760 5717 835 5795 ﬁ),
877 5719 966 5788 qui
987 5709 994 5718 ’
1014 5726 1196 5795 tamen
1221 5736 1408 5795 versus
1437 5723 1489 5776 in
1527 5709 1855 5795 pervetusto'
1873 5723 1998 5795 Vat.
2033 5721 2153 5778 cod.
2263 5738 2429 5795 quem
2451 5709 2783 5795 postremum
2812 5721 3010 5795 lectum
3032 5734 3065 5774 a
3093 5718 3274 5795 Niceta
3294 5714 3380 5795 vi;
3397 5709 3580 5795 dubito:
3611 5763 3664 5795 Δις

569 5760 1211 5862 Bassanitas-.13;
1233 5760 1489 5846 attat?
1527 5760 1844 5862 Εΐέιῖιΐὰἒῖἴι
1883 5760 2002 5849 ὲόἆῖ
2033 5760 2153 5847 ΐζὲζ
2263 5760 2783 5862 “¹“ῖ¹ἓὲιί⁹ἓὶι”ίξέὁ“
2806 5760 3072 5846 ἱιῖῗᾶἰῖυέ
3093 5760 3275 5853 ⁵ἐῖὄᾶ
3306 5760 3577 5841 iiii-Bina
3610 5760 3759 5833 ειίιιωι

570 5858 653 5914 vis
672 5871 772 5930 pro
797 5860 932 5924 vita;
955 5860 1189 5916 columba
1209 5877 1307 5932 pro
1341 5863 1579 5919 columna
1605 5881 1616 5926 ;
1646 5858 1802 5933 'pmris
1833 5880 1930 5935 pro
1958 5865 2148 5934 paries.
2263 5863 2552 5920 desiderat,
