3924 6368
1315 371 1755 433 EXPLANATIO
1797 367 2113 432 SYMBOLI.

103 499 202 554 tius
220 501 465 567 paterna
500 488 811 548 voluntatis.
857 489 1061 547 Dicitur
1089 489 1322 545 hominis
1349 489 1535 554 Filius,
1561 489 1688 559 quia
1712 499 1765 556 Α
1791 487 1849 543 Si
1889 489 2149 543 innocens
2198 487 2400 554 fueris,
2465 486 2562 544 tibi
2605 489 2706 561 ipsi
2752 503 2813 546 se
2867 498 2892 528 ο
2948 491 3176 548 sociabit
3227 494 3376 552 velut

103 594 320 662 propter
342 599 445 642 nos
473 583 722 641 homines
742 583 906 640 homo
949 583 1097 640 nasci
1124 582 1374 653 dignatus
1400 589 1501 638 est.
1539 581 1685 637 Dici-

106 693 184 738 tur
209 693 382 750 agnus
402 686 626 751 propter
647 677 1010 734 innocentiam
1039 677 1385 747 singularem.
1410 672 1539 730 Ovis
1557 674 1689 730 dici-

106 783 202 839 tur,
231 779 295 826 ut
332 769 452 841 ejus
495 769 674 841 passio
701 768 1119 825 demonstretur.
1167 767 1434 822 Sacerdos
1471 766 1686 834 dicitur,

106 868 184 924 vel
209 866 344 937 quia
370 881 526 921 suum
555 879 752 936 corpus
777 864 1107 920 oblationem
1137 871 1193 918 et
1233 861 1467 918 hostiam
1496 860 1691 916 obtulit

107 960 210 1016 Deo
235 957 392 1012 Patri
419 973 520 1029 pro
548 957 742 1024 nobis;
771 956 859 1012 vel
886 956 1034 1026 quod
1063 971 1159 1027 per
1187 964 1324 1011 nos'|
1352 955 1470 1010 dies
1507 953 1690 1037 singu-

109 1053 183 1108 los
199 1047 389 1106 oﬁerri
417 1049 684 1120 dignatur.
714 1049 918 1105 Dicitur
952 1049 1058 1116 via,
1091 1049 1216 1119 quia
1238 1064 1336 1120 per
1369 1049 1543 1120 ipsum
1569 1063 1692 1119 per-

109 1145 267 1213 gimus
295 1141 372 1197 ad
399 1141 648 1197 salutem.
682 1139 822 1196 Vitis
848 1141 1170 1212 appellatur,
1193 1139 1321 1210 quia
1346 1139 1692 1195 brachiorum

109 1235 354 1308 palmites
369 1235 666 1291 extendens
681 1235 734 1289 in
755 1249 934 1300 cruce,
959 1247 1213 1304 magnum
1234 1234 1431 1290 sacculo
1445 1233 1694 1304 prmstitit

108 1327 400 1385 dulcedinis
428 1328 681 1384 fructum.
711 1326 924 1382 Justitia
950 1327 1164 1394 dicitur,
1206 1327 1332 1397 quia
1359 1343 1459 1398 per
1486 1326 1570 1382 sui
1596 1342 1695 1381 no-

109 1420 254 1477 minis
284 1418 454 1478 ﬁdem
478 1418 739 1490 justiﬁcat
763 1428 1096 1491 peccatores.
1137 1419 1456 1491 Redemptio
1475 1419 1690 1486 dicitur,

110 1511 221 1582 quia
247 1510 388 1567 olim
417 1510 659 1582 perditos
678 1511 956 1580 sanguinis
987 1511 1073 1566 sui
1108 1511 1284 1582 pretio
1315 1527 1414 1566 nos
1439 1511 1690 1566 redemit.

115 1605 264 1660 Panis
290 1604 516 1674 dicitur,
544 1606 672 1676 quia
697 1604 728 1645 δ
746 1605 942 1660 famem
969 1606 1212 1674 gentium
1240 1622 1338 1676 per
1375 1622 1531 1662 suum
1556 1604 1696 1663 refe-

112 1697 176 1753 cit
197 1694 576 1766 Evangelium.
608 1695 768 1768 Lapis
791 1696 1004 1763 dicitur,
1038 1698 1165 1768 quia
1194 1713 1295 1754 nec
1319 1713 1544 1770 serpens
1571 1697 1698 1754 fecit

113 1791 160 1846 in
200 1805 266 1846 eo
319 1789 634 1861 vestigium,
683 1797 740 1845 et
767 1789 922 1846 nobis
951 1791 1066 1861 ipse
1107 1792 1356 1862 praestitit
1395 1792 1696 1847 munimen-

1789 594 1974 650 agnus.
2003 579 2062 635 Si
2094 588 2146 635 te
2168 581 2475 652 persecutio
2509 581 2685 652 aliqua
2711 582 2927 652 gentilis
2952 585 3254 652 contristat,
3284 602 3378 644 su~

1788 689 1877 730 me
1905 673 2172 740 ﬁduciam,
2203 675 2330 744 quia
2368 681 2424 730 et
2451 674 2567 746 ipse
2608 683 2878 747 tamquam
2919 678 3039 734 ovis
3065 678 3376 737 immolatus

1789 775 1903 834 est;
1931 775 1987 822 et
2010 777 2064 822 te
2094 777 2366 837 tamquam
2403 767 2656 823 sacerdos
2684 766 2829 824 Patri
2869 770 3127 841 suscipiet
3152 771 3378 830 oﬁ'eren—

1790 859 1935 914 dum.
1967 859 2024 914 Si
2052 860 2194 915 viam
2213 860 2400 914 salutis
2429 860 2664 929 ignoras,
2688 861 2904 931 require
2929 860 3220 932 Christum,
3250 866 3377 936 quia

1791 954 1907 1025 ipse
1931 962 2015 1009 est
2043 955 2146 1008 iter
2172 953 2490 1009 animarum.
2523 952 2580 1009 Si
2608 955 2688 1010 vis
2709 955 2846 1011 scire
2873 957 3176 1024 veritatem,
3203 959 3378 1030 ipsum

1793 1047 1955 1112 audi,
1995 1047 2122 1116 quia
2165 1045 2364 1102 veritas
2383 1053 2484 1101 est.
2517 1045 2746 1102 Mortem
2777 1049 2998 1105 omnino
3041 1066 3109 1106 ne
3153 1052 3375 1122 timeas,

1793 1137 1916 1207 quia
1945 1135 2190 1196 Christus
2228 1137 2345 1216 vita
2362 1137 2692 1200 credentium
2726 1146 2828 1194 est.
2862 1139 3098 1196 Dnlcedo
3123 1149 3178 1198 te
3200 1144 3381 1200 saeculi

1793 1229 2062 1285 delectat?
2104 1229 2274 1298 magis
2312 1229 2381 1284 ad
2421 1244 2637 1284 crucem
2680 1227 2879 1285 Christi
2927 1241 3243 1290 convertere
3265 1275 3280 1298 .
3322 1245 3382 1290 ut

1795 1321 1912 1392 ejus
1940 1323 2093 1389 vitis,
2124 1337 2242 1392 qum
2271 1322 2324 1376 in
2352 1337 2512 1378 cruce
2546 1321 2829 1392 pependit,
2861 1323 3144 1380 dulcedine
3170 1341 3383 1382 recree-

1793 1415 1890 1471 ris.
1920 1414 2183 1471 Peccator
2202 1432 2261 1472 es
2280 1416 2556 1486 perditus?
2578 1414 2841 1485 justitiam
2859 1415 3025 1472 debes
3042 1419 3263 1485 esurire,
3297 1436 3384 1476 re-

1797 1509 2134 1578 demptorem
2179 1507 2328 1563 sitire
2350 1549 2366 1574 ,
2396 1507 2542 1578 quod
2590 1505 2839 1564 Christus
2865 1517 2950 1564 est
2981 1527 2993 1562 :
3045 1510 3202 1565 satiat
3239 1511 3383 1566 enim

1797 1601 1922 1671 quia
1949 1600 2106 1671 panis
2133 1609 2234 1655 est.
2267 1599 2324 1655 Si
2367 1607 2524 1655 nutas
2552 1600 2605 1654 in
2641 1600 2849 1670 aliquo,
2884 1598 3035 1656 ﬁrma
3059 1615 3301 1670 gressum
3329 1603 3384 1660 in

1799 1693 1937 1764 ipso,
1971 1693 2096 1762 quia
2126 1692 2262 1762 lapis
2283 1702 2382 1758 est,
2417 1700 2472 1747 et
2499 1699 2553 1748 te
2580 1693 2846 1748 munitum
2872 1693 3148 1765 priestabit
3174 1702 3232 1750 ut
3261 1710 3384 1750 mu-

1799 1801 1909 1841 rus.
1936 1784 2183 1840 Inﬁrmus
2207 1793 2262 1840 et
2289 1784 2480 1840 debilis
2508 1785 2604 1840 es?
2631 1785 2700 1840 ab
2725 1785 2842 1856 ipso
2865 1800 3046 1856 quaere
3066 1787 3384 1853 remedium,

113 1892 227 1938 tum.
274 1881 522 1940 Medicus
565 1883 760 1940 dicitur
786 1925 802 1951 ,
845 1884 971 1955 quia
1020 1883 1364 1941 infirmitates
1392 1894 1604 1941 nostras
1641 1893 1699 1942 et
1727 1891 1775 1951 Β
1801 1878 1926 1948 quia
1954 1877 2196 1932 medicus
2223 1885 2324 1932 est.
2355 1876 2619 1933 Ardorem
2647 1877 2850 1948 pateris
2873 1886 3268 1949 pecccatorum.
3298 1881 3386 1936 vel

115 1976 332 2032 vulnera
379 1992 479 2033 sua
522 1976 831 2033 visitatione
881 1977 1112 2033 curavit.
1155 1976 1301 2033 Fons
1355 1993 1506 2048 aqua:
1563 1979 1699 2034 viva:

113 2069 318 2137 dicitur,
349 2071 477 2140 quia
521 2085 622 2141 per
668 2071 943 2127 lavacrum
981 2073 1408 2140 regenerationis
1435 2081 1492 2128 et
1529 2073 1700 2128 abluit

119 2169 164 2216 et
223 2159 464 2217 viviﬁcat
532 2170 867 2232 peccatores.
930 2161 1040 2218 Pax
1109 2163 1330 2232 dicitur,
1402 2165 1529 2235 quia
1589 2165 1697 2221 dis-

112 2251 339 2309 sidentes
373 2252 430 2308 in
471 2269 634 2309 unum
679 2254 916 2325 collegit,
963 2265 1020 2311 et
1053 2254 1167 2311 Deo
1195 2254 1344 2311 Patri
1381 2258 1699 2314 reconcilia-

113 2344 194 2398 vit.
250 2343 604 2401 Resurrectio
651 2345 874 2414 dicitur,
919 2346 1047 2416 'quia
1088 2347 1204 2418 ipse
1251 2348 1433 2405 omnia
1495 2349 1565 2406 de
1611 2365 1697 2406 se-

113 2433 299 2505 pulcris
328 2450 559 2507 corpora
599 2436 899 2493 suscitabit.
937 2435 1112 2492 Iudex
1147 2439 1364 2506 dicitur,
1415 2439 1541 2509 quia
1583 2441 1699 2510 ipse

115 2537 185 2583 est
208 2537 262 2584 et
299 2529 456 2585 vivos
483 2527 818 2598 judicaturus
842 2537 899 2586 et
947 2539 1210 2586 mortuos.
1257 2531 1430 2587 Janua
1477 2532 1693 2599 dicitur,

115 2621 224 2692 quia
249 2637 346 2694 per
382 2623 562 2698 ipsum
591 2623 854 2681 omlorum
881 2625 1032 2693 regni
1059 2623 1304 2683 ﬁdelibus
1343 2627 1584 2698 aperitur
1615 2628 1698 2683 in-

117 2716 313 2773 imitus.

172 2807 223 2865 2.
251 2807 397 2880 Ergo
436 2811 563 2880 quia
589 2813 755 2868 tantis
793 2821 848 2869 et
885 2814 1194 2870 nominibus
1229 2823 1286 2870 et
1313 2813 1486 2869 titulis
1513 2814 1698 2869 Domi-

117 2917 205 2958 nus
229 2905 534 2960 communis
561 2905 896 2976 appellatur,
928 2907 1068 2963 habe
1100 2905 1353 2962 ﬁduciam
1372 2949 1388 2974 ,
1421 2905 1611 2971 ﬁdelis,
1643 2915 1700 2962 et

117 3013 254 3068 spem
293 3006 444 3054 tuam
472 2999 528 3054 in
569 3000 689 3071 ipso
719 3007 834 3056 tota
873 3001 1075 3056 virtute
1124 3001 1413 3057 constitue.
1462 3000 1598 3056 Nam
1638 3007 1700 3057 ut

117 3087 317 3147 Patrem
343 3091 520 3157 scias,
566 3092 683 3163 ipse
713 3093 808 3148 tibi
838 3093 1062 3148 verbum
1091 3100 1194 3149 est.
1234 3092 1292 3149 Si
1319 3095 1400 3150 vis
1428 3101 1578 3149 recte
1613 3108 1700 3150 sa-

117 3196 263 3252 pere,
306 3183 486 3254 ipsum
513 3199 692 3254 qumre
713 3227 727 3252 ,
755 3185 884 3255 quia
921 3185 1186 3256 sapientia
1225 3193 1328 3242 est.
1360 3183 1415 3242 Si
1447 3185 1700 3242 tenebras

1799 1971 2034 2026 maxime
2062 1971 2387 2040 quicumque
2412 1985 2472 2026 es
2499 1971 2958 2026 catechumcnus?
2985 1986 3142 2028 curre
3168 1972 3237 2028 ad
3263 1972 3386 2028 vitae

1799 2064 2004 2122 fontem
2027 2107 2042 2132 ,
2076 2073 2136 2119 ut
2163 2064 2326 2120 ardor
2361 2073 2482 2121 tuus
2511 2066 2897 2134 exstinguatur,
2929 2073 2986 2122 et
3029 2067 3387 2124 aeternitatem

1799 2166 1890 2214 tua
1916 2160 2093 2214 anima
2123 2166 2504 2229 consequatur.
2536 2157 2598 2227 Si,
2635 2160 2713 2214 ira
2742 2159 3030 2216 discruciat
3066 2168 3120 2217 et
3152 2162 3388 2231 exagitat

1799 2253 2063 2310 dissensio
2087 2295 2101 2321 ,
2134 2254 2333 2310 accede
2371 2253 2440 2308 ad
2467 2251 2740 2308 Christum
2762 2295 2777 2320 ,
2821 2254 2948 2324 quia
2974 2269 3081 2324 pax
3105 2261 3214 2321 est,
3245 2265 3305 2310 ut
3336 2263 3390 2310 et

1800 2344 1950 2401 Patri
1976 2346 2363 2413 reconcilieris,
2399 2353 2454 2401 et
2486 2361 2705 2401 omnem
2735 2346 2925 2416 diligas
2951 2345 3228 2403 hominem
3254 2355 3392 2402 tam-

1800 2453 1965 2508 quam
1994 2447 2048 2493 te
2077 2454 2196 2495 esse
2224 2437 2555 2507 diligendum
2583 2435 2609 2474 ά
2634 2437 2864 2508 judicas.
2895 2437 2952 2493 Si
2985 2453 3239 2494 occasum
3265 2453 3391 2495 cor-

1801 2533 1949 2604 poris
1976 2532 2152 2598 times,
2186 2539 2241 2587 et
2269 2539 2500 2586 mortem
2531 2531 2654 2588 vita:
2677 2532 2831 2586 istius
2853 2532 3252 2604 perhorrescis,
3273 2547 3392 2590 me-

1800 2634 1984 2680 mento
2013 2625 2138 2694 quia
2167 2625 2494 2681 resurrectio
2518 2633 2632 2691 est;
2665 2633 2846 2696 potest
2884 2625 3209 2682 resnscitare
3246 2625 3393 2696 quod

1799 2717 2014 2774 cecidit.
2057 2715 2113 2772 Si
2153 2725 2208 2772 te
2250 2717 2456 2788 peccati
2487 2725 2509 2755 °
2553 2716 2802 2787 voluptas
2847 2717 3140 2780 sollicitat,
3181 2723 3238 2773 et
3263 2715 3392 2772 vitia

1799 2811 1977 2866 carnis
2011 2809 2030 2849 ί
2072 2809 2322 2876 irritant,
2369 2809 2624 2880 prtescins
2653 2809 2831 2878 cogita
2870 2809 2995 2878 quia
3031 2807 3210 2879 justus
3227 2806 3394 2878 judex

1801 2915 1904 2974 est,
1935 2920 2156 2960 severus
2177 2904 2517 2960 examinator
2543 2911 2646 2970 est,
2678 2904 2868 2959 aeterni
2893 2903 3031 2973 ignis
3063 2909 3397 2974 praeparato:

1801 3006 1914 3064 est;
1945 3006 2000 3053 et
2027 3011 2319 3066 numquam
2348 3004 2401 3051 te
2447 3011 2675 3067 peccare
2723 2994 3030 3051 delectabit.
3071 2993 3154 3050 Ad
3178 3001 3392 3066 postre-

1801 3106 1968 3158 mum,
2001 3088 2184 3156 frater,
2224 3090 2270 3144 si
2299 3096 2354 3145 te
2379 3089 2686 3160 desperatio
2715 3089 2894 3158 aliqua
2924 3088 3181 3144 invaserit
3211 3088 3279 3144 de
3307 3103 3394 3143 re-

1802 3183 2175 3238 muneratione
2197 3181 2436 3252 iustitiae,
2484 3181 2552 3237 de
2579 3182 2814 3238 ccclestis
2841 3181 3027 3251 gloria:
3059 3181 3394 3253 expectatio-

119 3275 307 3345 aliquas
343 3291 537 3332 sensus
565 3283 688 3332 tuus
715 3277 950 3348 patitur,
981 3275 1258 3333 Christum
1285 3278 1501 3348 require
1523 3319 1538 3345 ,
1569 3277 1694 3348 quia
1719 3279 1766 3344 Ο
1800 3292 1899 3346 ne,
1943 3286 1968 3325 ε
1999 3275 2242 3333 credibili
2275 3283 2461 3331 mente
2484 3273 2706 3344 januam
2746 3275 2894 3330 illum
2925 3289 3046 3330 esse
3084 3287 3350 3346 praesume
3375 3292 3391 3342 ;

120 3365 284 3421 lumen
313 3373 416 3422 est.
439 3365 689 3424 Inﬁrmus
717 3368 815 3424 es?
839 3367 1008 3428 habes
1036 3367 1319 3439 refugium,
1342 3369 1470 3440 quia
1497 3378 1553 3426 et
1578 3385 1694 3424 me-
1798 3373 1926 3444 quia
1947 3381 2004 3429 et
2028 3387 2127 3444 per
2147 3373 2322 3442 ipsum
2347 3372 2699 3427 resuscitatus
2717 3386 2749 3426 a
2772 3369 3020 3434 mortuis,
3052 3377 3109 3426 et
3133 3367 3393 3427 caelorum

117 3455 252 3513 dictis
277 3465 360 3513 est
408 3467 464 3514 et
503 3459 692 3516 virtus.
724 3459 818 3516 Vis
860 3461 1000 3517 scire
1028 3476 1126 3532 per
1149 3476 1310 3532 quem
1349 3463 1420 3518 sit
1463 3462 1696 3518 mundus

120 3559 344 3619 creatus,
377 3559 434 3608 et
459 3568 490 3607 a
517 3567 625 3624 quo
654 3556 835 3609 omnia
863 3553 1276 3610 contineantur?
1299 3556 1474 3628 ipsum
1501 3554 1662 3611 crede
1679 3596 1694 3622 ,

120 3642 228 3710 quia
271 3643 550 3700 brachium
598 3651 655 3700 et
698 3644 922 3700 dextera
949 3645 1281 3717 perhibetur.
1315 3644 1580 3704 Pavorem
1607 3663 1701 3704 su-

121 3733 271 3790 stines
297 3735 570 3806 aliquem?
598 3737 652 3792 in
681 3738 930 3795 omnibus
957 3739 1053 3794 tibi
1076 3739 1222 3795 velut
1252 3741 1474 3810 angelus
1503 3741 1694 3797 aderit.

121 3823 172 3878 Si
195 3825 286 3881 tibi
324 3825 543 3883 difﬁcile
570 3826 730 3884 fuerit
754 3830 874 3886 visu
901 3831 1160 3888 accedere
1179 3832 1246 3887 ad
1275 3841 1482 3888 tantam
1511 3834 1698 3904 unige-

124 3917 208 3970 niti
231 3918 569 3989 majestatem
591 3963 607 3989 ,
652 3936 722 3978 ne
748 3921 1008 3994 desperes
1031 3967 1046 3992 ,
1093 3925 1218 3994 quia
1247 3933 1304 3981 et
1331 3926 1496 3982 homo
1523 3927 1698 3983 factus

121 4017 210 4077 est,
242 4018 300 4066 ut
337 4010 407 4066 ad
435 4027 560 4067 eum
603 4011 758 4068 facile
799 4029 1076 4072 accessum
1112 4017 1340 4073 haberet
1366 4019 1692 4074 humanitas.

184 4161 208 4227 ξ
233 4152 492 4227 Ijotemus
511 4155 688 4213 Missa:
711 4157 1042 4227 quotidianae
1066 4174 1222 4214 usum
1247 4168 1410 4216 aetate
1433 4160 1651 4216 Nicet:e.

183 4222 207 4262 δ
226 4223 358 4281 Cod.
383 4243 527 4301 unus
542 4229 704 4284 habet
730 4222 887 4301 famis
914 4231 1216 4296 scientiam;
1246 4231 1401 4298 alius,
1433 4233 1692 4296 scientiis;

123 4308 212 4363 ego
237 4297 627 4354 emendandum
647 4297 850 4356 curavi.

189 4377 209 4405 ε
232 4366 310 4422 Al.
341 4369 486 4433 cod.,
516 4372 748 4426 socia-vit.

185 4433 213 4473 δ
239 4435 568 4515 Vocabulum
600 4442 812 4514 judicas
842 4458 872 4498 a
913 4459 1001 4498 me
1027 4445 1325 4515 suppletur.
1356 4443 1492 4498 Nam
1521 4445 1573 4499 in
1600 4459 1694 4500 co-

123 4505 234 4563 dice
270 4505 860 4582 reliiiquitur'vacuum
905 4505 1148 4586 spatiuin‘
1166 4516 1322 4571 unius
1368 4515 1693 4571 adamussim

1799 3473 2010 3522 secreta
2037 3465 2345 3536 penetrabis
2362 3506 2376 3528 ,
2401 3472 2456 3520 et
2484 3463 2798 3533 angelorum
2832 3461 3168 3519 consortium
3194 3475 3392 3517 conse-

1800 3558 1984 3628 queris
2016 3575 2027 3610 :
2061 3564 2116 3612 et
2143 3556 2330 3612 audies
2358 3555 2507 3611 illam
2533 3555 2945 3612 desiderabilem
2971 3569 3162 3611 vocem
3189 3573 3202 3608 :
3225 3550 3390 3626 Euge,

1803 3667 1943 3705 serve
1971 3649 2100 3705 bone
2125 3658 2175 3704 et
2209 3648 2400 3720 ﬁdelis,
2426 3646 2589 3721 l“quia
2618 3649 2763 3720 fuisti
2783 3646 2972 3717 ﬁdelis,
3003 3646 3144 3700 intra
3178 3645 3234 3699 in
3261 3659 3397 3716 gau-

1807 3742 1948 3796 dium
1978 3739 2191 3795 Domini
2223 3742 2328 3806 tui;
2367 3739 2574 3812 posside
2602 3755 2815 3812 regnum
2849 3737 2987 3810 quod
3016 3735 3105 3791 tibi
3134 3736 3152 3774 ι
3188 3749 3397 3807 ρτωρα-

1806 3842 1979 3887 ratum
2010 3842 2088 3887 est
2121 3849 2152 3886 α
2180 3831 2359 3886 mundi
2386 3832 2752 3886 constitutione
2774 3846 2792 3884 :
2813 3829 2927 3901 ipso
2959 3835 3274 3900 prastante,
3309 3826 3396 3896 qui

1807 3942 1924 3979 cum
1958 3924 2120 3979 Patre
2152 3933 2203 3978 et
2231 3923 2434 3995 Spiritu
2463 3931 2644 3977 sancto
2674 3923 2794 3976 vivit
2820 3930 2868 3976 et
2897 3928 3076 3992 regnat
3102 3935 3195 3992 per
3223 3916 3399 3973 omnia

1806 4020 1998 4075 uacula
2027 4019 2333 4075 surculorum
2373 4015 2588 4089 (Matth.
2619 4026 2744 4082 x'xv,
2770 4013 2884 4086 2'5).
2918 4013 3106 4070 Amen.

1799 4160 2065 4216 vocabuli.

1873 4241 1898 4268 °
1937 4231 2046 4297 Al.,
2077 4230 2330 4285 voluntas.

1876 4299 1895 4339 ί
1930 4301 2039 4366 ΑΙ.,
2064 4303 2303 4355 invitant.

1873 4381 1898 4442 β
1922 4371 2031 4438 AL,
2049 4371 2213 4442 ﬁdeli.

1871 4439 1900 4514 if
1931 4439 2191 4514 Al.,'quia
2209 4443 2266 4495 in
2286 4456 2453 4512 pauca
2476 4441 2640 4513 fuisti.

1879 4511 1895 4551 ί
1928 4515 2036 4580 AL,
2060 4511 2319 4585 paratum.

135 4634 3384 4668 MM

1007 4699 1695 4858 SANCTI
1772 4740 2490 4856 munra:

1265 4934 1618 5001 EPlSCOPl
1665 4934 2216 5011 AQUILEIENSIS

523 5075 556 5116 ³
582 5087 1714 5237 EXPLANATI

1797 5084 1866 5235 )
1955 5085 2856 5261 SYMBOLI

914 5327 1390 5413 “HABITA
1455 5299 1624 5412 ΑΒ
1679 5326 2578 5412 COMPETENTES.

183 5586 231 5646 l.
259 5590 359 5660 Qui
385 5589 558 5651 credit
589 5589 645 5645 in
673 5585 890 5644 Christo
911 5625 928 5652 ,
973 5591 1030 5640 et
1070 5583 1316 5653 sequitur
1343 5596 1466 5637 eum
1509 5579 1576 5635 ad
1600 5593 1695 5635 ve-
1720 5581 1774 5642 1)
1799 5590 2015 5638 secutus
2039 5588 2243 5638 terram
2270 5578 2708 5653 repromissionis
2754 5579 3028 5660 ingressus
3049 5619 3064 5647 ,
3109 5579 3197 5636 hic
3221 5577 3387 5636 conﬁ-

126 5692 224 5738 ram
242 5683 525 5741 ducentem
552 5683 717 5738 vitam
733 5722 749 5749 ,
778 5679 940 5736 sicuti
964 5675 1179 5733 Israelis
1202 5675 1441 5755 populus
1467 5673 1692 5746 Moysen

231 5818 288 5876 In
312 5820 532 5891 antiquo
552 5811 1552 5891 codiceBobiensiapudﬁiuratorium

125 5895 186 5944 Β.
213 5905 274 5945 at.
305 5880 554 5957 tomflll,
587 5905 640 5960 p.
673 5887 797 5956 819,
829 5887 944 5944 sic:
979 5880 1105 5940 liber
1129 5883 1158 5938 Ι
1187 5886 1540 5940 instructionis
1583 5880 1636 5936 Ν
1641 5885 1689 5939 i-

1799 5673 1934 5730 deus
1960 5673 2097 5730 duce
2133 5671 2351 5728 Christo
2392 5671 2738 5730 abrenuntiat
2785 5653 3006 5740 himico
3027 5712 3043 5740 ,
3092 5679 3148 5728 et
3191 5670 3398 5742 angelis

2379 5742 2666 5767 ﬂ

1797 5821 1922 5869 cette
1946 5814 2192 5938 ὃρίεεορί.

1875 5884 1898 5924 δ
1995 5886 2024 5938 lt
2055 5887 2192 5938 huiu:

1875 5884 1898 5924 δ
1946 5884 2024 5938 0b

2055 5883 2213 5956 hujus
2249 5883 2501 5942 vocabuli
2553 5883 2977 5945 declarationem
3023 5898 3094 5944 en
3120 5883 3302 5944 locum
3328 5895 3398 5952 ex
