3924 6368
116 267 230 326 869

1380 266 1817 332 EXPLANATIO
1852 269 2166 332 SYMBOLI.
3313 280 3384 350 επ

113 379 341 442 omnino
368 401 398 439 a
426 385 525 440 Dei
544 386 819 470 veritate._
837 379 894 442 Si
925 387 1068 442 enim
1101 386 1710 470 falsadniuglnalioﬂest,
1743 397 1792 452 Α
1819 402 1924 456 que
1955 394 2167 456 poterat
2194 383 2439 441 Christus
2461 402 2492 442 a
2513 395 2687 442 morte
2718 385 2969 453 detineri,
3002 390 3092 458 qui
3121 400 3174 444 et
3203 377 3417 461 mortis,

1281 447 1480 468 ἰη’-*⁸*
1491 455 1518 465 ι.

115 476 521 552 ΐξῑεμξιῌεεζεῌει
533 459 1479 552 έδιιιῌειιιοῖᾔ-ἴιιῖιῦῗκρὖόῗεῖἶειεγ
1663 475 1720 534 in

83 546 801 642 mm
820 571 1121 629 inearnatio
1143 580 1246 629 est.
1287 572 1347 628 In
1376 574 1494 646 ipso
1515 582 1722 629 utrum-

112 677 222 730 que
242 662 519 731 existens;
544 662 727 729 homo,
749 663 897 733 quod
920 664 1238 732 videbatur;
1263 664 1424 732 Deus,
1441 665 1588 737 quod
1610 682 1719 724 non

111 754 425 811 videbatur.
456 753 787 811 Mandueans
815 762 876 811 ut
913 756 1099 822 homo,
1140 765 1196 812 et
1227 772 1456 828 pascens
1482 758 1722 828 quinque

112 856 136 883 ι
167 846 345 903 millia
363 846 647 903 hominum
673 847 910 918 quinque
931 849 1180 920 panibus,
1213 849 1340 919 quia
1369 849 1530 906 Deus.
1583 849 1718 905 Dor-

111 940 291 995 miens
317 945 380 995 ut
406 941 574 996 homo
602 941 658 995 in
686 941 826 1002 navi.
859 941 956 1000 sed
985 942 1162 998 ventis
1184 950 1240 998 et
1265 944 1401 997 mari
1425 943 1716 1014 imperans,

112 1033 237 1102 quia
266 1033 434 1090 Deus.
467 1032 658 1089 Manus
684 1033 831 1090 cruci
860 1033 1085 1104 alligans
1108 1035 1253 1090 velut
1273 1034 1465 1103 homo;
1497 1034 1594 1090 sed
1615 1051 1716 1105 pa—

114 1126 361 1182 radisum
406 1124 688 1182 confitenti
734 1141 794 1182 se
832 1125 1031 1182 latroni
1081 1127 1354 1193 tribuens,
1397 1126 1523 1197 quia
1553 1126 1713 1183 Deus.

113 1220 350 1277 Mortem
387 1229 666 1292 postremo
705 1221 1006 1292 suscipiens
1045 1221 1292 1292 deposito
1338 1219 1406 1277 ad
1446 1222 1718 1278 modicum

111 1327 382 1382 corpore,
415 1320 477 1368 ut
521 1313 715 1380 homo;
759 1313 855 1368 sed
881 1312 1302 1384 quatriduanum
1347 1321 1619 1368 mortuum
1649 1313 1719 1370 de

111 1405 371 1476 sepulcro
411 1404 442 1445 ι’
479 1406 747 1462 suscitans
769 1447 785 1473 ,
832 1407 960 1477 quia
1008 1406 1169 1462 Deus.
1241 1404 1542 1477 Utrumque
1587 1421 1716 1477 ergo

113 1499 422 1556 credendus
464 1509 548 1557 est
573 1498 852 1568 Christus;
882 1499 1025 1557 Deus
1045 1541 1061 1566 ,
1093 1510 1148 1557 et
1183 1500 1385 1556 homo:
1411 1499 1536 1570 quia
1580 1500 1718 1557 sicut

111 1593 274 1650 homo
306 1609 380 1650 ex
407 1594 748 1666 passionibus
774 1595 1104 1664 agnoscitur,
1137 1594 1211 1650 ita
1239 1594 1383 1650 Deus
1421 1609 1488 1650 ex
1521 1591 1716 1650 divinis

115 1687 370 1758 operibus
399 1686 794 1744 manifestatur.
814 1686 994 1743 Habes
1013 1701 1143 1757 ergo
1173 1687 1316 1743 unde
1343 1702 1568 1759 respuas
1595 1702 1713 1742 ma-

1825 487 1881 535 et
1909 478 2032 534 vitae
2062 487 2231 534 totam
2260 477 2468 535 obtinet
2503 487 2845 551 potestatem.
2881 479 3128 535 Ascendit
3161 482 3213 536 in
3246 485 3420 553 corios,

1826 573 1967 629 unde
1995 579 2049 628 et
2076 571 2427 628 descenderat
2452 591 2464 626 :
2489 573 2614 643 quia
2645 571 2844 638 Nemo,
2881 573 3077 643 inquit,
3111 577 3343 630 ascendit
3369 563 3423 632 in

1825 666 2004 722 cretum
2035 667 2134 721 nisi
2159 667 2247 740 qui
2277 665 2340 720 de
2368 667 2492 722 caelo
2535 665 2829 730 descendit,
2875 665 3043 721 Filius
3073 668 3296 722 hominis
3336 671 3424 742 qui

1823 768 1936 814 erat
1955 760 2007 813 in
2035 761 2158 814 caelo
2190 757 2380 827 (Joan.
2407 773 2461 824 χ,
2497 758 2590 824 18;
2624 775 2698 824 ιιι,
2727 759 2843 832 l5).
2870 759 3029 815 Sedet
3056 759 3127 813 ad
3155 760 3421 816 dexteram

1825 853 2020 918 Patris,
2045 853 2336 908 secundum
2365 853 2508 923 quod
2531 853 2731 909 dictum
2753 863 2836 909 est
2857 854 2909 909 in
2932 853 3197 910 Davidicis
3219 869 3286 910 ex
3312 870 3421 925 pcr-

1821 960 1954 999 sona
1985 944 2077 998 Dei
2113 942 2288 999 Patris
2317 943 2382 998 ad
2413 943 2604 998 Filium
2638 963 2652 998 :
2691 944 2828 1000 Sede
2853 961 2884 998 a
2915 945 3110 1000 dextris
3139 947 3288 1009 meis,
3324 947 3420 1006 do-

1822 1053 1915 1090 nec
1943 1052 2133 1107 ponam
2155 1037 2392 1091 inimicos
2427 1047 2538 1090 tuos
2559 1035 2840 1091 scabellum
2861 1035 3047 1107 pedum
3071 1048 3273 1091 tuorum
3299 1035 3414 1104 (1’s.

1822 1143 1927 1192 cut,
1943 1127 2018 1198 8).
2039 1126 2172 1182 Inde
2193 1138 2433 1182 venturus
2458 1137 2483 1166 ο
2496 1128 2738 1200 judicare
2759 1131 2892 1184 viros
2906 1139 2955 1184 et
2975 1139 3222 1184 mortuos.
3247 1125 3422 1194 Crede

1821 1221 2076 1290 quoniam
2105 1221 2191 1276 hic
2240 1221 2354 1292 ipse
2403 1217 2650 1276 Christus
2696 1220 2956 1275 Dominus
3007 1227 3194 1276 noster
3239 1221 3420 1276 veniet

1821 1327 1942 1368 cum
1973 1313 2175 1382 angelis
2207 1321 2263 1368 et
2302 1313 2590 1368 virtutibus
2631 1327 2847 1379 eorum,
2884 1309 2902 1349 τ
2937 1321 3045 1366 tam
3075 1312 3228 1368 vivos
3255 1325 3419 1383 quam

1824 1406 1954 1459 olim
1983 1414 2228 1461 mortuos
2261 1405 2508 1476 judicare
2533 1423 2545 1459 :
2575 1413 2633 1461 ut
2660 1405 2849 1462 reddat
2877 1405 3104 1476 singulis
3125 1408 3420 1463 secundum

1821 1513 1985 1568 Opera
2015 1513 2201 1554 eorum
2229 1517 2242 1551 :
2269 1498 2372 1554 hoc
2401 1507 2502 1566 εει,
2525 1499 2700 1569 justos
2729 1497 2797 1553 ad
2822 1498 2984 1552 vitam
3009 1507 3264 1553 aeternam
3286 1515 3417 1556 cou-

1817 1593 2035 1658 stituat;
2068 1593 2259 1664 impios
2287 1600 2466 1648 autem
2487 1601 2703 1647 mtcrnze
2731 1605 2904 1663 pinna:
2933 1591 3202 1662 subjiciat.

1893 1684 1942 1738 7.
1975 1682 2162 1740 Credis
2197 1696 2246 1739 et
2265 1687 2319 1740 in
2345 1685 2598 1758 Spiritum
2620 1695 2876 1740 sanctum.
2910 1683 3268 1758 liigSpirittts
3295 1700 3419 1741 san-

2921 1746 3094 1760 »..r-v-~--
3103 1746 3154 1752 ‘-'~
3167 1749 3210 1764 νε.

114 1780 309 1848 gistros
353 1777 600 1836 fallaciae.
660 1778 718 1836 Si
754 1781 876 1850 quis
905 1779 1001 1835 tibi
1038 1779 1313 1836 hominem
1347 1771 1718 1834 tantummodo
1746 1797 1797 1860 Β
1821 1783 1940 1831 ειιιε
1969 1791 2106 1832 unus
2133 1783 2245 1848 εει,
2275 1775 2617 1832 sanetillcans
2645 1775 2845 1839 omnia,
2878 1776 2969 1846 qui
3003 1774 3070 1831 de
3098 1765 3351 1849 Patri?er
3345 1765 3417 1832 “o-

1825 1837 2152 1864 Μ

114 1873 389 1930 Christum
411 1873 575 1930 fuisse
604 1875 660 1930 in
681 1874 900 1931 auribus
927 1889 1213 1931 susurrare
1237 1883 1260 1913 ο
1287 1873 1606 1939 tentaverit,
1637 1872 1719 1927 di—
1777 1869 1980 1943 ’eedit,
2006 1869 2153 1924 solus
2178 1877 2426 1924 scrutans
2447 1869 2701 1941 mysteria
2727 1877 2781 1924 ct
2801 1867 3068 1940 profunda
3093 1867 3212 1932 Dei,
3239 1869 3334 1939 qui
3361 1869 3414 1924 in

115 1967 216 2021 cito
245 1966 381 2036 quia
409 1967 575 2022 homo
613 1981 713 2037 per
751 1961 1009 2038 praedicta
1049 1963 1224 2021 factus
1264 1973 1380 2032 est;
1403 1960 1432 2002 ἀ
1461 1977 1622 2034 quem
1650 1979 1719 2020 ex

114 2057 404 2115 virtutibus
426 2098 442 2124 ,
490 2067 548 2114 et
591 2056 1018 2131 professionibus
1041 2061 1155 2130 jam
1193 2061 1424 2130 cognovi
1446 2103 1462 2129 ,
1504 2059 1719 2117 dicente

115 2153 226 2222 ipso
255 2150 550 2208 Salvatore
577 2153 644 2207 ad
672 2150 887 2208 Iudaeos
911 2171 924 2207 :
959 2151 1022 2209 Si
1039 2153 1168 2208 mihi
1191 2170 1295 2208 non
1315 2153 1466 2209 vultis
1487 2153 1714 2220 credere,

113 2243 184 2300 rel
203 2245 452 2316 operibus
480 2245 690 2300 credite.
733 2243 806 2300 Et
837 2241 1160 2320 cognoscite,
1193 2249 1317 2320 quia
1345 2263 1436 2321 ego
1456 2249 1511 2303 in
1535 2246 1714 2315 Patre,

115 2345 162 2389 et
177 2333 348 2391 Pater
371 2337 429 2391 in
453 2353 536 2391 me
566 2335 744 2408 (Joan.
771 2353 824 2405 ιι,
853 2337 966 2409 58).

179 2425 232 2481 5.
274 2425 538 2498 Sequitur
564 2435 622 2484 ut
661 2428 852 2486 credas
879 2429 1175 2487 Dominica:
1203 2432 1445 2502 passioni
1470 2449 1484 2495 ;
1521 2440 1576 2487 et
1605 2445 1721 2502 pas-

116 2533 230 2574 sum
250 2518 570 2575 conﬁtearis
593 2517 868 2576 Christum
887 2561 903 2586 ,
954 2517 1271 2578 cruciﬁxum
1301 2538 1331 2576 a
1351 2520 1578 2588 Iudaeis,
1627 2537 1717 2578 se-

114 2610 348 2667 cundum
377 2611 633 2683 praedicta
656 2613 1060 2684 prophetarum].
1103 2613 1172 2668 Et
1189 2613 1312 2670 vide
1339 2629 1408 2669 ne
1431 2614 1717 2670 erubescas

115 2701 164 2756 in
191 2702 456 2772 passione
495 2702 708 2758 Domini
751 2705 848 2758 tui.
918 2703 976 2759 Si
1017 2701 1159 2760 forte
1187 2703 1389 2774 aliquid
1432 2705 1718 2760 inﬁdelitas

114 2791 444 2861 intimorum,
473 2793 562 2850 vel
588 2793 818 2850 stultitia
847 2794 1088 2864 gentium
1108 2795 1177 2852 de
1205 2795 1486 2865 magnifica
1515 2795 1717 2852 Christi

114 2899 272 2942 cruce
299 2885 683 2957 blasphemare
708 2885 1010 2954 voluerint,
1043 2897 1318 2944 memento
1347 2903 1563 2960 semper
1588 2888 1717 2944 dicti

116 2975 363 3033 Domini:
399 2975 504 3043 Qui
523 2995 607 3034 me
634 2980 903 3052 confessus
931 2982 1090 3052 fuerit
1117 2996 1295 3036 coram
1315 2979 1637 3049 hominibus,
1668 2992 1718 3036 et

116 3087 204 3142 ego
223 3067 515 3142 conﬁtebor
542 3081 658 3128 eum
690 3087 867 3128 coram
885 3071 1051 3128 Patre
1068 3090 1202 3143 meo,
1247 3075 1334 3149 qui
1373 3083 1452 3131 est
1489 3076 1544 3130 in
1578 3075 1716 3131 caelis

1821 1962 2001 2032 specie
2022 1961 2282 2016 columbae
2312 1960 2379 2017 de
2407 1961 2560 2016 cmlis
2590 1961 2737 2016 venit
2767 1961 2818 2015 in
2847 1958 3140 2016 Christum.
3166 1959 3263 2016 llic
3291 1959 3416 2032 Spi-

1811 2054 1955 2109 ritus
1988 2062 2206 2108 sanctus
2233 2069 2370 2108 unus
2398 2052 2615 2124 quidem
2653 2063 2764 2120 est,
2795 2053 2890 2108 sed
2919 2053 3200 2126 multiplex
3230 2053 3281 2109 in
3311 2054 3419 2108 vir-

1817 2145 2024 2200 tutibus
2071 2153 2126 2200 et
2165 2145 2218 2199 in
2259 2144 2686 2215 operationibus.
2737 2143 2859 2215 Ipse
2899 2143 3080 2198 dividit
3133 2145 3420 2217 gratiarum

1820 2237 1958 2293 dona
1977 2238 2194 2309 singulis
2217 2247 2368 2308 prout
2389 2238 2492 2291 vult
2516 2235 2564 2308 (Ι
2587 2234 2708 2292 Cor.
2732 2253 2824 2303 xu,
2853 2235 2962 2307 ll).
2989 2235 3108 2308 Ipse
3127 2236 3420 2308 prophetas

1819 2332 2116 2398 constituit,
2145 2329 2422 2400 apostolos
2445 2329 2720 2399 implevit;
2743 2339 2798 2384 et
2825 2329 2939 2400 ipse
2961 2339 3206 2399 tempore
3225 2328 3422 2399 baptis-

1818 2425 1893 2481 mi
1922 2425 2129 2480 animas
2155 2425 2512 2490 credentium,
2543 2437 2882 2494 corporaque
2903 2419 3232 2489 sanctificat;
3259 2432 3284 2471 κ
3308 2422 3424 2480 sine

1819 2519 1973 2588 cujus
2013 2517 2330 2588 operatione
2361 2517 2505 2574 nulla
2535 2525 2718 2590 potest
2746 2526 2996 2574 creatura
3038 2517 3104 2572 ad
3145 2518 3422 2573 mternita-

1803 2604 1927 2665 tem
1958 2611 2272 2681 pervenire:
2301 2611 2354 2664 in
2388 2609 2540 2680 cujus
2573 2609 2800 2680 gloriam
2829 2610 2990 2665 etiam
3029 2607 3055 2647 ιι
3091 2611 3264 2683 angeli
3300 2628 3423 2682 pro-

1819 2705 2018 2774 spicere
2044 2704 2413 2773 concupiscunt
2436 2701 2490 2774 (l
2521 2700 2666 2756 Petr.
2699 2719 2746 2766 ι,
2780 2701 2888 2772 12).
2924 2699 3026 2770 Qui
3055 2703 3120 2758 et
3136 2702 3292 2759 sedes
3324 2701 3340 2741 ί
3367 2711 3422 2760 ει

1819 2793 2237 2862 dominationes,
2271 2803 2326 2849 et
2355 2794 2632 2849 universas
2661 2793 2919 2850 caelorum
2943 2793 3170 2850 virtutes
3189 2809 3286 2850 sua
3307 2809 3422 2849 ma-

1815 2888 2011 2960 jestate
2031 2887 2348 2945 sanctificat.
2382 2889 2395 2939 l
2428 2888 2486 2943 In
2508 2902 2671 2958 quem
2695 2887 2950 2960 Spiritum
2977 2899 3213 2943 sanctum
3235 2889 3284 2943 si
3307 2877 3422 2960 quis

1821 2981 2281 3055 blasphemarerit,
2321 2997 2425 3037 non
2469 2980 2622 3035 habet
2663 2975 3016 3034 remissionem
3046 2996 3206 3052 neque
3232 2980 3285 3034 in
3325 2979 3424 3036 hoc

1819 3075 2008 3130 s'tccnlo
2031 3091 2191 3145 neque
2217 3075 2269 3127 in
2293 3075 2487 3145 futuro,
2511 3073 2649 3128 sicut
2680 3072 2795 3143 ipse
2824 3071 3082 3127 Dominus
3111 3071 3423 3142 pronuntia-

118 3162 334 3232 (llatth.
367 3181 423 3232 ιι,
449 3163 561 3238 32).
603 3164 717 3223 Nec
742 3181 875 3223 sane
903 3174 988 3223 est
1010 3167 1154 3225 unde
1173 3167 1520 3226 eonfundaris
1538 3209 1553 3235 ,
1584 3170 1630 3225 si
1661 3170 1713 3225 in
1742 3181 1789 3246 ο
1819 3169 1898 3224 vit
1921 3167 2150 3242 (Matth.
2177 3185 2266 3232 xu,
2291 3167 2404 3238 52).

118 3267 218 3324 quo
239 3257 588 3313 sacramento
619 3272 815 3329 passus
842 3265 928 3315 est
954 3257 1232 3328 Christus,
1264 3261 1550 3332 intelligas.
1585 3259 1717 3330 Pas-

115 3361 201 3403 sus
225 3353 313 3405 est
341 3349 454 3403 non
474 3347 775 3418 divinitate,
813 3348 909 3407 sed
937 3365 1119 3408 carne.
1163 3350 1306 3407 Deus
1338 3352 1483 3408 enim
1511 3353 1714 3423 impas-

114 3437 280 3494 sibilis
318 3443 539 3511 semper
575 3448 681 3497 est.
739 3439 940 3498 Passus
977 3449 1158 3498 autem
1207 3450 1292 3499 est
1327 3458 1527 3510 carne,
1577 3444 1718 3500 sicut

116 3529 398 3598 apostolus
417 3529 580 3614 docet
608 3529 654 3604 (Ι
673 3530 818 3588 Petr.
851 3549 923 3600 iv,
950 3533 1006 3606 t)
1024 3575 1039 3599 ,
1087 3540 1146 3589 ιιι
1184 3532 1302 3605 ejus
1321 3534 1545 3590 vulnere
1574 3536 1717 3592 salus

117 3622 348 3682 humano
366 3626 557 3696 generi
571 3628 884 3698 proveniret
907 3647 919 3682 :
945 3628 1086 3685 sient
1105 3629 1269 3685 etiam
1290 3631 1554 3702 propheta
1577 3645 1717 3701 prac-

119 3715 325 3774 diserat
350 3717 542 3776 Isaias.
567 3717 640 3774 Et
665 3721 803 3792 ipse,
837 3723 1038 3792 inquit,
1063 3739 1246 3796 passus
1275 3733 1352 3779 est
1377 3739 1471 3796 pro
1494 3725 1716 3796 peccatis

121 3811 338 3877 nostris,
391 3811 476 3867 vel
519 3813 730 3870 vulnere
756 3814 871 3886 ejus
899 3817 1074 3870 sanati
1115 3831 1292 3871 sumus
1337 3832 1513 3872 omnes
1557 3814 1712 3890 (Isai.

121 3915 223 3967 Lm,
256 3899 334 3974 5).
376 3901 577 3961 Nostro
601 3905 746 3962 enim
767 3913 992 3978 peccato
1021 3922 1215 3977 passus
1237 3916 1322 3964 est
1353 3905 1630 3977 Christus,
1659 3919 1718 3966 ut

123 3994 272 4049 nobis
296 3993 509 4065 iustitia
536 3993 850 4054 donaretur.
883 3997 993 4055 Sub
1022 3998 1216 4055 Pontio
1245 4017 1368 4074 ergo
1396 3999 1574 4056 Pilato
1594 4019 1717 4074 pas-

121 4101 203 4142 sus
227 4096 325 4142 est.
359 4086 598 4160 Tempus
618 4089 951 4160 designatur,
985 4105 1094 4162 quo
1121 4089 1348 4148 Pontius
1379 4090 1584 4148 Pilatus
1617 4093 1717 4148 fuit

121 4190 312 4249 praeses
356 4177 529 4252 Syriae
567 4188 623 4236 et
650 4177 966 4237 Palaestina).
1020 4179 1138 4238 Hoc
1177 4190 1360 4238 autem
1389 4183 1514 4240 ideo
1561 4191 1718 4239 caute

122 4271 353 4340 ponitur,
376 4271 505 4341 quia
525 4270 784 4341 aliquanti
803 4273 1183 4329 hmretieorum
1209 4273 1552 4330 dacmoniacis
1573 4273 1718 4329 frau-

123 4359 276 4417 dibus
297 4361 515 4434 decepti
545 4363 790 4419 diversos
822 4363 1067 4434 garriunt
1094 4364 1346 4421 cbristos.
1389 4365 1469 4421 'hi
1503 4379 1632 4436 ergo
1662 4375 1716 4422 et

125 4459 332 4525 tempus
370 4455 640 4525 passionis
679 4455 956 4524 edoceris;
1001 4464 1062 4512 ut
1099 4472 1225 4513 eum
1247 4499 1263 4525 ,
1308 4458 1401 4529 qui
1437 4473 1568 4515 vere
1616 4459 1716 4514 sub

126 4543 314 4602 Pontio
351 4545 653 4619 Pilatop'ro
693 4548 867 4606 salute
901 4549 1088 4605 mundi
1113 4565 1306 4621 passus
1333 4559 1418 4607 est
1449 4549 1714 4618 Christus,

127 4651 229 4692 non
265 4641 489 4710 passum
529 4639 763 4710 aliquem
791 4640 956 4696 alium
984 4640 1223 4698 fatearis.
1253 4641 1498 4700 Mortuus
1525 4650 1609 4700 est
1629 4659 1715 4700 er-

127 4741 209 4800 go,
239 4735 298 4785 ut
325 4731 520 4787 mortis
541 4729 668 4802 jura
693 4734 1034 4791 dissolveret.

193 4818 245 4876 6.
276 4818 456 4878 Tertia
487 4821 578 4878 die
605 4824 885 4879 resin-mit
925 4826 1061 4880 vivus
1103 4841 1138 4880 a
1175 4827 1425 4894 mortuis,
1465 4827 1605 4884 sicut
1645 4827 1722 4884 ait

128 4915 406 4987 propheta,
435 4917 576 4972 inter
602 4927 827 4969 mortuos
859 4915 988 4974 liber
1009 4917 1194 4992 (Psal.
1219 4936 1478 4991 Lxxxvm,
1507 4921 1593 4995 7).
1618 4921 1722 4978 Ne-

201 5107 226 5135 ι
259 5096 399 5182 Cod.
430 5115 556 5158 cum
589 5100 749 5157 unica
774 5101 813 5166 l,
835 5115 956 5170 qua:
984 5108 1065 5157 est
1088 5101 1323 5171 genuina
1351 5107 1506 5158 vetus
1531 5102 1723 5158 ortho-

131 5170 398 5326 ξΐῗριὲἓᾶ.
414 5251 485 5326 _et
504 5242 654 5326 edd.,
683 5245 918 5326 suscitat,
941 5257 1116 5326 quam
1125 5244 1425 5326 lectionem
1445 5241 1725 5302 emendavi

135 5323 200 5364 ex
219 5313 466 5384 analogia
491 5313 792 5370 certissima
813 5315 1252 5384 praecedentium.

207 5393 228 5422 ο
260 5381 420 5440 Cod..
454 5386 793 5440 temntaverit.

454 5403 944 5540 ﬂpgdfpegr‘posito
991 5456 1297 5530 compendii
1342 5457 1516 5530 signo.
1575 5455 1720 5530 Ergo

137 5523 227 5606 vel
243 5543 390 5606 quem
407 5523 496 5583 vel
519 5523 782 5606 quoniam:

210 5597 550 5676 tremas
572 5601 633 5676 ir!
654 5599 779 5676 esid.
801 5597 1015 5676 εάρῖιιιιί
1037 5607 1133 5676 εις.

213 5665 234 5706 ί
262 5665 547 5738 Quomodo
572 5672 664 5730 hic
683 5671 836 5728 locus
863 5671 1064 5729 Niceta:
1093 5671 1472 5742 intelligendus
1501 5669 1590 5739 sit,
1613 5671 1726 5728 late

143 5737 372 5815 disputat
397 5743 482 5815 cl.
499 5743 695 5802 Braida
722 5742 939 5800 dissert.
961 5758 1087 5815 pag.
1112 5743 1217 5815 266
1250 5737 1367 5815 sqq.
1411 5741 1480 5812 Et
1507 5737 1726 5815 quidem

146 5811 312 5870 nullus
340 5814 645 5886 theologus,
675 5815 762 5872 vel
783 5811 1148 5891 symbolifvel
1181 5811 1404 5892 Pauli—(1
1433 5811 1625 5873 Thess.
1650 5813 1724 5887 tv)

1893 3259 1946 3314 8.
1972 3253 2124 3316 lianc
2144 3251 2423 3315 Trinitatis
2445 3253 2623 3323 ﬁdem,
2642 3257 2915 3323 fratres,in
2937 3255 3192 3316 cordibus
3213 3255 3423 3316 ﬁrmate

1819 3351 2034 3418 vestris,
2059 3351 2341 3408 credentes
2363 3350 2417 3405 in
2446 3365 2612 3405 unum
2635 3349 2803 3404 Deum
2829 3349 3047 3408 Patrem
3076 3339 3421 3422 omnipoten-

1819 3450 1951 3510 tem,
1985 3450 2041 3496 et
2081 3442 2133 3496 in
2176 3441 2368 3496 Filium
2417 3440 2536 3512 ejus
2581 3438 2763 3496 Jesmn’
2810 3438 3088 3497 Christum
3134 3435 3421 3498 Dominum

1820 3545 2096 3600 nostrum,
2131 3543 2187 3590 et
2214 3535 2266 3589 in
2298 3533 2555 3605 Spiritum
2585 3542 2862 3600 sanctmn,
2901 3533 3323 3604 lutnen‘vcrum,
3366 3545 3423 3592 ct

1818 3623 2274 3684 sanctificatorem
2298 3625 2618 3692 animarum,
2643 3626 2736 3695 qui
2765 3635 2849 3680 cst
2873 3623 3072 3696 pignus
3093 3625 3422 3685 hmicditatis
3483 3675 3496 3720 ἱ

1821 3724 2038 3783 nostra),
2071 3717 2162 3787 qui
2196 3731 2315 3782 nos,
2345 3716 2391 3772 si
2421 3717 2472 3770 in
2503 3731 2626 3770 eum
2660 3715 2916 3771 fuerimus
2947 3715 3158 3785 intenti,
3190 3716 3422 3775 deducet

1817 3812 1876 3869 in
1906 3827 2120 3868 omnem
2152 3812 2464 3874 veritatem,
2514 3817 2568 3864 et
2595 3807 2756 3864 faciet
2783 3809 3093 3866 caelestibus
3122 3811 3416 3868 cohaerere.

1820 3902 1971 3960 Hanc
2004 3906 2146 3960 enim
2178 3905 2417 3974 regulam
2460 3902 2578 3959 ﬁdei
2606 3902 2836 3975 apostoli
2866 3920 2896 3958 a
2926 3904 3155 3960 Domino
3197 3921 3421 3978 accepe-

1820 4005 1967 4062 runt,
1999 4007 2054 4050 ut
2094 3999 2147 4052 in
2188 3997 2396 4051 nomine
2425 3995 2626 4063 Patris,
2655 4005 2706 4050 et
2729 3994 2879 4061 Filii,
2922 4005 2971 4050 et
2993 3997 3220 4069 Spiritus
3249 4003 3419 4054 sancti

1822 4107 1999 4145 omnes
2023 4099 2197 4161 gentes
2220 4089 2457 4144 credulas
2488 4087 2813 4162 baptizarent
2835 4087 3056 4159 (Matth.
3085 4107 3266 4157 xxvm,
3294 4085 3414 4160 19).

1819 4180 1948 4238 Haec
1991 4182 2044 4236 in
2073 4181 2228 4236 vobis
2268 4187 2486 4236 maneat
2516 4179 2677 4246 fides;
2709 4181 2805 4236 hoc
2834 4181 3118 4252 depositum
3146 4181 3414 4250 custodite,

1822 4278 2212 4344 charississimi,
2245 4277 2528 4332 decitantes
2567 4278 2820 4349 profanas
2863 4292 3036 4331 t'ocum
3082 4265 3330 4332 novitates
3370 4287 3420 4330 et

1823 4370 2171 4440 oppositiones
2195 4368 2400 4441 fallacis
2423 4369 2654 4423 scientia:
2677 4366 2718 4440 (1
2743 4365 2874 4421 Tim.
2903 4384 2974 4433 vt,
3003 4365 3072 4420 9.0
3089 4366 3128 4438 ).

1894 4457 1947 4513 9.
1982 4459 2039 4516 Si
2061 4459 2288 4529 gentiles
2309 4459 2539 4515 suadent
2560 4460 2759 4515 multos
2788 4463 2971 4530 patres
2993 4459 3186 4514 iterum
3216 4457 3416 4529 colere,

1821 4558 1882 4607 tu
1925 4551 2098 4606 retine
2139 4538 2355 4606 beatam
2397 4549 2786 4623 professionem
2819 4559 2994 4618 tuam,
3031 4548 3057 4588 ἱ
3100 4551 3225 4622 quia
3256 4555 3419 4608 unum

1824 4641 2105 4699 confessus
2133 4659 2193 4699 es
2222 4643 2388 4699 Deum
2427 4641 2639 4697 Patrem
2675 4661 2688 4695 :
2721 4657 2822 4698 nec
2852 4640 2869 4680 ι
2901 4643 3045 4697 ειιίιιι
3075 4651 3265 4700 natura
3296 4643 3416 4712 fert,

1826 4742 1888 4790 ut
1914 4747 2052 4789 unus
2076 4734 2242 4790 homo
2263 4734 2445 4805 plures
2474 4731 2904 4804 habeat'patres.
2937 4732 2996 4789 Si
3021 4731 3238 4790 Iudaeus
3265 4733 3420 4790 Chri-

1827 4836 1971 4885 stum
1993 4826 2088 4884 Dei
2114 4823 2309 4881 Filium
2329 4839 2435 4880 non
2457 4823 2682 4880 credere
2703 4825 2913 4894 suadet,
2938 4825 3008 4882 sit
3029 4823 3126 4881 tibi
3145 4834 3419 4896 tamquam

1829 4921 2037 4988 hostis;
2066 4928 2161 4976 aut
2187 4917 2615 4991 impugnandus,
2647 4917 2693 4974 si
2735 4926 2884 4973 tanta
2913 4917 3028 4974 ‘tibi
3074 4927 3158 4976 est
3194 4921 3420 4975 scientia

1827 5099 2331 5182 expositamlocum
2360 5098 2508 5182 hunc
2527 5098 2789 5158 intactum
2815 5098 3052 5170 reliquit.
3083 5097 3266 5167 Quare
3292 5101 3422 5160 mihi

1827 5167 2018 5226 verbis
2031 5167 2405 5226 abstinendum
2432 5178 2534 5225 est.
2932 5167 2953 5170 “

1861 5311 1873 5315 _
1905 5250 1930 5289 ε
1955 5241 2044 5297 Sic
2074 5242 2396 5315 ad_li_tteram
2422 5240 2822 5315 Nicetas‘ctiam
2855 5239 3193 5315 inopusculo
3214 5241 3280 5298 de
3301 5241 3421 5315 Spi-

1827 5311 1966 5370 ritus
1994 5313 2166 5368 saucti
2188 5312 2434 5368 Potentia
2458 5325 2580 5382 pag.
2607 5311 2693 5376 l6,
2727 5327 2869 5368 vers.
2902 5310 2989 5366 HI

1902 5383 1931 5456 1}
1952 5383 2152 5456 Confer
2171 5383 2237 5440 de
2261 5381 2353 5455 Sp.
2370 5401 2426 5456 is.
2453 5381 2572 5456 Pot.
2601 5401 2656 5456 ιι.
2681 5382 2770 5448 28,
2801 5389 2946 5456 vers.
2971 5381 3021 5438 l.

1909 5453 1928 5528 ξ
1959 5456 2040 5511 lta
2063 5454 2279 5512 Nicetes
2300 5451 2472 5511 etiam
2510 5455 2579 5514 de
2601 5451 2710 5528 'Sp.
2751 5470 2807 5528 p.
2833 5451 2956 5512 Pot.
3000 5470 3055 5527 p.
3091 5454 3180 5524 15,
3222 5471 3362 5512 vers.
3391 5457 3424 5511 5

1817 5535 1866 5584 'a
1895 5524 1989 5582 ﬁn.

1823 5595 1920 5682 vni
1957 5597 2180 5682 Ergone
2197 5596 2296 5682 fuit
2315 5597 2726 5682 amanuensium
2749 5612 2918 5682 error.
2931 5597 2998 5656 de
3032 5596 3126 5670 Sp.
3138 5587 3340 5682 _s.;Pot.

1825 5665 1930 5780 25,k
1942 5665 2084 5798 ﬁt.
2113 5669 2199 5734 18,
2222 5673 2278 5726 in
2306 5669 2510 5743 Spiritu
2537 5680 2718 5728 sancto
2747 5665 3211 5746 blasphemarkrit?

2048 5783 2084 5798 ..
2115 5759 2236 5798 uua.
3021 5791 3024 5794 .

1908 5759 1930 5780 ι
1958 5759 2084 5808 ιειιη
2115 5759 2236 5818 qua.

1908 5811 1924 5855 ι
1960 5815 2121 5872 Deest
2141 5815 2278 5871 enim
2299 5815 2352 5870 in
2374 5813 2498 5872 edd.
