1976 3179
800 85 816 106 \

272 148 334 195 ἐτι

790 163 818 192 S.
838 161 974 192 ΝΙΟΕΤᾸΕ
995 163 1148 193 EPISCOPI
1168 164 1408 199 AQUILEIENSIS
1853 171 1891 198 87!

283 221 495 258 Scripturarum;
521 225 567 249 aut
590 224 663 249 certe
688 220 855 253 devitandus,
878 221 901 248 si
920 222 1079 250 exercitatio
1093 225 1117 253 Α
1132 221 1158 258 (1
1169 221 1228 250 Cor.
1251 231 1295 256 xv,
1313 222 1373 258 l9);
1389 224 1496 257 quando
1515 225 1604 259 utique
1619 224 1652 252 ad
1665 225 1715 252 hoc
1727 223 1839 254 Christus
1846 234 1892 255 ω-

284 268 370 296 deest.
387 267 414 295 Si
429 268 488 302 quis
503 267 646 295 hmreticus
667 267 717 294 sub
737 267 847 295 nomine
866 266 1019 294 Christiano
1034 272 1080 295 aut

284 314 418 342 Christum
434 314 481 341 tibi
491 318 642 342 creaturam
657 313 747 346 tradit,
760 318 806 341 aut
816 312 945 348 Spiritum
958 318 1080 340 sanctum

284 361 401 389 alienum
415 368 474 388 esse
489 368 504 388 a
519 359 606 387 Patris
619 364 646 388 et
657 360 716 387 Filii
726 360 811 395 gloria
822 360 975 396 persuadet,
988 361 1022 387 sit
1033 360 1081 388 tibi

284 411 420 442 tamquam
436 407 558 435 ethnicus
569 410 596 434 et
606 406 778 441 publicanus;
794 407 856 441 quia
871 411 898 434 te
913 406 946 433 ad
963 411 975 425 κ
992 406 1080 434 idolo-

283 454 389 481 latriam
402 452 416 473 ιι
432 453 548 485 deducit,
570 460 632 480 cum
644 456 797 480 creaturam
816 452 908 480 colere
927 452 1079 488 persuadet.

283 499 391 528 Etcum
406 504 433 528 te
452 499 645 535 quaestionibus
663 499 793 527 tortuosis
814 499 908 526 nititur
929 499 1079 534 implicare,

283 554 393 573 recurre
409 546 442 573 ad
456 553 562 573 murum
583 544 645 572 fidei
666 549 729 576 tua),
746 549 773 572 et
787 545 829 572 dic
844 545 989 572 secundum
1010 544 1083 580 Apo—

284 591 402 619 stolum:
421 590 476 627 Ego
495 596 505 610 ο
524 591 656 618 absolutus
675 599 742 623 sum,
755 599 801 626 ego
822 591 999 625 sancti/iectus
1014 598 1080 623 sum,

284 647 330 674 ego
338 638 500 673 justi/icatus
515 638 542 664 in
557 637 661 664 nomine
676 636 784 664 Domini
798 637 881 664 nostri
895 636 957 663 Iesu
975 635 1080 669 Christi,

284 689 310 712 et
331 685 359 711 in
380 684 480 720 Spiritu
496 683 544 710 Dei
567 684 617 710 mei
639 683 667 719 (1
687 683 747 710 Cor.
762 691 802 715 vi,
821 682 881 718 11).
901 682 970 709 Nihil
985 682 1018 710 de
1031 682 1083 709 hac

286 731 424 758 Trinitatis
431 730 600 766 professione
607 728 619 748 δ
629 730 768 761 nuntiabo,
778 737 812 756 ne
822 729 902 757 saluti
913 736 978 756 mete
989 733 1001 747 θ
1012 728 1084 756 dam-

286 786 360 809 num,
378 782 406 805 et
417 777 479 805 fidei
490 777 586 805 faciam
598 776 797 804 detrimentum.

322 823 365 850 10.
383 823 446 851 Post
457 822 653 851 confessionem
668 822 753 849 beate
769 822 918 854 Trinitatis,
932 821 988 856 jam
1002 820 1084 856 profi-

288 870 352 898 teris
366 870 475 898 credere
492 874 609 896 sanctam
624 868 768 896 Ecclesium
783 869 947 898 catholicam.
964 867 1084 895 Ecclesia

1124 276 1194 301 nem
1204 269 1322 304 suscepit
1343 269 1496 303 humanam,
1509 274 1539 297 ut
1552 271 1766 299 communionem
1782 272 1834 299 vitae
1846 280 1891 307 per-

1131 320 1218 351 petuae
1229 317 1337 344 mortali
1349 321 1448 345 nostra:
1458 317 1612 346 substantiae
1627 318 1781 353 impertiret.

1168 361 1211 389 ti.
1236 362 1311 389 Multi
1325 362 1435 397 quidem
1455 367 1518 390 sunt
1538 363 1735 397 haereticorum,
1758 364 1801 399 qui
1818 365 1892 393 distat.

1132 412 1215 443 quent
1230 408 1308 436 ﬁdem
1322 409 1536 441 resurrectionis,
1548 409 1713 437 vindicantes
1733 409 1811 437 solius
1823 411 1893 438 animm

1133 455 1256 488 salutem,
1273 459 1369 490 negata
1385 455 1473 482 carnis
1489 455 1696 483 resurrectione.
1712 455 1766 483 Sed
1783 459 1817 488 tu,
1827 457 1862 491 qui
1876 458 1893 484 1:1

1133 501 1269 529 Christum
1286 501 1384 533 credis,
1401 493 1490 529 carnis
1507 506 1558 528 tua:
1578 501 1799 529 resurrectionem
1813 501 1894 536 profite-

1134 548 1181 575 ris.
1195 547 1227 574 In
1239 547 1286 574 hoc
1299 548 1369 574 enim
1380 546 1496 574 Christus
1510 553 1534 574 et
1548 552 1663 575 mortuus
1677 552 1724 579 est,
1740 552 1765 574 et
1775 549 1892 576 resurrexit.

1134 598 1162 620 ut
1172 598 1197 621 et
1210 594 1343 621 viventium
1359 598 1383 620 et
1393 598 1551 620 mortuorum
1566 593 1710 620 dominetur
1722 591 1806 628 (Rom.
1816 600 1857 623 ια’,
1867 591 1892 626 9).

1135 640 1190 667 Nec
1211 647 1275 667 sane
1300 647 1466 674 supervacue
1492 639 1544 667 hoc
1566 639 1663 667 credis.
1687 638 1775 666 Habes
1795 638 1893 673 siquidem

1136 690 1260 713 auctores
1275 685 1397 713 idoneos.
1413 685 1512 720 Accipe
1527 685 1622 713 Isaiam
1642 685 1797 720 prophetam
1810 685 1893 712 dilucide

1136 732 1323 768 prmdicanletn
1350 741 1356 758 :
1382 731 1532 767 Exsurgent
1556 732 1660 763 mortui,
1685 736 1709 758 et
1734 736 1848 766 resurgant
1865 731 1893 766 qui

1136 783 1195 805 sunt
1206 779 1233 805 in
1248 779 1428 810 monumentis,
1442 783 1466 804 et
1480 777 1672 805 suscitalmntur
1685 778 1729 813 qui
1743 782 1799 804 sunt
1814 778 1835 803 in
1847 782 1893 802 terra

1138 824 1215 860 (Isai.
1229 832 1301 857 xxvi,
1315 823 1370 859 i9).
1387 823 1476 851 Habes
1491 827 1518 851 et
1529 823 1614 858 ipsum
1630 822 1772 850 Dominum
1785 821 1893 856 propheta-

1137 877 1197 897 rum
1208 870 1234 896 in
1248 868 1392 903 Evangelio
1406 869 1607 904 promittentem
1625 877 1630 894 :
1647 867 1705 903 Ego
1715 876 1771 895 sum
1780 868 1893 894 resurmtio

1043 913 1085 940 io?
1101 923 1124 953 Β
1137 920 1162 942 et
1178 916 1244 948 vita;
1258 916 1299 951 qui
1317 915 1396 942 credit
1410 916 1438 942 in
1453 924 1502 948 me,
1517 915 1618 942 etiamsi
1635 919 1752 941 mortuus
1768 913 1841 949 fuerit,
1852 914 1893 939 τίνει

307 917 352 944 uid
367 917 420 943 aliu

288 924 352 990 Ξυια
367 924 1083 954 allwsanmumnmmmuwm

279 964 286 969 "
312 962 332 990 b‘
342 963 456 990 exordio
467 962 539 989 enim
554 962 654 995 smculi,
668 963 724 989 sive
738 962 908 997 patriarchae,
926 961 983 988 sive
1000 960 1085 988 Abra-

286 1007 359 1040 bam,
374 1008 458 1040 lsaac,
475 1011 502 1036 et
522 1007 619 1040 Jacob,
638 1008 695 1035 sive
710 1008 866 1043 prophetat,
882 1007 939 1034 sive
958 1006 1083 1042 apostoli,

287 1055 345 1083 sive
355 1059 500 1090 martyres.
517 1055 575 1089 sive
584 1054 861 1095 ceterijustiw'
864 1057 944 1094 r114“
953 1053 1104 1092 ω

288 1100 335 1142 qui
347 1105 437 1131 erunt,
450 1108 503 1127 una
518 1099 639 1128 Ecclesia
650 1103 722 1136 sum,
734 1099 863 1141 (magna
874 1097 925 1126 fide
937 1102 963 1126 et
974 1106 1086 1126 conver—

276 1144 1087 1186 WEQWWHS

281 1222 784 1274 mﬁiﬁmﬁi‘e‘éifdmﬁ,
798 1237 852 1272 18).
870 1236 962 1264 Adhuc
973 1222 1088 1271 amplius

283 1277 361 1312 Ἠίοο-

288 1337 329 1357 me
344 1330 370 1357 in
381 1329 731 1357 liﬁiina'confmderantur
741 1329 845 1357 Ecclesi

874 1338 881 1363 ;
897 1329 1027 1364 Apostolo
1039 1337 1088 1357 nos

286 1375 412 1408 docente,
428 1376 491 1411 quia
502 1376 530 1402 in
541 1375 644 1403 Christo
655 1376 822 1403 reconciliata
836 1375 845 1394 ί
857 1376 909 1402 sint
923 1376 1019 1408 omnia,
1035 1384 1087 1403 non

286 1422 369 1450 solum
381 1431 439 1458 quae
451 1423 479 1450 in
491 1428 560 1450 terra
571 1428 640 1456 sunt,
654 1431 740 1450 verum
754 1428 779 1450 et
792 1431 849 1459 quo:
860 1424 887 1450 in
901 1423 963 1450 calo
975 1422 1086 1458 (Culoss.

287 1477 305 1501 ι,
317 1467 633 1511 20).,Ergoinmhacmnna
650 1468 771 1496 Ecclesia
785 1469 864 1509 crede
877 1474 906 1504 te
921 1470 1088 1505 communio.-

512 1503 529 1510 ιι.
535 1503 592 1511 “vnn
595 1502 760 1515 ,ερρωμαι-μμ.
785 1507 789 1509 .

289 1522 350 1542 nem
362 1519 569 1543 consecuturum
584 1523 644 1542 esse
659 1519 830 1547 sanctorum,
839 1515 912 1543 Scito
924 1523 1005 1546 unam
1019 1515 1088 1544 hanc

588 1546 755 1560 nam

262 1550 811 1686 ιξῗῖἔῖὲἕῐὲξῖἶῐῆἶῖἷῗῖὦῖἷθῖῖῆηωὶ
823 1563 888 1599 urbe
901 1562 1090 1596 tam.

287 1611 387 1640 tutam;
408 1608 485 1643 cujus
504 1608 722 1636 communionem
736 1608 818 1635 debes
833 1608 945 1635 firmiter
958 1608 1085 1635 retinere.

311 1653 484 1686 untﬂdem
497 1659 525 1682 et
542 1655 602 1682 alite
618 1654 871 1686 mdo-ecclesiae;
890 1655 937 1682 sed
952 1655 1018 1682 nihil
1040 1654 1088 1682 tibi

311 1663 327 1682 ll

288 1337 329 1357 me
344 1338 370 1357 Ill
381 1337 432 1357 1130
445 1337 499 1357 una
514 1337 731 1366 conueneraan
741 1337 862 1368 δεξιεειῃ
873 1338 881 1363 ,'

1138 962 1228 998 (Joan.
1245 971 1281 994 xl,
1297 962 1353 997 27).
1373 961 1406 988 Ει
1423 962 1476 989 alio
1491 962 1551 989 loco
1567 971 1573 988 :
1589 962 1671 988 Amen
1687 961 1745 988 dico
1764 960 1836 992 vobis,
1850 961 1893 987 mit

1138 1010 1202 1037 hora
1218 1019 1274 1037 cum
1289 1010 1383 1037 mortui
1404 1010 1447 1046 qui
1461 1015 1522 1037 sunt
1535 1011 1562 1036 in
1577 1009 1761 1041 monumentis,
1772 1007 1893 1034 audientiu-

1138 1064 1191 1083 cem
1207 1055 1271 1083 Filii
1286 1055 1351 1088 Dei;
1364 1061 1389 1083 et
1408 1056 1613 1092 resurgenhqiti
1626 1055 1695 1082 bona
1714 1056 1826 1090 fecerunt,
1837 1054 1857 1079 is
1868 1062 1893 1079 τε·

1137 1104 1321 1129 surrectionem
1337 1103 1404 1136 vita,
1416 1103 1458 1138 qui
1472 1107 1558 1129 autem
1568 1103 1639 1129 mala
1652 1106 1792 1137 gesserunt,
1802 1102 1825 1127 in
1837 1108 1892 1126 rem-

1139 1149 1279 1175 rectionem
1289 1148 1383 1183 judicii
1399 1148 1488 1184 (Joan.
1506 1156 1533 1180 ν,
1550 1146 1595 1181 28,
1610 1147 1666 1183 29).
1681 1147 1770 1174 Habes
1782 1145 1893 1181 apostolum

1139 1194 1251 1222 Paulqu
1275 1198 1475 1222 asseverantem
1497 1204 1504 1221 :
1527 1194 1634 1229 Oportet
1655 1198 1799 1229 corruptum
1816 1193 1852 1219 hoc
1867 1193 1893 1218 is-

1140 1241 1217 1268 duere
1232 1241 1441 1277 incorruptelam,
1457 1246 1482 1268 et
1496 1241 1605 1269 mortale
1622 1241 1668 1268 hoc
1685 1240 1789 1267 induere
1799 1240 1894 1266 immorta-

1139 1287 1239 1314 litatem
1250 1286 1271 1323 (1
1282 1287 1342 1314 Cor.
1355 1295 1399 1320 xv,
1412 1286 1468 1322 55).
1480 1286 1582 1314 Scitote
1593 1294 1625 1313 ex
1635 1286 1738 1321 duplici
1749 1294 1794 1313 nos
1802 1284 1895 1312 essesth-

1139 1333 1248 1366 stantia,
1260 1332 1287 1360 id
1294 1337 1346 1365 est,
1359 1340 1474 1368 corpore
1484 1336 1512 1360 et
1522 1333 1621 1360 anima.
1629 1332 1738 1367 Corpus
1747 1331 1838 1366 quidem
1846 1337 1895 1357 mor-

1140 1379 1203 1411 tale,
1225 1379 1313 1406 anima
1329 1386 1394 1406 vero
1406 1378 1575 1406 immortalis.
1591 1379 1657 1406 Cum
1668 1379 1752 1406 homo
1765 1385 1795 1405 ex
1807 1378 1848 1404 hac
1859 1376 1894 1402 vita

1138 1424 1239 1458 deﬁcit,
1255 1433 1309 1453 non
1323 1425 1411 1452 anima
1431 1425 1555 1458 moritur,
1571 1424 1618 1452 sed
1638 1432 1672 1451 ea
1687 1423 1820 1451 recedente
1835 1422 1894 1450 solum

1139 1478 1238 1506 corpus
1266 1471 1410 1504 emoritur;
1432 1475 1460 1498 et
1484 1474 1655 1506 putrmpente
1674 1471 1704 1508 in
1729 1475 1895 1504 terracorpore.

1143 1517 1152 1536 ί
1165 1518 1253 1545 anima
1264 1525 1314 1552 pro
1324 1507 1493 1552 suo‘meritoa
1501 1517 1548 1545 alit
1566 1516 1593 1553 in
1608 1507 1756 1555 109ch
1770 1516 1841 1543 autin
1854 1515 1896 1542 loco

1140 1565 1262 1598 caliginis
1275 1569 1444 1598 reservatur;
1467 1568 1496 1592 ut
1516 1565 1544 1591 in
1564 1564 1608 1592 die
1628 1564 1759 1592 adventus
1774 1562 1860 1590 Domini
1874 1561 1897 1587 de

286 1599 394 1640 {utam}
408 1608 485 1643 cujus
504 1600 722 1636 communionem
736 1608 818 1635 debes
830 1597 945 1635 lirmiter
958 1608 1085 1635 retinere.
1100 1616 1124 1647 ς
1140 1597 1220 1644 cmlo,
1238 1619 1299 1639 cum
1311 1611 1416 1638 venerit
1432 1618 1493 1638 cum
1508 1611 1608 1644 sanais
1616 1610 1729 1645 .apgelis
1741 1610 1794 1640 suis,
1809 1606 1898 1635 resusci-

329 1653 484 1688 iit'guidem
497 1659 525 1682 et
542 1654 871 1688 alitemdﬂmlesite;
890 1655 937 1682 sed
952 1655 1018 1682 nihil
1040 1654 1088 1682 tibi

289 1707 432 1728 commune
443 1708 503 1728 cum
519 1700 587 1734 illis;
600 1704 628 1728 ut
640 1704 704 1736 puta
715 1700 934 1732 Manichaeorum,
946 1699 1088 1735 Cataphri-

288 1752 417 1780 suarum,
441 1745 699 1780 Marcionistarum;
727 1746 770 1773 vel
795 1750 955 1774 czeterorum
983 1745 1090 1773 haereti-

257 1799 260 1819 E
289 1798 399 1822 corum,
426 1791 483 1819 sive
511 1791 764 1825 schismaticorum;
793 1792 856 1826 quia
879 1791 935 1826 jam
961 1791 1088 1819 desinunt

259 1848 261 1859 λ
287 1837 345 1865 ista:
366 1836 493 1865 Ecclesiae
516 1845 576 1866 esse
596 1842 697 1866 sanctae
724 1847 730 1864 ι
757 1838 891 1872 siquidem
915 1838 1089 1865 daemoniacis

287 1883 406 1919 deceptae
437 1884 585 1917 doctrinis,
621 1885 699 1912 aliter
730 1885 861 1917 credunt,
891 1885 969 1912 aliter
994 1888 1086 1919 agunt,

265 1925 267 1932 ’
288 1936 369 1964 quam
389 1928 510 1957 Christus
533 1930 663 1958 Dominus
690 1930 845 1963 mandavit,
866 1938 947 1965 quam
972 1930 1089 1965 apostoli

270 2001 271 2004 η
288 1976 464 2004 tradiderunt.
489 1975 583 2004 Credis
604 1977 701 2005 deinde
721 1979 749 2004 in
770 1978 946 2004 remissionem
969 1981 1088 2012 peccato-

291 2031 359 2050 rum.
375 2022 438 2051 Ηωο
453 2027 495 2051 est
516 2023 590 2050 enim
604 2023 701 2057 gratia,
723 2031 776 2058 qua
796 2023 946 2055 credentes,
980 2027 992 2046 κ
1005 2023 1089 2050 Deum

274 2068 423 2106 LChristum
438 2070 597 2097 confitentes
607 2090 614 2103 ,
631 2070 645 2087 ³³
666 2073 869 2104 consequuntur
893 2077 942 2104 per
956 2069 1090 2104 baptisma

272 2115 477 2161 jremissionem
491 2123 602 2143 suorum
625 2115 746 2142 omnium
764 2119 946 2150 peccatorum.
970 2114 1046 2142 Unde
1063 2118 1090 2141 et.

272 2163 277 2193 ἕ
290 2162 459 2196 regeneratio
469 2162 584 2195 dicitur;
596 2162 659 2197 quia
673 2162 734 2198 plus
748 2162 830 2190 homo
846 2162 986 2194 innocens,
1003 2166 1029 2189 et
1044 2170 1090 2197 pu-

290 2215 337 2235 rus
350 2208 478 2242 redditur,
491 2216 571 2243 quam
582 2217 643 2237 cum
657 2209 690 2236 de
704 2209 798 2237 matris
812 2216 868 2236 sua:
883 2213 960 2236 utero
973 2216 1086 2243 genera-

291 2260 343 2282 tur.
359 2255 563 2289 Consequenter
573 2255 660 2283 credis
671 2260 698 2283 et
710 2257 795 2283 carnis
807 2260 857 2283 tua:
867 2257 1088 2288 resurrectionem,

289 1656 358 1682 Sunt
374 1656 484 1690 quidem
497 1659 525 1682 et
542 1656 602 1682 alite
618 1656 858 1691 ρξρυᾱοςέεειαςωπ

1142 1656 1204 1684 tatis
1224 1656 1358 1687 omnibus,
1380 1660 1408 1683 et
1428 1656 1523 1683 anima:
1542 1660 1706 1684 revocentur
1723 1656 1746 1682 in
1761 1661 1864 1688 corpora.
1877 1656 1899 1678 ει

1138 1703 1211 1738 justa
1239 1703 1275 1730 sit
1301 1702 1435 1730 bonorum
1457 1702 1644 1736 malorumque
1669 1703 1675 1726 i
1707 1700 1824 1729 discetis.
1841 1698 1898 1725 Tunc

1138 1748 1203 1784 justi
1217 1748 1356 1783 fulgebunt
1371 1749 1442 1776 sicut
1455 1749 1496 1775 sol
1511 1748 1537 1775 in
1552 1755 1636 1782 regno
1651 1747 1742 1776 Patris
1753 1754 1833 1775 eorum
1847 1754 1852 1772 :
1864 1745 1897 1772 im-

1140 1796 1179 1830 pii
1197 1803 1272 1828 vero,
1293 1799 1321 1822 et
1340 1794 1425 1829 iniqui
1442 1794 1468 1821 in
1486 1794 1613 1821 tenebras
1627 1793 1719 1826 inferi,
1736 1793 1778 1820 ubi
1794 1793 1834 1819 erit
1846 1791 1895 1825 ﬂetu

1141 1840 1292 1889 oculorum4
1305 1840 1440 1885 et‘stridor
1452 1830 1578 1889 uiuum,
1599 1839 1809 1881 sicuyscriptum
1821 1841 1860 1864 est.

1177 1887 1220 1914 12.
1235 1887 1270 1914 Ut
1283 1874 1374 1915 autem
1386 1874 1424 1915 'de
1432 1874 1568 1922 corporis.
1576 1874 1775 1914 resurrectione
1790 1892 1833 1912 non
1842 1882 1895 1910 dubi-

1141 1937 1192 1964 tes,
1209 1933 1301 1968 accipe
1313 1933 1356 1960 vel
1375 1940 1458 1959 unum
1472 1932 1625 1967 exemplum
1638 1932 1673 1959 de
1686 1930 1822 1959 mundanis
1835 1928 1896 1958 rebus.

1141 1980 1210 2007 sicut
1229 1979 1308 2007 docet
1323 1979 1469 2014 Apostolus
1484 1979 1505 2015 (1
1525 1978 1585 2005 Cor.
1608 1987 1651 2011 xv,
1669 1978 1727 2013 56).
1744 1977 1807 2005 Ecce
1818 1981 1896 2012 gnnum

1141 2026 1233 2058 tritici,
1248 2030 1392 2058 mortuum,
1405 2025 1519 2058 aridum,
1531 2025 1681 2052 seminatur
1696 2025 1725 2052 in
1739 2029 1817 2056 tem;
1827 2026 1848 2050 et
1857 2027 1898 2048 fore

1142 2072 1203 2100 coeli
1217 2070 1407 2103 madefactum,
1429 2078 1490 2098 cum
1512 2071 1654 2106 putruerit,
1673 2075 1739 2098 tunc
1752 2069 1843 2097 demum
1854 2064 1898 2092 τὶτῖ-

1143 2119 1246 2150 ticatur,
1262 2122 1289 2145 et
1304 2118 1398 2152 surgit.
1415 2116 1494 2150 Puto,
1512 2117 1557 2152 qui
1570 2124 1683 2152 granum
1697 2116 1778 2144 tritici
1795 2112 1899 2142 resuscitat

1142 2170 1253 2201 propter
1263 2165 1410 2198 hominem,
1418 2165 1506 2201 ipsum
1513 2165 1649 2193 hominem
1661 2164 1816 2192 seminatum
1824 2163 1898 2189 intem

1143 2212 1303 2240 resuscitare
1319 2212 1420 2246 poterit
1434 2220 1440 2237 :
1458 2211 1539 2238 immo
1555 2215 1583 2238 et
1595 2215 1686 2246 potest
1701 2215 1731 2238 et
1740 2209 1802 2237 vult.
1813 2207 1864 2235 Nam
1874 2205 1898 2232 si-

1142 2263 1188 2286 cut
1198 2264 1310 2293 granum
1322 2258 1421 2293 pluvia,
1434 2257 1471 2284 ita
1481 2265 1579 2292 corpus
1593 2256 1710 2292 Spiritus
1727 2263 1787 2283 rore
1799 2253 1899 2281 virilitat—

291 2305 316 2327 et
329 2301 357 2327 in
367 2301 444 2327 vitam
468 2306 602 2328 retentam.
617 2301 720 2328 Revera
736 2301 807 2328 enim
821 2301 843 2329 si
859 2302 910 2329 hoc
925 2309 978 2329 non
990 2302 1087 2334 credis,
1106 2312 1131 2343 ι)
1143 2304 1217 2337 dum,
1231 2304 1301 2331 sicut
1312 2303 1410 2331 clamat
1424 2303 1507 2330 lsaias
1521 2303 1556 2330 ad
1571 2302 1720 2336 Christum,
1737 2309 1787 2333 ros,
1798 2299 1863 2328 enim.
1874 2296 1900 2323 ih-

291 2347 390 2374 l'rustra
414 2347 440 2374 in
455 2346 540 2374 Deum
558 2347 655 2375 credis.
672 2347 770 2375 Totum
785 2348 856 2375 enim
870 2348 942 2382 quod
956 2348 1090 2376 credimus

291 2397 402 2429 propter
423 2397 542 2420 nostram
561 2393 694 2420 credimus
712 2394 947 2422 resurrectionem.
965 2394 1090 2429 Alioquin

291 2439 313 2466 si
329 2439 356 2466 in
371 2439 422 2466 hac
440 2438 496 2465 vita
511 2443 614 2465 tantum
638 2447 777 2474 speramus
792 2440 819 2466 in
833 2439 955 2473 Christo,
972 2448 1044 2473 vere,
1062 2445 1091 2467 ut

291 2485 329 2512 ait
339 2484 495 2520 Apostolus,
507 2484 705 2513 miserabiliores
719 2494 806 2513 sumus
816 2486 933 2514 omnibus
946 2486 1091 2515 hominibus

329 2569 342 2582 ι
362 2563 430 2593 Cod.
444 2565 604 2593 idolatriam.
622 2565 735 2600 Ambigo
759 2570 847 2594 autem
872 2570 961 2593 utrum
986 2567 1089 2594 librarii

292 2600 400 2636 mendo,
413 2609 447 2628 an
458 2609 507 2629 usu
518 2601 573 2636 jam
589 2605 644 2628 tum
660 2601 761 2636 vulgari
772 2602 899 2636 quoniam
910 2602 949 2629 sic
957 2602 1092 2636 loquimur

292 2634 352 2672 Itali
366 2635 499 2667 hodierni,
513 2634 627 2664 fortasse
640 2637 703 2671 quia
712 2634 757 2664 ’ab
774 2634 969 2672 antiquioribus
983 2634 1020 2664 ita
1035 2642 1090 2665 tra-

294 2671 379 2698 ditum
397 2672 475 2699 nobis
489 2675 539 2699 est.
566 2678 568 2680 '

329 2705 344 2725 δ
358 2705 436 2744 βοά..
453 2707 590 2744 deducunt,
606 2711 634 2744 et
644 2715 717 2744 mox.
730 2708 894 2744 persuadent.

331 2746 343 2760 ε
354 2741 398 2780 _1ta
412 2742 473 2770 cod.
490 2748 517 2770 et
526 2742 658 2780 edd._§ed
673 2741 866 2780 hoc'mendum
882 2752 942 2773 esse
956 2753 1006 2780 pro
1017 2745 1092 2773 ablu-

295 2782 335 2816 tus
346 2777 514 2816 demonstrat
524 2778 698 2816 ipse_Nicetas
708 2779 742 2816 de
757 2778 802 2816 _Sp.
815 2788 838 2807 s.
850 2779 909 2807 Pot.
924 2777 1007 2816 p.24,
1021 2789 1089 2808 vers.

295 2812 338 2851 16.
356 2812 441 2840 Abluti
452 2812 652 2851 habet'vulgata
667 2813 743 2851 Pauli
757 2812 851 2843 Latina
862 2812 959 2850 editio;
974 2817 1092 2851 itemque

295 2846 419 2884 (Stoicum
433 2846 607 2884 archetypum
622 2850 809 2878 ἀπελούσασθε.

331 2881 345 2901 ά
355 2882 491 2924 Nuntia”
510 2881 559 2920 pro
574 2886 729 2924 renuntigre
740 2893 789 2924 seu
808 2895 912 2923 negare,
924 2887 1006 2916 etiam
1021 2887 1092 2924 apud

298 2916 492 2948 Tertullianum
506 2916 610 2948 notavit
624 2920 658 2948 c1.
670 2920 773 2948 Braida.

1142 2351 1209 2386 quit,
1225 2352 1267 2386 qui
1286 2350 1331 2377 abs
1350 2355 1373 2376 te
1390 2355 1437 2382 est,
1456 2350 1555 2377 sonitus
1572 2354 1610 2376 est
1627 2350 1680 2376 illis
1695 2348 1775 2384 (lsai.
1792 2342 1899 2376 no.1!”-

1143 2396 1212 2424 Vere
1237 2396 1353 2428 sanitas,
1376 2396 1439 2430 quia
1465 2397 1624 2423 resuscitata
1647 2402 1764 2430 corpora
1783 2396 1901 2422 sanctorum

1143 2443 1258 2478 amplius
1272 2443 1329 2478 jam
1348 2443 1419 2471 mori
1439 2450 1494 2470 non
1518 2447 1651 2471 metuunt.
1674 2441 1773 2470 Vivent
1785 2440 1846 2468 enim
1861 2443 1902 2464 cum

1143 2488 1250 2517 Christo
1272 2489 1299 2516 in
1319 2489 1405 2523 ctelo,
1426 2490 1473 2524 qui
1491 2489 1619 2517 vixerunt
1636 2488 1784 2517 secundum
1802 2487 1902 2522 μηθενιτ

1180 2573 1192 2604 ξ
1207 2567 1284 2604 Cod.,
1301 2568 1450 2604 dampuum.

1181 2603 1191 2622 τ
1208 2603 1246 2631 ita
1261 2604 1322 2631 cod.
1339 2603 1373 2631 At
1387 2604 1461 2636 edd.,
1473 2609 1542 2631 sunt.

1181 2643 1193 2662 Β
1209 2638 1288 2671 Edd.,
1305 2639 1454 2667 Dominum.

1181 2673 1284 2713 lfgod”
1300 2681 1476 2713 consecuntur.

1185 2708 1193 2728 ί
1209 2709 1350 2743 Quomodo
1371 2709 1559 2745 intelligendus
1573 2710 1609 2738 sit
1627 2710 1727 2739 Nicetis
1742 2709 1785 2738 hic
1803 2709 1872 2738 locus.
1887 2707 1906 2729 ει

1164 2745 1217 2773 uod
1237 2746 1317 2782 verba
1331 2746 1361 2782 in
1369 2746 1429 2782 loco
1444 2744 1507 2773 lucis
1524 2746 1591 2782 satis
1606 2746 1726 2774 indicent
1739 2744 1863 2782 caelestqn
1876 2746 1905 2777 5":

1164 2789 1207 2809 em
1223 2790 1229 2807 :
1246 2781 1282 2808 ita
1304 2785 1334 2809 ut
1354 2781 1460 2809 Nicetas
1480 2782 1507 2809 in
1528 2781 1636 2809 illorum
1656 2789 1749 2809 errore
1763 2788 1814 2808 non
1831 2781 1859 2805 sit
1873 2782 1905 2814 «ΙΨ

1144 2817 1246 2854 opinati
1257 2821 1324 2854 sunt
1330 2817 1671 2854 coalestemrbeatitudinem
1684 2816 1788 2854 nonnisi
1799 2817 1851 2854 post
1863 2817 1904 2854 litt]:

1142 2847 1248 2880 versate
1269 2852 1398 2887 judicium
1410 2852 1491 2887 justis
1506 2853 1663 2881 attributum
1683 2853 1725 2883 iri.
1744 2847 1905 2883 late‘displm

1144 2887 1365 2925 demonstratque
1379 2888 1413 2916 cl.
1430 2888 1526 2925 Braida
1539 2888 1644 2916 dissert.
1657 2896 1685 2925 p.
1697 2887 1750 2916 274
1768 2893 1823 2921 sqq-

1181 2929 1188 2949 t
1209 2922 1354 2960 Perperam
1368 2924 1396 2953 in
1410 2924 1483 2959 edd.,
1499 2924 1638 2953 distinctio.
