3952 6358
205 287 306 345 875

1516 276 1941 336 FRAGMENTA
1977 272 2134 334 SEX.

3369 274 3473 339 επ

201 401 396 464 Christi
424 407 481 459 et
501 399 739 472 justitias
774 398 828 456 in
865 397 972 456 hoc
998 395 1203 454 mundo
1233 413 1249 451 :
1284 395 1401 452 hac
1436 399 1523 451 est
1560 402 1784 459 :eterua,
1804 372 1864 459 Ἀ
1889 370 2069 448 δεθειίιὶ
2097 389 2402 475 Scripturas
2434 403 2615 459 regere
2644 405 2752 447 non
2778 392 3027 461 possunt,
3060 386 3296 446 habeant
3321 388 3475 446 sum-

203 505 254 555 et
288 495 447 551 beata
481 493 594 549 vita
634 492 746 559 illa,
785 506 947 564 quam
985 489 1163 548 credis
1193 506 1209 543 :
1254 488 1343 546 hic
1380 487 1584 544 fructus
1624 486 1791 543 totius

204 587 355 654 lldei,
394 593 450 644 et
487 586 644 643 home
682 582 1112 642 conversationis
1151 598 1166 637 :
1210 581 1328 638 haec
1368 594 1521 652 spes,
1566 586 1792 651 propter

201 692 362 756 quam
397 680 690 746 nascimur,
735 677 1024 743 credimus,
1068 682 1126 732 et
1164 673 1516 732 renascimur.
1560 669 1792 742 Propter

201 776 336 833 hanc
352 781 413 852 et
430 772 712 846 prophetae
732 781 788 829 et
809 769 1042 843 apostoli
1069 776 1126 825 et
1152 777 1418 840 martyres
1442 775 1551 821 tam
1577 764 1792 821 labores

202 865 603 927 inextricabiles
641 865 993 931 sustulerunt,
1023 877 1188 934 quam
1225 867 1456 917 mortem
1493 873 1617 915 cum
1654 870 1791 928 gau-

201 959 286 1016 dio
323 965 697 1031 susceperunt.
740 955 893 1011 Hanc
930 957 1094 1011 vitam
1136 969 1239 1011 nec
1275 952 1493 1025 gentilis
1532 949 1789 1017 habebit,

199 1062 297 1104 nec
322 1045 542 1103 Iudaeus
573 1045 880 1103 incredulus
911 1045 1242 1118 possidebit;
1285 1043 1381 1101 sed
1423 1058 1525 1099 nec
1551 1041 1698 1098 vitiis
1737 1046 1795 1097 et

199 1138 510 1196 criminibus
537 1138 782 1195 serviens
805 1135 1171 1205 Christianus;
1211 1136 1339 1208 quia
1376 1135 1510 1194 solis
1536 1142 1621 1192 est
1659 1133 1791 1191 lide-

198 1230 338 1287 libus
364 1239 423 1287 et
445 1237 594 1289 caste
629 1230 932 1287 viventibus
964 1238 1287 1302 praeparata.

268 1326 358 1383 l5.
390 1324 547 1395 Quod
585 1342 711 1384 cum
750 1325 824 1381 ita
865 1326 957 1392 sit,
1001 1321 1323 1391 charissimi,
1356 1330 1572 1380 manete
1615 1322 1671 1379 in
1708 1320 1795 1378 bis

198 1435 315 1493 qua:
344 1419 607 1477 didicistis
634 1427 689 1475 et
714 1418 913 1475 tradita
942 1425 1069 1474 sunt
1095 1416 1265 1473 vobis.
1300 1414 1552 1473 Retinete
1579 1429 1796 1487 semper

202 1520 438 1584 pactum,
454 1511 601 1582 quod
630 1509 830 1570 fecistis
850 1527 971 1567 cum
994 1510 1244 1576 Domino,
1263 1510 1316 1567 id
1336 1516 1421 1567 est
1449 1510 1552 1564 hoc
1578 1509 1797 1582 symbo-

204 1615 329 1671 ‘um,
360 1606 505 1677 quod
534 1621 722 1662 coram
758 1605 965 1676 angelis
1003 1614 1061 1661 et
1087 1604 1399 1662 hominibus
1437 1593 1791 1661 conﬁtemini.

202 1694 383 1753 Pauca
416 1696 634 1768 quidem
674 1705 801 1753 sunt
838 1694 1036 1764 verba;
1066 1696 1161 1753 sed
1192 1696 1373 1753 omnia
1402 1695 1685 1752 continent
1708 1710 1797 1750 sa-

1890 484 2120 541 cientem
2160 483 2260 540 sibi
2290 483 2569 540 scientiam
2597 483 2906 540 salutarem.

1961 574 2047 630 M.
2078 575 2186 642 lta,
2228 577 2549 645 charissimi,
2581 577 2694 632 sive
2737 576 2955 645 sedetis,
2995 576 3111 635 sive
3149 578 3474 652 operamini,

1890 669 2004 725 sive
2042 668 2306 735 dormitis,
2346 671 2460 726 sive
2489 671 2739 740 vigilatis,
2772 671 2886 727 hac
2914 671 3164 728 salutaris
3208 654 3511 795 confessio;

1891 761 2138 795 "Alunt...
2166 763 2217 795 :n
2251 764 2553 795 ηοηιη..;1ιηο
2585 765 2773 795 ινηοιηςι.
2829 764 2907 795 εει
2945 767 3151 795 ...ἀν-...η
3182 784 3396 795 ,μη-υ...
3426 769 3476 795 :_

1891 761 2138 820 volvatur
2165 763 2219 818 in
2251 764 2558 834 pectoribus
2585 765 2795 821 vestris.
2829 764 2912 820 Sit
2943 767 3154 823 animus
3182 784 3396 840 semper
3424 769 3482 827 in

1891 856 2051 923 caelo,
2094 871 2216 927 spes
2245 856 2297 911 in
2327 858 2742 923 resurrectione,
2788 858 3110 915 desiderium
3150 862 3204 915 in
3245 862 3478 932 promis-

1891 951 2063 1008 sione.
2104 948 2249 1007 Crux
2277 948 2497 1017 Christi,
2543 961 2599 1008 et
2633 953 2867 1023 gloriosa
2898 956 3077 1026 passio
3119 972 3239 1011 cum
3287 955 3481 1012 liducia

1892 1042 2240 1116 praeferatur;
2270 1052 2327 1098 et
2355 1044 2608 1114 quotiens
2653 1044 2898 1101 inimicus
2941 1055 3179 1104 mentem
3216 1057 3361 1103 tuam
3391 1042 3509 1110 aut:

1894 1135 2107 1203 timore,
2142 1142 2236 1190 aut
2256 1135 2498 1201 avaritia,
2535 1145 2629 1191 aut
2658 1136 2735 1191 ira
2766 1136 3079 1203 titillaverit,
3110 1139 3378 1210 responde
3408 1138 3497 1194 illi

1894 1227 2194 1294 minaciter,
2237 1226 2424 1283 dicens
2464 1245 2476 1280 :
2520 1226 2588 1281 Et
2619 1227 3020 1297 abrenuntiavi,
3069 1239 3124 1286 et
3163 1214 3487 1287 abrenuntio

1895 1321 2012 1389 tibi,
2056 1320 2310 1392 operibus
2337 1319 2559 1390 pariter,
2600 1329 2655 1376 ct
2696 1322 2900 1389 angelis
2941 1322 3085 1388 tuis;
3129 1324 3255 1392 quia
3284 1322 3488 1380 credidi

1896 1413 2009 1469 Deo
2037 1413 2160 1468 vivo
2185 1421 2241 1469 et
2263 1410 2481 1468 Christo
2512 1411 2648 1483 ejus,
2685 1412 2838 1483 cujus
2878 1413 3081 1485 Spiritu
3118 1415 3359 1483 signatus
3387 1429 3491 1472 nec

1896 1516 2129 1564 mortem
2169 1506 2330 1563 didici
2354 1506 2468 1577 jam
2500 1507 2710 1562 timere.
2753 1507 2843 1563 Sic
2883 1524 2981 1564 vos
3023 1508 3260 1564 tuebitur
3298 1524 3492 1565 manus

1898 1597 2013 1665 Dei,
2066 1600 2146 1656 sic
2188 1597 2422 1671 Spiritus
2468 1597 2666 1655 Christi
2715 1608 2962 1656 sanctum
3008 1602 3278 1657 custodiet
3318 1602 3495 1658 intro-

1900 1693 2034 1748 itum
2075 1699 2335 1759 vestrum,
2376 1707 2443 1747 ex
2483 1693 2588 1748 hoc
2630 1709 2771 1747 nunc
2814 1701 2868 1748 et
2896 1708 3067 1764 usque
3112 1695 3165 1749 in
3204 1695 3492 1762 sreculum;

201 1797 497 1844 cramenta.
521 1798 550 1828 ι
592 1788 669 1845 De
706 1790 837 1845 totis
876 1790 1022 1849 enim
1059 1787 1353 1861 Scripturis
1379 1788 1494 1846 hac
1520 1786 1800 1845 brevitatis
1831 1800 1877 1863 Β
1903 1803 2026 1843 cum
2085 1787 2410 1844 meditantes
2459 1784 2731 1842 Christum
2784 1787 3032 1843 dixeritis
3081 1788 3149 1843 ad
3196 1788 3426 1844 invicem
3474 1806 3493 1842 :

198 1896 364 1937 causa
382 1882 609 1967 collecta
631 1891 775 1950 sunt,
798 1891 1070 1953 tamquam
1090 1895 1313 1951 gemma:
1334 1881 1583 1953 pretiosae
1611 1880 1664 1937 in
1686 1898 1795 1937 una

197 1990 402 2031 corona
439 1973 781 2048 compositae,
837 1985 897 2031 ut
933 1975 1191 2046 quoniam
1243 1974 1425 2046 plures
1462 1973 1798 2030 credentium

198 2064 406 2122 litteras
448 2068 733 2131 nesciunt,
777 2066 863 2123 vel
900 2066 996 2136 qui
1034 2065 1230 2132 sciunt,
1272 2080 1372 2137 per
1413 2065 1799 2137 occupationes

263 2231 293 2262 ι
340 2222 544 2280 Locum
589 2225 735 2281 hunc
776 2222 836 2280 S.
880 2222 1101 2291 Nicetre,
1151 2223 1477 2281 observante
1525 2224 1595 2280 cl.
1649 2223 1793 2291 Fea,

196 2309 370 2379 prope
391 2296 457 2379 ad
474 2295 722 2379 [litteram
740 2295 841 2379 sibi
860 2295 1151 2379 vindicavi}
1164 2295 1609 2379 lS._ll‘.l.ephons_us
1638 2294 1797 2379 Tale—

196 2364 359 2449 tanus
386 2366 453 2421 de
471 2366 918 2449 Cogti._baptismi
937 2382 1059 2438 cap.
1076 2367 1265 2449 35_(ed.
1291 2364 1490 2449 bla'trit.
1508 2364 1657 2449 Patr:
1686 2365 1795 2449 Ἰξοτ

197 2383 359 2421 vanus
386 2383 453 2421 ne
471 2383 642 2435 cogn.
666 2383 732 2422 na
776 2383 918 2422 usmn
937 2383 1059 2438 cap.
1077 2383 1265 2439 oeten.
1291 2383 1490 2421 malm.
1511 2383 1657 2421 ratr.
1688 2383 1720 2421 ἰ
1733 2383 1795 2421 o-

199 2435 289 2518 let.
327 2445 461 2490 tom.
492 2436 532 2503 ι,
558 2453 612 2509 p.
640 2383 771 2562 ίὸέὶ
788 2438 939 2508 cujus
959 2453 1028 2493 en
1051 2439 1214 2494 verba
1240 2455 1252 2490 :
1285 2436 1349 2491 In
1380 2455 1478 2512 quo
1502 2436 1795 2510 (symbolo)

197 2507 319 2591 ideo.
342 2507 406 2591 ab
449 2508 698 2591 apostolis
773 2511 1006 2591 reuiatim
1029 2509 1279 2591 lcollecta‘
1298 2518 1417 2591 sant
1458 2526 1525 2563 ea:
1560 2508 1797 2591 omnibus

199 2574 511 2650 Scripturis,
534 2588 593 2634 ut
610 2580 732 2652 quia
751 2579 901 2634 multi
920 2579 1181 2635 credentes
1204 2579 1279 2634 vel
1301 2582 1498 2634 litteras
1519 2581 1795 2645 nescirent,

1904 1883 2113 1947 lratres,
2158 1882 2272 1937 sive
2298 1881 2600 1951 vigilemus,
2644 1880 2759 1937 sive
2802 1880 3151 1945 dormiamus,
3185 1882 3343 1937 simul
3371 1895 3495 1938 cum

1906 1966 2131 2029 Nmino
2171 1975 2442 2040 vivamus;
2489 1974 2576 2029 cui
2611 1973 2783 2043 gloria
2822 1974 2877 2029 in
2917 1975 3109 2030 saecula
3152 1974 3496 2031 saeculorum.

1912 2060 2091 2121 ‘men.

1900 2226 1980 2301 rel
2005 2226 2222 2281 scientes
2250 2228 2488 2301 occupati
2500 2228 2871 2301 impedimento
2891 2229 3069 2286 circuli
3099 2230 3401 2301 Scripturas
3424 2231 3501 2285 eis

1902 2296 2068 2369 legere
2104 2314 2206 2352 non
2249 2296 2445 2369 liceret,
2470 2296 2589 2369 [υθέ
2626 2302 2780 2355 corde
2813 2312 2862 2355 et
2907 2303 3158 2357 memorat
3199 2296 3499 2363 retinentes.

1900 2367 2233 2439 suﬁciean
2260 2367 2359 2423 sibi
2385 2368 2631 2425 haberent
2656 2374 2928 2427 scientiam
2957 2373 3259 2428 salutarem.
3287 2369 3501 2431 Claruit

1902 2438 2080 2522 autem
2108 2438 2464 2522 lldepho..sus
2501 2442 2749 2499 ducentis
2791 2442 2904 2499 fere
2951 2453 3076 2515 post
3116 2444 3359 2501 Nicetam
3398 2462 3502 2503 ιιο·

1903 2517 2074 2566 atrum
2097 2517 2272 2567 annis.

2768 2685 2785 2694 ς

927 2800 1763 2919 EJUSDEM
1836 2805 1984 2920 S.
2060 2806 2781 2922 NICETE

1261 3005 1291 3035 ⁸
1335 3004 2066 3097 FRAGMENTA
2140 3011 2399 3095 SEX.

272 3375 494 3432 Nicetes
540 3377 595 3431 in
640 3363 772 3430 libro
800 3372 829 3412 δ
858 3374 1024 3446 primo
1071 3381 1142 3429 ad
1181 3372 1553 3447 Competentes.
1603 3370 1809 3427 Instru-

190 3470 419 3527 ctiones
456 3468 617 3538 igitur
645 3467 979 3525 necessarias
1006 3467 1072 3524 ad
1119 3468 1280 3525 tidem
1307 3467 1647 3525 currentibus
1674 3482 1810 3537 opus

191 3571 290 3619 est
317 3562 626 3633 explorare,
669 3577 807 3633 quas
832 3570 890 3618 et
914 3563 1130 3619 rustica
1167 3564 1362 3619 animae
1387 3563 1595 3634 possint
1620 3562 1812 3617 advor-

192 3661 322 3707 tere
354 3652 557 3723 pariter
584 3661 640 3708 et
680 3661 883 3721 tenere,
916 3670 1023 3711 non
1053 3671 1121 3710 ex
1149 3656 1370 3727 proprio
1399 3655 1614 3724 ingenio
1663 3670 1812 3711 com-

191 3742 432 3816 positas,
457 3743 552 3799 sed
578 3760 647 3800 ex
674 3741 977 3800 divinarum
1004 3744 1401 3817 Scripturarum
1430 3746 1811 3819 praedicatione

194 3832 481 3899 collectas,
505 3834 704 3904 quibus
723 3834 1022 3894 edocentur
1040 3838 1366 3909 baptismum
1388 3839 1566 3905 electi,
1592 3846 1651 3894 ut
1681 3836 1809 3909 quid

194 3926 512 3983 dimiserint
560 3928 752 3993 sciant,
782 3938 838 3984 et
863 3929 993 3999 quid
1032 3929 1343 3987 desiderant
1393 3933 1563 4000 magis
1607 3931 1810 3988 intelli-

194 4026 359 4089 gant,
390 4024 446 4073 et
470 4017 597 4088 quid
625 4022 897 4091 accepturi
926 4028 1070 4089 sunt,
1102 4023 1187 4079 vel
1216 4022 1341 4094 quid
1372 4023 1663 4080 observare
1711 4023 1810 4079 de-

194 4112 375 4170 beant
405 4113 606 4170 certius
632 4125 1054 4183 recognoscant;
1084 4116 1211 4187 quia
1236 4131 1491 4187 magnmn
1535 4125 1619 4174 est
1664 4117 1811 4188 quod

196 4204 540 4271 desiderant,
572 4204 777 4275 grande
805 4213 888 4261 est
909 4207 1056 4276 quod
1080 4208 1364 4271 inchoant,
1402 4208 1517 4263 sive
1543 4207 1687 4263 Deus
1725 4208 1810 4262 in~

198 4297 459 4369 spiravit,
491 4297 606 4354 sive
635 4298 798 4354 homo
827 4301 1161 4355 commonuit
1180 4309 1236 4355 et
1263 4301 1448 4356 suasit.

279 4483 506 4540 Ibidem.
553 4482 1006 4548 Catechumenus,
1036 4486 1190 4555 quasi
1219 4486 1245 4518 °
1276 4485 1475 4556 hospes
1511 4493 1569 4540 et
1606 4484 1815 4540 vicinus

204 4578 474 4643 fidelium,
507 4576 710 4634 deforis
738 4578 961 4635 audiens
995 4578 1278 4651 mysteria,
1331 4594 1431 4635 nec
1474 4576 1811 4646 intelligens;

3492 3156 3525 3165 κ

1835 3291 1882 3356 C
1911 3281 2110 3351 rilegus
2137 3291 2264 3338 ante
2289 3298 2483 3341 aurum
2501 3287 2667 3345 mittit
2691 3290 2745 3344 in
2773 3292 3065 3361 sacculum,
3089 3297 3190 3351 nisi
3214 3297 3363 3368 prius
3389 3306 3505 3357 ter-

1913 3389 2028 3429 ram
2060 3375 2143 3431 vel
2164 3376 2351 3447 limum
2374 3378 2567 3437 laverit
2594 3382 2919 3440 universum.
2946 3385 3072 3443 ldeo
3114 3400 3330 3460 Oportet
3356 3393 3507 3462 prius

1913 3466 2192 3537 repudium
2220 3469 2401 3527 dicere
2421 3471 2699 3530 diabolicae
2716 3477 2959 3544 vanitati,
2985 3487 3040 3534 et
3059 3496 3238 3536 amara
3259 3481 3374 3550 ejus
3391 3491 3510 3540 stu-

1910 3559 1999 3614 dia
2052 3559 2481 3620 abrenuntiando
2533 3567 2817 3637 projicere.
2876 3569 3269 3627 Abrenuntiare
3323 3580 3510 3630 autem

1912 3658 2127 3720 oportet
2154 3669 2263 3708 non
2294 3655 2439 3710 nudo
2461 3670 2712 3714 sermone
2735 3675 2910 3730 neque
2933 3660 3063 3716 solis
3087 3662 3257 3729 labiis,
3284 3664 3379 3719 sed
3400 3662 3510 3719 lida

1910 3740 2223 3808 fortissima,
2252 3752 2308 3802 et
2335 3746 2633 3804 indubitata
2661 3750 2905 3818 scientia,
2930 3753 2984 3808 id
3006 3762 3088 3808 est
3117 3760 3176 3807 ut
3203 3753 3420 3809 Christo
3447 3769 3511 3811 se

1911 3836 2076 3893 homo
2121 3847 2232 3893 tota
2280 3840 2444 3896 animi
2474 3843 2673 3899 virtute
2702 3846 3023 3912 committat,
3055 3845 3349 3912 conlidens,
3381 3847 3511 3917 quia

1909 3926 2111 3984 Ltristi
2132 3930 2303 3987 factus
2329 3933 2538 3988 desinat
2568 3935 2757 3991 timere
2784 3936 3076 3992 diabolum.
3116 3938 3319 3993 Deinde
3347 3939 3511 3993 abre-

1913 4020 2127 4076 nuntiat
2153 4031 2208 4077 et
2237 4024 2491 4093 operibus
2530 4025 2647 4095 ejus
2686 4027 2953 4096 malignis,
2979 4028 3031 4082 id
3056 4036 3138 4081 est
3179 4029 3402 4083 culturis
3454 4037 3513 4085 et

1914 4114 2090 4181 idolis,
2123 4116 2359 4172 sortibus
2378 4127 2434 4173 et
2462 4119 2717 4187 auguriis,
2751 4120 2961 4189 pompis
2988 4128 3043 4173 et
3072 4121 3319 4184 theatris,
3352 4118 3512 4177 furtis

1913 4213 1970 4261 et
1991 4206 2283 4273 fraudibus,
2316 4209 2616 4264 homicidiis
2642 4219 2699 4263 et
2725 4210 3186 4275 fornicationibus,
3243 4213 3512 4282 superbiae

1916 4305 1970 4353 et
2011 4298 2304 4368 jactantize,
2349 4300 2439 4354 ine
2486 4309 2541 4354 et
2585 4301 2843 4366 avaritiae,
2876 4303 3417 4360 commessationibus
3453 4312 3512 4360 et

1916 4394 2335 4456 ebriositatibus,
2365 4394 2547 4449 choris
2585 4404 2750 4463 atque
2777 4395 3086 4457 mendaciis,
3120 4404 3175 4451 ct
3205 4397 3286 4451 his
3314 4397 3509 4453 simili—

1916 4484 2017 4539 bus
2043 4484 2216 4537 malis.
2244 4483 2380 4551 Quid
2410 4484 2637 4539 dicimus
2675 4484 2745 4539 de
2770 4484 2871 4550 his,
2899 4485 2991 4554 qui
3021 4485 3293 4557 superﬂuo
3330 4489 3511 4544 carnis

1918 4583 2113 4632 ornatu
2136 4575 2342 4646 jactare
2367 4593 2425 4631 se
2448 4577 2651 4641 volunt,
2676 4584 2731 4632 et
2750 4576 2919 4633 videri
2942 4578 3243 4635 mirabiles?
3267 4589 3421 4637 taceo
3441 4580 3529 4671 de,

206 4674 443 4730 audiens
469 4672 718 4744 gratiam,
749 4688 851 4730 nec
870 4672 1190 4739 advertens;
1217 4689 1288 4729 ex
1311 4670 1335 4712 δ
1363 4672 1468 4730 hoc
1492 4687 1623 4727 vero
1644 4670 1814 4727 ﬁdelis
1842 4707 1892 4770 ι)
1917 4668 2197 4737 exquisitis
2226 4669 2484 4724 inutiliter
2511 4669 2951 4725 vestimentorum
2974 4671 3376 4728 subtilitatibus.
3399 4668 3527 4741 Oro;

207 4764 407 4836 incipit
435 4763 716 4836 appellari.

975 4853 1063 4911 Ill.

171 4934 182 5012 ξ
285 4944 515 5003 Ibidem.
545 4944 664 5004 Non
703 4944 848 5003 enim
886 4954 1012 5002 ante
1049 4944 1119 5001 ad
1147 4944 1547 5003 confessionem
1575 4945 1809 5012 venitur,

173 5037 182 5131 ξ
208 5041 322 5099 nisi
351 5040 504 5111 prius
530 5037 692 5095 fuerit
713 5037 929 5094 diaban
957 5038 1342 5096 renuntiatum.
1371 5038 1521 5093 Sicut
1550 5052 1653 5094 nec
1676 5047 1701 5075 ⁸
1725 5052 1816 5093 au-

284 5237 312 5266 ι
355 5223 539 5292 Edidit
565 5224 680 5279 haec
707 5222 1004 5292 fragmenta
1024 5220 1107 5292 vir
1133 5221 1202 5276 cl.
1233 5218 1457 5292 Michael
1481 5218 1725 5292 [lenisins
1746 5234 1814 5273 cx

208 5298 409 5356 cmlice
422 5284 820 5349 Vindobonensi
836 5292 1014 5347 szeculi
1034 5291 1244 5353 decimi,
1262 5289 1314 5345 in
1337 5306 1501 5358 opere
1524 5289 1808 5360 inscripto,

209 5368 437 5425 Codices
478 5381 600 5420 mss.
654 5365 805 5418 (lieol.
853 5362 1082 5417 biblioth.
1116 5361 1292 5415 Palat.
1354 5358 1572 5414 l'indob.
1606 5358 1713 5415 vol.
1745 5358 1809 5422 ll,

249 5448 362 5495 art.
404 5454 479 5503 ιιι,
537 5452 587 5505 p.
620 5433 760 5488 20.52
798 5449 914 5505 sqq.
960 5431 1271 5505 Scilicetgin
1322 5431 1577 5505 praedicto
1624 5430 1813 5505 codice

241 5498 475 5565 ἶὶιιίιοιι.⁷
499 5498 639 5562 inter
682 5506 783 5559 alia
813 5498 952 5559 inest
979 5503 1291 5574 opusculum
1322 5498 1410 5574 cui
1432 5502 1633 5574 titulus,
1668 5498 1812 5574 Ordo

211 5582 297 5637 vel
323 5580 492 5635 brevis
513 5576 810 5648 explanatio
833 5575 896 5629 de
916 5570 1294 5648 catecliizandis
1315 5572 1545 5648 rudibus,
1569 5586 1691 5627 cum
1718 5570 1815 5626 Pa-

215 5643 830 5726 trnm_auctoritatibns,
860 5661 995 5726 quas
1023 5644 1163 5726 inter
1190 5644 1406 5700 Nicetat.
1440 5643 1679 5726 Apparet
1716 5657 1815 5697 au-

213 5729 335 5778 tem
368 5721 664 5790 fragmenta
694 5718 808 5772 lucc
839 5713 1006 5790 modo
1025 5715 1400 5790 quidempura
1427 5713 1662 5790 recitari,
1692 5729 1814 5790 mo-

217 5793 293 5846 do
320 5784 502 5847 autem
530 5805 716 5845 eorum
737 5802 970 5847 sensum,
995 5784 1287 5840 immutatis
1308 5785 1594 5855 aliquando
1613 5784 1811 5853 verbis,

513 5890 781 5949 PATRUL
835 5887 960 5946 LII.

1918 4777 2035 4825 vos,
2066 4761 2191 4830 quid
2222 4761 2423 4817 faciunt
2446 4763 2496 4816 in
2524 4763 2651 4817 viris
2676 4764 2855 4834 capilli
2889 4763 2908 4801 τ
2940 4780 3041 4821 acu
3068 4767 3307 4838 crispati,
3339 4781 3510 4821 coma:

1919 4861 2067 4909 retro
2087 4853 2300 4923 quidem
2324 4855 2588 4910 cervicem
2611 4856 3005 4926 cooperientes,
3024 4866 3148 4912 ante
3169 4866 3348 4912 autem
3370 4856 3514 4914 frono

1920 4955 2031 5004 tem
2086 4948 2298 5018 penitus
2342 4947 2754 5012 abscondentes,
2804 4950 2879 5004 ita
2918 4957 2975 5002 ut
3006 4965 3104 5004 nec
3127 4949 3280 5016 signo
3308 4946 3512 5003 Christi

1921 5039 2073 5094 locus
2102 5039 2237 5093 liber
2258 5039 2591 5106 relinquatur
2614 5039 2665 5092 in
2696 5038 2901 5105 fronte;
2932 5048 2986 5095 et
3012 5050 3037 5088 ις
3067 5039 3205 5094 unde
3233 5054 3292 5094 se
3320 5046 3516 5109 putant

1960 5217 2168 5272 referri.

1960 5231 2168 5272 roterri.

1922 5231 1956 5287 Ρ
1994 5289 2018 5325 ι’
2058 5289 2265 5359 Quippe
2294 5286 2505 5342 Nicetns
2526 5287 2691 5341 libros
2716 5304 2810 5341 sex
2853 5287 3217 5359 instrui-tionis
3247 5288 3315 5343 ad
3343 5287 3509 5345 Com.

1917 5355 2178 5428 petentes
2194 5355 2501 5428 scripserat,
2524 5374 2660 5427 quos
2690 5366 2970 5411 enumerat
2995 5355 3321 5414 Gennadius.

1993 5442 2013 5468 ιι
2055 5429 2212 5494 Cod.,
2244 5430 2446 5497 Izospis;
2471 5436 2525 5483 et
2555 5428 2714 5497 paulo
2745 5436 2887 5493 ante,
2918 5430 3272 5484 calicnminus.

1991 5499 2014 5537 ί¹
2057 5500 2295 5563 Scilicet,
2330 5499 2601 5569 baptismo.

1995 5582 2018 5609 ε
2056 5570 2217 5637 Cod.,
2242 5571 2507 5624 aurilicus.

1997 5640 2017 5680 ί
2056 5640 2215 5714 god”
2247 5657 2395 5714 “quo:

1996 5723 2020 5761 Β
2058 5710 2190 5769 Cod.
2201 5755 2214 5780 ,
2237 5710 2485 5765 eumdem.
