3924 6368
889 429 950 487 Ρ.
990 427 1269 488 BRAIDE
1307 424 1759 484 DISSEHTA‘HO
1795 427 1858 482 Μ
1901 425 1958 481 5.
1999 427 2326 486 NICETAM.
2356 459 2426 470 ~—
2453 428 2610 486 CAP.
2651 427 2718 488 ll.

3323 431 3426 492 δεῖ

133 539 332 619 dente_
351 538 798 619 lllam_sacrorum
818 537 1113 596 Bibliorum
1139 539 1444 619 versionem
1473 537 1736 619 Latinam,
1769 547 1813 606 Α
1844 537 1891 619 si
1920 553 1988 594 ex
2019 539 2230 619 iisquae
2269 539 2410 596 dicta
2435 550 2584 619 sunt
2629 530 2839 619 libella:
2868 520 3033 619 etiam
3061 543 3131 619 ad
3159 543 3425 619 Virginem

135 623 268 735 quae
308 610 448 667 Itala
486 611 628 668 dicta
653 611 783 676 fuit;
823 627 941 682 qua:
981 619 1160 667 tamen
1186 612 1414 667 decursu
1443 613 1734 681 temporis,

185 681 386 735 ulaata
408 683 749 735 nrzevalente.
773 685 845 735 ita
867 683 1079 735 demum
1100 683 1380 735 obsolevit.
1399 691 1560 735 atoue
1580 682 1734 735 etiam

185 681 386 750 ulgata
408 683 749 752 prtevalente,
773 681 1079 752 ita’demum
1100 683 1380 745 obsolevit,
1399 691 1560 752 atque
1580 682 1743 737 etiam

135 751 393 816 interiit,
410 750 485 807 _ut
512 755 594 808 vir
621 755 950 809 clarissimus
973 750 1161 808 Petrus
1182 750 1511 808 Sabatierius
1533 769 1599 808 ex
1622 753 1713 807 illu

136 823 240 876 stri
274 821 650 878 Maurinorum
679 832 854 890 coetu,
885 824 977 893 qui
1012 825 1424 879 vetustissimam
1451 825 1593 878 illam
1623 839 1742 878 ver—

134 893 366 966 sionem
397 895 554 949 nobis
593 894 818 966 reddere
845 895 944 950 sibi
984 905 1365 966 proposuerat,
1403 909 1522 966 eam
1552 909 1742 950 eruere

133 978 254 1035 non
307 964 438 1021 sine
477 966 677 1035 ingenti
706 965 890 1035 lab_ore
918 963 1137 1020 coactus
1174 965 1333 1020 fuerit
1369 980 1434 1019 ex
1481 963 1742 1035 Operibus

133 1031 476 1089 Latinorum
497 1031 750 1091 Ecclesia
780 1033 996 1090 Patrum
1027 1036 1239 1090 illorum
1265 1031 1602 1100 smculorum,
1634 1051 1744 1090 ma-

133 1103 412 1160 nentibus
434 1107 778 1160 nihilominus
798 1105 924 1161 hinc
956 1106 1078 1160 inde
1101 1106 1322 1172 lacunis,
1353 1120 1487 1174 quas
1515 1103 1742 1161 fortasse

132 1174 296 1246 nullo
331 1191 592 1245 umquam
616 1184 774 1246 pacto
802 1175 1026 1246 implere
1053 1175 1130 1230 fas
1157 1177 1278 1230 erit.
1300 1175 1423 1230 Htec
1450 1191 1614 1246 porro
1642 1191 1739 1232 ve-

134 1252 226 1300 tus
258 1243 471 1300 Latina
496 1243 674 1301 versio
708 1261 771 1301 ea
801 1243 924 1312 fuit,
958 1261 1074 1315 quae
1106 1247 1378 1300 communi
1404 1243 1502 1300 usu
1528 1247 1596 1300 ab
1625 1262 1740 1302 om-

134 1316 306 1387 nibus
345 1317 400 1371 in
430 1315 756 1372 Deci-lentati
787 1315 1024 1372 Ecclesia
1055 1316 1346 1378 terebatur,
1377 1331 1604 1387 quaeque
1632 1333 1738 1372 non

133 1385 464 1457 multiplex,
487 1387 581 1441 sed
603 1388 758 1442 unica
779 1401 994 1457 semper
1012 1388 1236 1457 exstitit,
1255 1387 1330 1442 uti
1352 1385 1545 1457 probat
1565 1388 1742 1442 erudi-

135 1455 401 1511 tissinius
423 1457 801 1528 Benedictinus
821 1458 871 1528 7
895 1455 1150 1528 adversus
1175 1455 1467 1528 Josepbum
1491 1457 1742 1514 Blanchi-

139 1527 296 1581 nium
333 1529 390 1582 in
423 1526 738 1597 pnefatione
765 1526 880 1592 sua,
915 1543 1058 1581 num.
1084 1526 1322 1595 64,1icei
1350 1527 1590 1597 ejusdem
1628 1529 1745 1582 tini-

139 1611 218 1652 ue
267 1598 552 1652 versionis
592 1597 724 1667 varii
774 1597 1248 1667 discrepantesque
1295 1608 1476 1654 essent
1529 1598 1744 1654 codices

139 1667 354 1792 quibus
382 1667 579 1737 singuli
622 1666 810 1723 Patres
848 1666 1325 1734 utebantur,unde
1370 1670 1425 1722 in
1465 1669 1741 1724 laudandis

187 1738 456 1792 crinturis
481 1737 740 1792 interdum
765 1754 870 1792 non
901 1738 1029 1792 adeo
1058 1755 1232 1792 omnes
1278 1751 1328 1792 et
1353 1740 1544 1792 sinauli
1573 1756 1741 1792 secum

187 1738 456 1807 cripturis
481 1737 740 1792 interdum
765 1754 870 1792 non
901 1738 1029 1809 adeo
1058 1755 1232 1793 omnes
1278 1751 1328 1793 et
1353 1740 1544 1809 singuli
1573 1756 1742 1794 secum

141 1810 517 1880 consentiant,
549 1809 639 1862 sed
662 1808 940 1880 aliquando
965 1810 1056 1880 alii
1085 1809 1150 1880 ab
1177 1809 1294 1863 aliis
1330 1808 1649 1880 dissideant,
1693 1822 1745 1865 et

139 1878 278 1952 alios
312 1879 415 1932 alii
437 1881 735 1952 sententias,
751 1878 860 1933 alia
887 1879 980 1934 alii
1005 1878 1157 1934 verba
1195 1878 1501 1946 adhibeant,
1535 1889 1593 1935 ut
1623 1881 1738 1952 ipse

138 1949 561 2004 animadvertit.

211 2016 368 2085 Quid
415 2020 581 2088 igitur
607 2019 796 2074 Latina
825 2029 978 2076 vetus
1005 2020 1058 2074 in
1089 2020 1376 2090 prtecitatis
1420 2019 1655 2076 Matthtci
1685 2037 1746 2078 ac

141 2085 311 2160 Lucae
341 2085 502 2155 locis,
533 2090 623 2144 ubi
652 2090 876 2159 Vulgata
899 2085 1103 2155 nostra,
1133 2091 1336 2160 absque
1358 2092 1619 2146 oculorum
1648 2093 1745 2147 ad-

141 2157 496 2231 ditamento,
512 2160 672 2215 habet
696 2157 1046 2231 simpliciter:
1073 2161 1154 2215 Ibi
1173 2157 1271 2216 erit
1294 2163 1460 2228 ﬂetus,
1485 2173 1532 2216 et
1553 2163 1747 2217 stridor

143 2228 430 2302 dentium?
459 2229 528 2284 Et
546 2232 734 2302 eadem
757 2228 944 2285 Latina
965 2239 1120 2302 vetus
1139 2232 1190 2285 in
1219 2231 1440 2300 singulis
1461 2234 1748 2302 pracitatis

143 2298 284 2355 locis
313 2301 562 2356 cohaeret
586 2300 974 2370 perfectissime
1002 2301 1240 2371 Vulgatte
1268 2298 1500 2368 nostrae,
1547 2311 1602 2356 et
1627 2305 1746 2358 ubi-

143 2383 253 2494 3:
277 2371 497 2454 praebet
524 2371 788 2442 ipsissima
817 2375 980 2428 verba
1007 2389 1020 2425 :
1056 2371 1135 2426 Ibi
1157 2374 1255 2426 erit
1281 2373 1458 2442 ﬂetus,
1489 2375 1750 2428 etstridor

252 2452 394 2494 tium
412 2483 430 2494 .
473 2443 672 2494 omisso
699 2458 922 2494 prorsus
952 2442 1214 2494 vocabulo
1238 2443 1521 2494 oculorum.
1567 2443 1750 2494 Erudi-

252 2442 394 2495 tium
412 2483 430 2507 ,
473 2443 672 2496 omisso
699 2458 922 2513 prorsus
952 2442 1214 2498 vocabulo
1238 2443 1521 2497 oculorum.
1567 2443 1752 2499 Erudi-

145 2511 405 2568 tissimus
437 2527 566 2568 vero
611 2511 787 2568 editor
826 2513 1176 2579 Sabatierius,
1207 2514 1300 2583 qui
1341 2513 1582 2567 Latinam
1613 2515 1751 2571 hanc

144 2589 406 2638 veterem
437 2583 780 2639 concinnavit
824 2584 1084 2640 consultis
1124 2585 1372 2639 omnibus
1402 2585 1613 2639 illorum
1643 2600 1747 2640 sm-

144 2653 414 2725 eulorum
439 2651 684 2725 Patribus
713 2669 778 2710 ac
813 2655 1169 2725 scriptoribus
1222 2670 1430 2709 necnon
1467 2663 1522 2710 et
1549 2655 1750 2710 codici-

145 2722 250 2777 bus
271 2737 426 2793 quos
454 2724 652 2780 habere
692 2726 758 2779 ad
786 2740 901 2780 rem
925 2722 1142 2794 potuit,
1175 2725 1394 2780 minime
1435 2726 1748 2781 inobserva-

144 2800 260 2847 tam
292 2795 522 2863 reliquit
547 2795 874 2850 additionem
901 2797 1050 2851 vocis
1087 2797 1348 2850 oculorum
1380 2811 1398 2849 :
1429 2796 1522 2851 sed
1553 2797 1604 2849 in
1651 2813 1750 2852 an-

147 2865 449 2936 notatione
494 2865 618 2920 huic
655 2867 824 2920 textui
862 2867 1140 2936 supposita
1194 2874 1378 2920 monet
1421 2867 1748 2920 rarissimam

144 2948 271 2990 esse
311 2935 604 2990 lectionem
638 2938 787 2992 vocis
820 2935 1082 2992 oculorum
1106 2978 1121 3002 ,
1163 2937 1373 3006 sibique
1421 2937 1501 2991 bis
1541 2945 1749 2990 tantum

146 3008 504 3079 occurrisse,
553 3007 720 3062 semel
767 3023 958 3079 nempe
1007 3009 1060 3062 in
1108 3008 1356 3079 quodam?
1387 3008 1754 3077 manuscripto

145 3077 334 3130 sancti
376 3075 667 3149 Germani,
699 3085 754 3131 et
782 3075 974 3149 iterum
1011 3075 1150 3148 apud
1179 3077 1490 3149 Faustinum
1527 3075 1753 3149 presbyo

146 3153 338 3218 {el-um
372 3147 430 3202 in
459 3147 594 3218 libr_o
623 3137 809 3218 contra
840 3137 1086 3212 Arianos,
1119 3158 1265 3203 tomo
1290 3148 1351 3213 V,
1385 3163 1504 3218 pag.
1533 3137 1661 3212 .654,
1695 3137 1748 3202 [ι.

147 3213 519 3289 Bibliotheca:
547 3215 763 3289 Patrum
795 3217 1186 3288 Lugdunensis.
1217 3218 1336 3289 Ipse
1360 3213 1489 3274 v'ero
1536 3219 1748 3284 addam,

148 3288 472 3344 occurrisse
494 3287 622 3342 mihi
652 3288 791 3344 hanc
815 3287 1001 3345 vocem
1025 3287 1288 3345 oculorum
1316 3290 1368 3344 in
1399 3291 1572 3344 relato
1603 3299 1753 3344 textu

149 3357 482 3425 evangelica
509 3359 668 3412 etiam
699 3359 751 3413 iu
782 3357 1012 3414 Historia
1039 3358 1429 3415 Persecutionis
1453 3358 1754 3414 Vandalicte

150 3424 412 3501 “cteris
433 3427 680 3494 Vitensis,
705 3428 798 3484 lib.
813 3446 864 3496 v,
879 3432 1055 3501 capite
1075 3431 1120 3493 l,
1142 3444 1315 3500 ineque
1336 3444 1585 3500 umquam
1603 3431 1746 3484 alibi.

223 3495 377 3554 Hinc
399 3498 580 3568 itaque
600 3509 748 3569 patet
773 3495 1055 3556 lectionem
1072 3495 1505 3555 vocis—oculorum
1527 3502 1579 3555 in
1603 3509 1754 3556 textu

151 3569 484 3641 evangelico
501 3571 572 3624 ibi
599 3571 697 3624 erit
715 3571 885 3641 ﬂetus,
909 3583 958 3624 et
977 3571 1170 3625 stridor
1197 3572 1441 3637 dentium,
1468 3572 1752 3626 lectionem

228 3639 616 3695 ucissimorum
645 3639 864 3696 omnino
909 3643 1152 3697 codicum
1193 3641 1356 3696 fuisse
1386 3643 1436 3695 in
1468 3642 1553 3696 illa
1583 3643 1754 3697 veteri

237 3711 378 3782 tina,
396 3711 643 3766 versione
672 3710 962 3766 Bibliorum
1010 3726 1129 3781 quae
1156 3713 1344 3782 priscis
1371 3711 1623 3768 Ecclesia:
1650 3727 1750 3766 sat»

154 3779 304 3852 culis
327 3781 638 3845 obtinebat;
681 3782 726 3835 si
754 3796 820 3836 ex
853 3789 932 3835 tot
973 3779 1323 3852 scriptoribus
1345 3782 1556 3838 illorum
1587 3797 1744 3837 sacu-

155 3849 347 3905 lonsm
376 3865 517 3920 quos
543 3867 652 3921 prte
671 3853 916 3906 manibus
945 3849 1130 3906 habuit
1157 3852 1484 3908 clarissimus
1511 3851 1728 3908 Sabatie

156 3921 292 3994 rius
328 3923 399 3976 ad
439 3923 738 3994 versionem
763 3923 925 3994 illam
968 3924 1159 3977 iterum
1203 3924 1650 3994 componendam,
1677 3924 1757 3979 bis

160 3992 394 4046 tandem
423 3993 523 4047 sibi
550 4006 738 4048 vocem
759 3993 902 4047 illam
933 3994 1230 4049 occurrisse
1273 3992 1494 4060 fatetur,
1527 4004 1577 4049 et
1602 3995 1646 4049 si
1668 3996 1752 4050 vix

159 4061 300 4135 alibi
335 4063 562 4135 inveniri
607 4071 817 4135 totest,
861 4079 968 4135 uno
1008 4071 1236 4135 excepto
1266 4063 1496 4119 Victoris
1526 4065 1758 4122 Vitensis

158 4132 292 4205 loco
315 4148 480 4205 quem
511 4134 623 4204 ipse
659 4134 848 4205 adjeci.
900 4133 1056 4201 Quod
1083 4132 1613 4205 si‘paucissimorum
1636 4152 1747 4190 om-

158 4204 302 4274 nino
325 4203 573 4259 codicum
603 4203 741 4274 apud
764 4214 972 4260 veteres
1000 4205 1159 4260 lectio
1174 4203 1269 4260 illa
1293 4205 1422 4270 fuit;
1449 4206 1537 4260 ubi
1566 4207 1756 4262 eadem

156 4273 443 4346 ipsissima
483 4273 785 4330 inveniatur
811 4276 863 4330 in
892 4275 1102 4330 duobus
1128 4277 1429 4346 opusculis,
1460 4291 1580 4346 qua:
1607 4286 1739 4331 caete

155 4345 368 4414 roquiu
398 4354 611 4400 constat
638 4345 880 4419 ejusdem
919 4347 1078 4419 etiam
1109 4345 1230 4419 esse
1257 4347 1414 4419 styli,
1446 4345 1501 4401 ei.
1529 4362 1756 4419 quorum

158 4423 548 4484 argumentum
571 4458 588 4482 ,
637 4424 691 4472 et
737 4417 963 4486 ipsamet
992 4417 1268 4488 inscriptio
1295 4417 1456 4486 quam
1504 4417 1756 4488 praescie-

159 4493 332 4558 runt,
364 4501 398 4539 a
423 4487 685 4555 scriptore
709 4497 803 4541 aut
823 4502 1005 4542 cozevo
1034 4495 1127 4542 aut
1155 4487 1292 4558 pene
1335 4487 1519 4544 cutevo
1561 4488 1653 4558 uni
1682 4489 1755 4542 ei—

158 4554 408 4629 demque
446 4554 651 4629 auctori
694 4557 970 4629 tribuitur:
1015 4554 1273 4628 Opuscula
1319 4573 1449 4613 sane
1495 4559 1607 4629 ipsa
1635 4557 1758 4628 jure

157 4628 497 4698 meritoque,
523 4628 685 4682 etiam
707 4643 844 4682 neva
874 4627 976 4683 hac
994 4627 1334 4698 probatione,
1358 4627 1611 4698 germana
1631 4645 1758 4684 cen-

1846 610 2049 689 lapsam
2082 611 2220 666 illius
2244 613 2477 689 auctoris
2497 621 2586 689 est
2612 612 3228 689 cujusEtpplanationem
3253 610 3428 689 'Sym-

1846 681 1947 768 b'oli
1975 697 2094 737 esse
2115 691 2356 764 constat;
2387 683 2588 768 libellus
2613 681 2687 737 ad
2719 681 3214 768 Virginemlapsam
3251 681 3426 758 neque

1844 751 2161 828 Hieronymi
2183 768 2301 828 esse
2319 763 2509 828 potest
2531 769 2702 828 neque
2725 751 3046 828 Augustini,
3065 751 3228 828 immo
3251 751 3426 828 neque

1845 823 2007 895 etiam
2051 823 2165 895 divi
2213 823 2520 890 Ambrosii,
2573 823 2829 895 quidquid
2884 825 3112 882 Maurini
3157 823 3427 885 senserint

1845 893 2085 964 ejusdem
2114 892 2347 964 Operum
2371 892 2626 951 editores.

1915 963 2207 1040 Sed_qu0d
2253 981 2393 1040 rem__
2404 967 2675 1040 conﬁcere
2696 965 2877 1040 plane
2903 968 3134 1040 videtur,
3173 971 3425 1040 quodque

1845 1035 2144 1110 mirandum
2175 1050 2304 1090 sane
2326 1035 2652 1110 diligentiam
2672 1035 3007 1110 abactenus
3033 1035 3280 1110 effugisse
3303 1035 3424 1096 eru-

1844 1103 2335 1182 ditorumvirorum
2362 1103 2453 1175 qui
2482 1103 2720 1182 hujusce'
2731 1108 2888 1182 libelli
2919 1109 2988 1162 ad
3015 1103 3215 1182 lapsam
3253 1109 3426 1182 Virgi-

1845 1191 1960 1247 nem
1991 1177 2148 1231 toties
2178 1176 2490 1243 meminere,
2523 1180 2611 1234 illa
2642 1177 2884 1247 profecto
2913 1187 2996 1234 est
3036 1176 3236 1236 additio
3278 1176 3426 1237 vocis

1845 1246 2108 1319 oculorum
2142 1247 2197 1319 in
2246 1255 2394 1319 textu
2442 1246 2750 1316 evange’lico
2796 1249 2863 1303 de
2908 1265 3016 1318 quo
3051 1251 3422 1319 loquebamur,

1845 1329 1964 1386 quae
1992 1316 2190 1371 additio
2211 1317 2278 1390 ad
2309 1325 2512 1390 textum
2547 1321 2721 1390 ipsum
2750 1335 2856 1390 non
2879 1316 3044 1376 semel
3072 1316 3166 1374 sed
3197 1321 3276 1376 bis
3295 1316 3427 1389 legi-

1847 1393 1934 1440 tur
1961 1389 2296 1459 usurpatajn
2325 1389 2514 1442 eodem
2557 1389 2737 1444 libello
2765 1389 2833 1444 de
2867 1405 2974 1459 quo
3003 1391 3090 1446 hic
3115 1407 3314 1454 sermo,
3348 1400 3425 1445 uti

1845 1456 2424 1530 monuimus.rUbinam
2447 1474 2574 1515 vero
2598 1460 2710 1515 hiBC
2731 1456 2932 1515 additio
2953 1461 3213 1515 oculorum
3232 1461 3427 1530 legitur

1847 1525 1899 1580 in
1930 1535 2005 1602 tot
2029 1529 2289 1602 genuinis
2302 1529 2556 1602 operibus
2579 1538 2886 1602 sanctorum
2927 1529 3267 1602 Hieronymi,
3288 1525 3426 1587 Ἀυ-

1845 1599 2064 1670 gustini,
2095 1609 2151 1653 et
2172 1598 2470 1662 AmbrOsii,
2494 1616 2616 1655 cum
2650 1601 2752 1655 illis
2778 1602 3004 1670 contigit
3031 1598 3322 1670 evangelici
3361 1603 3423 1656 il-

1844 1667 1947 1743 lius
1975 1677 2164 1743 textus
2182 1670 2340 1743 verba
2379 1670 2663 1743 proferre?
2699 1667 3004 1743 Quinimmo
3043 1667 3420 1743 Hieronymus,

1845 1739 2172 1812 epistola,”
2201 1739 2266 1812 ad
2297 1738 2663 1812 Heliodorum,
2696 1757 2841 1796 num.
2875 1741 2927 1804 8,
2961 1744 3063 1798 hoc
3090 1738 3424 1812 plane’modo

1894 1810 2120 1882 vangelii
2149 1811 2314 1882 verba
2341 1811 2539 1866 refert:
2577 1812 2674 1866 Ubi
2701 1814 2798 1866 erit
2819 1813 2967 1882 ﬂetus
2995 1822 3045 1866 et
3076 1810 3269 1866 stridor
3300 1814 3427 1867 den-

1852 1881 1993 1934 tium.
2040 1880 2661 1951 Augustinushquoque,
2725 1880 2972 1937 sermone
3017 1882 3076 1936 5-1
3137 1882 3205 1937 de
3246 1884 3424 1938 verbis

1850 1951 2040 2020 psalmi
2069 1966 2209 2023 (μιν
2231 1949 2440 2023 cap._5i
2474 1949 2556 2007 lbi
2582 1955 2680 2006 erit
2695 1953 2845 2023 ﬂetus
2877 1963 2924 2023 et
2952 1953 3145 2006 stridor
3164 1953 3419 2018 dentium,

1849 2029 1904 2094 et
1927 2023 2063 2076 libro
2091 2021 2159 2094 de
2183 2021 2309 2076 vera
2341 2021 2646 2092 Religione,
2692 2021 2810 2094 cap.
2854 2022 2958 2094 54:
2995 2023 3063 2078 Ut
3090 2023 3160 2077 ibi
3197 2026 3304 2078 sint
3337 2026 3426 2078 ubi

1847 2093 1921 2146 eis
1949 2094 2018 2146 sit
2047 2093 2276 2162 ploratus
2318 2102 2365 2148 et
2384 2094 2578 2148 stridor
2599 2092 2844 2148 dentium.
2863 2092 3016 2160 Quod
3041 2103 3216 2148 autem
3247 2095 3315 2148 ad
3342 2095 3395 2149 di
3475 2141 3477 2143 ,

1847 2177 1971 2216 vum
2012 2163 2350 2234 Ambrosium
2375 2165 2584 2229 attinet,
2610 2166 2727 2234 qui,
2758 2173 2952 2234 prmter
2981 2165 3083 2218 alia
3105 2165 3237 2218 varii
3258 2178 3394 2232 genc

1849 2234 1922 2287 ris
1969 2249 2154 2303 opera,
2205 2232 2550 2302 Evangelium
2604 2232 2775 2290 Lucae
2815 2235 3114 2304 explanavit
3169 2235 3422 2304 peculiari

1848 2304 2237 2376 commentario
2260 2345 2274 2367 ,
2306 2305 2390 2358 cui
2425 2305 2609 2359 titulus
2645 2305 2916 2376 Expositio
2959 2307 3014 2358 in
3061 2303 3254 2358 Lucam
3278 2344 3293 2369 ,
3336 2305 3426 2360 ubi

1849 2375 2190 2442 evangelicus
2221 2381 2397 2428 textus
2426 2375 2607 2442 adest,
2640 2375 2790 2444 cujus
2817 2376 2904 2430 hic
2940 2377 3426 2438 mentio;'sanctus

1849 2444 1938 2498 hic
1957 2445 2165 2517 doctor,
2199 2444 2340 2517 libro
2353 2461 2432 2517 vn
2463 2443 2713 2517 ejusdem
2739 2447 2937 2517 operis,
2965 2462 3112 2500 num.
3149 2443 3270 2517 204,
3305 2454 3426 2517 tex-

1851 2521 1962 2586 tum
1995 2514 2388 2586 ipsumrreildit
2427 2516 2742 2586 simpliciter
2769 2514 2837 2571 ex
2883 2517 3152 2572 communi
3198 2515 3428 2571 lectione

1851 2583 2052 2656 absque
2077 2585 2339 2638 oculorum
2360 2583 2724 2640 addita—mento
2752 2605 2763 2640 τ
2794 2586 2913 2641 Illic
2943 2589 3040 2641 erit
3059 2588 3208 2656 ﬂetus
3225 2596 3274 2640 et
3302 2596 3426 2640 strt-

1852 2654 1948 2708 dor
1988 2656 2244 2720 dentium;
2287 2663 2346 2726 ut
2395 2656 2638 2726 profecto
2685 2659 2864 2712 mirari
2912 2654 3102 2712 subeat
3156 2657 3428 2710 Maurinos

1851 2727 2084 2780 maxime
2107 2725 2246 2778 illius
2273 2725 2504 2795 Operum
2543 2727 2806 2793 editores,
2838 2727 3162 2796 cteteroquin
3199 2726 3428 2794 diligen-

1852 2796 2088 2850 tissimos
2115 2809 2266 2864 teque
2296 2812 2359 2851 ac
2387 2797 2775 2853 eruditissimos
2803 2799 2974 2861 viros,
3011 2806 3103 2851 aut
3123 2813 3229 2851 non
3258 2797 3428 2852 anim-

1852 2866 2148 2921 advertisse
2197 2865 2357 2934 hujus
2414 2876 2591 2922 textus
2635 2867 2990 2922 differentiam
3042 2868 3097 2922 in
3141 2866 3312 2921 libello
3361 2866 3430 2920 ad

1862 2934 2126 3008 Virginem
2160 2935 2394 3059 lapsam,
2432 2952 2526 2992 seu
2561 2937 2623 2992 de
2663 2941 2808 3009 lapsu
2840 2938 3067 3010 Virginis
3097 2945 3426 2994 consecratur.

1862 3020 2013 3059 autem
2045 3008 2143 3059 insi
2180 3023 2209 3059 a
2235 3008 2298 3059 iis
2336 3010 2505 3059 sancti
2546 3009 2814 3059 Ambrosii
2841 3007 3104 3059 Operibus
3126 3008 3426 3059 sociabant.

1851 3007 2013 3078 quem
2038 3008 2143 3078 ipsi
2180 3007 2298 3062 aliis
2336 3010 2505 3062 sancti
2546 3007 2814 3064 Ambrosii
2841 3007 3104 3078 Operibus
3126 3008 3428 3078 sociabant,

1855 3086 1948 3130 aut
1967 3077 2320 3132 dili’erentiam
2347 3079 2485 3133 hanc
2517 3080 2664 3134 nihili
2693 3077 2912 3134 omnino
2942 3077 3148 3134 fecisse.
3184 3077 3310 3133 Haec
3338 3093 3433 3131 au-

1855 3154 1962 3220 tem
1999 3147 2297 3202 dill‘erentia
2323 3192 2337 3214 ,
2371 3151 2580 3205 caeteris
2619 3151 2782 3204 etiam
2822 3150 3100 3220 perpensis
3121 3189 3136 3214 ,
3169 3156 3315 3220 tanta
3346 3149 3434 3204 hic

1856 3219 2012 3273 nobis
2031 3229 2140 3285 est,
2164 3227 2222 3272 ut
2247 3236 2358 3302 rem
2381 3235 2445 3275 ex
2476 3236 2539 3275 ea
2568 3219 3170 3302 extra_controversiain
3201 3219 3434 3302 positam

1859 3303 2206 3360 censeamus,
2231 3289 2578 3359 dicamusque
2606 3291 2960 3356 confidenter,
2991 3290 3137 3360 quod
3172 3289 3310 3345 sicut
3339 3303 3433 3360 ne-

1857 3374 1960 3428 que
1987 3358 2294 3431 Hieronymi
2321 3358 2796 3430 nequeAugustini
2827 3358 3298 3428 neque'Ambrosii
3327 3359 3436 3415 dici

1856 3439 2038 3500 potest
2075 3429 2274 3503 libellus
2306 3429 2504 3503 ille’ad
2545 3433 2744 3502 lapsam
2787 3431 3051 3503 Virginem
3079 3431 3170 3503 qui
3210 3431 3293 3503 bis
3320 3439 3436 3503 tex-

1858 3508 1971 3554 tum
2000 3501 2368 3572 evangelicum
2399 3501 2706 3572 rt-fertgalio
2735 3501 2955 3572 prorsus
2978 3501 3140 3555 modo
3172 3517 3249 3572 ac,
3267 3501 3428 3556 habe-

1859 3579 1946 3625 tur
1983 3572 2035 3625 in
2059 3571 2177 3626 aliis
2215 3572 2527 3626 eorumdem
2556 3571 2776 3627 Patrum
2823 3573 3068 3640 genuinis
3113 3586 3177 3627 ac
3212 3571 3436 3628 sinceris

1857 3644 2130 3711 operibus,
2164 3642 2237 3696 ita
2269 3643 2478 3696 libellus
2508 3643 2646 3697 idem
2672 3657 2957 3711 germanus
2983 3643 3150 3696 frater
3182 3649 3436 3711 reputan-

1857 3711 1959 3766 dus
2005 3722 2086 3766 est
2121 3713 2343 3767 alterius
2375 3713 2539 3767 libelli
2574 3715 2637 3768 de
2679 3711 2924 3783 Symbolo
2964 3714 3034 3766 ad
3075 3721 3436 3782 competentes,

1855 3797 1922 3838 ex
1945 3799 2012 3838 eo
2033 3783 2196 3838 etiam
2217 3783 2362 3852 quod
2379 3786 2626 3839 eumdem
2651 3783 3032 3852 Evangelicum
3068 3790 3273 3836 textum
3296 3797 3437 3852 pra;-

1856 3852 1984 3924 beat
2010 3867 2130 3908 cum
2161 3851 2349 3908 eadem
2375 3855 2639 3924 ipsissima
2669 3870 2731 3910 ac
2759 3851 2890 3909 satis
2930 3853 3259 3922 infrequenti
3284 3851 3437 3909 addi-

1859 3923 2006 3979 tione
2026 3939 2145 3993 qua:
2171 3924 2368 3980 ibidem
2388 3923 2736 3995 conspicitur.

2478 4016 2706 4074 CAPUT
2743 4018 2805 4073 H.

1859 4105 2055 4162 Nicetis
2082 4126 2171 4163 seu
2189 4108 2404 4166 Nicetas
2425 4123 2590 4165 sancti
2615 4111 2824 4165 Pautint
2843 4109 3043 4165 Νοιαηί
3065 4111 3286 4180 episcopi
3308 4124 3439 4180 amt-

1929 4181 2054 4252 citia
2075 4185 2268 4252 clarus,
2304 4197 2409 4252 n_on
2441 4184 2540 4252 fuit
2573 4183 2838 4252 episcopus
2859 4178 3440 4252 civitatis‘liomatiante

1929 4250 1984 4322 i_n
2017 4248 2186 4322 Dacia
2205 4254 2279 4307 cis
2323 4248 2614 4305 Danubium
2641 4248 2952 4316 constituta,
2983 4250 3262 4322 quinimmo
3295 4260 3440 4302 trans

1928 4318 2226 4375 Danubium
2258 4324 2606 4392 episcopatum
2628 4323 2802 4394 gessit.

1931 4411 2203 4486 Expensa
2242 4416 2593 4484 germanitate
2651 4416 2882 4470 duorum
2938 4415 3347 4486 opusculorum,
3379 4416 3444 4470 de

1861 4483 2106 4558 Symbolo
2135 4484 2205 4538 ad
2232 4483 2589 4557 competentes,
2621 4497 2675 4540 ct
2703 4488 2772 4540 ad
2801 4483 3062 4558 Virginem
3091 4485 3443 4558 lapsannjam

1861 4503 1899 4539 ο
1937 4503 2106 4541 mooio
2135 4503 2203 4538 aa
2232 4503 2589 4557 competentes,
2621 4503 2675 4540 et
2703 4503 2770 4540 aa
2804 4503 3062 4558 Virginem
3091 4503 3312 4556 tapsam.
3329 4503 3440 4555 jam

1860 4503 1936 4610 ad,
1956 4556 2168 4610 illorum
2200 4567 2476 4612 auctorem
2509 4559 2845 4622 accedimus,
2874 4557 2943 4611 ad
2971 4556 3186 4612 Niceam
3215 4557 3440 4624 scilicet,

1862 4642 1957 4682 seu
2002 4625 2263 4682 Nicetam.
2291 4627 2629 4682 Clarissimus
2659 4627 2867 4682 Zabeus
2891 4669 2904 4693 ,
2948 4629 3040 4695 qui
3070 4637 3214 4682 totus
3259 4637 3341 4682 est
3389 4628 3442 4682 in

159 4697 336 4770 senda
356 4707 490 4770 sunt
521 4715 534 4750 :
568 4697 797 4770 ideoque
824 4699 957 4754 satis
981 4695 1258 4768 hucusque
1281 4695 1568 4770 probatum
1611 4699 1754 4770 quod
1787 4695 1832 4753 D
1861 4697 2196 4770 ostendendo
2228 4697 2444 4770 Niceam
2478 4713 2572 4752 seu
2600 4698 2838 4770 Niceta_m
2869 4699 3299 4770 huucﬁettmdem
3327 4714 3445 4756 esse

161 4767 218 4820 in
251 4768 401 4842 votis
425 4776 559 4842 erat,
585 4767 740 4842 unius
768 4783 961 4842 nempe
989 4767 1224 4824 auctoris
1251 4767 1370 4826 esse
1411 4779 1532 4842 tum,
1550 4767 1756 4842 Empta:

159 4839 437 4909 nationem
479 4837 712 4909 Symboli
751 4839 820 4892 ad
867 4837 1225 4908 competentes,
1261 4849 1371 4894 tum
1415 4837 1647 4895 libellum
1689 4839 1758 4893 ad

162 4909 375 4982 lapsam
413 4907 675 4982 Virginem
696 4951 710 4974 ,
742 4925 836 4965 seu
870 4909 935 4964 de
971 4909 1118 4981 lapsu
1156 4910 1382 4982 Virginis
1423 4920 1754 4982 consecratis,

161 4979 236 5034 de
265 4979 574 5050 quibushic
602 4983 838 5050 agimus;
868 4979 1188 5050 quicumque
1216 4979 1430 5036 demum
1460 4981 1530 5034 sit
1559 4982 1646 5035 ille
1668 4981 1760 5035 Ni-

163 5064 298 5107 ceas
323 5064 424 5121 seu
463 5049 675 5121 Nicetes
703 5049 986 5121 episcopus
1012 5049 1243 5106 civitatis
1269 5051 1601 5106 Romatiame
1619 5093 1634 5118 ,
1671 5052 1759 5106 cui

161 5120 433 5190 opuscula
463 5119 554 5175 illa
581 5123 690 5176 duo
709 5119 1017 5176 Gennadius
1037 5122 1376 5190 adjudicavit.

241 5189 423 5262 Unum
452 5190 628 5246 adhuc
655 5199 823 5262 restat
857 5207 1019 5262 super
1052 5189 1154 5247 hac
1180 5208 1238 5247 re
1265 5191 1407 5261 quod
1437 5194 1624 5262 paucis
1652 5208 1748 5247 ex-

239 5261 484 5324 diamus;
517 5271 705 5330 estque
727 5261 939 5332 illorum
969 5263 1285 5326 auctoritas,
1311 5263 1400 5332 qui
1429 5261 1656 5318 libellum
1684 5264 1754 5317 ad

222 5333 448 5405 irginem
476 5333 678 5404 lapsam
714 5331 823 5400 jam
853 5333 982 5405 olim
1013 5331 1341 5405 Hieronymo
1361 5343 1416 5388 et
1453 5335 1750 5402 Augustino

162 5400 587 5473 dederunt;i'et
638 5405 870 5457 maxime
925 5400 1322 5468 Maurinorum,
1373 5405 1463 5473 qui
1512 5400 1748 5460 libellum

164 5471 347 5544 ipsum
379 5473 451 5525 ita
480 5472 762 5528 Ambrosio
791 5474 1165 5544 adjudicaruut
1185 5514 1200 5536 ,
1248 5483 1306 5528 ut
1331 5471 1470 5529 inter
1509 5477 1750 5544 ejusdem

164 5543 403 5611 genuina
433 5557 626 5612 opera,
670 5558 788 5613 quae
829 5547 893 5598 ad
925 5543 1168 5614 Virgines
1205 5555 1260 5600 et
1290 5545 1354 5599 ad
1380 5543 1750 5612 Virginitatem

165 5621 438 5686 spectant,
467 5614 786 5668 collocatum
816 5616 1262 5686 voluerinttcum
1296 5617 1484 5686 pnevia
1518 5618 1753 5672 admoni-

165 5684 319 5754 tione
348 5699 536 5737 eorum
561 5686 922 5754 persuasionis
946 5685 1236 5741 testeJam
1264 5684 1393 5742 vero
1420 5689 1464 5742 si
1489 5686 1752 5750 Explana-

169 5754 243 5808 tio
277 5753 514 5828 S_gmboli
537 5753 607 5808 ad
627 5765 964 5824 competentes
997 5759 1186 5828 procul
1215 5757 1381 5813 dubio
1413 5759 1553 5813 illius
1577 5759 1750 5814 Nicen:

165 5837 268 5879 seu
294 5825 502 5899 Hiceta:
531 5836 620 5899 est
641 5825 1020 5899 cujusgnomen
1051 5827 1294 5899 praefert,
1326 5829 1438 5886 sive
1468 5828 1749 5885 Romatia-

168 5909 278 5949 nus
293 5895 352 5950 in
377 5893 544 5954 Dacia
568 5896 658 5952 ille
676 5893 858 5960 fuerit,
885 5899 1002 5956 sive
1024 5893 1384 5969 Aquileiensis
1401 5901 1459 5956 in
1484 5900 1665 5970 Italia,
1693 5907 1753 5956 et

201 5330 219 5356 ξ

1860 4783 1982 4825 cum
2015 4767 2171 4823 Nicea
2202 4783 2299 4823 seu
2344 4767 2524 4823 Niceta
2565 4772 2738 4823 sancti
2769 4768 2976 4824 Paulini
3009 4769 3197 4822 Nolani
3227 4771 3444 4824 amicis-

1860 4841 2036 4901 simo,
2068 4853 2228 4908 quem
2276 4849 2489 4894 Constat
2530 4841 2580 4894 in
2628 4840 2787 4893 Dacia
2835 4842 3178 4909 episcopatus
3221 4855 3447 4895 munere

1861 4910 2116 4980 pratclare
2135 4909 2408 4980 functum,
2443 4910 2505 4964 iis
2532 4912 2824 4964 assentitur
2843 4910 3218 4980 scriptoribus,
3243 4911 3335 4978 qui
3369 4911 3448 4964 ci-

1860 4978 2080 5035 vitatem
2121 4978 2383 5036 Genna'lii
2410 4980 2782 5035 Romatianam
2808 4978 3084 5050 comperte
3121 4980 3324 5035 habent
3351 4996 3450 5051 pro

1863 5051 2166 5106 Remisiana
2195 5061 2288 5105 aut
2320 5051 2667 5108 Romessiana
2697 5067 2790 5106 seu
2821 5051 3161 5112 Remesiana,
3188 5065 3308 5119 qute
3333 5067 3452 5121 pro-

1861 5122 2003 5177 fecto
2035 5123 2086 5176 in
2114 5122 2274 5177 Dacia
2305 5122 2696 5178 Mediterranea
2735 5123 2810 5178 cis
2841 5122 3140 5177 Danubium
3169 5121 3271 5174 sita
3307 5131 3447 5182 erat,

1859 5194 1937 5274 uti
1967 5208 2034 5274 e_x
2062 5195 2385 5274 geographia
2425 5201 2668 5274 constat:
2708 5193 2969 5274 nobisque
2992 5200 3304 5274 propterea
3326 5208 3447 5273 cum

1856 5263 2132 5319 Crevierio
2163 5262 2358 5320 etcum
2385 5265 2564 5319 tabula
2593 5263 2946 5333 geographica
2977 5262 3220 5317 Anvilltci
3252 5263 3450 5316 utrius-

1857 5351 1980 5405 que,
2003 5333 2177 5390 Daciae
2205 5335 2284 5389 cis
2323 5344 2378 5389 et
2418 5345 2564 5390 trans
2595 5333 2892 5388 Danubium
2935 5333 3143 5405 posita;
3171 5333 3446 5387 notionem

1857 5403 2078 5476 praebet,
2111 5405 2180 5460 ad
2219 5406 2618 5476 ambiguitatem
2650 5406 2888 5476 locorum
2919 5413 2975 5458 et
3004 5403 3281 5476 nominum
3314 5415 3449 5476 prte-

1856 5472 2170 5533 cavcndam.
2202 5475 2310 5531 Nos
2337 5472 2487 5539 vero,
2505 5476 2697 5544 quibus
2726 5475 2826 5527 alia
2859 5489 3078 5544 prorsus
3109 5472 3450 5544 insedit_opi-

1858 5548 1969 5612 nio,
2005 5547 2252 5602 nimirum
2282 5546 2494 5601 Niceam
2517 5541 2610 5600 seu
2645 5541 2881 5599 Nicetam
2921 5547 3060 5599 hunc
3089 5552 3277 5599 sancto
3310 5541 3447 5595 Pau-

1857 5618 1970 5672 lino
1997 5616 2202 5671 Nolano
2223 5619 2476 5687 episcopo
2499 5615 2855 5687 familiaritate
2880 5613 3246 5687 conjunctum,
3272 5628 3412 5687 nequ
3437 5631 3446 5646 ι

1860 5687 2000 5742 illius
2033 5684 2348 5742 Remisiahaa
2373 5684 2464 5740 aut
2489 5688 2545 5757 9
2575 5685 2938 5740 Romessianze
2965 5686 3077 5740 sive
3111 5684 3445 5757 Rt‘_ﬂl?§i8ll§(‘

1856 5760 2090 5814 civitatis
2112 5757 2274 5813 fuisse
2295 5753 2626 5827 episcop'um,
2651 5771 2827 5826 neque
2850 5757 3070 5811 omnino
3095 5758 3148 5810 in
3176 5753 3338 5827 Dacia
3367 5755 3444 5809 cis

1855 5828 2157 5884 Danubium
2179 5829 2282 5884 sita
2311 5825 2681 5899 episcopatum
2709 5825 2962 5899 gessisse,
2986 5828 3078 5899 sed
3102 5827 3155 5880 in
3181 5825 3270 5880 illa
3287 5840 3446 5899 pror-

1853 5915 1949 5957 sus
1973 5913 2094 5968 qute
2119 5914 2281 5970 quam
2327 5895 2586 5954 latissiine
2619 5895 2769 5952 trans
2810 5897 3109 5956 Danubium
3155 5895 3448 5978 protendqo.
