3936 6368
219 378 310 438 905

899 373 960 430 P.
1001 370 1278 431 BRAIDAS
1317 369 1772 432 DiSSERTATIO
1808 369 1876 432 ΙΝ
1913 373 1971 431 S.
2012 371 2341 432 NICETAM.
2371 405 2440 417 —
2467 376 2620 432 CAP.
2664 375 2751 432 ill.

3355 391 3464 443 δυσ

213 494 310 552 ruit
337 488 596 564 duplicem
627 487 1181 564 [lienadescriptione
1213 499 1478 564 naturam.
1514 489 1683 546 Unam
1715 491 1767 564 i_n
1798 496 1846 556 Α
1875 489 2257 564 Εοόεῐιιρηίιιι
2282 508 2423 546 anno
2451 493 2502 546 in
2533 508 2788 564 consessu
2810 491 3184 564 episcoporum
3214 505 3270 551 et
3294 497 3464 554 abha-

215 578 305 636 qna
328 559 980 636 secundumﬁivinitatem
1002 559 1180 636 factor
1207 568 1303 636 est_
1317 563 1573 636 omnium,
1609 569 1667 636 et
1691 561 1768 614 al-

214 628 364 691 teram
402 631 578 699 inqua
608 628 776 685 factus
806 639 888 685 est
927 647 993 686 ex
1031 633 1235 686 semine
1273 632 1437 687 David
1474 634 1766 688 secundum

212 718 425 763 carnem.
449 700 506 755 In
533 715 759 772 quarum
788 710 978 756 neutra
1000 702 1296 757 substantia
1325 703 1562 772 suspicio
1590 711 1768 772 potest

210 771 572 848 phantasmatis
615 771 895 848 inven_iri__:
938 773 1061 848 quia
1099 773 1237 828 sicut
1265 789 1362 848 p_er
1389 771 1448 848 se
1490 771 1769 848 invisibilis

209 841 312 901 crat
337 841 592 897 Divinitas
619 856 739 911 qua:
767 842 1120 898 inclinabatur
1153 858 1183 898 e
1212 841 1369 907 ccelo,
1402 845 1474 899 ita
1501 845 1569 900 de
1603 843 1768 898 David

208 917 354 986 stirpe
379 912 707 986 descendens
731 913 877 986 nihil
918 912 1328 986 ludificatorium
1365 915 1565 971 habere
1595 914 1771 986 potuit

209 981 384 1041 veritas
413 984 591 1039 carnis
617 981 816 1036 Christi
849 1000 861 1036 :
895 998 1014 1051 quin
1041 999 1146 1038 non
1168 985 1341 1039 solum
1370 1000 1538 1054 usque
1565 981 1628 1038 ad
1661 984 1768 1038 Da-

208 1055 284 1111 vid
307 1069 400 1126 per
422 1068 659 1125 proavos
694 1068 838 1118 suos,
871 1056 964 1107 sed
997 1069 1094 1123 per
1126 1055 1296 1126 ipsum
1329 1055 1492 1109 David
1525 1070 1694 1124 usque
1715 1055 1768 1110 in

209 1124 389 1205 édain,
429 1124 690 1205 expressa
733 1131 1014 1205 parentum
1054 1124 1420 1205 nominatione
1460 1128 1763 1205 resolvitur.

208 1195 266 1252 Et
287 1197 398 1251 ideo
421 1193 548 1249 dicit
577 1193 885 1263 Apostolus,
911 1209 1029 1248 esse
1057 1210 1121 1249 ex
1151 1197 1356 1250 semine
1383 1196 1547 1250 David
1573 1211 1768 1250 secun-

210 1267 316 1324 dum
358 1279 593 1337 carnem,
643 1272 702 1337 ut
745 1279 868 1319 eum
914 1265 1422 1337 consubstantialem
1472 1274 1772 1337 exponeret

210 1337 366 1418 inatri,
388 1335 452 1389 de
482 1349 589 1403 qua
615 1334 798 1415 utique
829 1336 1054 1417 sumpsit
1081 1345 1136 1389 et
1162 1344 1424 1418 mortem;
1454 1334 1575 1417 cu_iii
1601 1337 1770 1418 phan-

210 1416 357 1462 tasma
395 1420 492 1476 nec
533 1406 713 1476 nasci,
745 1421 848 1476 nec
886 1406 1022 1460 mori
1063 1406 1264 1475 possit,
1307 1407 1399 1461 sed
1447 1406 1769 1476 principium

210 1478 309 1546 ejus
325 1475 593 1546 deludere,
617 1474 728 1546 3a
754 1495 772 1525 ι
802 1475 1028 1546 finisque
1056 1474 1305 1531 vannisse
1325 1477 1412 1531 sit.
1437 1474 1465 1528 ί
1483 1475 1608 1532 Hinc
1627 1474 1770 1530 san-

211 1543 311 1603 ctus
329 1545 510 1600 Avitus
537 1543 859 1600 Viennensis
883 1543 1291 1614 in’fragmentis,
1316 1556 1443 1612 etc.,
1467 1562 1692 1603 numero
1715 1546 1766 1614 l,

210 1633 266 1674 ex
284 1617 462 1672 eodem
484 1624 634 1671 tomo
667 1614 713 1668 Χ
741 1615 1375 1687 BibliotheczeACallandii
1406 1632 1525 1687 pag.
1561 1616 1680 1670 749.

267 1687 372 1742 Jam
405 1686 564 1758 igitur
592 1686 1017 1758 concludendum
1037 1727 1050 1750 ,
1084 1685 1324 1758 [Sicetam
1373 1685 1615 1742 nostrum
1652 1687 1769 1758 epi-

215 1772 419 1828 scopum
439 1756 684 1828 civitatis
696 1754 1358 1813 RoniatianzeaGennadio
1387 1754 1764 1824 memoratum,

213 1830 257 1885 in
273 1825 358 1883 sua
384 1825 616 1898 Symboli
637 1825 1042 1897 Explanatione,
1065 1829 1241 1896 capite
1262 1829 1314 1894 ιι,
1339 1829 1427 1882 ubi
1447 1829 1769 1884 catholicum

215 1900 381 1968 dogma
403 1898 562 1950 tradit
582 1899 1015 1968 competentibus
1035 1898 1145 1952 suis
1167 1913 1292 1954 vere
1313 1899 1364 1952 in
1395 1898 1628 1964 Christo,
1663 1901 1771 1954 sic-

213 1977 264 2024 ut
286 1967 594 2030 Divinitatis,
628 1967 701 2021 ita
742 1969 903 2021 etiam
943 1968 1309 2034 humanitatis,
1341 1976 1396 2024 et
1443 1970 1532 2024 ubi
1578 1970 1772 2024 refellit

213 2055 424 2094 moneas
450 2038 567 2112 illos
599 2037 866 2112 hwreticos
893 2044 952 2112 et
969 2040 1244 2112 magistros
1271 2041 1516 2112 fallacias,
1540 2042 1632 2108 qui
1667 2057 1772 2112 non

213 2127 326 2174 vere,
351 2116 402 2162 ut
433 2108 633 2172 aiebat,
669 2110 762 2163 sed
791 2110 1014 2179 putatire
1046 2108 1372 2163 incnrnaium
1393 2109 1662 2164 Christum
1691 2111 1773 2165 di-

211 2180 394 2241 cebant,
424 2179 658 2246 ideoque
683 2180 736 2231 in
763 2180 1122 2248 phantasmate
1144 2182 1334 2250 factam
1361 2179 1572 2250 Domini
1593 2182 1772 2234 incar-

211 2251 462 2330 nationem,
486 2250 608 2330 quia
636 2265 740 2330 non
762 2266 875 2303 vere
901 2251 1055 2330 fuerit
1080 2249 1216 2330 quod
1241 2249 1524 2330 videbatur,
1547 2251 1776 2330 sedecu-

211 2320 275 2374 la:
300 2319 529 2392 [ejellerit
550 2319 854 2392 hominum;
881 2319 1324 2392 Concludenduin,
1359 2321 1593 2390 inquam,
1619 2321 1774 2376 Nice-

211 2390 306 2444 tarn
331 2390 465 2444 hunc
493 2405 602 2444 non
649 2391 948 2458 respexisse
988 2391 1052 2443 ad
1084 2390 1362 2446 hzereticos
1393 2392 1511 2446 illos
1539 2400 1770 2458 veteres,

213 2460 286 2534 qui
309 2462 355 2514 in
382 2459 852 2515 adinventionihus
873 2461 1435 2534 _et_phantasma_tibus_
1463 2462 1574 2516 suis
1610 2461 1774 2534 Euty-

215 2529 328 2586 chen
356 2538 762 2600 praecesserunt,
795 2530 887 2602 sed
919 2530 1074 2599 plane
1113 2529 1388 2602 Eutychen
1419 2532 1590 2600 ipsum
1632 2529 1776 2601 ejus-

213 2616 301 2670 que
324 2609 612 2656 sectatores
643 2601 959 2666 intendisse;
990 2611 1045 2655 et
1071 2603 1197 2669 quia
1223 2601 1468 2656 errorem
1502 2603 1649 2656 illum
1677 2619 1775 2656 un-

214 2671 464 2740 dequaque
491 2673 720 2740 exponit
754 2687 821 2726 eo
848 2687 1066 2741 prorsus
1095 2672 1255 2742 modo
1294 2672 1528 2742 ipsisque
1567 2671 1771 2739 formis,

215 2743 380 2808 quibus
415 2741 665 2796 eumdem
705 2740 965 2795 babeinus
993 2740 1134 2811 apud
1174 2740 1353 2796 divum
1399 2741 1633 2798 Leonem
1664 2743 1776 2796 Ma-

215 2824 352 2880 gnum
390 2812 442 2866 in
487 2821 568 2868 tot
607 2812 872 2882 epistolis,
919 2826 1052 2880 quas
1092 2811 1239 2865 dedit
1272 2813 1338 2865 ad
1380 2813 1554 2881 ipsum
1595 2811 1777 2882 piolli-

215 2882 415 3004 gandum
444 2891 552 2936 tum
585 2880 892 2937 in'Oriente
920 2883 1058 2936 unde
1087 2891 1357 2951 eruperat,
1391 2880 1501 2936 tum
1533 2880 1743 2938 in_0cci
1761 2915 1774 2924 ο

245 2953 366 3004 eiitis
392 2953 636 3004 nartibus
664 2953 752 3004 ubi
782 2951 1030 3004 sulfratria
1069 2952 1169 3004 sibi
1208 2968 1526 3004 comparare
1566 2963 1774 3004 satatze-

245 2953 366 3007 eiitis
391 2953 636 3022 partibus
664 2953 752 3006 ubi
782 2951 1030 3020 sulfragia
1069 2952 1169 3005 sibi
1208 2968 1526 3022 comparare
1566 2963 1777 3022 satage-

215 3018 316 3087 bat;
343 3018 404 3078 δι’
426 3024 548 3092 quia
579 3023 790 3078 eisdem
819 3018 1064 3092 sensibus
1100 3037 1163 3076 ac
1190 3018 1494 3089 momentis,
1529 3018 1778 3078 iiiiiiio'et

245 3107 333 3148 ene
353 3091 521 3148 verbis
541 3095 718 3148 utitur
746 3093 886 3146 idem
916 3091 1128 3147 Nicetas
1157 3093 1412 3148 adversus
1441 3110 1681 3149 errorem
1713 3096 1777 3148 il-

235 3178 326 3234 um,
354 3163 543 3233 quibus
573 3164 696 3234 ipse
725 3171 942 3218 sanctus
983 3163 1226 3234 pontifex
1257 3180 1382 3218 usus
1421 3162 1518 3219 fuit
1548 3167 1600 3219 in
1629 3165 1774 3220 cele-

216 3231 284 3316 bri
303 3231 711 3316 dogniatica'sua
735 3235 977 3316 epistola“
981 3231 1049 3286 ad
1079 3231 1411 3316 Flavianum,
1437 3250 1554 3316 quae
1585 3251 1680 3316 per
1701 3244 1779 3290 to-
1802 3253 1849 3316 ο

216 3311 318 3374 tum
329 3305 649 3360 catholicum
671 3305 858 3359 orbem
879 3303 1091 3374 diffusa,
1108 3318 1206 3358 ceu
1229 3302 1348 3358 fidei
1371 3302 1549 3373 regula
1580 3302 1778 3374 {ibique

217 3373 374 3444 habita
401 3374 497 3429 fuit
525 3375 695 3429 etiam
716 3383 840 3444 ante
865 3371 1303 3444 Chalcedonense
1323 3371 1572 3444 generale
1594 3371 1778 3430 conci—

218 3441 345 3509 lium,
374 3444 458 3500 ubi
491 3444 713 3500 demum
753 3443 1062 3514 Eutychetis
1091 3459 1245 3498 error
1272 3441 1578 3514 supremum
1616 3447 1780 3500 ictum

221 3515 432 3584 accepit;
464 3523 519 3570 et
546 3516 679 3584 quia
707 3522 966 3585 pnnterea
996 3530 1059 3569 ea
1083 3516 1181 3568 iem
1213 3516 1325 3584 ipsa
1355 3530 1472 3583 quae
1502 3516 1554 3568 in
1595 3516 1780 3571 Niceta

221 3593 417 3655 apparet
449 3586 772 3655 occurrendi
814 3585 950 3640 ratio
976 3585 1219 3655 gliscenti
1249 3587 1418 3640 errori
1455 3601 1522 3640 ex
1551 3588 1779 3655 epistola

221 3653 295 3708 illa
322 3656 382 3709 ad
422 3654 758 3716 Flavianum,
790 3655 904 3710 sive
933 3671 998 3708 ex
1037 3654 1278 3724 ejusdem
1308 3657 1552 3710 sensibus
1573 3653 1637 3710 ac
1660 3672 1778 3711 mo-

221 3725 478 3796 mentis_ac
504 3741 648 3796 pene
676 3727 837 3796 etiam
868 3726 1065 3786 verbis,
1092 3735 1271 3779 elucet
1291 3727 1452 3780 etiam
1483 3728 1781 3782 communi-

223 3801 294 3867 ter
317 3795 363 3849 in
401 3792 662 3867 Pati-ibus
679 3797 764 3850 vel
789 3793 1018 3867 Eutychi
1047 3796 1377 3867 coaevistvel
1419 3796 1509 3865 qui
1557 3813 1664 3852 non
1708 3799 1778 3852 ita

224 3863 360 3937 l_onge
374 3875 489 3937 post
506 3866 756 3922 eumdem
779 3863 1094 3930 floruerunt,
1109 3865 1176 3920 de
1195 3866 1388 3937 quibus
1407 3863 1617 3921 constat
1637 3869 1781 3937 quod

224 3882 360 3933 longe
405 3882 489 3920 OSl
506 3882 756 3922 euiiiuem
779 3882 1094 3930 iioruerunt,
1109 3882 1176 3920 oe
1195 3882 1388 3933 quintis
1407 3882 1598 3921 conSta‘

223 3882 584 4007 Eutycﬁianum
627 3951 816 4007 reapse
845 3952 1082 3991 errorem
1112 3937 1337 4007 insecuti
1367 3935 1598 3990 fuerunt.

281 4005 406 4073 Quid
432 4024 571 4063 nunc
605 4005 765 4075 igitur
786 4013 906 4076 post
927 4015 1033 4060 tam
1064 4005 1326 4075 prolixam
1355 4007 1778 4076 disquisitionem

225 4072 284 4130 de
306 4072 426 4132 vero
465 4093 530 4133 ac
564 4072 798 4146 proprio
818 4072 1158 4146 Eutychiano
1194 4092 1377 4132 errore
1405 4092 1433 4130 a
1456 4072 1647 4132 Niceta
1685 4094 1784 4132 no-

225 4094 284 4130 ne
306 4094 426 4132 vero
465 4094 530 4133 ac
607 4094 788 4146 roprio
824 4094 926 4130 but
949 4094 1158 4131 'cniano
1194 4094 1377 4132 errore
1405 4094 1433 4130 a
1465 4094 1647 4132 mceta
1685 4094 1779 4132 no-

225 4150 320 4218 stro
347 4147 394 4200 in
421 4164 513 4202 sua
545 4094 782 4217 gymboli
804 4094 1188 4218 Expématione
1207 4149 1513 4215 exagitato‘!
1541 4147 1668 4203 lnde
1695 4149 1779 4202 ni-

225 4215 394 4271 mirum
440 4215 702 4288 sequitur,
743 4215 1258 4288 quod’pEutychiano
1311 4232 1496 4288 errore
1545 4220 1784 4288 anterior

226 4299 327 4341 esse
357 4285 584 4357 neque—at
613 4285 826 4342 Nicetas
863 4286 949 4341 hic
989 4285 1390 4357 EErplanationis
1425 4286 1658 4357 Symboli
1686 4305 1779 4342 au-

224 4363 340 4410 ctor.
372 4357 519 4425 Quod
560 4359 609 4413 si
638 4357 970 4429 Eutychiano
993 4371 1182 4429 errore
1203 4362 1440 4429 anterior
1459 4357 1671 4413 Nicetas
1695 4358 1783 4414 hic

224 4440 326 4498 esse
350 4444 451 4483 non
480 4435 680 4498 potest,
701 4425 811 4498 jam
842 4428 964 4498 inde
991 4427 1172 4495 liquet,
1201 4425 1530 4498 Boinatianae
1550 4429 1782 4484 civitatis

223 4495 507 4568 episcopum
533 4495 750 4554 Niceain
772 4513 871 4552 ceu
899 4497 1138 4568 Nicetam
1160 4513 1189 4550 a
1210 4495 1489 4552 Gennadio
1516 4513 1782 4553 memora-

223 4573 336 4640 tum,
374 4566 427 4622 et
466 4566 1139 4640 ExptaitationisASyniboli
1179 4579 1473 4640 auctorem,
1514 4584 1620 4640 non
1661 4583 1782 4640 esse

222 4627 415 4692 Niceam
443 4655 536 4694 seu
551 4627 803 4694 'Nicetam
837 4627 984 4692 illum
1019 4637 1218 4692 Dacum
1248 4639 1418 4692 sancti
1443 4627 1648 4692 Paulini
1676 4638 1784 4694 No-
1811 4627 1864 4687 Ι)

222 4704 316 4760 lani
340 4709 573 4778 episcopi
603 4709 851 4772 amicum,
887 4707 1233 4776 ejusdemque
1265 4708 1510 4763 laudibus
1542 4710 1783 4764 celebra-

222 4782 346 4848 tuiii;
384 4794 499 4847 quae
537 4787 619 4833 est
656 4778 816 4848 hujus
852 4779 990 4832 tertii
1029 4779 1222 4848 capitis
1262 4780 1576 4848 propositio,
1621 4794 1782 4848 quam

225 4846 454 4903 adversus
476 4846 781 4918 opinionem
803 4848 1083 4904 clarissimi
1101 4846 1783 4918 Zabei_sustinendam_sus-

224 4919 324 4986 cepi
349 4936 360 4970 :
385 4917 747 4975 namNicetas
785 4920 874 4974 ille
915 4919 1084 4974 Dacus
1114 4917 1317 4972 Paulini
1351 4919 1538 4973 Nolani
1581 4922 1784 4975 amicus

223 4985 544 5058 ritisdemque
583 4990 828 5044 laudibus
855 4989 1175 5054 celebratus,
1208 4990 1395 5057 procul
1423 4990 1586 5045 dubio
1628 4998 1784 5046 ante-

223 5056 318 5132 rior
349 5058 443 5132 fuit
461 5056 797 5132 Eutychiano
828 5075 1030 5132 errore,
1068 5059 1158 5128 qui
1188 5056 1405 5132 nonnisi
1430 5060 1783 5132 N_iceta_Daco

221 5129 315 5203 jam
336 5129 535 5196 pridem
556 5129 662 5203 vita
689 5129 870 5185 functo
884 5131 1112 5203 primum
1135 5130 1328 5198 erupit.
1348 5129 1428 5203 Ab
1447 5129 1786 5203 Eutychiano

226 5199 386 5268 itaque
419 5214 600 5255 errore
627 5199 1060 5255 descendendum
1088 5214 1229 5253 nunc
1257 5207 1340 5253 est
1361 5200 1426 5253 ad
1446 5199 1605 5268 hujus
1634 5199 1787 5256 Nice-

224 5271 282 5317 taa
316 5265 435 5339 Daci
481 5269 704 5326 Paulino
743 5269 952 5326 Nolano
997 5270 1229 5324 amicitia
1259 5265 1531 5337 conjuncti
1559 5271 1786 5339 diligen-

228 5341 298 5388 ter
322 5337 952 5462 inﬂuirendammtatem;
976 5340 1120 5410 quod
1142 5342 1208 5422 ab
1235 5340 1386 5394 initio
1415 5342 1606 5411 capitis
1628 5337 1790 5411 hujus
1885 5340 1890 5342 ⁷

228 5419 369 5462 securi
407 5427 439 5462 o
478 5411 597 5462 loco
629 5412 761 5462 mihi
800 5420 916 5462 erat
950 5419 1317 5462 nronosnum.
1356 5417 1412 5462 et
1441 5412 1583 5462 quod
1623 5427 1790 5462 unum

226 5411 597 5482 secundoiloco
629 5411 761 5466 mihi
800 5420 916 5466 erat
950 5411 1317 5482 propositum,
1356 5417 1412 5482 et
1441 5412 1583 5480 quod
1623 5427 1790 5466 imum

226 5485 374 5551 restat
401 5481 467 5536 ad
486 5498 598 5536 rem
621 5483 1008 5538 conficiendam
1037 5481 1105 5536 de
1125 5497 1230 5551 qua
1259 5481 1420 5535 modo
1449 5483 1676 5550 agimus.

289 5546 488 5622 Nicetas
509 5554 690 5622 itaque
715 5553 889 5608 Dacus
915 5546 1217 5622 amplius—in
1239 5551 1374 5606 vivis
1393 5546 1507 5607 non
1522 5560 1638 5607 erat
1667 5568 1789 5608 cum

231 5611 535 5692 Eutychiana
582 5611 798 5679 limresis
837 5611 1020 5679 ortum
1047 5623 1250 5677 habuit.
1289 5622 1516 5678 Haeresis
1555 5638 1791 5692 namque

232 5683 684 5766 hmdahEutyche
713 5694 1144 5766 archimaiidrita,
1169 5700 1223 5748 et
1239 5693 1517 5766 jamsene,
1543 5683 1792 5766 utipa'tet

233 5769 294 5812 ex
317 5760 566 5835 pluribus'
581 5765 713 5821 locis
751 5765 1111 5835 Epistolarum
1147 5760 1315 5820 sancti
1355 5763 1550 5820 Leonis
1587 5760 1786 5835 Magni,

236 5835 393 5886 ortum
423 5833 476 5888 in
513 5831 733 5892 Oriente
771 5831 958 5892 habuit
997 5836 1138 5890 circa
1179 5851 1377 5892 annum
1418 5836 1629 5892 Domini
1661 5831 1786 5891 με.

527 5929 798 5990 Pauor“
847 5931 976 5990 Lll.

1874 571 1984 616 tum
2013 563 2199 638 ha_hito_
2221 562 2687 638 Cniistziiitiiiolioli
2711 563 2778 638 ab
2809 563 2950 618 illius
2977 562 3137 634 regim
3166 567 3312 638 urbis
3343 571 3461 638 epi-

1871 647 2037 706 scopo
2058 632 2332 706 Flaviano,
2357 632 2626 706 Eutyches
2646 635 2874 706 primum
2907 632 3188 690 accusatus
3211 637 3307 692 fuit
3334 632 3461 699 novi

1871 703 2014 774 illius
2042 704 2326 772 dogmatis,
2359 703 2501 774 quod
2543 704 2668 774 ipse
2687 719 2782 771 per
2810 703 3132 760 iii'onasteria
3157 709 3291 763 libro
3313 712 3462 769 edito

1871 773 2271 846 disseminabat,
2299 774 2364 827 ab
2386 773 2618 846 Eusebio
2648 773 2873 844 Dorylaei
2898 777 3174 846 episcopo,
3207 780 3346 835 illius
3370 797 3462 838 an-

1871 851 1957 922 tea
1983 844 2174 922 amico,
2191 860 2345 922 aquo
2366 847 2526 897 etiam
2561 843 3016 922 frustramonitus
3046 843 3248 913 fuerat;
3272 851 3378 922 35
3405 863 3463 910 et

1871 913 2140 986 Eutyches
2176 913 2377 986 erroris
2427 915 2731 986 convictus,
2767 924 2822 969 et
2850 916 2900 968 in
2941 932 3125 972 errore
3167 913 3461 981 cont'uniax

1872 983 2156 1039 damnatus
2196 983 2309 1054 fuit,
2351 999 2414 1038 ac
2453 985 2738 1039 sacerdotii
2780 986 2985 1041 honore
3015 988 3270 1054 privatus.
3303 991 3461 1052 Anno

1871 1055 2172 1125 insequenti
2203 1053 2323 1118 M9,
2355 1063 2572 1109 sanctds
2600 1055 2711 1108 Leo
2740 1071 2875 1125 papa
2911 1053 3178 1112 celebrem
3209 1061 3351 1115 illam
3389 1066 3461 1120 ad

1873 1124 2183 1178 Flavianum
2207 1125 2486 1198 epistolam
2509 1125 2654 1178 dedit
2675 1124 2862 1198 contra
2891 1125 3276 1198 Eiitych:anum
3307 1147 3460 1191 erro-

1871 1210 2004 1259 rem,
2031 1211 2133 1262 qua
2166 1205 2272 1248 tam
2308 1195 2588 1265 perspicue
2615 1196 2935 1250 catholicum
2959 1195 3151 1265 dogma
3180 1199 3247 1255 de
3279 1202 3458 1260 incar-

1873 1267 2090 1319 natione
2123 1265 2351 1327 Domini,
2387 1274 2440 1319 et
2468 1265 2535 1319 de
2563 1265 2770 1319 duabus
2804 1267 2856 1320 in
2888 1266 3105 1322 Christo
3132 1273 3336 1327 naturis
3365 1291 3458 1330 os-

1872 1335 2075 1406 tendit,
2118 1344 2172 1406 et
2215 1351 2453 1406 errorem
2505 1336 2679 1406 ipsum
2697 1335 3043 1406 __Eutychetis
3088 1345 3195 1392 tam
3237 1351 3460 1402 strenue

1870 1404 2191 1475 profligavit.
2229 1405 2382 1458 Anno
2413 1402 2626 1458 demum
2656 1402 2780 1468 451,
2815 1402 3142 1462 celebratum
3172 1408 3269 1465 fuit
3297 1411 3461 1471 Chal-

1871 1476 2174 1529 cedonense
2207 1475 2490 1546 concilium
2519 1477 2929 1546 oecumenicum,
2967 1477 3019 1531 in
3057 1493 3186 1546 quo,
3217 1486 3460 1542 rescissis

1872 1545 2122 1617 omnibus
2149 1560 2286 1617 quae,
2307 1545 2680 1617 in_latro_ciiiio
2708 1545 2981 1614 Ephesino
3022 1545 3119 1617 per
3145 1552 3456 1610 violentiam

1873 1623 1928 1688 et
1962 1615 2198 1670 fraudem
2222 1614 2664 1688 abAEutychctis
2687 1618 2920 1688 passeclis
2958 1614 3038 1672 ac'
3059 1624 3298 1688 patronis
3339 1635 3458 1688 acta

1873 1684 2102 1758 fuerant.
2147 1686 2374 1755 epistola
2406 1684 2502 1758 illa
2530 1685 2702 1739 sancti
2737 1685 2931 1758 Leonis
2959 1684 3111 1758 papa:
3139 1691 3202 1744 ad
3246 1687 3460 1750 Flavia;
3557 1703 3566 1706 “

1873 1703 2102 1746 iuerant,
2147 1703 2374 1755 episwta
2415 1703 2502 1738 ina
2530 1703 2702 1739 sancu
2738 1703 2931 1741 Leonis
2997 1704 3111 1758 apte
3139 1703 3202 1744 ad
3246 1703 3460 1750 flama-

1873 1771 2020 1820 nuni,
2052 1756 2164 1834 jam
2203 1772 2298 1825 per
2329 1757 2633 1810 universum
2673 1757 2858 1834 orbem
2897 1703 3107 1834 diiiusa,
3140 1769 3199 1834 et
3225 1765 3461 1834 undique

1875 1827 2253 1899 venerabiliter
2267 1835 2512 1899 accepta,
2533 1841 2596 1880 ac
2617 1827 2778 1880 veluti
2801 1825 3114 1899 Symbolum
3137 1831 3257 1886 fidei
3277 1825 3459 1891 habita

1876 1905 2064 1950 contra
2092 1895 2484 1970 Eutychianum
2513 1911 2772 1970 errorem,
2804 1895 2958 1970 quasi
2999 1915 3068 1954 ex
3105 1900 3270 1970 ipsius
3309 1905 3460 1961 Petri

1876 1983 1965 2037 ore
1987 1967 2249 2037 prolatas
2273 1967 2522 2021 Patribus
2550 1968 2842 2021 acclaniata
2873 1968 2988 2023 fuit.

1945 2036 2021 2091 De
2049 2037 2258 2109 Nicetis
2275 2037 2406 2092 Daci
2445 2037 2728 2109 eniortuali
2757 2053 2898 2092 anno
2937 2040 3071 2094 nihil
3104 2042 3320 2109 quidem
3360 2061 3460 2100 ex-

1874 2107 2144 2232 ﬁloratum
2177 2108 2438 2162 habemus
2471 2125 2484 2159 :
2515 2107 2608 2160 sed
2640 2107 2855 2162 Nicetas
2884 2109 3058 2164 Dacus
3087 2107 3269 2180 procul
3293 2115 3460 2172 dubio

1913 2179 2056 2232 oruit
2093 2187 2251 2232 {etate
2291 2176 2498 2231 Paulini
2539 2176 2762 2232 Nolani.
2797 2178 2949 2232 cuius
2997 2182 3158 2232 etiam
3191 2185 3458 2232 amicimi-

1913 2179 2056 2232 oruit
2093 2187 2251 2232 {etate
2291 2176 2498 2231 Paulini
2539 2176 2762 2241 Nolani,
2797 2178 2949 2246 cujus
2997 2176 3158 2234 etiam
3191 2185 3458 2240 amicissi-

1875 2265 1995 2304 mus
2023 2257 2159 2313 erat,
2191 2256 2246 2303 et
2274 2248 2341 2302 ad
2369 2262 2530 2316 quem
2561 2249 2893 2302 invisendum
2934 2265 2964 2304 e
2995 2250 3153 2305 Dacia
3183 2252 3370 2308 Nolam
3400 2272 3464 2311 se

1823 2379 1827 2384 ,
1874 2319 1958 2391 his
1987 2318 2308 2391 contulerat,
2342 2328 2488 2391 utex
2509 2317 2746 2391 ejusdem
2764 2317 2971 2374 Paulini
2992 2321 3204 2391 scriptis
3225 2333 3458 2380 constat.

1877 2388 2048 2458 Porro
2089 2386 2344 2441 Paulinus
2376 2387 2620 2458 Nolanus
2659 2388 2726 2442 ad
2769 2404 2994 2458 superos
3034 2386 3270 2446 evolavit
3315 2411 3461 2452 anno

1876 2457 2000 2530 451,
2032 2459 2206 2511 aetatis
2233 2473 2343 2530 suae
2373 2457 2466 2520 78,
2500 2473 2620 2511 cum
2645 2457 2926 2530 presbyter
2948 2459 3095 2515 Nola:
3125 2461 3308 2518 fuisset
3337 2475 3464 2521 ante

1877 2529 2244 2600 episcopatum
2291 2528 2472 2596 plures
2509 2543 2712 2590 annos,
2744 2528 2889 2601 et‘ad
2931 2533 3291 2601 episcopalem
3339 2551 3462 2590 eam

1876 2601 2061 2653 sedem
2086 2606 2390 2668 assumptus
2418 2605 2560 2668 esset
2588 2613 2730 2653 anno
2758 2599 2974 2653 circiter
2999 2599 3130 2666 409,
3156 2604 3228 2656 uti
3251 2605 3318 2658 ab
3339 2621 3463 2660 eru-

1877 2669 2004 2724 ditis
2032 2668 2147 2736 ejus
2172 2667 2406 2737 Operum
2433 2667 2730 2723 editoribus
2771 2671 3114 2725 obseivatuin
3155 2671 3270 2726 fuit.
3312 2675 3464 2732 Nice-

1879 2747 1988 2793 tam
2019 2739 2390 2808 huncDacuiii
2425 2745 2550 2790 iiatu
2593 2737 2817 2792 Paulino
2863 2738 3120 2806 majorem
3156 2741 3348 2808 fuisse,
3392 2762 3462 2800 ex

1836 2841 1848 2856 .
1877 2810 2119 2880 pluribus
2157 2807 2366 2880 Paulini
2407 2809 2576 2880 ipsius
2590 2808 2691 2880 de,
2715 2809 2903 2880 eodem
2945 2809 3306 2867 locutionibus
3338 2807 3461 2870 non

1878 2876 2148 2934 immerito
2177 2877 2513 2950 coiijicimus.
2546 2876 2821 2950 Siquidem
2851 2885 2907 2932 et
2933 2891 3199 2950 parentem
3223 2898 3366 2948 eum,
3407 2894 3464 2939 et

1877 2951 2181 3022 magistrum
2211 2949 2408 3017 passim
2438 2947 2704 3022 appellat,
2730 2957 2786 3001 et
2812 2963 2870 3003 se
2892 2947 2998 3022 non
3030 2951 3188 3022 modo
3220 2969 3329 3022 prre
3356 2947 3462 3008 liu-

1877 3019 2106 3074 militate
2135 3035 2411 3090 pauperem
2441 3026 2496 3072 et
2522 3019 2868 3090 insipientem,
2901 3019 2997 3073 sed
3027 3021 3189 3074 etiam
3222 3019 3362 3078 illius
3388 3040 3468 3079 re-

1878 3097 2064 3160 spectu
2095 3089 2654 3160 parvulum,ipoemate
2679 3104 2811 3160 xxvi
2826 3089 2896 3160 de
2926 3099 3111 3144 sancto
3134 3090 3331 3152 Felice.
3358 3093 3468 3148 Na~

1880 3158 1973 3215 tal.
2000 3158 2052 3226 9,
2085 3158 2230 3228 quod
2260 3159 2429 3228 eiiidit
2449 3159 2502 3210 in
2531 3159 2768 3228 secundo
2795 3158 2994 3214 Nicetie
3015 3160 3246 3215 adventu
3275 3163 3466 3218 Nolam

1880 3231 2022 3286 circa
2053 3225 2250 3283 aiiiium
2281 3225 2415 3298 402A,
2457 3243 2580 3298 cum
2611 3226 2862 3282 Paulinus
2903 3238 3029 3284 tunc
3071 3243 3255 3298 ageret
3291 3235 3468 3288 aetatis

1881 3317 2078 3355 an;.uni
2103 3299 2316 3354 circiter
2343 3296 2432 3370 49.
2465 3297 2696 3366 ldipsuin
2726 3314 2857 3354 vero
2887 3299 2992 3353 alia
3019 3296 3144 3355 sunt
3163 3317 3285 3370 quae
3313 3303 3466 3358 lucu-

1881 3371 2077 3426 lentius
2107 3369 2280 3424 adhuc
2301 3369 2572 3423 evincunt.

1953 3440 2091 3514 Ante
2125 3455 2293 3514 annos
2325 3446 2575 3514 quatuor,
2613 3438 2863 3514 nimirum
2899 3454 3041 3514 anno
3072 3440 3204 3506 598,
3235 3445 3468 3514 primum

1881 3510 2071 3586 Nolani
2100 3511 2390 3586 advenerat
2419 3507 2651 3586 Nicetas,
2683 3525 2804 3563 cum
2828 3507 3084 3586 Paulinus
3113 3507 3313 3586 annum
3343 3530 3470 3586 age-

1881 3589 1965 3636 ret
1992 3578 2080 3633 45.
2112 3579 2302 3633 Exstat
2342 3577 2552 3631 Paulini
2580 3594 2802 3644 poema,
2827 3596 2973 3633 num.
3017 3581 3103 3644 17,
3138 3583 3203 3637 ad
3228 3577 3472 3640 Nicetam

1880 3652 2196 3725 redeuntem
2219 3651 2270 3725 in
2300 3649 2534 3713 Daciam,
2559 3649 2625 3725 de
2645 3651 3059 3725 quo_supe_riore
3079 3654 3256 3722 capite
3285 3655 3469 3725 plura;

1881 3722 2027 3791 quod
2055 3721 2121 3775 ad
2153 3721 2399 3781 reditum,
2427 3734 2492 3772 ex
2523 3720 2696 3788 primo
2717 3718 2834 3787 ejus
2854 3719 3109 3791 adventu,
3142 3718 3250 3778 non
3280 3718 3348 3780 ex
3378 3718 3469 3782 se;

1881 3788 2079 3866 eundo,
2105 3791 2300 3866 erpiliti
2322 3799 2566 3866 spectare
2595 3788 2914 3866 ceiiseiit._lii
2947 3790 3050 3866 hoc
3075 3805 3323 3866 poemate
3345 3811 3472 3866 per-

1882 3863 2124 3934 sequitur
2154 3857 2408 3934 Paulinus
2432 3857 2615 3913 l'usiori
2637 3859 2779 3934 style
2797 3859 2998 3914 Nicetze
3017 3857 3234 3929 laudes,
3267 3857 3386 3934 quae
3416 3868 3474 3923 in

1883 3948 1950 3988 eo
1962 3929 2211 3986 maxime
2239 3931 2355 3984 sitae
2377 3938 2549 3994 erant,
2579 3929 2718 3998 quod
2745 3929 3029 3984 Bessorum
3057 3943 3262 3998 gentes,
3284 3929 3344 3990 et
3365 3935 3476 3992 Ge-

1884 4011 1986 4066 tas,
2019 4010 2074 4057 et
2099 4001 2348 4072 Scythas,
2382 4007 2437 4054 et
2465 4008 2749 4072 utramque
2778 4000 3015 4066 Daciam,
3051 4000 3338 4072 Ripeiisem
3363 4008 3470 4062 sci-

1883 4073 2010 4128 licet
2029 4070 2189 4140 atque
2215 4070 2680 4140 Mediterraneani,
2715 4070 2830 4138 ipse
2851 4071 3055 4138 primus
3077 4070 3140 4128 ad
3164 4074 3347 4129 caulas
3369 4076 3473 4132 Do-

1883 4143 2012 4197 mini
2029 4142 2355 4203 adduxisset,
2369 4139 2620 4208 quodque
2642 4141 2849 4194 illarum
2867 4141 3103 4207 gentium
3119 4142 3467 4202 efferatarum

1883 4227 2061 4267 mores
2081 4211 2146 4264 ad
2170 4211 2298 4264 mite
2326 4208 2755 4263 Christianorum
2789 4210 3060 4278 ingenium
3083 4215 3462 4273 convertisset.

1884 4281 2109 4337 Praestat
2130 4281 2240 4350 jain
2265 4281 2438 4350 ipsum
2469 4279 2672 4333 audire.

2005 4427 2047 4488 0
2065 4425 2244 4488 quibus
2259 4424 2358 4488 jam
2377 4430 2499 4488 tunc
2520 4423 2762 4471 resonabit
2789 4421 2870 4472 illa

2009 4485 2204 4538 Gaiidiis
2227 4486 2396 4542 tellus.
2422 4485 2502 4533 ubi
2531 4494 2580 4533 tu
2611 4487 2833 4545 rigentes

2006 4549 2198 4600 Educes
2217 4549 2408 4598 Clirisio
2425 4547 2528 4594 fera
2554 4546 2676 4596 colla
2701 4547 2807 4596 miti

2102 4610 2328 4658 Subdere
2353 4607 2564 4669 gentes!

2012 4672 2217 4731 Quaque
2245 4669 2453 4732 Riplia'is
2470 4669 2656 4718 Boreas
2681 4669 2727 4717 in
2753 4671 2852 4720 oris

2013 4733 2192 4789 Alligal
2216 4733 2386 4781 densis
2404 4732 2576 4780 ﬂuvios
2596 4732 2800 4792 pruinis,

2011 4793 2242 4856 llicigelu
2267 4801 2460 4842 mentes
2485 4793 2666 4854 rigidas
2687 4806 2903 4856 superno

2105 4855 2226 4916 igne
2254 4855 2473 4903 resolvis.

2013 4916 2131 4966 Nam
2157 4917 2299 4965 simul
2323 4919 2471 4964 terris
2489 4918 2761 4977 animisque
2783 4917 2892 4967 duri

2013 4978 2076 5028 Et
2093 4993 2178 5026 sua
2199 4979 2334 5028 Bessi
2361 4979 2472 5027 nive
2489 4980 2734 5038 duriores,

2015 5039 2156 5090 Nunc
2176 5054 2297 5089 oves
2324 5041 2430 5101 facti
2457 5040 2582 5088 duce
2609 5046 2659 5089 te
2680 5046 2950 5101 gregantur

2108 5101 2250 5150 Pacis
2268 5103 2315 5149 in
2337 5100 2514 5148 aulam.

2017 5161 2246 5223 Quasque
2268 5162 2491 5212 cervices
2516 5161 2633 5210 dare
2659 5163 2886 5212 servituti

2017 5224 2227 5286 Semper
2249 5239 2274 5272 a
2301 5223 2430 5273 bello
2456 5226 2670 5274 indomiti
2697 5229 2959 5286 negarunt,

2017 5285 2157 5349 Nunc
2171 5287 2291 5349 jugo
2310 5288 2412 5334 veri
2438 5287 2626 5336 Domini
2647 5285 2870 5335 subactas

2111 5348 2352 5397 Sternere
2372 5349 2646 5409 gaudent...

2019 5409 2061 5460 0
2089 5411 2223 5458 vices
2242 5408 2434 5458 rerum!
2463 5411 2592 5457 bene
2615 5422 2752 5457 versa
2771 5408 2948 5458 forma!

2021 5471 2146 5521 Invii
2172 5479 2362 5520 montes
2387 5473 2540 5532 prius,
2571 5481 2619 5519 et
2643 5472 2856 5530 cruenti,

2023 5532 2161 5584 Nunc
2183 5538 2358 5593 tegunt
2385 5531 2554 5580 versos
2577 5533 2822 5581 monachis
2846 5531 3061 5584 latrones

2111 5595 2255 5644 Pacis
2271 5593 2488 5641 alumnos

2020 5657 2124 5708 Mos
2143 5655 2224 5702 iilii
2243 5668 2354 5715 quoi
2373 5657 2482 5704 dam
2507 5655 2668 5704 fuerat
2692 5655 2924 5717 ferarum,

2019 5720 2160 5770 Nunc
2183 5717 2386 5778 ibiritus
2412 5719 2548 5778 viget
2571 5717 2856 5778 angelorum
2885 5731 2898 5766 :

2023 5781 2083 5832 Et
2105 5782 2226 5842 latet
2246 5776 2420 5840 justus.
2442 5776 2618 5836 quibus
2632 5776 2740 5842 ipse
2761 5778 2880 5830 latro

2113 5841 2250 5894 Vixit
2265 5843 2314 5891 in
2337 5843 2547 5892 antris...
