3936 6368
401 353 506 416 9H
1109 343 1171 406 Ρ.
1212 345 1491 406 ΒΒΑΙΒᾹΞ
1527 339 1980 405 DlSSERTATlO

2124 348 2185 408 S.
2226 340 2554 403 NICETAM.
2583 375 2654 388 —
2679 339 2834 404 CAP.
2876 337 2968 402 Ill.
3585 340 3687 399 912

401 473 683 546 sanctam,
715 461 968 546 οπρίιθέρ
999 459 1092 546 ιιιξὶ
1119 460 1193 514 ita
1224 461 1404 546 aiebat.
1427 478 1440 514 =
1461 459 1587 546 ἀεί
1617 459 1743 546 (ψει
1768 459 1984 546 hera.“-
2013 465 2064 523 Α
2091 456 2720 546 ⁸³.“⁰“Ρ⁵.Ῑ⁴⁴ῗίῗῑδῗ⁵ίῖ¹ὶ⁴ἲ¹ηί
2741 458 2915 546 etiam.
2934 453 3224 546 αξιιξρὲββς
3237 453 3688 546 982851013525

404 555 500 597 cus
527 538 627 593 sub
654 529 872 591 nomine
897 531 1204 587 Christiano
1227 539 1320 584 aut
1347 529 1620 586 Christum
1641 529 1748 584 tibi
1768 540 1984 585 creatu-

402 625 523 667 ram
555 607 738 669 tradit,
764 613 857 659 aut
881 602 1138 674 Spiritum
1167 610 1412 674 sanctum
1425 603 1670 674 alienum
1694 615 1813 655 esse
1834 601 1991 674 aiPa-

405 683 504 737 tris
532 687 588 734 et
617 677 736 732 Filii
756 672 937 745 gloria
959 673 1283 745 persuadet,
1307 672 1500 745 sittibi
1521 673 1991 745 tamquamethni-

403 769 500 808 cus
512 761 565 805 et
582 742 917 818 publicanus,
940 742 1065 814 quia
1086 743 1221 818 te‘ad
1239 743 1596 818 idololatrian:
1615 742 1852 818 deducit,
1867 757 1989 818 cum

402 810 704 877 creaturam
727 817 906 872 colere
926 810 1232 886 persuadet.
1259 833 1276 864 ι
1301 810 1526 886 Ubinam
1548 827 1676 886 vero
1697 820 1790 886 aut
1806 812 1990 886 Arium

401 901 493 946 aut
522 883 1042 951 Macedonium,’aut
1071 884 1300 938 Arianos
1325 892 1418 936 aut
1447 883 1880 948 Macedonianos,
1905 883 1990 936 vel

401 961 490 1017 hic
518 959 604 1016 vel
633 958 760 1012 alibi
782 956 996 1013 Nicetas
1025 955 1079 1009 in
1105 953 1496 1025 Επριαηαέιοιιο
1522 969 1618 1025 sua
1649 953 1990 1008 nominavit?

401 1029 519 1086 Non
549 1037 634 1086 est
660 1043 790 1096 ergo
813 1043 908 1082 cur
922 1028 1043 1094 jure
1063 1023 1305 1079 dicamus
1332 1023 1724 1096 Eutvcltianum
1747 1038 1990 1096 errorem

399 1116 509 1158 non
531 1093 835 1165 respexisse
869 1093 1112 1151 Nicetam
1131 1095 1314 1165 capite
1343 1093 1376 1146 4
1403 1093 1833 1165 Explauationis,
1863 1097 1990 1162 quia

402 1187 580 1241 neque
601 1164 900 1240 Eutychen,
925 1181 1102 1235 neque
1130 1164 1498 1236 Eutychianos
1519 1165 1742 1235 proprio
1771 1166 1990 1219 nomine

400 1241 678 1297 indicavit.

473 1312 580 1366 Scd
623 1325 721 1366 cur
766 1309 956 1364 saltem
996 1305 1452 1377 Eutychianorum
1491 1303 1988 1377 Pseudoecclesiam

402 1399 511 1438 non
559 1380 858 1435 nominavit
885 1378 1064 1447 capite
1103 1373 1204 1442 710,
1231 1377 1338 1447 _ubi
1366 1376 1591 1429 aliarum
1632 1373 1990 1447 triu_m_Pseu-

401 1451 822 1508 doecclesiarum
862 1445 1174 1518 expressam
1221 1445 1348 1502 fecit
1385 1445 1764 1518 mentionem}
1795 1445 1990 1518 Facilis

402 1531 488 1579 est
527 1513 1101 1591 respousioiadjhauc
1137 1531 1354 1591 quoque
1399 1516 1621 1591 alterius
1657 1513 1990 1591 diﬂicultatis

441 1585 631 1648 artem.
655 1590 838 1645 Sancti
859 1589 1002 1644 enim
1041 1586 1238 1641 Leonis
1265 1585 1440 1653 Magni
1474 1601 1622 1650 aevo,
1654 1600 1720 1640 ac
1746 1586 1992 1642 similiter

441 1605 631 1648 artem.
655 1605 838 1645 δθηοιι
859 1605 1002 1644 enim
1041 1605 1238 1641 14801118
1265 1605 1440 1653 magni
1474 1605 1592 1640 {BVO
1609 1627 1622 1650 ,
1654 1605 1720 1640 ac
1746 1605 1990 1642 summer

399 1605 603 1718 Kicetae
624 1662 794 1718 nostri
834 1658 1189 1726 Aquileiensis
1220 1663 1398 1720 aetate,
1431 1656 1671 1712 nondum
1692 1656 1990 1726 peculiares

401 1735 690 1789 societates
711 1739 767 1786 et
788 1726 1059 1784 Ecclesias
1079 1743 1109 1781 a
1129 1726 1421 1781 Catholicis
1437 1728 1720 1781 distinctas
1748 1727 1850 1780 sibi
1865 1741 1991 1782 con-

403 1805 690 1860 stituerant
718 1799 1031 1871 Eutychetis
1045 1796 1345 1871 _discipuli;
1377 1797 1470 1852 sed
1492 1797 1594 1871 hac
1617 1797 1739 1871 illac
1759 1797 1988 1866 dispersi

401 1875 460 1930 in
481 1873 760 1930 catholicis
784 1867 913 1939 ipsis
935 1868 1210 1939 Ecclesiis,
1243 1875 1297 1921 et
1317 1868 1458 1922 inter
1485 1867 1784 1939 catholicos
1810 1874 1992 1922 viven-

402 1953 506 2010 tes,
538 1957 777 2000 errorem
798 1936 954 2010 suum
981 1936 1381 2010 diffundebant,
1414 1947 1470 1993 et
1496 1937 1748 2010 catholici
1775 1953 1992 2010 semper

400 2007 572 2070 videri
601 2013 876 2067 volebant.
909 2009 1025 2063 Non
1056 2016 1173 2063 erat
1206 2009 1367 2077 igitur
1394 2024 1492 2064 cur
1532 2007 1749 2062 Nicetas
1772 2049 1787 2072 ,
1829 2007 1990 2064 sicuti

401 2083 862 2141 commemorabat
884 2079 1352 2134 Pseudoecclesias
1373 2079 1808 2142 Manichaeorum,
1834 2077 1990 2133 Cata-

400 2155 759 2227 phrygarum,
802 2149 1263 2227 Marcionistarum
1284 2190 1299 2212 ,
1331 2149 1704 2227 haereticorum
1743 2159 1989 2227 veterum

401 2219 723 2296 qui'jamdiu
747 2238 776 2276 a
799 2220 1063 2296 cathoiica
1092 2219 1682 2296 societatedefecerant
1707 2237 1720 2296 ς
1746 2220 1820 2273 ita
1841 2235 1990 2274 com-

401 2287 730 2350 memoraret
761 2292 926 2346 etiam
965 2287 1462 2344 Pseudoecclesiam
1492 2288 1985 2359 Eutychianorum,

401 2366 498 2435 qui
536 2377 726 2435 recens
763 2362 939 2435 exorti
967 2359 1547 2435 nondumncoaluerant
1583 2361 1633 2412 in
1664 2359 1991 2435 peculiarem

401 2429 604 2492 sectam
629 2450 659 2486 a
687 2431 968 2485 Catholico
997 2443 1158 2498 grege
1185 2429 1522 2495 distinctam,
1553 2438 1609 2483 et
1629 2430 1992 2499 peculiaribus

401 2505 570 2560 sacris
597 2503 883 2556 addictam.
913 2499 1143 2554 Sanctus
1191 2514 1318 2552 vero
1361 2500 1474 2568 ipse
1503 2499 1614 2553 Leo
1655 2500 1796 2554 hanc
1836 2500 1992 2556 nobis

401 2571 1140 2644 suppeditatresponsi:mem
1170 2569 1224 2622 in
1254 2570 1481 2644 epistola
1512 2568 1992 2644 failquamt‘auno

402 2636 521 2699 457'
537 2643 751 2712 scripsit
779 2636 856 2712 ad;
875 2636 1518 2712 Anatoliumepi'scopum
1539 2636 1996 2712 ConstantinOpo-

401 2709 662 2778 litanum,
693 2715 745 2766 in
775 2710 928 2781 cujus
955 2711 1102 2765 clero
1132 2709 1326 2781 aliquis
1358 2717 1593 2781 erat,et
1620 2711 1838 2779 quidem
1870 2709 1993 2781 pre-

403 2786 593 2858 sbyter
612 2783 830 2838 nomine
847 2779 1088 2858 Atticus,
1107 2781 1212 2858 qui
1239 2779 1558 2858 _Eutychetis
1579 2779 1887 2858 doctrinam
1898 2798 1994 2858 _se—

401 2847 657 2911 ctabatur
685 2860 850 2921 atque
889 2847 1154 2906 docebat;
1177 2869 1196 2900 ι
1231 2847 1591 2920 Jampridem,
1624 2851 1815 2921 inquit,
1857 2852 1992 2907 dile-

404 2925 576 2980 ctioni
607 2932 712 2978 tuae
731 2920 1012 2991 scripsisse
1037 2936 1123 2974 me
1148 2921 1353 2982 recolo,
1379 2929 1437 2975 ut
1467 2921 1520 2974 in
1552 2922 1699 2976 clero
1737 2920 1992 2977 Ecclesiae

401 3004 511 3050 tuae
543 2994 747 3048 nullum
786 2991 1134 3062 Eutychianie
1163 2992 1352 3046 hmresi
1379 2992 1940 3062 consentirepatiaris
1973 3010 1986 3046 :

403 3065 664 3136 quoniam
692 3061 1210 3136 capitis’periculum
1241 3062 1488 3136 respicit,
1519 3062 1565 3116 si
1585 3061 1990 3136 quidtsaucium

403 3131 707 3192 inveniatur
748 3131 801 3187 iu
844 3131 1116 3188 membris.
1163 3131 1269 3186 Sed
1311 3131 1434 3187 cum
1475 3133 1581 3187 hoc
1623 3131 1767 3186 nulla
1815 3133 1991 3189 adhuc

406 3206 748 3263 correctione
775 3211 1058 3274 purgatum
1097 3203 1199 3267 sit,
1240 3209 1296 3255 ct
1320 3203 1574 3274 _Atticum
1617 3205 1990 3274 presbyterum

405 3285 558 3356 tuu'in
589 3272 796 3356 adeam
825 3274 1171 3356 insolentiam.
1207 3272 1504 3356 profecisse
1532 3272 1857 3356 cogtioscaui
1875 3314 1889 3336 ,
1935 3281 1993 3328 ut

406 3347 464 3401 in
489 3345 728 3400 Ecclesia
757 3352 946 3400 contra
975 3343 1296 3398 catholicam
1321 3343 1478 3398 fidem
1508 3353 1564 3397 ct
1595 3343 1996 3400 Chalcedonen-

405 3431 524 3474 sem
553 3415 818 3487 synodum
845 3414 1048 3487 audeat
1082 3413 1382 3487 disputare;
1410 3425 1591 3487 _cogor
1625 3413 1994 3487 vehementius

405 3487 476 3542 de
506 3482 599 3540 tua
619 3484 1044 3539 dissimulatione
1072 3483 1372 3538 causari....
1407 3482 1474 3536 Et
1506 3484 1627 3538 ideo
1668 3485 1846 3540 acrius
1875 3501 1994 3540 mo-

408 3573 536 3622 neo,
563 3570 738 3624 neque
766 3554 994 3624 amplius
1021 3553 1463 3624 dissimulandum
1493 3568 1613 3624 esse
1635 3563 1923 3622 protestor,
1949 3557 1996 3610 si

406 3623 684 3683 hominem
710 3623 1052 3694 pestilentem
1073 3623 1298 3679 ulterius
1326 3624 1380 3676 in
1412 3633 1501 3694 tua
1519 3623 1824 3679 habendum
1844 3641 1995 3680 com-

407 3696 670 3752 munione
691 3691 1014 3758 credideris;
1047 3707 1208 3763 quem
1228 3709 1354 3758 nos,
1386 3693 1432 3747 si
1462 3691 1577 3746 ﬁeri
1607 3702 1786 3763 potest
1811 3710 1996 3750 emen-

410 3766 530 3821 dari
556 3766 822 3834 malumus
848 3778 1009 3834 quam
1031 3762 1208 3834 perire
1241 3780 1254 3816 :
1295 3771 1356 3816 ut
1379 3763 1589 3834 scilicet
1611 3762 1666 3818 'si
1693 3773 1996 3820 correctum

410 3851 473 3892 se
495 3835 659 3890 videri
683 3833 830 3903 cupit
849 3833 979 3903 etin
1000 3833 1260 3888 societate
1279 3833 1642 3888 ecclesiastica
1659 3849 1994 3903 permanere,

411 3905 483 3960 de
525 3920 592 3960 eo
623 3901 770 3969 loco,
820 3901 962 3958 unde
1001 3910 1190 3956 contra
1229 3903 1550 3957 catholicam
1595 3901 1781 3958 Fidem
1829 3901 1996 3960 multa

409 3975 686 4039 disseruit,
715 3982 904 4046 aperte
951 3980 1082 4046 tunc
1111 3971 1279 4046 ipsius
1325 3972 1447 4046 ﬁdei
1486 3974 1808 4042 prmdicator
1833 3991 1999 4046 appa-

409 4053 551 4112 reat,
576 4053 632 4099 et
656 4042 787 4099 nihil
813 4042 1128 4114 Eutychiani
1149 4043 1414 4114 dogmatis
1439 4046 1828 4114 praetermittat,
1855 4042 1998 4114 quod

411 4131 523 4171 non
555 4112 986 4187 manifestatioiie
1019 4129 1132 4187 sum
1179 4112 1529 4182 professionis
1547 4112 2001 4187 Christiano—po-

411 4187 544 4256 pulo
593 4185 853 4256 audiente
896 4183 1221 4256 condemnet
1254 4198 1388 4256 :_ue,
1427 4192 1495 4256 ut
1527 4183 1668 4256 dixi,
1711 4183 2000 4256 plurimum

410 4254 520 4328 ἧι
543 4254 1376 4328 dissimulatioista_te_maculet,
1395 4255 1436 4328 _si
1457 4255 1538 4310 vel
1557 4255 1640 4310 hic
1665 4254 1771 4310 tam
1789 4259 1997 4328 noxius,

409 4324 518 4380 vel
530 4325 771 4380 Andreas
790 4324 1079 4394 impietatis
1107 4325 1272 4394 ipsius
1297 4325 1496 4390 socius,
1515 4341 1615 4381 nec
1641 4329 1870 4384 correcti
1890 4327 2004 4384 fue-

409 4395 542 4467 rint,
574 4411 675 4450 nec
701 4395 923 4467 repulsi:
953 4415 979 4467 Ξ)
1013 4394 1300 4467 Commixti
1348 4396 1508 4463 igitur
1535 4412 1602 4451 eo
1633 4405 1875 4467 tempore
1903 4400 2001 4454 ad-

411 4466 522 4540 huc
549 4473 703 4518 erant
723 4463 1057 4540 _i'Jutychiani
1096 4465 1394 4540 catholicis,
1427 4481 1527 4522 nec
1553 4463 1777 4522 alteram
1807 4469 1882 4522 illi
1906 4485 2002 4540 pe-

412 4535 673 4589 culiarem
723 4534 1015 4588 Ecclesiam
1043 4549 1140 4588 seu
1167 4537 1479 4590 societatem
1509 4534 1940 4604 constituebant,
1971 4557 2002 4596 a

2020 1842 2069 1902 B

2093 531 2160 585 ad
2189 524 2839 600 presbyteros,'diaconos
2868 536 2922 583 et
2966 529 3193 600 clericos
3229 524 3692 600 ejusdem_Eccle-

2092 597 2842 668 sizeCous'tantinopolitanin,
2872 601 2946 654 ita
2967 599 3236 655 scribebat
3267 615 3280 652 :
3317 618 3335 650 ι
3371 597 3591 652 Nullum
3620 599 3694 653 si-

2091 673 2234 727 natis
2269 671 2424 726 vobis
2460 669 2778 742 Nestoriaiia
2799 671 2886 724 vel
2911 669 3243 742 Eutycliiana
3275 668 3535 742 infectum
3566 682 3693 742 per-

2091 742 2348 798 versitate
2378 741 2594 796 sociari.
2634 761 2652 794 ι
2687 739 3033 796 Couabantur
3059 740 3238 809 itaque
3257 756 3379 795 cum
3407 739 3698 796 catholicis

2091 815 2406 868 societatem
2457 812 2685 877 habere;
2719 812 2944 877 ideoque
2975 811 3176 865 nullam
3207 811 3469 867 hactenus
3497 825 3569 865 ex
3613 826 3701 866 se-

2091 884 2336 954 metipsis
2362 883 2680 954 societatem
2709 898 2817 954 seu,
2851 881 3347 937 Pseudoecclesiam
3396 881 3704 954 constitue-

2092 952 2241 1010 bant;
2275 952 2374 1008 Ubi
2416 953 2579 1008 etiam
2609 953 3098 1007 animadvertamus
3140 961 3372 1022 Oportet,
3405 952 3557 1022 quod
3595 967 3703 1007 non

2092 1025 2266 1080 solum
2296 1023 2616 1092 Eutychiani
2641 1038 2831 1078 recens
2859 1023 3054 1086 exorti,
3078 1023 3172 1078 sed
3196 1037 3370 1092 neque
3390 1023 3705 1079 Nestoriani

2063 1095 2181 1165 ‘qni
2222 1110 2316 1150 eos
2365 1083 2551 1162 viginti
2599 1095 2819 1165 circiter
2862 1083 3050 1149 annos
3082 1083 3491 1165 prmcesserant,
3523 1093 3708 1165 adhuc

2093 1163 2249 1220 érant
2273 1175 2398 1219 tunc
2426 1165 2684 1234 temporis
2710 1164 2782 1218 ita
2805 1165 3069 1220 societate
3088 1163 3353 1232 reopulati,
3377 1173 3436 1220 et
3457 1180 3484 1217 a
3508 1163 3708 1234 οδψσ-

2094 1236 2194 1290 lica
2238 1235 2478 1290 Ecclesia
2508 1232 2892 1306 communione
2919 1235 3180 1306 peculiari
3210 1235 3471 1306 distincti,
3501 1242 3564 1289 ut
3595 1232 3706 1290 Ec-

2092 1307 2311 1361 clesiam
2361 1305 2649 1373 quamdam
2701 1321 2796 1360 seu
2843 1303 3342 1360 Pseudoecclesiam
3376 1304 3625 1361 facerent
3677 1320 3708 1358 a

2093 1377 2360 1432 catholica
2401 1376 2514 1444 ipsa
2542 1375 2833 1436 diversam.
2865 1391 2895 1430 a
2924 1391 3031 1445 qua
3060 1385 3348 1446 propterea
3370 1375 3710 1432 admonendi

2093 1456 2276 1502 essent
2305 1447 2491 1500 ﬁdeles
2517 1453 2576 1500 ut
2606 1446 2707 1500 sibi
2734 1454 3006 1501 caverent.

2164 1516 2233 1570 Et
2259 1532 2318 1572 re
2347 1518 2576 1586 quidem
2615 1531 2764 1581 vera,
2797 1525 2888 1570 aut
2919 1516 3066 1579 nulli,
3100 1523 3192 1571 aut
3217 1514 3388 1572 ferme
3424 1517 3562 1572 nulli
3591 1517 3711 1572 hae-

2092 1585 2404 1652 reticorum,
2424 1587 2517 1656 qui
2537 1585 2831 1642 Ecclesiam
2862 1587 3195 1642 lacesserunt
3221 1596 3384 1657 atque
3413 1589 3716 1643 turbarunt

2093 1658 2368 1714 erroribus
2393 1661 2522 1721 suis,
2556 1657 2868 1712 scissionem
2896 1657 2966 1712 ab
3011 1658 3200 1712 eadem
3242 1657 3452 1722 fecere,
3497 1667 3605 1712 aut
3645 1660 3714 1713 ab

2094 1728 2212 1798 ipso
2240 1743 2457 1782 suorum
2481 1741 2726 1782 errorum
2742 1728 2986 1792 exordio,
3005 1737 3098 1798 aut
3118 1728 3308 1798 prima,
3331 1736 3388 1782 ut
3409 1731 3482 1783 ita
3499 1729 3710 1794 dicam,

2094 1797 2284 1870 eorum
2325 1798 2732 1853 insurrectiouis
2755 1805 2938 1862 relate,
2972 1807 3030 1854 ut
3057 1797 3353 1854 Ecclesiam
3399 1799 3503 1855 sibi
3535 1814 3714 1870 pecu-

2096 1869 2285 1924 liarem
2308 1871 2605 1924 conderent
2633 1885 2664 1923 a
2695 1870 2958 1924 catholica
2988 1877 3324 1939 separatam;
3358 1869 3583 1925 etiamSi
3619 1885 3718 1937 per

2097 1940 2459 1994 anathematis
2488 1941 2810 1994 sententiam
2851 1955 2948 1994 seu
2977 1940 3031 1994 in
3073 1940 3491 2010 provincialibus
3524 1955 3633 1995 seu
3662 1940 3717 1996 in

2095 2010 2438 2080 generalibus
2467 2011 2710 2065 conciliis
2750 2011 2932 2075 latam,
2965 2026 2996 2065 a
3023 2009 3411 2066 catholicorum
3463 2009 3716 2066 ﬁdelium

2095 2083 2476 2136 communione
2502 2090 2557 2135 et
2580 2083 2648 2135 ab
2671 2081 2915 2150 ingressu
2935 2097 3208 2137 sacrarum
3231 2081 3426 2136 aedium
3449 2097 3717 2138 arceren-

2095 2157 2202 2205 tur.
2234 2150 2501 2222 llorruere
2514 2151 2654 2220 siqui
2676 2154 2778 2205 lem
2801 2167 3016 2222 semper
3039 2152 3275 2206 haeretici
3299 2153 3573 2216 homines,
3601 2152 3717 2207 vel-

2096 2222 2174 2275 uti
2205 2221 2503 2274 absolutam
2535 2222 2828 2291 impietatis
2855 2221 2966 2276 sua:
2999 2222 3549 2288 condemnationem,
3573 2222 3720 2277 hanc

2095 2292 2318 2346 alterius
2340 2300 2511 2346 cintus
2539 2307 2570 2345 a
2599 2292 2862 2348 catholica
2893 2293 3272 2348 communione
3303 2294 3550 2348 distincti
3593 2307 3719 2349 ere-

2097 2363 2356 2434 ctionem,
2382 2371 2439 2416 et
2467 2363 2669 2416 nullum
2701 2362 2904 2418 interea
2928 2378 3035 2417 non
3067 2372 3352 2434 moverunt
3380 2364 3628 2434 lapidem
3660 2371 3718 2418 ιιι

2096 2431 2218 2486 latae
2257 2441 2445 2486 contra
2475 2447 2570 2488 COS
2597 2435 2880 2488 sententia:
2906 2441 2998 2487 aut
3025 2431 3452 2489 reformarentur
3497 2442 3600 2489 aut
3630 2449 3717 2490 re-

2095 2512 2424 2557 vocarentur
2468 2520 2480 2555 :
2525 2519 2627 2558 nec
2667 2504 2772 2558 nisi
2825 2504 3073 2569 demum,
3107 2503 3388 2558 obﬁrmata
3442 2506 3715 2569 temporis

2096 2571 2250 2644 lapsu
2283 2573 2577 2642 impietate,
2603 2575 2857 2644 omnique
2877 2575 3077 2629 amisso
3100 2579 3303 2642 pudore
3324 2583 3379 2629 et
3407 2571 3715 2631 accedente

2097 2643 2280 2715 etiam,
2315 2652 2372 2696 ut
2401 2644 2709 2715 plurimum,
2749 2643 2910 2714 regiae
2955 2645 3192 2715 decepta:
3239 2647 3588 2700 auctoritatis
3634 2648 3713 2700 in-

2096 2711 2266 2786 ιᾌιικιιΞ
2291 2727 2358 2767 eo
2383 2711 2735 2779 devenerunt,
2769 2711 2833 2769 ut
2852 2711 3213 2770 secessionem
3243 2725 3430 2786 aperte
3453 2732 3482 2769 a
3515 2717 3713 2772 cathoo

2096 2783 2214 2856 licis
2242 2783 2522 2856 facerent,
2550 2793 2609 2856 ut
2636 2786 2702 2839 ad
2749 2800 2902 2840 sacra
2944 2786 3230 2856 separatim
3276 2783 3530 2852 coirent,
3563 2796 3622 2841 et
3658 2797 3715 2842 ut

2097 2853 2259 2908 aliam
2287 2855 2454 2909 veluti
2483 2854 2778 2910 Ecclesiam
2801 2853 3195 2912 constituerent
3220 2857 3272 2910 in
3295 2857 3714 2912 similitudinem

2095 2924 2240 2996 illius
2268 2940 2296 2996 a
2327 2940 2432 2993 qua
2456 2926 2554 2995 ipsi
2577 2925 2904 2981 defecerant.
2937 2927 3018 2982 Sit
3041 2943 3138 2996 pro
3161 2927 3411 2982 omnibus
3435 2929 3490 2982 in
3517 2943 3713 2982 exem-

2097 2995 2243 3064 plum
2270 2995 2484 3050 Arianm
2512 2997 2778 3052 haereseos
2804 3005 2862 3051 et
2895 2995 3104 3051 Ariame
3135 2998 3600 3054 P.~;eudoecclesi:e
3631 2998 3712 3062 hi-

2095 3067 2281 3140 Storia.
2317 3065 2399 3119 Ah
2425 3075 2546 3120 ortu
2580 3067 2737 3140 hujus
2757 3067 2923 3138 pestis
2937 3069 3183 3140 omnium
3213 3069 3506 3140 teterrima:
3537 3085 3712 3140 usque

2095 3133 2164 3189 ad
2189 3135 2457 3211 Nicenam
2486 3133 2782 3211 synodum,
2808 3149 2858 3193 et
2883 3155 2912 3211 a
2935 3137 3391 3211 Nicenatsynodo
3431 3133 3712 3211 usque-ad

2096 3207 2384 3278 concilium
2415 3205 2735 3263 Sardicense
2763 3209 2906 3278 quod
2927 3224 3070 3263 anno
3091 3209 3194 3263 547
3212 3205 3560 3265 celebratum
3592 3209 3706 3274 fuit,

2098 3277 2283 3350 ariani
2313 3292 2604 3350 numquam
2642 3277 2790 3350 inter
2805 3295 2862 3334 se
2892 3279 3217 3349 peculiarem
3247 3281 3544 3350 quamdam
3573 3297 3707 3338 con-

2098 3345 2364 3422 ﬂaverant
2412 3345 2908 3422 Pseudoecclesiani
2952 3345 3290 3422 acatholica
3342 3361 3706 3422 separatam:

2096 3418 2544 3493 quinimmocum
2594 3419 2874 3493 catholicis
2916 3421 3169 3493 unionem
3221 3418 3438 3493 semper
3485 3420 3712 3479 affecta-

2097 3497 2242 3564 runt,
2276 3488 2499 3564 subdola
2530 3491 2836 3564 srroris_s_ui
2861 3491 2913 3544 in
2938 3488 3509 3564 cathclicumsénsum
3537 3509 3712 3564 expo-

2097 3559 2688 3632 sitione,‘pluribusqu_e
2719 3559 2840 3614 ﬁdei
2871 3562 3127 3632 captiosis
3156 3561 3598 3632 professionibus
3619 3559 3714 3618 'fa-

2098 3630 2199 3699 etis
2216 3631 2266 3683 in
2289 3629 2609 3698 simplicium
2632 3629 3027 3699 deceptionem,
3042 3640 3100 3686 ut
3121 3629 3368 3688 omnibus
3389 3641 3587 3688 notum
3609 3643 3708 3690 est.

2099 3697 2236 3774 Hinc
2281 3697 2549 3769 piissimus
2592 3700 2678 3774 ille
2725 3697 3109 3774 Constantinus
3147 3701 3253 3774 42
3293 3701 3597 3773 Augustus,
3623 3705 3711 3774 qui

2099 3771 2358 3842 adversus
2395 3785 2583 3825 omnes
2623 3771 2995 3842 hmreticorym
3033 3771 3710 3842 atque—iachismaticortim

2099 3850 2275 3910 sectas
2297 3840 2466 3908 legem
2493 3842 2628 3906 tulit,
2645 3849 2702 3895 ut
2729 3842 2871 3910 apud
2897 3840 3180 3898 Eusebium
3202 3842 3336 3898 Vitae
3357 3843 3712 3901 Constantini

2099 3909 2238 3984 libro
2261 3927 2334 3974 Ill,
2353 3926 2471 3980 cap.
2491 3911 2642 3984 ῥέει
2663 3909 2838 3984 seqq,
2855 3914 3182 3984 mentionem
3205 3915 3420 3984 quidem
3445 3915 3582 3972 facit
3608 3915 3713 3971 No-

2098 3983 2460 4043 vatianorum,
2491 3980 3007 4050 Valentinianorum,
3040 3980 3503 4050 Marcionitaruin,
3527 3985 3713 4041 Pauli-

2100 4052 2454 4107 nianistarum
2495 4060 2548 4106 et
2595 4053 3075 4122 Cataphrygarum,
3108 4055 3199 4122 qui
3237 4062 3366 4111 tunc
3404 4065 3570 4111 erant
3601 4057 3712 4112 for-

2102 4128 2246 4176 tasse
2277 4123 2530 4190 przccipui
2576 4124 2668 4191 qui
2709 4124 2762 4176 in
2812 4123 3032 4180 Oriente
3077 4126 3332 4181 adversus
3377 4127 3710 4182 catholicam

2101 4191 2394 4247 Ecclesiam
2423 4202 2798 4260 grassarentur
2833 4213 2846 4247 :
2880 4204 2934 4248 at
2972 4195 3172 4250 nullam
3202 4197 3422 4252 omnino
3475 4197 3712 4252 Ariano-

2101 4279 2220 4333 rum
2238 4262 2565 4333 mentionem
2584 4264 2773 4329 habet;
2792 4273 2847 4319 et
2875 4265 2978 4320 hoc
3006 4282 3113 4320 non
3135 4266 3239 4320 alia
3260 4275 3410 4322 certe
3423 4266 3493 4321 de
3516 4283 3708 4333 causa,

2101 4332 2202 4386 nisi
2232 4332 2358 4405 quia
2389 4331 2572 4387 Ariani
2594 4334 2858 4397 homines,
2876 4337 3118 4404 quamvis
3132 4335 3244 4405 jam
3261 4345 3391 4393 tunc
3405 4345 3460 4393 et
3475 4331 3710 4394 numero

2103 4404 2409 4477 etaudacia
2450 4413 2506 4458 et
2533 4405 2853 4477 auctoritate
2881 4404 3146 4470 valerent."
3174 4409 3469 4463 catholicas
3498 4410 3720 4477 nihilo-_

2103 4474 2501 4549 minus_sacras
2528 4475 2671 4549 aedes
2711 4475 2977 4549 adibant,
3013 4477 3331 4533 catholicam
3359 4481 3710 4549 pnetenden-

2107 4551 2188 4598 tes
2217 4544 2472 4619 unitatem
2495 4561 2559 4600 ac
2585 4546 2897 4619 simulantes
2914 4545 3088 4612 ﬁdem.
3115 4544 3486 4616 cavebantque
3509 4565 3709 4619 quam-

413 4619 518 4673 qua
543 4605 832 4689 abhorrere
847 4603 1099 4689 catholici
1115 4604 1442 4689 debuissent,
1461 4617 1515 4689 et
1535 4623 1563 4660 a
1583 4623 1686 4689 qua
1712 4603 2003 4689 abhorrere
2030 4604 2078 4662 D
2105 4615 2338 4669 maxime
2359 4615 2676 4689 societatem
2694 4617 2979 4684 quamdam
3008 4603 3335 4673 constituere
3354 4603 3476 4689 qum
3498 4603 3708 4674 adam-

413 4683 786 4746 competentes
813 4690 948 4746 suos
985 4683 1107 4746 post
1142 4677 1733 4746 acceptumﬂbaptisma
1789 4679 2001 4738 Nicetas

411 4753 599 4819 noster
625 4745 864 4819 doceret.
897 4743 951 4798 Si
983 4743 1096 4819 hinc
1118 4743 1402 4814 peculiaris
1423 4743 1879 4819 Eutychianoruin
1908 4769 1999 4806 so-

411 4814 582 4868 cietas
603 4822 658 4869 et
685 4813 1267 4888 Pseudoecclesia’tonc
1285 4813 1545 4888 temporis
1553 4817 1664 4886 jam
1688 4820 1997 4888 exstitisset,

410 4899 520 4938 non
549 4893 667 4957 erat
685 4900 780 4940 cur
811 4885 1017 4938 Atticus
1044 4886 1320 4957 presbyter
1342 4885 1412 4940 ad
1438 4885 1642 4942 clerUm
1688 4885 1999 4946 Constanti;
2043 4905 2046 4908 '

411 4955 783 5026 nopolitanum
824 4957 1135 5026 pertineret,
1168 4955 1416 5026 sédtipse
1460 4973 1578 5012 cum
1610 4959 1821 5014 Audrea
1861 4961 2000 5019 illius

408 5026 560 5096 socio
586 5025 698 5092 jam
725 5026 908 5079 ivisset
935 5025 999 5096 ad
1023 5041 1239 5096 suorum
1269 5025 1759 5083 Pseudoecclesiam
1790 5047 1884 5085 seu
1905 5048 1998 5096 SQ-

407 5095 682 5167 cietatem,
716 5105 770 5167 et
789 5110 939 5149 sacra
966 5095 1242 5167 habuisset
1269 5098 1494 5152 seorsim
1525 5112 1554 5150 a
1575 5100 1882 5167 catholicis;
1910 5095 2002 5157 un-

406 5164 497 5234 _dc,
530 5166 696 5220 veluti
718 5165 785 5219 de
819 5181 886 5220 eo
913 5167 1003 5234 qui
1045 5165 1174 5220 foris
1201 5176 1363 5230 esset,
1395 5182 1502 5222 non
1531 5177 1649 5222 erat
1675 5184 1770 5224 cur
1798 5164 2000 5229 Anato-

406 5232 512 5290 lius
539 5237 822 5306 episcopus
849 5252 879 5289 a
909 5232 1033 5306 divo
1063 5235 1263 5301 Leone,
1299 5238 1462 5306 ipsius
1487 5253 1666 5304 causa,
1693 5241 1997 5298 dissimula-

407 5305 580 5360 tionis
601 5314 938 5374 argueretur.
963 5305 1024 5383 Si
1062 5307 1174 5383 haec
1196 5305 1686 5383 autempeculiaris
1707 5310 1997 5383 Eutychia-

407 5390 600 5430 norum
625 5385 857 5431 soc.etas
877 5392 972 5430 seu
989 5375 1424 5433 Pseudoecclesia
1451 5380 1623 5435 locum
1643 5396 1747 5437 non
1769 5375 2000 5440 habebat

407 5445 1050 5522 ln_0rien_tis_partibus,
1084 5463 1258 5516 neque
1307 5451 1356 5504 in
1403 5447 1997 5522 Constantinopolitana

408 5517 560 5590 urbe,
587 5517 726 5590 unde
750 5515 1110 5588 Eutycliiauus
1131 5515 1284 5573 error
1306 5522 1500 5590 erupit,
1526 5525 1702 5580 minus
1721 5515 1998 5580 obtinebat

407 5585 462 5663 in
490 5584 779 5663 Occidente
816 5584 1198 5663 proculdubio,
1240 5599 1295 5644 et
1343 5584 1608 5663 iii-Italia:
1654 5596 1994 5663 regionibus;

409 5655 638 5730 ideoque
669 5655 843 5730 minus
876 5661 1038 5730 etiam
1067 5669 1201 5722 erat,
1233 5661 1377 5730 quod
1407 5663 1473 5718 de
1496 5665 1595 5719 hac
1622 5655 1998 5722 hzer'eticoruui

409 5726 689 5798 societate,
715 5729 876 5798 veluti
891 5730 958 5784 de
987 5726 1444 5798 Pseudoecclesia,
1471 5737 1777 5792 meminisse
1800 5736 2001 5793 debue-

411 5795 483 5856 rit
510 5795 723 5852 Nicetas
750 5797 1123 5864 Aquileiensis.
1173 5795 1486 5860 Addendum
1510 5821 1656 5868 vero,
1686 5807 1830 5876 quod
1860 5808 2000 5864 idem

461 5923 486 5950 ο.

2102 4694 2232 4740 nato
2261 4695 2481 4740 auctore
2510 4686 2710 4740 erroris
2729 4701 2915 4742 eorum
2937 4702 3131 4742 nomen
3154 4686 3396 4754 haberet,
3423 4697 3487 4743 ut
3513 4697 3708 4745 monet

2102 4755 2264 4810 etiam
2303 4754 2641 4830 Sozomenus
2663 4755 2800 4830 Hist.
2825 4756 3028 4813 Eccles.
3065 4757 3200 4830 libro
3222 4775 3258 4813 ιι
3287 4774 3406 4830 cap.
3440 4759 3528 4814 52.
3565 4759 3708 4816 Hinc

2101 4835 2318 4898 sanctus
2353 4841 2570 4898 quoque
2614 4825 2786 4898 Julius
2831 4843 2993 4898 papa,
3023 4829 3116 4898 qui
3157 4829 3295 4885 circa
3344 4825 3545 4884 annum
3605 4830 3699 4885 5H

2101 4896 2314 4964 scripsit
2343 4897 2408 4949 ad
2439 4897 2720 4967 episcopos
2747 4896 3057 4954 Orientales
3082 4897 3398 4954 Eusebiame
3428 4899 3700 4965 factionis,

2102 4974 2162 5019 ut
2192 4967 2330 5035 apud
2361 4976 2602 5040 sanctum
2634 4967 2981 5040 Athanasium
3019 4969 3515 5040 Apologizeicontra
3549 4970 3704 5026 Aria-

2101 5051 2202 5090 nos
2231 5052 2380 5090 num.
2404 5036 2492 5100 2|,
2524 5053 2618 5092 eos
2647 5039 2698 5090 in
2729 5040 2952 5107 epistola
2983 5036 3080 5094 sua
3098 5036 3263 5094 veluti
3297 5039 3493 5096 fratres
3511 5042 3698 5106 habet,

2102 5121 2166 5161 ac
2196 5108 2359 5178 veluti
2375 5109 2627 5178 membra
2654 5109 2928 5164 catholicae
2949 5111 3342 5166 communionis
3363 5112 3470 5165 allo
3495 5112 3661 5178 ιυίιιιι·
3685 5131 3697 5164 ;

2102 5177 2247 5245 quod
2278 5177 2474 5231 indicio
2495 5186 2596 5242 est,
2618 5178 2732 5246 ipso
2759 5187 2897 5233 teste
2917 5179 3141 5234 Socrate
3158 5180 3292 5234 Hist.
3321 5180 3530 5237 Eccles.
3562 5181 3698 5238 libro

2101 5262 2136 5300 ιι
2173 5263 2289 5317 cap.
2325 5247 2410 5308 18,
2445 5262 2619 5316 neque
2663 5256 2789 5303 tunc
2818 5251 3047 5306 Arianos
3076 5249 3368 5306 Ecclesiam
3402 5252 3506 5306 sibi
3535 5252 3698 5306 aliam

2102 5331 2132 5370 a
2161 5317 2426 5392 catholica
2455 5327 2758 5392 separatam
2790 5320 2965 5376 adhuc
3017 5321 3331 5392 instituisse.
3376 5320 3693 5392 Propterea,

2102 5389 2179 5441 uti
2204 5388 2342 5442 idem
2359 5386 2624 5462 Socrates
2647 5389 2863 5462 ibidem,
2888 5408 3009 5462 cap.
3040 5390 3111 5444 22
3134 5402 3188 5446 et
3215 5386 3568 5462 Sozomenus,
3597 5386 3690 5448 lib.

2099 5472 2156 5512 ιιι
2186 5474 2304 5528 cap.
2353 5458 2437 5524 15,
2471 5469 2595 5530 post
2623 5461 2908 5516 concilium
2942 5458 3314 5518 tantummodo
3345 5461 3689 5530 Sardicense,

2100 5536 2156 5582 et
2194 5537 2323 5604 post
2337 5531 2751 5604 conciliabulum
2801 5531 3217 5603 Philippopolis,
3253 5534 3302 5588 id
3329 5543 3413 5588 est
3451 5543 3570 5604 post
3596 5551 3694 5589 an-

2101 5614 2230 5675 num
2263 5599 2397 5675 547ἱ
2419 5602 2646 5675 ᾼιιιιιιοβ
2675 5603 2814 5675 ioter
2842 5612 2897 5659 et
2924 5599 3222 5675 catholicos
3251 5614 3437 5674 aperta
3451 5599 3688 5675 'separa-

2101 5670 2178 5723 tio
2203 5669 2342 5725 facta
2373 5669 2488 5735 fuit,
2524 5673 2665 5727 unde
2693 5671 3131 5730 Pseudoecclesia
3162 5669 3484 5730 Arianorum
3513 5669 3690 5731 ortum

2102 5739 2309 5816 habuit,
2330 5757 2452 5816 _quze
2484 5753 2594 5816 tam
2633 5743 2738 5798 late
2785 5745 2837 5799 in
2867 5744 3085 5816 Oriente
3115 5746 3302 5816 patuit,
3337 5745 3520 5802 favore
3546 5761 3686 5816 pra:-

2102 5813 2289 5868 scrtim
2310 5812 2536 5868 duorum
2567 5812 2926 5884 Augustorum
2974 5812 3275 5873 Constantii
3315 5825 3370 5874 et
3415 5812 3686 5884 Valentis,
