3936 6368
437 349 541 407 919
1136 345 1198 400 Ρ.
1236 341 1520 400 ΒΒΔΙΒΛΕ
1557 341 2007 399 DlSSERTATlO
2045 340 2111 398 ΙΝ
2151 342 2208 400 S.
2251 339 2573 398 NICETAM.
2617 369 2690 384 -
2717 337 2878 398 CAP.
2917 339 3010 396 lll.
3615 337 3732 396 πο

433 465 611 520 circus
639 476 738 532 pro
767 457 922 523 ludis,
951 470 1128 526 neque
1173 456 1381 532 theatra
1408 471 1509 527 pro
1536 451 2014 532 scenicis_specta-
2040 458 2095 518 Α
2118 466 2422 532 memorare
2467 450 2747 507 debuerit?
2791 447 2901 532 S_e_d
2940 449 3016 532 de
3059 449 3143 505 his
3179 449 3343 516 satis;
3386 456 3444 505 et
3481 448 3729 508 fortasse

432 533 568 602 culis
596 525 823 602 amplius
850 525 1142 602 exstarent.
1183 525 1390 602 Sufficit
1411 525 1426 527 ⁷
1436 541 1631 602 nempe
1657 525 1801 602 quod
1857 525 2018 596 paulo

432 595 560 661 ante
580 595 900 664 exstiterint,
913 607 972 653 ut
994 599 1048 652 in
1068 597 1478 653 renuntiationis
1492 595 1847 668 explicatione
1861 595 2020 666 pom-

431 690 532 746 pas
551 684 713 742 atque
741 673 968 746 theatra,
1000 669 1162 746 veluti
1193 683 1278 746 res
1298 667 1638 746 audientibus
1658 667 2021 746 omnino'per-

431 735 664 814 spectas,
697 742 977 814 nominare
997 738 1353 814 Aquileiensis
1383 739 1572 814 praesul
1597 738 1849 814 potuerit.
1875 735 2020 814 Ppu-

432 806 581 870 terea
602 806 709 868 nun
733 813 803 866 ita
833 806 1074 864 fortasse
1089 808 1442 878 Aquileiensis
1473 809 1661 878 civitas
1690 807 1868 862 excisa
1900 806 2017 878 fuit,

432 894 494 940 ut
518 884 660 938 illico
689 883 890 948 maiora
913 880 1073 935 etiam
1105 875 1169 933 ac
1194 879 1448 934 solidiora
1475 875 1720 942 aedilicia,
1763 876 2022 948 quemad—

430 953 652 1009 modum
676 946 804 1008 circi
825 958 978 1006 erant
1005 957 1167 1018 atque
1188 950 1415 1011 theatra,
1440 948 1734 1017 praesertim
1756 949 1808 1002 in
1830 946 2019 1018 praeci-

431 1025 556 1095 puis
599 1023 839 1095 urbibus,
891 1021 1008 1095 solo
1039 1030 1248 1089 aequata
1291 1019 1535 1095 fuerint:
1568 1033 1742 1095 neque
1775 1018 1847 1095 ita
1875 1025 2023 1095 certe

431 1087 614 1149 excisa
638 1093 754 1155 fuit,
787 1100 864 1157 ut,
896 1091 1085 1144 saltem
1107 1087 1250 1159 ipost
1289 1089 1603 1145 Hunnorum
1633 1104 1697 1144 ex
1728 1087 1875 1141 Italia
1909 1087 2021 1141 dis-

429 1179 665 1224 cessum,
698 1164 874 1230 aliqua
917 1176 985 1216 ex
1023 1169 1173 1230 parte
1219 1161 1408 1230 iterum
1429 1161 1656 1230 habitari
1688 1175 1792 1230 non
1827 1166 2024 1230 potue-

428 1234 520 1297 rit;
551 1235 693 1302 quod
735 1229 846 1302 ipsa
898 1231 1004 1285 divi
1027 1229 1036 1230 ”
1055 1231 1246 1286 Leonis
1295 1229 1466 1302 Magni
1515 1229 1581 1284 ad
1609 1229 2022 1302 rAquileiensem

431 1298 674 1360 Nicetam
726 1298 851 1359 data
898 1302 1123 1371 epistola
1169 1301 1558 1370 quadamtenus
1605 1299 1840 1355 indicare
1878 1298 2025 1354 vide-

414 1411 418 1416 -
431 1381 539 1429 tur.

508 1441 1020 1514 Pneterquamquod
1049 1457 1113 1514 ea
1133 1450 1251 1497 erat
1272 1449 1400 1497 tunc
1420 1440 1685 1514 temporis
1701 1439 2024 1514 populorum

432 1515 642 1570 insania
674 1511 834 1583 atque
856 1511 1124 1568 dementia
1146 1527 1272 1581 erga
1302 1515 1572 1568 circenses
1599 1511 1764 1583 ludos~
1784 1518 1839 1566 et
1875 1511 2025 1583 thea-

435 1593 642 1640 trorum
683 1580 892 1646 scenas,
924 1591 981 1637 ut
1010 1584 1110 1652 ipsi
1149 1580 1241 1650 qui
1269 1590 1586 1650 supererant
1613 1581 1854 1635 cladibus
1890 1580 2023 1652 civi-

431 1663 607 1710 tatum
649 1655 803 1724 pauci
843 1656 988 1709 cives
1016 1651 1117 1708 hoc
1138 1654 1237 1707 sibi
1267 1653 1430 1707 veluti
1454 1653 1744 1707 remelium
1774 1651 2026 1705 :ermnnis

435 1732 746 1796 poscerent,
797 1740 860 1796 ac
899 1731 1272 1796 procurarent.
1297 1724 1584 1796 Adeundus
1605 1730 1889 1796 prOpterea
1939 1736 2026 1796 co-

432 1791 582 1850 ievus
602 1795 799 1850 Nicetae
821 1791 1146 1863 Aquileiensi
1175 1795 1402 1863 scriptor
1422 1793 1703 1847 Salvianus
1719 1793 1770 1845 in
1787 1791 2025 1863 supracif

437 1873 552 1920 tato
581 1867 718 1921 libro
740 1882 789 1920 vr
811 1861 1298 1919 de’Cubernatione
1322 1864 1435 1927 Dei,
1467 1864 1518 1916 in
1541 1878 1648 1932 quo
1680 1870 1823 1916 totus
1855 1871 1938 1915 est
1957 1861 2023 1916 ad

433 1950 624 1990 eorum
654 1936 1040 2004 objurgandam
1068 1934 1346 2000 insaniam,
1369 1935 1462 2002 qui
1491 1933 1869 2004 etiamiexcisis
1887 1932 2028 2004 urbi-

431 2004 556 2068 bus,
584 2003 834 2061 abductis
851 2005 1160 2074 necatisque
1176 2005 1400 2065 civibus,
1427 2019 1489 2058 ac
1510 2003 1776 2074 populatis
1796 2003 2027 2071 regioni-

432 2075 558 2144 bus,
574 2091 672 2144 pro
692 2077 1020 2132 circensibus
1035 2073 1213 2129 tamen
1241 2089 1303 2128 ac
1325 2075 1668 2144 theatralibus
1689 2073 2020 2142 deperibant.

432 2142 518 2199 En
545 2142 816 2215 quomodo
845 2147 912 2202 de
952 2146 1035 2200 his
1063 2146 1331 2214 loquatur,
1363 2145 1456 2213 qui
1505 2143 1714 2198 amissis
1750 2143 1812 2215 in
1846 2151 2025 2215 vasta-

433 2213 586 2270 tione
607 2216 965 2271 Barbarorum
993 2213 1219 2270 theatris
1247 2230 1309 2268 ac
1337 2215 1512 2278 circis,
1539 2213 1819 2268 theatralia
1841 2213 2030 2268 nihilo-

435 2285 616 2340 minus
655 2295 815 2354 atque
854 2286 1110 2341 circensia
1133 2286 1258 2339 alibi
1287 2285 1387 2338 sibi
1417 2285 1746 2354 poscebant:
1778 2301 1797 2335 ι
1831 2281 2026 2351 Cujus-

433 2354 571 2410 libet
609 2353 840 2410 civitatis
887 2357 1074 2411 incolae
1121 2353 1431 2409 Ravennam
1486 2362 1578 2409 aut
1607 2353 1832 2408 Romam
1868 2368 2028 2408 vene-

435 2426 566 2490 rint,
600 2441 726 2495 pars
750 2435 874 2479 sunt
895 2426 1151 2481 Romanre
1171 2426 1342 2495 plebis
1364 2425 1416 2478 in
1437 2425 1602 2495 circo,
1635 2440 1760 2495 pars
1787 2431 1911 2478 sunt
1932 2439 2028 2493 po-

438 2495 552 2566 puli
585 2492 913 2551 Ravennatis
933 2497 984 2550 in
1010 2492 1249 2566 theatro;
1281 2515 1300 2546 »
1328 2496 1400 2548 ita
1430 2510 1551 2564 cap.
1580 2492 1741 2566 9.7De
1769 2495 1852 2548 his
1899 2492 2028 2548 vero

437 2565 534 2635 qui
563 2567 771 2621 urbium
791 2567 1004 2622 excidio
1031 2565 1360 2635 superfuere,
1385 2574 1440 2620 et
1461 2565 1805 2619 nihilominus
1825 2572 2031 2633 specta-

439 2637 563 2690 cula
591 2637 693 2692 sibi
734 2637 787 2690 in
828 2637 1030 2692 eisdem
1054 2637 1290 2698 urbibus,
1321 2637 1399 2689 uti
1427 2646 1604 2697 antea,
1629 2635 2022 2701 desiderabant,

437 2705 514 2777 ita
570 2707 748 2777 capite
787 2705 893 2758 15:
932 2727 950 2758 ι
995 2705 1158 2762 Pauci
1197 2707 1423 2777 nobiles,
1463 2706 1557 2777 qui
1594 2706 2028 2777 excidiosuper-

437 2775 673 2842 fuerant,
704 2777 856 2846 quasi
889 2793 987 2846 pro
1015 2793 1225 2832 summo
1251 2776 1440 2831 deletm
1479 2776 1627 2830 urbis
1655 2775 1893 2846 remedio
1922 2777 2028 2830 cir-

437 2861 631 2902 censes
678 2845 745 2901 ab
793 2845 1203 2917 imperatoribus
1231 2846 1592 2917 postulabant.
1629 2865 1646 2897 i
1684 2845 2026 2917 Trevirorum

437 2917 569 2971 urbs
587 2933 650 2972 ea
679 2925 814 2980 erat,
845 2916 1110 2972 Gallorum
1134 2916 1334 2972 summa
1355 2927 1516 2984 atque
1545 2917 1934 2986 apulentissima
1958 2916 2026 2970 ab

437 2995 664 3042 auctore
691 2987 852 3052 dicta,
896 2990 1000 3044 hoc
1020 2987 1182 3042 fatum
1207 3003 1360 3057 passa
1387 2987 1540 3041 initio
1561 2987 1737 3041 s:cculi
1759 2987 1948 3057 quinti,
1973 2993 2028 3041 et

436 3057 544 3112 hoc
573 3058 671 3128 sibi
695 3059 944 3113 solatium
960 3056 1247 3128 deprecata
1265 3060 1332 3112 ab
1355 3058 1766 3128 imperatoribus
1788 3056 2026 3128 Honorio

437 3135 603 3196 atque
630 3126 967 3192 Constantio,
1002 3125 1078 3183 uti
1107 3137 1258 3184 notat
1279 3125 1526 3182 Baluzius
1553 3143 1673 3182 cum
1716 3126 1929 3182 Valesio
1959 3125 2026 3180 ad

2123 524 2283 579 etiam
2305 523 2463 577 latius
2481 537 2642 591 quam
2671 522 2974 592 oportebat.

2192 593 2308 648 Non
2331 602 2412 649 est
2440 601 2620 648 tamen
2649 591 2944 648 omittenda
2973 591 3088 662 ipsa
3134 591 3554 647 renuntiationis
3593 607 3726 649 vera

2121 664 2367 730 formula,
2409 679 2529 733 quze
2568 679 2598 718 a
2627 662 2808 718 Niceta
2837 661 3024 718 nostro
3048 661 3100 716 in
3132 662 3392 733 tradendo
3430 676 3730 732 regenera-

2121 735 2284 790 tionis
2311 731 2648 790 sacramento
2670 733 2830 789 fuerit
2850 740 3122 803 usurpata.
3154 731 3272 786 iam
3295 733 3347 786 in
3377 731 3729 790 antecessum

2122 806 2447 869 monuimus,
2471 805 2712 860 Nicetam
2742 805 2794 874 in
2817 819 2974 872 supra
3006 803 3182 858 allatis
3211 803 3443 858 text—ibus
3473 819 3542 858 ex
3559 803 3731 874 ῥυππ-

2123 874 2225 930 boli
2259 875 2638 946 Explanatione
2683 873 2752 946 ad
2798 871 3155 946 competentes,
3189 882 3244 927 et
3271 888 3337 928 ex
3359 871 3732 946 tertioFr'ag-

2123 942 2427 1011 mentorum,
2459 962 2564 1000 non
2599 945 2894 1014 simplicem
2923 942 3206 1014 formulam
3235 945 3485 1014 retulisse
3533 944 3588 998 in
3633 942 3730 1000 sua

2079 1073 2083 1076 Α
2125 1015 2362 1070 Ecclesia
2390 1016 2630 1070 adhiberi
2661 1011 2898 1079 solitam,
2921 1013 3017 1068 sed
3058 1015 3252 1084 potius
3287 1011 3538 1070 formulae
3588 1014 3730 1070 illius

2125 1087 2535 1156 explicationem
2567 1085 2632 1140 ad
2661 1081 3074 1156 instructionem
3116 1081 3372 1156 fidelium,
3414 1093 3476 1156 ut
3509 1085 3733 1156 scilicet

2125 1154 2485 1226 intelligerent
2511 1171 2671 1225 quam
2695 1155 2800 1226 late
2821 1163 3031 1226 pateret
3052 1155 3378 1226 renuntiatio
3404 1155 3473 1210 ab
3503 1155 3573 1209 iis
3587 1154 3731 1211 facta

2127 1227 2179 1280 in
2208 1225 2546 1296 baptismatis
2568 1225 2948 1296 susceptione:
2979 1225 3120 1294 quod
3153 1233 3300 1280 certe
3340 1225 3457 1294 ipse
3506 1240 3732 1295 quoque

2127 1298 2258 1352 satis
2285 1295 2460 1352 innuit
2487 1295 2798 1368 perivocem
2822 1295 2878 1348 id
2906 1305 3001 1356 est,
3030 1310 3188 1368 quam
3212 1296 3480 1368 praeponit
3509 1312 3731 1368 enume-

2125 1369 2320 1422 rationi
2349 1366 2528 1422 rerum
2557 1367 2766 1421 illarum
2807 1381 2942 1434 quas
2969 1366 3067 1420 sub
3096 1366 3313 1420 nomine
3353 1383 3575 1436 operum
3616 1367 3730 1420 dia-

2127 1437 2229 1491 boli
2275 1439 2460 1493 venire
2503 1438 2752 1503 docebat,
2800 1443 2854 1490 et
2880 1451 2978 1506 per
3005 1450 3068 1491 ea
3102 1450 3319 1506 quoque
3346 1437 3539 1495 verba,
3566 1447 3620 1490 et
3650 1438 3729 1492 his

2127 1508 2378 1562 similibus
2416 1510 2588 1572 malis,
2637 1509 2830 1576 quibus
2875 1505 3336 1576 enumerationem
3393 1507 3624 1561 claudit.
3675 1507 3731 1562 Si

2127 1577 2327 1632 Nicetae
2354 1578 2513 1632 allata
2545 1575 2708 1632 verba
2737 1575 3044 1646 diligentius
3071 1575 3464 1644 expendantur,
3500 1585 3731 1646 apparet

2127 1647 2370 1718 profecto
2411 1647 2702 1718 formulam
2740 1648 2794 1718 in
2817 1647 2934 1714 ejus
2963 1645 3198 1701 Ecclesia
3221 1646 3464 1702 adhiberi
3485 1645 3726 1714 solitam,

2127 1717 2290 1772 fuisse
2335 1719 2495 1780 illam,
2528 1733 2647 1788 quae
2675 1717 2875 1785 duplici
2903 1718 3185 1771 constabat
3219 1718 3648 1788 renuntiatione,
3680 1729 3732 1773 et

2129 1789 2368 1842 omnium
2410 1787 2560 1858 penei
2583 1788 2975 1858 simplicissima
3007 1794 3157 1858 erat;
3189 1787 3438 1842 nimirum
3465 1805 3479 1840 :
3516 1788 3727 1845 diabolo

2127 1869 2179 1912 et
2207 1856 2559 1930 angelis‘ejus,
2593 1856 2776 1912 deinde
2813 1868 2890 1930 et_
2904 1856 3142 1930 operibus
3189 1859 3321 1929 ejus,
3363 1859 3582 1930 absque
3623 1859 3726 1930 aiio

2129 1925 2414 1984 verborum
2439 1925 2823 1984 additamento.
2851 1925 3226 1997 Ex'Operibus'
3239 1943 3400 1997 supra
3430 1925 3619 1984 citatis
3639 1926 3730 1983 Jo-

2129 2000 2280 2068 sephi
2307 1999 2667 2064 Vicecomitis,
2691 2007 2747 2054 et
2773 1995 3277 2069 JosephiCatalani,
3309 1995 3404 2066 qui
3449 1999 3730 2054 renuntia-

2128 2069 2290 2125 tionis
2336 2071 2497 2125 ritum
2537 2070 2928 2140 expenderunt,
2961 2076 3173 2140 constat
3201 2069 3468 2136 aliquibus
3498 2069 3554 2123 in
3595 2070 3728 2125 locis

2130 2139 2426 2196 obtinuisse
2455 2139 2664 2196 unicam
2691 2141 2850 2194 etiam
2881 2139 3333 2195 renuntiationem
3359 2140 3546 2194 omnia
3577 2155 3726 2195 com-

2129 2211 2550 2280 prehendentem
2579 2226 2700 2280 qua:
2746 2211 2870 2264 alibi
2901 2209 3276 2265 dividebantur
3313 2211 3365 2264 in
3422 2211 3633 2280 plures,
3678 2211 3727 2265 in

2129 2281 2449 2349 quibusdam
2466 2282 2584 2336 aliis
2597 2281 2864 2348 duplicem
2880 2280 3042 2336 fuisse
3064 2281 3116 2335 in
3135 2297 3254 2346 usu,
3271 2281 3619 2335 communius
3635 2282 3726 2335 tri-

2129 2351 2344 2434 plicem,
2372 2352 2773 2434 quadruplicem
2801 2352 2968 2434 etiam
2993 2351 3209 2434 alicubi,
3242 2351 3397 2420 juxta
3439 2366 3627 2406 rerum
3659 2366 3728 2434 ac

2129 2419 2416 2477 verborum
2444 2419 2781 2478 divisionem.
2806 2419 3032 2478 Constat
3060 2419 3276 2492 insuper
3295 2437 3404 2492 non
3429 2437 3601 2476 unum
3624 2421 3730 2477 ubi-

2130 2506 2254 2564 que,
2279 2493 2373 2564 sed
2393 2494 2600 2547 varium
2625 2492 2795 2564 fuisse
2821 2493 3158 2564 etiamrusum
3201 2491 3483 2547 verborum
3516 2493 3575 2564 in
3619 2493 3728 2564 ipsa

2130 2562 2393 2634 elicienda
2423 2563 2837 2634 renuntiatione.
2865 2563 3072 2634 Duplex
3092 2571 3208 2618 erat
3223 2563 3572 2634 renuntiatio
3613 2562 3729 2632 quae
3764 2609 3774 2618 .

2131 2632 2409 2688 obtinebat
2423 2635 2475 2688 in
2499 2633 2737 2690 Ecclesia
2755 2632 3138 2689 Medioianensi
3158 2632 3256 2689 sub
3275 2633 3399 2689 divo
3417 2633 3726 2701 Ambrosio,

2130 2705 2316 2772 paucis
2343 2713 2398 2758 et
2426 2704 2540 2774 ipsa
2567 2714 2828 2775 concepta
2856 2705 3064 2770 verbis;
3088 2712 3249 2774 atque
3274 2705 3463 2760 aberat
3504 2706 3729 2762 omnino

2130 2790 2332 2844 pompae
2359 2791 2485 2841 vox,
2518 2775 2643 2831 licet
2663 2775 3020 2831 communiter
3038 2775 3163 2830 alibi
3185 2785 3327 2830 esset
3352 2775 3404 2830 in
3437 2791 3564 2831 usu.
3589 2775 3732 2832 Pue-

2130 2851 2237 2897 stat
2276 2845 2522 2900 eumdem
2564 2855 2806 2902 sanctum
2846 2846 3122 2902 doctorem
3174 2846 3358 2901 audire
3394 2863 3504 2901 non
3545 2863 3658 2902 uno
3680 2847 3733 2903 in

2130 2912 2252 2968 loco
2276 2915 2344 2969 de
2373 2916 2474 2972 hac
2497 2932 2554 2971 re
2575 2918 2917 2972 scribentem.
2957 2937 2976 2968 ι
3017 2914 3146 2972 Post
3175 2917 3287 2973 haec
3313 2925 3562 2972 reserata
3610 2925 3732 2972 sunt

2129 2984 2227 3038 tibi
2266 2993 2450 3058 sancta
2499 2997 2826 3052 sanctorum,
2887 2988 3159 3058 ingressus
3198 3003 3257 3043 es
3298 2989 3732 3058 regenerationis

2131 3057 2442 3129 sacrarium,
2477 3067 2662 3129 repete
2689 3059 2815 3129 quid
2847 3057 3208 3129 interrogatus
3248 3058 3340 3124 sis,
3373 3057 3732 3124 recognosce

2129 3125 2277 3201 quod
2323 3125 2664 3201 responderis
2691 3125 2723 3193 ς’
2755 3125 3075 3201 renuntiasti
3119 3128 3334 3201 diabolo
3366 3137 3454 3201 _et_
3473 3130 3731 3201 operibus

438 3197 581 3252 hunc
609 3198 804 3253 locum.
858 3199 1026 3278 Hujus
1070 3208 1355 3278 propterea
1402 3198 1558 3278 urbis
1577 3197 1842 3278 excidium
1867 3197 2028 3266 longo
2055 3216 2100 3278 ρ
2133 3197 2478 3278 ejus,mfund‘u
2499 3199 2788 3278 elluxuriw
2806 3200 2938 3278 ejus:
2968 3219 2986 3250 ι
3014 3199 3088 3278 lt_a
3115 3200 3172 3278 in_
3191 3199 3325 3254 libro
3348 3199 3417 3254 de
3440 3197 3728 3278 y'shteriis,

441 3282 691 3323 sermone
720 3273 1062 3338 prosequitur
1083 3268 1364 3324 Salvianus
1382 3286 1396 3330 ;
1420 3276 1475 3322 et
1495 3268 1560 3322 ad
1582 3284 1699 3323 eam
1723 3268 1793 3320 ita
1813 3268 2029 3323 demum

441 3338 740 3393 orationem
756 3341 1039 3402 convertit,
1055 3339 1105 3392 in
1123 3355 1234 3394 rem
1249 3348 1486 3394 nostram
1499 3339 1652 3393 valde
1667 3338 2030 3393 accommode.

449 3427 472 3478 ς
507 3405 786 3464 Circenses
815 3425 964 3478 ergo,
999 3408 1224 3474 Treviri,
1257 3409 1595 3474 desideratis,
1619 3416 1673 3461 et
1692 3409 1795 3462 hoc
1816 3408 2030 3473 vastati,

441 3477 549 3534 hoc
590 3477 907 3550 expugnati,
948 3487 1070 3550 post
1109 3480 1335 3546 cladem,
1384 3487 1505 3550 post
1551 3479 1880 3547 sanguinem,
1913 3485 2035 3548 post

441 3549 724 3620 supplicia,
775 3561 898 3620 post
950 3549 1338 3620 captivitatem,
1388 3549 1520 3619 post
1575 3558 1657 3604 tot
1700 3564 1899 3620 eversa:
1945 3565 2034 3620 urg

441 3616 528 3692 bis
551 3616 809 3692 excidia?
837 3619 975 3687 Quid
1019 3616 1414 3692 lacrymabilius
1459 3620 1584 3692 hac
1610 3619 1855 3692 stultitia,
1904 3619 2032 3692 quid

441 3685 741 3758 luctuosius
769 3685 878 3746 hac
907 3685 1267 3746 amentia'?....
1313 3690 1545 3744 Theatra
1574 3690 1736 3758 igitur
1773 3685 2028 3758 quaeritis,

441 3757 646 3832 circum
660 3775 689 3813 a
703 3759 1043 3832 principibus
1055 3761 1372 3832 postulatis?
1391 3759 1508 3824 Cui,
1524 3757 2032 3832 quieso,_st’atui,cui

443 3829 665 3899 p0pulo,
707 3830 792 3884 cui
846 3829 1086 3885 civitati?
1127 3829 1256 3884 Urbi
1293 3839 1494 3886 exustae
1522 3845 1586 3884 ac
1617 3829 1857 3899 perditze,
1891 3830 2032 3898 plebi

441 3898 670 3971 captiva:
696 3907 751 3954 et
779 3900 1128 3971 interempta,
1161 3915 1280 3969 quae
1309 3911 1404 3954 aut
1445 3900 1602 3968 periit
1621 3898 1728 3971 :aut
1759 3901 1933 3967 luget;
1965 3899 2032 3954 de

441 3982 552 4036 qua
581 3969 744 4051 etiam
771 3971 816 4024 si
856 3970 985 4051 quid
1011 3969 1288 4051 superest,
1336 3979 1507 4051 totum
1540 3969 1875 4051 calamitatis
1915 3977 2029 4051 est;

443 4051 564 4110 qutr
592 4048 782 4094 cuncta
812 4049 906 4095 aut
933 4040 1292 4096 mmstitudine
1319 4049 1402 4096 est
1430 4040 1607 4104 anxia,
1649 4047 1740 4093 aut
1785 4040 2032 4110 lacrymis

442 4109 726 4181 exhausta,
752 4119 844 4164 aut
871 4112 1100 4166 orbitate
1125 4120 1412 4181 prostrata,
1444 4112 1496 4165 in
1527 4126 1632 4181 qua
1661 4111 1869 4164 nescias
1895 4109 2033 4180 pene

441 4178 598 4251 cujus
637 4181 707 4234 sit
752 4195 871 4251 sors
903 4181 1057 4251 pejor
1082 4178 1146 4237 ac
1176 4181 1377 4245 durior,
1412 4180 1831 4244 interfectorum,
1857 4178 1922 4234 an
1955 4183 2032 4235 vi-

443 4250 704 4320 ventium.
749 4249 933 4305 Tanta:
966 4249 1108 4306 enim
1151 4261 1275 4306 sunt
1304 4253 1530 4306 miseriae
1571 4251 1939 4320 superstitum,
1972 4259 2032 4305 ut

444 4316 813 4392 infelicitatem
855 4322 1470 4392 vicerint_rnortuorum.
1507 4316 1734 4376 Ludicra
1771 4335 1898 4392 ergo
1941 4338 2033 4392 pu-

445 4386 606 4453 blica,
641 4389 857 4455 Trever,
891 4392 1064 4460 petis?
1099 4389 1214 4457 Ubi,
1247 4407 1448 4461 quzeso,
1469 4391 1802 4446 exercenda?
1830 4386 1908 4444 An
1942 4386 2033 4446 su-

444 4472 546 4528 per
571 4461 726 4513 busta
749 4469 802 4513 et
833 4462 1058 4526 cineres,
1085 4478 1249 4530 super
1269 4478 1388 4517 ossa
1407 4470 1461 4516 et
1483 4462 1795 4530 sanguinem
1819 4478 2031 4530 perem-

446 4530 832 4602 ptorum?“
859 4531 988 4597 Quae
1014 4533 1154 4602 enim
1179 4533 1323 4588 urbis
1351 4548 1476 4602 pars
1498 4533 1580 4586 his
1609 4533 1761 4585 malis
1782 4534 2031 4588 omnibus

2138 3269 2312 3340 capite
2331 3266 2386 3322 2.
2416 3267 2625 3340 Clarius
2654 3270 2792 3324 idem
2822 3266 3133 3325 Ambrosius
3158 3271 3209 3324 in
3241 3285 3406 3340 opere
3435 3266 3509 3325 de
3536 3266 3730 3326 Sacra-4

2137 3339 2368 3409 mentis,
2396 3339 2540 3408 quod
2581 3340 2679 3394 sub
2720 3340 2836 3409 ejus
2855 3341 3071 3395 nomine
3099 3339 3498 3406 circumfertur,
3531 3341 3672 3396 libro
3691 3358 3728 3409 l,

2137 3409 2316 3480 capite
2343 3407 2396 3461 2.
2418 3407 2452 3459 ’c
2488 3409 2711 3476 Quando
2742 3407 2793 3465 te
2823 3411 3198 3480 interrogavit:
3219 3409 3591 3466 Abrenuntias
3621 3407 3732 3466 diaé

2137 3475 2253 3552 bolo
2283 3489 2332 3532 et
2359 3475 2594 3552 operibus
2615 3481 2762 3552 ejus?
2801 3482 2928 3549 quid
2957 3475 3342 3552 respondisti?
3369 3481 3728 3538 Abrenuntio.

2136 3547 2497 3624 Abrenuntias
2516 3547 2726 3624 graculo,
2741 3561 2789 3606 el
2803 3547 3036 3624 operibus
3057 3547 3168 3624 ejus
3183 3553 3206 3604 ξ)
3224 3551 3731 3624 quid_respondisti?

2136 3617 2487 3674 Abrenuntio.
2513 3621 2718 3676 Memor
2732 3617 2848 3677 esto
2875 3617 3138 3678 cautionis
3162 3617 3281 3678 tuse.
3313 3641 3330 3673 ι
3356 3621 3412 3676 1η
3438 3617 3732 3680 Hexaeme-

2135 3704 2242 3762 ron_
2268 3705 2394 3762 vero
2425 3691 2515 3745 lib.
2557 3708 2593 3758 ι,
2638 3708 2758 3762 cap.
2796 3691 2859 3755 4,
2891 3694 3069 3747 omnia
3107 3692 3266 3748 simul
3308 3694 3728 3750 renuntiationis

2137 3760 2296 3832 verba
2322 3761 2373 3832 in
2397 3777 2558 3832 unum
2600 3760 3074 3832 comprehenderis,
3089 3764 3160 3818 ita
3182 3763 3453 3819 scribebat
3479 3782 3491 3816 :
3524 3784 3544 3814 ί
3564 3764 3727 3820 Dese-

2134 3830 2212 3905 rit
2243 3831 2333 3905 qui
2369 3831 2605 3905 abluitur
2645 3830 3028 3905 intelligibilem
3070 3834 3216 3888 illum
3249 3835 3350 3905 51
3385 3832 3724 3891 Pharaonem

2134 3901 2428 4024 principem
2461 3902 2612 3957 istius
2640 3903 2841 3968 mundi,
2865 3903 3048 3959 dicens
3072 3924 3085 3958 :
3117 3901 3450 3959 Abreiiu—ntio
3473 3906 3593 3970 tibi,
3618 3905 3725 3960 dia-

2169 3971 2265 4024 ole.
2285 3973 2544 4024 elanaelis
2573 3974 2691 4024 luis.
2722 3983 2770 4024 et
2796 3971 3031 4024 oneribus
3054 3976 3170 4024 tuis-
3195 3984 3243 4024 el
3281 3975 3516 4024 imperiis
3561 3979 3677 4024 tuis-
3700 3997 3718 4024 ι

2169 3971 2265 4046 ole,
2285 3973 2555 4046 elangelis
2573 3974 2691 4046 ruis,
2719 3983 2770 4046 et
2796 3971 3031 4046 operibus
3054 3976 3171 4038 tuis,
3195 3984 3243 4028 et
3281 3975 3516 4046 imperiis
3561 3979 3677 4032 tuis.
3700 3997 3718 4030 ι

2135 4039 2304 4114 Porro
2337 4039 2594 4114 quidquid
2616 4044 2685 4098 sit
2703 4043 2770 4098 de
2807 4039 3016 4099 modica
3051 4039 3363 4100 diversitate
3401 4047 3720 4114 verborum,

2132 4125 2252 4180 qum
2268 4110 2605 4167 Ambrosium
2629 4115 2768 4168 inter
2795 4122 2849 4168 et
2879 4115 3049 4183 ipsum
3067 4115 3403 4170 Ambrosium
3431 4126 3660 4182 apparet
3675 4110 3726 4172 in

2133 4183 2546 4255 renuntiationis
2561 4183 2784 4255 formula
2802 4199 2960 4254 quam
2979 4186 3092 4255 ipse
3108 4186 3158 4239 in
3183 4187 3358 4241 allatis
3378 4189 3622 4243 textibus
3634 4204 3725 4244 no-

2131 4252 2214 4324 bis
2241 4253 2475 4324 exhibet,
2500 4269 2725 4324 quaeque
2754 4252 3166 4311 Mediolanensis
3189 4255 3444 4312 Ecclesiae
3466 4275 3580 4313 suae
3602 4268 3725 4315 tunc

2131 4322 2295 4376 fuisse
2322 4322 2546 4379 dicenda
2577 4322 2687 4389 est;
2718 4341 2896 4390 nemo,
2921 4326 3170 4392 arbitror,
3193 4327 3511 4382 diffitebitur
3530 4344 3724 4384 renun-

2131 4393 2372 4448 tiationis
2393 4394 2673 4450 formulam
2697 4397 2762 4449 ab
2788 4395 3072 4451 Ambrosio
3095 4397 3251 4452 nobis
3272 4397 3525 4452 traditam
3553 4402 3723 4454 maxi-

2132 4479 2219 4539 me
2245 4465 2553 4539 convenire,
2586 4481 2649 4520 ac
2678 4481 2816 4539 pene
2845 4467 3088 4539 eamdem
3130 4482 3248 4539 esse
3302 4484 3428 4539 cum
3475 4484 3563 4534 ea,
3612 4484 3723 4539 qum

2134 4533 2331 4588 Niceta:
2362 4533 2477 4599 fuit,
2504 4533 2739 4590 auctoris
2767 4535 3172 4606 Explanalionis
3216 4537 3450 4606 Symboli
3483 4540 3556 4592 ad
3586 4533 3721 4595 rom-

446 4597 638 4676 vacat?
669 4597 768 4654 Ub'i
795 4597 908 4676 non
942 4617 1102 4656 cruor
1125 4601 1300 4676 fusus,
1325 4597 1415 4676 ubi
1447 4618 1552 4657 non
1584 4610 1748 4676 strata
1779 4618 2027 4676 corpora,
2060 4597 2110 4656 1)
2134 4614 2378 4676 petentes,
2404 4597 2627 4676 et'tertii
2661 4597 2939 4674 fragme'nti
2967 4622 3036 4662 ex
3065 4609 3229 4676 ipsius
3248 4597 3545 4676 deperditis
3575 4612 3721 4666 lucu-

447 4668 540 4722 ubi
571 4685 675 4724 non
705 4671 1040 4725 concisorum
1073 4673 1308 4726 membra
1341 4673 1606 4727 lacerata?
1636 4671 1842 4740 Ubique
1871 4668 2034 4729 facies

443 4747 618 4813 captae
642 4740 805 4813 urbis,
826 4742 1018 4809 ubique
1041 4742 1232 4797 horror
1253 4743 1576 4813 captivitatis
1593 4783 1608 4808 ,
1638 4743 1836 4810 ubique
1859 4744 2032 4813 imago

446 4811 658 4884 mortis.
709 4808 896 4884 lacent
937 4808 1177 4880 reliquiae
1227 4808 1599 4884 infelicissima;
1653 4808 1824 4882 plebis
1871 4808 2034 4884 super

446 4880 682 4956 tumulos
714 4879 1088 4956 defunctorum
1119 4897 1356 4956 suorum,
1390 4891 1444 4937 et
1469 4892 1524 4936 tu
1553 4879 1818 4956 circ—enses
1838 4879 2036 4956 rogas?

447 4945 609 5017 Nigra
649 4960 730 5004 est
765 4952 1010 5007 i::cendio
1043 4953 1262 5016 civitas,
1313 4945 1367 5006 et
1400 4962 1454 5007 tu
1483 4953 1686 5006 vultum
1732 4945 2034 5010 festiviiatis

448 5022 725 5092 usurpas?
747 5020 949 5092 Lugent
976 5031 1188 5088 cuncta,
1221 5031 1278 5076 tu
1316 5023 1466 5077 laetus
1495 5024 1590 5078 es?
1619 5043 1636 5072 ι
1678 5022 1797 5077 Hzec
1828 5023 2034 5080 Salvia-

446 5103 553 5144 nus
589 5089 656 5145 de
685 5089 1025 5148 Trevirorum
1055 5094 1288 5152 civitate,
1322 5102 1376 5147 et
1406 5094 1469 5147 ad
1505 5093 1847 5148 Trevirenses
1866 5094 2029 5151 cives.

449 5156 588 5232 Quid
616 5162 774 5228 igitur
800 5164 1010 5226 mirum,
1039 5165 1083 5218 si
1113 5180 1212 5232 pro
1245 5163 1454 5218 illorum
1477 5170 1778 5232 temporum
1809 5164 2034 5221 demen-

446 5231 542 5305 t_ia_
568 5245 692 5305 erga
731 5233 1054 5305 spectacula,
1086 5231 1141 5287 et
1165 5235 1207 5288 si
1237 5249 1335 5304 pro
1361 5249 1569 5305 morum
1595 5231 1882 5301 pravitate,
1915 5251 2034 5305 quae

447 5297 545 5372 ρθὶ
564 5297 898 5372 iracundiam
930 5297 1276 5372 provocabat,
1298 5319 1359 5359 ac
1386 5297 1742 5358 Barbarorum
1765 5297 1952 5360 manus
1982 5309 2035 5362 in

449 5365 1070 5446 Cecideiatiipernicieitt
1102 5365 1351 5442 urgebat;
1383 5375 1511 5444 quid
1551 5375 1762 5440 mirum,
1805 5376 1848 5429 si
1881 5375 2039 5446 Aqui-

448 5437 551 5494 leia
580 5441 692 5511 ipsa
734 5437 1074 5516 Trevirorum
1116 5437 1316 5516 sortem
1355 5437 1597 5514 experta,
1622 5437 1870 5516 exemplo
1897 5437 2039 5516 ipso-

447 5521 587 5576 rum,
635 5519 757 5580 post
794 5511 1080 5585 Attilanam
1132 5515 1357 5577 cladem,
1409 5511 1459 5569 in
1501 5515 1684 5585 paucis
1725 5511 1929 5571 civibus
1947 5519 2040 5585 qui

449 5591 790 5660 supererant,
816 5590 871 5660 et
891 5581 1244 5660 Barbarorum
1274 5585 1480 5660 gladios
1502 5581 1803 5660 evaserant,
1827 5581 2039 5660 circen-

447 5649 598 5729 sibus
643 5651 880 5729 pristinis
909 5652 1194 5729 initiaverit
1227 5649 1389 5724 atque
1419 5656 1674 5729 theatris;
1720 5655 2038 5729 ut__Nicetas

450 5721 734 5799 episcOpus
763 5721 814 5774 in
842 5721 1199 5799 explicatione
1239 5721 1448 5799 operum
1478 5725 1688 5791 diaboli,
1713 5725 1904 5799 quibus
1942 5728 2036 5782 ba-

441 5796 704 5852 ptismum
725 5799 971 5848 petentes
992 5796 1390 5858 renuntiabant.
1423 5806 1478 5852 et
1501 5813 1718 5861 pompas
1747 5806 1803 5853 et
1834 5797 2034 5854 lhealra

2172 4675 2485 4751 rationibus:
2510 4674 2805 4751 Utrobique
2832 4693 3028 4751 nempe
3047 4674 3239 4751 duplex
3269 4674 3607 4735 rebmtiatio
3636 4697 3724 4751 ap-

2135 4752 2289 4822 paret
2301 4763 2320 4822 _;
2345 4746 2630 4814 utrobique
2658 4747 2872 4822 diabolo
2900 4746 3242 4822 renuntiatur
3268 4760 3317 4803 et
3344 4751 3550 4822 angelis
3583 4746 3720 4822 ejus;

2135 4815 2422 4884 utrobique
2443 4826 2491 4868 et
2529 4817 2762 4885 operibus
2803 4818 2947 4888 ejus;
2979 4833 3042 4873 ac
3088 4818 3244 4872 simul
3266 4815 3559 4889 utrobique
3578 4815 3724 4876 deest

2136 4901 2337 4955 pompa:
2363 4901 2458 4940 seu
2480 4903 2782 4956 pomparum
2809 4903 2933 4958 vox,
2959 4902 3076 4955 quae
3105 4891 3428 4958 caateroquin
3460 4890 3604 4946 adeo
3628 4892 3724 4947 fre-

2135 4970 2305 5023 quens
2334 4971 2396 5010 ac
2441 4971 2579 5025 pene
2607 4957 2905 5010 communis
2935 4966 3051 5011 erat
3094 4959 3145 5012 in
3175 4957 3415 5013 formulis
3441 4964 3722 5016 renuntia-

2134 5026 2361 5079 tionum.
2386 5025 2574 5080 lsthmc
2597 5041 2724 5079 vero
2745 5025 3033 5082 Nicetiana:
3053 5029 3464 5083 renuntiationis
3486 5031 3722 5087 lormulrr.

2135 5095 2426 5150 similitudo
2455 5112 2575 5150 cum
2605 5096 2706 5149 alia
2758 5095 3009 5152 Ecclesiae
3037 5097 3448 5154 Mediolanensis
3477 5101 3583 5157 sub
3609 5103 3724 5159 divo

2139 5165 2572 5238 AmbrosioLnon
2595 5169 2846 5238 exiguum
2875 5169 3078 5237 praebet
3117 5169 3366 5224 indicium
3397 5173 3723 5238 agnoscendi

2138 5236 2192 5308 in
2223 5236 2410 5292 eodem
2433 5236 2630 5308 Nicetai
2647 5236 2954 5307 episcopum
2977 5239 3390 5306 Aquileiensem.
3423 5236 3562 5308 Quis
3589 5245 3722 5298 enim

2137 5307 2350 5372 ignorat
2376 5315 2574 5376 quanta
2607 5307 2997 5376 Aquileiensem
3028 5309 3170 5365 inter
3196 5317 3251 5363 et
3272 5307 3723 5369 Mediolaneusem

2139 5376 2409 5432 Ecclesias
2440 5377 2525 5448 iis
2579 5378 2908 5447 temporibus
2953 5389 3096 5434 esset
3140 5381 3504 5448 necessitudo,
3567 5385 3721 5438 immo

2141 5456 2340 5516 quanta
2370 5447 2535 5518 veluti
2563 5449 3032 5515 consanguinitas;
3063 5466 3183 5506 cum
3203 5451 3406 5518 jamdiu
3438 5447 3565 5509 sese
3595 5456 3720 5509 invi-

2141 5534 2256 5590 cem
2288 5519 2472 5590 harum
2494 5516 2850 5574 Ecclesiarum
2887 5521 3152 5590 antistites
3191 5516 3484 5590 episcopali
3513 5525 3720 5580 ordina-

2139 5589 2288 5658 tione
2307 5587 2590 5652 donarent,
2615 5604 2678 5645 ac
2698 5590 2895 5644 mutuis
2915 5606 3033 5646 sese
3055 5587 3298 5646 foverent
3317 5587 3530 5658 ciliciis,
3557 5596 3631 5649 uti
3661 5612 3716 5649 ex

2139 5657 2378 5712 historiis
2406 5659 2617 5712 abunde
2645 5659 2964 5728 colligimus,
2989 5669 3043 5716 et
3071 5661 3399 5719 clarissimus
3420 5663 3498 5718 De
3520 5657 3716 5719 ’Rubeis

2138 5744 2245 5783 non
2271 5743 2378 5782 uno
2417 5727 2470 5781 in
2510 5729 2630 5783 loco
2661 5727 3076 5797 Aquileiensium
3106 5732 3579 5790 Monumentorum
3607 5736 3714 5789 ani—

2137 5798 2442 5859 madvertit,
2483 5797 2623 5854 sicut
2669 5801 2831 5856 etiam
2873 5803 3264 5861 eruditissimus
3299 5803 3634 5863 Oltrocchius
3665 5806 3712 5862 in
