3936 6368
526 307 630 366 967

1230 302 1292 359 P.
1332 301 1612 359 BRAIDIE
1655 299 2109 359 DISSERTATIO
2146 296 2209 354 IN
2250 299 2307 355 S.
2349 295 2668 354 NICETAM.
2698 323 2770 338 —-
2797 295 2952 354 CAP.
2993 293 3082 354 νι.

3699 298 3792 357 968

525 423 857 498 perhibetur,
882 419 1076 476 deinde
1101 435 1132 476 a
1177 416 1458 498 Garnerio
1483 420 1538 474 in
1585 419 1758 498 lucem
1787 418 1961 474 editus
1980 459 1995 483 ,
2023 415 2116 498 qui
2141 419 2196 480 Α
2220 413 2592 498 iifricanarum
2599 419 2789 498 'parte.
2802 410 2912 466 duo
2938 417 3073 498 tunc
3098 409 3586 498 episcopi,
3617 414 3793 498 catho-

525 491 784 552 collectus
811 500 1060 549 censetur
1098 492 1295 548 saeculo
1323 493 1554 552 septimo
1576 498 1670 546 aut
1707 491 1928 546 ineunte
1963 496 2114 543 octa~

523 578 613 633 vo,
647 565 773 621 licet
797 563 976 633 quoad
1003 564 1358 620 substantiam
1387 561 1548 630 longe
1590 561 1864 633 antiquior
1891 568 2112 633 repute-

525 631 639 702 tur;
669 631 869 706 quippe
896 635 988 704 qui
1009 635 1065 690 in
1091 634 1272 706 multis
1304 634 1644 706 disciplinam
1675 632 1876 706 referat
1907 631 2113 700 aliquot

523 715 671 762 retro
690 702 1100 776 'saic'ulispenes
1131 705 1405 760 Romanos
1418 702 1716 776 pontifices
1753 704 2107 776 obtinentem.

523 776 584 834 In
623 776 783 846 hujus
811 772 992 832 autem
1042 777 1166 832 libri
1201 776 1377 845 capite
1414 772 1449 828 5
1487 775 1740 832 editionis
1767 772 2113 846 Garnerianaa

521 844 925 905 varite‘exstant
945 847 1186 903 formulae
1206 844 1514 917 spectantes
1532 847 1600 902 ad
1621 844 2111 917 episcopossubur-

521 918 772 978 bicarios,
803 934 898 974 seu
927 919 994 974 ad
1021 934 1116 974 eos
1137 919 1203 974 de
1222 913 1416 988 quibus
1436 933 1607 988 nuper
1626 913 1827 988 dictum
1853 915 1968 978 fuit,
1997 913 2101 988 La-

522 991 604 1056 tii,
627 989 959 1061 Campaniae,
985 999 1040 1045 et
1059 985 1264 1045 Tusciae
1285 985 1682 1061 suburbicarim,
1705 996 1758 1061 et
1771 985 1914 1061 forte
1937 986 2101 1061 etiam

521 1056 1132 1118 aliarum-ﬁnitimarum
1175 1060 1606 1131 provinciarum,
1643 1058 1735 1131 qui
1775 1057 1842 1131 ad
1880 1056 2110 1111 Romani

562 1131 792 1188 ontiﬁcis
810 1128 1270 1188 consecrationem
1296 1131 1572 1202 speciatim
1595 1128 1962 1200 pertinebant;
1989 1142 2108 1196 quae

544 1203 765 1260 ormulae
786 1203 1041 1258 exhibent
1063 1202 1350 1273 petitiones
1365 1203 1764 1273 episcoporum,
1779 1208 1832 1254 et
1850 1213 2106 1273 responsa

560 1273 854 1340 ontiﬁcum,
878 1289 978 1345 per
1003 1269 1123 1342 qua:
1146 1273 1306 1328 liebat
1336 1269 1465 1342 ipsis
1491 1269 1733 1345 potesgs
1753 1269 2106 1345 consecrandi

560 1291 854 1340 onuucum,
878 1291 978 1345 per
1003 1291 1123 1342 qua:
1146 1291 1306 1328 uenat
1336 1291 1465 1342 lpSlS
1491 1291 1733 1343 poresms
1753 1291 2106 1326 consecrantur

522 1291 802 1411 Basilicas,
844 1345 1110 1409 oratoria,
1154 1345 1495 1414 baptisteria,
1520 1351 1597 1414 et
1636 1341 1858 1405 altaria,
1895 1339 2106 1414 levandi

520 1432 750 1488 corpora
771 1425 1080 1488 sanctorum
1105 1423 1160 1470 et
1187 1411 1496 1488 honestiore
1517 1413 1640 1469 loco
1666 1411 1982 1488 reponendi,
2016 1427 2105 1488 or-

519 1483 738 1542 dinandi
773 1483 1512 1558 presbyterospraaﬁcieudos
1546 1483 1798 1538 oratoriis
1825 1491 1895 1558 et
1921 1483 2104 1558 basili-

520 1558 618 1624 cis,
649 1566 704 1612 et
731 1553 1034 1626 hujusmodi
1065 1553 1166 1610 alia
1197 1555 1518 1626 peragendi,
1543 1570 1664 1624 quae
1686 1569 1791 1626 non
1823 1553 1926 1626 illis
1955 1554 2103 1626 prius

521 1623 760 1684 licuisset
787 1623 1041 1697 exsequi,
1073 1623 1234 1696 quam
1263 1642 1294 1680 a
1323 1623 1534 1681 summo
1561 1623 1820 1697 pontiﬁce
1839 1623 2102 1678 indultum

520 1697 724 1754 fuisset.
759 1697 829 1752 Ut
855 1706 914 1752 ut
935 1695 1071 1753 vero
1094 1695 1351 1766 septimo
1372 1737 1386 1762 ,
1421 1705 1616 1752 octavo
1651 1711 1716 1750 ac
1752 1695 1917 1749 etiam
1955 1710 2100 1750 nono

517 1770 716 1838 saeculo
738 1769 792 1822 in
822 1785 920 1823 usu
941 1767 1101 1823 fuerit
1126 1766 1431 1837 hujusmodi
1453 1767 1756 1838 disciplina,
1784 1775 1840 1820 et
1859 1766 2100 1838 episcopi

519 1837 767 1894 Romano
795 1839 1032 1910 pontiﬁci
1063 1839 1340 1908 speciatim
1384 1837 1610 1910 subjecti
1640 1837 1852 1910 veniam
1892 1837 1960 1890 ab
2006 1853 2101 1910 eo;

516 1910 640 1966 dem
669 1908 920 1981 petierint
955 1910 1403 1981 singulisivicibus
1443 1909 1564 1981 haec,
1580 1909 1765 1981 omnia
1806 1908 2099 1978 peragendi

519 1997 641 2036 cum
664 1979 801 2051 opus
829 1989 992 2044 esset,
1024 1979 1151 2051 licet
1171 1979 1284 2049 jam
1315 1988 1443 2034 tunc
1473 1980 1732 2035 ordinarii
1759 1985 1940 2034 essent
1977 1994 2102 2051 sua-

514 2066 636 2107 rum
659 2049 1052 2118 Ecclesiarum;
1085 2050 1242 2107 facile
1271 2051 1616 2106 nihilominus
1639 2051 1949 2118 conjectare
1978 2049 2102 2104 lice-

515 2123 626 2188 bit,
661 2131 769 2178 tam
800 2131 1003 2178 arctam
1042 2123 1418 2192 episcoporum
1443 2119 1751 2190 hujusmodi
1783 2119 2099 2192 suburbica-

515 2194 720 2249 riorum
777 2191 1101 2264 potestatem
1149 2191 1412 2261 originem
1460 2192 1678 2264 duxisse
1717 2192 1792 2264 ab
1831 2191 1898 2264 iis
1953 2200 2099 2264 retro

515 2262 878 2336 temporibus,
911 2279 1034 2336 cum
1071 2263 1326 2336 vicariam
1362 2263 1589 2336 omnino
1620 2264 1672 2316 in
1715 2262 1818 2316 illis
1848 2262 2100 2336 Ecclesiis

516 2333 741 2404 agerent
767 2335 1162 2399 auctoritatem,
1192 2333 1269 2387 uti
1289 2333 1526 2404 episcopi
1557 2333 1928 2404 tantummodo
1949 2333 2102 2386 auxi-

516 2402 678 2460 liares
716 2404 1082 2460 Romanorum
1127 2402 1438 2473 pontiﬁcum
1480 2403 1532 2458 in
1579 2419 1641 2458 ea
1691 2402 1857 2457 Italiae
1907 2413 2095 2473 parte,

514 2489 676 2544 quam
725 2475 826 2530 sibi
873 2474 1233 2545 peculiariter,
1276 2474 1440 2529 veluti
1477 2475 1750 2544 pr0priam
1790 2474 2096 2540 dimcesim,

514 2545 848 2601 servaverint
889 2545 1318 2613 gubernandam;
1359 2553 1518 2614 atque
1546 2553 1834 2615 pr0pterea
1864 2552 1971 2598 tam
2013 2561 2100 2599 ar-

514 2625 661 2672 ctam
686 2616 880 2671 borum
908 2617 1288 2686 episcoporum
1317 2617 1724 2679 auctoritatem,
1761 2631 1882 2686 quae
1927 2617 2096 2686 septi-

513 2701 626 2755 mo,
657 2696 848 2744 octavo
869 2685 1122 2757 acetiam
1152 2702 1296 2742 nono
1324 2687 1520 2741 saeculo
1547 2685 1947 2756 perseverabat,
1980 2685 2098 2757 upi-

512 2757 732 2828 nionem
752 2756 1092 2825 conﬁrmare,
1110 2773 1228 2828 qua:
1250 2757 1303 2812 iu
1318 2757 1518 2812 eisdem
1541 2757 1766 2827 aliisque
1789 2764 1898 2810 tam
1919 2756 2100 2812 multis

511 2826 722 2884 illarum
751 2829 1032 2898 regionum
1059 2826 1328 2899 episcopis
1354 2836 1480 2883 ante
1508 2826 1756 2897 quintum
1779 2828 1864 2883 vel
1883 2838 2098 2883 sextum

511 2900 767 2955 saeculum
809 2900 1022 2954 nonnisi
1065 2899 1353 2955 auxiliares
1401 2899 1688 2969 episcopos
1715 2901 1957 2966 agnoscit
1989 2899 2099 2954 Ro-

511 2969 659 3024 mani
686 2969 974 3040 pontiﬁcis,
1005 2971 1098 3040 qui
1126 2971 1327 3040 absque
1349 2969 1470 3038 jure
1498 2971 1718 3040 proprio
1746 2978 1948 3032 essent,
1973 2970 2095 3040 qui-

511 3053 618 3111 que
647 3041 845 3097 idcirco
873 3042 941 3095 ab
968 3041 1159 3096 eodem
1185 3043 1237 3094 in
1267 3041 1534 3107 omnibus,
1562 3049 1725 3111 atque
1754 3042 1822 3096 ab
1861 3041 1978 3110 ejus
2005 3057 2098 3096 ve-

511 3109 610 3165 luti
639 3121 771 3166 nutu
798 3112 1018 3167 omnino
1046 3111 1362 3181 penderent.

2219 487 2354 542 licus
2387 500 2557 551 unus,
2599 482 3142 556 Donatiauus_alter;
3191 482 3445 556 catholici
3500 485 3796 556 complures

2218 555 2478 640 episcopi,
2513 553 2862 640 prqunitaiis
2884 553 3002 640 zelo
3025 569 3134 623 quo
3154 552 3444 640 ardebant,
3463 563 3528 640 ‘et
3555 563 3617 610 ut
3628 552 3792 640 isolli-

2215 623 2373 684 citius
2394 623 2458 682 ac
2475 623 2702 682 validius
2730 625 3196 682 schismatieorum
3223 623 3438 680 illorum
3461 634 3578 682 tum
3604 627 3796 686 violen-

2213 701 2303 755 tiae
2324 708 2452 770 tum
2466 697 2769 770 seductioni
2787 711 2915 770 sese
2937 697 3619 770 opponerent,episcopos
3638 714 3788 770 quos.

2215 711 2303 755 tiae
2324 711 2438 754 tum
2466 711 2769 754 seaucuom
2793 711 2915 752 sese
2937 711 3296 823 opponerent,
3327 711 3619 768 episcopos
3638 714 3788 770 quos.

2215 771 2338 826 dam
2360 771 2414 825 in
2444 769 2578 825 locis
2598 767 2970 838 periculosiori
3013 784 3075 822 us
3095 783 3160 823 ac
3178 769 3349 836 magis
3363 768 3568 824 dissitis
3588 786 3794 829 suarum

2212 842 2517 912 dioeceseon
2537 835 2951 912 constituerant,
2969 839 3068 912 _qui
3093 854 3206 912 rem
3226 835 3551 912 catholicam
3575 835 3817 912 praeseng

2211 913 2286 984 tia
2339 928 2436 968 sua
2487 910 2738 984 juvarent
2761 950 2775 974 ,
2817 910 2926 984 qui
2951 909 3312 965 de.ectionem
3345 908 3592 978 ﬁdelium
3640 909 3815 984 impe-’

2209 983 2416 1049 dirent,
2457 997 2521 1037 ac
2575 981 3015 1053 resipisceutibus
3057 988 3258 1051 praesto
3295 991 3526 1037 essent:
3574 981 3794 1053 quodet

2161 1064 2163 1067 '
2210 1053 2494 1110 Donatiani
2516 1051 2720 1119 itidem,
2749 1053 2800 1107 in
2825 1051 3081 1125 invidiam
3103 1053 3239 1116 acti,
3254 1061 3320 1125 et
3341 1061 3397 1106 ut
3418 1053 3527 1108 vim
3549 1051 3794 1125 quodam-

2208 1126 2371 1181 modo
2403 1125 2451 1180 vi
2480 1131 2837 1195 opponerent,
2870 1122 3205 1195 exadverso
3245 1121 3422 1195 facere
3458 1121 3790 1182 non'omise-

2208 1204 2365 1262 runt;
2418 1194 2566 1250 licet
2597 1195 2876 1250 catholicis
2917 1194 3154 1262 objicere
3195 1194 3487 1261 auderent,
3537 1196 3592 1249 id
3634 1199 3701 1252 ab
3739 1199 3792 1254 iis

2207 1265 2426 1332 factum,
2461 1281 2569 1322 non
2609 1267 2830 1320 unitatis
2870 1264 3020 1330 zelo,
3045 1265 3140 1320 sed
3168 1265 3418 1336 vanitatis
3445 1267 3712 1336 impulsu,
3743 1279 3792 1324 ut

2207 1353 2394 1418 eorum
2426 1352 2616 1408 nempe
2635 1353 2876 1390 numerus
2897 1346 3189 1418 augeretur.
3213 1335 3622 1418 catholicorum
3643 1355 3791 1418 porro

2207 1407 2817 1481 episcoporumrectum
2840 1407 3133 1481 consilium
3157 1423 3226 1462 ex
3245 1407 3355 1462 divi
3384 1407 3670 1478 Augustini
3690 1412 3792 1481 epi-

2205 1481 2344 1550 stola
2369 1478 2474 1550 209
2503 1479 2634 1533 satis
2662 1480 2876 1544 elucet;
2907 1478 3001 1547 qui
3033 1487 3089 1532 et
3121 1479 3256 1550 ipse,
3300 1495 3410 1534 non
3450 1481 3628 1535 multo
3675 1478 3788 1550 post

2204 1548 2682 1620 Carthagineusem
2710 1550 3058 1604 collationem
3075 1588 3090 1614 ,
3116 1549 3168 1603 in
3195 1551 3412 1620 propria
3447 1548 3699 1616 dimcesi',
3726 1553 3791 1608 ad

2206 1621 2484 1676 Castellum
2501 1662 2514 1686 ,
2548 1619 2776 1675 Fussala
2797 1620 2998 1675 dictum
3015 1661 3030 1685 ,
3061 1619 3233 1691 nuper
3260 1636 3292 1675 a
3320 1620 3630 1678 Donatiano
3655 1623 3789 1678 schi-

2206 1701 2405 1758 smate,
2430 1707 2539 1746 non
2560 1691 2676 1746 sine
2706 1691 2872 1760 ipsius
2894 1691 3096 1760 ingenti
3119 1691 3324 1754 labore,
3357 1708 3710 1758 conversum,
3737 1702 3792 1750 et

2205 1763 2271 1818 ab
2300 1762 2630 1834 Hipponensi
2660 1763 2788 1834 sede
2825 1763 3180 1831 quadraginta
3209 1763 3531 1819 milliaribus
3562 1765 3788 1832 distans,

2205 1833 2516 1907 episcopum
2543 1833 2853 1899 constituit,
2888 1834 3455 1907 nomine__Antonium,
3480 1850 3551 1891 ex
3582 1839 3792 1907 proprio

2204 1903 2537 1960 monasterio
2561 1913 2774 1960 erutum
2793 1945 2808 1970 ,
2845 1912 2903 1958 ut
2929 1903 2998 1958 ibi
3026 1905 3278 1970 sufﬁceret
3315 1903 3628 1962 necessariis
3649 1903 3791 1961 adhi-

2205 1975 2413 2048 benda,
2447 1984 2504 2030 ut
2548 1977 2662 2045 ipse
2691 1975 2895 2048 aiebat,
2935 1975 3051 2048 illis
3081 1975 3324 2048 ﬁdelibus
3361 1977 3679 2048 diligentiae,
3707 1981 3790 2034 cui

2204 2047 2319 2117 ipse
2350 2056 2569 2117 prepter
2597 2047 2702 2102 loci
2730 2046 3040 2101 distantiam
3067 2045 3378 2103 satisfacere
3407 2045 3570 2118 posse
3590 2049 3792 2106 dubita-

2202 2118 2326 2183 bat;
2363 2119 2488 2174 licet
2518 2125 2705 2188 postea
2749 2118 2924 2172 sancti
2964 2117 3206 2188 praesulis
3246 2117 3642 2188 exspectationi
3686 2129 3790 2176 tam

2203 2190 2344 2272 male
2374 2189 2640 2314 iiutonius
2665 2189 2807 2244 idem
2835 2188 3209 2258 responderit,
3247 2197 3306 2244 ut
3333 2188 3503 2246 fusius
3530 2190 3589 2245 in
3608 2192 3790 2248 eadem

2203 2269 2376 2314 emsto
2399 2276 2450 2314 a.

2203 2261 2450 2315 epistola.

2237 2278 2602 2405 paiiidéigitur
2624 2331 3020 2405 _in_gestis__illis
3047 2330 3115 2405 de
3151 2331 3462 2405 hujusmodi
3490 2334 3788 2405 episcopis?

2202 2401 2260 2456 lu
2309 2403 2522 2458 actione
2552 2401 2577 2454 1
2622 2401 2781 2472 hujus
2807 2401 3113 2458 collationis
3147 2419 3294 2456 num.
3343 2403 3472 2469 117,
3501 2401 3789 2462 Petilianus

2202 2473 2485 2544 episcopus
2513 2473 2791 2544 Donatista
2812 2473 3069 2544 adversus
3096 2473 3392 2530 catholicos
3417 2479 3786 2544 conquereba-

2201 2542 2290 2598 tur
2313 2542 2498 2600 dicens
2533 2562 2546 2598 :
2581 2542 2646 2597 In
2666 2560 2772 2617 una
2801 2543 2945 2617 plebe
2961 2543 3204 2598 Januarii
3233 2545 3445 2617 collegae
3472 2542 3640 2601 nostri
3662 2565 3787 2616 prte-

2200 2617 2392 2688 sentis,
2423 2617 2480 2669 in
2509 2632 2614 2669 una
2654 2615 2888 2688 dioecesi,
2921 2625 3142 2688 quatuor
3167 2625 3286 2669 sunt
3314 2615 3582 2688 constituti
3613 2615 3786 2673 contra

2198 2687 2387 2757 ipsum,
2421 2696 2477 2739 ut
2497 2703 2736 2741 numerus
2765 2685 2958 2740 scilicet
3003 2696 3293 2757 augeretur.
3331 2685 3608 2752 Similiter,
3645 2705 3782 2743 num.

2237 2756 2324 2823 2|,
2351 2757 2691 2820 Verissimus,
2716 2758 2852 2812 alius
2873 2756 3165 2828 episcopus,
3181 2756 3479 2828 Donatista,
3504 2761 3599 2828 qui
3623 2759 3783 2816 Taca-

2200 2829 2430 2882 rateusis
2455 2828 2687 2884 civitatis
2715 2829 3030 2898 episcopum
3059 2843 3117 2882 se
3140 2827 3370 2893 dicebat,
3398 2830 3488 2884 ubi
3509 2827 3784 2888 catholicis

2201 2907 2318 2954 erat
2345 2899 2631 2970 episcopus
2663 2899 2944 2969 Aspidius,
2975 2900 3414 2970 conquerebatur
3453 2909 3508 2955 et
3553 2902 3670 2970 ipse
3707 2902 3782 2957 di-

2199 2985 2328 3042 cens
2353 2968 2632 3034 {Quatuor
2653 2968 2852 3042 suntin
2881 2969 3046 3042 plebe_
3053 2986 3186 3030 mea,
3219 2968 3498 3042 Datianus,
3521 2968 3782 3042 Aipidius,

2198 3038 2542 3112 Fortunatus,
2567 3053 2616 3095 et
2639 3038 2970 3096 Octavianus.
3005 3039 3156 3112 Tunc
3183 3041 3438 3096 catholici
3464 3038 3703 3112 quoque,
3733 3051 3785 3098 u't

2203 3111 2490 3182 impactam
2529 3113 2852 3167 calumniam
2892 3111 3300 3183 propulsarent,
3333 3111 3785 3183 ostenderentque

583 3181 783 3257 Eadem
811 3182 1090 3257 disciplina
1121 3183 1238 3257 ips_o
1265 3182 1473 3257 quinto
1481 3181 1682 3257 saeculo
1710 3183 1961 3257 similiter
1989 3183 2092 3238 ob-
2121 3193 2168 3257 α
2200 3181 2521 3257 adversariis
2549 3199 2710 3253 super
2731 3183 2832 3238 hac
2849 3181 2906 3238 re
2935 3181 3042 3238 non
3063 3197 3182 3240 esse
3210 3183 3564 3257 querimoniis
3595 3181 3780 3252 locum,

511 3251 720 3324 tinebat
745 3253 798 3308 in
823 3251 1390 3324 regiunibus’IEgypti,
1418 3253 1613 3324 Libyas,
1642 3261 1803 3324 atque
1826 3253 2095 3324 Pentapo-

510 3321 605 3389 lis,
638 3339 759 3395 quze
789 3321 1152 3378 Alexandrino
1199 3321 1453 3394 episcopo
1495 3321 1650 3378 erant
1687 3321 1960 3391 subjectae.
2000 3321 2095 3380 Et—

513 3395 656 3466 enim
686 3395 925 3466 episcopi
950 3395 1206 3466 tredecim
1231 3409 1414 3450 earum
1435 3396 1733 3464 regionum,
1751 3397 1841 3464 qui
1865 3398 2095 3452 concilio

513 3410 656 3449 enim
686 3410 717 3450 e
759 3411 925 3466 Iscopi
950 3410 1206 3450 treuemm
1231 3410 1414 3450 earum
1435 3410 1733 3464 regionum,
1751 3410 1841 3464 qui
1865 3410 2092 3452 concmo

507 3410 932 3522 Chalcetfoneusi
965 3465 1216 3531 aderant,
1249 3467 1462 3521 actione
1491 3467 1524 3518 4
1549 3467 1958 3536 profitebantur,
1992 3483 2092 3522 no-

508 3537 655 3592 mine
680 3536 844 3592 etiam
866 3537 1094 3592 aliorum
1122 3537 1567 3606 coepiscoporum
1597 3538 1688 3606 qui
1719 3536 2094 3594 Alexandrinze

507 3607 623 3661 sedi
663 3607 1148 3679 obtemperabant,
1175 3607 1324 3679 nihil
1359 3608 1659 3679 generatim
1707 3610 1885 3679 peragi
1928 3608 2091 3665 licere

507 3677 808 3748 aquolibet
835 3677 901 3732 ex
933 3677 1216 3748 episcopis
1254 3677 1631 3732 Alexandrinae
1673 3677 1790 3732 sedi
1831 3677 2091 3748 subjectis

507 3746 710 3821 absque
737 3746 1485 3821 auctoritatearchiepiscopi,
1519 3749 1597 3821 uti
1632 3749 1875 3821 aiebant,
1912 3746 2091 3821 magni

507 3819 728 3872 nominis
759 3818 974 3872 civitatis
1011 3817 1420 3882 Alexandriam;
1451 3828 1507 3872 et
1534 3819 1639 3873 hoc
1674 3834 1743 3873 ex
1771 3820 1968 3874 celebri
1999 3817 2090 3876 ἐξι-

509 3903 651 3943 none
681 3886 894 3943 Nicaano
927 3897 1263 3962 trecentorum
1292 3889 1464 3962 decem
1495 3899 1550 3962 et
1561 3899 1686 3962 octo
1717 3889 1965 3962 Patrum,
1996 3894 2089 3962 qui

506 3968 690 4040 sextus
717 3966 829 4040 est,
863 3967 918 4012 et
949 3959 1131 4040 ‘videri
1151 3968 1348 4040 potest
1369 3960 1429 4040 in
1471 3960 1877 4040 collecﬁtionibus
1907 3959 2089 4040 conci-

504 4026 717 4091 liorum,
741 4037 796 4100 et
825 4028 968 4100 apud
987 4026 1348 4100 Christianum
1369 4029 1598 4100 Lupum,
1622 4029 1856 4100 Operum
1881 4041 2027 4088 tomo
2042 4033 2083 4098 l,

504 4113 625 4170 pag.
652 4099 758 4153 244
784 4099 1041 4156 editionis
1060 4099 1278 4156 Venet-2
1300 4099 1466 4167 1724,
1488 4102 1574 4156 ubi
1603 4099 1860 4156 statutum
1887 4102 2082 4171 fuerat,

544 4171 649 4246 und
684 4190 703 4223 ι
733 4171 1325 4246 Antiqua_consuet_udo
1351 4183 1599 4246 servetur
1626 4188 1721 4242 per
1761 4173 2079 4246 (Egyptum,

549 4241 745 4317 ibyam,
775 4251 936 4311 atque
963 4241 1320 4317 Pentapolim,
1349 4242 1421 4296 ita
1453 4251 1511 4298 ut
1535 4241 1930 4300 Alexandrinus
1965 4241 2082 4317 cpi-L

504 4312 919 4392 scopushorutn
958 4314 1197 4392 omnium
1238 4314 1434 4392 habent
1479 4323 1831 4392 potestatem;
1872 4312 2011 4385 quia'
2028 4325 2082 4373 et

503 4381 650 4456 urbis
679 4381 865 4456 Romae
893 4383 1373 4456 episcopoparilis
1411 4381 1528 4439 mos
1567 4394 1648 4440 est
1710 4405 1726 4437 ι
1764 4381 2080 4456 Ηεῐεοίιοιίνο

504 4399 650 4436 ιιι-ωδ
679 4399 865 4435 nonnae
893 4399 1148 4505 episcopo
1187 4399 1373 4454 paruis
1411 4399 1528 4439 mos
1567 4399 1648 4440 est
1710 4405 1726 4437 ι
1764 4399 1889 4442 inec
1917 4403 2079 4456 porro

504 4452 672 4506 moris
699 4452 1078 4525 parilitas_Ecc
1100 4455 1224 4508 esizae
1255 4453 1536 4525 Romanae,
1569 4470 1687 4524 qua:
1711 4457 1763 4510 in
1795 4471 2079 4525 argumen-

503 4529 675 4598 t_urp_a
697 4521 930 4598 liliaenis
952 4521 1199 4598 Patribus
1226 4524 1507 4598 adducitur
1542 4521 1640 4596 pro
1669 4521 2076 4598 archiepiscopo

507 4591 667 4669 ιοῇ
692 4592 1063 4669 alexandrina
1089 4595 1338 4660 civitatis;
1370 4596 1488 4669 haec
1510 4591 1720 4669 antiqua
1742 4591 2073 4669 consuetudo,

499 4661 605 4736 (ῖιιξι
629 4661 681 4717 in
704 4661 919 4736 Nicaeuo
939 4679 1146 4736 canone
1167 4674 1390 4736 potestas
1413 4661 1701 4722 roboratur
1728 4661 2077 4726 Alexandrini

498 4733 929 4810 episcopisuper
953 4733 1242 4810 episcopos
1280 4734 1517 4810 Egypti,
1542 4737 1722 4810 Libya:
1750 4748 1910 4809 atque
1941 4740 2076 4796 Pen-

497 4804 722 4876 tapolis;
747 4804 862 4861 huic
881 4804 1095 4860 demum
1119 4804 1437 4873 nullitas,’ut
1466 4809 1538 4862 ita
1569 4804 1762 4874 dicam,
1792 4804 2077 4868 auctorita-

497 4875 585 4949 tis,
616 4877 1225 4949 quam_iidem_episc0pi
1265 4879 1317 4931 in
1346 4888 1636 4949 conspectu
1666 4879 2074 4939 Chalcedonen-

495 4946 572 5003 sis
597 4947 810 5003 concilii
847 4962 916 5002 ex
959 4946 1186 5004 Nicaruo‘
1216 4964 1424 5004 canone
1454 4946 1784 5017 latebantur;
1818 4954 1957 5017 haec,
1992 4956 2074 5010 in-

496 5032 690 5090 quam,
719 5018 900 5072 omnia
930 5019 1089 5090 simul
1115 5031 1354 5090 sumpta,
1397 5037 1495 5076 nos
1526 5022 1784 5077 inducunt
1819 5033 1876 5078 ut
1915 5024 2072 5082 facile

495 5087 804 5153 credamus,
849 5089 1088 5145 eamdem
1131 5087 1253 5159 quai
1284 5092 1336 5146 in
1372 5091 1614 5147 Romana
1645 5092 1882 5149 Ecclesia
1930 5097 2071 5151 obti-

494 5160 678 5236 nuisse
699 5160 936 5236 etiamin
965 5159 1326 5236 Alexandrina
1353 5163 1710 5236 disciplinam,
1735 5174 1812 5233 ut,
1837 5167 2071 5236 antiquis

493 5230 852 5300 temporibus,
880 5238 1042 5300 atque
1064 5231 1225 5286 etiam
1249 5233 1366 5302 ipso
1386 5230 1575 5302 quinto
1595 5230 1811 5301 saeculo,
1838 5246 1931 5291 aut
1949 5230 2070 5293 om-

493 5315 614 5377 nes,
623 5310 723 5377 aut
739 5316 880 5377 pene
905 5317 1093 5377 omnes
1104 5302 1323 5377 illarum
1337 5305 1628 5377 regionum
1644 5307 1900 5377 episcopi,
1924 5324 2074 5366 mere

493 5371 782 5446 auxiliares
807 5371 1006 5446 iuerint
1045 5373 1350 5446 etiamhipsi
1398 5371 1786 5446 archiepiscopi
1829 5371 2074 5434 'Alexan-

491 5441 662 5524 drini,
693 5444 785 5512 qui
815 5443 1040 5524 plenam
1085 5445 1140 5499 in
1185 5441 1290 5501 illis
1319 5441 1628 5516 regionibus
1655 5441 1936 5504 obtinebat
1963 5468 2076 5506 om-

492 5522 635 5566 nium
661 5525 799 5568 notes
805 5522 974 5568 tatem.
990 5551 994 5555 -

683 5582 797 5652 jam
824 5583 890 5638 ad
919 5582 1198 5660 Africanos
1225 5589 1484 5660 praesules
1511 5605 1815 5648 sermonem
1844 5608 2073 5650 conver-

493 5660 668 5734 tar_t_t_u_s_
694 5661 935 5734 oportet,
967 5657 1060 5726 qui
1089 5659 1156 5714 ad
1180 5657 1562 5734 supracitaiam
1589 5660 2068 5734 Carthaginiensem

493 5722 1229 5808 coquatiptfemnconienermit
1249 5722 1398 5808 anno
1439 5730 1576 5808 illi,
1627 5749 1748 5808 cum
1790 5722 2066 5808 episcopis

489 5791 802 5882 Donatianze
827 5793 1094 5856 factionis.
1140 5798 1277 5857 Cum
1319 5802 1374 5859 in
1420 5791 1653 5863 maxima
1699 5791 2062 5868 Ecclesiartiia

2106 4571 2157 4632 D

2201 3270 2309 3309 non
2339 3256 2636 3327 omiserunt
2657 3269 2770 3327 eos
2795 3270 2893 3324 pro
2925 3268 2992 3327 re
3019 3261 3156 3327 nata
3188 3255 3438 3327 nuntiare
3464 3255 3779 3327 episcopos,

2241 3341 2336 3380 uos
2364 3335 2420 3380 et
2454 3325 2554 3395 ipsi
2587 3325 2876 3380 Donatistae
2921 3325 2974 3379 in
3003 3324 3326 3380 dioecesibus
3353 3325 3606 3381 similiter
3640 3324 3784 3382 addi-

2237 3405 2392 3468 erant
2431 3396 2756 3468 schismatis
2773 3395 3332 3468 promove_ndi_gratia
3355 3415 3368 3450 :
3395 3412 3461 3452 ac
3498 3407 3782 3468 propterea

2197 3466 2252 3520 in
2281 3467 2471 3523 eadem
2494 3467 2708 3538 actione
2731 3465 2789 3538 Vl,
2815 3482 2961 3521 num.
2987 3465 3110 3538 121,
3135 3465 3480 3538 Victorianus
3499 3465 3783 3538 episcopus

2196 3539 2496 3608 catholicus
2524 3537 2694 3608 plebis
2725 3537 3024 3592 Mustitana:
3050 3537 3185 3591 dixit
3211 3555 3223 3591 :
3249 3537 3432 3593 Habeo
3460 3537 3783 3596 Felicionem

2196 3607 2559 3674 Mustitanum,
2588 3619 2636 3663 et
2657 3608 2922 3663 Donatum
2955 3608 3232 3662 Turensem
3259 3620 3441 3665 contra
3470 3628 3556 3665 me
3583 3628 3601 3664 :
3629 3621 3687 3667 et
3711 3613 3780 3667 si-

2195 3681 2396 3734 militer
2426 3697 2571 3735 num.
2605 3678 2724 3745 126,
2758 3679 3046 3734 Asmunius
3073 3680 3357 3750 episcopus
3376 3682 3680 3737 catholicus
3700 3681 3783 3738 Ti-

2193 3752 2464 3820 gualensis
2490 3751 2624 3806 dixit
2650 3769 2662 3803 :
2689 3750 2756 3804 In
2784 3752 2996 3806 diateese
3019 3767 3134 3804 mea
3165 3751 3265 3806 duo
3293 3761 3441 3820 sunt,
3467 3751 3703 3808 Gaianas
3735 3765 3781 3808 et

2194 3819 2460 3876 Privatus.
2487 3822 3038 3878 Animadvertendum
3069 3837 3241 3948 (porro
3280 3819 3448 3878 hosce
3498 3824 3779 3895 episcopos

2194 3893 2472 3948 utriusaue
2503 3895 2686 3948 partis.
2717 3909 2854 3948 quos
2875 3909 3045 3948 novos
3108 3893 3316 3948 ixerim.
3341 3902 3396 3948 et
3415 3893 3708 3948 addititios.
3729 3897 3778 3948 in

2192 3893 2472 3963 utriusque
2503 3895 2686 3964 partis,
2717 3909 2854 3963 quos
2875 3909 3045 3948 novos
3069 3893 3316 3964 dixerim,
3341 3902 3396 3949 et
3415 3893 3708 3960 addititios,
3729 3897 3778 3950 in

2191 3965 2446 4036 nominali
2478 3965 2868 4036 appellatione,
2900 3979 3006 4034 qua
3052 3963 3248 4036 singuli
3275 3966 3454 4036 vocati
3500 3981 3566 4020 ac
3593 3981 3776 4023 recen-

2189 4033 2276 4088 siti
2305 4034 2455 4107 fuere
2485 4033 2536 4090 in
2552 4033 2650 4091 illa
2672 4033 2980 4107 collatione,
3007 4051 3114 4107 non
3133 4034 3373 4107 ,simplici
3401 4036 3774 4107 episcoporum

2189 4105 2406 4161 nomine
2427 4109 2736 4162 enuntiatos
2756 4106 2938 4172 fuisse,
2957 4105 3052 4162 sed
3072 4105 3235 4161 etiam
3247 4121 3371 4162 cum
3393 4105 3652 4177 adjuncto
3675 4109 3774 4166 loci

2187 4177 2273 4249 cui
2301 4177 2685 4246 prrcsidebant,
2721 4177 2875 4249 105
2905 4178 3015 4243 uti,
3049 4191 3134 4232 ex.
3155 4191 3273 4249 _gr.,
3300 4178 3772 4249 intereatholicos

2184 4244 2508 4318 QctaVianus
2540 4249 2628 4305 ille
2661 4244 3106 4312 etT‘oFtuuatus,
3138 4244 3206 4303 de
3233 4248 3427 4318 quibus
3452 4248 3773 4306 Verissimus

2185 4316 2466 4373 Donatista
2495 4319 2958 4389 conquerebatur;
2989 4335 3219 4388 quorum
3243 4316 3381 4374 alter
3400 4319 3772 4378 Ressianensis

2181 4389 2486 4459 episcopus,
2513 4388 2651 4445 alter
2663 4388 2912 4445 Casensis
2932 4399 3124 4460 postea
3145 4391 3440 4461 nuncupati
3463 4391 3632 4455 fuere,
3663 4393 3767 4449 sic-

2183 4467 2256 4532 ιιιΔ
2277 4461 2329 4532 in
2372 4461 2537 4530 ipsius
2558 4461 2781 4516 editoris
2805 4459 3096 4531 nota’apud
3123 4459 3369 4532 sanctum
3396 4459 3686 4532 Optatum;
3715 4471 3772 4519 et

2183 4529 2261 4584 uti
2304 4529 2445 4586 inter
2484 4533 2813 4587 Donatianos
2859 4529 3099 4587 Donatus
3137 4531 3226 4587 ille
3266 4533 3358 4601 qui
3405 4529 3636 4589 vocatur
3661 4533 3768 4589 Tu-

2185 4602 2356 4656 rensis
2385 4604 2452 4658 ab
2480 4603 2596 4673 ipso
2622 4603 3172 4674 catholicoiepiscopo
3201 4601 3534 4674 Victoriano,
3562 4613 3617 4659 et
3651 4603 3767 4660 Pri-

2184 4681 2358 4740 vatus,
2391 4675 2481 4742 qui
2512 4674 2736 4729 fortasse
2765 4673 2852 4728 ille
2882 4673 2982 4728 fuit
3009 4673 3182 4743 quiin
3216 4673 3420 4729 eisdem
3449 4673 3631 4731 Gestis
3662 4677 3768 4731 Au—

2184 4745 2428 4811 zagensis
2455 4745 2677 4810 dicitur;
2707 4753 2763 4799 et
2789 4745 2927 4799 sicut
2955 4760 3143 4800 omnes
3170 4745 3260 4798 alii
3292 4745 3349 4798 in
3370 4744 3462 4800 illa
3483 4746 3768 4802 collatione

2181 4826 2492 4887 praesentes,
2525 4831 2754 4886 quorum
2781 4815 2956 4870 nullus
2985 4824 3210 4887 apparet
3232 4815 3438 4886 absque
3467 4816 3572 4874 loci
3592 4819 3766 4874 nomi-

2179 4901 2266 4950 ne,
2294 4886 2446 4956 cujus
2474 4887 2756 4956 episcopus
2783 4887 3069 4941 diceretur.

2251 4957 2319 5041 fit
2347 4957 2621 5041 fuerintue
2642 4957 2870 5041 addititii
2890 4957 2965 5039 illi
2989 4957 3216 5041 novique
3261 4957 3524 5041 episcopi,
3555 4959 3608 5041 in

2177 5029 2369 5101 quibus
2389 5029 2626 5101 prmfecti
2665 5037 2836 5093 erant,
2881 5028 3126 5101 ejusdem
3154 5028 3500 5101 conditionis,
3531 5029 3768 5101 ejusdem

2175 5100 2388 5171 gradus,
2421 5099 2662 5169 ejusdem
2686 5100 3173 5171 auctoritatiscum
3193 5100 3382 5171 primis
3409 5099 3652 5157 veterino
3673 5118 3766 5158 se-

2172 5169 2318 5225 dium
2341 5171 2625 5241 episcopis,
2678 5171 2730 5224 in
2758 5185 2987 5240 quorum
3015 5169 3336 5226 dioecesibus
3364 5182 3526 5227 erant
3568 5173 3766 5229 consti-

2174 5243 2312 5314 iuti?
2359 5241 2825 5314 Addamﬂquoque
2868 5260 2881 5314 ς
2937 5241 3203 5314 fuerintne
3248 5242 3437 5313 plebes
3483 5243 3606 5305 illze,
3643 5258 3765 5314 qua:

2173 5311 2321 5384 hisce
2367 5312 2622 5367 addititiis
2650 5313 2916 5384 episcopis
2968 5311 3290 5384 concredita:
3327 5311 3767 5384 conspiciuntur?

2174 5381 2443 5438 fuerintne
2482 5392 2562 5438 tot
2609 5381 2760 5440 nova:
2796 5381 3056 5440 dimceses
3101 5383 3344 5452 ejusdem
3387 5381 3595 5440 ordinis
3640 5401 3767 5441 cum

2217 5455 2445 5525 rimzevis
2467 5455 2588 5516 illis,
2613 5455 2667 5509 in
2695 5470 2921 5525 quarum
2950 5455 3069 5510 sinu
3090 5457 3388 5512 consistere
3408 5455 3728 5512 videbantur
3741 5456 3767 5510 2

2229 5541 2293 5580 oc
2319 5526 2535 5595 quidem
2561 5527 2730 5580 visum
2759 5526 3045 5596 plerisque,
3067 5527 3261 5595 quibus
3286 5527 3592 5584 dimceseon
3617 5525 3764 5580 Afri-

2174 5613 2429 5670 canarum
2454 5599 3029 5670 ingentemnumerum
3044 5597 3298 5670 colligere
3325 5598 3529 5670 placuit
3576 5613 3639 5670 ex
3676 5605 3765 5670 tot

2170 5669 2544 5739 episcoporum
2588 5668 2913 5740 nominibus,
2944 5668 3036 5740 qui
3062 5668 3472 5740 cum_adjtincto
3499 5669 3600 5726 loci
3641 5668 3762 5740 epi-

2170 5737 2400 5809 scopalis
2428 5755 2617 5809 eorum
2643 5755 2788 5794 cura:
2809 5739 2862 5794 in
2887 5737 3149 5794 Africana:
3168 5737 3424 5798 Ecclesia:
3447 5740 3594 5797 Actis
3619 5737 3761 5795 coh-

2169 5808 2481 5884 spiciuutur.
2518 5808 2589 5866 Ut
2616 5826 2746 5868 vero
2782 5825 2962 5871 meam
2990 5810 3105 5884 ipse
3131 5813 3457 5870 sententiam
3482 5810 3762 5871 conﬁden-
