3936 6368
249 314 340 372 975

909 297 969 357 Ρ.
1009 297 1283 386 annos;
1329 295 1786 356 DlSSERTATlO

1927 301 1985 358 S.
2028 295 2350 358 NICETAM.
2384 331 2453 344 --
2482 301 2637 362 CAP.
2677 305 2768 362 Vl.

3363 308 3468 365 974

247 391 460 486 Ecclesia
485 418 843 491 episcopatum
867 422 1149 491 gerentes;
1179 423 1235 472 et
1270 430 1432 472 causa
1471 415 1616 471 nulla
1656 431 1785 491 pro-
1812 421 1867 486 Α
1888 415 2221 491 Christianos
2240 419 2387 491 ipsos
2405 420 2790 490 procurandas,
2808 419 2929 477 loco
2949 416 3190 491 cpiscOpi
3208 420 3374 478 totius
3392 439 3472 480 re-

246 493 465 558 babilior,
487 486 622 546 nulla
649 486 816 556 magis
836 486 1124 542 conformis
1151 501 1338 542 eorum
1361 486 1789 558 temporum’dis-

248 557 650 640 eiplinag,uquam
679 559 752 612 ita
781 558 971 640 dictos,
1013 559 1146 640 quia
1179 559 1231 640 in
1260 558 1586 640 ampiissima
1623 557 1790 640 Aquit:

247 627 412 696 leiensi
440 627 647 688 didecesi
669 629 973 702 una‘simui
1013 627 1210 684 fuerint
1237 627 1522 684 auxiliares
1550 627 1788 702 episcopi

246 712 367 766 illius
389 703 474 773 qui
502 711 625 756 tunc
652 697 1077 773 Aquileiensium
1083 714 1346 773 _summus
1365 697 1786 773 _esset_aiitistes,

277 768 461 844 uisquis
485 768 821 844 demumjlle
848 768 1174 844 fuerit._Hoc
1203 785 1333 844 vero
1362 770 1487 844 ind_e
1520 770 1639 844 ipse
1661 786 1791 826 con-

302 837 398 911 ωδ,
421 843 556 899 unde
576 857 669 896 eos
691 840 768 896 De
787 839 986 896 Rubeis
1005 840 1071 894 ab
1092 839 1417 911 Aquileiensi
1438 837 1674 894 Ecclesia
1698 857 1792 896 ex-

243 909 436 976 cludere
459 911 889 984 conabatu_r.Ait
917 912 1049 984 ipse,
1074 913 1217 984 quod
1253 909 1626 984 Iheodoretus
1653 911 1790 984 libro

243 1001 292 1049 ιη
313 985 675 1043 Ηίετειίοπυω
702 979 1042 1047 Fabularum,
1067 982 1244 1051 capite
1266 979 1298 1032 5
1325 990 1549 1049 asserat,
1585 989 1692 1036 tres
1722 982 1789 1036 il-

245 1063 318 1116 los
350 1054 621 1112 Novatiani
657 1051 1199 1125 ordinatoresfuisse
1242 1052 1539 1125 πολιχνίῳν,
1589 1051 1794 1125 scilicet

242 1124 908 1200 oppidalarum,_antistiles.
940 1143 958 1200 ς
995 1121 1156 1200 Atqui
1185 1139 1291 1177 non
1321 1121 1650 1200 oppiduliim,
1675 1124 1794 1178 sub-

242 1193 308 1257 dit
326 1199 403 1252 vir
418 1195 756 1258 clarissimus,
781 1209 888 1248 non
914 1193 1262 1258 civitatulam,
1287 1193 1380 1248 sed
1409 1193 1792 1258 amplissimam

243 1271 486 1326 civitatem
507 1265 780 1330 exhibent,
799 1281 861 1319 ac
882 1263 1127 1318 laudibus
1147 1271 1340 1319 ornant
1364 1263 1663 1334 Aquileiam
1684 1281 1792 1319 uno

242 1341 481 1397 consensu
507 1337 795 1405 scriptores
828 1335 1126 1406 lloiejus
1155 1336 1344 1406 aetatis.
1380 1355 1398 1387 ι
1428 1333 1643 1405 Optime
1671 1336 1792 1404 qui-

243 1413 363 1474 dem,
419 1414 475 1462 ut
522 1404 802 1460 Marcellus
830 1404 922 1459 _et‘
951 1404 1259 1460 Alexander
1304 1406 1370 1460 ab
1418 1404 1792 1475 episcoporum

243 1478 636 1548 Aquileiensium
663 1477 910 1544 catalogo
939 1484 1223 1548 arceantur
1264 1476 1406 1548 :Ased
1434 1477 1792 1548 optimeque-

241 1546 347 1620 que,
370 1547 595 1620 acyalde
615 1548 877 1620 apposite,
901 1555 960 1620 ut
988 1547 1146 1620 iidem
1177 1546 1611 1620 intelliganturin
1632 1546 1794 1620 Aqui-

241 1616 405 1675 lciensi
427 1616 662 1674 Ecclesia
695 1619 936 1688 episcopi
967 1616 1252 1688 auxiliares
1281 1633 1311 1671 a
1341 1617 1596 1688 primario
1624 1618 1792 1671 antis-

241 1693 322 1745 tite
347 1690 442 1745 hac
475 1689 599 1743 illac
621 1687 1038 1758 per’Dimcesem
1068 1687 1327 1742 latissime
1348 1687 1628 1758 patentem
1660 1688 1792 1742 mis-

241 1767 294 1823 si,
315 1769 364 1814 et
387 1760 440 1813 in
468 1757 725 1828 oppidalis
754 1758 981 1812 fortasse
1013 1758 1175 1811 etiam
1205 1757 1324 1822 siti;
1354 1757 1446 1828 qui
1477 1767 1653 1812 tamen
1685 1773 1792 1812 non

242 1811 1059 1954 iiiu‘loéappridulorumhorumce
1087 1811 1391 1896 ignotorimi
1420 1811 1797 1898 nuncuparen-

242 1911 384 1954 tur.'s
485 1900 828 1954 amplissimae
864 1915 927 1953 ac
964 1898 1326 1954 celeberrimm
1354 1899 1604 1954 civitatis.
1647 1900 1800 1954 cuius

242 1898 451 1966 tur,'sed
475 1898 828 1969 amplissimae
864 1915 927 1953 ac
964 1898 1326 1954 celeberrimm
1354 1899 1604 1964 civitatis,
1647 1900 1800 1968 cujus

241 1973 472 2042 episcopo
499 1970 882 2042 inserviebam.
913 1969 1228 2042 Christiana
1257 1983 1345 2024 res
1385 1970 1630 2042 profecto
1673 1977 1800 2042 tunc

242 2040 473 2112 temporis
488 2041 749 2112 exigebat
792 2040 1023 2112 maxime
1059 2047 1117 2093 ut
1146 2040 1519 2112 episcoporum
1557 2040 1802 2112 ministe-

240 2115 360 2168 rium
385 2111 627 2166 ﬁdelibus
655 2111 965 2180 frequenter
997 2125 1051 2163 in
1071 2111 1447 2180 persecutione
1475 2111 1664 2180 positis
1693 2127 1800 2165 non

240 2184 426 2238 deesset
457 2199 468 2234 :
497 2189 552 2236 et
582 2179 767 2236 adhuc
786 2181 1020 2235 distabat
1047 2179 1285 2236 Ecclesia
1313 2179 1380 2234 ab
1407 2180 1499 2234 illa
1526 2181 1673 2251 pacis
1711 2197 1799 2236 se-

240 2254 460 2318 curitate,
493 2253 548 2306 in
578 2267 685 2322 qua
723 2259 912 2322 postea
948 2252 1239 2306 constituta
1272 2252 1597 2322 prospicere
1627 2253 1801 2322 potuit

240 2324 400 2378 decori
427 2320 747 2394 episcopalis
775 2322 988 2391 fastigii,
1026 2320 1320 2394 decernetis
1354 2320 1644 2394 insynodd
1670 2320 1800 2376 Sar-

240 2394 416 2464 dicensi
443 2393 689 2461 aliisque,
716 2401 899 2447 utnon
929 2395 1003 2464 ita
1028 2392 1229 2463 passim
1258 2393 1312 2446 in
1341 2392 1488 2464 pagis
1518 2393 1600 2446 vel
1629 2394 1802 2464 parvis

239 2463 443 2528 urbibus,
481 2465 762 2532 multoque
791 2465 966 2518 minus
994 2461 1047 2518 in
1085 2465 1264 2518 viculis
1289 2461 1347 2518 et
1362 2461 1797 2534 possessionibus,

240 2535 314 2588 vel
335 2535 569 2589 obscuris
600 2541 654 2588 et
682 2534 934 2588 solitariis
959 2535 1252 2604 municipiis
1287 2533 1525 2603 epiScopi
1562 2533 1801 2588 colloca-

241 2613 424 2665 rentur,
447 2605 520 2659 uti
550 2611 712 2658 antea
739 2605 983 2658 vidimus.

303 2673 470 2742 Pergit
491 2676 570 2730 De
595 2675 812 2741 Rubeis,
838 2683 892 2729 et
911 2673 1218 2729 Cornelium
1237 2689 1433 2743 papam
1461 2672 1666 2728 inducit
1685 2687 1803 2727 nar-

303 2689 470 2742 rergit
491 2689 570 2730 ue
595 2689 812 2741 stupens,
838 2689 892 2729 et
911 2689 1218 2729 Cornelium
1278 2689 1433 2743 apam
1461 2689 1666 2728 mouent
1685 2689 1803 2727 nar-

243 2753 430 2819 rantem
474 2747 526 2799 in
557 2745 800 2819 epistola
839 2746 915 2819 ad
952 2744 1173 2819 Fabium
1218 2689 1630 2819 filiiCCheiljlm!
1663 2743 1804 2814 apud

241 2815 525 2882 Eusebium,
557 2813 696 2869 Hist.
730 2815 934 2870 Ecclcs.
968 2815 1106 2869 libro
1133 2831 1202 2880 v1,
1247 2816 1421 2886 capite
1467 2813 1553 2880 45,
1597 2813 1731 2886 duos
1773 2829 1803 2868 a

241 2886 516 2942 Novatiano
536 2887 832 2956 deploratae
848 2887 1032 2940 salutis
1052 2886 1296 2958 homines
1315 2885 1506 2939 missos
1526 2887 1598 2958 si;
1617 2885 1803 2958 βρᾳχύ

241 2978 284 3032 τι
308 2959 466 3032 μέρος,
502 2961 594 3013 καὶ
620 2959 892 3032 ἐλάχιστον
931 2965 1024 3016 τῆς
1062 2957 1299 3032 Ἰτᾳλξας,
1330 2969 1450 3032 qua:
1480 2956 1662 3032 _verba'
1690 2956 1805 3024 ipse

240 3025 606 3099 interpretatur
628 3029 684 3082 in
707 3025 993 3099 angustam,
1017 3035 1066 3079 et
1085 3025 1556 3099 minimamltaliaa
1574 3033 1804 3099 partem;

242 3113 300 3152 ex
324 3095 422 3166 qua
451 3098 684 3153 Romam
713 3095 822 3152 tres
844 3099 1264 3166 perducerentur
1288 3096 1544 3166 episcopi,
1568 3095 1659 3164 qui
1688 3111 1804 3150 ma-

242 3184 330 3249 piis
344 3165 443 3238 ipsi
462 3169 824 3249 imponerent:
848 3165 880 3249 7i
902 3168 982 3221 An
1003 3183 1152 3231 vero,
1175 3165 1368 3249 subdit.
1378 3165 1803 3249 Aquileiensium
1834 3183 1880 3249 ρ

240 3235 693 3308 Mondmentorum
722 3239 970 3308 scriptor,
996 3253 1062 3291 an
1083 3253 1214 3292 vero
1236 3235 1492 3306 Aquileia:
1520 3245 1575 3292 et
1596 3236 1807 3292 Tiburis

240 3307 364 3378 ioca,
391 3323 508 3378 qum
555 3318 668 3364 tam
709 3307 867 3376 longe
907 3310 1120 3376 lateque
1161 3308 1380 3371 distant,
1423 3307 1562 3362 intra
1598 3315 1808 3378 partem

241 3376 717 3448 Italiae—angustam
772 3388 828 3434 et
874 3379 1150 3432 minimam
1203 3378 1499 3444 contineri,
1539 3376 1806 3448 quispiam

240 3449 417 3504 dixerit
436 3453 526 3519 qui
556 3465 692 3505 sana
721 3458 901 3504 mente
929 3449 1166 3519 polleat?
1194 3469 1212 3502 ι
1241 3449 1356 3503 Non
1388 3448 1635 3519 equidem
1657 3449 1807 3504 dixe-

242 3520 332 3573 rim
351 3517 610 3590 Aquileia:
639 3529 694 3575 et
723 3517 943 3574 Tiburis
963 3521 1078 3575 loca
1108 3521 1247 3573 intra
1276 3517 1474 3590 partem
1505 3517 1680 3590 Iialiae
1713 3535 1810 3572 an-

241 3588 424 3670 gustam
443 3601 494 3670 ει
517 3592 794 3670 minimam
821 3588 1428 3670 confinemseti‘e'tiam,
1461 3597 1520 3644 ut
1545 3588 1810 3670 Vallesius

241 3659 321 3724 ibi,
361 3669 414 3715 et
439 3660 792 3716 Constantius
832 3661 887 3714 in
915 3659 1168 3729 Epistolis
1197 3659 1563 3732 Romanorum
1596 3661 1812 3732 pontiﬁ-

242 3747 350 3784 cum
391 3732 834 3802 interpretantur,
863 3733 1104 3802 exiguam
1143 3747 1204 3784 ac
1239 3731 1537 3786 vilissimam
1577 3731 1605 3785 :'
1637 3732 1812 3802 dicam

242 3809 402 3857 tamen
442 3801 685 3858 veterem
704 3871 711 3872 ί
732 3801 962 3856 Eusebii
997 3801 1240 3856 Historia:
1277 3803 1626 3872 interpretem
1658 3801 1811 3856 Ruﬁ-

242 3887 374 3943 num,
403 3873 470 3927 ab
507 3874 632 3943 ipso
669 3871 908 3926 Vallesio
949 3873 1002 3926 in
1044 3874 1184 3928 notis
1212 3873 1380 3943 etiam,
1412 3871 1478 3926 ad
1507 3874 1814 3942 caput‘hoc

242 3941 498 3997 laudatum
519 3941 547 4010 ς’
582 3943 852 4009 Ruﬁnum,
897 3943 1130 4012 inquam,
1167 3958 1234 3997 ex
1262 3942 1497 3997 editione
1531 3941 1809 4009 cacciarii,

241 4011 365 4084 libro
396 4030 480 4084 vr,
525 4015 706 4084 capite
751 4014 838 4078 55,
885 4011 1219 4068 Corneliana
1255 4013 1496 4081 epistolae
1533 4014 1696 4068 verba
1740 4013 1814 4068 ita

241 4083 540 4149 reddidisse,
575 4092 636 4138 ut
671 4099 781 4139 non
809 4093 1091 4154 angustam,
1110 4091 1162 4137 et
1189 4084 1478 4149 minimam,
1500 4099 1678 4154 peque
1705 4085 1815 4138 exi-

243 4169 382 4223 gum
409 4169 474 4208 ac
509 4155 835 4220 vilissimum,
867 4151 960 4209 sed
987 4153 1166 4224 potius
1200 4151 1662 4224 remotamgitaliw
1689 4171 1815 4224 par:

359 4224 583 4290 diceret,
629 4239 696 4279 ex
723 4239 829 4293 qua
871 4225 1027 4278 acciti
1072 4223 1286 4279 fuerunt
1315 4232 1422 4278 tres
1465 4222 1540 4294 illi
1576 4222 1819 4294 episcopi

241 4291 516 4348 Novatiani
545 4291 901 4349 ordinaiores.
927 4295 1109 4348 Dicam
1136 4307 1352 4362 quoque
1369 4292 1533 4347 verba
1553 4291 1643 4348 illa
1671 4291 1819 4348 Grae-

243 4378 318 4427 ca,
339 4379 458 4434 quae
485 4381 630 4420 nunc
651 4367 703 4418 in
729 4373 876 4419 textu
906 4360 1169 4434 apparent
1192 4360 1527 4435 Corneliana:
1556 4365 1814 4435 epistolae,

242 4447 455 4503 qumque
490 4437 571 4506 De
601 4436 800 4490 Rubeis
833 4436 900 4488 ad
929 4436 1164 4489 litteram
1191 4434 1354 4506 vertit
1377 4437 1432 4488 in
1471 4434 1743 4506 angustam
1769 4443 1821 4488 et

243 4507 504 4560 minimam
535 4505 710 4561 [latim
737 4512 956 4576 partem,
1002 4505 1300 4560 accuratius
1341 4505 1585 4576 fortasse,
1618 4514 1672 4558 et
1699 4520 1818 4559 ma-

243 4575 316 4641 gis
337 4576 400 4628 ad
423 4577 663 4632 auctoris
689 4567 949 4641 mentem,
965 4591 1119 4630 versa
1143 4575 1306 4630 fuisse
1327 4575 1468 4645 apud
1487 4567 1819 4630 Cacciarium
1845 4567 1899 4628 D
1922 4576 2209 4646 depulisse,
2232 4575 2444 4646 ratione
2471 4573 2633 4646 etiam
2655 4573 2722 4646 ab
2747 4588 2816 4646 ea
2839 4567 3051 4646 diversa
3079 4588 3195 4646 qua
3215 4572 3283 4627 de
3311 4569 3515 4646 Rubeis
3607 4605 3615 4638 ρ

1924 4639 2052 4701 usus
2079 4639 2208 4712 fuit;
2241 4645 2404 4702 salvis
2435 4644 2641 4701 scilicet
2661 4643 3020 4713 Aquileiensis
3050 4639 3288 4713 eiusdem
3323 4639 3514 4713 Ec_cle-_
3609 4669 3612 4672 ~

2776 4714 3044 4780 exandro,
3083 4711 3179 4782 qui
3207 4726 3314 4768 una
3351 4711 3516 4782 simul
3610 4765 3614 4770 ,

244 4645 408 4713 ipsum
439 4648 495 4702 in
526 4647 668 4701 notis
693 4647 762 4700 ad
788 4647 932 4701 hunc
961 4647 1153 4712 locum,
1179 4654 1239 4700 ut
1258 4647 1477 4701 daretur
1496 4646 1718 4714 intelligi
1751 4661 1818 4701 ex

243 4717 462 4771 minimis
487 4717 664 4772 Italiae
683 4716 886 4788 angulis
905 4725 1015 4770 tres
1035 4717 1154 4770 illos
1168 4715 1452 4788 episcopos
1474 4732 1501 4770 a
1518 4716 1820 4788 Novatiano

243 4795 458 4842 vocatos
486 4789 670 4843 fuisse.
697 4787 827 4854 Quis
857 4801 985 4840 vero
1013 4788 1282 4842 inlicietur
1309 4787 1607 4856 Aquileiam
1634 4802 1698 4842 ac
1726 4787 1825 4842 cir-

244 4858 632 4924 cumjacentem
669 4857 925 4912 ditionem
969 4857 1127 4911 sitam
1170 4873 1288 4912 esse
1333 4860 1388 4912 in
1425 4868 1622 4912 remota
1650 4856 1824 4911 Italia:

245 4933 404 4992 parte,
437 4937 554 4981 tum
581 4929 793 4983 ratione
817 4928 998 4982 habita
1029 4929 1096 4983 ad
1125 4927 1420 4983 Romanam
1451 4929 1636 4982 urbem
1656 4927 1824 4982 veluti

248 4993 298 5046 in
327 4997 508 5070 medio
537 4997 702 5052 Italiae
719 4999 966 5070 positam,
999 5007 1110 5053 tum
1139 5013 1208 5053 ex
1233 5000 1424 5068 seipsa,
1457 5013 1576 5070 qute
1612 4999 1675 5054 ad
1712 5013 1829 5068 sep-

249 5068 605 5135 tentrionem,
647 5068 910 5124 orientem
952 5085 1156 5132 versus,
1207 5078 1449 5124 extrema
1502 5069 1665 5124 Italiae
1710 5069 1828 5123 est?

248 5131 430 5210 Quoad
459 5131 678 5210 angelos
707 5147 906 5203 autem,
935 5154 1042 5208 quo
1081 5131 1296 5194 nomine
1335 5140 1453 5194 loca
1487 5142 1709 5195 veniunt
1737 5146 1830 5193 aut

246 5205 453 5285 mincra
484 5205 577 5263 aut
597 5210 759 5285 etiam
780 5205 998 5285 minima
1017 5211 1073 5264 in
1093 5211 1348 5285 extremis
1368 5210 1830 5285 plerumquepro-

248 5278 546 5356 vinciarum
570 5281 694 5356 _s_ita_,
725 5293 844 5349 quae
871 5280 1088 5356 quidem
1126 5282 1180 5356 in
1214 5278 1548 5350 quacumque
1587 5278 1825 5356 regione,

251 5350 407 5419 etiam
439 5350 768 5418 amplissima
791 5366 853 5405 ac
879 5351 1249 5419 celeberrima,
1282 5366 1570 5419 numquam
1601 5351 1826 5416 desunt;

250 5418 469 5490 angalos
497 5423 647 5475 certe
675 5421 838 5475 etiam
864 5418 1286 5490 Aquileiensium
1313 5418 1462 5490 regio
1491 5422 1737 5476 habuisse
1757 5421 1833 5475 di-

250 5488 418 5542 cenda
438 5496 552 5562 est;
576 5490 692 5546 loca
715 5488 1007 5561 nempe,_et
1024 5493 1092 5547 ab
1110 5488 1437 5562 Aquileieiisi
1459 5492 1589 5547 urbe
1620 5492 1827 5558 dissita,

251 5560 639 5632 ciconditione
658 5560 870 5632 situque
897 5563 1138 5630 humilia,
1162 5560 1217 5618 ét
1238 5564 1384 5618 nullo
1413 5563 1632 5618 nomine
1661 5563 1825 5632 clara,

366 5629 680 5709 fortasseet
705 5627 952 5709 tempore
971 5627 1402 5709 persecutionum
1429 5632 1718 5709 Christiani
1750 5631 1832 5686 fa-

253 5697 405 5777 cilius
431 5715 500 5757 ac
527 5697 1111 5777 tutius_delitescereiit,
1137 5714 1191 5760 et
1217 5707 1454 5777 episcopi
1488 5708 1739 5770 minores,
1775 5711 1836 5777 ui

1891 488 2084 564 gionis,
2115 489 2206 564 qui
2237 488 2436 564 ubique
2467 500 2664 564 praesto
2691 504 2813 564 esse
2837 506 2949 564 non
2977 488 3219 564 poterat,
3241 491 3471 564 Angulus

1892 560 2052 632 igitur
2071 559 2377 632 huiusmodi
2397 566 2452 632 et
2470 559 2598 632 ipsa
2607 560 2963 632 Aquileiensis
2978 559 3257 632 provincia
3277 559 3474 624 habue-

1893 629 1980 706 rit,
1999 638 2053 683 et
2073 629 2531 706 Romailinitimus
2556 629 2868 706 Tiburtinus
2887 629 3045 706 ager,
3060 632 3202 706 unde
3228 635 3472 706 episcopi

1893 701 1971 755 illi
2011 708 2121 754 tres
2162 715 2193 754 a
2221 699 2523 756 Novatiano
2549 698 3092 758 fmudulenteracCiti
3133 698 3303 759 fuere.
3334 698 3474 770 Quin

1893 773 2056 826 etiam
2084 773 2250 896 ιι,ιᾶ
2268 779 2322 826 et
2349 770 2639 826 litteralem
2666 773 2837 844 ipsam
2864 771 3036 829 (ἓηοὶ
3061 781 3258 840 textus,
3288 777 3380 844 qui
3420 777 3475 831 in

1893 841 2147 896 omnibus
2183 857 2214 896 e
2253 841 2507 896 itionibus
2543 843 2936 896 circumfertur.
2973 845 3474 896 illternretatiOnem

1893 855 2147 897 0111111008
2183 857 2214 896 8

1893 913 2270 984 admitiamps;
2302 919 2358 984 et
2384 921 2655 983 angustant
2683 922 2738 984 et
2764 915 3032 969 minimam
3057 912 3224 969 Italia:
3263 923 3476 984 partem

1894 997 2017 1056 cum
2058 981 2134 1056 De
2161 981 2394 1056 Rubeis,
2428 981 2584 1038 immo
2621 982 2863 1056 exiguam
2905 1001 2968 1040 ac
3009 981 3308 1056 vilissimum
3353 1001 3477 1046 cum

1893 1051 2130 1107 Vallesio
2152 1061 2317 1123 atque
2353 1051 2672 1108 Coustantio
2711 1051 3066 1123 proferamus,
3091 1055 3232 1109 unde
3261 1063 3370 1112 tres
3400 1058 3477 1118 illi

1897 1123 2134 1196 episcopi
2153 1122 2382 1196 Romam
2413 1123 2627 1196 dedgcti
2657 1122 2907 1196 fuerant:
2942 1125 3202 1196 noniinde
3237 1128 3478 1196 sequitur

1895 1191 2039 1263 quod
2082 1191 2350 1262 Aquileia:
2403 1208 2469 1249 ac
2515 1191 2730 1249 Tiburis
2781 1195 3012 1263 dignitas
3058 1191 3359 1263 huiusmodi
3410 1199 3479 1254 sit

1895 1264 2202 1328 vocabulis,
2247 1272 2436 1320 contra
2471 1264 2552 1319 rei
2597 1266 2906 1330 veritatem,
2963 1266 3328 1333 indignissime
3375 1270 3480 1329 mi-

1897 1335 2110 1388 nuenda
2165 1353 2177 1388 :
2230 1335 2325 1388 sed
2379 1335 2524 1388 quod
2559 1343 2614 1388 et
2655 1331 2814 1388 urbes
2857 1335 2987 1388 illm.
3043 1337 3288 1388 quamvis
3334 1338 3480 1388 cele-

1897 1351 2110 1389 nuenua
2165 1353 2177 1388 ζ

1897 1407 2159 1469 ὺριτὶιιιω,
2192 1405 2476 1460 habuerint
2515 1405 2570 1459 in
2608 1420 2794 1460 earum
2831 1406 3230 1474 circumjacenti
3277 1407 3481 1464 ditione

1898 1485 2142 1548 angustas
2190 1490 2270 1548 a_c_
2300 1475 2540 1548 minimas
2579 1483 2788 1546 partes,
2833 1475 2996 1548 immo
3041 1479 3254 1548 exiguas
3301 1491 3365 1534 ac
3404 1481 3481 1534 υί-

2253 841 2507 897 itionibus
2543 841 2936 912 circumfertur,
2973 841 3475 912 interpretatiOnem

2230 1335 2325 1390 sed
2379 1335 2524 1404 quod
2559 1343 2614 1390 et
2655 1331 2814 1390 urbes
2857 1335 2987 1402 illae,
3043 1331 3288 1404 quamvis
3334 1338 3480 1394 cele-

1899 1543 2119 1599 lissimas
2138 1585 2152 1610 ,
2185 1545 2277 1600 ubi
2303 1546 2543 1616 episcopi
2571 1543 2638 1602 eo
2668 1553 2909 1616 tempore
2936 1543 3162 1611 fuerint,
3193 1562 3329 1616 quos
3356 1549 3482 1604 sim-

1913 1616 2065 1684 plices
2109 1631 2174 1672 ac
2225 1631 2407 1687 rerum
2457 1615 2701 1686 ignaros,
2753 1616 2830 1672 uti
2877 1631 2972 1672 eos
3008 1615 3242 1687 appellat
3277 1615 3483 1674 Corne-

1923 1687 2002 1744 ius
2031 1701 2188 1757 papa,
2219 1684 2381 1742 facile
2408 1684 2644 1756 potuerit
2667 1702 2764 1757 per
2792 1687 3011 1757 nuntios
3044 1684 3202 1751 suos,
3245 1689 3486 1757 perditos

1903 1702 2002 1744 nus
2031 1702 2188 1756 papa,
2219 1702 2381 1742 racue
2408 1702 2644 1756 poment
2706 1703 2764 1742 er
2792 1702 3011 1742 nuntios
3056 1703 3202 1751 suos,
3245 1702 3479 1757 perditos

1903 1771 1967 1811 ac
1996 1756 2314 1828 vaferrimos
2347 1757 2626 1824 homines,
2655 1702 2906 1828 (recipere
2941 1756 3296 1826 Novatianus.
3329 1757 3479 1825 Quis,

1902 1827 2135 1896 exempli
2167 1827 2387 1900 gratia,
2424 1843 2543 1900 non
2591 1827 2860 1900 angustam
2908 1842 2973 1884 ac
3017 1830 3282 1884 minimam
3318 1829 3486 1885 Italiae

1942 1905 2131 1962 artem,
2165 1897 2328 1970 immo
2349 1899 2589 1970 exiguam
2611 1897 2677 1954 ac
2701 1899 3020 1970 vilissimum,
3052 1908 3302 1970 respectu
3330 1900 3488 1968 Aqui-

1923 1970 2018 2023 ciae
2043 1969 2265 2040 ejusque
2292 1967 2656 2027 ﬂorentissimi
2689 1970 2821 2039 agri,
2845 1969 3048 2040 dixerit
3071 1967 3200 2025 tunc
3227 1967 3488 2040 temporis

1901 2039 2066 2094 fuisse
2095 2047 2188 2093 aut
2215 2038 2468 2094 litteralia
2495 2038 2890 2107 mstuarierum,
2922 2049 3017 2094 aut
3039 2039 3093 2094 in
3123 2041 3252 2110 ipsis
3292 2038 3487 2096 astua-

1901 2111 1996 2164 riis
2026 2111 2228 2164 insulas
2256 2111 2470 2177 multas,
2505 2109 2649 2166 nulla
2679 2119 2808 2166 tunc
2850 2118 2997 2165 certe
3032 2109 3347 2166 celebritate
3386 2111 3487 2168 do-

1903 2188 2090 2250 natas;
2122 2195 2285 2248 quam
2315 2181 2685 2236 tantummodo
2735 2187 2923 2250 postea
2952 2181 3300 2235 obtinuerunt
3321 2219 3336 2246 ,
3367 2196 3490 2236 cum

1902 2265 1934 2305 e
1964 2249 2194 2322 Romani
2216 2250 2425 2322 imperii
2454 2250 2622 2322 ruinis
2642 2249 2954 2306 res’Veneta
2974 2265 3041 2322 ex
3061 2251 3213 2322 aquis
3231 2250 3490 2320 quodams

1903 2321 2065 2375 modo
2115 2321 2328 2376 illorum
2379 2321 2749 2376 :estuariorum
2795 2321 3050 2376 emersit?
3095 2321 3226 2377 Ouis
3269 2337 3377 2376 non
3423 2338 3491 2377 eo

1903 2392 2122 2446 nomine
2151 2391 2414 2460 intelligat
2441 2391 2707 2446 saltuosas
2741 2391 2902 2445 etiam
2937 2391 3062 2448 hinc
3090 2391 3234 2459 inde,
3261 2406 3325 2460 ac
3351 2391 3492 2460 pene

1905 2461 2206 2516 inaccessas
2233 2459 2469 2530 regionis
2491 2468 2691 2531 partes,
2723 2476 2858 2530 quas
2886 2461 3052 2515 etiam
3088 2477 3233 2531 nunc
3265 2459 3488 2531 Utinen-

1905 2532 1980 2587 sis
2006 2540 2192 2587 nostra
2219 2529 2467 2588 didacesis
2492 2529 2564 2587 ex
2609 2529 2938 2601 Aquileiensi
2985 2529 3236 2597 conﬂata,
3269 2529 3493 2588 Germa-

1905 2602 2051 2656 niam
2080 2617 2267 2657 versus
2309 2611 2364 2657 et
2403 2601 2676 2666 Noricum,
2713 2601 3128 2672 complectitur?
3157 2601 3311 2656 Nulla
3336 2603 3495 2672 igitur

1905 2671 2192 2728 diﬂicultas
2221 2679 2322 2735 est,
2355 2673 2496 2727 ratio
2527 2672 2670 2726 nulla
2700 2687 2818 2740 quae
2844 2671 3006 2738 cbsit,
3037 2672 3325 2740 quominus
3353 2671 3494 2730 Mar-

1903 2743 2072 2797 cellus
2099 2748 2154 2814 et
2191 2743 2515 2814 Alexander,
2548 2741 2918 2814 Aquileienses
2947 2742 3186 2814 episcopi
3217 2743 3490 2812 appellati,

1905 2827 2098 2882 reapse
2125 2812 2496 2882 Aquileienses
2515 2811 2989 2884 episcopi'i'uerint
3008 2813 3200 2869 eodem
3227 2811 3493 2884 tempore,

1907 2881 2160 2938 nimirum
2182 2881 2471 2938 auxiliares
2499 2881 2738 2953 episcopi
2776 2883 2832 2937 in
2860 2881 3217 2952 Aquileiensis
3246 2881 3498 2940 Ecclesiae

1907 2953 2043 3010 locis
2064 2955 2264 3009 dissitis
2289 2959 2451 3024 atque
2483 2955 2707 3009 remotis
2731 2954 3009 3009 constituti
3036 2970 3136 3024 pro
3163 2953 3496 3023 Aquileiensi

1909 3025 2185 3095 episcopo,
2215 3025 2309 3095 qui
2338 3031 2466 3082 tunc
2503 3024 2809 3080 universam
2835 3032 3049 3093 regeret
3085 3024 3193 3080 late
3221 3033 3499 3095 patentem

1909 3095 2310 3165 Aquileiensem
2336 3096 2634 3164 regionem.

1982 3165 2206 3220 Aiebam
2233 3182 2364 3221 vero
2405 3166 2681 3236 superius,
2713 3165 2962 3290 (Eiidquid
3005 3166 3073 3219 sit
3119 3165 3183 3228 de
3218 3166 3379 3290 facti,
3410 3183 3501 3220 seu

1982 3247 2169 3290 :torum
2197 3238 2438 3290 veritate.
2484 3251 2602 3290 qua:
2628 3235 2683 3290 in
2767 3235 3138 3290 ommentariis
3176 3236 3213 3290 il
3235 3237 3282 3290 is
3325 3251 3501 3290 enun—

1911 3238 2438 3310 factorumyeritatc,
2474 3235 2683 3310 quaein
2723 3235 3138 3310 Commentariis
3176 3235 3282 3310 illis
3325 3251 3501 3310 enun—

1910 3304 2132 3362 tiantur.
2161 3304 2428 3363 Convenit
2447 3304 2591 3362 enim
2613 3305 2754 3362 inter
2775 3307 3033 3372 eruditos,
3066 3322 3174 3361 non
3213 3307 3351 3362 duos
3379 3306 3502 3366 illos

1911 3379 2301 3448 Aquileienses
2313 3379 2598 3448 episcopos
2641 3378 2696 3432 in
2735 3375 3152 3448 Commentariis
3189 3377 3504 3432 Novatiana:

1911 3445 2072 3520 sectae
2101 3449 2243 3520 apud
2270 3445 2529 3520 Phoiiuni
2569 3456 2924 3520 memoratos,
2956 3455 3012 3502 et
3048 3445 3286 3520 fortasse
3326 3462 3506 3520 neque

1913 3517 2272 3585 Tiburtinum,
2323 3518 2419 3574 sed
2465 3518 2600 3572 alios
2647 3527 2778 3584 tres,
2827 3519 3149 3588 imposuisse
3199 3517 3502 3588 Novatiano

1911 3605 2135 3654 manus;
2158 3604 2386 3658 quorum
2413 3587 2549 3643 duos
2564 3588 2725 3643 iidem
2747 3587 2942 3644 eruditi
2963 3589 3262 3652 nominant,
3283 3587 3505 3658 Trophi-

1913 3677 2080 3726 mum,
2109 3657 2270 3730 atque
2292 3659 2616 3730 Evaristum.
2640 3659 2892 3730 Fortasse
2910 3674 3095 3730 neque
3117 3659 3176 3730 bi
3203 3659 3312 3714 duo
3337 3657 3507 3727 Aqui-

1914 3731 2145 3787 leienses
2184 3727 2433 3800 episcopi
2476 3728 2760 3800 Marcellus
2797 3736 2854 3784 et
2893 3727 3196 3784 Alexander
3240 3743 3310 3782 ex
3352 3737 3508 3798 parte

1915 3801 2199 3857 Novatiani
2219 3798 2475 3868 umquam
2495 3798 2712 3868 fuerint,
2737 3813 2915 3868 neque
2938 3806 3234 3854 conventus
3255 3813 3361 3853 una
3383 3809 3508 3854 cum

1917 3873 2010 3927 illo
2040 3871 2226 3926 Romae
2255 3869 2666 3937 celebraverint,
2697 3869 2778 3925 uti
2815 3869 3201 3937 Commentarii
3236 3877 3506 3924 asserunt.

1917 3942 2290 4012 Aquileienses
2317 3941 2415 3996 hos
2452 3940 2589 4012 duos
2628 3935 2751 3996 cum
2798 3937 3080 3996 Tiburtino
3113 3935 3509 4012 Commentarii

1917 4009 2000 4068 illi
2036 4011 2387 4082 proculdubio
2419 4009 2824 4082 adhibuerung,
2871 4016 2930 4082 ut
2969 4023 3041 4082 ex
3069 4009 3401 4078 amplissima
3434 4016 3507 4082 ct

1917 4077 2354 4153 iere—apostolica
2401 4080 2730 4153 A_quileiensi
2775 4077 3048 4153 Ecclesia,
3080 4077 3244 4148 atque
3290 4094 3358 4134 ex
3399 4078 3507 4133 alia

1919 4149 2108 4208 Romai
2132 4153 2399 4223 proxima,
2424 4149 2923 4223 Novatianteisecta:
2948 4149 3209 4205 honorem
3239 4157 3297 4204 et
3322 4156 3510 4223 aucto-

1917 4217 2560 4292 ritatem-quodammodo
2587 4221 2959 4292 conciliarent,
2992 4234 3059 4274 eo
3087 4234 3311 4292 prorsus
3340 4217 3504 4292 modo

1918 4308 2027 4363 quo
2055 4289 2196 4348 falso
2207 4294 2373 4348 etiam
2394 4291 2744 4363 ostentabant
2764 4289 3120 4363 Novatianum
3143 4290 3309 4363 gelati
3327 4289 3512 4363 catho-

1920 4358 2083 4435 licum
2108 4363 2293 4435 Romae
2319 4361 2631 4435 episcopum
2663 4362 2730 4435 ab
2744 4358 3397 4435 AlexandrinaEcclesia
3412 4359 3512 4414 ha—

1919 4434 2089 4489 bitum
2115 4432 2298 4500 fuisse,
2325 4428 2405 4488 uti
2426 4428 2717 4488 cit—eodem
2744 4430 2940 4500 Photio
2970 4430 3334 4500 intelligimus.
3361 4428 3509 4488 Prae-

1923 4511 2029 4560 stat
2082 4499 2295 4561 interim
2351 4503 2492 4560 hanc
2535 4503 2715 4558 labem
2765 4503 2832 4558 ab
2884 4499 3214 4571 Aquileieusi
3270 4500 3514 4571 Ecclesia

1926 4719 2020 4772 sia:
2041 4717 2306 4788 episcopis
2338 4715 2597 4788 Marcello
2623 4723 2681 4770 et

1928 4803 1993 4842 ea
2029 4779 2188 4842 ae'tate
2215 4779 2517 4842 Auxiliares
2545 4787 2599 4841 in
2627 4787 2818 4841 eadem
2845 4784 3088 4841 Ecclesia
3105 4779 3364 4852 episcopi
3391 4779 3513 4835 fue-

1927 4859 2055 4922 rint,
2087 4872 2421 4926 quorumque
2442 4873 2635 4912 munus
2655 4857 2788 4912 inibi
2808 4856 2998 4912 eodem
3012 4860 3262 4926 tempore
3280 4859 3513 4920 gestum,

1931 4922 2151 4982 minime
2196 4922 2428 4996 pugnat,
2459 4927 2538 4982 uti
2575 4928 2822 4992 vidimus,
2854 4940 2975 4981 cum
3012 4922 3284 4978 historicis
3317 4937 3517 4996 mpnu-
3611 4922 3616 4928 ’

1931 4999 2128 5053 mentis
2153 4990 2366 5053 illorpm
2393 4990 2714 5067 temporum,
2745 4990 3038 5067 quinime
3067 5009 3189 5050 cum
3211 5001 3329 5067 arte
3355 4990 3518 5067 falsa-

1933 5069 2138 5124 riorum
2177 5068 2378 5137 optime
2403 5062 2531 5123 facit
2555 5085 2569 5120 :
2594 5075 2650 5137 et
2677 5062 2821 5137 nunc
2850 5064 3062 5137 adialia‘
3086 5062 3507 5137 procedendum.

2001 5138 2146 5193 Inter
2204 5133 2547 5208 pmclariora
2602 5135 2883 5208 Ecclesiae
2907 5133 3267 5208 Aquileiensis
3313 5147 3510 5208 maliti-

1931 5217 2132 5276 menta,
2163 5200 2339 5264 exStat
2364 5208 2651 5276 concilium
2675 5205 2935 5276 Aquileia:
2956 5200 3198 5276 habitum
3222 5200 3514 5276 ξαππς-581,
3534 5217 3564 5263 κ’

1932 5269 2191 5336 adversus
2219 5277 2512 5334 Palladium
2539 5287 2596 5335 et
2620 5269 3027 5331 Sectindianum'
3053 5275 3109 5328 in
3135 5273 3300 5329 Dacia
3325 5269 3548 5327 Cisda-~

1929 5351 2167 5406 nubiana
2215 5350 2533 5420 episcopos,
2587 5347 2800 5420 Arianae
2848 5345 3140 5420 impietatis
3187 5351 3548 5420 scciatores;

1931 5421 2076 5492 quod
2103 5413 2286 5476 videre
2306 5413 2468 5492 estin
2497 5413 2994 5492 Conciliis_Labbei,
3030 5416 3172 5492 curis
3191 5413 3518 5492 _Co_leti,_io-

1931 5483 2023 5548 mo
2051 5491 2116 5556 ll,
2153 5492 2255 5548 col.
2300 5489 2456 5554 1165,
2488 5497 2542 5544 et
2569 5490 2708 5544 inter
2747 5485 2948 5558 Opera,
2970 5487 3142 5540 sancti
3175 5483 3448 5558 Ambrosii
3478 5498 3523 5558 _a

1938 5553 2193 5618 Maurinis
2219 5553 2494 5616 monachis
2537 5553 2815 5615 adornata:
2848 5556 3018 5627 Hujus
3053 5555 3266 5612 concilii
3292 5553 3525 5627 celebri-

1936 5640 2040 5700 tas,
2085 5649 2194 5688 non
2231 5632 2286 5686 in
2316 5646 2537 5685 numero
2571 5629 2788 5700 quidem
2818 5625 3213 5700 episcopcrum,
3239 5625 3424 5700 sedln
3444 5639 3524 5700 _eo

1940 5695 2175 5760 maxime
2211 5703 2313 5758 sita
2341 5707 2442 5767 est,
2485 5695 2630 5770 quod
2676 5695 3394 5770 insigniqres'illiusaetatis
3427 5695 3529 5770 do-

257 5761 332 5828 ἱῑα
349 5770 549 5841 dicam,
565 5775 940 5843 consisterent,
959 5777 1026 5831 ad
1046 5761 1318 5847 re'ligioiiis
1341 5761 1567 5848 (id-eique
1590 5761 1675 5833 res
1696 5761 1840 5845 apud
1944 5775 2117 5834 ctrina
2136 5789 2201 5831 ac
2237 5761 2524 5828 sanctitate
2564 5773 2719 5844 112
2745 5761 2847 5826 viri
2881 5766 3236 5824 Occidentalis
3271 5765 3528 5830 Ecclesia:
