  <div class='ocr_page' id='page_1' title='image "/cluster/home/n/w/nwhite01/storage/ocr_20150623/52/hvd.32044015706419/499.png"; bbox 0 0 3952 6358; ppageno 0'>
   <div class='ocr_carea' id='block_1_1' title="bbox 529 379 629 439">
    <p class='ocr_par' dir='ltr' id='par_1_1' title="bbox 529 379 629 439">
     <span class='ocr_line' id='line_1_1' title="bbox 529 379 629 439; baseline -0.06 0"><span class='ocrx_word' id='word_1_1' title='bbox 529 379 629 439; x_wconf 75' lang='lat'><strong>991</strong></span> 
     </span>
    </p>
   </div>
   <div class='ocr_carea' id='block_1_2' title="bbox 492 492 959 566">
    <p class='ocr_par' dir='ltr' id='par_1_2' title="bbox 492 492 959 566">
     <span class='ocr_line' id='line_1_2' title="bbox 492 492 959 566; baseline 0.002 -15"><span class='ocrx_word' id='word_1_2' title='bbox 492 511 504 520; x_wconf 79' lang='grc'><strong><em>“</em></strong></span> <span class='ocrx_word' id='word_1_3' title='bbox 529 492 804 553; x_wconf 76' lang='lat' dir='ltr'><strong>Venetiam</strong></span> <span class='ocrx_word' id='word_1_4' title='bbox 834 504 959 566; x_wconf 88' lang='lat' dir='ltr'><strong>atqu</strong></span> 
     </span>
    </p>
   </div>
   <div class='ocr_carea' id='block_1_3' title="bbox 529 562 2102 646">
    <p class='ocr_par' dir='ltr' id='par_1_3' title="bbox 529 562 2102 646">
     <span class='ocr_line' id='line_1_3' title="bbox 529 562 2102 646; baseline -0.004 -24"><span class='ocrx_word' id='word_1_5' title='bbox 529 569 743 646; x_wconf 90' lang='lat' dir='ltr'><strong>demum</strong></span> <span class='ocrx_word' id='word_1_6' title='bbox 782 567 862 646; x_wconf 67' lang='lat' dir='ltr'><strong>ad</strong></span> <span class='ocrx_word' id='word_1_7' title='bbox 897 562 1066 646; x_wconf 80' lang='lat' dir='ltr'><strong>ipsam</strong></span> <span class='ocrx_word' id='word_1_8' title='bbox 1105 567 1251 622; x_wconf 87' lang='lat' dir='ltr'><strong>orbis</strong></span> <span class='ocrx_word' id='word_1_9' title='bbox 1274 562 1632 646; x_wconf 48' lang='lat' dir='ltr'><strong>inetropolim</strong></span> <span class='ocrx_word' id='word_1_10' title='bbox 1677 562 1944 646; x_wconf 82' lang='lat' dir='ltr'><strong>ducebat;</strong></span> <span class='ocrx_word' id='word_1_11' title='bbox 1991 567 2045 646; x_wconf 47' lang='lat' dir='ltr'><strong>ent</strong></span> <span class='ocrx_word' id='word_1_12' title='bbox 2072 576 2102 615; x_wconf 92' lang='lat' dir='ltr'><strong>a</strong></span> 
     </span>
    </p>
   </div>
   <div class='ocr_carea' id='block_1_4' title="bbox 527 629 2105 706">
    <p class='ocr_par' dir='ltr' id='par_1_4' title="bbox 527 629 2105 706">
     <span class='ocr_line' id='line_1_4' title="bbox 527 629 2105 706; baseline -0.005 -14"><span class='ocrx_word' id='word_1_13' title='bbox 527 652 649 706; x_wconf 86' lang='lat' dir='ltr'><strong>qua,</strong></span> <span class='ocrx_word' id='word_1_14' title='bbox 681 645 792 693; x_wconf 91' lang='lat' dir='ltr'><strong>tum</strong></span> <span class='ocrx_word' id='word_1_15' title='bbox 825 629 1102 692; x_wconf 83' lang='lat' dir='ltr'><strong>Romatius</strong></span> <span class='ocrx_word' id='word_1_16' title='bbox 1138 652 1235 693; x_wconf 91' lang='lat' dir='ltr'><strong>seu</strong></span> <span class='ocrx_word' id='word_1_17' title='bbox 1274 629 1586 706; x_wconf 77' lang='lat' dir='ltr'><strong>Romatinus</strong></span> <span class='ocrx_word' id='word_1_18' title='bbox 1607 641 1817 706; x_wconf 87' lang='lat' dir='ltr'><strong>portus,</strong></span> <span class='ocrx_word' id='word_1_19' title='bbox 1853 629 2105 706; x_wconf 83' lang='lat' dir='ltr'><strong>tum__ﬂu-</strong></span> 
     </span>
    </p>
   </div>
   <div class='ocr_carea' id='block_1_5' title="bbox 527 702 2100 778">
    <p class='ocr_par' dir='ltr' id='par_1_5' title="bbox 527 702 2100 778">
     <span class='ocr_line' id='line_1_5' title="bbox 527 702 2100 778; baseline -0.003 -18"><span class='ocrx_word' id='word_1_20' title='bbox 527 702 661 774; x_wconf 80' lang='lat' dir='ltr'><strong>vius,</strong></span> <span class='ocrx_word' id='word_1_21' title='bbox 694 709 759 762; x_wconf 91' lang='lat' dir='ltr'><strong>ad</strong></span> <span class='ocrx_word' id='word_1_22' title='bbox 788 709 973 761; x_wconf 54' lang='lat' dir='ltr'><strong>laevam</strong></span> <span class='ocrx_word' id='word_1_23' title='bbox 995 707 1230 778; x_wconf 84' lang='lat' dir='ltr'><strong>ejusdem</strong></span> <span class='ocrx_word' id='word_1_24' title='bbox 1259 707 1358 760; x_wconf 66' lang='lat' dir='ltr'><strong>via:</strong></span> <span class='ocrx_word' id='word_1_25' title='bbox 1382 706 1448 759; x_wconf 91' lang='lat' dir='ltr'><strong>ab</strong></span> <span class='ocrx_word' id='word_1_26' title='bbox 1481 704 1724 778; x_wconf 63' lang='lat' dir='ltr'><strong>Aquileia</strong></span> <span class='ocrx_word' id='word_1_27' title='bbox 1744 702 2100 778; x_wconf 79' lang='lat' dir='ltr'><strong>venientibus,</strong></span> 
     </span>
    </p>
   </div>
   <div class='ocr_carea' id='block_1_6' title="bbox 524 772 2102 859">
    <p class='ocr_par' dir='ltr' id='par_1_6' title="bbox 524 772 2102 859">
     <span class='ocr_line' id='line_1_6' title="bbox 524 772 2102 859; baseline 0.001 -31"><span class='ocrx_word' id='word_1_28' title='bbox 524 772 676 859; x_wconf 73' lang='lat' dir='ltr'><strong>quasi</strong></span> <span class='ocrx_word' id='word_1_29' title='bbox 716 779 929 859; x_wconf 75' lang='lat' dir='ltr'><strong>ignotus</strong></span> <span class='ocrx_word' id='word_1_30' title='bbox 965 772 1068 859; x_wconf 42' lang='lat' dir='ltr'><strong>aut.</strong></span> <span class='ocrx_word' id='word_1_31' title='bbox 1095 778 1271 859; x_wconf 76' lang='lat' dir='ltr'><strong>minus</strong></span> <span class='ocrx_word' id='word_1_32' title='bbox 1313 783 1460 859; x_wconf 80' lang='lat' dir='ltr'><strong>certe</strong></span> <span class='ocrx_word' id='word_1_33' title='bbox 1488 772 1800 859; x_wconf 43' lang='lat' dir='ltr'><strong>e&#39;iS‘arbaris‘</strong></span> <span class='ocrx_word' id='word_1_34' title='bbox 1829 781 1957 859; x_wconf 69' lang='lat' dir='ltr'><strong>tunc</strong></span> <span class='ocrx_word' id='word_1_35' title='bbox 1993 772 2102 859; x_wconf 70' lang='lat' dir='ltr'><strong>alio</strong></span> 
     </span>
    </p>
   </div>
   <div class='ocr_carea' id='block_1_7' title="bbox 523 841 2100 926">
    <p class='ocr_par' dir='ltr' id='par_1_7' title="bbox 523 841 2100 926">
     <span class='ocr_line' id='line_1_7' title="bbox 523 841 2100 926; baseline -0.004 -24"><span class='ocrx_word' id='word_1_36' title='bbox 523 841 863 926; x_wconf 50' lang='lat' dir='ltr'><strong>{cudentibus</strong></span> <span class='ocrx_word' id='word_1_37' title='bbox 890 847 1456 926; x_wconf 65' lang='lat' dir='ltr'><strong>eXpetitus,_distql_)at.</strong></span> <span class='ocrx_word' id='word_1_38' title='bbox 1481 841 2100 926; x_wconf 19' lang='lat' dir='ltr'><strong>AVideat_ur_tabula‘lta-:</strong></span> 
     </span>
    </p>
   </div>
   <div class='ocr_carea' id='block_1_8' title="bbox 521 914 2102 988">
    <p class='ocr_par' dir='ltr' id='par_1_8' title="bbox 521 914 2102 988">
     <span class='ocr_line' id='line_1_8' title="bbox 521 914 2102 988; baseline -0.002 -17"><span class='ocrx_word' id='word_1_39' title='bbox 521 916 606 971; x_wconf 71' lang='lat' dir='ltr'><strong>lize</strong></span> <span class='ocrx_word' id='word_1_40' title='bbox 648 920 896 987; x_wconf 68' lang='lat' dir='ltr'><strong>antiquae,</strong></span> <span class='ocrx_word' id='word_1_41' title='bbox 929 914 1090 988; x_wconf 81' lang='lat' dir='ltr'><strong>quam</strong></span> <span class='ocrx_word' id='word_1_42' title='bbox 1120 918 1285 973; x_wconf 79' lang='lat' dir='ltr'><strong>edidit</strong></span> <span class='ocrx_word' id='word_1_43' title='bbox 1322 916 1644 988; x_wconf 71' lang='lat' dir='ltr'><strong>Muratorius</strong></span> <span class='ocrx_word' id='word_1_44' title='bbox 1673 915 1724 968; x_wconf 91' lang='lat' dir='ltr'><strong>in</strong></span> <span class='ocrx_word' id='word_1_45' title='bbox 1755 914 1929 968; x_wconf 90' lang='lat' dir='ltr'><strong>fronte</strong></span> <span class='ocrx_word' id='word_1_46' title='bbox 1968 914 2102 988; x_wconf 74' lang='grc' dir='ltr'><strong>ιοῳί</strong></span> 
     </span>
    </p>
   </div>
   <div class='ocr_carea' id='block_1_9' title="bbox 539 983 2100 1059">
    <p class='ocr_par' dir='ltr' id='par_1_9' title="bbox 539 983 2100 1059">
     <span class='ocr_line' id='line_1_9' title="bbox 539 983 2100 1059; baseline 0 -21"><span class='ocrx_word' id='word_1_47' title='bbox 539 989 676 1059; x_wconf 62' lang='lat' dir='ltr'><strong>irimi</strong></span> <span class='ocrx_word' id='word_1_48' title='bbox 715 983 1047 1059; x_wconf 72' lang='lat' dir='ltr'><strong>Scriptorum</strong></span> <span class='ocrx_word' id='word_1_49' title='bbox 1084 988 1284 1044; x_wconf 82' lang='lat' dir='ltr'><strong>Rerum</strong></span> <span class='ocrx_word' id='word_1_50' title='bbox 1313 987 1694 1059; x_wconf 17' lang='lat' dir='ltr'><strong>Altaliacarum;</strong></span> <span class='ocrx_word' id='word_1_51' title='bbox 1745 999 1950 1059; x_wconf 85' lang='lat' dir='ltr'><strong>necnon</strong></span> <span class='ocrx_word' id='word_1_52' title='bbox 1997 983 2100 1038; x_wconf 91' lang='lat' dir='ltr'><strong>alia</strong></span> 
     </span>
    </p>
   </div>
   <div class='ocr_carea' id='block_1_10' title="bbox 569 1055 2100 1129">
    <p class='ocr_par' dir='ltr' id='par_1_10' title="bbox 569 1055 2100 1129">
     <span class='ocr_line' id='line_1_10' title="bbox 569 1055 2100 1129; baseline -0.003 -16"><span class='ocrx_word' id='word_1_53' title='bbox 569 1061 758 1114; x_wconf 71' lang='lat' dir='ltr'><strong>enetizc</strong></span> <span class='ocrx_word' id='word_1_54' title='bbox 781 1055 1072 1129; x_wconf 76' lang='lat' dir='ltr'><strong>superioris</strong></span> <span class='ocrx_word' id='word_1_55' title='bbox 1094 1068 1148 1114; x_wconf 91' lang='lat' dir='ltr'><strong>et</strong></span> <span class='ocrx_word' id='word_1_56' title='bbox 1171 1057 1458 1119; x_wconf 89' lang='lat' dir='ltr'><strong>inferioris,</strong></span> <span class='ocrx_word' id='word_1_57' title='bbox 1490 1056 1602 1110; x_wconf 85' lang='lat' dir='ltr'><strong>sive</strong></span> <span class='ocrx_word' id='word_1_58' title='bbox 1621 1055 1896 1129; x_wconf 63' lang='lat' dir='ltr'><strong>terrestris</strong></span> <span class='ocrx_word' id='word_1_59' title='bbox 1915 1061 1969 1108; x_wconf 92' lang='lat' dir='ltr'><strong>et</strong></span> <span class='ocrx_word' id='word_1_60' title='bbox 1987 1070 2100 1129; x_wconf 73' lang='lat' dir='ltr'><strong>nia-</strong></span> 
     </span>
    </p>
   </div>
   <div class='ocr_carea' id='block_1_11' title="bbox 521 1122 2101 1198">
    <p class='ocr_par' dir='ltr' id='par_1_11' title="bbox 521 1122 2101 1198">
     <span class='ocr_line' id='line_1_11' title="bbox 521 1122 2101 1198; baseline -0.002 -18"><span class='ocrx_word' id='word_1_61' title='bbox 521 1129 733 1192; x_wconf 69' lang='lat' dir='ltr'><strong>ritimaa,</strong></span> <span class='ocrx_word' id='word_1_62' title='bbox 767 1122 927 1198; x_wconf 75' lang='lat' dir='ltr'><strong>quam</strong></span> <span class='ocrx_word' id='word_1_63' title='bbox 959 1129 1124 1184; x_wconf 87' lang='lat' dir='ltr'><strong>edidit</strong></span> <span class='ocrx_word' id='word_1_64' title='bbox 1162 1129 1407 1183; x_wconf 90' lang='lat' dir='ltr'><strong>Filiasius</strong></span> <span class='ocrx_word' id='word_1_65' title='bbox 1447 1135 1592 1181; x_wconf 91' lang='lat' dir='ltr'><strong>tomo</strong></span> <span class='ocrx_word' id='word_1_66' title='bbox 1621 1125 1688 1179; x_wconf 91' lang='lat' dir='ltr'><strong>lll</strong></span> <span class='ocrx_word' id='word_1_67' title='bbox 1709 1141 1954 1198; x_wconf 75' lang='lat' dir='ltr'><strong>suarum</strong></span> <span class='ocrx_word' id='word_1_68' title='bbox 1987 1122 2101 1198; x_wconf 70' lang='lat' dir='ltr'><strong>Me-</strong></span> 
     </span>
    </p>
   </div>
   <div class='ocr_carea' id='block_1_12' title="bbox 521 1194 2101 1270">
    <p class='ocr_par' dir='ltr' id='par_1_12' title="bbox 521 1194 2101 1270">
     <span class='ocr_line' id='line_1_12' title="bbox 521 1194 2101 1270; baseline -0.002 -19"><span class='ocrx_word' id='word_1_69' title='bbox 521 1194 931 1270; x_wconf 14' lang='lat' dir='ltr'><strong>moriersto&#39;riclie</strong></span> <span class='ocrx_word' id='word_1_70' title='bbox 958 1199 1036 1254; x_wconf 85' lang='lat' dir='ltr'><strong>de’</strong></span> <span class='ocrx_word' id='word_1_71' title='bbox 1072 1198 1252 1270; x_wconf 70' lang='lat' dir='ltr'><strong>Veneti</strong></span> <span class='ocrx_word' id='word_1_72' title='bbox 1280 1199 1433 1270; x_wconf 77' lang='lat' dir='ltr'><strong>primi</strong></span> <span class='ocrx_word' id='word_1_73' title='bbox 1462 1214 1489 1250; x_wconf 91' lang='lat' dir='ltr'><strong>e</strong></span> <span class='ocrx_word' id='word_1_74' title='bbox 1527 1195 1755 1270; x_wconf 73' lang='lat' dir='ltr'><strong>secundi.</strong></span> <span class='ocrx_word' id='word_1_75' title='bbox 1786 1194 2101 1270; x_wconf 83' lang='lat' dir='ltr'><strong>Inde__igitur</strong></span> 
     </span>
    </p>
   </div>
   <div class='ocr_carea' id='block_1_13' title="bbox 517 1265 2098 1336">
    <p class='ocr_par' dir='ltr' id='par_1_13' title="bbox 517 1265 2098 1336">
     <span class='ocr_line' id='line_1_13' title="bbox 517 1265 2098 1336; baseline -0.001 -16"><span class='ocrx_word' id='word_1_76' title='bbox 517 1269 868 1336; x_wconf 84' lang='lat' dir='ltr'><strong>probabiliter</strong></span> <span class='ocrx_word' id='word_1_77' title='bbox 903 1271 1064 1324; x_wconf 89' lang='lat' dir='ltr'><strong>etiam</strong></span> <span class='ocrx_word' id='word_1_78' title='bbox 1101 1265 1443 1323; x_wconf 84' lang='lat' dir='ltr'><strong>Chromatius</strong></span> <span class='ocrx_word' id='word_1_79' title='bbox 1478 1267 1760 1336; x_wconf 89' lang='lat' dir='ltr'><strong>episcopus</strong></span> <span class='ocrx_word' id='word_1_80' title='bbox 1790 1265 2098 1334; x_wconf 85' lang='lat' dir='ltr'><strong>Aquileien-</strong></span> 
     </span>
    </p>
   </div>
   <div class='ocr_carea' id='block_1_14' title="bbox 516 1336 2098 1408">
    <p class='ocr_par' dir='ltr' id='par_1_14' title="bbox 516 1336 2098 1408">
     <span class='ocr_line' id='line_1_14' title="bbox 516 1336 2098 1408; baseline -0.001 -17"><span class='ocrx_word' id='word_1_81' title='bbox 516 1338 608 1403; x_wconf 85' lang='lat' dir='ltr'><strong>sis,</strong></span> <span class='ocrx_word' id='word_1_82' title='bbox 651 1355 758 1394; x_wconf 93' lang='lat' dir='ltr'><strong>non</strong></span> <span class='ocrx_word' id='word_1_83' title='bbox 800 1339 1074 1394; x_wconf 87' lang='lat' dir='ltr'><strong>Romanus</strong></span> <span class='ocrx_word' id='word_1_84' title='bbox 1104 1339 1340 1408; x_wconf 89' lang='lat' dir='ltr'><strong>quidem,</strong></span> <span class='ocrx_word' id='word_1_85' title='bbox 1375 1337 1450 1392; x_wconf 88' lang='lat' dir='ltr'><strong>uti</strong></span> <span class='ocrx_word' id='word_1_86' title='bbox 1493 1336 1956 1408; x_wconf 67' lang='lat' dir='ltr'><strong>animadvertebat</strong></span> <span class='ocrx_word' id='word_1_87' title='bbox 1983 1337 2098 1405; x_wconf 91' lang='lat' dir='ltr'><strong>ipse</strong></span> 
     </span>
    </p>
   </div>
   <div class='ocr_carea' id='block_1_15' title="bbox 516 1405 2098 1479">
    <p class='ocr_par' dir='ltr' id='par_1_15' title="bbox 516 1405 2098 1479">
     <span class='ocr_line' id='line_1_15' title="bbox 516 1405 2098 1479; baseline -0.001 -17"><span class='ocrx_word' id='word_1_88' title='bbox 516 1422 729 1479; x_wconf 89' lang='lat' dir='ltr'><strong>quoque</strong></span> <span class='ocrx_word' id='word_1_89' title='bbox 775 1410 850 1465; x_wconf 93' lang='lat' dir='ltr'><strong>De</strong></span> <span class='ocrx_word' id='word_1_90' title='bbox 879 1410 1098 1473; x_wconf 85' lang='lat' dir='ltr'><strong>Rubeis,</strong></span> <span class='ocrx_word' id='word_1_91' title='bbox 1121 1405 1226 1464; x_wconf 75' lang='lat' dir='ltr'><strong>sed</strong></span> <span class='ocrx_word' id='word_1_92' title='bbox 1258 1407 1591 1473; x_wconf 82' lang='lat' dir='ltr'><strong>Romatinus,</strong></span> <span class='ocrx_word' id='word_1_93' title='bbox 1625 1414 1718 1461; x_wconf 90' lang='lat' dir='ltr'><strong>aut</strong></span> <span class='ocrx_word' id='word_1_94' title='bbox 1746 1405 2098 1461; x_wconf 82' lang='lat' dir='ltr'><strong>Romatianus</strong></span> 
     </span>
    </p>
   </div>
   <div class='ocr_carea' id='block_1_16' title="bbox 517 1479 1136 1549">
    <p class='ocr_par' dir='ltr' id='par_1_16' title="bbox 517 1479 1136 1549">
     <span class='ocr_line' id='line_1_16' title="bbox 517 1479 1136 1549; baseline 0.002 -17"><span class='ocrx_word' id='word_1_95' title='bbox 517 1479 800 1549; x_wconf 83' lang='lat' dir='ltr'><strong>episcopus</strong></span> <span class='ocrx_word' id='word_1_96' title='bbox 827 1481 998 1534; x_wconf 91' lang='lat' dir='ltr'><strong>dictus</strong></span> <span class='ocrx_word' id='word_1_97' title='bbox 1020 1479 1136 1535; x_wconf 85' lang='lat' dir='ltr'><strong>fuit.</strong></span> 
     </span>
    </p>
   </div>
   <div class='ocr_carea' id='block_1_17' title="bbox 588 1546 2096 1627">
    <p class='ocr_par' dir='ltr' id='par_1_17' title="bbox 588 1546 2096 1627">
     <span class='ocr_line' id='line_1_17' title="bbox 588 1546 2096 1627; baseline -0.001 -25"><span class='ocrx_word' id='word_1_98' title='bbox 588 1546 743 1627; x_wconf 69' lang='lat' dir='ltr'><strong>Amic</strong></span> <span class='ocrx_word' id='word_1_99' title='bbox 780 1549 902 1627; x_wconf 50' lang='lat'><strong>{107,</strong></span> <span class='ocrx_word' id='word_1_100' title='bbox 945 1559 1037 1627; x_wconf 48' lang='lat' dir='ltr'><strong>aut</strong></span> <span class='ocrx_word' id='word_1_101' title='bbox 1075 1548 1218 1627; x_wconf 70' lang='lat'><strong>408,_</strong></span> <span class='ocrx_word' id='word_1_102' title='bbox 1243 1547 1543 1627; x_wconf 78' lang='lat' dir='ltr'><strong>mortalem</strong></span> <span class='ocrx_word' id='word_1_103' title='bbox 1571 1547 1736 1627; x_wconf 68' lang='lat' dir='ltr'><strong>vitam</strong></span> <span class='ocrx_word' id='word_1_104' title='bbox 1757 1546 1932 1627; x_wconf 60' lang='lat'><strong>130</strong></span> <span class='ocrx_word' id='word_1_105' title='bbox 1974 1561 2096 1601; x_wconf 90' lang='lat' dir='ltr'><strong>cum</strong></span> 
     </span>
    </p>
   </div>
   <div class='ocr_carea' id='block_1_18' title="bbox 516 1616 2096 1687">
    <p class='ocr_par' dir='ltr' id='par_1_18' title="bbox 516 1616 2096 1687">
     <span class='ocr_line' id='line_1_18' title="bbox 516 1616 2096 1687; baseline -0.001 -15"><span class='ocrx_word' id='word_1_106' title='bbox 516 1619 722 1673; x_wconf 69' lang='lat' dir='ltr'><strong>cmlesti</strong></span> <span class='ocrx_word' id='word_1_107' title='bbox 751 1620 920 1687; x_wconf 81' lang='lat' dir='ltr'><strong>gloria</strong></span> <span class='ocrx_word' id='word_1_108' title='bbox 946 1617 1287 1674; x_wconf 86' lang='lat' dir='ltr'><strong>Chromatius</strong></span> <span class='ocrx_word' id='word_1_109' title='bbox 1315 1617 1679 1673; x_wconf 85' lang='lat' dir='ltr'><strong>commutavit.</strong></span> <span class='ocrx_word' id='word_1_110' title='bbox 1709 1616 1948 1671; x_wconf 86' lang='lat' dir='ltr'><strong>Alaricus</strong></span> <span class='ocrx_word' id='word_1_111' title='bbox 1969 1631 2096 1671; x_wconf 86' lang='lat' dir='ltr'><strong>vero</strong></span> 
     </span>
    </p>
   </div>
   <div class='ocr_carea' id='block_1_19' title="bbox 515 1687 2095 1752">
    <p class='ocr_par' dir='ltr' id='par_1_19' title="bbox 515 1687 2095 1752">
     <span class='ocr_line' id='line_1_19' title="bbox 515 1687 2095 1752; baseline 0.001 -12"><span class='ocrx_word' id='word_1_112' title='bbox 515 1688 810 1743; x_wconf 77' lang='lat' dir='ltr'><strong>Gothorum</strong></span> <span class='ocrx_word' id='word_1_113' title='bbox 841 1690 964 1752; x_wconf 87' lang='lat' dir='ltr'><strong>dux,</strong></span> <span class='ocrx_word' id='word_1_114' title='bbox 996 1691 1157 1744; x_wconf 85' lang='lat' dir='ltr'><strong>rebus</strong></span> <span class='ocrx_word' id='word_1_115' title='bbox 1190 1697 1249 1743; x_wconf 92' lang='lat' dir='ltr'><strong>ut</strong></span> <span class='ocrx_word' id='word_1_116' title='bbox 1272 1689 1484 1743; x_wconf 89' lang='lat' dir='ltr'><strong>videtur</strong></span> <span class='ocrx_word' id='word_1_117' title='bbox 1512 1688 1579 1742; x_wconf 92' lang='lat' dir='ltr'><strong>ad</strong></span> <span class='ocrx_word' id='word_1_118' title='bbox 1608 1687 1874 1741; x_wconf 91' lang='lat' dir='ltr'><strong>modicum</strong></span> <span class='ocrx_word' id='word_1_119' title='bbox 1905 1687 2095 1741; x_wconf 89' lang='lat' dir='ltr'><strong>saltem</strong></span> 
     </span>
    </p>
   </div>
   <div class='ocr_carea' id='block_1_20' title="bbox 515 1757 2094 1828">
    <p class='ocr_par' dir='ltr' id='par_1_20' title="bbox 515 1757 2094 1828">
     <span class='ocr_line' id='line_1_20' title="bbox 515 1757 2094 1828; baseline 0 -17"><span class='ocrx_word' id='word_1_120' title='bbox 515 1774 634 1811; x_wconf 87' lang='lat' dir='ltr'><strong>cum</strong></span> <span class='ocrx_word' id='word_1_121' title='bbox 667 1759 903 1814; x_wconf 84' lang='lat' dir='ltr'><strong>Honorio</strong></span> <span class='ocrx_word' id='word_1_122' title='bbox 936 1759 1174 1828; x_wconf 87' lang='lat' dir='ltr'><strong>Augusto</strong></span> <span class='ocrx_word' id='word_1_123' title='bbox 1203 1759 1533 1828; x_wconf 77' lang='lat' dir='ltr'><strong>compositis,</strong></span> <span class='ocrx_word' id='word_1_124' title='bbox 1567 1758 1620 1811; x_wconf 93' lang='lat' dir='ltr'><strong>in</strong></span> <span class='ocrx_word' id='word_1_125' title='bbox 1649 1757 1842 1828; x_wconf 71' lang='lat' dir='ltr'><strong>Norico</strong></span> <span class='ocrx_word' id='word_1_126' title='bbox 1884 1757 2094 1812; x_wconf 89' lang='lat' dir='ltr'><strong>consis—</strong></span> 
     </span>
    </p>
   </div>
   <div class='ocr_carea' id='block_1_21' title="bbox 516 1827 2094 1898">
    <p class='ocr_par' dir='ltr' id='par_1_21' title="bbox 516 1827 2094 1898">
     <span class='ocr_line' id='line_1_21' title="bbox 516 1827 2094 1898; baseline 0.001 -19"><span class='ocrx_word' id='word_1_127' title='bbox 516 1829 690 1891; x_wconf 86' lang='lat' dir='ltr'><strong>tebat;</strong></span> <span class='ocrx_word' id='word_1_128' title='bbox 735 1827 1150 1898; x_wconf 83' lang='lat' dir='ltr'><strong>Aquileiensium</strong></span> <span class='ocrx_word' id='word_1_129' title='bbox 1199 1827 1376 1883; x_wconf 88' lang='lat' dir='ltr'><strong>tamen</strong></span> <span class='ocrx_word' id='word_1_130' title='bbox 1419 1827 1620 1898; x_wconf 83' lang='lat' dir='ltr'><strong>ﬁnibus</strong></span> <span class='ocrx_word' id='word_1_131' title='bbox 1652 1827 1994 1898; x_wconf 88' lang='lat' dir='ltr'><strong>incumbens,</strong></span> <span class='ocrx_word' id='word_1_132' title='bbox 2039 1835 2094 1882; x_wconf 93' lang='lat' dir='ltr'><strong>et</strong></span> 
     </span>
    </p>
   </div>
   <div class='ocr_carea' id='block_1_22' title="bbox 513 1897 2091 1966">
    <p class='ocr_par' dir='ltr' id='par_1_22' title="bbox 513 1897 2091 1966">
     <span class='ocr_line' id='line_1_22' title="bbox 513 1897 2091 1966; baseline 0.002 -16"><span class='ocrx_word' id='word_1_133' title='bbox 513 1913 702 1952; x_wconf 84' lang='lat' dir='ltr'><strong>Imvam</strong></span> <span class='ocrx_word' id='word_1_134' title='bbox 725 1897 886 1953; x_wconf 74' lang='lat' dir='ltr'><strong>Italiae</strong></span> <span class='ocrx_word' id='word_1_135' title='bbox 913 1901 1122 1955; x_wconf 86' lang='lat' dir='ltr'><strong>inhians</strong></span> <span class='ocrx_word' id='word_1_136' title='bbox 1145 1901 1372 1954; x_wconf 88' lang='lat' dir='ltr'><strong>ruinam.</strong></span> <span class='ocrx_word' id='word_1_137' title='bbox 1405 1899 1560 1953; x_wconf 85' lang='lat' dir='ltr'><strong>Brevi</strong></span> <span class='ocrx_word' id='word_1_138' title='bbox 1593 1897 1840 1952; x_wconf 91' lang='lat' dir='ltr'><strong>desiderii</strong></span> <span class='ocrx_word' id='word_1_139' title='bbox 1871 1913 2091 1966; x_wconf 92' lang='lat' dir='ltr'><strong>compos</strong></span> 
     </span>
    </p>
   </div>
   <div class='ocr_carea' id='block_1_23' title="bbox 510 1967 2090 2041">
    <p class='ocr_par' dir='ltr' id='par_1_23' title="bbox 510 1967 2090 2041">
     <span class='ocr_line' id='line_1_23' title="bbox 510 1967 2090 2041; baseline 0.003 -24"><span class='ocrx_word' id='word_1_140' title='bbox 510 1967 738 2041; x_wconf 73' lang='lat' dir='ltr'><strong>elficitur</strong></span> <span class='ocrx_word' id='word_1_141' title='bbox 779 1989 788 2022; x_wconf 94' lang='lat'>:</span> <span class='ocrx_word' id='word_1_142' title='bbox 833 1987 957 2024; x_wconf 85' lang='lat' dir='ltr'><strong>nam</strong></span> <span class='ocrx_word' id='word_1_143' title='bbox 986 1971 1176 2026; x_wconf 91' lang='lat' dir='ltr'><strong>eodem</strong></span> <span class='ocrx_word' id='word_1_144' title='bbox 1206 1971 1322 2041; x_wconf 91' lang='lat' dir='ltr'><strong>ipso</strong></span> <span class='ocrx_word' id='word_1_145' title='bbox 1351 1986 1493 2024; x_wconf 90' lang='lat' dir='ltr'><strong>anno</strong></span> <span class='ocrx_word' id='word_1_146' title='bbox 1528 1969 1582 2022; x_wconf 93' lang='lat' dir='ltr'><strong>in</strong></span> <span class='ocrx_word' id='word_1_147' title='bbox 1623 1967 1826 2021; x_wconf 83' lang='lat' dir='ltr'><strong>Italiam</strong></span> <span class='ocrx_word' id='word_1_148' title='bbox 1870 1967 2090 2041; x_wconf 84' lang='lat' dir='ltr'><strong>descen-</strong></span> 
     </span>
    </p>
   </div>
   <div class='ocr_carea' id='block_1_24' title="bbox 510 2039 2087 2111">
    <p class='ocr_par' dir='ltr' id='par_1_24' title="bbox 510 2039 2087 2111">
     <span class='ocr_line' id='line_1_24' title="bbox 510 2039 2087 2111; baseline 0.001 -21"><span class='ocrx_word' id='word_1_149' title='bbox 510 2039 1087 2111; x_wconf 9' lang='lat' dir='ltr'><strong>dens,chuileiensem</strong></span> <span class='ocrx_word' id='word_1_150' title='bbox 1116 2039 1299 2111; x_wconf 82' lang='lat' dir='ltr'><strong>agrum</strong></span> <span class='ocrx_word' id='word_1_151' title='bbox 1329 2041 1522 2094; x_wconf 88' lang='lat' dir='ltr'><strong>iterum</strong></span> <span class='ocrx_word' id='word_1_152' title='bbox 1543 2048 1756 2111; x_wconf 73' lang='lat' dir='ltr'><strong>terrore</strong></span> <span class='ocrx_word' id='word_1_153' title='bbox 1786 2039 2087 2104; x_wconf 88' lang='lat' dir='ltr'><strong>concussit;</strong></span> 
     </span>
    </p>
   </div>
   <div class='ocr_carea' id='block_1_25' title="bbox 510 2109 2092 2181">
    <p class='ocr_par' dir='ltr' id='par_1_25' title="bbox 510 2109 2092 2181">
     <span class='ocr_line' id='line_1_25' title="bbox 510 2109 2092 2181; baseline 0.001 -20"><span class='ocrx_word' id='word_1_154' title='bbox 510 2109 633 2163; x_wconf 77' lang='lat' dir='ltr'><strong>licet</strong></span> <span class='ocrx_word' id='word_1_155' title='bbox 657 2109 983 2179; x_wconf 78' lang='lat' dir='ltr'><strong>Aquileiam,</strong></span> <span class='ocrx_word' id='word_1_156' title='bbox 1014 2109 1342 2181; x_wconf 62' lang='lat' dir='ltr'><strong>cretei-asque</strong></span> <span class='ocrx_word' id='word_1_157' title='bbox 1364 2110 1601 2166; x_wconf 69' lang='lat' dir='ltr'><strong>Venetia:</strong></span> <span class='ocrx_word' id='word_1_158' title='bbox 1626 2109 1780 2163; x_wconf 90' lang='lat' dir='ltr'><strong>urbes</strong></span> <span class='ocrx_word' id='word_1_159' title='bbox 1804 2117 1931 2162; x_wconf 92' lang='lat' dir='ltr'><strong>tunc</strong></span> <span class='ocrx_word' id='word_1_160' title='bbox 1957 2124 2092 2181; x_wconf 65' lang='lat' dir='ltr'><strong>prae—</strong></span> 
     </span>
    </p>
   </div>
   <div class='ocr_carea' id='block_1_26' title="bbox 509 2179 2088 2250">
    <p class='ocr_par' dir='ltr' id='par_1_26' title="bbox 509 2179 2088 2250">
     <span class='ocr_line' id='line_1_26' title="bbox 509 2179 2088 2250; baseline -0.001 -18"><span class='ocrx_word' id='word_1_161' title='bbox 509 2181 734 2246; x_wconf 86' lang='lat' dir='ltr'><strong>terierit,</strong></span> <span class='ocrx_word' id='word_1_162' title='bbox 769 2190 827 2235; x_wconf 91' lang='lat' dir='ltr'><strong>ut</strong></span> <span class='ocrx_word' id='word_1_163' title='bbox 862 2191 1009 2237; x_wconf 88' lang='lat' dir='ltr'><strong>recto</strong></span> <span class='ocrx_word' id='word_1_164' title='bbox 1049 2183 1239 2237; x_wconf 90' lang='lat' dir='ltr'><strong>itinere</strong></span> <span class='ocrx_word' id='word_1_165' title='bbox 1255 2179 1492 2236; x_wconf 75' lang='lat' dir='ltr'><strong>Romam</strong></span> <span class='ocrx_word' id='word_1_166' title='bbox 1533 2187 1761 2250; x_wconf 86' lang='lat' dir='ltr'><strong>peteret,</strong></span> <span class='ocrx_word' id='word_1_167' title='bbox 1793 2179 2088 2250; x_wconf 47' lang='lat' dir='ltr'><strong>quamdeg</strong></span> 
     </span>
    </p>
   </div>
   <div class='ocr_carea' id='block_1_27' title="bbox 510 2248 2091 2320">
    <p class='ocr_par' dir='ltr' id='par_1_27' title="bbox 510 2248 2091 2320">
     <span class='ocr_line' id='line_1_27' title="bbox 510 2248 2091 2320; baseline 0.003 -20"><span class='ocrx_word' id='word_1_168' title='bbox 510 2265 652 2303; x_wconf 87' lang='lat' dir='ltr'><strong>mum</strong></span> <span class='ocrx_word' id='word_1_169' title='bbox 680 2267 820 2304; x_wconf 90' lang='lat' dir='ltr'><strong>anno</strong></span> <span class='ocrx_word' id='word_1_170' title='bbox 842 2253 1084 2320; x_wconf 89' lang='lat' dir='ltr'><strong>sequenti</strong></span> <span class='ocrx_word' id='word_1_171' title='bbox 1101 2251 1222 2317; x_wconf 69' lang='lat'><strong>409,</strong></span> <span class='ocrx_word' id='word_1_172' title='bbox 1241 2260 1351 2318; x_wconf 91' lang='lat' dir='ltr'><strong>aut,</strong></span> <span class='ocrx_word' id='word_1_173' title='bbox 1377 2260 1436 2306; x_wconf 90' lang='lat' dir='ltr'><strong>ut</strong></span> <span class='ocrx_word' id='word_1_174' title='bbox 1457 2248 1574 2304; x_wconf 87' lang='lat' dir='ltr'><strong>aliis</strong></span> <span class='ocrx_word' id='word_1_175' title='bbox 1593 2251 1783 2320; x_wconf 86' lang='lat' dir='ltr'><strong>visum,</strong></span> <span class='ocrx_word' id='word_1_176' title='bbox 1802 2248 1922 2313; x_wconf 76' lang='lat' dir='ltr'><strong>MO,</strong></span> <span class='ocrx_word' id='word_1_177' title='bbox 1938 2248 2091 2320; x_wconf 80' lang='lat' dir='ltr'><strong>fame</strong></span> 
     </span>
    </p>
   </div>
   <div class='ocr_carea' id='block_1_28' title="bbox 549 2319 2082 2392">
    <p class='ocr_par' dir='ltr' id='par_1_28' title="bbox 549 2319 2082 2392">
     <span class='ocr_line' id='line_1_28' title="bbox 549 2319 2082 2392; baseline 0.001 -21"><span class='ocrx_word' id='word_1_178' title='bbox 549 2320 658 2372; x_wconf 87' lang='lat' dir='ltr'><strong>rius</strong></span> <span class='ocrx_word' id='word_1_179' title='bbox 700 2319 1041 2389; x_wconf 83' lang='lat' dir='ltr'><strong>oppressam,</strong></span> <span class='ocrx_word' id='word_1_180' title='bbox 1087 2323 1248 2392; x_wconf 91' lang='lat' dir='ltr'><strong>cepit,</strong></span> <span class='ocrx_word' id='word_1_181' title='bbox 1287 2321 1681 2392; x_wconf 84' lang='lat' dir='ltr'><strong>crudeliterque</strong></span> <span class='ocrx_word' id='word_1_182' title='bbox 1721 2319 2082 2392; x_wconf 81' lang='lat' dir='ltr'><strong>depopulavit.</strong></span> 
     </span>
    </p>
   </div>
   <div class='ocr_carea' id='block_1_29' title="bbox 508 2334 2089 2458">
    <p class='ocr_par' dir='ltr' id='par_1_29' title="bbox 508 2334 2089 2458">
     <span class='ocr_line' id='line_1_29' title="bbox 508 2334 2082 2441; baseline 0.001 -70"><span class='ocrx_word' id='word_1_183' title='bbox 508 2334 658 2441; x_wconf 59' lang='lat' dir='ltr'><strong>graus</strong></span> <span class='ocrx_word' id='word_1_184' title='bbox 700 2337 1041 2389; x_wconf 87' lang='lat' dir='ltr'><strong>oppressam,</strong></span> <span class='ocrx_word' id='word_1_185' title='bbox 1087 2334 1248 2392; x_wconf 80' lang='lat' dir='ltr'><strong>cepit,</strong></span> <span class='ocrx_word' id='word_1_186' title='bbox 1287 2334 1681 2388; x_wconf 78' lang='lat' dir='ltr'><strong>crudeliterque</strong></span> <span class='ocrx_word' id='word_1_187' title='bbox 1721 2334 2082 2388; x_wconf 72' lang='lat' dir='ltr'><strong>uepopuravu.</strong></span> 
     </span>
     <span class='ocr_line' id='line_1_30' title="bbox 510 2388 2089 2458; baseline 0.002 -17"><span class='ocrx_word' id='word_1_188' title='bbox 510 2422 522 2438; x_wconf 74' lang='grc' dir='ltr'><strong>ι</strong></span> <span class='ocrx_word' id='word_1_189' title='bbox 552 2399 852 2444; x_wconf 87' lang='lat' dir='ltr'><strong>uccesserat</strong></span> <span class='ocrx_word' id='word_1_190' title='bbox 906 2392 1116 2446; x_wconf 81' lang='lat' dir='ltr'><strong>interim</strong></span> <span class='ocrx_word' id='word_1_191' title='bbox 1162 2391 1474 2446; x_wconf 84' lang='lat' dir='ltr'><strong>Chromatio</strong></span> <span class='ocrx_word' id='word_1_192' title='bbox 1523 2388 1877 2458; x_wconf 74' lang='lat' dir='ltr'><strong>Augustinus,</strong></span> <span class='ocrx_word' id='word_1_193' title='bbox 1937 2391 2089 2458; x_wconf 88' lang='lat' dir='ltr'><strong>cujus</strong></span> 
     </span>
    </p>
   </div>
   <div class='ocr_carea' id='block_1_30' title="bbox 509 2458 2089 2528">
    <p class='ocr_par' dir='ltr' id='par_1_30' title="bbox 509 2458 2089 2528">
     <span class='ocr_line' id='line_1_31' title="bbox 509 2458 2089 2528; baseline 0.003 -17"><span class='ocrx_word' id='word_1_194' title='bbox 509 2458 852 2528; x_wconf 83' lang='lat' dir='ltr'><strong>episcopatus</strong></span> <span class='ocrx_word' id='word_1_195' title='bbox 893 2461 1020 2514; x_wconf 88' lang='lat' dir='ltr'><strong>anni</strong></span> <span class='ocrx_word' id='word_1_196' title='bbox 1059 2461 1206 2514; x_wconf 87' lang='lat' dir='ltr'><strong>varie</strong></span> <span class='ocrx_word' id='word_1_197' title='bbox 1247 2462 1298 2514; x_wconf 91' lang='lat' dir='ltr'><strong>in</strong></span> <span class='ocrx_word' id='word_1_198' title='bbox 1337 2459 1607 2528; x_wconf 77' lang='lat' dir='ltr'><strong>Catalogis</strong></span> <span class='ocrx_word' id='word_1_199' title='bbox 1647 2466 1701 2512; x_wconf 89' lang='lat' dir='ltr'><strong>et</strong></span> <span class='ocrx_word' id='word_1_200' title='bbox 1729 2459 1780 2512; x_wconf 91' lang='lat' dir='ltr'><strong>in</strong></span> <span class='ocrx_word' id='word_1_201' title='bbox 1809 2458 2089 2515; x_wconf 88' lang='lat' dir='ltr'><strong>Chronicis</strong></span> 
     </span>
    </p>
   </div>
   <div class='ocr_carea' id='block_1_31' title="bbox 507 2527 2082 2600">
    <p class='ocr_par' dir='ltr' id='par_1_31' title="bbox 507 2527 2082 2600">
     <span class='ocr_line' id='line_1_32' title="bbox 507 2527 2082 2600; baseline 0.001 -18"><span class='ocrx_word' id='word_1_202' title='bbox 507 2527 842 2600; x_wconf 70' lang='lat' dir='ltr'><strong>exhibentur.</strong></span> <span class='ocrx_word' id='word_1_203' title='bbox 899 2531 1194 2600; x_wconf 81' lang='lat' dir='ltr'><strong>Augustino</strong></span> <span class='ocrx_word' id='word_1_204' title='bbox 1241 2531 1431 2585; x_wconf 90' lang='lat' dir='ltr'><strong>deinde</strong></span> <span class='ocrx_word' id='word_1_205' title='bbox 1479 2527 1759 2600; x_wconf 24' lang='lat' dir='ltr'><strong>successit;</strong></span> <span class='ocrx_word' id='word_1_206' title='bbox 1793 2527 2082 2600; x_wconf 82' lang='lat' dir='ltr'><strong>Adelplms,</strong></span> 
     </span>
    </p>
   </div>
   <div class='ocr_carea' id='block_1_32' title="bbox 507 2597 2086 2666">
    <p class='ocr_par' dir='ltr' id='par_1_32' title="bbox 507 2597 2086 2666">
     <span class='ocr_line' id='line_1_33' title="bbox 507 2597 2086 2666; baseline 0.002 -14"><span class='ocrx_word' id='word_1_207' title='bbox 507 2597 751 2666; x_wconf 85' lang='lat' dir='ltr'><strong>Adelpho</strong></span> <span class='ocrx_word' id='word_1_208' title='bbox 779 2597 1078 2665; x_wconf 82' lang='lat' dir='ltr'><strong>Januarius,</strong></span> <span class='ocrx_word' id='word_1_209' title='bbox 1111 2600 1363 2656; x_wconf 87' lang='lat' dir='ltr'><strong>Januario</strong></span> <span class='ocrx_word' id='word_1_210' title='bbox 1391 2600 1672 2665; x_wconf 84' lang='lat' dir='ltr'><strong>Maximus,</strong></span> <span class='ocrx_word' id='word_1_211' title='bbox 1714 2597 1945 2653; x_wconf 82' lang='lat' dir='ltr'><strong>Maximo</strong></span> <span class='ocrx_word' id='word_1_212' title='bbox 1991 2599 2086 2655; x_wconf 86' lang='lat' dir='ltr'><strong>Se-</strong></span> 
     </span>
    </p>
   </div>
   <div class='ocr_carea' id='block_1_33' title="bbox 505 2669 2087 2740">
    <p class='ocr_par' dir='ltr' id='par_1_33' title="bbox 505 2669 2087 2740">
     <span class='ocr_line' id='line_1_34' title="bbox 505 2669 2087 2740; baseline 0.003 -20"><span class='ocrx_word' id='word_1_213' title='bbox 505 2669 729 2740; x_wconf 73' lang='lat' dir='ltr'><strong>euiidus,</strong></span> <span class='ocrx_word' id='word_1_214' title='bbox 762 2670 1009 2725; x_wconf 88' lang='lat' dir='ltr'><strong>Secundo</strong></span> <span class='ocrx_word' id='word_1_215' title='bbox 1037 2671 1264 2740; x_wconf 91' lang='lat' dir='ltr'><strong>denique</strong></span> <span class='ocrx_word' id='word_1_216' title='bbox 1288 2678 1469 2726; x_wconf 88' lang='lat' dir='ltr'><strong>noster</strong></span> <span class='ocrx_word' id='word_1_217' title='bbox 1497 2670 1726 2735; x_wconf 83' lang='lat' dir='ltr'><strong>Nicetas,</strong></span> <span class='ocrx_word' id='word_1_218' title='bbox 1756 2678 1814 2724; x_wconf 94' lang='lat' dir='ltr'><strong>ut</strong></span> <span class='ocrx_word' id='word_1_219' title='bbox 1841 2669 1981 2739; x_wconf 90' lang='lat' dir='ltr'><strong>apud</strong></span> <span class='ocrx_word' id='word_1_220' title='bbox 2011 2670 2087 2725; x_wconf 82' lang='lat' dir='ltr'><strong>De</strong></span> 
     </span>
    </p>
   </div>
   <div class='ocr_carea' id='block_1_34' title="bbox 506 2735 2086 2810">
    <p class='ocr_par' dir='ltr' id='par_1_34' title="bbox 506 2735 2086 2810">
     <span class='ocr_line' id='line_1_35' title="bbox 506 2735 2086 2810; baseline 0.003 -19"><span class='ocrx_word' id='word_1_221' title='bbox 506 2735 707 2810; x_wconf 63' lang='lat' dir='ltr'><strong>Bubeis</strong></span> <span class='ocrx_word' id='word_1_222' title='bbox 737 2741 787 2793; x_wconf 91' lang='lat' dir='ltr'><strong>in</strong></span> <span class='ocrx_word' id='word_1_223' title='bbox 819 2735 1196 2796; x_wconf 61' lang='lat' dir='ltr'><strong>Monumentis</strong></span> <span class='ocrx_word' id='word_1_224' title='bbox 1217 2749 1457 2810; x_wconf 89' lang='lat' dir='ltr'><strong>apparet.</strong></span> <span class='ocrx_word' id='word_1_225' title='bbox 1495 2741 1790 2808; x_wconf 78' lang='lat' dir='ltr'><strong>Augustino</strong></span> <span class='ocrx_word' id='word_1_226' title='bbox 1831 2735 1959 2795; x_wconf 78' lang='lat' dir='ltr'><strong>vero</strong></span> <span class='ocrx_word' id='word_1_227' title='bbox 2000 2757 2086 2796; x_wconf 89' lang='lat' dir='ltr'><strong>se-</strong></span> 
     </span>
    </p>
   </div>
   <div class='ocr_carea' id='block_1_35' title="bbox 503 2758 2080 2881">
    <p class='ocr_par' dir='ltr' id='par_1_35' title="bbox 503 2758 2080 2881">
     <span class='ocr_line' id='line_1_36' title="bbox 506 2758 2080 2810; baseline 0.005 -22"><span class='ocrx_word' id='word_1_228' title='bbox 506 2758 707 2794; x_wconf 81' lang='lat' dir='ltr'><strong>nunels</strong></span> <span class='ocrx_word' id='word_1_229' title='bbox 737 2758 787 2793; x_wconf 77' lang='lat' dir='ltr'><strong>in</strong></span> <span class='ocrx_word' id='word_1_230' title='bbox 819 2758 1178 2796; x_wconf 74' lang='lat' dir='ltr'><strong>monumentis</strong></span> <span class='ocrx_word' id='word_1_231' title='bbox 1217 2758 1282 2810; x_wconf 92' lang='lat' dir='ltr'><strong>ap</strong></span> <span class='ocrx_word' id='word_1_232' title='bbox 1324 2758 1457 2795; x_wconf 83' lang='lat' dir='ltr'><strong>aret.</strong></span> <span class='ocrx_word' id='word_1_233' title='bbox 1495 2758 1790 2808; x_wconf 64' lang='lat' dir='ltr'><strong>augusuno</strong></span> <span class='ocrx_word' id='word_1_234' title='bbox 1831 2758 1959 2795; x_wconf 86' lang='lat' dir='ltr'><strong>vero</strong></span> <span class='ocrx_word' id='word_1_235' title='bbox 2000 2758 2080 2796; x_wconf 89' lang='lat' dir='ltr'><strong>se-</strong></span> 
     </span>
     <span class='ocr_line' id='line_1_37' title="bbox 503 2758 2080 2881; baseline 0.004 -23"><span class='ocrx_word' id='word_1_236' title='bbox 503 2806 682 2871; x_wconf 89' lang='lat' dir='ltr'><strong>dente,</strong></span> <span class='ocrx_word' id='word_1_237' title='bbox 714 2811 879 2864; x_wconf 81' lang='lat' dir='ltr'><strong>refert</strong></span> <span class='ocrx_word' id='word_1_238' title='bbox 907 2811 1175 2865; x_wconf 89' lang='lat' dir='ltr'><strong>Dandulus</strong></span> <span class='ocrx_word' id='word_1_239' title='bbox 1196 2812 1248 2865; x_wconf 91' lang='lat' dir='ltr'><strong>in</strong></span> <span class='ocrx_word' id='word_1_240' title='bbox 1274 2758 1562 2873; x_wconf 59' lang='lat' dir='ltr'><strong>ghronico,</strong></span> <span class='ocrx_word' id='word_1_241' title='bbox 1596 2811 1729 2865; x_wconf 89' lang='lat' dir='ltr'><strong>libro</strong></span> <span class='ocrx_word' id='word_1_242' title='bbox 1760 2827 1809 2876; x_wconf 89' lang='lat' dir='ltr'><strong>v,</strong></span> <span class='ocrx_word' id='word_1_243' title='bbox 1833 2812 2007 2881; x_wconf 88' lang='lat' dir='ltr'><strong>capite</strong></span> <span class='ocrx_word' id='word_1_244' title='bbox 2030 2811 2080 2878; x_wconf 84' lang='lat' dir='ltr'><strong>l,</strong></span> 
     </span>
    </p>
   </div>
   <div class='ocr_carea' id='block_1_36' title="bbox 504 2880 2082 2952">
    <p class='ocr_par' dir='ltr' id='par_1_36' title="bbox 504 2880 2082 2952">
     <span class='ocr_line' id='line_1_38' title="bbox 504 2880 2082 2952; baseline 0.006 -24"><span class='ocrx_word' id='word_1_245' title='bbox 504 2885 655 2952; x_wconf 79' lang='lat' dir='ltr'><strong>parte</strong></span> <span class='ocrx_word' id='word_1_246' title='bbox 685 2896 793 2952; x_wconf 85' lang='lat' dir='ltr'><strong>xu._</strong></span> <span class='ocrx_word' id='word_1_247' title='bbox 807 2883 950 2949; x_wconf 89' lang='lat' dir='ltr'><strong>quod</strong></span> <span class='ocrx_word' id='word_1_248' title='bbox 999 2901 1016 2932; x_wconf 84' lang='grc' dir='ltr'><strong>ι</strong></span> <span class='ocrx_word' id='word_1_249' title='bbox 1062 2881 1208 2935; x_wconf 90' lang='lat' dir='ltr'><strong>urbis</strong></span> <span class='ocrx_word' id='word_1_250' title='bbox 1249 2880 1504 2950; x_wconf 75' lang='lat' dir='ltr'><strong>Aquileiae</strong></span> <span class='ocrx_word' id='word_1_251' title='bbox 1530 2897 1780 2952; x_wconf 87' lang='lat' dir='ltr'><strong>proceres</strong></span> <span class='ocrx_word' id='word_1_252' title='bbox 1811 2881 1878 2936; x_wconf 90' lang='lat' dir='ltr'><strong>ad</strong></span> <span class='ocrx_word' id='word_1_253' title='bbox 1897 2880 2082 2952; x_wconf 63' lang='lat' dir='ltr'><strong>Aquas</strong></span> 
     </span>
    </p>
   </div>
   <div class='ocr_carea' id='block_1_37' title="bbox 502 2947 2082 3022">
    <p class='ocr_par' dir='ltr' id='par_1_37' title="bbox 502 2947 2082 3022">
     <span class='ocr_line' id='line_1_39' title="bbox 502 2947 2082 3022; baseline 0.006 -23"><span class='ocrx_word' id='word_1_254' title='bbox 502 2947 722 3002; x_wconf 87' lang='lat' dir='ltr'><strong>veniunt</strong></span> <span class='ocrx_word' id='word_1_255' title='bbox 752 2947 1011 3005; x_wconf 68' lang='lat' dir='ltr'><strong>Grbdatas</strong></span> <span class='ocrx_word' id='word_1_256' title='bbox 1028 2969 1046 3016; x_wconf 91' lang='lat'><strong><em>;</em></strong></span> <span class='ocrx_word' id='word_1_257' title='bbox 1087 2960 1140 3006; x_wconf 92' lang='lat' dir='ltr'><strong>ct</strong></span> <span class='ocrx_word' id='word_1_258' title='bbox 1169 2952 1221 3005; x_wconf 92' lang='lat' dir='ltr'><strong>iu</strong></span> <span class='ocrx_word' id='word_1_259' title='bbox 1263 2947 1442 3006; x_wconf 75' lang='lat' dir='ltr'><strong>littore</strong></span> <span class='ocrx_word' id='word_1_260' title='bbox 1470 2947 1749 3017; x_wconf 72' lang='lat' dir='ltr'><strong>castellum</strong></span> <span class='ocrx_word' id='word_1_261' title='bbox 1774 2947 2082 3022; x_wconf 62' lang='lat' dir='ltr'><strong>spectabile</strong></span> 
     </span>
    </p>
   </div>
   <div class='ocr_carea' id='block_1_38' title="bbox 500 3020 2081 3091">
    <p class='ocr_par' dir='ltr' id='par_1_38' title="bbox 500 3020 2081 3091">
     <span class='ocr_line' id='line_1_40' title="bbox 500 3020 2081 3091; baseline 0.004 -22"><span class='ocrx_word' id='word_1_262' title='bbox 500 3025 934 3091; x_wconf 84' lang='lat' dir='ltr'><strong>construxerunt,</strong></span> <span class='ocrx_word' id='word_1_263' title='bbox 958 3021 1102 3090; x_wconf 90' lang='lat' dir='ltr'><strong>quod</strong></span> <span class='ocrx_word' id='word_1_264' title='bbox 1132 3022 1198 3077; x_wconf 92' lang='lat' dir='ltr'><strong>ab</strong></span> <span class='ocrx_word' id='word_1_265' title='bbox 1228 3037 1486 3091; x_wconf 86' lang='lat' dir='ltr'><strong>aquarum</strong></span> <span class='ocrx_word' id='word_1_266' title='bbox 1515 3022 1731 3076; x_wconf 87' lang='lat' dir='ltr'><strong>nomine</strong></span> <span class='ocrx_word' id='word_1_267' title='bbox 1758 3020 1960 3074; x_wconf 66' lang='lat' dir='ltr'><strong>Gradus</strong></span> <span class='ocrx_word' id='word_1_268' title='bbox 1986 3038 2081 3091; x_wconf 88' lang='lat' dir='ltr'><strong>ap-</strong></span> 
     </span>
    </p>
   </div>
   <div class='ocr_carea' id='block_1_39' title="bbox 502 3087 2080 3163">
    <p class='ocr_par' dir='ltr' id='par_1_39' title="bbox 502 3087 2080 3163">
     <span class='ocr_line' id='line_1_41' title="bbox 502 3087 2080 3163; baseline 0.004 -24"><span class='ocrx_word' id='word_1_269' title='bbox 502 3087 805 3163; x_wconf 36' lang='lat' dir='ltr'><strong>pellaturi}</strong></span> <span class='ocrx_word' id='word_1_270' title='bbox 852 3087 1100 3146; x_wconf 49' lang='lat' dir='ltr'><strong>Hoc—sibi</strong></span> <span class='ocrx_word' id='word_1_271' title='bbox 1128 3087 1426 3163; x_wconf 80' lang='lat' dir='ltr'><strong>perfugium</strong></span> <span class='ocrx_word' id='word_1_272' title='bbox 1458 3089 1823 3163; x_wconf 87' lang='lat' dir='ltr'><strong>Aquileienses</strong></span> <span class='ocrx_word' id='word_1_273' title='bbox 1852 3087 2080 3163; x_wconf 78' lang='lat' dir='ltr'><strong>optima-</strong></span> 
     </span>
    </p>
   </div>
   <div class='ocr_carea' id='block_1_40' title="bbox 507 3160 2079 3232">
    <p class='ocr_par' dir='ltr' id='par_1_40' title="bbox 507 3160 2079 3232">
     <span class='ocr_line' id='line_1_42' title="bbox 507 3160 2079 3232; baseline 0.003 -21"><span class='ocrx_word' id='word_1_274' title='bbox 507 3162 586 3232; x_wconf 56' lang='lat' dir='ltr'><strong>ies</strong></span> <span class='ocrx_word' id='word_1_275' title='bbox 608 3160 964 3232; x_wconf 83' lang='lat' dir='ltr'><strong>condiderunt</strong></span> <span class='ocrx_word' id='word_1_276' title='bbox 993 3177 1100 3218; x_wconf 92' lang='lat' dir='ltr'><strong>non</strong></span> <span class='ocrx_word' id='word_1_277' title='bbox 1129 3160 1316 3232; x_wconf 84' lang='lat' dir='ltr'><strong>procul</strong></span> <span class='ocrx_word' id='word_1_278' title='bbox 1341 3161 1577 3232; x_wconf 22' lang='lat' dir='ltr'><strong>aipatriis</strong></span> <span class='ocrx_word' id='word_1_279' title='bbox 1599 3162 1797 3216; x_wconf 92' lang='lat' dir='ltr'><strong>laribus</strong></span> <span class='ocrx_word' id='word_1_280' title='bbox 1823 3162 2079 3216; x_wconf 87' lang='lat' dir='ltr'><strong>adversus</strong></span> 
     </span>
    </p>
   </div>
   <div class='ocr_carea' id='block_1_41' title="bbox 1249 369 3100 433">
    <p class='ocr_par' dir='ltr' id='par_1_41' title="bbox 1249 369 3100 433">
     <span class='ocr_line' id='line_1_43' title="bbox 1249 369 3100 433; baseline -0.003 0"><span class='ocrx_word' id='word_1_281' title='bbox 1249 377 1306 433; x_wconf 85' lang='lat' dir='ltr'><strong>P.</strong></span> <span class='ocrx_word' id='word_1_282' title='bbox 1350 375 1628 432; x_wconf 70' lang='lat' dir='ltr'><strong>BRAIDAE</strong></span> <span class='ocrx_word' id='word_1_283' title='bbox 1672 372 2118 432; x_wconf 79' lang='lat' dir='ltr'><strong>DISSERTATIO</strong></span> <span class='ocrx_word' id='word_1_284' title='bbox 2157 369 2225 428; x_wconf 80' lang='lat' dir='ltr'><strong>IN</strong></span> <span class='ocrx_word' id='word_1_285' title='bbox 2265 371 2324 430; x_wconf 91' lang='lat' dir='ltr'><strong>S.</strong></span> <span class='ocrx_word' id='word_1_286' title='bbox 2367 371 2690 429; x_wconf 75' lang='lat' dir='ltr'><strong>NICETAM.</strong></span> <span class='ocrx_word' id='word_1_287' title='bbox 2723 405 2793 416; x_wconf 94' lang='lat'><strong><em>—</em></strong></span> <span class='ocrx_word' id='word_1_288' title='bbox 2820 373 2972 430; x_wconf 85' lang='lat' dir='ltr'><strong>CAP.</strong></span> <span class='ocrx_word' id='word_1_289' title='bbox 3016 372 3100 429; x_wconf 77' lang='lat' dir='ltr'><strong>Vl.</strong></span> 
     </span>
    </p>
   </div>
   <div class='ocr_carea' id='block_1_42' title="bbox 963 486 3799 565">
    <p class='ocr_par' dir='ltr' id='par_1_42' title="bbox 963 486 3799 565">
     <span class='ocr_line' id='line_1_44' title="bbox 963 486 3799 565; baseline -0.005 -13"><span class='ocrx_word' id='word_1_290' title='bbox 963 509 994 552; x_wconf 88' lang='lat' dir='ltr'><strong>e</strong></span> <span class='ocrx_word' id='word_1_291' title='bbox 1021 494 1294 552; x_wconf 66' lang='lat' dir='ltr'><strong>Emiliam</strong></span> <span class='ocrx_word' id='word_1_292' title='bbox 1320 494 1387 548; x_wconf 92' lang='lat' dir='ltr'><strong>ad</strong></span> <span class='ocrx_word' id='word_1_293' title='bbox 1412 493 1615 565; x_wconf 86' lang='lat' dir='ltr'><strong>primas</strong></span> <span class='ocrx_word' id='word_1_294' title='bbox 1643 491 2018 565; x_wconf 67' lang='lat' dir='ltr'><strong>Italicurbes,</strong></span> <span class='ocrx_word' id='word_1_295' title='bbox 2043 504 2108 545; x_wconf 91' lang='lat' dir='ltr'><strong>ac</strong></span> <span class='ocrx_word' id='word_1_296' title='bbox 2132 495 2180 555; x_wconf 73' lang='grc' dir='ltr'>Α</span> <span class='ocrx_word' id='word_1_297' title='bbox 2210 486 2538 558; x_wconf 87' lang='lat' dir='ltr'><strong>Aquileiensi</strong></span> <span class='ocrx_word' id='word_1_298' title='bbox 2558 487 2776 565; x_wconf 77' lang='lat' dir='ltr'><strong>civitate</strong></span> <span class='ocrx_word' id='word_1_299' title='bbox 2795 497 2852 544; x_wconf 90' lang='lat' dir='ltr'><strong>et</strong></span> <span class='ocrx_word' id='word_1_300' title='bbox 2877 488 3187 565; x_wconf 87' lang='lat' dir='ltr'><strong>agro,_banc</strong></span> <span class='ocrx_word' id='word_1_301' title='bbox 3207 489 3373 565; x_wconf 82' lang='lat' dir='ltr'><strong>fuisse</strong></span> <span class='ocrx_word' id='word_1_302' title='bbox 3399 488 3655 565; x_wconf 89' lang='lat' dir='ltr'><strong>Secundo</strong></span> <span class='ocrx_word' id='word_1_303' title='bbox 3681 495 3799 565; x_wconf 64' lang='lat' dir='ltr'><strong>cpi-</strong></span> 
     </span>
    </p>
   </div>
   <div class='ocr_carea' id='block_1_43' title="bbox 3691 377 3799 432">
    <p class='ocr_par' dir='ltr' id='par_1_43' title="bbox 3691 377 3799 432">
     <span class='ocr_line' id='line_1_45' title="bbox 3691 377 3799 432; baseline 0 0"><span class='ocrx_word' id='word_1_304' title='bbox 3691 377 3799 432; x_wconf 72' lang='lat'><strong>992</strong></span> 
     </span>
    </p>
   </div>
   <div class='ocr_carea' id='block_1_44' title="bbox 2207 559 3796 630">
    <p class='ocr_par' dir='ltr' id='par_1_44' title="bbox 2207 559 3796 630">
     <span class='ocr_line' id='line_1_46' title="bbox 2207 559 3796 630; baseline 0.004 -16"><span class='ocrx_word' id='word_1_305' title='bbox 2207 573 2373 628; x_wconf 88' lang='lat' dir='ltr'><strong>scopo</strong></span> <span class='ocrx_word' id='word_1_306' title='bbox 2397 559 2736 614; x_wconf 91' lang='lat' dir='ltr'><strong>occasionem</strong></span> <span class='ocrx_word' id='word_1_307' title='bbox 2751 574 2814 614; x_wconf 92' lang='lat' dir='ltr'><strong>ac</strong></span> <span class='ocrx_word' id='word_1_308' title='bbox 2835 561 3203 630; x_wconf 84' lang='lat' dir='ltr'><strong>necessitatem</strong></span> <span class='ocrx_word' id='word_1_309' title='bbox 3219 562 3460 616; x_wconf 88' lang='lat' dir='ltr'><strong>omnium</strong></span> <span class='ocrx_word' id='word_1_310' title='bbox 3482 559 3796 630; x_wconf 66' lang='lat' dir='ltr'><strong>maximam,</strong></span> 
     </span>
    </p>
   </div>
   <div class='ocr_carea' id='block_1_45' title="bbox 2206 629 3795 702">
    <p class='ocr_par' dir='ltr' id='par_1_45' title="bbox 2206 629 3795 702">
     <span class='ocr_line' id='line_1_47' title="bbox 2206 629 3795 702; baseline 0.004 -19"><span class='ocrx_word' id='word_1_311' title='bbox 2206 631 2670 702; x_wconf 36' lang='lat' dir='ltr'><strong>nemounegaverit</strong></span> <span class='ocrx_word' id='word_1_312' title='bbox 2714 629 2885 702; x_wconf 66' lang='lat' dir='ltr'><strong>gquin</strong></span> <span class='ocrx_word' id='word_1_313' title='bbox 2915 631 3246 702; x_wconf 15' lang='lat' dir='ltr'><strong>etiam,iinon</strong></span> <span class='ocrx_word' id='word_1_314' title='bbox 3286 631 3575 688; x_wconf 88' lang='lat' dir='ltr'><strong>secedendi</strong></span> <span class='ocrx_word' id='word_1_315' title='bbox 3614 629 3795 702; x_wconf 86' lang='lat' dir='ltr'><strong>modo,</strong></span> 
     </span>
    </p>
   </div>
   <div class='ocr_carea' id='block_1_46' title="bbox 2205 699 3794 775">
    <p class='ocr_par' dir='ltr' id='par_1_46' title="bbox 2205 699 3794 775">
     <span class='ocr_line' id='line_1_48' title="bbox 2205 699 3794 775; baseline 0.001 -21"><span class='ocrx_word' id='word_1_316' title='bbox 2205 700 2301 775; x_wconf 78' lang='lat' dir='ltr'><strong>sed</strong></span> <span class='ocrx_word' id='word_1_317' title='bbox 2324 699 2452 775; x_wconf 82' lang='lat' dir='ltr'><strong>alibi</strong></span> <span class='ocrx_word' id='word_1_318' title='bbox 2478 715 2691 770; x_wconf 87' lang='lat' dir='ltr'><strong>quoque</strong></span> <span class='ocrx_word' id='word_1_319' title='bbox 2716 701 2885 775; x_wconf 77' lang='lat' dir='ltr'><strong>lenge</strong></span> <span class='ocrx_word' id='word_1_320' title='bbox 2895 700 2962 756; x_wconf 89' lang='lat' dir='ltr'><strong>ab</strong></span> <span class='ocrx_word' id='word_1_321' title='bbox 2983 701 3562 775; x_wconf 58' lang='lat' dir='ltr'><strong>Aquileiensiciviiate</strong></span> <span class='ocrx_word' id='word_1_322' title='bbox 3584 710 3642 759; x_wconf 82' lang='lat' dir='ltr'><strong>et</strong></span> <span class='ocrx_word' id='word_1_323' title='bbox 3667 699 3794 775; x_wconf 70' lang='lat' dir='ltr'><strong>agro</strong></span> 
     </span>
    </p>
   </div>
   <div class='ocr_carea' id='block_1_47' title="bbox 2203 770 3792 841">
    <p class='ocr_par' dir='ltr' id='par_1_47' title="bbox 2203 770 3792 841">
     <span class='ocr_line' id='line_1_49' title="bbox 2203 770 3792 841; baseline 0.003 -16"><span class='ocrx_word' id='word_1_324' title='bbox 2203 770 2403 826; x_wconf 91' lang='lat' dir='ltr'><strong>diutius</strong></span> <span class='ocrx_word' id='word_1_325' title='bbox 2438 770 2808 841; x_wconf 85' lang='lat' dir='ltr'><strong>permanendi.</strong></span> <span class='ocrx_word' id='word_1_326' title='bbox 2850 770 3042 826; x_wconf 86' lang='lat' dir='ltr'><strong>Portus</strong></span> <span class='ocrx_word' id='word_1_327' title='bbox 3081 787 3211 826; x_wconf 89' lang='lat' dir='ltr'><strong>vero</strong></span> <span class='ocrx_word' id='word_1_328' title='bbox 3250 771 3410 828; x_wconf 87' lang='lat' dir='ltr'><strong>Plinii</strong></span> <span class='ocrx_word' id='word_1_329' title='bbox 3448 770 3792 840; x_wconf 68' lang='lat' dir='ltr'><strong>Romatiuus,</strong></span> 
     </span>
    </p>
   </div>
   <div class='ocr_carea' id='block_1_48' title="bbox 2202 840 3790 912">
    <p class='ocr_par' dir='ltr' id='par_1_48' title="bbox 2202 840 3790 912">
     <span class='ocr_line' id='line_1_50' title="bbox 2202 840 3790 912; baseline 0.004 -18"><span class='ocrx_word' id='word_1_330' title='bbox 2202 841 2270 894; x_wconf 90' lang='lat' dir='ltr'><strong>ad</strong></span> <span class='ocrx_word' id='word_1_331' title='bbox 2297 840 2490 912; x_wconf 79' lang='lat' dir='ltr'><strong>ostium</strong></span> <span class='ocrx_word' id='word_1_332' title='bbox 2528 840 2673 912; x_wconf 84' lang='lat' dir='ltr'><strong>ﬂuvii</strong></span> <span class='ocrx_word' id='word_1_333' title='bbox 2716 855 2892 910; x_wconf 87' lang='lat' dir='ltr'><strong>neque</strong></span> <span class='ocrx_word' id='word_1_334' title='bbox 2920 842 2994 896; x_wconf 88' lang='lat' dir='ltr'><strong>ita</strong></span> <span class='ocrx_word' id='word_1_335' title='bbox 3030 842 3217 912; x_wconf 89' lang='lat' dir='ltr'><strong>procul</strong></span> <span class='ocrx_word' id='word_1_336' title='bbox 3243 858 3276 896; x_wconf 90' lang='lat' dir='ltr'><strong>a</strong></span> <span class='ocrx_word' id='word_1_337' title='bbox 3299 842 3610 899; x_wconf 85' lang='lat' dir='ltr'><strong>Concordia</strong></span> <span class='ocrx_word' id='word_1_338' title='bbox 3639 847 3790 910; x_wconf 81' lang='lat' dir='ltr'><strong>situs,</strong></span> 
     </span>
    </p>
   </div>
   <div class='ocr_carea' id='block_1_49' title="bbox 2202 910 3792 982">
    <p class='ocr_par' dir='ltr' id='par_1_49' title="bbox 2202 910 3792 982">
     <span class='ocr_line' id='line_1_51' title="bbox 2202 910 3792 982; baseline 0.003 -17"><span class='ocrx_word' id='word_1_339' title='bbox 2202 918 2350 982; x_wconf 78' lang='lat' dir='ltr'><strong>tutus</strong></span> <span class='ocrx_word' id='word_1_340' title='bbox 2370 910 2560 980; x_wconf 88' lang='lat' dir='ltr'><strong>refugii</strong></span> <span class='ocrx_word' id='word_1_341' title='bbox 2580 912 2731 966; x_wconf 91' lang='lat' dir='ltr'><strong>locus</strong></span> <span class='ocrx_word' id='word_1_342' title='bbox 2752 927 2870 966; x_wconf 90' lang='lat' dir='ltr'><strong>esse</strong></span> <span class='ocrx_word' id='word_1_343' title='bbox 2891 928 2997 967; x_wconf 92' lang='lat' dir='ltr'><strong>non</strong></span> <span class='ocrx_word' id='word_1_344' title='bbox 3017 910 3250 982; x_wconf 85' lang='lat' dir='ltr'><strong>poterat,</strong></span> <span class='ocrx_word' id='word_1_345' title='bbox 3268 914 3338 969; x_wconf 90' lang='lat' dir='ltr'><strong>ob</strong></span> <span class='ocrx_word' id='word_1_346' title='bbox 3359 915 3642 982; x_wconf 80' lang='lat' dir='ltr'><strong>ingentem</strong></span> <span class='ocrx_word' id='word_1_347' title='bbox 3660 914 3792 970; x_wconf 84' lang='lat' dir='ltr'><strong>Bar-</strong></span> 
     </span>
    </p>
   </div>
   <div class='ocr_carea' id='block_1_50' title="bbox 2198 979 3792 1048">
    <p class='ocr_par' dir='ltr' id='par_1_50' title="bbox 2198 979 3792 1048">
     <span class='ocr_line' id='line_1_52' title="bbox 2198 979 3792 1048; baseline 0.003 -12"><span class='ocrx_word' id='word_1_348' title='bbox 2198 979 2451 1037; x_wconf 90' lang='lat' dir='ltr'><strong>barorum</strong></span> <span class='ocrx_word' id='word_1_349' title='bbox 2480 979 2892 1048; x_wconf 83' lang='lat' dir='ltr'><strong>multitudinem,</strong></span> <span class='ocrx_word' id='word_1_350' title='bbox 2917 979 3087 1048; x_wconf 77' lang='lat' dir='ltr'><strong>quiin</strong></span> <span class='ocrx_word' id='word_1_351' title='bbox 3107 979 3689 1040; x_wconf 52' lang='lat' dir='ltr'><strong>ConCordim&#39;civitatis</strong></span> <span class='ocrx_word' id='word_1_352' title='bbox 3709 1001 3792 1040; x_wconf 90' lang='lat' dir='ltr'><strong>ex-</strong></span> 
     </span>
    </p>
   </div>
   <div class='ocr_carea' id='block_1_51' title="bbox 2199 1052 3792 1124">
    <p class='ocr_par' dir='ltr' id='par_1_51' title="bbox 2199 1052 3792 1124">
     <span class='ocr_line' id='line_1_53' title="bbox 2199 1052 3792 1124; baseline 0.003 -17"><span class='ocrx_word' id='word_1_353' title='bbox 2199 1052 2340 1107; x_wconf 91' lang='lat' dir='ltr'><strong>cidio</strong></span> <span class='ocrx_word' id='word_1_354' title='bbox 2387 1052 2971 1124; x_wconf 72' lang='lat' dir='ltr'><strong>nequaquamputandi</strong></span> <span class='ocrx_word' id='word_1_355' title='bbox 3007 1061 3131 1108; x_wconf 89' lang='lat' dir='ltr'><strong>sunt</strong></span> <span class='ocrx_word' id='word_1_356' title='bbox 3168 1054 3452 1124; x_wconf 87' lang='lat' dir='ltr'><strong>reliquisse</strong></span> <span class='ocrx_word' id='word_1_357' title='bbox 3496 1055 3792 1111; x_wconf 85' lang='lat' dir='ltr'><strong>immunem</strong></span> 
     </span>
    </p>
   </div>
   <div class='ocr_carea' id='block_1_52' title="bbox 2199 1121 3792 1246">
    <p class='ocr_par' dir='ltr' id='par_1_52' title="bbox 2199 1121 3792 1246">
     <span class='ocr_line' id='line_1_54' title="bbox 2199 1121 3792 1246; baseline 0.002 -69"><span class='ocrx_word' id='word_1_358' title='bbox 2199 1130 2413 1192; x_wconf 90' lang='lat' dir='ltr'><strong>portum</strong></span> <span class='ocrx_word' id='word_1_359' title='bbox 2433 1123 2582 1246; x_wconf 52' lang='lat'><strong>13}</strong></span> <span class='ocrx_word' id='word_1_360' title='bbox 2601 1121 2842 1189; x_wconf 89' lang='lat' dir='ltr'><strong>ejusdem</strong></span> <span class='ocrx_word' id='word_1_361' title='bbox 2855 1122 2922 1176; x_wconf 88' lang='lat' dir='ltr'><strong>ad</strong></span> <span class='ocrx_word' id='word_1_362' title='bbox 2936 1122 3239 1179; x_wconf 83' lang='lat' dir='ltr'><strong>Romatium</strong></span> <span class='ocrx_word' id='word_1_363' title='bbox 3254 1121 3480 1180; x_wconf 84' lang='lat' dir='ltr'><strong>ﬂuvium</strong></span> <span class='ocrx_word' id='word_1_364' title='bbox 3496 1127 3687 1190; x_wconf 86' lang='lat' dir='ltr'><strong>situm,</strong></span> <span class='ocrx_word' id='word_1_365' title='bbox 3704 1126 3792 1181; x_wconf 90' lang='lat' dir='ltr'><strong>ubi</strong></span> 
     </span>
     <span class='ocr_line' id='line_1_55' title="bbox 2199 1193 3792 1246; baseline 0 0"><span class='ocrx_word' id='word_1_366' title='bbox 2199 1193 2365 1246; x_wconf 90' lang='lat' dir='ltr'><strong>multa</strong></span> <span class='ocrx_word' id='word_1_367' title='bbox 2381 1209 2549 1246; x_wconf 88' lang='lat' dir='ltr'><strong>nrocu</strong></span> <span class='ocrx_word' id='word_1_368' title='bbox 2569 1193 2732 1246; x_wconf 91' lang='lat' dir='ltr'><strong>dubio</strong></span> <span class='ocrx_word' id='word_1_369' title='bbox 2749 1208 2966 1246; x_wconf 87' lang='lat' dir='ltr'><strong>necesse</strong></span> <span class='ocrx_word' id='word_1_370' title='bbox 2981 1201 3098 1246; x_wconf 86' lang='lat' dir='ltr'><strong>erat</strong></span> <span class='ocrx_word' id='word_1_371' title='bbox 3111 1203 3363 1246; x_wconf 65' lang='lat' dir='ltr'><strong>congesta</strong></span> <span class='ocrx_word' id='word_1_372' title='bbox 3386 1194 3561 1246; x_wconf 83' lang='lat' dir='ltr'><strong>fuisse</strong></span> <span class='ocrx_word' id='word_1_373' title='bbox 3575 1211 3649 1246; x_wconf 84' lang='lat' dir='ltr'><strong>ex</strong></span> <span class='ocrx_word' id='word_1_374' title='bbox 3662 1212 3792 1246; x_wconf 80' lang='lat' dir='ltr'><strong>mer-</strong></span> 
     </span>
    </p>
   </div>
   <div class='ocr_carea' id='block_1_53' title="bbox 2197 1193 3793 1262">
    <p class='ocr_par' dir='ltr' id='par_1_53' title="bbox 2197 1193 3793 1262">
     <span class='ocr_line' id='line_1_56' title="bbox 2197 1193 3793 1262; baseline 0.004 -17"><span class='ocrx_word' id='word_1_375' title='bbox 2197 1193 2365 1247; x_wconf 90' lang='lat' dir='ltr'><strong>multa</strong></span> <span class='ocrx_word' id='word_1_376' title='bbox 2381 1193 2732 1262; x_wconf 86' lang='lat' dir='ltr'><strong>proculdubio</strong></span> <span class='ocrx_word' id='word_1_377' title='bbox 2749 1208 2966 1248; x_wconf 88' lang='lat' dir='ltr'><strong>necesse</strong></span> <span class='ocrx_word' id='word_1_378' title='bbox 2981 1201 3098 1248; x_wconf 89' lang='lat' dir='ltr'><strong>erat</strong></span> <span class='ocrx_word' id='word_1_379' title='bbox 3111 1203 3363 1262; x_wconf 83' lang='lat' dir='ltr'><strong>congesta</strong></span> <span class='ocrx_word' id='word_1_380' title='bbox 3386 1194 3561 1251; x_wconf 89' lang='lat' dir='ltr'><strong>fuisse</strong></span> <span class='ocrx_word' id='word_1_381' title='bbox 3575 1211 3649 1250; x_wconf 89' lang='lat' dir='ltr'><strong>ex</strong></span> <span class='ocrx_word' id='word_1_382' title='bbox 3662 1212 3793 1251; x_wconf 87' lang='lat' dir='ltr'><strong>mer-</strong></span> 
     </span>
    </p>
   </div>
   <div class='ocr_carea' id='block_1_54' title="bbox 2199 1262 3788 1334">
    <p class='ocr_par' dir='ltr' id='par_1_54' title="bbox 2199 1262 3788 1334">
     <span class='ocr_line' id='line_1_57' title="bbox 2199 1262 3788 1334; baseline 0.004 -19"><span class='ocrx_word' id='word_1_383' title='bbox 2199 1262 2350 1334; x_wconf 85' lang='lat' dir='ltr'><strong>cibus</strong></span> <span class='ocrx_word' id='word_1_384' title='bbox 2371 1263 2544 1334; x_wconf 87' lang='lat' dir='ltr'><strong>omnis</strong></span> <span class='ocrx_word' id='word_1_385' title='bbox 2566 1263 2779 1334; x_wconf 77' lang='lat' dir='ltr'><strong>generis</strong></span> <span class='ocrx_word' id='word_1_386' title='bbox 2800 1263 3154 1334; x_wconf 86' lang='lat' dir='ltr'><strong>undequaque</strong></span> <span class='ocrx_word' id='word_1_387' title='bbox 3175 1262 3434 1331; x_wconf 84' lang='lat' dir='ltr'><strong>advectis,</strong></span> <span class='ocrx_word' id='word_1_388' title='bbox 3451 1281 3578 1334; x_wconf 70' lang='lat' dir='ltr'><strong>quae</strong></span> <span class='ocrx_word' id='word_1_389' title='bbox 3607 1281 3788 1321; x_wconf 86' lang='lat' dir='ltr'><strong>eorum</strong></span> 
     </span>
    </p>
   </div>
   <div class='ocr_carea' id='block_1_55' title="bbox 2198 1332 3788 1414">
    <p class='ocr_par' dir='ltr' id='par_1_55' title="bbox 2198 1332 3788 1414">
     <span class='ocr_line' id='line_1_58' title="bbox 2198 1332 3788 1414; baseline 0.003 -28"><span class='ocrx_word' id='word_1_390' title='bbox 2198 1333 2471 1414; x_wconf 56' lang='lat' dir='ltr'><strong>przedanfii</strong></span> <span class='ocrx_word' id='word_1_391' title='bbox 2499 1332 2848 1414; x_wconf 75' lang='lat' dir='ltr'><strong>cupiditatem</strong></span> <span class='ocrx_word' id='word_1_392' title='bbox 2873 1332 3178 1414; x_wconf 66' lang='lat' dir='ltr'><strong>incitarent.</strong></span> <span class='ocrx_word' id='word_1_393' title='bbox 3211 1332 3526 1414; x_wconf 71' lang='lat' dir='ltr'><strong>Quiqimnio</strong></span> <span class='ocrx_word' id='word_1_394' title='bbox 3573 1344 3788 1414; x_wconf 72' lang='lat' dir='ltr'><strong>portum</strong></span> 
     </span>
    </p>
   </div>
   <div class='ocr_carea' id='block_1_56' title="bbox 2197 1402 3789 1472">
    <p class='ocr_par' dir='ltr' id='par_1_56' title="bbox 2197 1402 3789 1472">
     <span class='ocr_line' id='line_1_59' title="bbox 2197 1402 3789 1472; baseline 0.004 -16"><span class='ocrx_word' id='word_1_395' title='bbox 2197 1402 2372 1472; x_wconf 88' lang='lat' dir='ltr'><strong>ipsum</strong></span> <span class='ocrx_word' id='word_1_396' title='bbox 2413 1402 2756 1458; x_wconf 83' lang='lat' dir='ltr'><strong>Romatinum</strong></span> <span class='ocrx_word' id='word_1_397' title='bbox 2785 1403 2851 1458; x_wconf 90' lang='lat' dir='ltr'><strong>ad</strong></span> <span class='ocrx_word' id='word_1_398' title='bbox 2895 1404 3089 1458; x_wconf 90' lang='lat' dir='ltr'><strong>ostium</strong></span> <span class='ocrx_word' id='word_1_399' title='bbox 3117 1403 3260 1460; x_wconf 90' lang='lat' dir='ltr'><strong>ﬂuvii</strong></span> <span class='ocrx_word' id='word_1_400' title='bbox 3301 1405 3491 1471; x_wconf 90' lang='lat' dir='ltr'><strong>situm,</strong></span> <span class='ocrx_word' id='word_1_401' title='bbox 3543 1402 3789 1462; x_wconf 74' lang='lat' dir='ltr'><strong>eamdem</strong></span> 
     </span>
    </p>
   </div>
   <div class='ocr_carea' id='block_1_57' title="bbox 2196 1472 3788 1545">
    <p class='ocr_par' dir='ltr' id='par_1_57' title="bbox 2196 1472 3788 1545">
     <span class='ocr_line' id='line_1_60' title="bbox 2196 1472 3788 1545; baseline 0.003 -19"><span class='ocrx_word' id='word_1_402' title='bbox 2196 1479 2326 1529; x_wconf 90' lang='lat' dir='ltr'><strong>tunc</strong></span> <span class='ocrx_word' id='word_1_403' title='bbox 2347 1473 2572 1545; x_wconf 82' lang='lat' dir='ltr'><strong>subiisse</strong></span> <span class='ocrx_word' id='word_1_404' title='bbox 2600 1488 2722 1529; x_wconf 89' lang='lat' dir='ltr'><strong>cum</strong></span> <span class='ocrx_word' id='word_1_405' title='bbox 2749 1472 3067 1545; x_wconf 78' lang='lat' dir='ltr'><strong>Concordia,</strong></span> <span class='ocrx_word' id='word_1_406' title='bbox 3098 1473 3248 1544; x_wconf 87' lang='lat' dir='ltr'><strong>cujus</strong></span> <span class='ocrx_word' id='word_1_407' title='bbox 3285 1483 3404 1531; x_wconf 90' lang='lat' dir='ltr'><strong>erat</strong></span> <span class='ocrx_word' id='word_1_408' title='bbox 3433 1485 3652 1545; x_wconf 89' lang='lat' dir='ltr'><strong>portus,</strong></span> <span class='ocrx_word' id='word_1_409' title='bbox 3683 1475 3788 1531; x_wconf 80' lang='lat' dir='ltr'><strong>for-</strong></span> 
     </span>
    </p>
   </div>
   <div class='ocr_carea' id='block_1_58' title="bbox 2196 1543 3788 1613">
    <p class='ocr_par' dir='ltr' id='par_1_58' title="bbox 2196 1543 3788 1613">
     <span class='ocr_line' id='line_1_61' title="bbox 2196 1543 3788 1613; baseline 0.004 -17"><span class='ocrx_word' id='word_1_410' title='bbox 2196 1550 2402 1613; x_wconf 83' lang='lat' dir='ltr'><strong>tunam,</strong></span> <span class='ocrx_word' id='word_1_411' title='bbox 2434 1551 2489 1598; x_wconf 90' lang='lat' dir='ltr'><strong>et</strong></span> <span class='ocrx_word' id='word_1_412' title='bbox 2538 1543 2632 1607; x_wconf 88' lang='lat' dir='ltr'><strong>ita,</strong></span> <span class='ocrx_word' id='word_1_413' title='bbox 2665 1551 2724 1597; x_wconf 93' lang='lat' dir='ltr'><strong>ut</strong></span> <span class='ocrx_word' id='word_1_414' title='bbox 2766 1544 2920 1613; x_wconf 89' lang='lat' dir='ltr'><strong>aquis</strong></span> <span class='ocrx_word' id='word_1_415' title='bbox 2941 1543 3174 1609; x_wconf 89' lang='lat' dir='ltr'><strong>demum,</strong></span> <span class='ocrx_word' id='word_1_416' title='bbox 3206 1543 3452 1600; x_wconf 54' lang='lat' dir='ltr'><strong>nemine</strong></span> <span class='ocrx_word' id='word_1_417' title='bbox 3473 1546 3788 1612; x_wconf 74' lang='lat' dir='ltr'><strong>cohibente,</strong></span> 
     </span>
    </p>
   </div>
   <div class='ocr_carea' id='block_1_59' title="bbox 2195 1611 3790 1683">
    <p class='ocr_par' dir='ltr' id='par_1_59' title="bbox 2195 1611 3790 1683">
     <span class='ocr_line' id='line_1_62' title="bbox 2195 1611 3790 1683; baseline 0.004 -17"><span class='ocrx_word' id='word_1_418' title='bbox 2195 1611 2365 1668; x_wconf 90' lang='lat' dir='ltr'><strong>libere</strong></span> <span class='ocrx_word' id='word_1_419' title='bbox 2381 1613 2772 1669; x_wconf 80' lang='lat' dir='ltr'><strong>exundantibus</strong></span> <span class='ocrx_word' id='word_1_420' title='bbox 2793 1611 3008 1683; x_wconf 81' lang='lat' dir='ltr'><strong>penitus</strong></span> <span class='ocrx_word' id='word_1_421' title='bbox 3035 1615 3378 1682; x_wconf 70' lang='lat' dir='ltr'><strong>interiret,§ac</strong></span> <span class='ocrx_word' id='word_1_422' title='bbox 3395 1615 3575 1670; x_wconf 84' lang='lat' dir='ltr'><strong>veluti</strong></span> <span class='ocrx_word' id='word_1_423' title='bbox 3604 1632 3790 1672; x_wconf 80' lang='lat' dir='ltr'><strong>evane-</strong></span> 
     </span>
    </p>
   </div>
   <div class='ocr_carea' id='block_1_60' title="bbox 2195 1683 3790 1755">
    <p class='ocr_par' dir='ltr' id='par_1_60' title="bbox 2195 1683 3790 1755">
     <span class='ocr_line' id='line_1_63' title="bbox 2195 1683 3790 1755; baseline 0.003 -18"><span class='ocrx_word' id='word_1_424' title='bbox 2195 1692 2389 1755; x_wconf 90' lang='lat' dir='ltr'><strong>sceret,</strong></span> <span class='ocrx_word' id='word_1_425' title='bbox 2422 1685 2561 1739; x_wconf 91' lang='lat' dir='ltr'><strong>sicut</strong></span> <span class='ocrx_word' id='word_1_426' title='bbox 2590 1683 2710 1738; x_wconf 87' lang='lat' dir='ltr'><strong>aliis</strong></span> <span class='ocrx_word' id='word_1_427' title='bbox 2756 1684 2919 1738; x_wconf 89' lang='lat' dir='ltr'><strong>etiam</strong></span> <span class='ocrx_word' id='word_1_428' title='bbox 2945 1685 3170 1755; x_wconf 81' lang='lat' dir='ltr'><strong>contigit</strong></span> <span class='ocrx_word' id='word_1_429' title='bbox 3194 1685 3513 1741; x_wconf 82' lang='lat' dir='ltr'><strong>clarissimis</strong></span> <span class='ocrx_word' id='word_1_430' title='bbox 3561 1685 3695 1742; x_wconf 90' lang='lat' dir='ltr'><strong>olim</strong></span> <span class='ocrx_word' id='word_1_431' title='bbox 3723 1688 3790 1742; x_wconf 61' lang='lat' dir='ltr'><strong>le</strong></span> 
     </span>
    </p>
   </div>
   <div class='ocr_carea' id='block_1_61' title="bbox 2195 1754 3789 1825">
    <p class='ocr_par' dir='ltr' id='par_1_61' title="bbox 2195 1754 3789 1825">
     <span class='ocr_line' id='line_1_64' title="bbox 2195 1754 3789 1825; baseline 0.002 -17"><span class='ocrx_word' id='word_1_432' title='bbox 2195 1754 2271 1808; x_wconf 90' lang='lat' dir='ltr'><strong>cis</strong></span> <span class='ocrx_word' id='word_1_433' title='bbox 2300 1769 2363 1809; x_wconf 91' lang='lat' dir='ltr'><strong>ac</strong></span> <span class='ocrx_word' id='word_1_434' title='bbox 2406 1755 2712 1825; x_wconf 86' lang='lat' dir='ltr'><strong>civitatibus</strong></span> <span class='ocrx_word' id='word_1_435' title='bbox 2739 1770 2908 1825; x_wconf 87' lang='lat' dir='ltr'><strong>prope</strong></span> <span class='ocrx_word' id='word_1_436' title='bbox 2937 1754 3112 1822; x_wconf 89' lang='lat' dir='ltr'><strong>aquas</strong></span> <span class='ocrx_word' id='word_1_437' title='bbox 3139 1756 3288 1819; x_wconf 85' lang='lat' dir='ltr'><strong>sitis,</strong></span> <span class='ocrx_word' id='word_1_438' title='bbox 3318 1755 3789 1811; x_wconf 84' lang='lat' dir='ltr'><strong>verosimillimum</strong></span> 
     </span>
    </p>
   </div>
   <div class='ocr_carea' id='block_1_62' title="bbox 2195 1824 3786 1950">
    <p class='ocr_par' dir='ltr' id='par_1_62' title="bbox 2195 1824 3786 1950">
     <span class='ocr_line' id='line_1_65' title="bbox 2195 1824 3786 1950; baseline 0.001 -72"><span class='ocrx_word' id='word_1_439' title='bbox 2195 1839 2314 1879; x_wconf 89' lang='lat' dir='ltr'><strong>esse</strong></span> <span class='ocrx_word' id='word_1_440' title='bbox 2340 1824 2567 1879; x_wconf 89' lang='lat' dir='ltr'><strong>videtur.</strong></span> <span class='ocrx_word' id='word_1_441' title='bbox 2601 1824 2828 1879; x_wconf 90' lang='lat' dir='ltr'><strong>Tantam</strong></span> <span class='ocrx_word' id='word_1_442' title='bbox 2845 1824 3210 1894; x_wconf 80' lang='lat' dir='ltr'><strong>Aquileiensis</strong></span> <span class='ocrx_word' id='word_1_443' title='bbox 3235 1825 3532 1950; x_wconf 57' lang='lat' dir='ltr'><strong>qmviucire</strong></span> <span class='ocrx_word' id='word_1_444' title='bbox 3556 1826 3786 1891; x_wconf 83' lang='lat' dir='ltr'><strong>cladem,</strong></span> 
     </span>
     <span class='ocr_line' id='line_1_66' title="bbox 2195 1895 3786 1950; baseline 0.002 -3"><span class='ocrx_word' id='word_1_445' title='bbox 2195 1909 2258 1949; x_wconf 89' lang='lat' dir='ltr'><strong>ac</strong></span> <span class='ocrx_word' id='word_1_446' title='bbox 2305 1902 2571 1949; x_wconf 89' lang='lat' dir='ltr'><strong>tantarum</strong></span> <span class='ocrx_word' id='word_1_447' title='bbox 2618 1895 2889 1950; x_wconf 86' lang='lat' dir='ltr'><strong>civitatum</strong></span> <span class='ocrx_word' id='word_1_448' title='bbox 2936 1895 3203 1950; x_wconf 79' lang='lat' dir='ltr'><strong>excidium</strong></span> <span class='ocrx_word' id='word_1_449' title='bbox 3269 1895 3383 1950; x_wconf 90' lang='lat' dir='ltr'><strong>uxit</strong></span> <span class='ocrx_word' id='word_1_450' title='bbox 3427 1897 3786 1950; x_wconf 79' lang='lat' dir='ltr'><strong>proculdubio</strong></span> 
     </span>
    </p>
   </div>
   <div class='ocr_carea' id='block_1_63' title="bbox 2195 1895 3790 1966">
    <p class='ocr_par' dir='ltr' id='par_1_63' title="bbox 2195 1895 3790 1966">
     <span class='ocr_line' id='line_1_67' title="bbox 2195 1895 3790 1966; baseline 0.003 -19"><span class='ocrx_word' id='word_1_451' title='bbox 2195 1909 2274 1966; x_wconf 15' lang='lat' dir='ltr'><strong>ace</strong></span> <span class='ocrx_word' id='word_1_452' title='bbox 2305 1902 2571 1966; x_wconf 71' lang='lat' dir='ltr'><strong>tantarum</strong></span> <span class='ocrx_word' id='word_1_453' title='bbox 2618 1895 2889 1966; x_wconf 84' lang='lat' dir='ltr'><strong>civitatum</strong></span> <span class='ocrx_word' id='word_1_454' title='bbox 2934 1895 3203 1966; x_wconf 79' lang='lat' dir='ltr'><strong>excidium</strong></span> <span class='ocrx_word' id='word_1_455' title='bbox 3239 1895 3390 1966; x_wconf 84' lang='lat' dir='ltr'><strong>luxit</strong></span> <span class='ocrx_word' id='word_1_456' title='bbox 3411 1897 3790 1966; x_wconf 78' lang='lat' dir='ltr'><strong>proculdubio</strong></span> 
     </span>
    </p>
   </div>
   <div class='ocr_carea' id='block_1_64' title="bbox 2193 1964 3790 2034">
    <p class='ocr_par' dir='ltr' id='par_1_64' title="bbox 2193 1964 3790 2034">
     <span class='ocr_line' id='line_1_68' title="bbox 2193 1964 3790 2034; baseline 0.001 -16"><span class='ocrx_word' id='word_1_457' title='bbox 2193 1965 2475 2034; x_wconf 84' lang='lat' dir='ltr'><strong>episcOpus</strong></span> <span class='ocrx_word' id='word_1_458' title='bbox 2503 1964 2798 2030; x_wconf 87' lang='lat' dir='ltr'><strong>Secundus,</strong></span> <span class='ocrx_word' id='word_1_459' title='bbox 2829 1981 2892 2020; x_wconf 89' lang='lat' dir='ltr'><strong>ac</strong></span> <span class='ocrx_word' id='word_1_460' title='bbox 2917 1965 3130 2020; x_wconf 88' lang='lat' dir='ltr'><strong>demum</strong></span> <span class='ocrx_word' id='word_1_461' title='bbox 3161 1982 3302 2022; x_wconf 90' lang='lat' dir='ltr'><strong>anno</strong></span> <span class='ocrx_word' id='word_1_462' title='bbox 3324 1964 3460 2028; x_wconf 54' lang='lat'><strong>454&#39;,</strong></span> <span class='ocrx_word' id='word_1_463' title='bbox 3496 1975 3561 2020; x_wconf 89' lang='lat' dir='ltr'><strong>ut</strong></span> <span class='ocrx_word' id='word_1_464' title='bbox 3609 1967 3790 2022; x_wconf 87' lang='lat' dir='ltr'><strong>scribit</strong></span> 
     </span>
    </p>
   </div>
   <div class='ocr_carea' id='block_1_65' title="bbox 2193 2033 3785 2108">
    <p class='ocr_par' dir='ltr' id='par_1_65' title="bbox 2193 2033 3785 2108">
     <span class='ocr_line' id='line_1_69' title="bbox 2193 2033 3785 2108; baseline 0.003 -20"><span class='ocrx_word' id='word_1_465' title='bbox 2193 2033 2464 2090; x_wconf 87' lang='lat' dir='ltr'><strong>Dandulus</strong></span> <span class='ocrx_word' id='word_1_466' title='bbox 2519 2035 2782 2108; x_wconf 29' lang='lat' dir='ltr'><strong>apud‘De</strong></span> <span class='ocrx_word' id='word_1_467' title='bbox 2823 2035 3042 2099; x_wconf 84' lang='lat' dir='ltr'><strong>Rubeis,</strong></span> <span class='ocrx_word' id='word_1_468' title='bbox 3074 2052 3306 2092; x_wconf 68' lang='lat' dir='ltr'><strong>mturare</strong></span> <span class='ocrx_word' id='word_1_469' title='bbox 3332 2035 3601 2108; x_wconf 58' lang='lat' dir='ltr'><strong>fortasse</strong></span> <span class='ocrx_word' id='word_1_470' title='bbox 3646 2037 3785 2108; x_wconf 81' lang='lat' dir='ltr'><strong>plus-</strong></span> 
     </span>
    </p>
   </div>
   <div class='ocr_carea' id='block_1_66' title="bbox 2189 2104 3390 2174">
    <p class='ocr_par' dir='ltr' id='par_1_66' title="bbox 2189 2104 3390 2174">
     <span class='ocr_line' id='line_1_70' title="bbox 2189 2104 3390 2174; baseline 0.002 -16"><span class='ocrx_word' id='word_1_471' title='bbox 2189 2119 2349 2174; x_wconf 90' lang='lat' dir='ltr'><strong>quam</strong></span> <span class='ocrx_word' id='word_1_472' title='bbox 2375 2112 2534 2160; x_wconf 78' lang='lat' dir='ltr'><strong>:ctate</strong></span> <span class='ocrx_word' id='word_1_473' title='bbox 2562 2104 2854 2170; x_wconf 82' lang='lat' dir='ltr'><strong>conlectus,</strong></span> <span class='ocrx_word' id='word_1_474' title='bbox 2879 2114 3084 2161; x_wconf 68' lang='lat' dir='ltr'><strong>natura:</strong></span> <span class='ocrx_word' id='word_1_475' title='bbox 3104 2106 3390 2162; x_wconf 90' lang='lat' dir='ltr'><strong>concessit.</strong></span> 
     </span>
    </p>
   </div>
   <div class='ocr_carea' id='block_1_67' title="bbox 2259 2174 3788 2246">
    <p class='ocr_par' dir='ltr' id='par_1_67' title="bbox 2259 2174 3788 2246">
     <span class='ocr_line' id='line_1_71' title="bbox 2259 2174 3788 2246; baseline 0.003 -18"><span class='ocrx_word' id='word_1_476' title='bbox 2259 2174 2463 2230; x_wconf 89' lang='lat' dir='ltr'><strong>Eodem</strong></span> <span class='ocrx_word' id='word_1_477' title='bbox 2502 2176 2636 2246; x_wconf 81' lang='lat' dir='ltr'><strong>ipso</strong></span> <span class='ocrx_word' id='word_1_478' title='bbox 2685 2191 2828 2230; x_wconf 90' lang='lat' dir='ltr'><strong>anno</strong></span> <span class='ocrx_word' id='word_1_479' title='bbox 2888 2191 2985 2246; x_wconf 92' lang='lat' dir='ltr'><strong>pro</strong></span> <span class='ocrx_word' id='word_1_480' title='bbox 3034 2177 3271 2233; x_wconf 90' lang='lat' dir='ltr'><strong>secundo</strong></span> <span class='ocrx_word' id='word_1_481' title='bbox 3322 2176 3548 2233; x_wconf 84' lang='lat' dir='ltr'><strong>Nicetas</strong></span> <span class='ocrx_word' id='word_1_482' title='bbox 3609 2187 3788 2233; x_wconf 79' lang='lat' dir='ltr'><strong>noster</strong></span> 
     </span>
    </p>
   </div>
   <div class='ocr_carea' id='block_1_68' title="bbox 2188 2244 3786 2318">
    <p class='ocr_par' dir='ltr' id='par_1_68' title="bbox 2188 2244 3786 2318">
     <span class='ocr_line' id='line_1_72' title="bbox 2188 2244 3786 2318; baseline 0.003 -20"><span class='ocrx_word' id='word_1_483' title='bbox 2188 2244 2606 2318; x_wconf 75' lang='lat' dir='ltr'><strong>Aquileiensium</strong></span> <span class='ocrx_word' id='word_1_484' title='bbox 2634 2244 2919 2318; x_wconf 82' lang='lat' dir='ltr'><strong>episcopus</strong></span> <span class='ocrx_word' id='word_1_485' title='bbox 2945 2248 3284 2318; x_wconf 85' lang='lat' dir='ltr'><strong>renuntiatus</strong></span> <span class='ocrx_word' id='word_1_486' title='bbox 3310 2247 3665 2318; x_wconf 82' lang='lat' dir='ltr'><strong>perhibetur.</strong></span> <span class='ocrx_word' id='word_1_487' title='bbox 3687 2246 3786 2303; x_wconf 81' lang='lat' dir='ltr'><strong>Sed</strong></span> 
     </span>
    </p>
   </div>
   <div class='ocr_carea' id='block_1_69' title="bbox 2187 2315 3784 2384">
    <p class='ocr_par' dir='ltr' id='par_1_69' title="bbox 2187 2315 3784 2384">
     <span class='ocr_line' id='line_1_73' title="bbox 2187 2315 3784 2384; baseline 0.003 -15"><span class='ocrx_word' id='word_1_488' title='bbox 2187 2316 2314 2383; x_wconf 88' lang='lat' dir='ltr'><strong>quid</strong></span> <span class='ocrx_word' id='word_1_489' title='bbox 2354 2324 2481 2371; x_wconf 92' lang='lat' dir='ltr'><strong>tunc</strong></span> <span class='ocrx_word' id='word_1_490' title='bbox 2510 2315 2864 2384; x_wconf 80' lang='lat' dir='ltr'><strong>Aquileiensis</strong></span> <span class='ocrx_word' id='word_1_491' title='bbox 2911 2317 3117 2383; x_wconf 87' lang='lat' dir='ltr'><strong>civitas,</strong></span> <span class='ocrx_word' id='word_1_492' title='bbox 3145 2315 3345 2382; x_wconf 73' lang='lat' dir='ltr'><strong>adhuc,</strong></span> <span class='ocrx_word' id='word_1_493' title='bbox 3373 2326 3437 2372; x_wconf 91' lang='lat' dir='ltr'><strong>ut</strong></span> <span class='ocrx_word' id='word_1_494' title='bbox 3471 2318 3550 2372; x_wconf 86' lang='lat' dir='ltr'><strong>ita</strong></span> <span class='ocrx_word' id='word_1_495' title='bbox 3589 2317 3784 2380; x_wconf 64' lang='lat' dir='ltr'><strong>diam.</strong></span> 
     </span>
    </p>
   </div>
   <div class='ocr_carea' id='block_1_70' title="bbox 2187 2385 3784 2457">
    <p class='ocr_par' dir='ltr' id='par_1_70' title="bbox 2187 2385 3784 2457">
     <span class='ocr_line' id='line_1_74' title="bbox 2187 2385 3784 2457; baseline 0.003 -18"><span class='ocrx_word' id='word_1_496' title='bbox 2187 2385 2448 2457; x_wconf 88' lang='lat' dir='ltr'><strong>incendiis</strong></span> <span class='ocrx_word' id='word_1_497' title='bbox 2491 2385 2716 2451; x_wconf 87' lang='lat' dir='ltr'><strong>fumans,</strong></span> <span class='ocrx_word' id='word_1_498' title='bbox 2759 2402 3086 2457; x_wconf 88' lang='lat' dir='ltr'><strong>suorumque</strong></span> <span class='ocrx_word' id='word_1_499' title='bbox 3129 2387 3326 2443; x_wconf 87' lang='lat' dir='ltr'><strong>civium</strong></span> <span class='ocrx_word' id='word_1_500' title='bbox 3363 2387 3643 2456; x_wconf 76' lang='lat' dir='ltr'><strong>sanguine</strong></span> <span class='ocrx_word' id='word_1_501' title='bbox 3671 2404 3784 2443; x_wconf 82' lang='lat' dir='ltr'><strong>ma-</strong></span> 
     </span>
    </p>
   </div>
   <div class='ocr_carea' id='block_1_71' title="bbox 2187 2455 3785 2529">
    <p class='ocr_par' dir='ltr' id='par_1_71' title="bbox 2187 2455 3785 2529">
     <span class='ocr_line' id='line_1_75' title="bbox 2187 2455 3785 2529; baseline 0.003 -20"><span class='ocrx_word' id='word_1_502' title='bbox 2187 2455 2320 2529; x_wconf 84' lang='lat' dir='ltr'><strong>dens</strong></span> <span class='ocrx_word' id='word_1_503' title='bbox 2364 2457 2770 2529; x_wconf 80' lang='lat' dir='ltr'><strong>habitatoribus</strong></span> <span class='ocrx_word' id='word_1_504' title='bbox 2795 2455 3098 2529; x_wconf 41' lang='lat' dir='ltr'><strong>orbataLet</strong></span> <span class='ocrx_word' id='word_1_505' title='bbox 3132 2459 3199 2513; x_wconf 87' lang='lat' dir='ltr'><strong>ab</strong></span> <span class='ocrx_word' id='word_1_506' title='bbox 3227 2459 3376 2529; x_wconf 86' lang='lat' dir='ltr'><strong>omni</strong></span> <span class='ocrx_word' id='word_1_507' title='bbox 3417 2455 3645 2513; x_wconf 80' lang='lat' dir='ltr'><strong>decoris</strong></span> <span class='ocrx_word' id='word_1_508' title='bbox 3681 2460 3785 2529; x_wconf 81' lang='lat' dir='ltr'><strong>pri-</strong></span> 
     </span>
    </p>
   </div>
   <div class='ocr_carea' id='block_1_72' title="bbox 2186 2526 3785 2600">
    <p class='ocr_par' dir='ltr' id='par_1_72' title="bbox 2186 2526 3785 2600">
     <span class='ocr_line' id='line_1_76' title="bbox 2186 2526 3785 2600; baseline 0.005 -22"><span class='ocrx_word' id='word_1_509' title='bbox 2186 2527 2641 2600; x_wconf 33' lang='lat' dir='ltr'><strong>stiniumajestate</strong></span> <span class='ocrx_word' id='word_1_510' title='bbox 2666 2527 2954 2600; x_wconf 72' lang='lat' dir='ltr'><strong>delapsa?</strong></span> <span class='ocrx_word' id='word_1_511' title='bbox 3002 2526 3219 2600; x_wconf 79' lang='lat' dir='ltr'><strong>saltem</strong></span> <span class='ocrx_word' id='word_1_512' title='bbox 3253 2527 3445 2598; x_wconf 87' lang='lat' dir='ltr'><strong>primis</strong></span> <span class='ocrx_word' id='word_1_513' title='bbox 3493 2526 3785 2600; x_wconf 68' lang='lat' dir='ltr'><strong>propterea</strong></span> 
     </span>
    </p>
   </div>
   <div class='ocr_carea' id='block_1_73' title="bbox 2186 2595 3785 2667">
    <p class='ocr_par' dir='ltr' id='par_1_73' title="bbox 2186 2595 3785 2667">
     <span class='ocr_line' id='line_1_77' title="bbox 2186 2595 3785 2667; baseline 0.004 -19"><span class='ocrx_word' id='word_1_514' title='bbox 2186 2595 2540 2665; x_wconf 86' lang='lat' dir='ltr'><strong>Aquileiensis</strong></span> <span class='ocrx_word' id='word_1_515' title='bbox 2593 2595 2934 2667; x_wconf 83' lang='lat' dir='ltr'><strong>episcopatus</strong></span> <span class='ocrx_word' id='word_1_516' title='bbox 2977 2599 3061 2653; x_wconf 93' lang='lat' dir='ltr'><strong>sui</strong></span> <span class='ocrx_word' id='word_1_517' title='bbox 3098 2595 3294 2665; x_wconf 71' lang='lat' dir='ltr'><strong>annis,</strong></span> <span class='ocrx_word' id='word_1_518' title='bbox 3347 2615 3460 2655; x_wconf 92' lang='lat' dir='ltr'><strong>non</strong></span> <span class='ocrx_word' id='word_1_519' title='bbox 3494 2595 3785 2654; x_wconf 68' lang='lat' dir='ltr'><strong>immerito</strong></span> 
     </span>
    </p>
   </div>
   <div class='ocr_carea' id='block_1_74' title="bbox 2187 2667 3784 2739">
    <p class='ocr_par' dir='ltr' id='par_1_74' title="bbox 2187 2667 3784 2739">
     <span class='ocr_line' id='line_1_78' title="bbox 2187 2667 3784 2739; baseline 0.003 -19"><span class='ocrx_word' id='word_1_520' title='bbox 2187 2667 2632 2739; x_wconf 72' lang='lat' dir='ltr'><strong>coniectandum,</strong></span> <span class='ocrx_word' id='word_1_521' title='bbox 2682 2667 2924 2739; x_wconf 86' lang='lat' dir='ltr'><strong>Nicetam</strong></span> <span class='ocrx_word' id='word_1_522' title='bbox 2971 2679 3247 2733; x_wconf 88' lang='lat' dir='ltr'><strong>nostrum,</strong></span> <span class='ocrx_word' id='word_1_523' title='bbox 3297 2684 3407 2724; x_wconf 90' lang='lat' dir='ltr'><strong>non</strong></span> <span class='ocrx_word' id='word_1_524' title='bbox 3457 2668 3690 2739; x_wconf 87' lang='lat' dir='ltr'><strong>quidem</strong></span> <span class='ocrx_word' id='word_1_525' title='bbox 3734 2671 3784 2725; x_wconf 88' lang='lat' dir='ltr'><strong>in</strong></span> 
     </span>
    </p>
   </div>
   <div class='ocr_carea' id='block_1_75' title="bbox 2185 2737 3781 2808">
    <p class='ocr_par' dir='ltr' id='par_1_75' title="bbox 2185 2737 3781 2808">
     <span class='ocr_line' id='line_1_79' title="bbox 2185 2737 3781 2808; baseline 0.004 -19"><span class='ocrx_word' id='word_1_526' title='bbox 2185 2737 2511 2808; x_wconf 88' lang='lat' dir='ltr'><strong>Aquileiensi</strong></span> <span class='ocrx_word' id='word_1_527' title='bbox 2536 2737 2771 2808; x_wconf 81' lang='lat' dir='ltr'><strong>civitate,</strong></span> <span class='ocrx_word' id='word_1_528' title='bbox 2803 2738 2896 2793; x_wconf 89' lang='lat' dir='ltr'><strong>sed</strong></span> <span class='ocrx_word' id='word_1_529' title='bbox 2925 2739 3102 2808; x_wconf 89' lang='lat' dir='ltr'><strong>potius</strong></span> <span class='ocrx_word' id='word_1_530' title='bbox 3122 2740 3248 2794; x_wconf 88' lang='lat' dir='ltr'><strong>alibi</strong></span> <span class='ocrx_word' id='word_1_531' title='bbox 3277 2737 3494 2794; x_wconf 83' lang='lat' dir='ltr'><strong>moram</strong></span> <span class='ocrx_word' id='word_1_532' title='bbox 3530 2741 3781 2806; x_wconf 76' lang='lat' dir='ltr'><strong>traxisse,</strong></span> 
     </span>
    </p>
   </div>
   <div class='ocr_carea' id='block_1_76' title="bbox 2184 2807 3784 2881">
    <p class='ocr_par' dir='ltr' id='par_1_76' title="bbox 2184 2807 3784 2881">
     <span class='ocr_line' id='line_1_80' title="bbox 2184 2807 3784 2881; baseline 0.004 -21"><span class='ocrx_word' id='word_1_533' title='bbox 2184 2807 2275 2861; x_wconf 91' lang='lat' dir='ltr'><strong>ubi</strong></span> <span class='ocrx_word' id='word_1_534' title='bbox 2305 2807 2477 2878; x_wconf 87' lang='lat' dir='ltr'><strong>major</strong></span> <span class='ocrx_word' id='word_1_535' title='bbox 2501 2807 2772 2881; x_wconf 83' lang='lat' dir='ltr'><strong>perterriti</strong></span> <span class='ocrx_word' id='word_1_536' title='bbox 2810 2807 3168 2881; x_wconf 84' lang='lat' dir='ltr'><strong>paventisque</strong></span> <span class='ocrx_word' id='word_1_537' title='bbox 3194 2809 3398 2881; x_wconf 80' lang='lat' dir='ltr'><strong>populi,</strong></span> <span class='ocrx_word' id='word_1_538' title='bbox 3429 2810 3528 2880; x_wconf 89' lang='lat' dir='ltr'><strong>qui</strong></span> <span class='ocrx_word' id='word_1_539' title='bbox 3582 2810 3784 2881; x_wconf 71' lang='lat' dir='ltr'><strong>Barba-</strong></span> 
     </span>
    </p>
   </div>
   <div class='ocr_carea' id='block_1_77' title="bbox 2183 2879 3574 2950">
    <p class='ocr_par' dir='ltr' id='par_1_77' title="bbox 2183 2879 3574 2950">
     <span class='ocr_line' id='line_1_81' title="bbox 2183 2879 3574 2950; baseline 0 -19"><span class='ocrx_word' id='word_1_540' title='bbox 2183 2893 2368 2932; x_wconf 88' lang='lat' dir='ltr'><strong>rorum</strong></span> <span class='ocrx_word' id='word_1_541' title='bbox 2395 2879 2710 2934; x_wconf 90' lang='lat' dir='ltr'><strong>servitutem</strong></span> <span class='ocrx_word' id='word_1_542' title='bbox 2739 2879 3012 2950; x_wconf 91' lang='lat' dir='ltr'><strong>evitasset,</strong></span> <span class='ocrx_word' id='word_1_543' title='bbox 3037 2879 3574 2950; x_wconf 50' lang='lat' dir='ltr'><strong>copia&#39;conﬂuxerit.</strong></span> 
     </span>
    </p>
   </div>
   <div class='ocr_carea' id='block_1_78' title="bbox 2184 2949 3783 3020">
    <p class='ocr_par' dir='ltr' id='par_1_78' title="bbox 2184 2949 3783 3020">
     <span class='ocr_line' id='line_1_82' title="bbox 2184 2949 3783 3020; baseline 0.003 -19"><span class='ocrx_word' id='word_1_544' title='bbox 2184 2955 2311 3020; x_wconf 78' lang='lat' dir='ltr'><strong>tunc</strong></span> <span class='ocrx_word' id='word_1_545' title='bbox 2333 2950 2517 3005; x_wconf 74' lang='lat' dir='ltr'><strong>insula:</strong></span> <span class='ocrx_word' id='word_1_546' title='bbox 2546 2950 2599 3003; x_wconf 91' lang='lat' dir='ltr'><strong>in</strong></span> <span class='ocrx_word' id='word_1_547' title='bbox 2621 2949 2882 3004; x_wconf 62' lang='lat' dir='ltr'><strong>aestuariis</strong></span> <span class='ocrx_word' id='word_1_548' title='bbox 2909 2949 3122 3020; x_wconf 65' lang='lat' dir='ltr'><strong>positae,</strong></span> <span class='ocrx_word' id='word_1_549' title='bbox 3146 2958 3254 3004; x_wconf 90' lang='lat' dir='ltr'><strong>tam</strong></span> <span class='ocrx_word' id='word_1_550' title='bbox 3292 2951 3477 3006; x_wconf 89' lang='lat' dir='ltr'><strong>subito</strong></span> <span class='ocrx_word' id='word_1_551' title='bbox 3506 2949 3783 3007; x_wconf 68' lang='lat' dir='ltr'><strong>abundare</strong></span> 
     </span>
    </p>
   </div>
   <div class='ocr_carea' id='block_1_79' title="bbox 2183 3018 3651 3090">
    <p class='ocr_par' dir='ltr' id='par_1_79' title="bbox 2183 3018 3651 3090">
     <span class='ocr_line' id='line_1_83' title="bbox 2183 3018 3651 3090; baseline 0.003 -18"><span class='ocrx_word' id='word_1_552' title='bbox 2183 3018 2506 3075; x_wconf 89' lang='lat' dir='ltr'><strong>incolatibus</strong></span> <span class='ocrx_word' id='word_1_553' title='bbox 2549 3037 2613 3076; x_wconf 90' lang='lat' dir='ltr'><strong>ac</strong></span> <span class='ocrx_word' id='word_1_554' title='bbox 2651 3020 2851 3090; x_wconf 90' lang='lat' dir='ltr'><strong>populo</strong></span> <span class='ocrx_word' id='word_1_555' title='bbox 2889 3018 3200 3090; x_wconf 78' lang='lat' dir='ltr'><strong>potuerunt,</strong></span> <span class='ocrx_word' id='word_1_556' title='bbox 3240 3029 3298 3075; x_wconf 90' lang='lat' dir='ltr'><strong>ut</strong></span> <span class='ocrx_word' id='word_1_557' title='bbox 3337 3020 3411 3076; x_wconf 88' lang='lat' dir='ltr'><strong>ibi</strong></span> <span class='ocrx_word' id='word_1_558' title='bbox 3453 3021 3651 3077; x_wconf 88' lang='lat' dir='ltr'><strong>sedem</strong></span> 
     </span>
    </p>
   </div>
   <div class='ocr_carea' id='block_1_80' title="bbox 2182 3090 3779 3161">
    <p class='ocr_par' dir='ltr' id='par_1_80' title="bbox 2182 3090 3779 3161">
     <span class='ocr_line' id='line_1_84' title="bbox 2182 3090 3779 3161; baseline 0.003 -19"><span class='ocrx_word' id='word_1_559' title='bbox 2182 3105 2311 3144; x_wconf 87' lang='lat' dir='ltr'><strong>nere</strong></span> <span class='ocrx_word' id='word_1_560' title='bbox 2357 3091 2711 3160; x_wconf 88' lang='lat' dir='ltr'><strong>Aquileiensis</strong></span> <span class='ocrx_word' id='word_1_561' title='bbox 2750 3091 3034 3161; x_wconf 77' lang='lat' dir='ltr'><strong>episccpus</strong></span> <span class='ocrx_word' id='word_1_562' title='bbox 3074 3090 3230 3146; x_wconf 81' lang='lat' dir='ltr'><strong>facile</strong></span> <span class='ocrx_word' id='word_1_563' title='bbox 3277 3101 3490 3161; x_wconf 88' lang='lat' dir='ltr'><strong>posset,</strong></span> <span class='ocrx_word' id='word_1_564' title='bbox 3540 3100 3640 3146; x_wconf 81' lang='lat' dir='ltr'><strong>aut</strong></span> <span class='ocrx_word' id='word_1_565' title='bbox 3683 3090 3779 3147; x_wconf 87' lang='lat' dir='ltr'><strong>du-</strong></span> 
     </span>
    </p>
   </div>
   <div class='ocr_carea' id='block_1_81' title="bbox 2183 3159 3779 3231">
    <p class='ocr_par' dir='ltr' id='par_1_81' title="bbox 2183 3159 3779 3231">
     <span class='ocr_line' id='line_1_85' title="bbox 2183 3159 3779 3231; baseline 0.003 -18"><span class='ocrx_word' id='word_1_566' title='bbox 2183 3169 2329 3214; x_wconf 90' lang='lat' dir='ltr'><strong>ceret</strong></span> <span class='ocrx_word' id='word_1_567' title='bbox 2353 3159 2635 3231; x_wconf 85' lang='lat' dir='ltr'><strong>expedire;</strong></span> <span class='ocrx_word' id='word_1_568' title='bbox 2668 3159 2838 3230; x_wconf 82' lang='lat' dir='ltr'><strong>neque</strong></span> <span class='ocrx_word' id='word_1_569' title='bbox 2885 3159 3161 3216; x_wconf 81' lang='lat' dir='ltr'><strong>Gradense</strong></span> <span class='ocrx_word' id='word_1_570' title='bbox 3198 3159 3486 3216; x_wconf 82' lang='lat' dir='ltr'><strong>castellum</strong></span> <span class='ocrx_word' id='word_1_571' title='bbox 3528 3163 3635 3217; x_wconf 89' lang='lat' dir='ltr'><strong>sub</strong></span> <span class='ocrx_word' id='word_1_572' title='bbox 3671 3163 3779 3217; x_wconf 81' lang='grc' dir='ltr'><strong>Διι-</strong></span> 
     </span>
    </p>
   </div>
   <div class='ocr_carea' id='block_1_82' title="bbox 498 3223 3780 3302">
    <p class='ocr_par' dir='ltr' id='par_1_82' title="bbox 498 3223 3780 3302">
     <span class='ocr_line' id='line_1_86' title="bbox 498 3223 3780 3302; baseline 0.003 -24"><span class='ocrx_word' id='word_1_573' title='bbox 498 3223 863 3302; x_wconf 82' lang='lat' dir='ltr'><strong>Barbaborum</strong></span> <span class='ocrx_word' id='word_1_574' title='bbox 881 3223 1352 3302; x_wconf 52' lang='lat' dir='ltr'><strong>incursus§quibus</strong></span> <span class='ocrx_word' id='word_1_575' title='bbox 1365 3223 1476 3286; x_wconf 78' lang='lat' dir='ltr'><strong>fere</strong></span> <span class='ocrx_word' id='word_1_576' title='bbox 1491 3247 1703 3302; x_wconf 75' lang='lat' dir='ltr'><strong>§empcr</strong></span> <span class='ocrx_word' id='word_1_577' title='bbox 1717 3232 1952 3286; x_wconf 91' lang='lat' dir='ltr'><strong>omnium</strong></span> <span class='ocrx_word' id='word_1_578' title='bbox 1966 3232 2080 3300; x_wconf 87' lang='lat' dir='ltr'><strong>pri-</strong></span> <span class='ocrx_word' id='word_1_579' title='bbox 2107 3230 2151 3292; x_wconf 91' lang='lat' dir='ltr'><strong>C</strong></span> <span class='ocrx_word' id='word_1_580' title='bbox 2183 3231 2398 3302; x_wconf 82' lang='lat' dir='ltr'><strong>gustino</strong></span> <span class='ocrx_word' id='word_1_581' title='bbox 2421 3223 2720 3302; x_wconf 15' lang='lat' dir='ltr'><strong>&#39;episco&#39;poi</strong></span> <span class='ocrx_word' id='word_1_582' title='bbox 2745 3223 3018 3286; x_wconf 80' lang='lat' dir='ltr'><strong>conditum</strong></span> <span class='ocrx_word' id='word_1_583' title='bbox 3043 3273 3057 3298; x_wconf 97' lang='lat'><strong>,</strong></span> <span class='ocrx_word' id='word_1_584' title='bbox 3110 3247 3176 3287; x_wconf 92' lang='lat' dir='ltr'><strong>ex</strong></span> <span class='ocrx_word' id='word_1_585' title='bbox 3230 3231 3482 3288; x_wconf 88' lang='lat' dir='ltr'><strong>Dandulo</strong></span> <span class='ocrx_word' id='word_1_586' title='bbox 3506 3272 3523 3297; x_wconf 94' lang='lat'><strong>,</strong></span> <span class='ocrx_word' id='word_1_587' title='bbox 3579 3233 3661 3287; x_wconf 87' lang='lat' dir='ltr'><strong>uti</strong></span> <span class='ocrx_word' id='word_1_588' title='bbox 3704 3234 3780 3287; x_wconf 77' lang='lat' dir='ltr'><strong>vi—</strong></span> 
     </span>
    </p>
   </div>
   <div class='ocr_carea' id='block_1_83' title="bbox 498 3299 2073 3373">
    <p class='ocr_par' dir='ltr' id='par_1_83' title="bbox 498 3299 2073 3373">
     <span class='ocr_line' id='line_1_87' title="bbox 498 3299 2073 3373; baseline 0.005 -25"><span class='ocrx_word' id='word_1_589' title='bbox 498 3311 617 3373; x_wconf 83' lang='lat' dir='ltr'><strong>mus</strong></span> <span class='ocrx_word' id='word_1_590' title='bbox 648 3299 1000 3373; x_wconf 80' lang='lat' dir='ltr'><strong>Aquileiensis</strong></span> <span class='ocrx_word' id='word_1_591' title='bbox 1038 3299 1444 3373; x_wconf 49' lang='lat' dir='ltr'><strong>ager—patebat.</strong></span> <span class='ocrx_word' id='word_1_592' title='bbox 1490 3299 1857 3373; x_wconf 78' lang='lat' dir='ltr'><strong>Perseveravit</strong></span> <span class='ocrx_word' id='word_1_593' title='bbox 1898 3299 2073 3368; x_wconf 83' lang='lat' dir='ltr'><strong>igitur,</strong></span> 
     </span>
    </p>
   </div>
   <div class='ocr_carea' id='block_1_84' title="bbox 498 3367 2078 3442">
    <p class='ocr_par' dir='ltr' id='par_1_84' title="bbox 498 3367 2078 3442">
     <span class='ocr_line' id='line_1_88' title="bbox 498 3367 2078 3442; baseline 0.004 -23"><span class='ocrx_word' id='word_1_594' title='bbox 498 3367 659 3442; x_wconf 78' lang='lat' dir='ltr'><strong>etiam</strong></span> <span class='ocrx_word' id='word_1_595' title='bbox 682 3367 802 3442; x_wconf 82' lang='lat' dir='ltr'><strong>post</strong></span> <span class='ocrx_word' id='word_1_596' title='bbox 828 3367 1227 3436; x_wconf 63' lang='lat' dir='ltr'><strong>Chromatium,</strong></span> <span class='ocrx_word' id='word_1_597' title='bbox 1245 3372 1672 3442; x_wconf 88' lang='lat' dir='ltr'><strong>Aquileiensibus</strong></span> <span class='ocrx_word' id='word_1_598' title='bbox 1702 3367 1966 3442; x_wconf 89' lang='lat' dir='ltr'><strong>episcopis</strong></span> <span class='ocrx_word' id='word_1_599' title='bbox 1994 3367 2078 3427; x_wconf 47' lang='lat' dir='ltr'><strong>se;</strong></span> 
     </span>
    </p>
   </div>
   <div class='ocr_carea' id='block_1_85' title="bbox 497 3438 2075 3512">
    <p class='ocr_par' dir='ltr' id='par_1_85' title="bbox 497 3438 2075 3512">
     <span class='ocr_line' id='line_1_89' title="bbox 497 3438 2075 3512; baseline 0.004 -23"><span class='ocrx_word' id='word_1_600' title='bbox 497 3438 754 3512; x_wconf 84' lang='lat' dir='ltr'><strong>cessionis</strong></span> <span class='ocrx_word' id='word_1_601' title='bbox 774 3444 986 3512; x_wconf 80' lang='lat' dir='ltr'><strong>occasio</strong></span> <span class='ocrx_word' id='word_1_602' title='bbox 1008 3451 1062 3498; x_wconf 90' lang='lat' dir='ltr'><strong>et</strong></span> <span class='ocrx_word' id='word_1_603' title='bbox 1089 3438 1380 3499; x_wconf 76' lang='lat' dir='ltr'><strong>necessitas</strong></span> <span class='ocrx_word' id='word_1_604' title='bbox 1406 3443 1471 3496; x_wconf 89' lang='lat' dir='ltr'><strong>ad</strong></span> <span class='ocrx_word' id='word_1_605' title='bbox 1503 3443 1618 3496; x_wconf 87' lang='lat' dir='ltr'><strong>loca</strong></span> <span class='ocrx_word' id='word_1_606' title='bbox 1643 3438 1755 3496; x_wconf 80' lang='lat' dir='ltr'><strong>tuta</strong></span> <span class='ocrx_word' id='word_1_607' title='bbox 1789 3438 1950 3512; x_wconf 78' lang='lat' dir='ltr'><strong>atque</strong></span> <span class='ocrx_word' id='word_1_608' title='bbox 1978 3457 2075 3511; x_wconf 90' lang='lat' dir='ltr'><strong>pa-</strong></span> 
     </span>
    </p>
   </div>
   <div class='ocr_carea' id='block_1_86' title="bbox 495 3511 2075 3586">
    <p class='ocr_par' dir='ltr' id='par_1_86' title="bbox 495 3511 2075 3586">
     <span class='ocr_line' id='line_1_90' title="bbox 495 3511 2075 3586; baseline 0.003 -25"><span class='ocrx_word' id='word_1_609' title='bbox 495 3516 612 3586; x_wconf 66' lang='lat' dir='ltr'><strong>cata</strong></span> <span class='ocrx_word' id='word_1_610' title='bbox 633 3526 645 3573; x_wconf 94' lang='lat'>;</span> <span class='ocrx_word' id='word_1_611' title='bbox 669 3511 741 3564; x_wconf 89' lang='lat' dir='ltr'><strong>ita</strong></span> <span class='ocrx_word' id='word_1_612' title='bbox 764 3520 822 3565; x_wconf 95' lang='lat' dir='ltr'><strong>ut</strong></span> <span class='ocrx_word' id='word_1_613' title='bbox 843 3511 997 3569; x_wconf 82' lang='lat' dir='ltr'><strong>facile</strong></span> <span class='ocrx_word' id='word_1_614' title='bbox 1020 3513 1288 3586; x_wconf 85' lang='lat' dir='ltr'><strong>conjicere</strong></span> <span class='ocrx_word' id='word_1_615' title='bbox 1318 3513 1602 3584; x_wconf 87' lang='lat' dir='ltr'><strong>possimus,</strong></span> <span class='ocrx_word' id='word_1_616' title='bbox 1627 3513 1788 3586; x_wconf 86' lang='lat' dir='ltr'><strong>etiam</strong></span> <span class='ocrx_word' id='word_1_617' title='bbox 1806 3511 2075 3586; x_wconf 78' lang='lat' dir='ltr'><strong>Chroma-</strong></span> 
     </span>
    </p>
   </div>
   <div class='ocr_carea' id='block_1_87' title="bbox 494 3577 2077 3652">
    <p class='ocr_par' dir='ltr' id='par_1_87' title="bbox 494 3577 2077 3652">
     <span class='ocr_line' id='line_1_91' title="bbox 494 3577 2077 3652; baseline 0.005 -24"><span class='ocrx_word' id='word_1_618' title='bbox 494 3577 553 3652; x_wconf 90' lang='lat' dir='ltr'><strong>ti_i</strong></span> <span class='ocrx_word' id='word_1_619' title='bbox 583 3593 929 3652; x_wconf 82' lang='lat' dir='ltr'><strong>successores</strong></span> <span class='ocrx_word' id='word_1_620' title='bbox 969 3599 1076 3638; x_wconf 91' lang='lat' dir='ltr'><strong>non</strong></span> <span class='ocrx_word' id='word_1_621' title='bbox 1110 3577 1477 3652; x_wconf 77' lang='lat' dir='ltr'><strong>infrequenter</strong></span> <span class='ocrx_word' id='word_1_622' title='bbox 1503 3591 1652 3637; x_wconf 83' lang='lat' dir='ltr'><strong>extra</strong></span> <span class='ocrx_word' id='word_1_623' title='bbox 1682 3582 2077 3651; x_wconf 88' lang='lat' dir='ltr'><strong>Aquileiensem</strong></span> 
     </span>
    </p>
   </div>
   <div class='ocr_carea' id='block_1_88' title="bbox 492 3647 2076 3724">
    <p class='ocr_par' dir='ltr' id='par_1_88' title="bbox 492 3647 2076 3724">
     <span class='ocr_line' id='line_1_92' title="bbox 492 3647 2076 3724; baseline 0.004 -24"><span class='ocrx_word' id='word_1_624' title='bbox 492 3647 766 3724; x_wconf 84' lang='lat' dir='ltr'><strong>civitatern</strong></span> <span class='ocrx_word' id='word_1_625' title='bbox 785 3653 1081 3708; x_wconf 87' lang='lat' dir='ltr'><strong>diversatos</strong></span> <span class='ocrx_word' id='word_1_626' title='bbox 1102 3647 1282 3718; x_wconf 68' lang='lat' dir='ltr'><strong>fuisse,</strong></span> <span class='ocrx_word' id='word_1_627' title='bbox 1297 3669 1359 3709; x_wconf 90' lang='lat' dir='ltr'><strong>ac</strong></span> <span class='ocrx_word' id='word_1_628' title='bbox 1374 3653 1724 3724; x_wconf 85' lang='lat' dir='ltr'><strong>probabiliter</strong></span> <span class='ocrx_word' id='word_1_629' title='bbox 1743 3647 1808 3706; x_wconf 77' lang='lat' dir='ltr'><strong>ad</strong></span> <span class='ocrx_word' id='word_1_630' title='bbox 1829 3653 2076 3724; x_wconf 87' lang='lat' dir='ltr'><strong>eumdem</strong></span> 
     </span>
    </p>
   </div>
   <div class='ocr_carea' id='block_1_89' title="bbox 492 3720 2076 3838">
    <p class='ocr_par' dir='ltr' id='par_1_89' title="bbox 492 3720 2076 3838">
     <span class='ocr_line' id='line_1_93' title="bbox 492 3720 2076 3838; baseline 0.004 -67"><span class='ocrx_word' id='word_1_631' title='bbox 492 3726 706 3838; x_wconf 80' lang='lat' dir='ltr'><strong>portum</strong></span> <span class='ocrx_word' id='word_1_632' title='bbox 734 3720 1074 3776; x_wconf 80' lang='lat' dir='ltr'><strong>Romatinum</strong></span> <span class='ocrx_word' id='word_1_633' title='bbox 1104 3724 1156 3778; x_wconf 92' lang='lat' dir='ltr'><strong>in</strong></span> <span class='ocrx_word' id='word_1_634' title='bbox 1181 3720 1393 3778; x_wconf 82' lang='lat' dir='ltr'><strong>interno</strong></span> <span class='ocrx_word' id='word_1_635' title='bbox 1413 3723 1642 3776; x_wconf 74' lang='lat' dir='ltr'><strong>:estuarii</strong></span> <span class='ocrx_word' id='word_1_636' title='bbox 1663 3721 2076 3778; x_wconf 86' lang='lat' dir='ltr'><strong>Concordiensis</strong></span> 
     </span>
     <span class='ocr_line' id='line_1_94' title="bbox 517 3787 2072 3838; baseline 0 0"><span class='ocrx_word' id='word_1_637' title='bbox 517 3787 678 3838; x_wconf 87' lang='lat' dir='ltr'><strong>ittore</strong></span> <span class='ocrx_word' id='word_1_638' title='bbox 707 3790 866 3838; x_wconf 79' lang='lat' dir='ltr'><strong>Sillim</strong></span> <span class='ocrx_word' id='word_1_639' title='bbox 897 3793 961 3838; x_wconf 79' lang='lat' dir='ltr'><strong>ad</strong></span> <span class='ocrx_word' id='word_1_640' title='bbox 996 3793 1262 3838; x_wconf 77' lang='lat' dir='ltr'><strong>anatini</strong></span> <span class='ocrx_word' id='word_1_641' title='bbox 1295 3792 1438 3838; x_wconf 84' lang='lat' dir='ltr'><strong>ﬂuvii</strong></span> <span class='ocrx_word' id='word_1_642' title='bbox 1469 3793 1684 3838; x_wconf 67' lang='lat' dir='ltr'><strong>ostium-</strong></span> <span class='ocrx_word' id='word_1_643' title='bbox 1722 3792 1832 3838; x_wconf 75' lang='lat' dir='ltr'><strong>Nec.</strong></span> <span class='ocrx_word' id='word_1_644' title='bbox 1859 3794 2072 3838; x_wconf 66' lang='lat' dir='ltr'><strong>interim</strong></span> 
     </span>
    </p>
   </div>
   <div class='ocr_carea' id='block_1_90' title="bbox 517 3787 2074 3848">
    <p class='ocr_par' dir='ltr' id='par_1_90' title="bbox 517 3787 2074 3848">
     <span class='ocr_line' id='line_1_95' title="bbox 517 3787 2074 3848; baseline 0.007 -11"><span class='ocrx_word' id='word_1_645' title='bbox 517 3787 678 3843; x_wconf 89' lang='lat' dir='ltr'><strong>ittore</strong></span> <span class='ocrx_word' id='word_1_646' title='bbox 707 3790 867 3844; x_wconf 88' lang='lat' dir='ltr'><strong>situm</strong></span> <span class='ocrx_word' id='word_1_647' title='bbox 897 3793 962 3846; x_wconf 90' lang='lat' dir='ltr'><strong>ad</strong></span> <span class='ocrx_word' id='word_1_648' title='bbox 996 3793 1265 3847; x_wconf 82' lang='lat' dir='ltr'><strong>Romatini</strong></span> <span class='ocrx_word' id='word_1_649' title='bbox 1295 3792 1441 3847; x_wconf 90' lang='lat' dir='ltr'><strong>ﬂuvii</strong></span> <span class='ocrx_word' id='word_1_650' title='bbox 1469 3793 1684 3848; x_wconf 90' lang='lat' dir='ltr'><strong>ostium.</strong></span> <span class='ocrx_word' id='word_1_651' title='bbox 1722 3792 1832 3846; x_wconf 87' lang='lat' dir='ltr'><strong>Nec</strong></span> <span class='ocrx_word' id='word_1_652' title='bbox 1859 3794 2074 3848; x_wconf 91' lang='lat' dir='ltr'><strong>interim</strong></span> 
     </span>
    </p>
   </div>
   <div class='ocr_carea' id='block_1_91' title="bbox 491 3855 2074 3932">
    <p class='ocr_par' dir='ltr' id='par_1_91' title="bbox 491 3855 2074 3932">
     <span class='ocr_line' id='line_1_96' title="bbox 491 3855 2074 3932; baseline 0.006 -23"><span class='ocrx_word' id='word_1_653' title='bbox 491 3855 773 3932; x_wconf 89' lang='lat' dir='ltr'><strong>defuerunt</strong></span> <span class='ocrx_word' id='word_1_654' title='bbox 800 3860 1247 3932; x_wconf 84' lang='lat' dir='ltr'><strong>Aquileiensibus,</strong></span> <span class='ocrx_word' id='word_1_655' title='bbox 1289 3872 1484 3932; x_wconf 76' lang='lat' dir='ltr'><strong>przeter</strong></span> <span class='ocrx_word' id='word_1_656' title='bbox 1511 3870 1766 3917; x_wconf 84' lang='lat' dir='ltr'><strong>extranea</strong></span> <span class='ocrx_word' id='word_1_657' title='bbox 1808 3863 2074 3919; x_wconf 90' lang='lat' dir='ltr'><strong>Barbaro-</strong></span> 
     </span>
    </p>
   </div>
   <div class='ocr_carea' id='block_1_92' title="bbox 494 3930 2073 4002">
    <p class='ocr_par' dir='ltr' id='par_1_92' title="bbox 494 3930 2073 4002">
     <span class='ocr_line' id='line_1_97' title="bbox 494 3930 2073 4002; baseline 0.006 -23"><span class='ocrx_word' id='word_1_658' title='bbox 494 3943 630 4002; x_wconf 77' lang='lat' dir='ltr'><strong>runi,</strong></span> <span class='ocrx_word' id='word_1_659' title='bbox 659 3930 818 4002; x_wconf 88' lang='lat' dir='ltr'><strong>etiam</strong></span> <span class='ocrx_word' id='word_1_660' title='bbox 839 3931 1150 3996; x_wconf 88' lang='lat' dir='ltr'><strong>domestica,</strong></span> <span class='ocrx_word' id='word_1_661' title='bbox 1177 3942 1234 3987; x_wconf 89' lang='lat' dir='ltr'><strong>ut</strong></span> <span class='ocrx_word' id='word_1_662' title='bbox 1254 3930 1325 3987; x_wconf 77' lang='lat' dir='ltr'><strong>ita</strong></span> <span class='ocrx_word' id='word_1_663' title='bbox 1354 3933 1546 3998; x_wconf 91' lang='lat' dir='ltr'><strong>dicam,</strong></span> <span class='ocrx_word' id='word_1_664' title='bbox 1573 3933 1929 4002; x_wconf 89' lang='lat' dir='ltr'><strong>incommoda,</strong></span> <span class='ocrx_word' id='word_1_665' title='bbox 1954 3949 2073 4002; x_wconf 63' lang='lat' dir='ltr'><strong>quae</strong></span> 
     </span>
    </p>
   </div>
   <div class='ocr_carea' id='block_1_93' title="bbox 489 3996 2070 4070">
    <p class='ocr_par' dir='ltr' id='par_1_93' title="bbox 489 3996 2070 4070">
     <span class='ocr_line' id='line_1_98' title="bbox 489 3996 2070 4070; baseline 0.006 -21"><span class='ocrx_word' id='word_1_666' title='bbox 489 3996 754 4070; x_wconf 82' lang='lat' dir='ltr'><strong>episcopis</strong></span> <span class='ocrx_word' id='word_1_667' title='bbox 782 3999 1208 4070; x_wconf 89' lang='lat' dir='ltr'><strong>Aquileiensihus</strong></span> <span class='ocrx_word' id='word_1_668' title='bbox 1247 3996 1540 4058; x_wconf 86' lang='lat' dir='ltr'><strong>secedendi</strong></span> <span class='ocrx_word' id='word_1_669' title='bbox 1565 4017 1756 4057; x_wconf 89' lang='lat' dir='ltr'><strong>causas</strong></span> <span class='ocrx_word' id='word_1_670' title='bbox 1781 3996 2070 4058; x_wconf 82' lang='lat' dir='ltr'><strong>identidem</strong></span> 
     </span>
    </p>
   </div>
   <div class='ocr_carea' id='block_1_94' title="bbox 489 4067 2066 4141">
    <p class='ocr_par' dir='ltr' id='par_1_94' title="bbox 489 4067 2066 4141">
     <span class='ocr_line' id='line_1_99' title="bbox 489 4067 2066 4141; baseline 0.006 -21"><span class='ocrx_word' id='word_1_671' title='bbox 489 4067 871 4141; x_wconf 75' lang='lat' dir='ltr'><strong>ministrarent.</strong></span> <span class='ocrx_word' id='word_1_672' title='bbox 904 4071 1039 4126; x_wconf 92' lang='lat' dir='ltr'><strong>Cum</strong></span> <span class='ocrx_word' id='word_1_673' title='bbox 1066 4074 1227 4139; x_wconf 91' lang='lat' dir='ltr'><strong>enim,</strong></span> <span class='ocrx_word' id='word_1_674' title='bbox 1260 4073 1499 4128; x_wconf 84' lang='lat' dir='ltr'><strong>Honorio</strong></span> <span class='ocrx_word' id='word_1_675' title='bbox 1529 4074 1768 4141; x_wconf 90' lang='lat' dir='ltr'><strong>Augusto</strong></span> <span class='ocrx_word' id='word_1_676' title='bbox 1795 4071 2066 4139; x_wconf 90' lang='lat' dir='ltr'><strong>defuncto,</strong></span> 
     </span>
    </p>
   </div>
   <div class='ocr_carea' id='block_1_95' title="bbox 487 4133 2066 4214">
    <p class='ocr_par' dir='ltr' id='par_1_95' title="bbox 487 4133 2066 4214">
     <span class='ocr_line' id='line_1_100' title="bbox 487 4133 2066 4214; baseline 0.007 -27"><span class='ocrx_word' id='word_1_677' title='bbox 487 4133 827 4196; x_wconf 89' lang='lat' dir='ltr'><strong>Occidentale</strong></span> <span class='ocrx_word' id='word_1_678' title='bbox 858 4142 1137 4213; x_wconf 91' lang='lat' dir='ltr'><strong>imperium</strong></span> <span class='ocrx_word' id='word_1_679' title='bbox 1172 4133 1482 4214; x_wconf 80' lang='lat' dir='ltr'><strong>arripuisset</strong></span> <span class='ocrx_word' id='word_1_680' title='bbox 1519 4133 1776 4214; x_wconf 67' lang='lat' dir='ltr'><strong>tyrannus</strong></span> <span class='ocrx_word' id='word_1_681' title='bbox 1812 4133 2066 4210; x_wconf 78' lang='lat' dir='ltr'><strong>Joannes,</strong></span> 
     </span>
    </p>
   </div>
   <div class='ocr_carea' id='block_1_96' title="bbox 486 4213 2068 4284">
    <p class='ocr_par' dir='ltr' id='par_1_96' title="bbox 486 4213 2068 4284">
     <span class='ocr_line' id='line_1_101' title="bbox 486 4213 2068 4284; baseline 0.004 -22"><span class='ocrx_word' id='word_1_682' title='bbox 486 4214 648 4284; x_wconf 49' lang='lat' dir='ltr'><strong>atque</strong></span> <span class='ocrx_word' id='word_1_683' title='bbox 688 4220 973 4282; x_wconf 90' lang='lat' dir='ltr'><strong>propterea</strong></span> <span class='ocrx_word' id='word_1_684' title='bbox 1003 4216 1068 4284; x_wconf 78' lang='lat' dir='ltr'><strong>ad</strong></span> <span class='ocrx_word' id='word_1_685' title='bbox 1098 4213 1346 4269; x_wconf 83' lang='lat' dir='ltr'><strong>eumdem</strong></span> <span class='ocrx_word' id='word_1_686' title='bbox 1373 4213 1744 4284; x_wconf 87' lang='lat' dir='ltr'><strong>depellendum</strong></span> <span class='ocrx_word' id='word_1_687' title='bbox 1788 4223 1962 4268; x_wconf 88' lang='lat' dir='ltr'><strong>castra</strong></span> <span class='ocrx_word' id='word_1_688' title='bbox 2001 4229 2068 4269; x_wconf 84' lang='lat' dir='ltr'><strong>ex</strong></span> 
     </span>
    </p>
   </div>
   <div class='ocr_carea' id='block_1_97' title="bbox 485 4272 2068 4352">
    <p class='ocr_par' dir='ltr' id='par_1_97' title="bbox 485 4272 2068 4352">
     <span class='ocr_line' id='line_1_102' title="bbox 485 4272 2068 4352; baseline 0.007 -24"><span class='ocrx_word' id='word_1_689' title='bbox 485 4272 706 4352; x_wconf 77' lang='lat' dir='ltr'><strong>Oriente</strong></span> <span class='ocrx_word' id='word_1_690' title='bbox 745 4272 999 4352; x_wconf 58' lang='lat' dir='ltr'><strong>m&#39;ovisset</strong></span> <span class='ocrx_word' id='word_1_691' title='bbox 1038 4283 1371 4339; x_wconf 88' lang='lat' dir='ltr'><strong>Theodosius</strong></span> <span class='ocrx_word' id='word_1_692' title='bbox 1407 4272 1596 4338; x_wconf 71' lang='lat' dir='ltr'><strong>Jimior</strong></span> <span class='ocrx_word' id='word_1_693' title='bbox 1626 4287 1934 4352; x_wconf 90' lang='lat' dir='ltr'><strong>imperator,</strong></span> <span class='ocrx_word' id='word_1_694' title='bbox 1969 4284 2068 4339; x_wconf 85' lang='lat' dir='ltr'><strong>ite-</strong></span> 
     </span>
    </p>
   </div>
   <div class='ocr_carea' id='block_1_98' title="bbox 485 4349 2068 4425">
    <p class='ocr_par' dir='ltr' id='par_1_98' title="bbox 485 4349 2068 4425">
     <span class='ocr_line' id='line_1_103' title="bbox 485 4349 2068 4425; baseline 0.006 -26"><span class='ocrx_word' id='word_1_695' title='bbox 485 4349 974 4425; x_wconf 67' lang='lat' dir='ltr'><strong>rumAquileiensis</strong></span> <span class='ocrx_word' id='word_1_696' title='bbox 994 4368 1138 4423; x_wconf 87' lang='lat' dir='ltr'><strong>ager,</strong></span> <span class='ocrx_word' id='word_1_697' title='bbox 1163 4370 1304 4410; x_wconf 90' lang='lat' dir='ltr'><strong>anno</strong></span> <span class='ocrx_word' id='word_1_698' title='bbox 1326 4355 1540 4425; x_wconf 87' lang='lat' dir='ltr'><strong>circiter</strong></span> <span class='ocrx_word' id='word_1_699' title='bbox 1567 4352 1670 4406; x_wconf 71' lang='grc'><strong>424</strong></span> <span class='ocrx_word' id='word_1_700' title='bbox 1698 4349 1795 4425; x_wconf 80' lang='lat' dir='ltr'><strong>aut</strong></span> <span class='ocrx_word' id='word_1_701' title='bbox 1817 4352 1938 4418; x_wconf 67' lang='lat'><strong>4‘25,</strong></span> <span class='ocrx_word' id='word_1_702' title='bbox 1969 4355 2068 4408; x_wconf 90' lang='lat' dir='ltr'><strong>mi-</strong></span> 
     </span>
    </p>
   </div>
   <div class='ocr_carea' id='block_1_99' title="bbox 487 4415 2066 4493">
    <p class='ocr_par' dir='ltr' id='par_1_99' title="bbox 487 4415 2066 4493">
     <span class='ocr_line' id='line_1_104' title="bbox 487 4415 2066 4493; baseline 0.009 -26"><span class='ocrx_word' id='word_1_703' title='bbox 487 4415 732 4493; x_wconf 63' lang='lat' dir='ltr'><strong>litaribus</strong></span> <span class='ocrx_word' id='word_1_704' title='bbox 760 4423 928 4490; x_wconf 91' lang='lat' dir='ltr'><strong>copiis</strong></span> <span class='ocrx_word' id='word_1_705' title='bbox 955 4415 1280 4490; x_wconf 75' lang='lat' dir='ltr'><strong>exundavit;</strong></span> <span class='ocrx_word' id='word_1_706' title='bbox 1321 4433 1482 4493; x_wconf 88' lang='lat' dir='ltr'><strong>atque</strong></span> <span class='ocrx_word' id='word_1_707' title='bbox 1511 4424 1754 4492; x_wconf 89' lang='lat' dir='ltr'><strong>Aquileia</strong></span> <span class='ocrx_word' id='word_1_708' title='bbox 1785 4415 2066 4492; x_wconf 25' lang='lat' dir='ltr'><strong>ipsa,’qn:n</strong></span> 
     </span>
    </p>
   </div>
   <div class='ocr_carea' id='block_1_100' title="bbox 483 4482 2067 4562">
    <p class='ocr_par' dir='ltr' id='par_1_100' title="bbox 483 4482 2067 4562">
     <span class='ocr_line' id='line_1_105' title="bbox 483 4482 2067 4562; baseline 0.006 -23"><span class='ocrx_word' id='word_1_709' title='bbox 483 4482 677 4562; x_wconf 63' lang='lat' dir='ltr'><strong>{canui</strong></span> <span class='ocrx_word' id='word_1_710' title='bbox 717 4482 948 4546; x_wconf 76' lang='lat' dir='ltr'><strong>invasori</strong></span> <span class='ocrx_word' id='word_1_711' title='bbox 990 4495 1233 4562; x_wconf 85' lang='lat' dir='ltr'><strong>parebat,</strong></span> <span class='ocrx_word' id='word_1_712' title='bbox 1267 4482 1484 4550; x_wconf 78' lang='lat' dir='ltr'><strong>obsessa</strong></span> <span class='ocrx_word' id='word_1_713' title='bbox 1513 4482 1778 4562; x_wconf 62' lang='lat' dir='ltr'><strong>et&#39;capta,</strong></span> <span class='ocrx_word' id='word_1_714' title='bbox 1805 4482 1865 4546; x_wconf 81' lang='lat' dir='ltr'><strong>in</strong></span> <span class='ocrx_word' id='word_1_715' title='bbox 1889 4482 2067 4549; x_wconf 71' lang='lat' dir='ltr'><strong>Theo-</strong></span> 
     </span>
    </p>
   </div>
   <div class='ocr_carea' id='block_1_101' title="bbox 484 4553 2062 4632">
    <p class='ocr_par' dir='ltr' id='par_1_101' title="bbox 484 4553 2062 4632">
     <span class='ocr_line' id='line_1_106' title="bbox 484 4553 2062 4632; baseline 0.006 -23"><span class='ocrx_word' id='word_1_716' title='bbox 484 4553 620 4632; x_wconf 74' lang='lat' dir='ltr'><strong>dosii</strong></span> <span class='ocrx_word' id='word_1_717' title='bbox 648 4567 967 4628; x_wconf 90' lang='lat' dir='ltr'><strong>potestatem</strong></span> <span class='ocrx_word' id='word_1_718' title='bbox 992 4553 1229 4631; x_wconf 53' lang='lat' dir='ltr'><strong>&#39;redivit,</strong></span> <span class='ocrx_word' id='word_1_719' title='bbox 1260 4565 1350 4618; x_wconf 91' lang='lat' dir='ltr'><strong>ubi</strong></span> <span class='ocrx_word' id='word_1_720' title='bbox 1390 4566 1552 4621; x_wconf 90' lang='lat' dir='ltr'><strong>etiam</strong></span> <span class='ocrx_word' id='word_1_721' title='bbox 1588 4553 1745 4632; x_wconf 79' lang='lat' dir='ltr'><strong>paulo</strong></span> <span class='ocrx_word' id='word_1_722' title='bbox 1768 4553 1895 4631; x_wconf 82' lang='lat' dir='ltr'><strong>post</strong></span> <span class='ocrx_word' id='word_1_723' title='bbox 1925 4563 2062 4618; x_wconf 91' lang='lat' dir='ltr'><strong>idem</strong></span> 
     </span>
    </p>
   </div>
   <div class='ocr_carea' id='block_1_102' title="bbox 482 4622 1810 4704">
    <p class='ocr_par' dir='ltr' id='par_1_102' title="bbox 482 4622 1810 4704">
     <span class='ocr_line' id='line_1_107' title="bbox 482 4622 1810 4704; baseline 0.004 -25"><span class='ocrx_word' id='word_1_724' title='bbox 482 4622 716 4704; x_wconf 51' lang='lat' dir='ltr'><strong>Joannes</strong></span> <span class='ocrx_word' id='word_1_725' title='bbox 743 4631 960 4704; x_wconf 79' lang='lat' dir='ltr'><strong>meritas</strong></span> <span class='ocrx_word' id='word_1_726' title='bbox 988 4622 1294 4688; x_wconf 80' lang='lat' dir='ltr'><strong>rebellionis</strong></span> <span class='ocrx_word' id='word_1_727' title='bbox 1320 4650 1508 4704; x_wconf 71' lang='lat' dir='ltr'><strong>prunas</strong></span> <span class='ocrx_word' id='word_1_728' title='bbox 1535 4622 1810 4703; x_wconf 75' lang='lat' dir='ltr'><strong>persolvii.</strong></span> 
     </span>
    </p>
   </div>
   <div class='ocr_carea' id='block_1_103' title="bbox 553 4694 2062 4772">
    <p class='ocr_par' dir='ltr' id='par_1_103' title="bbox 553 4694 2062 4772">
     <span class='ocr_line' id='line_1_108' title="bbox 553 4694 2062 4772; baseline 0.003 -20"><span class='ocrx_word' id='word_1_729' title='bbox 553 4694 659 4772; x_wconf 80' lang='lat' dir='ltr'><strong>sed</strong></span> <span class='ocrx_word' id='word_1_730' title='bbox 693 4698 806 4772; x_wconf 75' lang='lat' dir='ltr'><strong>jam</strong></span> <span class='ocrx_word' id='word_1_731' title='bbox 848 4701 915 4756; x_wconf 90' lang='lat' dir='ltr'><strong>ad</strong></span> <span class='ocrx_word' id='word_1_732' title='bbox 954 4703 1284 4772; x_wconf 89' lang='lat' dir='ltr'><strong>potissimam</strong></span> <span class='ocrx_word' id='word_1_733' title='bbox 1323 4694 1557 4768; x_wconf 58' lang='lat' dir='ltr'><strong>causam;</strong></span> <span class='ocrx_word' id='word_1_734' title='bbox 1590 4718 1748 4770; x_wconf 88' lang='lat' dir='ltr'><strong>quam</strong></span> <span class='ocrx_word' id='word_1_735' title='bbox 1778 4701 2062 4757; x_wconf 90' lang='lat' dir='ltr'><strong>secedendi</strong></span> 
     </span>
    </p>
   </div>
   <div class='ocr_carea' id='block_1_104' title="bbox 481 4765 2062 4842">
    <p class='ocr_par' dir='ltr' id='par_1_104' title="bbox 481 4765 2062 4842">
     <span class='ocr_line' id='line_1_109' title="bbox 481 4765 2062 4842; baseline 0.006 -24"><span class='ocrx_word' id='word_1_736' title='bbox 481 4765 564 4842; x_wconf 86' lang='lat' dir='ltr'><strong>ab_</strong></span> <span class='ocrx_word' id='word_1_737' title='bbox 591 4765 920 4838; x_wconf 82' lang='lat' dir='ltr'><strong>Aquileiensi</strong></span> <span class='ocrx_word' id='word_1_738' title='bbox 954 4765 1178 4828; x_wconf 77' lang='lat' dir='ltr'><strong>civitate</strong></span> <span class='ocrx_word' id='word_1_739' title='bbox 1216 4782 1270 4827; x_wconf 90' lang='lat' dir='ltr'><strong>et</strong></span> <span class='ocrx_word' id='word_1_740' title='bbox 1313 4789 1440 4842; x_wconf 86' lang='lat' dir='ltr'><strong>agro</strong></span> <span class='ocrx_word' id='word_1_741' title='bbox 1481 4765 1666 4827; x_wconf 80' lang='lat' dir='ltr'><strong>habuit</strong></span> <span class='ocrx_word' id='word_1_742' title='bbox 1707 4772 2062 4842; x_wconf 91' lang='lat' dir='ltr'><strong>Aquileiensis</strong></span> 
     </span>
    </p>
   </div>
   <div class='ocr_carea' id='block_1_105' title="bbox 481 4837 2056 4910">
    <p class='ocr_par' dir='ltr' id='par_1_105' title="bbox 481 4837 2056 4910">
     <span class='ocr_line' id='line_1_110' title="bbox 481 4837 2056 4910; baseline 0.005 -21"><span class='ocrx_word' id='word_1_743' title='bbox 481 4837 779 4910; x_wconf 79' lang='lat' dir='ltr'><strong>episcopus,</strong></span> <span class='ocrx_word' id='word_1_744' title='bbox 841 4844 1112 4910; x_wconf 77' lang='lat' dir='ltr'><strong>proximus</strong></span> <span class='ocrx_word' id='word_1_745' title='bbox 1175 4837 1372 4897; x_wconf 66' lang='grc' dir='ltr'><strong>Μιξοιῶ</strong></span> <span class='ocrx_word' id='word_1_746' title='bbox 1433 4844 1700 4903; x_wconf 86' lang='lat' dir='ltr'><strong>decessor,</strong></span> <span class='ocrx_word' id='word_1_747' title='bbox 1760 4837 2056 4907; x_wconf 85' lang='lat' dir='ltr'><strong>Secundus,</strong></span> 
     </span>
    </p>
   </div>
   <div class='ocr_carea' id='block_1_106' title="bbox 479 4908 2053 4983">
    <p class='ocr_par' dir='ltr' id='par_1_106' title="bbox 479 4908 2053 4983">
     <span class='ocr_line' id='line_1_111' title="bbox 479 4908 2053 4983; baseline 0.006 -25"><span class='ocrx_word' id='word_1_748' title='bbox 479 4921 640 4983; x_wconf 30' lang='lat' dir='ltr'><strong>anno-</strong></span> <span class='ocrx_word' id='word_1_749' title='bbox 662 4908 783 4983; x_wconf 65' lang='lat'><strong>452,</strong></span> <span class='ocrx_word' id='word_1_750' title='bbox 828 4908 1146 4968; x_wconf 78' lang='lat' dir='ltr'><strong>accedamus</strong></span> <span class='ocrx_word' id='word_1_751' title='bbox 1183 4922 1415 4983; x_wconf 88' lang='lat' dir='ltr'><strong>oportet.</strong></span> <span class='ocrx_word' id='word_1_752' title='bbox 1447 4914 1496 4967; x_wconf 89' lang='lat' dir='ltr'><strong>ls</strong></span> <span class='ocrx_word' id='word_1_753' title='bbox 1540 4928 1733 4981; x_wconf 88' lang='lat' dir='ltr'><strong>nempe</strong></span> <span class='ocrx_word' id='word_1_754' title='bbox 1761 4921 1844 4967; x_wconf 85' lang='lat' dir='ltr'><strong>est</strong></span> <span class='ocrx_word' id='word_1_755' title='bbox 1866 4927 2053 4976; x_wconf 89' lang='lat' dir='ltr'><strong>annus,</strong></span> 
     </span>
    </p>
   </div>
   <div class='ocr_carea' id='block_1_107' title="bbox 477 4978 2058 5048">
    <p class='ocr_par' dir='ltr' id='par_1_107' title="bbox 477 4978 2058 5048">
     <span class='ocr_line' id='line_1_112' title="bbox 477 4978 2058 5048; baseline 0.005 -20"><span class='ocrx_word' id='word_1_756' title='bbox 477 4991 585 5044; x_wconf 90' lang='lat' dir='ltr'><strong>quo</strong></span> <span class='ocrx_word' id='word_1_757' title='bbox 614 4978 956 5048; x_wconf 85' lang='lat' dir='ltr'><strong>famigeratus</strong></span> <span class='ocrx_word' id='word_1_758' title='bbox 985 4983 1073 5036; x_wconf 91' lang='lat' dir='ltr'><strong>ille</strong></span> <span class='ocrx_word' id='word_1_759' title='bbox 1095 4978 1408 5037; x_wconf 79' lang='lat' dir='ltr'><strong>Hunnorum</strong></span> <span class='ocrx_word' id='word_1_760' title='bbox 1429 4999 1522 5037; x_wconf 80' lang='lat' dir='ltr'><strong>rex</strong></span> <span class='ocrx_word' id='word_1_761' title='bbox 1546 4978 1728 5045; x_wconf 85' lang='lat' dir='ltr'><strong>Attila,</strong></span> <span class='ocrx_word' id='word_1_762' title='bbox 1759 4985 1814 5036; x_wconf 86' lang='lat' dir='ltr'><strong>in</strong></span> <span class='ocrx_word' id='word_1_763' title='bbox 1843 4999 2058 5036; x_wconf 77' lang='lat' dir='ltr'><strong>concus-</strong></span> 
     </span>
    </p>
   </div>
   <div class='ocr_carea' id='block_1_108' title="bbox 476 5048 2056 5120">
    <p class='ocr_par' dir='ltr' id='par_1_108' title="bbox 476 5048 2056 5120">
     <span class='ocr_line' id='line_1_113' title="bbox 476 5048 2056 5120; baseline 0.005 -22"><span class='ocrx_word' id='word_1_764' title='bbox 476 5048 672 5120; x_wconf 66' lang='lat' dir='ltr'><strong>siouem</strong></span> <span class='ocrx_word' id='word_1_765' title='bbox 701 5053 926 5120; x_wconf 81' lang='lat' dir='ltr'><strong>gentium</strong></span> <span class='ocrx_word' id='word_1_766' title='bbox 953 5063 1123 5116; x_wconf 76' lang='lat' dir='ltr'><strong>natus,</strong></span> <span class='ocrx_word' id='word_1_767' title='bbox 1160 5055 1233 5107; x_wconf 87' lang='lat' dir='ltr'><strong>uti</strong></span> <span class='ocrx_word' id='word_1_768' title='bbox 1273 5053 1450 5107; x_wconf 86' lang='lat' dir='ltr'><strong>aiebat</strong></span> <span class='ocrx_word' id='word_1_769' title='bbox 1485 5052 1781 5107; x_wconf 84' lang='lat' dir='ltr'><strong>Jornandes</strong></span> <span class='ocrx_word' id='word_1_770' title='bbox 1815 5068 1910 5106; x_wconf 85' lang='lat' dir='ltr'><strong>seu</strong></span> <span class='ocrx_word' id='word_1_771' title='bbox 1936 5051 2056 5106; x_wconf 79' lang='lat' dir='ltr'><strong>Jor-</strong></span> 
     </span>
    </p>
   </div>
   <div class='ocr_carea' id='block_1_109' title="bbox 475 5116 2055 5245">
    <p class='ocr_par' dir='ltr' id='par_1_109' title="bbox 475 5116 2055 5245">
     <span class='ocr_line' id='line_1_114' title="bbox 475 5116 2055 5243; baseline 0.006 -76"><span class='ocrx_word' id='word_1_772' title='bbox 475 5116 664 5183; x_wconf 86' lang='lat' dir='ltr'><strong>danus,</strong></span> <span class='ocrx_word' id='word_1_773' title='bbox 699 5116 754 5174; x_wconf 79' lang='lat' dir='ltr'><strong>et</strong></span> <span class='ocrx_word' id='word_1_774' title='bbox 772 5121 852 5243; x_wconf 67' lang='lat' dir='ltr'><strong>(la</strong></span> <span class='ocrx_word' id='word_1_775' title='bbox 887 5123 1043 5176; x_wconf 79' lang='lat' dir='ltr'><strong>ellum</strong></span> <span class='ocrx_word' id='word_1_776' title='bbox 1080 5123 1177 5176; x_wconf 87' lang='lat' dir='ltr'><strong>Dei</strong></span> <span class='ocrx_word' id='word_1_777' title='bbox 1207 5124 1400 5178; x_wconf 88' lang='lat' dir='ltr'><strong>merito</strong></span> <span class='ocrx_word' id='word_1_778' title='bbox 1436 5132 1787 5192; x_wconf 89' lang='lat' dir='ltr'><strong>nuncupatus,</strong></span> <span class='ocrx_word' id='word_1_779' title='bbox 1821 5139 1886 5177; x_wconf 78' lang='lat' dir='ltr'><strong>ex</strong></span> <span class='ocrx_word' id='word_1_780' title='bbox 1917 5120 2055 5176; x_wconf 87' lang='lat' dir='ltr'><strong>Pan-</strong></span> 
     </span>
     <span class='ocr_line' id='line_1_115' title="bbox 477 5141 2055 5245; baseline 0.005 -8"><span class='ocrx_word' id='word_1_781' title='bbox 477 5188 635 5240; x_wconf 82' lang='lat' dir='ltr'><strong>nonia</strong></span> <span class='ocrx_word' id='word_1_782' title='bbox 678 5189 729 5243; x_wconf 90' lang='lat' dir='ltr'><strong>in</strong></span> <span class='ocrx_word' id='word_1_783' title='bbox 799 5141 976 5245; x_wconf 71' lang='lat' dir='ltr'><strong>taiiam</strong></span> <span class='ocrx_word' id='word_1_784' title='bbox 1015 5194 1189 5245; x_wconf 90' lang='lat' dir='ltr'><strong>erunit</strong></span> <span class='ocrx_word' id='word_1_785' title='bbox 1228 5209 1349 5245; x_wconf 93' lang='lat' dir='ltr'><strong>cum</strong></span> <span class='ocrx_word' id='word_1_786' title='bbox 1390 5193 1649 5245; x_wconf 88' lang='lat' dir='ltr'><strong>immensa</strong></span> <span class='ocrx_word' id='word_1_787' title='bbox 1700 5193 2055 5245; x_wconf 87' lang='lat' dir='ltr'><strong>Barbarorum</strong></span> 
     </span>
    </p>
   </div>
   <div class='ocr_carea' id='block_1_110' title="bbox 477 5193 2055 5264">
    <p class='ocr_par' dir='ltr' id='par_1_110' title="bbox 477 5193 2055 5264">
     <span class='ocr_line' id='line_1_116' title="bbox 477 5193 2055 5264; baseline 0.007 -28"><span class='ocrx_word' id='word_1_788' title='bbox 477 5193 635 5264; x_wconf 77' lang='lat' dir='ltr'><strong>uenia</strong></span> <span class='ocrx_word' id='word_1_789' title='bbox 678 5193 738 5264; x_wconf 81' lang='lat' dir='ltr'><strong>in</strong></span> <span class='ocrx_word' id='word_1_790' title='bbox 772 5193 976 5245; x_wconf 89' lang='lat' dir='ltr'><strong>Italiam</strong></span> <span class='ocrx_word' id='word_1_791' title='bbox 1015 5194 1189 5264; x_wconf 90' lang='lat' dir='ltr'><strong>erupit</strong></span> <span class='ocrx_word' id='word_1_792' title='bbox 1228 5209 1349 5248; x_wconf 92' lang='lat' dir='ltr'><strong>cum</strong></span> <span class='ocrx_word' id='word_1_793' title='bbox 1390 5193 1649 5247; x_wconf 88' lang='lat' dir='ltr'><strong>immensa</strong></span> <span class='ocrx_word' id='word_1_794' title='bbox 1700 5193 2055 5264; x_wconf 81' lang='lat' dir='ltr'><strong>Barbarorum</strong></span> 
     </span>
    </p>
   </div>
   <div class='ocr_carea' id='block_1_111' title="bbox 476 5257 2054 5333">
    <p class='ocr_par' dir='ltr' id='par_1_111' title="bbox 476 5257 2054 5333">
     <span class='ocr_line' id='line_1_117' title="bbox 476 5257 2054 5333; baseline 0.007 -28"><span class='ocrx_word' id='word_1_795' title='bbox 476 5257 842 5333; x_wconf 80' lang='lat' dir='ltr'><strong>multitudine;</strong></span> <span class='ocrx_word' id='word_1_796' title='bbox 887 5269 1049 5333; x_wconf 86' lang='lat' dir='ltr'><strong>atque</strong></span> <span class='ocrx_word' id='word_1_797' title='bbox 1093 5257 1485 5332; x_wconf 81' lang='lat' dir='ltr'><strong>Aquileiensem</strong></span> <span class='ocrx_word' id='word_1_798' title='bbox 1515 5277 1700 5330; x_wconf 90' lang='lat' dir='ltr'><strong>agrum</strong></span> <span class='ocrx_word' id='word_1_799' title='bbox 1739 5263 1912 5333; x_wconf 90' lang='lat' dir='ltr'><strong>primo</strong></span> <span class='ocrx_word' id='word_1_800' title='bbox 1952 5263 2054 5316; x_wconf 91' lang='lat' dir='ltr'><strong>im-</strong></span> 
     </span>
    </p>
   </div>
   <div class='ocr_carea' id='block_1_112' title="bbox 474 5329 2050 5402">
    <p class='ocr_par' dir='ltr' id='par_1_112' title="bbox 474 5329 2050 5402">
     <span class='ocr_line' id='line_1_118' title="bbox 474 5329 2050 5402; baseline 0.004 -23"><span class='ocrx_word' id='word_1_801' title='bbox 474 5335 599 5402; x_wconf 77' lang='lat' dir='ltr'><strong>petu</strong></span> <span class='ocrx_word' id='word_1_802' title='bbox 630 5329 838 5395; x_wconf 84' lang='lat' dir='ltr'><strong>invasit,</strong></span> <span class='ocrx_word' id='word_1_803' title='bbox 872 5329 1280 5402; x_wconf 78' lang='lat' dir='ltr'><strong>Aquileiamque</strong></span> <span class='ocrx_word' id='word_1_804' title='bbox 1324 5334 1439 5387; x_wconf 86' lang='lat' dir='ltr'><strong>dira</strong></span> <span class='ocrx_word' id='word_1_805' title='bbox 1477 5329 1755 5387; x_wconf 81' lang='lat' dir='ltr'><strong>obsidione</strong></span> <span class='ocrx_word' id='word_1_806' title='bbox 1784 5339 2050 5398; x_wconf 79' lang='lat' dir='ltr'><strong>vexatam,</strong></span> 
     </span>
    </p>
   </div>
   <div class='ocr_carea' id='block_1_113' title="bbox 472 5397 2050 5472">
    <p class='ocr_par' dir='ltr' id='par_1_113' title="bbox 472 5397 2050 5472">
     <span class='ocr_line' id='line_1_119' title="bbox 472 5397 2050 5472; baseline 0.006 -25"><span class='ocrx_word' id='word_1_807' title='bbox 472 5397 889 5472; x_wconf 22' lang='lat' dir='ltr'><strong>ilcmumicepit,</strong></span> <span class='ocrx_word' id='word_1_808' title='bbox 936 5397 1209 5472; x_wconf 67' lang='lat' dir='ltr'><strong>expilavit,</strong></span> <span class='ocrx_word' id='word_1_809' title='bbox 1263 5403 1515 5467; x_wconf 89' lang='lat' dir='ltr'><strong>incendit,</strong></span> <span class='ocrx_word' id='word_1_810' title='bbox 1561 5403 1788 5470; x_wconf 83' lang='lat' dir='ltr'><strong>indeque</strong></span> <span class='ocrx_word' id='word_1_811' title='bbox 1831 5417 2050 5472; x_wconf 85' lang='lat' dir='ltr'><strong>progre-</strong></span> 
     </span>
    </p>
   </div>
   <div class='ocr_carea' id='block_1_114' title="bbox 472 5467 2050 5548">
    <p class='ocr_par' dir='ltr' id='par_1_114' title="bbox 472 5467 2050 5548">
     <span class='ocr_line' id='line_1_120' title="bbox 472 5467 2050 5548; baseline 0.006 -31"><span class='ocrx_word' id='word_1_812' title='bbox 472 5467 642 5548; x_wconf 56' lang='lat' dir='ltr'><strong>diens,</strong></span> <span class='ocrx_word' id='word_1_813' title='bbox 677 5467 1024 5548; x_wconf 70' lang='lat' dir='ltr'><strong>abductisque</strong></span> <span class='ocrx_word' id='word_1_814' title='bbox 1067 5467 1310 5543; x_wconf 89' lang='lat' dir='ltr'><strong>captivis,</strong></span> <span class='ocrx_word' id='word_1_815' title='bbox 1344 5473 1587 5548; x_wconf 73' lang='lat' dir='ltr'><strong>eamdem</strong></span> <span class='ocrx_word' id='word_1_816' title='bbox 1626 5467 2050 5548; x_wconf 43' lang='lat' dir='ltr'><strong>intulit-cladem</strong></span> 
     </span>
    </p>
   </div>
   <div class='ocr_carea' id='block_1_115' title="bbox 471 5535 2047 5608">
    <p class='ocr_par' dir='ltr' id='par_1_115' title="bbox 471 5535 2047 5608">
     <span class='ocr_line' id='line_1_121' title="bbox 471 5535 2047 5608; baseline 0.005 -20"><span class='ocrx_word' id='word_1_817' title='bbox 471 5535 805 5602; x_wconf 63' lang='lat' dir='ltr'><strong>Concordiae,</strong></span> <span class='ocrx_word' id='word_1_818' title='bbox 852 5535 1051 5605; x_wconf 85' lang='lat' dir='ltr'><strong>Altino,</strong></span> <span class='ocrx_word' id='word_1_819' title='bbox 1100 5535 1161 5599; x_wconf 79' lang='lat' dir='ltr'><strong>ac</strong></span> <span class='ocrx_word' id='word_1_820' title='bbox 1203 5535 1411 5600; x_wconf 59' lang='lat' dir='ltr'><strong>caeteris</strong></span> <span class='ocrx_word' id='word_1_821' title='bbox 1448 5543 1684 5598; x_wconf 59' lang='lat' dir='ltr'><strong>Venetite</strong></span> <span class='ocrx_word' id='word_1_822' title='bbox 1725 5544 2047 5608; x_wconf 82' lang='lat' dir='ltr'><strong>civitatibus,</strong></span> 
     </span>
    </p>
   </div>
   <div class='ocr_carea' id='block_1_116' title="bbox 473 5613 2055 5684">
    <p class='ocr_par' dir='ltr' id='par_1_116' title="bbox 473 5613 2055 5684">
     <span class='ocr_line' id='line_1_122' title="bbox 473 5613 2055 5684; baseline 0.005 -26"><span class='ocrx_word' id='word_1_823' title='bbox 473 5619 698 5684; x_wconf 83' lang='lat' dir='ltr'><strong>quarum</strong></span> <span class='ocrx_word' id='word_1_824' title='bbox 727 5613 913 5681; x_wconf 73' lang='lat' dir='ltr'><strong>prima:</strong></span> <span class='ocrx_word' id='word_1_825' title='bbox 950 5630 1238 5682; x_wconf 85' lang='lat' dir='ltr'><strong>numquam</strong></span> <span class='ocrx_word' id='word_1_826' title='bbox 1267 5623 1452 5684; x_wconf 85' lang='lat' dir='ltr'><strong>postea</strong></span> <span class='ocrx_word' id='word_1_827' title='bbox 1483 5615 1546 5668; x_wconf 89' lang='lat' dir='ltr'><strong>ad</strong></span> <span class='ocrx_word' id='word_1_828' title='bbox 1579 5614 1855 5684; x_wconf 86' lang='lat' dir='ltr'><strong>pristinam</strong></span> <span class='ocrx_word' id='word_1_829' title='bbox 1885 5613 2055 5684; x_wconf 88' lang='lat' dir='ltr'><strong>digni-</strong></span> 
     </span>
    </p>
   </div>
   <div class='ocr_carea' id='block_1_117' title="bbox 477 5681 2055 5755">
    <p class='ocr_par' dir='ltr' id='par_1_117' title="bbox 477 5681 2055 5755">
     <span class='ocr_line' id='line_1_123' title="bbox 477 5681 2055 5755; baseline 0.008 -32"><span class='ocrx_word' id='word_1_830' title='bbox 477 5681 639 5755; x_wconf 70' lang='lat' dir='ltr'><strong>tatem</strong></span> <span class='ocrx_word' id='word_1_831' title='bbox 660 5696 877 5755; x_wconf 79' lang='lat' dir='ltr'><strong>surgere</strong></span> <span class='ocrx_word' id='word_1_832' title='bbox 898 5681 1206 5755; x_wconf 84' lang='lat' dir='ltr'><strong>potuerunt.</strong></span> <span class='ocrx_word' id='word_1_833' title='bbox 1231 5681 1368 5750; x_wconf 82' lang='lat' dir='ltr'><strong>Quid</strong></span> <span class='ocrx_word' id='word_1_834' title='bbox 1397 5681 1674 5739; x_wconf 78' lang='lat' dir='ltr'><strong>Secundus</strong></span> <span class='ocrx_word' id='word_1_835' title='bbox 1703 5683 2055 5755; x_wconf 79' lang='lat' dir='ltr'><strong>Aquileiensis</strong></span> 
     </span>
    </p>
   </div>
   <div class='ocr_carea' id='block_1_118' title="bbox 477 5752 2051 5822">
    <p class='ocr_par' dir='ltr' id='par_1_118' title="bbox 477 5752 2051 5822">
     <span class='ocr_line' id='line_1_124' title="bbox 477 5752 2051 5822; baseline 0.007 -26"><span class='ocrx_word' id='word_1_836' title='bbox 477 5752 756 5822; x_wconf 87' lang='lat' dir='ltr'><strong>episc0pus</strong></span> <span class='ocrx_word' id='word_1_837' title='bbox 785 5752 836 5805; x_wconf 92' lang='lat' dir='ltr'><strong>in</strong></span> <span class='ocrx_word' id='word_1_838' title='bbox 878 5754 960 5808; x_wconf 87' lang='lat' dir='ltr'><strong>his</strong></span> <span class='ocrx_word' id='word_1_839' title='bbox 1007 5770 1184 5807; x_wconf 90' lang='lat' dir='ltr'><strong>rerum</strong></span> <span class='ocrx_word' id='word_1_840' title='bbox 1214 5756 1469 5821; x_wconf 88' lang='lat' dir='ltr'><strong>angustiis</strong></span> <span class='ocrx_word' id='word_1_841' title='bbox 1511 5755 1698 5822; x_wconf 86' lang='lat' dir='ltr'><strong>egerit,</strong></span> <span class='ocrx_word' id='word_1_842' title='bbox 1743 5753 1831 5806; x_wconf 91' lang='lat' dir='ltr'><strong>ubi</strong></span> <span class='ocrx_word' id='word_1_843' title='bbox 1874 5752 2051 5817; x_wconf 88' lang='lat' dir='ltr'><strong>fuerit,</strong></span> 
     </span>
    </p>
   </div>
   <div class='ocr_carea' id='block_1_119' title="bbox 477 5821 2057 5887">
    <p class='ocr_par' dir='ltr' id='par_1_119' title="bbox 477 5821 2057 5887">
     <span class='ocr_line' id='line_1_125' title="bbox 477 5821 2057 5887; baseline 0.005 -17"><span class='ocrx_word' id='word_1_844' title='bbox 477 5825 584 5879; x_wconf 83' lang='lat' dir='ltr'><strong>quo</strong></span> <span class='ocrx_word' id='word_1_845' title='bbox 604 5821 918 5887; x_wconf 83' lang='lat' dir='ltr'><strong>confugerit.</strong></span> <span class='ocrx_word' id='word_1_846' title='bbox 943 5824 1161 5880; x_wconf 91' lang='lat' dir='ltr'><strong>omnino</strong></span> <span class='ocrx_word' id='word_1_847' title='bbox 1185 5825 1460 5880; x_wconf 85' lang='lat' dir='ltr'><strong>incertum.</strong></span> <span class='ocrx_word' id='word_1_848' title='bbox 1478 5823 1774 5880; x_wconf 89' lang='lat' dir='ltr'><strong>Scccdendi</strong></span> <span class='ocrx_word' id='word_1_849' title='bbox 1792 5830 1967 5878; x_wconf 88' lang='lat' dir='ltr'><strong>tamen</strong></span> <span class='ocrx_word' id='word_1_850' title='bbox 1990 5823 2057 5878; x_wconf 88' lang='lat' dir='ltr'><strong>ab</strong></span> 
     </span>
    </p>
   </div>
   <div class='ocr_carea' id='block_1_120' title="bbox 2089 4602 2144 4659">
    <p class='ocr_par' dir='ltr' id='par_1_120' title="bbox 2089 4602 2144 4659">
     <span class='ocr_line' id='line_1_126' title="bbox 2089 4602 2144 4659; baseline 0 0"><span class='ocrx_word' id='word_1_851' title='bbox 2089 4602 2144 4659; x_wconf 87' lang='lat' dir='ltr'><strong>D</strong></span> 
     </span>
    </p>
   </div>
   <div class='ocr_carea' id='block_1_121' title="bbox 2182 3299 3779 3372">
    <p class='ocr_par' dir='ltr' id='par_1_121' title="bbox 2182 3299 3779 3372">
     <span class='ocr_line' id='line_1_127' title="bbox 2182 3299 3779 3372; baseline 0.003 -21"><span class='ocrx_word' id='word_1_852' title='bbox 2182 3299 2384 3372; x_wconf 80' lang='lat' dir='ltr'><strong>dimus,</strong></span> <span class='ocrx_word' id='word_1_853' title='bbox 2409 3309 2463 3355; x_wconf 91' lang='lat' dir='ltr'><strong>et</strong></span> <span class='ocrx_word' id='word_1_854' title='bbox 2483 3299 2783 3372; x_wconf 28' lang='lat' dir='ltr'><strong>’munimini</strong></span> <span class='ocrx_word' id='word_1_855' title='bbox 2813 3308 3161 3372; x_wconf 88' lang='lat' dir='ltr'><strong>temporaneo</strong></span> <span class='ocrx_word' id='word_1_856' title='bbox 3186 3303 3364 3371; x_wconf 88' lang='lat' dir='ltr'><strong>potius</strong></span> <span class='ocrx_word' id='word_1_857' title='bbox 3392 3317 3567 3372; x_wconf 89' lang='lat' dir='ltr'><strong>quam</strong></span> <span class='ocrx_word' id='word_1_858' title='bbox 3606 3303 3779 3357; x_wconf 81' lang='lat' dir='ltr'><strong>stabili</strong></span> 
     </span>
    </p>
   </div>
   <div class='ocr_carea' id='block_1_122' title="bbox 2181 3369 3780 3441">
    <p class='ocr_par' dir='ltr' id='par_1_122' title="bbox 2181 3369 3780 3441">
     <span class='ocr_line' id='line_1_128' title="bbox 2181 3369 3780 3441; baseline 0.003 -18"><span class='ocrx_word' id='word_1_859' title='bbox 2181 3369 2435 3441; x_wconf 90' lang='lat' dir='ltr'><strong>incolatui</strong></span> <span class='ocrx_word' id='word_1_860' title='bbox 2467 3369 2947 3434; x_wconf 71' lang='lat' dir='ltr'><strong>accommodatum,</strong></span> <span class='ocrx_word' id='word_1_861' title='bbox 2983 3373 3090 3426; x_wconf 89' lang='lat' dir='ltr'><strong>tale</strong></span> <span class='ocrx_word' id='word_1_862' title='bbox 3117 3369 3251 3438; x_wconf 80' lang='lat' dir='ltr'><strong>erat,</strong></span> <span class='ocrx_word' id='word_1_863' title='bbox 3281 3369 3430 3441; x_wconf 86' lang='lat' dir='ltr'><strong>quod</strong></span> <span class='ocrx_word' id='word_1_864' title='bbox 3452 3373 3780 3428; x_wconf 68' lang='lat' dir='ltr'><strong>sustinenda:</strong></span> 
     </span>
    </p>
   </div>
   <div class='ocr_carea' id='block_1_123' title="bbox 2179 3440 3778 3500">
    <p class='ocr_par' dir='ltr' id='par_1_123' title="bbox 2179 3440 3778 3500">
     <span class='ocr_line' id='line_1_129' title="bbox 2179 3440 3778 3500; baseline 0.006 -8"><span class='ocrx_word' id='word_1_865' title='bbox 2179 3440 2502 3495; x_wconf 91' lang='lat' dir='ltr'><strong>multitudini</strong></span> <span class='ocrx_word' id='word_1_866' title='bbox 2551 3442 2682 3496; x_wconf 89' lang='lat' dir='ltr'><strong>satis</strong></span> <span class='ocrx_word' id='word_1_867' title='bbox 2722 3449 2882 3497; x_wconf 89' lang='lat' dir='ltr'><strong>esset.</strong></span> <span class='ocrx_word' id='word_1_868' title='bbox 2906 3441 3084 3497; x_wconf 88' lang='lat' dir='ltr'><strong>Novus</strong></span> <span class='ocrx_word' id='word_1_869' title='bbox 3112 3458 3240 3498; x_wconf 91' lang='lat' dir='ltr'><strong>vero</strong></span> <span class='ocrx_word' id='word_1_870' title='bbox 3270 3440 3606 3500; x_wconf 79' lang='lat' dir='ltr'><strong>Romatinus</strong></span> <span class='ocrx_word' id='word_1_871' title='bbox 3651 3459 3778 3500; x_wconf 81' lang='lat' dir='ltr'><strong>uor-</strong></span> 
     </span>
    </p>
   </div>
   <div class='ocr_carea' id='block_1_124' title="bbox 2180 3509 3692 3580">
    <p class='ocr_par' dir='ltr' id='par_1_124' title="bbox 2180 3509 3692 3580">
     <span class='ocr_line' id='line_1_130' title="bbox 2180 3509 3692 3580; baseline 0.005 -17"><span class='ocrx_word' id='word_1_872' title='bbox 2180 3517 2297 3575; x_wconf 89' lang='lat' dir='ltr'><strong>tus,</strong></span> <span class='ocrx_word' id='word_1_873' title='bbox 2331 3512 2421 3580; x_wconf 89' lang='lat' dir='ltr'><strong>qui</strong></span> <span class='ocrx_word' id='word_1_874' title='bbox 2463 3509 2721 3566; x_wconf 89' lang='lat' dir='ltr'><strong>Gruarius</strong></span> <span class='ocrx_word' id='word_1_875' title='bbox 2767 3512 2941 3567; x_wconf 88' lang='lat' dir='ltr'><strong>dictus</strong></span> <span class='ocrx_word' id='word_1_876' title='bbox 2980 3511 3106 3576; x_wconf 83' lang='lat' dir='ltr'><strong>fuit,</strong></span> <span class='ocrx_word' id='word_1_877' title='bbox 3137 3520 3193 3568; x_wconf 88' lang='lat' dir='ltr'><strong>et</strong></span> <span class='ocrx_word' id='word_1_878' title='bbox 3236 3514 3372 3568; x_wconf 88' lang='lat' dir='ltr'><strong>citra</strong></span> <span class='ocrx_word' id='word_1_879' title='bbox 3411 3509 3692 3570; x_wconf 87' lang='lat' dir='ltr'><strong>Concordi</strong></span> 
     </span>
    </p>
   </div>
   <div class='ocr_carea' id='block_1_125' title="bbox 2177 3581 3776 3654">
    <p class='ocr_par' dir='ltr' id='par_1_125' title="bbox 2177 3581 3776 3654">
     <span class='ocr_line' id='line_1_131' title="bbox 2177 3581 3776 3654; baseline 0.003 -20"><span class='ocrx_word' id='word_1_880' title='bbox 2177 3581 2402 3654; x_wconf 88' lang='lat' dir='ltr'><strong>positus,</strong></span> <span class='ocrx_word' id='word_1_881' title='bbox 2421 3581 2534 3651; x_wconf 90' lang='lat' dir='ltr'><strong>jam</strong></span> <span class='ocrx_word' id='word_1_882' title='bbox 2563 3589 2690 3637; x_wconf 92' lang='lat' dir='ltr'><strong>tunc</strong></span> <span class='ocrx_word' id='word_1_883' title='bbox 2718 3583 2964 3654; x_wconf 83' lang='lat' dir='ltr'><strong>fortasse,</strong></span> <span class='ocrx_word' id='word_1_884' title='bbox 2995 3599 3095 3654; x_wconf 92' lang='lat' dir='ltr'><strong>pro</strong></span> <span class='ocrx_word' id='word_1_885' title='bbox 3119 3582 3265 3638; x_wconf 88' lang='lat' dir='ltr'><strong>ﬂuvii</strong></span> <span class='ocrx_word' id='word_1_886' title='bbox 3286 3599 3350 3638; x_wconf 91' lang='lat' dir='ltr'><strong>ac</strong></span> <span class='ocrx_word' id='word_1_887' title='bbox 3377 3583 3490 3654; x_wconf 84' lang='lat' dir='ltr'><strong>loci</strong></span> <span class='ocrx_word' id='word_1_888' title='bbox 3517 3592 3776 3654; x_wconf 78' lang='lat' dir='ltr'><strong>opportu-</strong></span> 
     </span>
    </p>
   </div>
   <div class='ocr_carea' id='block_1_126' title="bbox 2178 3652 3777 3723">
    <p class='ocr_par' dir='ltr' id='par_1_126' title="bbox 2178 3652 3777 3723">
     <span class='ocr_line' id='line_1_132' title="bbox 2178 3652 3777 3723; baseline 0.003 -20"><span class='ocrx_word' id='word_1_889' title='bbox 2178 3652 2366 3723; x_wconf 84' lang='lat' dir='ltr'><strong>nitate,</strong></span> <span class='ocrx_word' id='word_1_890' title='bbox 2411 3659 2648 3722; x_wconf 77' lang='lat' dir='ltr'><strong>cccperat</strong></span> <span class='ocrx_word' id='word_1_891' title='bbox 2691 3661 2761 3723; x_wconf 90' lang='lat' dir='ltr'><strong>et</strong></span> <span class='ocrx_word' id='word_1_892' title='bbox 2787 3652 3084 3722; x_wconf 59' lang='lat' dir='ltr'><strong>populo&#39;et</strong></span> <span class='ocrx_word' id='word_1_893' title='bbox 3128 3654 3320 3723; x_wconf 91' lang='lat' dir='ltr'><strong>opibus</strong></span> <span class='ocrx_word' id='word_1_894' title='bbox 3366 3652 3682 3718; x_wconf 70' lang='lat' dir='ltr'><strong>abundare,</strong></span> <span class='ocrx_word' id='word_1_895' title='bbox 3723 3663 3777 3708; x_wconf 69' lang='grc' dir='ltr'><strong>α</strong></span> 
     </span>
    </p>
   </div>
   <div class='ocr_carea' id='block_1_127' title="bbox 2177 3722 3777 3794">
    <p class='ocr_par' dir='ltr' id='par_1_127' title="bbox 2177 3722 3777 3794">
     <span class='ocr_line' id='line_1_133' title="bbox 2177 3722 3777 3794; baseline 0.003 -20"><span class='ocrx_word' id='word_1_896' title='bbox 2177 3722 2462 3794; x_wconf 81' lang='lat' dir='ltr'><strong>quamdam</strong></span> <span class='ocrx_word' id='word_1_897' title='bbox 2485 3738 2636 3794; x_wconf 74' lang='lat' dir='ltr'><strong>nevae</strong></span> <span class='ocrx_word' id='word_1_898' title='bbox 2665 3722 2896 3794; x_wconf 82' lang='lat' dir='ltr'><strong>civitatis</strong></span> <span class='ocrx_word' id='word_1_899' title='bbox 2923 3722 3454 3794; x_wconf 20' lang='lat' dir='ltr'><strong>speciemjexihibere,</strong></span> <span class='ocrx_word' id='word_1_900' title='bbox 3471 3723 3777 3794; x_wconf 15' lang='lat' dir='ltr'><strong>quaaiAqui-</strong></span> 
     </span>
    </p>
   </div>
   <div class='ocr_carea' id='block_1_128' title="bbox 2175 3790 3774 3861">
    <p class='ocr_par' dir='ltr' id='par_1_128' title="bbox 2175 3790 3774 3861">
     <span class='ocr_line' id='line_1_134' title="bbox 2175 3790 3774 3861; baseline 0.003 -17"><span class='ocrx_word' id='word_1_901' title='bbox 2175 3790 2292 3845; x_wconf 81' lang='lat' dir='ltr'><strong>leiac</strong></span> <span class='ocrx_word' id='word_1_902' title='bbox 2321 3799 2481 3860; x_wconf 90' lang='lat' dir='ltr'><strong>atque</strong></span> <span class='ocrx_word' id='word_1_903' title='bbox 2524 3791 2838 3848; x_wconf 66' lang='lat' dir='ltr'><strong>Concordim</strong></span> <span class='ocrx_word' id='word_1_904' title='bbox 2882 3790 3052 3848; x_wconf 85' lang='lat' dir='ltr'><strong>vicem</strong></span> <span class='ocrx_word' id='word_1_905' title='bbox 3091 3792 3257 3846; x_wconf 88' lang='lat' dir='ltr'><strong>veluti</strong></span> <span class='ocrx_word' id='word_1_906' title='bbox 3300 3790 3540 3861; x_wconf 74' lang='lat' dir='ltr'><strong>gereret.</strong></span> <span class='ocrx_word' id='word_1_907' title='bbox 3577 3790 3774 3860; x_wconf 73' lang='lat' dir='ltr'><strong>Quidni</strong></span> 
     </span>
    </p>
   </div>
   <div class='ocr_carea' id='block_1_129' title="bbox 2175 3861 3779 3933">
    <p class='ocr_par' dir='ltr' id='par_1_129' title="bbox 2175 3861 3779 3933">
     <span class='ocr_line' id='line_1_135' title="bbox 2175 3861 3779 3933; baseline 0.004 -19"><span class='ocrx_word' id='word_1_908' title='bbox 2175 3861 2337 3929; x_wconf 87' lang='lat' dir='ltr'><strong>igitur</strong></span> <span class='ocrx_word' id='word_1_909' title='bbox 2359 3903 2372 3927; x_wconf 94' lang='lat'><strong>,</strong></span> <span class='ocrx_word' id='word_1_910' title='bbox 2420 3878 2450 3915; x_wconf 91' lang='lat' dir='ltr'><strong>a</strong></span> <span class='ocrx_word' id='word_1_911' title='bbox 2491 3863 2662 3930; x_wconf 90' lang='lat' dir='ltr'><strong>primo</strong></span> <span class='ocrx_word' id='word_1_912' title='bbox 2711 3863 2961 3933; x_wconf 69' lang='lat' dir='ltr'><strong>capessiti</strong></span> <span class='ocrx_word' id='word_1_913' title='bbox 3015 3863 3354 3932; x_wconf 90' lang='lat' dir='ltr'><strong>episcopatus</strong></span> <span class='ocrx_word' id='word_1_914' title='bbox 3408 3862 3779 3933; x_wconf 57' lang='lat' dir='ltr'><strong>Aquileiensis</strong></span> 
     </span>
    </p>
   </div>
   <div class='ocr_carea' id='block_1_130' title="bbox 2173 3931 3777 4003">
    <p class='ocr_par' dir='ltr' id='par_1_130' title="bbox 2173 3931 3777 4003">
     <span class='ocr_line' id='line_1_136' title="bbox 2173 3931 3777 4003; baseline 0.004 -19"><span class='ocrx_word' id='word_1_915' title='bbox 2173 3937 2438 4003; x_wconf 66' lang='lat' dir='ltr'><strong>iempore,</strong></span> <span class='ocrx_word' id='word_1_916' title='bbox 2456 3933 2522 4003; x_wconf 87' lang='lat' dir='ltr'><strong>in</strong></span> <span class='ocrx_word' id='word_1_917' title='bbox 2551 3933 2658 4003; x_wconf 86' lang='lat' dir='ltr'><strong>hoc</strong></span> <span class='ocrx_word' id='word_1_918' title='bbox 2683 3931 2844 4003; x_wconf 82' lang='lat' dir='ltr'><strong>portu</strong></span> <span class='ocrx_word' id='word_1_919' title='bbox 2863 3931 3149 4003; x_wconf 81' lang='lat' dir='ltr'><strong>Romatino</strong></span> <span class='ocrx_word' id='word_1_920' title='bbox 3175 3931 3358 3988; x_wconf 85' lang='lat' dir='ltr'><strong>sedem</strong></span> <span class='ocrx_word' id='word_1_921' title='bbox 3389 3931 3562 3989; x_wconf 81' lang='lat' dir='ltr'><strong>veluti</strong></span> <span class='ocrx_word' id='word_1_922' title='bbox 3596 3933 3777 3990; x_wconf 81' lang='lat' dir='ltr'><strong>ﬁxerit</strong></span> 
     </span>
    </p>
   </div>
   <div class='ocr_carea' id='block_1_131' title="bbox 2173 4000 3777 4073">
    <p class='ocr_par' dir='ltr' id='par_1_131' title="bbox 2173 4000 3777 4073">
     <span class='ocr_line' id='line_1_137' title="bbox 2173 4000 3777 4073; baseline 0.004 -19"><span class='ocrx_word' id='word_1_923' title='bbox 2173 4000 2388 4073; x_wconf 81' lang='lat' dir='ltr'><strong>Nicétas</strong></span> <span class='ocrx_word' id='word_1_924' title='bbox 2435 4000 2790 4071; x_wconf 78' lang='lat' dir='ltr'><strong>Aquileiensis</strong></span> <span class='ocrx_word' id='word_1_925' title='bbox 2830 4002 3112 4072; x_wconf 89' lang='lat' dir='ltr'><strong>episcopus</strong></span> <span class='ocrx_word' id='word_1_926' title='bbox 3139 4043 3154 4068; x_wconf 93' lang='lat'><strong>,</strong></span> <span class='ocrx_word' id='word_1_927' title='bbox 3190 4003 3364 4058; x_wconf 92' lang='lat' dir='ltr'><strong>donec</strong></span> <span class='ocrx_word' id='word_1_928' title='bbox 3401 4003 3777 4073; x_wconf 81' lang='lat' dir='ltr'><strong>Aquileiensis</strong></span> 
     </span>
    </p>
   </div>
   <div class='ocr_carea' id='block_1_132' title="bbox 2172 4071 3775 4138">
    <p class='ocr_par' dir='ltr' id='par_1_132' title="bbox 2172 4071 3775 4138">
     <span class='ocr_line' id='line_1_138' title="bbox 2172 4071 3775 4138; baseline 0.004 -13"><span class='ocrx_word' id='word_1_929' title='bbox 2172 4071 2380 4137; x_wconf 90' lang='lat' dir='ltr'><strong>civitas,</strong></span> <span class='ocrx_word' id='word_1_930' title='bbox 2413 4079 2553 4127; x_wconf 90' lang='lat' dir='ltr'><strong>statu</strong></span> <span class='ocrx_word' id='word_1_931' title='bbox 2583 4088 2763 4127; x_wconf 90' lang='lat' dir='ltr'><strong>rerum</strong></span> <span class='ocrx_word' id='word_1_932' title='bbox 2791 4073 2845 4126; x_wconf 93' lang='lat' dir='ltr'><strong>in</strong></span> <span class='ocrx_word' id='word_1_933' title='bbox 2873 4071 3094 4127; x_wconf 87' lang='lat' dir='ltr'><strong>meliora</strong></span> <span class='ocrx_word' id='word_1_934' title='bbox 3122 4089 3403 4138; x_wconf 89' lang='lat' dir='ltr'><strong>converso,</strong></span> <span class='ocrx_word' id='word_1_935' title='bbox 3437 4071 3642 4130; x_wconf 78' lang='lat' dir='ltr'><strong>saltem</strong></span> <span class='ocrx_word' id='word_1_936' title='bbox 3671 4075 3775 4131; x_wconf 74' lang='lat' dir='ltr'><strong>ali-</strong></span> 
     </span>
    </p>
   </div>
   <div class='ocr_carea' id='block_1_133' title="bbox 2172 4142 3775 4209">
    <p class='ocr_par' dir='ltr' id='par_1_133' title="bbox 2172 4142 3775 4209">
     <span class='ocr_line' id='line_1_139' title="bbox 2172 4142 3775 4209; baseline 0.004 -14"><span class='ocrx_word' id='word_1_937' title='bbox 2172 4149 2436 4209; x_wconf 88' lang='lat' dir='ltr'><strong>quatenus</strong></span> <span class='ocrx_word' id='word_1_938' title='bbox 2459 4143 2891 4207; x_wconf 84' lang='lat' dir='ltr'><strong>convalcsceret;</strong></span> <span class='ocrx_word' id='word_1_939' title='bbox 2915 4150 2971 4197; x_wconf 90' lang='lat' dir='ltr'><strong>et</strong></span> <span class='ocrx_word' id='word_1_940' title='bbox 2991 4143 3182 4198; x_wconf 86' lang='lat' dir='ltr'><strong>exinde</strong></span> <span class='ocrx_word' id='word_1_941' title='bbox 3207 4142 3383 4198; x_wconf 90' lang='lat' dir='ltr'><strong>dictus</strong></span> <span class='ocrx_word' id='word_1_942' title='bbox 3403 4144 3628 4200; x_wconf 89' lang='lat' dir='ltr'><strong>interim</strong></span> <span class='ocrx_word' id='word_1_943' title='bbox 3659 4145 3775 4201; x_wconf 83' lang='lat' dir='ltr'><strong>fue-</strong></span> 
     </span>
    </p>
   </div>
   <div class='ocr_carea' id='block_1_134' title="bbox 2170 4211 3776 4283">
    <p class='ocr_par' dir='ltr' id='par_1_134' title="bbox 2170 4211 3776 4283">
     <span class='ocr_line' id='line_1_140' title="bbox 2170 4211 3776 4283; baseline 0.006 -21"><span class='ocrx_word' id='word_1_944' title='bbox 2170 4211 2241 4283; x_wconf 75' lang='lat' dir='ltr'><strong>rjt</strong></span> <span class='ocrx_word' id='word_1_945' title='bbox 2287 4214 2568 4283; x_wconf 90' lang='lat' dir='ltr'><strong>episcopus</strong></span> <span class='ocrx_word' id='word_1_946' title='bbox 2613 4213 2843 4268; x_wconf 88' lang='lat' dir='ltr'><strong>civitatis</strong></span> <span class='ocrx_word' id='word_1_947' title='bbox 2885 4211 3246 4283; x_wconf 69' lang='lat' dir='ltr'><strong>Bomatianac,</strong></span> <span class='ocrx_word' id='word_1_948' title='bbox 3290 4221 3346 4268; x_wconf 91' lang='lat' dir='ltr'><strong>et</strong></span> <span class='ocrx_word' id='word_1_949' title='bbox 3395 4215 3472 4268; x_wconf 88' lang='lat' dir='ltr'><strong>ita</strong></span> <span class='ocrx_word' id='word_1_950' title='bbox 3513 4216 3690 4270; x_wconf 77' lang='lat' dir='ltr'><strong>etiam</strong></span> <span class='ocrx_word' id='word_1_951' title='bbox 3740 4232 3776 4271; x_wconf 86' lang='lat' dir='ltr'><strong>a</strong></span> 
     </span>
    </p>
   </div>
   <div class='ocr_carea' id='block_1_135' title="bbox 2170 4278 3771 4352">
    <p class='ocr_par' dir='ltr' id='par_1_135' title="bbox 2170 4278 3771 4352">
     <span class='ocr_line' id='line_1_141' title="bbox 2170 4278 3771 4352; baseline 0.004 -17"><span class='ocrx_word' id='word_1_952' title='bbox 2170 4278 2448 4337; x_wconf 74' lang='lat' dir='ltr'><strong>Gennadio</strong></span> <span class='ocrx_word' id='word_1_953' title='bbox 2473 4278 2830 4352; x_wconf 72' lang='lat' dir='ltr'><strong>appellatus?</strong></span> <span class='ocrx_word' id='word_1_954' title='bbox 2878 4281 2995 4337; x_wconf 87' lang='lat' dir='ltr'><strong>Jam</strong></span> <span class='ocrx_word' id='word_1_955' title='bbox 3024 4299 3153 4338; x_wconf 91' lang='lat' dir='ltr'><strong>vero</strong></span> <span class='ocrx_word' id='word_1_956' title='bbox 3195 4284 3424 4338; x_wconf 85' lang='lat' dir='ltr'><strong>civitatis</strong></span> <span class='ocrx_word' id='word_1_957' title='bbox 3453 4285 3626 4339; x_wconf 84' lang='lat' dir='ltr'><strong>etiam</strong></span> <span class='ocrx_word' id='word_1_958' title='bbox 3667 4302 3771 4341; x_wconf 88' lang='lat' dir='ltr'><strong>no-</strong></span> 
     </span>
    </p>
   </div>
   <div class='ocr_carea' id='block_1_136' title="bbox 2169 4353 3773 4423">
    <p class='ocr_par' dir='ltr' id='par_1_136' title="bbox 2169 4353 3773 4423">
     <span class='ocr_line' id='line_1_142' title="bbox 2169 4353 3773 4423; baseline 0.004 -18"><span class='ocrx_word' id='word_1_959' title='bbox 2169 4366 2312 4423; x_wconf 71' lang='lat' dir='ltr'><strong>men,</strong></span> <span class='ocrx_word' id='word_1_960' title='bbox 2337 4354 2515 4423; x_wconf 91' lang='lat' dir='ltr'><strong>potius</strong></span> <span class='ocrx_word' id='word_1_961' title='bbox 2542 4367 2702 4423; x_wconf 90' lang='lat' dir='ltr'><strong>quam</strong></span> <span class='ocrx_word' id='word_1_962' title='bbox 2730 4361 2936 4423; x_wconf 91' lang='lat' dir='ltr'><strong>portus,</strong></span> <span class='ocrx_word' id='word_1_963' title='bbox 2969 4353 3088 4409; x_wconf 90' lang='lat' dir='ltr'><strong>loco</strong></span> <span class='ocrx_word' id='word_1_964' title='bbox 3116 4354 3189 4408; x_wconf 90' lang='lat' dir='ltr'><strong>illi</strong></span> <span class='ocrx_word' id='word_1_965' title='bbox 3219 4354 3286 4408; x_wconf 92' lang='lat' dir='ltr'><strong>ad</strong></span> <span class='ocrx_word' id='word_1_966' title='bbox 3313 4353 3634 4423; x_wconf 74' lang='lat' dir='ltr'><strong>Romatinm</strong></span> <span class='ocrx_word' id='word_1_967' title='bbox 3675 4371 3773 4412; x_wconf 86' lang='lat' dir='ltr'><strong>seu</strong></span> 
     </span>
    </p>
   </div>
   <div class='ocr_carea' id='block_1_137' title="bbox 2168 4419 3773 4488">
    <p class='ocr_par' dir='ltr' id='par_1_137' title="bbox 2168 4419 3773 4488">
     <span class='ocr_line' id='line_1_143' title="bbox 2168 4419 3773 4488; baseline 0.005 -14"><span class='ocrx_word' id='word_1_968' title='bbox 2168 4419 2512 4477; x_wconf 75' lang='lat' dir='ltr'><strong>Romatiniim</strong></span> <span class='ocrx_word' id='word_1_969' title='bbox 2551 4419 2769 4477; x_wconf 88' lang='lat' dir='ltr'><strong>ﬂuvium</strong></span> <span class='ocrx_word' id='word_1_970' title='bbox 2810 4425 2941 4488; x_wconf 92' lang='lat' dir='ltr'><strong>sito,</strong></span> <span class='ocrx_word' id='word_1_971' title='bbox 2972 4423 3167 4479; x_wconf 69' lang='lat' dir='ltr'><strong>Niceta:</strong></span> <span class='ocrx_word' id='word_1_972' title='bbox 3213 4439 3277 4478; x_wconf 90' lang='lat' dir='ltr'><strong>ac</strong></span> <span class='ocrx_word' id='word_1_973' title='bbox 3314 4422 3587 4480; x_wconf 86' lang='lat' dir='ltr'><strong>Ceunadii</strong></span> <span class='ocrx_word' id='word_1_974' title='bbox 3631 4432 3773 4482; x_wconf 83' lang='lat' dir='ltr'><strong>tem-</strong></span> 
     </span>
    </p>
   </div>
   <div class='ocr_carea' id='block_1_138' title="bbox 2165 4493 3772 4564">
    <p class='ocr_par' dir='ltr' id='par_1_138' title="bbox 2165 4493 3772 4564">
     <span class='ocr_line' id='line_1_144' title="bbox 2165 4493 3772 4564; baseline 0.003 -17"><span class='ocrx_word' id='word_1_975' title='bbox 2165 4506 2299 4564; x_wconf 81' lang='lat' dir='ltr'><strong>pore</strong></span> <span class='ocrx_word' id='word_1_976' title='bbox 2319 4494 2692 4564; x_wconf 84' lang='lat' dir='ltr'><strong>conveniebat,</strong></span> <span class='ocrx_word' id='word_1_977' title='bbox 2717 4502 2878 4564; x_wconf 88' lang='lat' dir='ltr'><strong>atque</strong></span> <span class='ocrx_word' id='word_1_978' title='bbox 2907 4493 3026 4548; x_wconf 90' lang='lat' dir='ltr'><strong>ideo</strong></span> <span class='ocrx_word' id='word_1_979' title='bbox 3049 4493 3420 4549; x_wconf 82' lang='lat' dir='ltr'><strong>Romatiauam</strong></span> <span class='ocrx_word' id='word_1_980' title='bbox 3440 4494 3595 4550; x_wconf 85' lang='lat' dir='ltr'><strong>illam</strong></span> <span class='ocrx_word' id='word_1_981' title='bbox 3627 4497 3772 4552; x_wconf 81' lang='lat' dir='ltr'><strong>dixit</strong></span> 
     </span>
    </p>
   </div>
   <div class='ocr_carea' id='block_1_139' title="bbox 2167 4562 3772 4635">
    <p class='ocr_par' dir='ltr' id='par_1_139' title="bbox 2167 4562 3772 4635">
     <span class='ocr_line' id='line_1_145' title="bbox 2167 4562 3772 4635; baseline 0.003 -18"><span class='ocrx_word' id='word_1_982' title='bbox 2167 4562 2473 4635; x_wconf 82' lang='lat' dir='ltr'><strong>Gennadius</strong></span> <span class='ocrx_word' id='word_1_983' title='bbox 2501 4563 2616 4635; x_wconf 88' lang='lat' dir='ltr'><strong>ipse</strong></span> <span class='ocrx_word' id='word_1_984' title='bbox 2643 4562 2947 4635; x_wconf 78' lang='lat' dir='ltr'><strong>civitatem;</strong></span> <span class='ocrx_word' id='word_1_985' title='bbox 2977 4564 3246 4635; x_wconf 74' lang='lat' dir='ltr'><strong>civitatem</strong></span> <span class='ocrx_word' id='word_1_986' title='bbox 3276 4579 3486 4634; x_wconf 86' lang='lat' dir='ltr'><strong>nempe,</strong></span> <span class='ocrx_word' id='word_1_987' title='bbox 3529 4567 3674 4635; x_wconf 78' lang='lat' dir='ltr'><strong>quia</strong></span> <span class='ocrx_word' id='word_1_988' title='bbox 3703 4566 3772 4622; x_wconf 80' lang='lat' dir='ltr'><strong>ad</strong></span> 
     </span>
    </p>
   </div>
   <div class='ocr_carea' id='block_1_140' title="bbox 2169 4632 3766 4704">
    <p class='ocr_par' dir='ltr' id='par_1_140' title="bbox 2169 4632 3766 4704">
     <span class='ocr_line' id='line_1_146' title="bbox 2169 4632 3766 4704; baseline 0.004 -18"><span class='ocrx_word' id='word_1_989' title='bbox 2169 4633 2336 4704; x_wconf 89' lang='lat' dir='ltr'><strong>instar</strong></span> <span class='ocrx_word' id='word_1_990' title='bbox 2373 4649 2524 4704; x_wconf 59' lang='lat' dir='ltr'><strong>nove:</strong></span> <span class='ocrx_word' id='word_1_991' title='bbox 2564 4633 2796 4688; x_wconf 88' lang='lat' dir='ltr'><strong>civitatis</strong></span> <span class='ocrx_word' id='word_1_992' title='bbox 2823 4641 2943 4704; x_wconf 89' lang='lat' dir='ltr'><strong>post</strong></span> <span class='ocrx_word' id='word_1_993' title='bbox 2982 4632 3335 4704; x_wconf 85' lang='lat' dir='ltr'><strong>Concordiam</strong></span> <span class='ocrx_word' id='word_1_994' title='bbox 3355 4632 3598 4689; x_wconf 81' lang='lat' dir='ltr'><strong>dirutam</strong></span> <span class='ocrx_word' id='word_1_995' title='bbox 3631 4653 3766 4692; x_wconf 84' lang='lat' dir='ltr'><strong>eon-</strong></span> 
     </span>
    </p>
   </div>
   <div class='ocr_carea' id='block_1_141' title="bbox 2165 4702 3771 4773">
    <p class='ocr_par' dir='ltr' id='par_1_141' title="bbox 2165 4702 3771 4773">
     <span class='ocr_line' id='line_1_147' title="bbox 2165 4702 3771 4773; baseline 0.004 -17"><span class='ocrx_word' id='word_1_996' title='bbox 2165 4703 2450 4770; x_wconf 87' lang='lat' dir='ltr'><strong>surgebat;</strong></span> <span class='ocrx_word' id='word_1_997' title='bbox 2481 4702 2857 4773; x_wconf 83' lang='lat' dir='ltr'><strong>Romatianam</strong></span> <span class='ocrx_word' id='word_1_998' title='bbox 2884 4719 3047 4767; x_wconf 90' lang='lat' dir='ltr'><strong>vero,</strong></span> <span class='ocrx_word' id='word_1_999' title='bbox 3074 4705 3197 4773; x_wconf 90' lang='lat' dir='ltr'><strong>quia</strong></span> <span class='ocrx_word' id='word_1_1000' title='bbox 3231 4719 3262 4758; x_wconf 90' lang='lat' dir='ltr'><strong>a</strong></span> <span class='ocrx_word' id='word_1_1001' title='bbox 3291 4703 3627 4762; x_wconf 81' lang='lat' dir='ltr'><strong>Romatiano</strong></span> <span class='ocrx_word' id='word_1_1002' title='bbox 3669 4706 3771 4762; x_wconf 77' lang='lat' dir='ltr'><strong>ﬂu-</strong></span> 
     </span>
    </p>
   </div>
   <div class='ocr_carea' id='block_1_142' title="bbox 2164 4772 3767 4848">
    <p class='ocr_par' dir='ltr' id='par_1_142' title="bbox 2164 4772 3767 4848">
     <span class='ocr_line' id='line_1_148' title="bbox 2164 4772 3767 4848; baseline 0.004 -22"><span class='ocrx_word' id='word_1_1003' title='bbox 2164 4773 2657 4848; x_wconf 84' lang='lat' dir='ltr'><strong>minc_allueb_atur.</strong></span> <span class='ocrx_word' id='word_1_1004' title='bbox 2688 4772 2882 4848; x_wconf 85' lang='lat' dir='ltr'><strong>Quidni</strong></span> <span class='ocrx_word' id='word_1_1005' title='bbox 2926 4772 3106 4848; x_wconf 78' lang='lat' dir='ltr'><strong>etiam</strong></span> <span class='ocrx_word' id='word_1_1006' title='bbox 3135 4773 3202 4848; x_wconf 63' lang='lat' dir='ltr'><strong>ad</strong></span> <span class='ocrx_word' id='word_1_1007' title='bbox 3229 4788 3424 4848; x_wconf 86' lang='lat' dir='ltr'><strong>novum</strong></span> <span class='ocrx_word' id='word_1_1008' title='bbox 3450 4775 3604 4831; x_wconf 80' lang='lat' dir='ltr'><strong>hunc</strong></span> <span class='ocrx_word' id='word_1_1009' title='bbox 3635 4793 3767 4848; x_wconf 82' lang='lat' dir='ltr'><strong>por-</strong></span> 
     </span>
    </p>
   </div>
   <div class='ocr_carea' id='block_1_143' title="bbox 2163 4842 3768 4917">
    <p class='ocr_par' dir='ltr' id='par_1_143' title="bbox 2163 4842 3768 4917">
     <span class='ocr_line' id='line_1_149' title="bbox 2163 4842 3768 4917; baseline 0.002 -22"><span class='ocrx_word' id='word_1_1010' title='bbox 2163 4851 2275 4917; x_wconf 80' lang='lat' dir='ltr'><strong>tum</strong></span> <span class='ocrx_word' id='word_1_1011' title='bbox 2307 4842 2671 4917; x_wconf 81' lang='lat' dir='ltr'><strong>Roma_t_i_num,</strong></span> <span class='ocrx_word' id='word_1_1012' title='bbox 2704 4859 2799 4917; x_wconf 86' lang='lat' dir='ltr'><strong>seu</strong></span> <span class='ocrx_word' id='word_1_1013' title='bbox 2839 4843 3108 4899; x_wconf 89' lang='lat' dir='ltr'><strong>civitatem</strong></span> <span class='ocrx_word' id='word_1_1014' title='bbox 3157 4842 3525 4917; x_wconf 82' lang='lat' dir='ltr'><strong>Romatianam</strong></span> <span class='ocrx_word' id='word_1_1015' title='bbox 3548 4887 3567 4917; x_wconf 75' lang='lat'><strong>,</strong></span> <span class='ocrx_word' id='word_1_1016' title='bbox 3618 4842 3768 4917; x_wconf 63' lang='lat' dir='ltr'><strong>saepe</strong></span> 
     </span>
    </p>
   </div>
   <div class='ocr_carea' id='block_1_144' title="bbox 2162 4913 3767 4984">
    <p class='ocr_par' dir='ltr' id='par_1_144' title="bbox 2162 4913 3767 4984">
     <span class='ocr_line' id='line_1_150' title="bbox 2162 4913 3767 4984; baseline 0.001 -18"><span class='ocrx_word' id='word_1_1017' title='bbox 2162 4913 2440 4984; x_wconf 87' lang='lat' dir='ltr'><strong>diverterit</strong></span> <span class='ocrx_word' id='word_1_1018' title='bbox 2467 4913 2698 4984; x_wconf 85' lang='lat' dir='ltr'><strong>Nicetas,</strong></span> <span class='ocrx_word' id='word_1_1019' title='bbox 2731 4915 2891 4968; x_wconf 90' lang='lat' dir='ltr'><strong>etiam</strong></span> <span class='ocrx_word' id='word_1_1020' title='bbox 2923 4921 3207 4984; x_wconf 86' lang='lat' dir='ltr'><strong>postquam</strong></span> <span class='ocrx_word' id='word_1_1021' title='bbox 3236 4913 3600 4984; x_wconf 88' lang='lat' dir='ltr'><strong>Aquileiensis</strong></span> <span class='ocrx_word' id='word_1_1022' title='bbox 3631 4913 3767 4973; x_wconf 70' lang='lat' dir='ltr'><strong>civ-i—</strong></span> 
     </span>
    </p>
   </div>
   <div class='ocr_carea' id='block_1_145' title="bbox 2162 4983 3763 5058">
    <p class='ocr_par' dir='ltr' id='par_1_145' title="bbox 2162 4983 3763 5058">
     <span class='ocr_line' id='line_1_151' title="bbox 2162 4983 3763 5058; baseline 0.004 -22"><span class='ocrx_word' id='word_1_1023' title='bbox 2162 4992 2268 5058; x_wconf 83' lang='lat' dir='ltr'><strong>ta_s_</strong></span> <span class='ocrx_word' id='word_1_1024' title='bbox 2291 4983 2676 5052; x_wconf 90' lang='lat' dir='ltr'><strong>aliquantisper</strong></span> <span class='ocrx_word' id='word_1_1025' title='bbox 2703 4999 2734 5036; x_wconf 92' lang='lat' dir='ltr'><strong>e</strong></span> <span class='ocrx_word' id='word_1_1026' title='bbox 2765 4983 3004 5058; x_wconf 77' lang='lat' dir='ltr'><strong>propriis</strong></span> <span class='ocrx_word' id='word_1_1027' title='bbox 3042 4983 3209 5038; x_wconf 88' lang='lat' dir='ltr'><strong>ruinis</strong></span> <span class='ocrx_word' id='word_1_1028' title='bbox 3255 4985 3518 5058; x_wconf 80' lang='lat' dir='ltr'><strong>extulerat</strong></span> <span class='ocrx_word' id='word_1_1029' title='bbox 3554 4997 3763 5058; x_wconf 78' lang='lat' dir='ltr'><strong>caput;</strong></span> 
     </span>
    </p>
   </div>
   <div class='ocr_carea' id='block_1_146' title="bbox 2162 5052 3764 5124">
    <p class='ocr_par' dir='ltr' id='par_1_146' title="bbox 2162 5052 3764 5124">
     <span class='ocr_line' id='line_1_152' title="bbox 2162 5052 3764 5124; baseline 0.004 -18"><span class='ocrx_word' id='word_1_1030' title='bbox 2162 5053 2229 5108; x_wconf 93' lang='lat' dir='ltr'><strong>ad</strong></span> <span class='ocrx_word' id='word_1_1031' title='bbox 2254 5052 2429 5124; x_wconf 82' lang='lat' dir='ltr'><strong>locum</strong></span> <span class='ocrx_word' id='word_1_1032' title='bbox 2449 5068 2672 5124; x_wconf 87' lang='lat' dir='ltr'><strong>nempe,</strong></span> <span class='ocrx_word' id='word_1_1033' title='bbox 2688 5053 2780 5121; x_wconf 90' lang='lat' dir='ltr'><strong>qui</strong></span> <span class='ocrx_word' id='word_1_1034' title='bbox 2809 5055 2862 5107; x_wconf 91' lang='lat' dir='ltr'><strong>in</strong></span> <span class='ocrx_word' id='word_1_1035' title='bbox 2879 5052 2996 5109; x_wconf 85' lang='lat' dir='ltr'><strong>dies</strong></span> <span class='ocrx_word' id='word_1_1036' title='bbox 3015 5061 3298 5124; x_wconf 82' lang='lat' dir='ltr'><strong>cresceret,</strong></span> <span class='ocrx_word' id='word_1_1037' title='bbox 3330 5062 3386 5109; x_wconf 88' lang='lat' dir='ltr'><strong>et</strong></span> <span class='ocrx_word' id='word_1_1038' title='bbox 3414 5052 3764 5124; x_wconf 67' lang='lat' dir='ltr'><strong>frequentem</strong></span> 
     </span>
    </p>
   </div>
   <div class='ocr_carea' id='block_1_147' title="bbox 2164 5122 3765 5198">
    <p class='ocr_par' dir='ltr' id='par_1_147' title="bbox 2164 5122 3765 5198">
     <span class='ocr_line' id='line_1_153' title="bbox 2164 5122 3765 5198; baseline 0.003 -23"><span class='ocrx_word' id='word_1_1039' title='bbox 2164 5139 2227 5198; x_wconf 80' lang='lat' dir='ltr'><strong>ac</strong></span> <span class='ocrx_word' id='word_1_1040' title='bbox 2277 5122 2499 5198; x_wconf 77' lang='lat' dir='ltr'><strong>multam</strong></span> <span class='ocrx_word' id='word_1_1041' title='bbox 2549 5123 2813 5198; x_wconf 62' lang='lat' dir='ltr'><strong>praeberet</strong></span> <span class='ocrx_word' id='word_1_1042' title='bbox 2858 5123 3116 5198; x_wconf 74' lang='lat' dir='ltr'><strong>onerandi</strong></span> <span class='ocrx_word' id='word_1_1043' title='bbox 3154 5125 3430 5198; x_wconf 80' lang='lat' dir='ltr'><strong>materiam</strong></span> <span class='ocrx_word' id='word_1_1044' title='bbox 3461 5122 3765 5198; x_wconf 67' lang='lat' dir='ltr'><strong>episcopo</strong></span> 
     </span>
    </p>
   </div>
   <div class='ocr_carea' id='block_1_148' title="bbox 2163 5193 3764 5268">
    <p class='ocr_par' dir='ltr' id='par_1_148' title="bbox 2163 5193 3764 5268">
     <span class='ocr_line' id='line_1_154' title="bbox 2163 5193 3764 5268; baseline 0.003 -21"><span class='ocrx_word' id='word_1_1045' title='bbox 2163 5193 2442 5268; x_wconf 79' lang='lat' dir='ltr'><strong>dioecesis;</strong></span> <span class='ocrx_word' id='word_1_1046' title='bbox 2466 5199 2521 5268; x_wconf 80' lang='lat' dir='ltr'><strong>et</strong></span> <span class='ocrx_word' id='word_1_1047' title='bbox 2548 5193 2671 5268; x_wconf 88' lang='lat' dir='ltr'><strong>inde</strong></span> <span class='ocrx_word' id='word_1_1048' title='bbox 2691 5208 2906 5268; x_wconf 77' lang='lat' dir='ltr'><strong>qnoque</strong></span> <span class='ocrx_word' id='word_1_1049' title='bbox 2926 5209 2991 5249; x_wconf 92' lang='lat' dir='ltr'><strong>ea</strong></span> <span class='ocrx_word' id='word_1_1050' title='bbox 3024 5193 3360 5268; x_wconf 74' lang='lat' dir='ltr'><strong>Romatianze</strong></span> <span class='ocrx_word' id='word_1_1051' title='bbox 3373 5193 3618 5268; x_wconf 75' lang='lat' dir='ltr'><strong>civitatis</strong></span> <span class='ocrx_word' id='word_1_1052' title='bbox 3649 5193 3764 5268; x_wconf 73' lang='lat' dir='ltr'><strong>epi-</strong></span> 
     </span>
    </p>
   </div>
   <div class='ocr_carea' id='block_1_149' title="bbox 2161 5263 3573 5336">
    <p class='ocr_par' dir='ltr' id='par_1_149' title="bbox 2161 5263 3573 5336">
     <span class='ocr_line' id='line_1_155' title="bbox 2161 5263 3573 5336; baseline -0.001 -18"><span class='ocrx_word' id='word_1_1053' title='bbox 2161 5263 2312 5336; x_wconf 77' lang='lat' dir='ltr'><strong>scqpi</strong></span> <span class='ocrx_word' id='word_1_1054' title='bbox 2331 5263 2620 5332; x_wconf 89' lang='lat' dir='ltr'><strong>appellatio</strong></span> <span class='ocrx_word' id='word_1_1055' title='bbox 2649 5264 2702 5336; x_wconf 88' lang='lat' dir='ltr'><strong>in</strong></span> <span class='ocrx_word' id='word_1_1056' title='bbox 2731 5264 2913 5336; x_wconf 66' lang='lat' dir='ltr'><strong>Niceta</strong></span> <span class='ocrx_word' id='word_1_1057' title='bbox 2941 5273 3126 5336; x_wconf 82' lang='lat' dir='ltr'><strong>nostro</strong></span> <span class='ocrx_word' id='word_1_1058' title='bbox 3155 5265 3523 5336; x_wconf 83' lang='lat' dir='ltr'><strong>percrebuerit</strong></span> <span class='ocrx_word' id='word_1_1059' title='bbox 3544 5266 3573 5318; x_wconf 82' lang='lat'><strong>?</strong></span> 
     </span>
    </p>
   </div>
   <div class='ocr_carea' id='block_1_150' title="bbox 2285 5334 3761 5404">
    <p class='ocr_par' dir='ltr' id='par_1_150' title="bbox 2285 5334 3761 5404">
     <span class='ocr_line' id='line_1_156' title="bbox 2285 5334 3761 5404; baseline 0.005 -17"><span class='ocrx_word' id='word_1_1060' title='bbox 2285 5341 2304 5386; x_wconf 92' lang='lat' dir='ltr'><strong>t</strong></span> <span class='ocrx_word' id='word_1_1061' title='bbox 2347 5349 2496 5399; x_wconf 90' lang='lat' dir='ltr'><strong>vero,</strong></span> <span class='ocrx_word' id='word_1_1062' title='bbox 2527 5334 2672 5404; x_wconf 90' lang='lat' dir='ltr'><strong>quod</strong></span> <span class='ocrx_word' id='word_1_1063' title='bbox 2719 5334 2786 5390; x_wconf 92' lang='lat' dir='ltr'><strong>de</strong></span> <span class='ocrx_word' id='word_1_1064' title='bbox 2832 5335 3015 5389; x_wconf 87' lang='lat' dir='ltr'><strong>Niceta</strong></span> <span class='ocrx_word' id='word_1_1065' title='bbox 3055 5334 3384 5404; x_wconf 83' lang='lat' dir='ltr'><strong>Aquileiensi</strong></span> <span class='ocrx_word' id='word_1_1066' title='bbox 3418 5352 3488 5392; x_wconf 87' lang='lat' dir='ltr'><strong>ex</strong></span> <span class='ocrx_word' id='word_1_1067' title='bbox 3529 5336 3761 5394; x_wconf 81' lang='lat' dir='ltr'><strong>illorum</strong></span> 
     </span>
    </p>
   </div>
   <div class='ocr_carea' id='block_1_151' title="bbox 2160 5404 3762 5473">
    <p class='ocr_par' dir='ltr' id='par_1_151' title="bbox 2160 5404 3762 5473">
     <span class='ocr_line' id='line_1_157' title="bbox 2160 5404 3762 5473; baseline 0.006 -16"><span class='ocrx_word' id='word_1_1068' title='bbox 2160 5412 2462 5473; x_wconf 88' lang='lat' dir='ltr'><strong>temporum</strong></span> <span class='ocrx_word' id='word_1_1069' title='bbox 2509 5404 2904 5470; x_wconf 87' lang='lat' dir='ltr'><strong>vicissitudine,</strong></span> <span class='ocrx_word' id='word_1_1070' title='bbox 2938 5412 2991 5459; x_wconf 89' lang='lat' dir='ltr'><strong>et</strong></span> <span class='ocrx_word' id='word_1_1071' title='bbox 3033 5419 3101 5458; x_wconf 81' lang='lat' dir='ltr'><strong>ex</strong></span> <span class='ocrx_word' id='word_1_1072' title='bbox 3134 5405 3486 5473; x_wconf 84' lang='lat' dir='ltr'><strong>Aquileiensis</strong></span> <span class='ocrx_word' id='word_1_1073' title='bbox 3512 5409 3762 5466; x_wconf 74' lang='lat' dir='ltr'><strong>civitatis</strong></span> 
     </span>
    </p>
   </div>
   <div class='ocr_carea' id='block_1_152' title="bbox 2152 5473 3760 5546">
    <p class='ocr_par' dir='ltr' id='par_1_152' title="bbox 2152 5473 3760 5546">
     <span class='ocr_line' id='line_1_158' title="bbox 2152 5473 3760 5546; baseline 0.006 -19"><span class='ocrx_word' id='word_1_1074' title='bbox 2152 5473 2362 5542; x_wconf 85' lang='lat' dir='ltr'><strong>jactura</strong></span> <span class='ocrx_word' id='word_1_1075' title='bbox 2394 5489 2502 5546; x_wconf 81' lang='lat' dir='ltr'><strong>non</strong></span> <span class='ocrx_word' id='word_1_1076' title='bbox 2534 5474 2700 5546; x_wconf 83' lang='lat' dir='ltr'><strong>invite</strong></span> <span class='ocrx_word' id='word_1_1077' title='bbox 2739 5473 3121 5546; x_wconf 89' lang='lat' dir='ltr'><strong>conjectamus,</strong></span> <span class='ocrx_word' id='word_1_1078' title='bbox 3153 5475 3312 5546; x_wconf 88' lang='lat' dir='ltr'><strong>etiam</strong></span> <span class='ocrx_word' id='word_1_1079' title='bbox 3353 5479 3610 5546; x_wconf 89' lang='lat' dir='ltr'><strong>exemplo</strong></span> <span class='ocrx_word' id='word_1_1080' title='bbox 3654 5481 3760 5536; x_wconf 76' lang='lat' dir='ltr'><strong>ali-</strong></span> 
     </span>
    </p>
   </div>
   <div class='ocr_carea' id='block_1_153' title="bbox 2157 5543 3756 5613">
    <p class='ocr_par' dir='ltr' id='par_1_153' title="bbox 2157 5543 3756 5613">
     <span class='ocr_line' id='line_1_159' title="bbox 2157 5543 3756 5613; baseline 0.006 -16"><span class='ocrx_word' id='word_1_1081' title='bbox 2157 5550 2395 5611; x_wconf 91' lang='lat' dir='ltr'><strong>quotum</strong></span> <span class='ocrx_word' id='word_1_1082' title='bbox 2427 5543 2667 5611; x_wconf 89' lang='lat' dir='ltr'><strong>ejusdem</strong></span> <span class='ocrx_word' id='word_1_1083' title='bbox 2699 5553 2808 5598; x_wconf 89' lang='lat' dir='ltr'><strong>tum</strong></span> <span class='ocrx_word' id='word_1_1084' title='bbox 2841 5544 3212 5612; x_wconf 88' lang='lat' dir='ltr'><strong>subsequentis</strong></span> <span class='ocrx_word' id='word_1_1085' title='bbox 3231 5546 3404 5601; x_wconf 69' lang='lat' dir='ltr'><strong>aetatis</strong></span> <span class='ocrx_word' id='word_1_1086' title='bbox 3426 5543 3756 5613; x_wconf 80' lang='lat' dir='ltr'><strong>illustretur.</strong></span> 
     </span>
    </p>
   </div>
   <div class='ocr_carea' id='block_1_154' title="bbox 2157 5613 3756 5688">
    <p class='ocr_par' dir='ltr' id='par_1_154' title="bbox 2157 5613 3756 5688">
     <span class='ocr_line' id='line_1_160' title="bbox 2157 5613 3756 5688; baseline 0.006 -22"><span class='ocrx_word' id='word_1_1087' title='bbox 2157 5613 2568 5688; x_wconf 84' lang='lat' dir='ltr'><strong>Mediolanensis</strong></span> <span class='ocrx_word' id='word_1_1088' title='bbox 2588 5614 2826 5688; x_wconf 83' lang='lat' dir='ltr'><strong>Ecclesia</strong></span> <span class='ocrx_word' id='word_1_1089' title='bbox 2854 5622 3150 5688; x_wconf 73' lang='lat' dir='ltr'><strong>przesto_est</strong></span> <span class='ocrx_word' id='word_1_1090' title='bbox 3186 5614 3515 5688; x_wconf 81' lang='lat' dir='ltr'><strong>Aquileiensi</strong></span> <span class='ocrx_word' id='word_1_1091' title='bbox 3542 5617 3756 5688; x_wconf 74' lang='lat' dir='ltr'><strong>afﬁnis,</strong></span> 
     </span>
    </p>
   </div>
   <div class='ocr_carea' id='block_1_155' title="bbox 2159 5682 3754 5752">
    <p class='ocr_par' dir='ltr' id='par_1_155' title="bbox 2159 5682 3754 5752">
     <span class='ocr_line' id='line_1_161' title="bbox 2159 5682 3754 5752; baseline 0.003 -14"><span class='ocrx_word' id='word_1_1092' title='bbox 2159 5683 2310 5752; x_wconf 90' lang='lat' dir='ltr'><strong>cujus</strong></span> <span class='ocrx_word' id='word_1_1093' title='bbox 2362 5684 2551 5740; x_wconf 90' lang='lat' dir='ltr'><strong>civitas</strong></span> <span class='ocrx_word' id='word_1_1094' title='bbox 2591 5703 2655 5740; x_wconf 79' lang='lat' dir='ltr'><strong>ex</strong></span> <span class='ocrx_word' id='word_1_1095' title='bbox 2693 5682 2927 5739; x_wconf 77' lang='lat' dir='ltr'><strong>Attilana</strong></span> <span class='ocrx_word' id='word_1_1096' title='bbox 2973 5682 3182 5739; x_wconf 89' lang='lat' dir='ltr'><strong>feritate</strong></span> <span class='ocrx_word' id='word_1_1097' title='bbox 3223 5682 3364 5740; x_wconf 88' lang='lat' dir='ltr'><strong>idem</strong></span> <span class='ocrx_word' id='word_1_1098' title='bbox 3409 5687 3574 5742; x_wconf 88' lang='lat' dir='ltr'><strong>subiit</strong></span> <span class='ocrx_word' id='word_1_1099' title='bbox 3628 5682 3754 5748; x_wconf 69' lang='lat' dir='ltr'><strong>cmi</strong></span> 
     </span>
    </p>
   </div>
   <div class='ocr_carea' id='block_1_156' title="bbox 2161 5753 3752 5830">
    <p class='ocr_par' dir='ltr' id='par_1_156' title="bbox 2161 5753 3752 5830">
     <span class='ocr_line' id='line_1_162' title="bbox 2161 5753 3752 5830; baseline 0.005 -24"><span class='ocrx_word' id='word_1_1100' title='bbox 2161 5753 2403 5821; x_wconf 85' lang='lat' dir='ltr'><strong>Aquileia</strong></span> <span class='ocrx_word' id='word_1_1101' title='bbox 2451 5754 2635 5830; x_wconf 71' lang='lat' dir='ltr'><strong>fatum,</strong></span> <span class='ocrx_word' id='word_1_1102' title='bbox 2679 5756 2804 5830; x_wconf 85' lang='lat' dir='ltr'><strong>licet</strong></span> <span class='ocrx_word' id='word_1_1103' title='bbox 2842 5771 2949 5810; x_wconf 91' lang='lat' dir='ltr'><strong>non</strong></span> <span class='ocrx_word' id='word_1_1104' title='bbox 2988 5754 3060 5808; x_wconf 89' lang='lat' dir='ltr'><strong>ita</strong></span> <span class='ocrx_word' id='word_1_1105' title='bbox 3101 5755 3343 5830; x_wconf 82' lang='lat' dir='ltr'><strong>exitiale,</strong></span> <span class='ocrx_word' id='word_1_1106' title='bbox 3374 5767 3563 5830; x_wconf 84' lang='lat' dir='ltr'><strong>utpote</strong></span> <span class='ocrx_word' id='word_1_1107' title='bbox 3607 5775 3752 5830; x_wconf 65' lang='lat' dir='ltr'><strong>qua,</strong></span> 
     </span>
    </p>
   </div>
   <div class='ocr_carea' id='block_1_157' title="bbox 2163 5825 3752 5903">
    <p class='ocr_par' dir='ltr' id='par_1_157' title="bbox 2163 5825 3752 5903">
     <span class='ocr_line' id='line_1_163' title="bbox 2163 5825 3752 5903; baseline 0.006 -26"><span class='ocrx_word' id='word_1_1108' title='bbox 2163 5832 2278 5879; x_wconf 88' lang='lat' dir='ltr'><strong>toto</strong></span> <span class='ocrx_word' id='word_1_1109' title='bbox 2301 5840 2437 5893; x_wconf 82' lang='lat' dir='ltr'><strong>pene</strong></span> <span class='ocrx_word' id='word_1_1110' title='bbox 2465 5826 2665 5894; x_wconf 89' lang='lat' dir='ltr'><strong>populo</strong></span> <span class='ocrx_word' id='word_1_1111' title='bbox 2709 5827 2860 5882; x_wconf 88' lang='lat' dir='ltr'><strong>salvo</strong></span> <span class='ocrx_word' id='word_1_1112' title='bbox 2890 5841 2953 5882; x_wconf 88' lang='lat' dir='ltr'><strong>ac</strong></span> <span class='ocrx_word' id='word_1_1113' title='bbox 2971 5825 3190 5895; x_wconf 83' lang='lat' dir='ltr'><strong>sospite,</strong></span> <span class='ocrx_word' id='word_1_1114' title='bbox 3220 5834 3344 5897; x_wconf 81' lang='lat' dir='ltr'><strong>post</strong></span> <span class='ocrx_word' id='word_1_1115' title='bbox 3371 5825 3554 5884; x_wconf 85' lang='lat' dir='ltr'><strong>ruinas</strong></span> <span class='ocrx_word' id='word_1_1116' title='bbox 3582 5825 3752 5903; x_wconf 67' lang='lat' dir='ltr'><strong>atque</strong></span> 
     </span>
    </p>
   </div>
  </div>
