3936 6368
110 420 195 483 993

776 410 834 468 P.
879 406 1154 466 BRAIDE
1198 405 1650 464 DISSERTATIO
1686 406 1754 464 IN
1793 408 1848 464 S.
1891 405 2214 465 NICETAM.
2245 403 2493 468 --CAP.
2537 406 2624 467 Vl.

3223 417 3328 476 994

113 529 323 592 incendia
347 516 452 583 cito
468 515 643 597 potuit
661 521 1061 600 ad_di_gnitatem
1079 521 1640 600 pcistinamrevocari.
1672 536 1726 590 Α
1748 520 1987 600 Nicetain
2014 522 2228 587 seculo,
2261 533 2320 578 ut
2347 539 2378 577 a
2400 525 2618 594 propria
2637 522 2982 600 sede,‘causis
3013 526 3327 600 itaexigen—

113 601 338 662 Eusebius
365 592 556 666 nenipe
581 593 942 666 sanctissimus
963 592 1092 666 tunc
1115 592 1263 666 illius
1273 592 1505 647 civitatis
1532 592 1646 662 epi-

111 687 292 745 scapus,
320 663 928 745 audita—Aquileiensium
963 665 1139 745 clade,
1179 664 1331 745 133
1360 670 1419 745 et
1450 677 1646 732 appro-

111 733 415 818 pinquantem
432 733 808 818 Asiderisnetiam
837 734 1088 789 Insubrizc
1108 733 1218 818 seu
1243 733 1646 818 Ligorizcsupe-

110 802 238 872 iioris
272 809 565 867 civitatibus
613 805 925 860 Hunnorum
965 805 1288 867 exercitum,
1343 802 1644 859 Mediolano

109 897 316 956 egressus
341 895 459 956 cum
487 877 632 956 clero
656 892 719 931 ac
747 875 963 956 populo,
999 875 1065 956 ad
1095 882 1351 928 montana
1385 874 1506 956 ioca
1523 875 1642 955 .ho-

109 945 247 1012 subus
271 958 359 1006 aut
400 947 670 1016 incognita
709 953 799 1000 aut
826 945 1082 1015 impervia
1124 959 1182 998 se
1221 945 1442 1016 recepit,
1466 945 1646 1013 ibique

109 1022 320 1085 substitit,
349 1013 822 1074 donec'barbarus
850 1013 958 1070 dux
986 1015 1292 1084 eloquentia
1317 1013 1489 1085 victus
1516 1030 1643 1069 san-

109 1098 163 1151 cti
189 1083 364 1148 Leonis
403 1104 575 1160 papae,
598 1085 979 1160 Italiarclicta,
1011 1085 1077 1139 ad
1094 1083 1304 1160 patrias
1332 1085 1385 1139 in
1425 1083 1643 1160 Panno-

110 1170 222 1221 niam
245 1161 389 1217 sedes
403 1155 699 1214 remeavit.
722 1156 903 1211 Videri
930 1163 1107 1226 potest
1134 1156 1233 1210 hac
1261 1170 1421 1225 super
1447 1171 1506 1210 re
1533 1155 1644 1212 cla-

109 1236 308 1291 rissimus
353 1228 686 1284 Oltrocchius
723 1228 778 1281 in
811 1227 1013 1280 recenti
1060 1240 1242 1291 opere,
1275 1227 1360 1280 cui
1408 1226 1592 1281 titulus
1624 1247 1638 1282 :

110 1304 318 1360 Ecclesia
360 1298 764 1353 Mediolanemis
807 1295 1042 1351 Historia
1086 1295 1366 1366 Ligustica,
1400 1296 1535 1352 libro
1563 1314 1638 1364 ιιι,

110 1375 249 1444 capite
274 1373 296 1425 l
319 1387 332 1437 ;
357 1378 410 1444 et
429 1369 596 1444 digna
622 1374 854 1444 saneest
873 1382 1006 1444 qua:
1015 1365 1221 1444 legatur
1241 1365 1469 1444 liomilia
1497 1383 1643 1444 qua:-

110 1436 204 1500 dain
234 1436 393 1498 saneti
429 1436 647 1493 Maximi
688 1438 923 1508 episcopi
965 1436 1327 1503 Taurinensis,
1359 1452 1518 1506 quam
1545 1439 1642 1493 ha-

111 1517 197 1571 buit
219 1510 486 1567 Mediolani
523 1507 976 1564 coram’Eusebio
1023 1509 1159 1578 ipso,
1206 1510 1491 1578 occasione
1520 1524 1642 1578 per-

112 1597 213 1641 acta:
235 1581 585 1653 reparationis
597 1579 746 1653 illius
773 1577 1157 1653 templi,_quod
1203 1577 1436 1653 Attilano
1458 1577 1643 1633 incen-

111 1659 177 1710 dio
208 1649 306 1708 una
344 1667 460 1706 cum
517 1650 638 1704 aliis
683 1649 880 1705 civium
927 1649 1128 1703 aedibus
1179 1649 1638 1717 conﬂagraverat;

111 1721 432 1795 quaehomilia
452 1721 659 1789 integra
687 1719 918 1795 primum
944 1719 1223 1795 prodiitin
1250 1717 1494 1795 Romana
1519 1735 1642 1795 san:

111 1788 164 1850 cii
184 1792 376 1872 Magimi
385 1788 632 1872 Qpei'um
642 1788 1089 1872 splendidissima
1099 1789 1334 1872 editione
1365 1788 1640 1872 1784,..ubi

112 1874 171 1918 est
200 1863 365 1919 ordine
385 1858 470 1914 94'.
494 1858 761 1916 Eusebius
787 1860 1004 1930 quidem
1041 1858 1472 1930 Mediolanensis,
1517 1861 1642 1916 licet

113 1913 361 2001 aliquaqu
383 1913 692 1986 Mediolano
706 1913 985 2001 profugus,
1015 1913 1304 2001 numquam
1325 1913 1640 2001 Valio'quaui
1669 1913 1716 1972 Β

114 1950 163 1988 au
193 1950 349 1990 uanao
383 1950 688 1986 meatonano
713 1950 985 2001 prorugus,
1015 1950 1302 1998 numquam
1343 1950 1448 1984 auo
1476 1950 1640 1998 quam

114 1950 468 2059 Mulliolanensis
507 2002 750 2081 episcopi
779 2002 935 2081 titulo
963 2001 1262 2081 appellatus
1284 1999 1387 2081 fuit
1411 2017 1424 2052 :
1456 2015 1642 2081 verum

114 2089 248 2144 neque
285 2088 431 2144 secus
469 2069 731 2144 appellari
767 2069 1011 2144 poterat,
1029 2069 1118 2139 qui
1151 2069 1426 2144 jam_ante
1453 2069 1644 2144 Attilae
1681 2083 1705 2105 κ

113 2141 208 2199 nam
244 2143 434 2198 cladem
486 2141 982 2212 Médiolanénsiumt
1002 2148 1156 2212 esset
1206 2141 1509 2210 episcopus,
1550 2143 1643 2212 qui

114 2223 206 2284 post
242 2215 442 2268 brevem
489 2212 901 2281 emigrationem
966 2211 1644 2284 Mediolanum__regreSSus

114 2280 204 2340 cum
233 2284 363 2340 clero
398 2298 462 2339 ac
487 2280 692 2354 populo
732 2290 874 2354 totus
910 2282 1221 2354 reparanda:
1257 2280 1356 2336 aedi
1383 2297 1548 2337 sacra:
1579 2299 1644 2339 ac

115 2356 201 2409 urbi
221 2351 544 2409 restituendas
566 2351 779 2407 “ibidem
810 2352 1078 2414 incubuit;
1119 2351 1318 2420 quique
1355 2367 1644 2421 numquam

114 2426 192 2478 alio
223 2424 500 2478 divertendi
544 2423 884 2478 occasionem
919 2421 1105 2477 habuit
1144 2430 1236 2476 aut
1270 2424 1643 2478 necessitatem

115 2496 161 2549 ad
179 2511 347 2550 annum
382 2509 553 2564 usque
582 2492 703 2558 462,
732 2507 842 2564 quo
871 2493 940 2548 ad
964 2506 1190 2562 superos
1209 2491 1459 2564 evolavit,
1491 2494 1645 2564 juxta

114 2560 492 2646 chronologicam
519 2560 796 2646 syriopsim
825 2560 1202 2646 episcoporum
1229 2561 1377 2646 illius
1388 2560 1643 2646 Ecclesia:

142 2649 202 2688 uae
224 2632 382 2690 exstat
424 2635 478 2688 in
517 2632 627 2688 fine
663 2632 1026 2688 Dltrocchiani
1054 2633 1233 2690 oneris
1271 2632 1506 2687 indicati.
1538 2632 1645 2689 Ea-

142 2651 202 2688 ute
224 2651 382 2690 exsul.
424 2651 478 2688 in
517 2651 627 2688 ime
663 2651 1026 2688 Uitroccmam
1054 2651 1088 2688 ο
1127 2651 1233 2686 eris
1271 2651 1506 2687 lntllcall.
1538 2651 1642 2689 na-

115 2651 206 2759 :iem
249 2721 400 2770 sane,
455 2720 580 2774 qua:
633 2704 887 2774 episcopo
943 2651 1270 2772 Aquiiuiensi
1325 2701 1424 2756 fuit
1480 2704 1642 2759 etiam

117 2774 440 2831 Mediolanensi
468 2773 686 2830 occasio
712 2773 997 2829 secedendi
1023 2773 1090 2827 ab
1120 2773 1250 2827 urbe
1277 2787 1492 2826 suarum
1519 2789 1644 2842 pro-

116 2846 355 2901 vinciarum
373 2847 648 2917 principe:
674 2845 768 2917 sed
796 2845 950 2917 longe
977 2845 1082 2898 alia
1108 2844 1314 2897 exstitit
1333 2842 1644 2912 Aquileien-

116 2919 168 2970 sis
197 2915 402 2972 civitatis
436 2915 678 2972 conditio
704 2915 757 2968 in
791 2916 980 2970 eadem
1009 2928 1264 2984 azrmnna,
1303 2921 1363 2967 ut
1399 2923 1647 2984 propter-

117 3002 161 3039 ea
176 2987 445 3058 episcopus
473 2985 831 3058 Aquileiensis
868 2985 1081 3058 Nicetas
1095 3026 1108 3050 ,
1129 2983 1232 3058 qui
1260 2983 1646 3058 secundoisuc-

117 3003 161 3039 ea
194 3003 220 3041 e
251 3003 445 3058 iscopus
473 3003 831 3056 aquileienms
868 3003 1108 3050 Hicetas,
1140 3003 1232 3052 qui
1260 3003 1494 3050 secundo
1524 3003 1642 3041 suc-

117 3003 294 3112 cedegat
324 3056 428 3113 fere
463 3057 713 3128 proxime
746 3063 869 3128 post
913 3055 1054 3110 illius
1093 3054 1324 3128 civitatis
1347 3055 1642 3128 excidium,

117 3128 212 3181 alibi
240 3127 450 3183 fortasse
465 3124 728 3182 debuerit
748 3124 934 3196 potius
960 3140 1121 3195 quam
1150 3124 1408 3194 Aquileiae
1435 3127 1646 3195 episco-

117 3207 256 3269 patum
275 3199 551 3269 auspicari,
584 3197 709 3252 alibi
735 3195 896 3252 etiam
923 3196 1251 3269 frequcntius
1268 3195 1535 3269 diversari
1553 3205 1648 3269 ,tet

118 3265 408 3354 pessime
458 3268 528 3354 ad
574 3282 771 3354 ηογυηι
806 3265 1641 3354 postea,Reaatinvsg-2a4s
1673 3291 1720 3354 c

118 3337 166 3391 cx
192 3338 373 3393 diutino
408 3346 499 3394 aut
530 3338 726 3408 saepius
766 3337 997 3408 repetito
1040 3337 1300 3408 incolatu,
1333 3337 1650 3406 appellatio-

117 3423 207 3480 nem
248 3410 468 3480 episcopi
493 3406 844 3480 Romatiante'
869 3408 1110 3480 civitatis
1127 3406 1411 3480 acciperet.

167 3477 721 3549 ipsa'Mediolanensis
767 3479 1005 3533 Ecclesia
1044 3477 1187 3531 aliud
1231 3477 1649 3549 nobisexhibet

119 3546 385 3618 exemplum,
416 3559 472 3606 et
524 3550 798 3618 singulare
838 3549 1052 3617 quidem
1099 3546 1536 3618 aeqvaldetallato
1565 3549 1648 3602 in-

117 3617 288 3689 signius,
310 3621 446 3689 quod
473 3617 673 3675 attinet
700 3619 766 3674 ad
795 3620 1018 3673 alteram
1033 3617 1182 3689 sexti
1210 3617 1387 3689 surculi
1417 3625 1644 3689 partem,

119 3698 157 3760 ct
187 3687 638 3759 Longobardorum
682 3689 914 3760 respicit,
937 3689 989 3742 in
1024 3687 1227 3742 Italiam
1273 3687 1643 3760 irruptionem.

119 3756 210 3812 llaec
233 3756 474 3829 siquidem
505 3774 659 3829 gens,
699 3756 819 3814 cuin
857 3759 923 3813 ad
951 3773 1162 3814 morum
1184 3773 1246 3813 ac
1284 3756 1476 3829 indolis
1504 3759 1646 3813 nati-

121 3844 208 3882 vam
238 3828 489 3885 feritatem
519 3828 742 3884 adderet
761 3839 874 3884 tum
907 3829 1131 3883 ethnicm
1153 3828 1546 3897 superstitionis
1571 3829 1648 3884 la-

120 3898 225 3964 bem,
248 3909 347 3954 tum
368 3901 554 3955 Ariani
581 3902 778 3970 erroris
805 3898 1191 3970 professionem
1216 3901 1356 3970 (quae
1377 3898 1484 3952 duo
1513 3908 1651 3954 utra-

118 3982 194 4035 que
217 3979 350 4025 vetus
387 3972 572 4028 odium
599 3970 653 4024 in
678 3967 1009 4025 Christianos
1047 3977 1102 4024 et
1146 3967 1441 4024 catholicos
1462 3985 1647 4038 perur-

117 4038 307 4110 gebant),
339 4049 504 4096 totam
536 4049 684 4096 metu
712 4040 982 4110 concussit
1008 4039 1234 4104 Italiam,
1265 4054 1386 4094 cum
1415 4039 1528 4094 habe
1556 4040 1648 4093 Al-

118 4109 781 4182 pibuslappropinquantem
820 4109 1107 4172 intellexit,
1152 4124 1261 4182 non
1309 4117 1415 4162 tam
1459 4124 1647 4164 eorum

116 4175 378 4251 cxercitiuu,
407 4175 574 4251 quam
602 4183 859 4250 integram
888 4195 1026 4251 pene
1056 4179 1354 4251 nationem,
1389 4194 1648 4251 noyarum

117 4247 154 4322 in
187 4249 285 4322 sinu
306 4247 673 4322 suo—sediumt
699 4247 1113 4322 appetendarum
1132 4249 1421 4322 cupidam.
1452 4247 1649 4322 Scribit

118 4315 272 4388 Paulus
290 4321 542 4377 diaconus
560 4321 628 4376 de
647 4315 823 4377 Gestis
833 4315 1324 4388 Langobardorum,
1341 4320 1376 4372 l.
1395 4335 1457 4382 ιι,
1483 4336 1532 4374 c.
1558 4319 1642 4386 10,

117 4386 457 4462 ᾼᾳιιιιθὶθηδειιι
488 4392 801 4462 episcopum
830 4386 974 4446 ιιιιιίί
985 4390 1242 4462 temporis
1270 4389 1512 4462 Paulum,
1544 4405 1647 4462 seu

117 4454 367 4532 Paulinum,
399 4454 600 4532 pavore
646 4454 976 4532 perculsum,
1027 4454 1424 4532 Aquileiensem
1455 4460 1646 4532 civita-

117 4535 198 4581 tem
226 4529 542 4595 deseruisse,
575 4541 629 4588 et
648 4529 722 4586 'in
749 4531 985 4586 Gradum
1034 4529 1261 4584 insulam
1289 4545 1347 4585 se
1375 4530 1644 4600 recepisse

116 4610 207 4670 tum
230 4600 478 4658 thesauris
524 4602 776 4659 Ecclesiae
804 4616 944 4668 sum,
978 4609 1036 4656 ut
1062 4616 1325 4655 novorum
1373 4601 1644 4670 hospitum

1749 592 2102 667 tibus,_lo_n_go
2142 601 2385 667 tempor_e
2401 592 2673 667 extorres,
2703 595 2954 667 episcopi
2980 592 3225 666 quidem'
3242 619 3326 658 es-

1746 671 1868 742 sent
1893 661 2303 742 Mediolanensis
2329 662 2598 742 Ecclesiae,
2627 665 2720 742 sed
2743 661 3092 742 simul'eﬁam
3111 672 3325 742 episco-

1747 733 1802 803 pi
1830 741 2010 788 essent
2037 749 2100 788 ac
2138 735 2442 789 dicerentur
2476 734 2728 791 Ecclesia:
2775 734 3090 804 Genuensis,
3121 733 3212 798 ubi
3240 759 3327 800 se-

1747 805 1869 858 dem
1890 803 2148 867 fixerant;
2179 805 2305 874 quid
2331 805 2524 859 mirum
2553 805 2754 862 factum
2774 808 2938 864 fuisse
2963 803 3123 864 etiam
3153 814 3205 867 in
3234 814 3325 870 Ni-

1747 883 1884 939 ceta,
1909 882 1968 928 ut
1993 873 2365 959 Aquileiensis,
2397 883 2451 930 et
2480 877 2596 959 ipse
2633 879 2959 959 episcopush
2981 881 3324 959 nihilominus

1746 954 2142 1015 nuncuparetur
2166 946 2448 1015 episcopus
2475 946 2707 1002 civitatis
2745 946 3098 1015 Romatianac,
3141 969 3172 1007 a
3202 955 3323 1011 loco

1745 1015 1836 1068 ubi
1864 1014 2093 1095 fortasse
2121 1024 2244 1095 post
2267 1014 2619 1095 Aquileiensis
2653 1019 2892 1095 civitatis
2905 1014 3170 1095 jacturam
3205 1027 3322 1095 epi-

1746 1093 2024 1154 scopatum
2047 1086 2228 1156 iuerat
2255 1087 2579 1156 auspicatus,
2611 1097 2666 1142 et
2687 1089 2774 1143 ubi
2803 1086 3002 1144 sederit
3027 1108 3134 1147 non
3157 1086 3324 1151 infre-

1744 1157 2016 1234 guentcr?
2044 1155 2158 1234 Hoc
2179 1157 2318 1234 inter
2345 1155 2629 1234 utrumque
2651 1159 2936 1234 discrimen
2965 1162 3153 1234 adest;
3180 1166 3324 1234 quod

1744 1223 2158 1281 Mediolancnsis
2195 1228 2478 1297 episcopus
2515 1223 2715 1283 Genua:
2747 1230 2957 1297 sedens,
2991 1239 3046 1286 et
3073 1223 3325 1290 Genuen-

1745 1311 1860 1365 sem
1901 1297 2061 1350 etiam
2091 1311 2283 1365 regens
2328 1297 2640 1362 Ecclesiam,
2688 1299 2911 1354 duarum
2951 1302 3324 1361 distinctarum

1743 1363 2407 1442 Ecclesiarumepiscopus
2429 1377 2561 1442 erat,
2589 1384 2707 1438 quae
2738 1378 2863 1426 tunc
2898 1381 3120 1442 prepter
3146 1391 3324 1430 rerum

1745 1435 1991 1515 adjuncta
2037 1438 2135 1491 sub
2160 1435 2282 1493 iuno
2314 1435 2567 1515 praesule
2599 1435 2761 1515 uitiae
2786 1479 2800 1503 ,
2845 1435 3088 1515 cessante
3135 1454 3324 1515 postea

1744 1507 1956 1562 unionis
1997 1523 2176 1570 causa,
2220 1507 2497 1583 proprium
2527 1511 2745 1583 singula:
2779 1512 3088 1583 episcopum
3118 1507 3193 1570 uti
3227 1533 3322 1572 an-

1743 1584 1850 1642 tea,
1871 1590 2240 1653 _rcceperunt:
2275 1578 2786 1653 Aq_uileiensis_vero
2812 1578 3099 1653 episcupus
3133 1585 3322 1644 Niceas

1743 1662 1837 1701 seu
1868 1647 2097 1720 Nicetas,
2143 1652 2306 1720 etiam
2339 1647 2400 1703 in
2430 1659 2589 1720 portu
2623 1647 2910 1707 Romatiuo
2940 1647 3054 1709 sive
3093 1653 3325 1713 Gruario

1742 1732 1848 1789 non
1874 1717 2236 1787 infrequenter
2261 1717 2479 1789 degens,
2510 1730 2565 1776 et
2593 1722 2716 1776 inde
2743 1721 3072 1779 Romatiana:
3093 1727 3324 1784 civitatis

1741 1788 1979 1868 episcopi
2016 1788 2771 1868 nuncupationemobtinens,
2798 1792 3046 1868 ejusdem
3091 1800 3322 1868 propria:

1744 1856 2098 1937 Aquileiensis
2122 1856 2370 1937 dimcesis
2397 1861 2554 1917 unice
2585 1871 2702 1917 erat
2725 1856 3027 1937 episcopus,
3063 1856 3129 1921 ad
3157 1856 3320 1937 quam

1742 1929 1903 2004 etiam
1949 1928 2264 2004 Roniatinus
2308 1940 2495 2004 portus
2543 1940 2668 1987 tunc
2696 1928 3031 2004 pertinebat,
3082 1928 3318 1994 nondum

1746 1998 1948 2074 scilicet
1990 1998 2326 2074 suifraganea
2360 1998 2744 2059 Concordiensi
2791 1998 3043 2074 peculiari
3081 2007 3320 2064 Ecclesia

1749 2083 1813 2146 ac
1840 2069 2057 2146 dioecesi
2097 2069 2386 2126 constituta
2407 2087 2475 2127 ex
2513 2083 2667 2142 parte
2689 2069 2872 2129 avulsa
2900 2076 2968 2130 ab
2996 2077 3322 2146 Aquileiensi

1746 2136 1987 2195 Ecclesia
2015 2151 2204 2196 matre.

1818 2208 2016 2264 Verum
2042 2209 2454 2268 Concordiensis
2493 2213 2714 2282 hujusce
2751 2214 2994 2270 dimcesis
3019 2220 3325 2274 meminisse

1745 2295 1854 2332 non
1881 2295 2182 2350 possumus,
2230 2283 2358 2357 quin
2395 2299 2461 2338 ex
2506 2299 2571 2338 ea
2599 2300 2797 2339 novum
2840 2285 2982 2340 aliud
3019 2289 3322 2357 exemplum

1746 2365 2037 2424 sumamus,
2066 2353 2374 2424 etquidem
2417 2361 2602 2409 nostro
2630 2361 2874 2422 tempore
2907 2357 3110 2424 vigens,
3142 2353 3197 2412 et
3223 2359 3324 2413 sub

1746 2421 1984 2496 omnium
2024 2421 2192 2496 oculis
2221 2430 2381 2491 atque
2408 2424 2637 2496 auribus
2649 2421 2900 2496 positum,
2934 2421 2991 2479 ut
3018 2421 3186 2496 magis
3213 2444 3327 2483 ma-

1745 2490 1932 2564 gisque
1955 2490 2467 2564 conlit‘metur’quod
2504 2495 2571 2548 de
2594 2490 2778 2549 Niceta
2819 2490 3148 2564 Aquileiensi
3188 2514 3321 2554 con-

1740 2561 2024 2630 jectamus.
2076 2559 2486 2619 Concordiensis
2513 2565 2720 2628 civitas,
2753 2559 3046 2621 clarissima
3077 2568 3204 2622 olim
3240 2577 3325 2623 at-

1745 2646 1852 2705 que
1882 2632 2148 2705 celebrata
2176 2633 2540 2705 Romanorum
2563 2635 2792 2701 colonia,
2823 2638 3006 2705 paucis
3035 2653 3174 2694 nunc
3200 2639 3328 2693 aedi-

1745 2701 1862 2766 bus,
1901 2703 2189 2778 paucisque
2218 2704 2615 2778 habitatoribus
2637 2701 2868 2778 constat,
2919 2708 2992 2760 uti
3022 2707 3134 2776 jam
3161 2724 3325 2778 supra

1745 2773 2049 2843 monuimus
2081 2791 2094 2825 :
2140 2783 2195 2828 et
2233 2777 2476 2842 quamvis
2515 2775 2878 2830 cathedralem
2924 2773 3092 2831 adem
3133 2773 3328 2843 habeat

1746 2841 1910 2895 multa
1935 2857 2003 2915 ac
2031 2841 2322 2915 venerabili
2342 2847 2657 2915 antiquitate
2686 2846 2966 2915 insignem,
2998 2863 3207 2904 necnon
3228 2841 3325 2904 ve-

1747 2918 1834 2965 tus
1861 2913 2190 2988 episcopium
2220 2931 2389 2988 prope
2417 2913 2536 2971 eam
2566 2917 2744 2981 situm,
2789 2913 3101 2988 episcopum
3147 2927 3327 2974 tamen

1747 2996 1903 3056 suum
1942 2984 2153 3056 nonnisi
2183 2984 2336 3056 statis
2362 2987 2652 3056 paucisque
2683 3002 2781 3056 per
2805 2984 3036 3052 annum,
3080 3005 3188 3045 non
3216 2990 3329 3044 die-

1746 3052 1847 3106 bus
1873 3052 2108 3120 quidem,
2133 3055 2226 3108 sed
2266 3052 2412 3110 horis
2444 3052 2813 3130 tantummodo
2843 3057 3023 3130 videt;
3072 3061 3165 3130 qui
3204 3075 3330 3130 pro-

1747 3131 1932 3200 pterea
1951 3134 2367 3200 permanentem
2391 3143 2455 3182 ac
2482 3127 2642 3200 fixam
2667 3127 2850 3200 sedem
2879 3128 3038 3200 habet
3068 3127 3123 3183 in
3152 3127 3330 3200 proxi-

1749 3208 1835 3246 ma
1863 3193 2078 3249 civitate
2107 3193 2561 3263 Portus-Gruarii,
2593 3198 2681 3251 ubi
2703 3197 2806 3250 alia
2827 3197 2979 3255 adest
3001 3193 3328 3256 sacra'aedes

1750 3277 1870 3332 quae
1915 3265 2232 3340 cathedralis
2271 3267 2449 3340 locum
2490 3275 2657 3340 tenet,
2708 3267 2959 3340 aliudque
2995 3270 3328 3340 episcopium

1749 3335 2040 3406 cumtcuria
2065 3336 2356 3406 episcopali
2383 3353 2446 3392 ac
2485 3338 2775 3392 seminario
2797 3335 3132 3404 clericorum,
3162 3335 3217 3396 et
3238 3341 3330 3395 ubi

1747 3403 2138 3477 presbyterium
2205 3403 2508 3477 episcopale
2555 3408 2816 3462 consistit.
2868 3407 3037 3477 Hujus
3082 3403 3332 3466 dimcesis

1747 3473 2049 3548 episcOpus,
2079 3473 2492 3548 Concordieusis
2530 3493 2742 3547 semper
2779 3473 3062 3548 episcopus
3089 3480 3143 3535 in
3182 3479 3332 3537 Actis

1747 3544 1973 3625 publicis
1999 3546 2314 3614 appellatur,
2348 3557 2508 3616 prout
2528 3544 2716 3618 reapse
2743 3544 2862 3612 est;
2895 3544 3327 3674 ati‘reﬂuentior,

1748 3629 1912 3669 immo
1940 3617 2238 3670 communis
2276 3617 2529 3674 loquendi
2569 3633 2714 3674 usus.
2747 3625 2861 3671 tum
2891 3619 3028 3673 intra
3093 3620 3327 3674 imcesim

1748 3617 1912 3686 immo
1940 3617 2238 3670 communis
2276 3617 2529 3686 loquendi
2569 3617 2714 3684 usus,
2747 3625 2861 3671 tum
2891 3619 3028 3673 intra
3057 3617 3333 3676 dioecesim

1746 3685 1936 3809 ipsam,
1971 3694 2081 3738 tum
2102 3695 2251 3740 extra
2280 3687 2332 3740 in
2350 3685 2600 3742 ﬁnitimis
2620 3688 2831 3757 populis
2850 3689 3098 3745 eumdem
3117 3705 3334 3762 semper

1784 3755 1876 3808 icit
1911 3755 2219 3809 enisconum
2248 3755 2702 3809 Portus-Gruarii.
2739 3773 2768 3809 a
2799 3758 2920 3809 loco
2950 3759 3200 3809 nimirum
3240 3760 3331 3809 ubi

1784 3755 1876 3808 icit
1911 3755 2219 3825 episcopum
2248 3755 2709 3820 Portus-Grnarii,
2739 3773 2768 3811 a
2799 3758 2920 3813 loco
2950 3759 3201 3815 nimirum
3234 3755 3332 3816 ubi

1748 3833 2126 3896 pemianenter
2163 3827 2332 3892 sedet,
2375 3837 2430 3882 et
2455 3829 2596 3882 unde
2625 3829 2678 3882 in
2708 3827 2984 3882 dioecesim
3027 3829 3332 3886 universam

1749 3896 2071 3970 episcOpalis
2102 3897 2245 3970 illius
2289 3913 2415 3970 cura
2458 3899 2715 3952 dimanat.
2762 3897 3131 3970 Similiprope
3170 3901 3333 3956 modo

1748 3967 2060 4040 contingere
2100 3967 2275 4040 potuit
2324 3967 2523 4040 Niceta:
2573 3977 2758 4023 nostro
2806 3967 3165 4040 Aquileiensi,
3207 3972 3329 4040 qui,

1747 4040 1992 4108 quamvis
2018 4036 2374 4106 Aquileiensis
2394 4053 2523 4093 sane
2543 4040 2844 4108 episc0pus,
2870 4036 3136 4094 diceretur
3149 4036 3334 4096 nihilo-

1747 4107 1926 4163 minus
1965 4108 2124 4179 etiam
2179 4109 2465 4179 episcopus
2508 4107 2739 4163 civitatis
2765 4107 3118 4171 Romatianze,
3151 4125 3181 4162 a
3209 4109 3332 4164 loco

1748 4192 1940 4246 nempe
1969 4177 2056 4231 ubi
2106 4177 2225 4232 non
2260 4177 2624 4247 infrequentcr
2664 4179 2864 4232 sederit
2907 4186 3027 4247 post
3074 4179 3333 4248 Aquileia:

1748 4247 2046 4318 excidium;
2079 4257 2132 4301 et
2161 4249 2232 4302 ita
2263 4264 2499 4316 prorsus,
2535 4257 2592 4302 ut
2616 4249 2763 4318 velut
2790 4249 3078 4318 episcopus
3101 4249 3335 4304 civitatis

1749 4316 1916 4389 hujus
1929 4316 2263 4389 Romalianze
2283 4319 2580 4373 innotuerit
2605 4316 2903 4389 Gennadio,
2934 4316 3182 4389 scriptori
3203 4334 3333 4389 pro-

1748 4387 1940 4459 cul_ab
1987 4387 2314 4456 Aquileiensi
2361 4389 2634 4458 provincia
2671 4388 2870 4459 posito,
2917 4389 3007 4457 qui
3042 4387 3331 4459 proptinea

1747 4457 1916 4511 multa
1948 4459 2206 4512 scriberet
2251 4457 2416 4513 etiam
2464 4467 2626 4528 prout
2665 4457 2805 4526 vulgi
2849 4458 2989 4513 fama
3024 4457 3249 4524 ferebat,
3281 4469 3337 4515 et

1751 4535 1876 4608 tunc
1905 4529 2137 4608 maxime
2165 4544 2288 4584 cum
2337 4528 2595 4599 Aquileia:
2637 4529 2857 4597 antiqua
2907 4529 3194 4585 celebritas
3241 4530 3339 4586 des

1749 4599 1943 4653 siisset.

116 4668 275 4742 Primos
322 4687 593 4739 occursus,
625 4689 718 4728 seu
745 4663 1208 4742 potius'novorum
1258 4663 1491 4725 hostium
1531 4671 1643 4740 pri-
1670 4663 1726 4726 D
1820 4666 2021 4742 Practer
2069 4669 2526 4742 allatumautem
2559 4667 2960 4742 concordiense
3009 4670 3334 4742 exemplum,

116 4751 204 4793 mos
218 4739 440 4812 impetus
459 4739 788 4799 declinaret:
811 4743 955 4812 quod
977 4750 1032 4796 et
1057 4743 1122 4796 ab
1149 4742 1266 4795 aliis
1288 4755 1502 4809 quoque
1532 4739 1648 4811 epi-

114 4810 254 4882 scopis
277 4810 563 4868 factitatum
586 4810 851 4876 novimus,
873 4813 1066 4882 quibus
1094 4812 1354 4867 evadendi
1385 4810 1644 4881 opportu-

115 4878 222 4953 nitas
239 4897 336 4936 non
354 4884 582 4940 deesset.
607 4878 1037 4953 Singularevero
1064 4878 1475 4937 Mediolanensis
1521 4889 1648 4953 tunc

115 4949 306 5022 ppiscopi
331 4956 500 5010 sancti
521 4949 797 5020 Honoruti,
822 4955 876 5008 in
905 4954 1007 5008 illis
1031 4969 1209 5008 rerum
1239 4953 1495 5020 angustiis
1516 4952 1647 5007 illud

114 5020 403 5095 pcrbibetur;
435 5025 578 5095 quod
609 5040 712 5080 una
734 5040 854 5080 cum
876 5024 1022 5079 clero
1044 5023 1235 5095 majori
1265 5021 1516 5078 Ecclesia:
1537 5038 1646 5095 sum

113 5087 368 5166 ilediolano
393 5087 692 5159 discedens,
712 5104 1002 5166 totamque
1043 5087 1646 5166 relinquenspropriam

112 5157 366 5234 dimesim,
394 5165 461 5219 ad
507 5181 656 5220 oram
681 5157 930 5234 Liguria?
965 5157 1285 5219 maritimam
1337 5157 1642 5227 descendit,

113 5225 415 5316 (iamiamque
441 5237 726 5316 ingressus,
748 5225 831 5316 ibi
859 5235 1203 5316 sedem__fixit,
1236 5235 1327 5288 ubi
1348 5249 1456 5289 non
1484 5225 1646 5316 modo

114 5299 266 5377 eodem
293 5299 525 5372 vivente:
549 5307 645 5377 sed
690 5299 850 5362 etiam
898 5306 952 5377 in
1002 5306 1206 5374 aliquot
1249 5304 1647 5377 successoribus

114 5374 215 5450 suis
237 5386 325 5441 per
358 5391 536 5450 annos
578 5375 644 5431 70
697 5385 753 5432 et
794 5376 1022 5450 amplius
1071 5377 1409 5450 continenter
1450 5374 1646 5450 perdu-

115 5444 250 5506 ravit;
287 5447 372 5512 qui
412 5462 747 5503 successores
791 5444 988 5512 etiam,
1032 5455 1144 5501 tum
1204 5444 1641 5510 Mediolanensis,

117 5513 212 5588 lum
233 5513 377 5568 simul
413 5518 576 5588 ipsius
611 5516 905 5574 Genuensis
933 5516 1455 5588 Ecclesia:_episcopi
1482 5516 1646 5570 fuisse

117 5579 404 5668 ξεξθάμιῃιξ·ὲ
427 5579 546 5668 cum
600 5590 801 5668 nullius
847 5588 1134 5668 peculiaris
1180 5579 1478 5668 Geiiuensis
1531 5590 1647 5668 epi-

116 5657 234 5731 ξςορί
259 5657 408 5731 133
437 5665 560 5731 tunc
580 5661 833 5731 temporis
849 5657 1138 5731 'constituti
1165 5665 1338 5713 exstet
1362 5657 1641 5710 memoria.

116 5713 232 5800 hiem
255 5713 572 5800 O'it'r‘o'cchius
588 5713 771 5786 rcitato
787 5713 950 5800 opere
975 5745 1039 5784 ac
1059 5730 1178 5784 loco
1198 5743 1312 5800 rem
1335 5736 1644 5800 totaInAape-

118 5795 186 5853 rit,
212 5795 361 5868 multa
386 5799 694 5856 eruditionis
726 5817 788 5856 ac
826 5795 1108 5868 diligentiae
1150 5799 1322 5852 laude.
1350 5796 1516 5868 Quod
1539 5795 1643 5850 ita-

118 5872 201 5928 αυθ
234 5866 482 5932 episcopis
521 5866 1004 5928 .‘llediolanensibus
1047 5870 1272 5939 contigit
1311 5867 1482 5923 altero
1521 5875 1644 5939 post

1753 4739 1943 4794 eadem
1973 4740 2084 4809 ipsa
2111 4739 2466 4809 Aquileiensis
2485 4739 2944 4809 Ecclesiatprzesto
2964 4749 3047 4795 est
3070 4739 3337 4796 consimili

1752 4809 1913 4874 factu,
1944 4807 2088 4878 quod
2117 4807 2388 4878 prieterire
2414 4828 2522 4865 non
2547 4810 2686 4864 licet.
2713 4807 2940 4876 Constat
2967 4811 3337 4880 Aquileienses

1753 4881 2036 4945 antistites,
2087 4880 2177 4935 diu
2207 4881 2389 4936 sedem
2428 4881 2675 4936 stabilem
2703 4881 2760 4934 in
2797 4879 3334 4936 civitate’Fori-Julii

1753 4952 2008 5021 tenuisse,
2039 4958 2231 5021 octavo
2261 4952 2558 5020 praisertim
2577 4950 2780 5021 szeculo
2800 4959 2961 5020 atque
2981 4967 3144 5021 nono,
3177 4959 3338 5021 prout

1752 5020 1828 5075 De
1856 5021 2055 5076 Rubeis
2093 5022 2145 5075 in
2177 5018 2535 5076 Monumentis
2578 5020 2812 5076 ostendit
2857 5018 3035 5091 capite
3077 5018 3334 5091 {sd—Quid

1751 5106 1880 5145 vero
1907 5093 1952 5146 si
1982 5108 2048 5146 ex
2077 5091 2431 5159 Forojuliensi
2467 5091 2886 5161 Aquileiensium
2909 5090 3207 5161 antistitum
3236 5090 3335 5144 do-

1733 5162 1972 5226 .micilio,
2015 5171 2070 5217 et
2114 5162 2211 5232 ipsi
2259 5159 2579 5231 quandoque
2630 5161 2869 5232 episcopi
2914 5159 3332 5232 Forojulienses,

1750 5235 1929 5304 potius
1972 5229 2335 5304 quam;135
2379 5229 2774 5304 AquileienSes,
2821 5230 2950 5285 dicti
2999 5229 3337 5304 fuerin_t;_et

1751 5299 2110 5372 Aquileiensis
2139 5299 2379 5357 Ecciesia
2409 5299 2897 5372 denominationem
2938 5302 3206 5372 acceperit
3233 5299 3337 5372 Ec-

1752 5369 1927 5428 clésirc
1965 5372 2392 5451 Forojiiliensis?
2438 5373 2515 5426 lta
2555 5386 2718 5451 patro
2743 5369 2966 5451 factum
2989 5369 3153 5426 fuisse
3181 5370 3337 5451 novi-

1751 5459 1871 5498 mus
1904 5462 1916 5497 :
1948 5460 2072 5498 nam
2107 5440 2420 5512 'Gregorius
2461 5456 2598 5511 papa
2627 5440 2690 5504 ll,
2740 5440 2792 5512 in
2828 5441 3057 5512 quadam
3096 5456 3190 5512 sua
3219 5440 3337 5512 epi-

1752 5515 1891 5569 stola
1921 5514 1986 5569 ad
2020 5509 2289 5569 Donatum
2319 5509 2649 5567 Gradensem
2678 5509 2995 5571 antistitem.
3029 5519 3084 5567 et
3111 5509 3338 5566 Marcel-

1750 5584 1860 5638 lum
1899 5585 2086 5639 ducem
2136 5584 2498 5644 Venetiarum,
2553 5596 2714 5650 quam
2759 5582 2923 5636 refert
2963 5581 3225 5637 Baronius
3268 5579 3338 5635 ad

1750 5669 1948 5708 annum
1967 5653 2166 5709 Christi
2199 5652 2317 5717 729,
2343 5667 2488 5707 num.
2521 5653 2572 5714 4,
2599 5651 2725 5706 licet
2751 5652 2955 5720 aliquot
2988 5652 3142 5706 annis
3181 5658 3338 5705 antc-

1749 5725 1864 5779 rior
1890 5741 2008 5779 esse
2036 5725 2247 5788 debeat,
2277 5729 2336 5777 ut
2361 5723 2504 5777 idem
2525 5721 2603 5776 De
2632 5721 2834 5776 Rubeis
2854 5723 3019 5776 citato
3047 5722 3169 5777 loco
3189 5722 3341 5775 evius

1751 5797 1860 5859 cit;
1893 5793 2203 5864 Gregorius,
2251 5794 2491 5862 inquam,
2521 5807 2663 5864 papa
2692 5790 2769 5857 II,
2801 5791 3198 5864 Aquileiensem
3228 5790 3340 5861 epi-

1751 5861 2130 5938 scopum,'seu
2159 5861 2540 5936 patria’rcham,
2581 5863 2722 5920 illius
2756 5863 3048 5935 temporis,
3079 5861 3341 5940 Serenum
