3952 6358
509 419 649 481 1025

1203 417 1262 480 Ρ.
1300 417 1580 478 ΒΚΑΙΟΕ
1620 420 2066 478 DISSERTATIO
2103 419 2171 476 IN
2210 421 2268 476 S.
2311 418 2635 476 NICETAM.
2663 449 2728 466 --
2755 418 2910 478 CAP.
2951 419 3062 478 VII.

3629 421 3642 469 l
3653 419 3749 477 0‘2!

508 541 648 592 teste
676 528 944 607 Procopio
983 529 1050 607 de
1087 529 1238 588 Bello
1263 529 1449 607 69th.,
1477 531 1617 607 libro
1655 549 1698 600 ι,
1731 533 1904 602 capite
1916 532 1981 607 _l,
1999 605 2006 607 Α
2025 535 2078 590 in
2105 535 2158 598 Α
2184 533 2467 589 Manio/uri
2497 543 2600 590 toto
2621 535 2739 590 orbe
2757 535 2997 607 pellendi,
3023 536 3433 607 etiam_omnium
3456 545 3593 590 retro
3613 541 3750 607 priu-

505 603 782 678 praemium
808 603 1185 678 victoriarum,
1214 605 1372 678 tertia
1402 603 1596 678 ubique
1619 604 2078 678 Aagrorumitalia:

504 673 659 748 parte
679 675 946 748 veteribus
965 673 1193 748 dominis
1214 674 1429 748 dempta
1449 675 1630 730 donati
1653 673 1865 748 essent?
1892 674 2080 748 Hujus-

503 744 649 801 inodi
677 744 828 799 novis
857 744 1063 805 incolis,
1087 759 1150 800 ac
1171 747 1336 800 tertiae
1357 754 1617 800 terrarum
1638 748 1806 815 partis
1826 744 2074 812 dominis,

502 815 730 897 fortasse
771 816 889 897 plus
915 815 1443 897 cieterisabundavit
1470 815 1824 897 Aquileiensis
1857 818 2076 887 provin-

420 890 424 896 '
501 886 605 956 cia,
628 886 826 956 qutein
858 894 1000 940 tanta
1033 887 1188 954 paulo
1214 886 1416 956 pridem
1439 889 1536 940 sub
1558 887 1718 941 Attila
1741 886 1873 942 duce
1902 903 2078 942 rerum

498 955 725 1028 jactura,
758 954 896 1028 hanc
927 959 1088 1011 etiam
1117 954 1350 1028 omnium
1381 958 1744 1028 gravissimam
1776 973 1929 1027 passa
1961 957 2074 1022 fuit,

502 1027 562 1083 ut
587 1035 823 1081 veterum
845 1027 1036 1082 civium
1059 1035 1113 1081 et
1134 1027 1492 1082 habitatorum
1517 1027 1849 1083 multitudine
1876 1029 2080 1083 minue-

501 1106 671 1168 retur,
695 1111 812 1168 qua:
841 1107 1124 1168 propterea
1148 1114 1252 1151 non
1284 1099 1354 1151 ita
1375 1112 1515 1165 aegre
1545 1097 1897 1152 Barbarorum
1927 1097 2079 1152 fami-

502 1166 586 1222 liis
614 1166 908 1236 supplenda
939 1166 1111 1238 esset,
1157 1169 1208 1221 in
1251 1168 1644 1238 possessionem
1689 1169 1858 1222 tertiae
1887 1177 1941 1223 et
1970 1168 2078 1222 for-

501 1245 646 1318 t‘es;e
673 1239 831 1318 etiam
860 1237 1078 1318 majoris
1107 1237 1271 1318 partis
1307 1238 1656 1318 Aquileiensis
1686 1239 1797 1318 agri
1826 1239 2071 1318 inductis.

503 1304 638 1374 Quid
666 1324 770 1362 non
805 1304 963 1373 igitur
997 1304 1350 1377 Aquileiensis
1369 1304 1656 1376 episcOpus
1685 1304 1888 1363 diceret
1915 1310 2077 1363 etiam

503 1376 1080 1451 ponll‘aAMili‘CItmeISe
1108 1376 1501 1451 Cataphrygas,
1531 1387 1590 1451 et
1617 1377 1955 1451 Manichzeos,
1976 1379 2080 1451 qui

502 1447 557 1502 in
588 1447 740 1502 novis
777 1447 924 1502 hisce
966 1447 1320 1503 Barbarorum
1348 1447 1590 1503 'colouiis
1634 1449 1720 1504 hic
1765 1458 1926 1518 atque
1971 1449 2080 1505 illic

501 1518 766 1580 adessent,
791 1519 1068 1573 catholicis
1090 1519 1216 1587 ipsis
1245 1520 1295 1572 in
1325 1519 1569 1573 humanis
1589 1519 1746 1573 rebus
1778 1521 2078 1575 necessario

501 1589 806 1660 conjuncti,
840 1605 945 1660 non
975 1589 1090 1644 sine
1117 1590 1265 1657 gravi
1293 1589 1690 1660 depravationis
1719 1589 1907 1643 horum
1937 1591 2079 1660 peri-

501 1658 645 1721 culo,
671 1669 780 1713 tum
805 1658 875 1712 ob
904 1659 1147 1714 humana:
1177 1668 1376 1713 natura:
1409 1659 1844 1722 imbecillitatem,
1875 1658 1986 1714 tuin
2009 1660 2078 1714 ob

501 1743 719 1800 pravam
749 1744 987 1800 errorum
1016 1729 1251 1784 omnium
1295 1729 1545 1792 indolem,
1577 1743 1680 1797 qua
1714 1730 1769 1782 lit
1798 1739 1854 1783 ut
1885 1730 2078 1799 sapius

503 1797 567 1854 ec
589 1797 792 1854 facilius
812 1799 878 1853 ab
906 1799 1009 1853 illis
1029 1800 1224 1855 veritas
1252 1808 1641 1869 corrumpatur,
1667 1814 1825 1868 quam
1847 1808 1907 1853 ut
1936 1797 2078 1855 erro-

499 1882 588 1924 res
616 1870 812 1923 veritas
844 1869 1189 1940 comprimat,
1222 1869 1323 1924 nisi
1351 1869 1534 1924 sedula
1563 1881 1838 1939 pastorum
1878 1870 2074 1924 indesi-

501 1947 690 1994 nenter
716 1940 892 2007 vigeat
919 1939 1260 1994 sellicitudo?

570 2008 764 2064 Verum
793 2010 936 2078 quod
967 2009 1032 2064 ad
1063 2009 1382 2064 Manichtcos
1409 2017 1463 2064 et
1490 2007 1942 2063 Manichzeismum
1966 2009 2076 2064 sin-

499 2077 719 2150 gillatim
748 2077 1000 2150 pertinet,
1030 2079 1236 2150 Zabeus
1267 2081 1377 2150 ipse
1401 2079 1723 2150 supracitato
1757 2094 1980 2132 numero
2011 2078 2075 2132 I8

498 2147 604 2204 non
636 2147 901 2204 inilciatur
928 2149 1034 2203 divi
1065 2149 1259 2204 Leonis
1287 2147 1671 2218 Magni'actate,
1699 2164 1761 2203 ac
1791 2158 2075 2218 propterea

497 2227 623 2274 ante
650 2218 906 2274 Odoacris
932 2219 1092 2273 etiam
1133 2221 1502 2281 irruptiooem,
1547 2220 1709 2272 immo
1749 2229 1872 2274 ante
1897 2227 2076 2274 extre-

495 2303 639 2344 mam
665 2288 890 2359 Romani
914 2289 1120 2359 imperii
1145 2290 1196 2344 in
1221 2287 1506 2344 Occidente
1528 2297 1877 2352 senectutem,
1909 2287 2075 2343 Mani-

498 2359 674 2430 cha:_os
704 2360 756 2414 in
787 2357 935 2413 Italia
975 2357 1094 2430 non,
1117 2376 1305 2430 paucos
1345 2360 1641 2430 exstitisse,
1674 2359 1764 2428 qui
1792 2367 2075 2430 propterea

501 2443 568 2483 ex
598 2428 953 2498 Barbarorum
983 2429 1049 2483 ad
1079 2428 1372 2483 Danubium
1394 2443 1552 2498 grege
1574 2428 1797 2483 fortasse
1822 2445 1925 2483 non
1957 2428 2072 2483 fue-

499 2499 637 2570 rint,
686 2499 884 2570 quique
926 2497 1111 2570 Roma:
1148 2500 1314 2570 ipsius
1359 2497 1985 2570 sanctipontilicisaelo
2013 2515 2076 2555 ac

501 2567 772 2639 diligentia
801 2567 1026 2635 detecti,
1060 2567 1183 2624 inde
1215 2584 1426 2638 quoque
1466 2567 1613 2639 abire
1645 2569 1813 2624 coacti
1843 2568 2070 2639 fuerant,

495 2638 635 2709 ipsis,
668 2639 1367 2709 Augustorumeprincipum
1408 2638 1694 2694 Theodosii
1741 2653 1804 2709 ac
1831 2638 2072 2693 Valenti-

497 2707 916 2779 niani_Legibtts
963 2707 1406 2779 suifragantibus,
1454 2724 1572 2779 quae
1618 2708 1854 2779 ejusdem
1904 2711 2074 2764 sancti

497 2775 916 2850 pontificis-cura
941 2779 1060 2834 lata:
1083 2775 1316 2850 fuerunt.
1342 2775 1610 2834 Adversus
1633 2777 1948 2834 Manichzcos
1978 2781 2076 2847 igi-

497 2849 586 2904 tur
612 2849 776 2904 Italia:
813 2850 1049 2919 episc0pi
1072 2849 1273 2918 jamdiu
1314 2850 1582 2904 habebant
1608 2865 1702 2904 cur
1730 2858 1978 2917 agerent,
2012 2866 2076 2906 ac

537 2920 894 2990 respicerent;
931 2928 988 2974 ut
1016 2920 1136 2990 ideo
1166 2936 1271 2974 non
1299 2920 1367 2974 sit
1391 2921 1784 2990 ambigendum,
1811 2920 1970 2990 etiam
2007 2921 2074 2975 ad

523 2988 962 3061 talizeepiscopos
981 2989 1248 3061 pertinere
1262 2991 1503 3061 potuisse
1524 2989 1916 3061 lucubrationes
1938 2989 2070 3054 illas,

495 3059 765 3129 inquibus
783 3059 960 3114 sermo
981 3059 1124 3114 esset
1142 3060 1208 3114 de
1229 3059 1548 3114 Manichteis.
1573 3059 1736 3129 Multo
1761 3075 1885 3113 vero
1909 3063 2074 3129 magis

498 3128 752 3203 adversus
780 3130 1097 3185 Manichzeos
1125 3132 1280 3203 166
1313 3131 1681 3203 episcoporum
1711 3128 1874 3184 Italiae
1902 3128 2074 3203 zelum

497 3202 848 3271 exardescere
895 3199 1166 3271 OportuitT
1189 3199 1656 3271 pestq’uam'idem
1703 3209 1919 3255 sanctus
1964 3199 2072 3256 Leo

2106 1908 2156 1969 Β

2181 607 2353 676 ςίρωη
2381 607 2613 670 statutis,
2647 603 3149 675 pronuntiabantur.
3171 603 3304 676 Cum
3327 606 3513 676 itaque
3533 603 3750 665 celebris

2179 675 2338 730 fuerit
2361 691 2422 730 ac
2444 685 2726 745 pervagata
2753 691 2849 745 per
2877 677 3175 732 universam
3196 675 3400 731 Italiam
3425 675 3605 733 ’sancti
3626 676 3754 736 Leo-

2179 747 2262 818 pjs
2291 747 2584 818 hortatoria
2615 747 2680 800 ad
2714 746 2885 818 Italiae
2923 747 3206 818 episcopos
3243 747 3471 818 epistola
3502 749 3752 806 adversm

2179 815 2500 871 Manichteos
2529 816 2799 888 anno)“
2825 815 2970 882 data,
2998 815 3122 888 cum
3141 818 3225 873 lex
3246 815 3465 888 quoque
3489 819 3753 888 Augusto-

2178 902 2294 942 rum
2323 888 2618 957 principum
2652 887 2935 942 Theodosii
2965 904 3028 944 ac
3055 887 3414 944 Valentiniani
3444 887 3640 944 eodem
3673 901 3754 946 aut

2177 957 2519 1029 subsequenti
2550 974 2690 1012 anno
2724 959 3054 1029 promulgata
3081 975 3183 1013 non
3225 961 3398 1014 minus
3440 959 3753 1026 innotuerit;

2177 1027 2302 1096 quid
2334 1029 2524 1082 mirum
2566 1029 2609 1084 si
2634 1027 2759 1152 post
2793 1027 2976 1084 decem
3006 1037 3096 1083 aut
3123 1030 3424 1098 quindecim
3467 1037 3563 1083 aut
3605 1032 3754 1084 etiam

2177 1098 2362 1152 viginti
2392 1114 2588 1152 annos.
2681 1100 2844 1152 icetas
2882 1100 3162 1152 enisconus
3202 1099 3562 1152 Aquileiensis
3596 1099 3754 1152 Mani-

2177 1098 2362 1166 viginti
2392 1114 2588 1162 annos,
2634 1098 2844 1155 Nicetas
2882 1100 3162 1169 episcopus
3202 1099 3562 1168 Aquileiensis
3596 1099 3754 1154 Mani-

2177 1169 2355 1240 chteos
2378 1183 2618 1240 quoque,
2650 1169 2851 1238 jamdiu
2880 1172 3010 1223 satis
3047 1179 3229 1232 notos,
3261 1186 3380 1223 cum
3410 1170 3630 1223 ueteris
3658 1169 3754 1224 ba:-

2176 1239 2358 1293 reticis
2382 1239 2738 1294 nominaverit
2763 1241 3058 1302 evitandos,
3096 1240 3301 1294 etiamsi
3329 1240 3563 1294 fortasse
3594 1241 3755 1294 nullus

2179 1315 2304 1363 tunc
2343 1310 2569 1378 amplius
2611 1310 2864 1364 existeret
2904 1311 2954 1363 in
2998 1309 3179 1364 Italia?
3211 1308 3408 1364 Verum
3439 1309 3566 1378 quis
3597 1308 3753 1361 Mani-

2177 1379 2356 1433 chznos
2415 1388 2542 1451 tunc
2589 1381 2842 1451 temporis
2889 1380 3080 1433 iterum
3131 1381 3180 1434 in
3229 1378 3434 1433 Italiam

2177 1450 2470 1516 negaverit,
2505 1451 2556 1503 in
2588 1459 2694 1504 tam
2727 1451 2938 1504 turbato
2968 1465 3144 1504 rerum
3175 1451 3412 1503 omnium
3443 1457 3616 1511 statu,
3647 1464 3752 1504 cum

2175 1518 2395 1574 silerent
2417 1521 2578 1587 leges,
2599 1536 2718 1575 cum
2743 1520 2958 1574 Barbari
2984 1520 3176 1587 ubique
3196 1518 3630 1576 dominarentur.
3648 1534 3753 1573 cum

2176 1590 2353 1660 omnia
2386 1590 2604 1644 licerent
2631 1591 2874 1660 omnibus
2902 1604 3020 1658 quae
3052 1590 3103 1643 in
3132 1599 3318 1660 pacata
3351 1590 3636 1658 republica
3672 1590 3755 1643 Ini-

2178 1658 2320 1728 nime
2350 1660 2658 1715 Iicuissent?
2687 1659 2759 1712 Ea
2793 1660 3039 1713 nimirum
3075 1658 3197 1714 sunt
3229 1668 3492 1728 tempora,
3541 1668 3604 1712 ut
3642 1660 3752 1714 satis

2176 1727 2360 1800 liquet,
2383 1730 2439 1800 in
2455 1730 2648 1798 quibus
2669 1730 2905 1800 perversi
2929 1730 3187 1793 homines,
3211 1745 3245 1800 e7
3263 1727 3486 1783 latebris
3509 1729 3603 1782 ubi
3626 1728 3755 1796 prius

2175 1798 2556 1870 delitescehant
2583 1798 2942 1870 erumpentes,
2975 1815 3092 1854 sese
3118 1799 3409 1854 insolenter
3438 1814 3504 1870 ac
3523 1800 3756 1866 procaci-

2180 1876 2263 1922 ter
2282 1868 2538 1934 efferunt;
2569 1877 2623 1924 et
2653 1868 2749 1939 qui
2785 1870 2932 1940 prius
2953 1885 3057 1940 non
3087 1871 3201 1925 sine
3228 1877 3376 1924 metu
3403 1868 3580 1940 vitam
3612 1883 3757 1936 agere

2180 1949 2608 2002 consueverant,
2669 1939 2934 1994 dominari
2986 1939 3095 2006 jam
3153 1951 3207 1994 et
3265 1939 3449 2009 pravis
3485 1939 3754 2009 doctrinis

2178 2016 2232 2062 et
2261 2010 2481 2078 perditis
2505 2010 2739 2064 moribus
2753 2009 3022 2078 jactanter
3047 2011 3241 2079 ubique
3261 2007 3627 2079 eontendunt.
3653 2007 3753 2062 Non

2177 2087 2259 2132 est
2286 2079 2443 2146 igitur
2463 2095 2560 2134 cur
2601 2080 2804 2135 Zabeus
2843 2080 2911 2134 ab
2949 2081 3050 2136 hac
3077 2096 3136 2134 se
3161 2078 3427 2148 expediat
3456 2079 3755 2146 objectione

2177 2148 2413 2203 breviter
2441 2149 2753 2212 asserendo,
2785 2149 2926 2218 quod
2959 2149 3272 2204 Maniclueos
3306 2149 3576 2218 Aquileiae
3611 2150 3756 2218 fuisse

2176 2218 2436 2288 afﬁrmare
2475 2236 2576 2273 non
2615 2236 2900 2290 possumus.
2942 2218 3192 2287 Quamvis
3229 2221 3372 2274 enim
3396 2227 3755 2290 monumenta

2177 2303 2284 2342 non
2314 2298 2597 2358 suppetant
2618 2289 2685 2343 ut
2715 2291 2765 2344 id
2795 2289 3136 2354 allirmemus,
3171 2289 3443 2346 contraria
3478 2297 3637 2343 certe
3664 2303 3756 2343 non

2177 2358 2376 2481 adsueti
2399 2367 2455 2413 ut
2484 2360 2535 2413 id
2565 2358 2786 2414 inliciari
2816 2361 3116 2429 possimus;
3147 2370 3200 2414 et
3229 2361 3444 2414 interim
3479 2359 3622 2412 satis
3649 2367 3756 2411 sunt

2177 2443 2293 2481 uua:
2381 2429 2613 2481 tulimus.
2658 2437 2712 2481 ut
2741 2429 2976 2481 Nicetam
3014 2430 3404 2481 Aauileiensem
3449 2429 3754 2481 episcopum

2174 2443 2293 2499 qua:
2322 2429 2613 2499 intulimus,
2658 2437 2712 2483 ut
2741 2429 2976 2484 Nicetam
3014 2430 3404 2499 Aquileiensem
3449 2429 3754 2498 episcopum

2170 2497 2470 2571 iudicemus
2510 2498 2830 2571 Manichaaos
2876 2497 3151 2554 nominare
3188 2516 3286 2556 suo
3329 2497 3496 2571 167
3520 2497 3755 2571 tempore

2178 2569 2418 2637 potuisse
2449 2569 2522 2622 uti
2551 2571 2848 2633 evitandos,
2873 2571 3080 2625 etiamsi
3111 2571 3164 2624 in
3198 2586 3291 2624 sua
3321 2567 3754 2638 {fuinquam’for-

2176 2647 2319 2709 tasse
2353 2640 2680 2694 exstitissent
2708 2648 2801 2694 aut
2830 2641 3102 2709 provincia
3131 2651 3222 2695 aut
3247 2639 3489 2695 ditecesi.

2247 2708 2352 2765 Sed
2377 2709 2582 2764 Zabeus
2606 2710 2739 2764 ultra
2769 2707 3105 2779 progreditur
3123 2711 3311 2765 eodem
3344 2723 3580 2764 numero
3603 2707 3688 2768 18;
3705 2719 3754 2764 et

2175 2779 2302 2835 dum
2333 2780 2408 2833 uti
2437 2795 2819 2848 supervacuam
2843 2781 3074 2836 traducit
3097 2779 3511 2836 Manichaeorum
3541 2781 3756 2833 mentio-

2177 2865 2298 2920 nem
2328 2849 2378 2903 in
2409 2865 2476 2920 e9
2497 2852 2772 2919 opusculo,
2796 2850 2939 2919 quod
2962 2861 3104 2905 es-et
3125 2849 3320 2906 Niceue
3341 2849 3598 2920 episcopi
3616 2850 3758 2917 Aqui-

2177 2919 2419 2990 leiensis,
2446 2918 2852 2990 Pelagianorum
2874 2935 2940 2974 ex
2962 2921 3186 2977 adverso
3207 2918 3753 2990 mentionem'rihidem

2177 2989 2365 3060 deesse
2404 2989 2654 3060 ostendit,
2686 3005 2803 3059 qua:
2846 2999 2992 3045 certe
3032 2991 3083 3044 in
3125 2991 3381 3060 episcopo
3427 2989 3751 3060 Aquileiensi

2175 3058 2359 3115 Niceta
2388 3059 2607 3121 deesse,
2644 3058 2795 3128 juxta
2826 3061 3000 3126 illum,
3043 3058 3258 3115 minime
3284 3059 3603 3120 debuisset;
3643 3058 3753 3127 quia

2175 3131 2347 3199 reipsa
2372 3131 2585 3185 hmresis
2601 3129 2882 3199 Pelagiana
2904 3145 2970 3185 eo
2992 3139 3232 3200 tempore
3253 3137 3562 3200 sectatores
3584 3129 3754 3182 habuit

2177 3200 2230 3253 in
2253 3198 2871 3282 Aquileiensiprovineia
2894 3201 3035 3282 inter
3052 3198 3392 3282 presbyterof,
3417 3198 3749 3282 aediﬁcatum,

497 3267 913 3345 Magnus,_anno
934 3267 1231 3345 '444,_da_tis
1259 3267 1450 3345 litteris
1476 3270 1543 3325 ad
1572 3270 1848 3324 universos
1875 3271 2077 3345 episco-
2103 3279 2150 3345 ο
2179 3285 2242 3322 ac
2262 3267 2446 3345 ἀξίνη-δί
2475 3267 2669 3345 ordinis
2690 3273 2932 3345 clericos,
2961 3267 3141 3326 uti'ex
3171 3267 3398 3345 epistola
3431 3269 3545 3324 divi
3573 3267 3756 3345 Leonis

499 3354 598 3421 pos
625 3356 720 3411 per
749 3339 911 3421 Italiae
933 3341 1235 3421 provincias
1255 3343 1592 3421 constitutos,
1617 3339 2077 3421 cospeculiariter

497 3410 551 3463 in
580 3410 910 3465 censortium
933 3410 1041 3465 suae
1063 3410 1431 3466 sollicitudinis
1460 3411 1738 3464 advocavit
1765 3420 1950 3465 contra
1973 3411 2074 3468 hu-

495 3478 582 3550 jus
621 3481 983 3552 perversitatis
1022 3482 1314 3552 sacrilegos
1352 3488 1671 3546 sectatores,
1703 3495 1929 3552 quorum
1969 3483 2075 3552 fali-

497 3549 692 3622 quanti,
718 3559 774 3606 ut
795 3552 907 3620 ipse
930 3551 1126 3612 aiebat,
1153 3549 1321 3604 Roma
1345 3551 1676 3622 aufugerant,
1700 3560 1755 3622 et
1785 3551 2076 3622 timendum

497 3620 617 3675 erat
639 3636 706 3691 ne
726 3637 847 3691 cum
873 3637 1085 3676 suarum
1108 3622 1339 3691 plebium
1362 3621 1667 3676 discrimine
1697 3621 1796 3675 hac
1818 3620 1938 3676 illac
1957 3637 2077 3678 sese

497 3690 801 3762 occultandi
831 3690 1128 3762 reperirent
1155 3690 1480 3746 facultatem.

569 3758 822 3826 Quaenam
849 3758 1010 3830 porro
1039 3761 1449 3816 Maniclneorum
1479 3769 1606 3830 tunc
1626 3761 1859 3823 hzeresis,
1888 3771 2076 3817 contra

543 3844 663 3884 uam
688 3839 796 3884 tam
819 3829 1049 3885 sollicite
1069 3832 1236 3885 sancti
1259 3830 1454 3885 Leonis
1475 3829 1646 3898 Magni
1668 3831 1813 3884 zelus
1833 3832 2078 3887 ardebat?

550 3897 900 3971 udiaturipse
929 3911 1144 3971 sanctus
1183 3901 1441 3971 pontifex,
1473 3897 1840 3971 qui’sermone
1879 3901 1965 3964 l6,
2009 3903 2076 3958 de

497 3965 710 4041 Jejunio
747 3965 940 4026 decimi
969 3965 1272 4036 mensis'b,
1305 3965 1571 4041 capite},
1603 3971 1676 4024 ita
1719 3971 2074 4039 loquebatur:

505 4058 524 4091 ι
555 4039 722 4109 Hujus
751 4043 966 4110 (nempe
987 4041 1262 4109 daemonis)
1294 4039 1408 4095 arte
1438 4041 1712 4110 Basilides,
1745 4041 1900 4110 hujus
1929 4042 2070 4097 Mar-

498 4110 617 4166 cion
662 4109 819 4166 callet
847 4109 1079 4180 iitgetiio,
1121 4113 1228 4180 hoc
1271 4110 1405 4167 duce
1445 4112 1621 4178 agitur
1647 4109 1941 4174 Sabellius,
1975 4114 2079 4169 hoc

499 4182 864 4252 praecipitatur
882 4179 1092 4252 rectore
1113 4179 1392 4244 Photinus,
1411 4181 1566 4252 hujus
1587 4184 1836 4252 potestati
1862 4182 2081 4238 famula-

501 4259 589 4305 tur
615 4250 793 4317 Arius,
824 4251 982 4320 hujus
1010 4253 1214 4322 spiritui
1237 4253 1402 4306 servit
1429 4250 1750 4316 Eunoinius;
1783 4260 1893 4307 tota
1929 4253 2079 4309 deni-

497 4334 604 4391 que
629 4322 915 4376 bestiarum
940 4322 1124 4376 talium
1143 4323 1338 4378 cohors
1360 4322 1460 4376 hoc
1489 4322 1709 4391 praeside
1738 4323 1804 4375 ab
1827 4323 2078 4379 Ecclesia:

500 4390 704 4446 unitate
724 4391 985 4454 discessit,
1011 4393 1114 4447 huc
1135 4393 1387 4462 magistro
1409 4408 1439 4446 a
1460 4390 1688 4446 veritate
1708 4391 1949 4447 descivit.
1974 4393 2080 4449 Sed

499 4475 620 4532 cum
660 4462 713 4532 in
757 4463 963 4517 cunctis
1007 4463 1442 4532 perversitatihus
1484 4462 1858 4532 multiformem
1901 4472 2081 4519 teneat

502 4529 890 4599 principatum,
941 4529 1118 4586 arcem
1168 4540 1346 4587 tamen
1404 4533 1506 4587 sibi
1563 4533 1614 4586 in
1665 4531 2080 4588 Manichaeorum

500 4601 695 4654 struxit
721 4601 942 4665 insania,
967 4611 1019 4656 et
1044 4602 1351 4656 latissimam
1388 4603 1438 4657 in
1467 4604 1544 4657 eis
1577 4602 1771 4666 aulam,
1804 4604 1854 4656 in
1884 4619 1988 4671 qua
2018 4619 2076 4659 se

500 4671 851 4742 exsultantius
869 4671 1115 4741 jactaret,
1135 4672 1360 4737 invenit;
1386 4673 1474 4726 ubi
1497 4688 1602 4726 non
1628 4673 1782 4727 unius
1803 4675 2080 4742 pravitatis

499 4739 754 4813 speciem,
785 4739 883 4795 sed
914 4742 1149 4813 omnium
1177 4742 1342 4813 simul
1363 4757 1605 4813 errorum
1637 4739 2080 4813 impietatumque

499 4810 782 4881 mixturam
811 4811 1133 4877 generaliter
1171 4811 1486 4881 possideret.
1511 4833 1528 4863 ι
1557 4810 1635 4866 Εη
1682 4810 1842 4880 igitur
1879 4810 2080 4881 quanta

498 4879 1091 4953 esset_Mattichmortim
1141 4879 1610 4953 etManichteismi
1656 4879 1917 4953 impietas,
1960 4898 2080 4951 qua:

498 4949 660 5004 veluti
706 4967 894 5022 omnes
943 4951 1167 5022 aliorum
1207 4951 1577 5008 lucreticorum
1624 4949 2081 5022 complectebatur

498 5035 739 5092 errores;
772 5021 842 5074 ita
874 5030 932 5076 ut
958 5022 1012 5092 in
1034 5021 1175 5078 hanc
1202 5031 1402 5077 sectam
1425 5021 1761 5092 potissimum
1788 5023 1962 5092 acrius
1981 5023 2077 5078 de-

500 5089 712 5164 buerint
752 5092 920 5164 etiam
955 5091 1121 5164 Italiae
1151 5093 1387 5164 episcopi
1416 5089 1482 5147 eo
1513 5100 1752 5164 tempore
1779 5091 2074 5164 decertare.

497 5158 706 5232 Nullum
735 5163 959 5232 proinde
984 5158 1220 5228 dubium,
1243 5158 1370 5232 quin
1400 5158 1720 5232 supraciiata
1750 5165 1918 5216 sancti
1940 5163 2079 5216 Leo-

499 5230 582 5303 nis
607 5230 830 5300 epistola
857 5231 921 5286 ad
953 5233 1229 5287 universos
1258 5230 1542 5303 episcopos
1563 5250 1659 5303 per
1686 5233 1848 5303 Italia:
1871 5234 2080 5299 provin-

496 5300 608 5354 cias
648 5303 995 5366 constitutos,
1032 5317 1151 5372 quze
1180 5303 1230 5358 in
1261 5300 1495 5358 editione
1522 5300 1724 5358 Veneta
1757 5301 2074 5357 Ballerinio-

495 5384 615 5444 rum
657 5372 881 5444 septima
924 5380 1036 5444 est,
1079 5375 1382 5443 pervenerit
1411 5373 1599 5429 eodem
1644 5375 1759 5444 ipso
1800 5389 1940 5427 anno
1971 5373 2074 5426 4M

496 5441 658 5514 etiam
687 5440 755 5496 ad
797 5440 1188 5514 Aquileiensem
1225 5440 1692 5514 metmpolitanum
1729 5444 2069 5513 episcopum,

495 5512 587 5584 qui
611 5520 738 5584 tunc
767 5520 858 5584 aut
880 5511 1139 5584 Maximus
1156 5522 1287 5573 erat.
1314 5511 1736 5579 ant'Januarius;
1765 5511 2075 5584 nullumque

496 5581 622 5656 item
650 5581 899 5647 dubium,
933 5583 1326 5656 Aquileiensem
1357 5585 1502 5656 illum
1533 5585 1840 5656 episcopum
1871 5581 2071 5656 sollici-

495 5650 730 5722 tudinem
752 5667 967 5708 omnem
987 5650 1309 5718 adhibuisse,
1333 5665 1392 5708 ut
1412 5650 1702 5718 Manichtci,
1719 5650 1767 5708 'si
1791 5656 1881 5722 qui
1903 5655 2074 5722 laten-

499 5727 581 5794 ter
606 5721 988 5794 obrepsissent,
1010 5723 1403 5794 detegerentur,
1435 5735 1594 5794 atque
1621 5721 1864 5778 extorres
1887 5721 2076 5778 fierent

499 5737 581 5774 ter
606 5737 988 5846 onrepsnssent,
1010 5737 1403 5791 detegerentur,
1435 5737 1594 5794 atque
1621 5737 1864 5778 extorres
1887 5737 2074 5778 tierent

497 5789 566 5844 ab
592 5790 728 5863 Aqui
749 5793 1015 5863 eiensium
1036 5793 1257 5858 llnibus,
1301 5793 1476 5863 legum
1517 5797 1676 5849 etiam
1717 5794 2074 5862 Augustarum

497 5861 816 5921 auctoritate
844 5862 1076 5920 adhibita
1101 5871 1156 5918 et
1184 5861 1468 5938 impetrato
1503 5863 1767 5928 subsidio,
1811 5861 1840 5920 a
1881 5863 2074 5936 quibus

2180 3355 2332 3410 papae
2360 3341 2613 3422 inscripta
2637 3342 2701 3394 ad
2727 3338 3480 3422 Aquileiensemep—iscopufnh,
3504 3353 3639 3422 quae

2178 3407 2268 3464 ina
2295 3420 2376 3464 est
2404 3411 2456 3464 in
2487 3407 2649 3466 citata
2676 3407 2910 3465 editione
2942 3407 3368 3465 Balleriniorum.
3397 3407 3471 3462 Ut
3501 3407 3600 3462 ﬁat
3633 3407 3756 3462 satis

2179 3479 2303 3534 huic
2347 3482 2505 3534 etiam
2549 3480 2836 3549 objectioni
2867 3481 3146 3534 clarissimi
3177 3481 3306 3542 viri,
3338 3494 3464 3549 qua:
3490 3488 3758 3549 postrema

2179 3559 2260 3604 est
2281 3565 2346 3604 ex
2375 3548 2706 3618 penitioribus
2731 3566 2906 3621 causae
2935 3551 3002 3621 ab
3031 3550 3148 3621 ipso
3180 3548 3485 3621 desumpta,
3510 3548 3758 3602 nonnulla

2179 3629 2303 3674 sunt
2330 3620 2796 3675 animadvertenda
2826 3636 2890 3675 ex
2923 3620 3286 3675 admunitiune
3310 3620 3515 3688 praevia
3548 3632 3757 3673 eorum-

2179 3689 2300 3744 dem
2335 3689 2738 3746 Balleriniorum
2769 3691 2834 3744 ad
2871 3691 3094 3760 primam
3123 3697 3177 3745 et
3203 3688 3505 3760 secundani
3529 3688 3759 3760 ejusdem

2179 3761 2348 3815 sancti
2369 3761 2636 3831 pontificis
2654 3757 2926 3830 epistolas,
2951 3775 3157 3815 necnon
3185 3776 3252 3814 ex
3279 3759 3461 3831 capite
3488 3757 3758 3831 “gignu-

2179 3824 2483 3956 Lneentorum
2512 3824 2926 3901 Aquileiensium
2968 3829 3309 3886 eruditissimi
3338 3824 3516 3884 nostri
3555 3827 3628 3883 De
3651 3824 3757 3880 Ru-

2251 3917 2314 3955 IS.

2251 3917 2314 3955 IS.

2253 3970 2443 4053 Negari
2473 3987 2581 4053 non
2609 3979 2787 4053 potest
2813 3968 3220 4053 Pelagianorum
3239 3984 3480 4053 errores

2180 4037 2365 4096 leiensi
2387 4037 2659 4112 provincia
2683 4037 2965 4112 irrepsisse
2980 4041 3064 4097 vel
3085 4043 3153 4112 ab
3181 4041 3334 4112 initio
3345 4040 3542 4112 saeculi
3573 4037 3759 4112 quinti,

2180 4127 2244 4166 ac
2257 4112 2368 4180 jam
2389 4110 2516 4166 inde
2537 4110 3102 4167 habuisse—sectatores
3124 4111 3319 4165 ibidem
3343 4110 3492 4165 inter
3511 4110 3764 4180 ecclesia-

2161 4178 2298 4236 stiei
2319 4183 2522 4236 ordinis
2550 4182 2813 4245 homines,
2839 4181 2977 4250 apud
2999 4197 3135 4250 quos
3155 4181 3495 4250 potissimum
3518 4180 3640 4235 haec
3665 4178 3765 4233 ba-

2180 4253 2316 4306 resis
2343 4251 2634 4307 faciliorem
2656 4251 2856 4306 aditum
2885 4251 3134 4305 obtinuit.
3155 4251 3507 4320 Compertum
3529 4263 3766 4320 namque

2182 4330 2264 4375 est
2305 4323 2442 4376 inter
2469 4321 2732 4383 eruditos,
2773 4321 3030 4377 cardinali
3077 4318 3496 4384 Norisioduce,
3529 4318 3764 4374 libellum

2182 4391 2329 4446 illum
2360 4391 2504 4447 Fidei
2547 4390 2836 4459 Pelagiano
2864 4391 3064 4446 furfure
3098 4400 3425 4454 scatentem,
3459 4403 3630 4459 quem
3663 4387 3765 4459 Sir-

2182 4461 2411 4516 mondus
2438 4458 2718 4531 descripsit
2757 4477 2788 4515 e
2827 4461 3188 4531 manuscripto
3225 4459 3412 4531 codice
3427 4458 3763 4531 _V_'eronen_si,

2181 4545 2340 4600 quem
2361 4531 2596 4600 vulgavit
2615 4528 2906 4586 Carnerius
2926 4532 2978 4584 in
3001 4528 3232 4585 editione
3253 4529 3402 4583 Marii
3427 4528 3762 4600 Mercatoris,

2185 4599 2249 4657 ac
2275 4599 2486 4657 demum
2511 4601 2838 4657 Bcnedictini
2861 4601 3040 4654 Sancti
3066 4601 3231 4654 Mauri
3258 4601 3454 4655 iterum
3484 4599 3768 4653 ediderunt

2107 4659 2236 4726 Din
2267 4673 2649 4742 appendicibus
2677 4671 3104 4742 Augustinianis,
3129 4671 3326 4742 seuin
3360 4669 3670 4742 appendiee
3708 4667 3767 4742 ad

2182 4738 2385 4796 tominn
2406 4742 2670 4797 decimum
2701 4738 2952 4796 editionis
2974 4739 3288 4796 Parisiensis
3316 4738 3569 4802 in-folio;
3614 4738 3762 4791 libel-

2182 4812 2311 4873 lum,
2355 4813 2588 4880 inquam,
2638 4812 2778 4866 hunc
2821 4812 3089 4880 pertinere
3129 4810 3194 4865 ad
3235 4810 3379 4864 viros
3412 4807 3766 4880 ecclesiastici

2182 4881 2385 4936 ordinis
2424 4878 2711 4951 provincia:
2740 4878 3094 4950 Aquileiensis
3122 4881 3220 4951 sub
3259 4880 3564 4951 Augustino
3603 4878 3764 4947 Aqui-

2181 4951 2366 5006 leiensi
2389 4948 2642 5021 episcopo
2664 4948 3097 5021 metropolitano,
3114 4948 3408 5021 Chrematii
3430 4962 3762 5021 successere.

2179 5023 2269 5090 qui
2292 5017 2492 5077 sanctis
2509 5017 2822 5075 Inuocentio
2837 5017 2877 5084 I,
2899 5036 2962 5076 ac
2985 5021 3196 5076 Zosimo
3218 5018 3480 5090 Romanis
3502 5017 3766 5090 pontifici-

2181 5086 2282 5167 bus
2305 5091 2771 5167 ﬂoruit_._Zpsin_1u_s
2793 5106 2960 5167 porro
2977 5090 3249 5146 Romanus
3270 5086 3535 5167 pontifex,
3563 5088 3655 5142 ille
3676 5086 3766 5167 fuit

2179 5163 2269 5231 qui
2303 5177 2442 5216 anno
2472 5160 2574 5214 M8
2613 5162 2880 5215 celebrem
2910 5161 3052 5231 illam
3081 5176 3228 5215 suam
3257 5160 3623 5231 dogmaiicam
3653 5160 3765 5225 epi-

2177 5229 2370 5286 stolam
2394 5231 2660 5300 evulgavit
2687 5231 2940 5285 adversus
2970 5229 3166 5298 Pelagii
3186 5229 3503 5285 achlestii
3531 5240 3763 5290 errores,

2179 5303 2508 5364 tractoriam,
2541 5317 2635 5354 seu
2665 5300 3032 5370 tractator-iam
3057 5308 3446 5370 nuncupatam,
3477 5311 3644 5366 quam
3663 5309 3766 5370 per

2177 5375 2482 5427 universum
2503 5371 2688 5425 orbem
2711 5369 3027 5429 transmisit,
3046 5380 3105 5424 ut
3125 5367 3503 5438 episeoporum
3525 5367 3767 5438 omnium

2176 5441 2657 5507 subscriptionibus
2688 5443 3006 5498 firmaretur.
3037 5454 3145 5507 quo
3161 5437 3470 5494 consensus
3495 5437 3767 5492 universa-

2176 5514 2240 5586 lis
2285 5507 2533 5586 Ecclesiae
2575 5519 2860 5586 appareret
2889 5509 2953 5586 in
2999 5507 3766 5586 Pelagianorum_dogmaturn

2179 5584 2544 5638 damnatione.
2593 5575 2842 5635 Pervenit
2887 5580 3069 5648 itaque
3117 5575 3301 5648 procul
3345 5577 3513 5632 dubio
3531 5575 3546 5648 ξ
3567 5575 3768 5631 Zosimi

2179 5651 2444 5723 pontificis
2485 5651 2737 5707 tractoria
2771 5652 2936 5723 etiam
2975 5647 3042 5704 ad
3075 5647 3422 5723 Augustinum
3451 5647 3767 5723 episcopum

2180 5716 2593 5792 Aquileienseni,
2619 5736 2683 5776 ac
2702 5721 3002 5792 primatem,
3025 5727 3082 5792 ut
3101 5734 3218 5773 eum
3241 5716 3764 5792 appellat'Not-isius,
3795 5727 3797 5734 '

2189 5786 2532 5857 Vinetiurum,
2555 5786 2745 5855 lurida,
2770 5788 2956 5844 Norici
2973 5791 3250 5859 utriusque,
3267 5786 3326 5842 er
3338 5786 3544 5859 filictia
3560 5788 3763 5858 pm.

2180 5861 2276 5920 Hic
2320 5877 2448 5919 vero
2477 5877 2597 5918 cum
2636 5877 2734 5934 pro
2772 5861 2951 5918 olllcio
2993 5875 3092 5919 suo
3132 5858 3439 5916 tractoriam
3483 5858 3679 5932 ipsam,
3711 5864 3763 5913 ut
