3936 6368
896 391 952 448 Ρ.
992 391 1272 452 ΒΒΑΙΒΔΕ
1309 392 1760 456 DISSERTATIO

1866 398 1873 456 I
1911 399 1968 457 S.
2009 399 2336 459 NICETAM.
2361 430 2432 446 —-
2456 401 2610 463 CAP.
2651 401 2766 462 VII.

3321 399 3456 458 1026

190 499 898 597 vei-osiniillimumvidetur,
929 508 1002 597 ad
1019 509 1373 597 provinciales
1403 526 1530 595 suos
1553 512 1768 595 episco-
1793 515 1848 578 Α
1872 527 1979 597 non
2008 522 2132 597 erat_
2150 515 2240 572 hic
2263 518 2874 597 sermodehmresibus;
2901 531 3012 597 non
3038 519 3276 597 singulas
3289 538 3456 597 ρεθυ-

187 596 295 655 pos
313 580 548 655 misisset
560 621 576 643 ,
592 587 671 655 _ut
685 595 874 655 eorum
895 595 960 636 ac
979 581 1411 655 presbyterorum
1434 582 1770 655 uniuscujus-

187 649 298 724 que
321 649 799 724 subscriptionibus
831 649 1428 724 ﬁrmaretur,_li_bel_lu_m
1456 649 1768 724 praedictum

186 718 227 779 ti
254 718 613 792 nonnullis—es
633 721 834 792 eisdem
857 718 1140 790 Pelagiana
1164 721 1284 792 labe
1309 718 1518 778 infectis
1537 725 1764 792 accepit,

185 807 299 876 quo
326 801 382 848 et
407 791 1162 876 subscriptionemhtractorite
1188 791 1386 872 Zosimi
1416 808 1510 876 eos
1548 791 1771 863 apertis-

181 861 327 936 sime
345 877 623 918 recusasse
643 861 922 936 intellexit,
945 870 1002 936 et
1020 861 1086 915 ad
1107 861 1403 936 plenariam
1433 861 1597 936 etiam
1615 879 1771 936 synog

180 933 317 1004 dum
346 947 641 1004 provocare
685 947 844 1004 ausos
889 930 1071 987 fuisse.
1111 930 1384 1004 Incertum
1432 930 1658 1004 quidein'
1675 935 1769 1004 qui

179 1002 389 1059 fuerint
416 1003 519 1074 illi;
541 1010 597 1074 et
613 1016 764 1072 inque
781 1002 1054 1074 incertum
1084 1017 1208 1074 num
1230 1002 1528 1074 presbyteri
1550 1002 1763 1074 fuerint,

179 1089 256 1129 an
297 1073 457 1130 simul
502 1071 944 1142 etiain’episcopi
972 1071 1164 1142 aliqui,
1195 1087 1264 1126 ex
1293 1071 1514 1142 numero
1543 1072 1769 1130 fortasse

178 1143 402 1199 illorum
428 1143 616 1200 decem
643 1151 698 1212 et
724 1141 848 1197 acto
865 1141 1006 1212 {qui
1024 1183 1039 1207 ,
1062 1141 1276 1197 Juliano
1301 1141 1580 1198 Eclanensi
1608 1145 1762 1210 duce,

175 1213 284 1269 soli
308 1215 362 1269 in
384 1213 629 1268 universa
657 1211 893 1268 Ecclesia
918 1211 1182 1268 tractoria:
1201 1212 1534 1269 subscribere
1555 1229 1768 1270 recusa-

174 1293 313 1339 runt
333 1303 345 1338 :
364 1284 638 1339 indubium
661 1291 837 1337 tamen
858 1283 1078 1353 omnino
1098 1282 1324 1348 videtur,
1350 1291 1470 1353 post
1492 1293 1571 1337 tot
1591 1286 1767 1340 erudi-

177 1360 368 1434 torum
405 1353 702 1434 judicium,
737 1352 948 1434 eos_ad
995 1352 1394 1434 Aquileienseiii
1435 1354 1766 1434 provinciam

173 1425 528 1496 pertinuisse,
560 1432 617 1479 et
661 1439 746 1496 ea
774 1423 962 1477 ordine
994 1423 1165 1496 etiam
1211 1423 1530 1496 sacerdotali
1580 1423 1761 1491 fuisse,

173 1493 380 1616 auibus
407 1511 451 1576 a.
467 1493 880 1576 metropolitano
921 1493 1174 1576 episcopo
1213 1508 1280 1548 ex
1310 1493 1562 1549 mandato
1589 1497 1766 1564 ponti-

213 1579 298 1616 cis
332 1565 528 1616 Zosimi
547 1564 868 1616 subscriptio
896 1571 1038 1616 esset
1057 1564 1274 1616 indicta.

213 1565 298 1620 eis
332 1563 528 1621 Zosimi
547 1563 868 1621 subscriptio
896 1571 1038 1618 esset
1057 1563 1274 1618 indicta.

247 1633 410 1706 Quid
425 1649 554 1706 vero
591 1640 714 1705 post
758 1631 928 1706 hree‘t
959 1631 1123 1706 Adest
1167 1634 1492 1704 supracitata
1538 1635 1765 1706 epistola

173 1705 357 1775 sancti
393 1703 766 1775 Leonispapie
805 1704 874 1758 ad
889 1703 1302 1775 Aquileiensem
1329 1703 1638 1774 episcopum
1678 1707 1762 1761 in-

171 1774 403 1845 scripta,
434 1784 489 1829 et
509 1774 576 1845 ad
604 1773 798 1828 annum
827 1773 994 1845 relata
1029 1773 1151 1839 442,
1179 1775 1242 1845 in
1263 1773 1375 1843 qua
1397 1791 1462 1830 ex
1500 1773 1763 1833 relatione

171 1843 408 1916 Sepiimi
428 1860 524 1900 seu
549 1844 792 1916 Septimii
821 1843 1074 1916 episcopi,
1098 1844 1190 1914 qui
1217 1844 1527 1900 Altinatium
1557 1847 1762 1916 episco-

170 1915 276 1986 pus
306 1916 504 1990 erat_in
529 1915 852 1990 Aquileiensi
887 1915 1180 1990 provincia,
1213 1930 1270 1970 se
1297 1917 1575 1990 agnovisse
1595 1915 1764 1990 168

171 1985 553 2055 conqueritur,
577 1986 822 2056 quosdam
857 1985 1195 2056 presbgteros,
1218 1994 1268 2038 et
1291 1985 1553 2056 diaconos,
1587 1985 1649 2041 a'a
1670 1985 1761 2042 ili:

170 2054 320 2111 versi
338 2056 536 2110 ordinis
577 2054 814 2120 clericos,
855 2054 980 2126 quos
1013 2054 1432 2126 Pelagianarsive
1458 2054 1764 2112 leestiana

171 2126 395 2182 heresis
433 2127 610 2180 habuit
634 2125 944 2196 implicatos,
975 2126 1050 2179 ita
1087 2125 1476 2196 in’Aquileiensi
1501 2129 1763 2196 provincia

171 2196 243 2250 ad
263 2197 676 2252 communionem
699 2197 1004 2250 catholicam
1025 2197 1327 2266 pervenisse,
1358 2205 1415 2248 ut
1433 2197 1575 2250 nulla
1603 2196 1667 2250 ab
1686 2199 1760 2252 eis

171 2267 446 2337 damnatio
497 2267 692 2337 proprii
725 2268 1024 2337 exigeretur
1065 2266 1285 2337 erroris,
1326 2274 1376 2319 et
1409 2266 1759 2337 pastoralibus

169 2336 409 2392 excubiis
447 2335 682 2407 nimiumg
698 2335 1124 2407 dorinitantibus,
1158 2335 1302 2404 lupos
1341 2335 1507 2407 ovium
1545 2338 1760 2407 pellibus

171 2416 338 2463 tectos
379 2409 434 2462 in
479 2407 607 2462 oi-ile
648 2405 1006 2472 Dominicum,
1049 2423 1152 2461 non
1191 2407 1432 2472 depositis
1471 2405 1761 2462 bestialibus

170 2479 368 2532 animis
384 2479 652 2533 introisse:
669 2493 771 2546 qua
779 2486 995 2546 propter
1009 2476 1422 2546 metropolitano
1437 2476 1760 2546 Aquileiensi

171 2551 435 2618 episcopo
456 2545 714 2618 prmipit,
740 2545 796 2602 ut
822 2557 1132 2668 congregata
1153 2545 1352 2617 synodo
1372 2545 1760 2616 provincialium

171 2617 531 2668 sacerdotum.
563 2635 738 2668 omnes
764 2620 868 2668 sive
894 2635 1007 2668 ures
1045 2619 1198 2668 uteri.
1240 2618 1344 2668 sive
1379 2617 1614 2668 diaconi.
1657 2619 1760 2668 sive

168 2617 531 2683 sacerdotum,
563 2635 738 2674 omnes
764 2620 868 2673 sive
893 2617 1174 2688 presbyteri
1184 2657 1198 2679 ,
1240 2618 1344 2670 sive
1379 2617 1614 2688 diacani,
1657 2619 1760 2674 sive

171 2689 424 2760 cujusque
451 2689 649 2744 ordinis
675 2689 866 2753 clerici,
890 2684 975 2759 qui
996 2684 1060 2740 de
1077 2686 1478 2760 Pelagianorum
1499 2684 1760 2742 Caelestin—

169 2757 461 2831 norumque
480 2760 736 2814 consortio
756 2759 810 2831 in
832 2757 1238 2831 communionem
1257 2757 1562 2831 catholicam
1581 2775 1643 2831 ea
1663 2761 1759 2812 im-

169 2826 454 2896 prudentia
480 2839 598 2885 sunt
627 2829 831 2899 recepti,
875 2838 933 2882 ut
970 2845 1073 2882 non
1103 2828 1246 2899 prius
1282 2826 1351 2879 ad
1378 2826 1759 2883 damnationem

167 2899 251 2970 sui
299 2909 693 2954 coarctarentur
731 2897 951 2970 erroris,
994 2913 1127 2952 nunc
1166 2897 1378 2970 saltem,
1429 2908 1760 2970 posteaquam

169 2969 466 3040 hypocrisis
493 2986 669 3025 eorum
693 2985 759 3024 ex
784 2968 1008 3040 quadam
1029 2977 1174 3040 parte
1201 2966 1468 3040 detegitur,
1491 2969 1562 3021 ad
1589 2966 1760 3023 verum

169 3038 572 3098 correctionem.
597 3056 711 3112 qua:
730 3049 780 3112 et
798 3038 924 3110 ipsis
944 3038 1211 3112 prodesse,
1235 3048 1284 3092 et
1304 3038 1457 3112 nullis
1485 3041 1644 3109 possit
1665 3055 1760 3112 no-

168 3125 308 3181 cere,
345 3109 626 3181 cogantur}
656 3119 713 3181 ut
740 3109 994 3165 damnent
1020 3109 1224 3164 scilicet
1258 3110 1448 3181 apertis
1481 3110 1759 3181 professio-

167 3179 326 3235 nibus
353 3178 464 3235 suis
492 3179 693 3249 superbi
721 3181 924 3251 erroris‘
940 3190 1190 3251 auctores,
1208 3189 1271 3251 Aet
1295 3178 1543 3251 quidquid
1574 3178 1626 3234 in
1661 3179 1757 3234 do-

167 3251 344 3304 ctrina
363 3267 539 3305 eorum
555 3247 858 3305 universalis
880 3247 1112 3304 Ecclesia
1130 3247 1413 3312 exhorruit,
1432 3247 1756 3316 detestentur,

167 3330 281 3391 etc.
312 3319 381 3376 Hi
409 3322 568 3390 igitur
595 3321 891 3391 presbyteri
918 3329 973 3391 et
992 3320 1224 3391 diaconi,
1255 3335 1319 3391 ac
1337 3319 1530 3391 diversi
1559 3320 1762 3391 ordinis

167 3390 358 3446 clerici
380 3389 660 3470 ilequibiis
685 3389 1035 3470 sanctus_L_eo
1056 3390 1122 3470 ad
1148 3389 1539 3470 Aquileiensem
1559 3390 1762 3470 episco-

166 3475 304 3531 pum
324 3503 340 3526 ,
374 3459 623 3517 videntur
649 3476 717 3516 ex
756 3461 860 3516 illis
900 3459 1062 3516 fuisse
1090 3459 1444 3531 Aquileiensis
1471 3459 1759 3530 provinciae

167 3530 586 3594 ecclesiasticis,
623 3538 717 3586 aut
743 3546 812 3586 ex
839 3547 1026 3586 eorum
1051 3530 1284 3592 asseclis,
1315 3530 1406 3600 qui
1435 3538 1562 3586 ante
1590 3547 1761 3587 annos

168 3600 396 3671 circiter
424 3601 608 3671 viginti
637 3600 938 3670 Pelagianis
964 3601 1238 3657 erroribus
1266 3600 1462 3655 addicti
1493 3602 1759 3671 tractoria:

170 3669 380 3726 Zosimi
403 3669 737 3728 subscribere
763 3669 1093 3734 recusarunt,
1112 3686 1174 3725 ac
1193 3671 1427 3724 libellum
1443 3671 1590 3725 illum
1611 3670 1759 3728 Fidei

169 3756 341 3812 super
368 3741 472 3798 hac
499 3758 558 3798 re
581 3742 875 3810 Augustino
897 3741 1231 3812 Aquileiensi
1251 3743 1605 3810 metropolitze
1627 3758 1757 3812 por-

169 3811 466 3882 reseruat;
496 3812 587 3881 qui
616 3822 868 3882 proptera
892 3813 1000 3881 jam
1030 3818 1159 3866 tunc
1185 3811 1255 3866 ob
1280 3811 1668 3868 contumaciam
1703 3812 1757 3866 in

167 3880 448 3938 damnatis
486 3880 759 3938 erroribus
795 3883 860 3937 ab
889 3880 1246 3939 ecclesiastica
1287 3881 1663 3938 communione
1691 3882 1759 3937 ab

169 3952 370 4008 eodem
400 3953 696 4023 Augustino
726 3952 928 4022 reiecti,
952 3960 1136 4023 postea
1165 3951 1232 4006 ab
1261 3951 1439 4023 aliquo
1472 3951 1612 4023 illius
1639 3968 1759 4007 suc-

169 4037 424 4089 cessere,
455 4024 541 4078 cui
570 4021 724 4078 fidem
753 4021 902 4078 suam
945 4021 1124 4092 aliquo
1170 4022 1360 4083 modo,
1405 4021 1498 4076 sed
1537 4022 1759 4078 fortasse

167 4094 362 4164 minus
389 4102 518 4164 apto
546 4102 638 4148 aut
668 4110 772 4164 non
801 4094 931 4149 satis
952 4101 1141 4164 aperto
1168 4092 1530 4164 probaverint,
1556 4093 1758 4164 recepti

169 4160 650 4234 fuerantfqnique
681 4163 878 4219 idcirco
907 4160 1265 4234 suspicionem
1287 4177 1391 4234 non
1415 4161 1586 4234 levem
1605 4160 1762 4216 dede-

168 4233 284 4288 rint
313 4231 522 4289 animds
547 4231 721 4289 adhuc
741 4234 958 4302 gerendi
980 4231 1252 4287 erroribus
1268 4231 1760 4302 pristinis_occupa-

170 4310 284 4374 tos.
318 4302 455 4359 Hinc
499 4304 660 4374 igitur
697 4300 904 4358 labens
942 4303 1166 4374 validius
1205 4301 1364 4374 etiam
1404 4300 1756 4374 confirmabit,

168 4371 908 4444 Aquileieiiseiniepiscopum
935 4373 1193 4444 Nicetain,
1218 4371 1263 4444 si
1286 4386 1411 4444 vere
1439 4381 1627 4426 auctor
1646 4372 1761 4441 ipse

171 4441 369 4514 inisset
399 4444 539 4500 illius
573 4441 972 4514 Erplanationis
1021 4443 1253 4514 Sg_mboli
1293 4441 1362 4494 ad
1401 4453 1757 4512 competentes,

170 4512 429 4570 debuisse
468 4530 534 4570 eo
583 4511 682 4570 loci
730 4515 1040 4568 nominatim
1067 4511 1396 4581 Pelagianos
1433 4511 1760 4568 commemo-

169 4598 322 4654 rare,
357 4593 540 4654 utpote
567 4585 845 4640 haereticos
869 4585 1130 4654 homines,
1148 4653 1154 4654 ί
1171 4583 1263 4651 qui
1293 4581 1640 4654 probabiliter
1666 4583 1760 4637 ad-

169 4652 286 4709 huc
313 4651 680 4725 suo'teinpore
705 4663 882 4710 essent
911 4655 962 4708 in
1005 4651 1348 4725 Aquileieiisi_
1368 4652 1638 4725 provincia
1657 4690 1672 4713 ,
1705 4662 1761 4708 et

170 4738 202 4794 a
239 4724 472 4793 quibus,
505 4721 672 4794 magis
699 4729 860 4780 etiam
901 4721 1130 4794 quamLa
1161 4721 1517 4794 Manichieis,
1537 4721 1759 4794 aliisque

169 4791 378 4849 ibidem
402 4791 710 4851 memoratis
736 4791 1020 4861 hiereticis,
1049 4791 1354 4848 Christiano
1374 4791 1522 4862 gregi
1547 4791 1756 4862 perieu-
1785 4823 1790 4826 -

130 4880 140 4902 ὀ
168 4862 287 4918 lum
312 4865 632 4921 immineret.
1195 4893 1200 4902 -

247 4933 732 4990 Veruiii—nonniilla
769 4935 1026 4991 addamus
1051 4941 1296 5005 oportet,
1315 4947 1439 5005 quae
1468 4931 1627 5005 Zabei
1653 4934 1754 4990 ob-

165 5003 465 5074 jectionem
483 5047 497 5070 ,
532 5006 583 5061 ni
613 5005 786 5069 fallor,
822 5007 1033 5074 penitus
1059 5001 1289 5060 solvant.
1315 5002 1512 5058 Niceten
1535 5001 1752 5059 Genna-

169 5074 322 5157 diani
354 5075 404 5129 in
435 5073 1088 5157 ngboIi'Explanatione
1127 5075 1240 5157 lucc
1265 5081 1400 5157 sunt
1427 5075 1753 5157 _ver_b_a,_ubi

171 5142 411 5216 litereses
447 5142 750 5216 singillatim
780 5142 1019 5202 nominat
1045 5146 1219 5216 capite
1261 5145 1344 5210 10,
1375 5144 1444 5216 ad,
1470 5145 1752 5216 articulum

173 5213 433 5286 Sanct_am
462 5213 745 5272 Ecclesiam
773 5213 1124 5280 catholicamf
1153 5231 1325 5286 neque
1364 5215 1507 5270 enim
1546 5215 1671 5270 alibi
1700 5216 1754 5270 in

173 5289 292 5339 tota
326 5283 716 5354 Explanatione
743 5287 966 5356 alicujus
1005 5287 1219 5342 haeresis
1237 5283 1491 5348 'meiitio,
1538 5287 1754 5356 proprio

174 5356 698 5427 nomineiiidicatae:
730 5376 748 5408 ‹
774 5355 911 5412 Sunt
931 5357 1142 5427 quidem
1164 5365 1218 5412 et
1245 5357 1362 5410 alia:
1389 5355 1757 5427 pseudoeccle-

175 5427 289 5493 sine,
323 5426 416 5482 sed
446 5427 573 5480 nihil
602 5428 694 5482 tibi
723 5425 1005 5483 commune
1033 5444 1153 5483 cum
1183 5427 1312 5490 illis;
1345 5425 1400 5481 tit
1431 5437 1554 5496 puta
1586 5425 1754 5480 Mani-

174 5498 472 5568 chaeorum,
497 5496 970 5568 Cataphrygaruiii,
996 5497 1474 5562 Marcionistarum,
1500 5498 1580 5551 vel
1604 5506 1757 5568 eiete-

175 5580 365 5636 rorum
395 5565 797 5633 hicreticoruiii,
837 5568 948 5623 sive
976 5569 1464 5632 schisinaticorum;
1495 5568 1616 5636 quia
1641 5565 1752 5635 jam

176 5635 432 5707 desinunt
458 5639 572 5692 istic
600 5637 849 5694 Ecclesia:
869 5653 985 5694 esse
1013 5648 1225 5694 saiictie.
1272 5659 1289 5691 i
1319 5635 1567 5693 Auctoris
1595 5638 1755 5707 igitur

178 5703 342 5780 hujus
367 5709 608 5780 opusculi
637 5710 724 5764 hic
749 5725 942 5779 scopiis
981 5725 1084 5765 non
1116 5707 1214 5764 fuit
1250 5710 1486 5780 singulas
1526 5703 1756 5765 bini-eses

180 5789 249 5831 ac
274 5779 509 5859 singulas
535 5780 995 5859 pseudoecelesias
1043 5779 1369 5859 nominandi,
1415 5781 1489 5836 uti
1531 5787 1755 5859 apparet

166 5848 344 5932 .verba
369 5848 485 5922 ipsa
511 5848 891 5922 perpendenti;
937 5866 1044 5909 non
1089 5849 1325 5922 singulas
1352 5848 1751 5922 haireses,"quia

1870 582 2214 672 doecelesias,
2245 588 2369 672 qaia
2397 588 2464 643 ad
2494 589 2650 672 i‘l‘luin
2668 582 2945 672 spectabat
2969 591 3049 672 de_
3070 582 3308 672 Ecclesia
3330 582 3452 672 tan-

1871 659 1987 730 tum
1999 656 2266 730 catholica
2286 658 2484 730 digere.
2501 657 2654 726 Quod
2674 656 2719 715 si
2737 659 3194 730 pseudoecclesias
3208 669 3453 724 nominat

1871 721 2302 802 ilanichzeorum,
2327 721 2806 802 Cataplifrygaruin,
2839 721 3325 799 llarcionistarum,
3346 721 3458 794 sit;

1869 793 2061 878 denter
2095 805 2245 878 patet
2287 813 2380 854 eas
2403 793 2708 878 nominasse
2749 793 2908 856 causa
2921 793 3316 878 __tan_tui_nmodo
3349 793 3451 878 po;-

1869 865 2030 948 nendi
2079 865 2306 948 alicirjus
2350 869 2580 948 eseniiili
2623 870 2872 948 falsarum
2918 868 3310 948 Ecclesiarum,
3341 865 3452 948 quo

1869 935 2064 1009 veritas
2093 935 2344 1009 Ecclesiae
2365 938 2643 995 catholicae
2671 956 2738 996 ex
2758 941 2992 1009 ipsarum
3022 941 3272 1000 lalsarum
3295 935 3454 1003 co'm-

1867 1006 2166 1085 paratione
2195 1008 2365 1076 magis
2409 1009 2683 1079 magisque
2729 1006 3143 1085 splendesceret.
3183 1011 3458 1074 Satisfecit

1867 1075 2050 1156 itaque
2079 1075 2168 1156 ίὶῃί
2193 1075 2302 1147 quo
2333 1075 2564 1156 mentem
2582 1075 2742 1156 suam
2761 1075 3062 1156 dirigebat,
3093 1083 3458 1156 dumaliquas

1867 1145 2162 1225 nominavit.
2178 1163 2193 1225 ξ
2212 1145 2332 1225 ἠρη
2352 1149 2524 1225 defui_t_
2539 1149 2718 1225 oliicio
2740 1150 2786 1205 si
2812 1145 2946 1225 alias
2976 1145 3267 1225 prieterivit
3281 1171 3308 1225 ;_
3327 1145 3458 1225 quia

1867 1229 1975 1294 non
1997 1224 2114 1270 erat
2141 1217 2228 1294 hic
2248 1218 2314 1272 de
2335 1217 2556 1286 singulis
2576 1219 2907 1294 dicere,_sed_
2931 1217 3135 1294 tantum
3159 1221 3227 1278 de
3262 1217 3456 1294 alidui-

1867 1285 1966 1370 bris
1992 1285 2540 1370 exemplum‘poiiere.
2573 1290 2731 1370 169
2757 1288 3059 1370 Noininaltis
3081 1299 3260 1370 tamen
3285 1285 3454 1352 tribus

1866 1353 1970 1434 i_l_lis
2001 1353 2443 1434 pseudoecclesiis
2479 1353 2924 1434 Manichaeorum,
2967 1357 3449 1434 cataphrygarum,

1866 1422 2348 1492 Marcionistaruiii,
2382 1442 2562 1482 nonne
2589 1429 2657 1483 de
2685 1429 2933 1485 omnibus
2959 1422 3122 1484 etiaiii
3145 1422 3448 1491 sei-iuononi

1865 1493 2027 1570 habet
2050 1498 2175 1570 dum
2202 1499 2381 1570 subdit
2419 1514 2433 1550 :
2471 1498 2548 1552 vel
2575 1507 2880 1553 ceterorum
2915 1499 3294 1570 hwreticorum,
3337 1507 3448 1561 sive

1862 1565 2302 1622 schismaticorum
2317 1567 2342 1622 .’

1935 1632 2340 1704 Pelagianorum
2385 1637 2730 1694 nihilominus
2768 1638 3076 1697 distinctam
3120 1643 3449 1702 mentionem

1863 1704 2046 1786 videre
2066 1705 2155 1762 hic
2181 1707 2439 1786 voluisset
2481 1707 2708 1786 gabeus,
2733 1710 2778 1786 si
2806 1725 2933 1786 vere
2959 1711 3025 1765 ad
3054 1709 3452 1786 Aquileiensem

1862 1776 2172 1851 episcopum
2219 1776 2459 1833 Nicetam
2489 1777 2816 1851 Explanatio
2854 1779 2988 1851 hinc
3013 1776 3326 1851 periineret.
3355 1787 3454 1842 Ast

1863 1853 1923 1900 ut
1944 1855 2012 1921 ut_
2028 1846 2225 1921 Nicetis
2245 1846 2784 1921 teiiiporerPelagiana
2807 1846 3030 1921 haeresis
3043 1850 3100 1921 in_
3124 1851 3453 1921 Aquileiensi

1887 1917 2137 1990 {revincia
2167 1925 2462 1974 sectatores
2490 1917 2782 1985 habuisset,
2799 1921 2866 1975 de
2884 1934 2992 1989 quo
3020 1919 3156 1974 infra
3185 1917 3452 1990 dicemus;

1909 1987 2252 2060 elagianismo
2281 1995 2427 2044 certe
2458 2004 2566 2060 non
2589 1997 2705 2044 erat
2733 1991 2822 2044 hic
2849 1987 2997 2046 locus
3019 1991 3159 2060 apud
3185 1987 3445 2060 Nicetain,

1863 2057 1988 2126 quia
2033 2058 2119 2112 hic
2153 2059 2598 2127 pseudoecclesia:
2635 2068 2789 2114 erant
2815 2057 3126 2122 indicandae,
3156 2076 3250 2117 seu
3278 2057 3452 2120 hiare;

1862 2127 2113 2198 ticorum,
2137 2142 2233 2183 seu
2253 2129 2748 2184 schisinaticorum:
2782 2129 3052 2198 Pelagiani
3079 2145 3226 2196 vero,
3255 2143 3314 2188 ut
3339 2150 3452 2190 om-

1861 2197 2018 2273 nibus
2037 2207 2505 2273 compertum‘esse
2519 2207 2698 2269 potest
2723 2200 2813 2268 qui
2840 2197 3026 2254 eorum
3041 2209 3174 2273 aeta
3202 2203 3450 2273 perlege-

1860 2267 1986 2333 rint,
2015 2267 2260 2338 abjnitio
2291 2268 2449 2338 hujus
2476 2267 2757 2324 haereseos
2773 2283 2941 2338 usque
2985 2271 3052 2324 ad
3082 2267 3262 2335 ﬁnem,
3289 2267 3450 2330 auin-

1859 2350 2028 2410 quani
2085 2336 2378 2393 Ecclesiani
2441 2353 2538 2393 seu
2602 2336 3060 2410 pseudoecctesiam
3123 2342 3450 2410 peculiarem

1859 2407 2272 2473 constituerunt,
2317 2423 2422 2477 qua
2453 2423 2482 2461 a
2523 2407 2787 2463 catholica
2824 2407 3295 2477 distinguerentur,
3336 2421 3393 2468 et
3417 2429 3452 2471 ι

1859 2491 1966 2550 qua
1999 2477 2260 2550 deberent
2285 2477 2535 2550 catholici
2567 2478 2834 2550 abstinere
2850 2517 2880 2550 ,_
2894 2480 3048 2550 sicuti
3073 2481 3453 2550 pseudoeccle-

1860 2549 1966 2602 sias
1980 2548 2373 2622 constituerunt
2391 2547 2512 2610 sibi,
2529 2563 2622 2622 seu
2639 2549 2706 2622 ab
2719 2547 2942 2603 exordio
2953 2547 3195 2622 errorum
3211 2566 3451 2622 suorum,

1859 2632 1956 2672 seu
1986 2618 2162 2687 potius
2208 2627 2330 2688 post
2373 2619 2630 2688 temporis
2676 2618 2902 2688 lapsum,
2946 2618 3034 2673 alii
3074 2618 3451 2688 ecclesiastici

1898 2686 2020 2765 acis
2052 2686 2370 2765 turbatores,
2424 2686 2500 2743 ut_
2536 2696 2662 2765 puta
2719 2686 3024 2765 bianichtei,
3076 2686 3446 2765 Cataphrygte,

1915 2758 2205 2822 arcionitie,
2259 2773 2396 2827 quos
2451 2757 2691 2812 nominat
2739 2757 3090 2827 Esplanatio,
3139 2757 3234 2816 aut
3283 2757 3446 2819 etiam

1860 2826 2062 2898 Ariani,
2088 2826 2426 2893 Eunoniiani,
2445 2827 2639 2897 aliique
2663 2828 2802 2884 inter
2823 2826 3121 2893 hzcreticos,
3141 2830 3443 2898 Novatiani,

1861 2897 2170 2962 Donatistae,
2204 2908 2258 2953 et
2297 2899 2388 2953 alii
2431 2913 2646 2967 quoque
2679 2898 2822 2954 inter
2857 2899 3247 2956 sehismaticos.
3295 2901 3450 2958 Pela-

1859 2968 2004 3036 giani
2049 2968 2332 3038 siquidem,
2377 2969 2631 3038 quamdiu
2661 2983 2847 3023 eorum
2877 2983 3031 3024 error
3059 2970 3309 3037 invaluit,
3339 2988 3450 3029 non

1859 3040 2179 3094 destiterunt
2207 3039 2422 3107 quidem
2451 3053 2554 3108 qua
2587 3038 2694 3094 late
2723 3046 3010 3109 potuerunt
3036 3041 3184 3095 virus
3209 3040 3452 3099 effunde-

1860 3123 1940 3171 re,
1972 3109 2152 3182 socios
2179 3109 2378 3182 erroris
2396 3109 2688 3182 asciscere,
2715 3117 2971 3178 patronos
2990 3109 3092 3182 sibi
3111 3126 3447 3182 comparare,

1861 3181 2032 3262 acutis
2059 3180 2522 3262 disputationibus
2539 3179 2842 3262 dimicare,
2861 3179 3115 3262 captiosis
3141 3179 3304 3262 etiam
3333 3179 3449 3238 ser-4

1785 3249 1833 3314 C
1865 3251 2116 3323 monibus
2144 3248 2397 3323 illiiderer,
2443 3248 2684 3304 subdolis
2709 3248 3136 3323 confessionibus
3179 3251 3448 3323 decipere,

1862 3321 2146 3392 concilium
2178 3320 2472 3392 pleiiarium
2512 3328 2717 3392 petere,
2769 3321 3053 3392 episcopos
3097 3320 3314 3392 quoque
3341 3339 3451 3379 non

1900 3336 2146 3376 OﬂClllum
2171 3336 2472 3445 ﬁieiiarium
2512 3336 2717 3389 petere,
2769 3336 3053 3390 episcopos
3097 3336 3314 3392 quoque
3341 3339 3451 3379 non

1900 3406 2062 3477 aucas
2091 3391 2143 3477 in
2195 3389 2355 3477 ‘all‘iis
2384 3390 2770 3477 priesertimac
2791 3390 2844 3477 in
2876 3390 3147 3477 Britannia
3162 3393 3263 3448 sibi
3282 3407 3452 3477 copu-

1883 3475 1993 3525 are,
2019 3462 2202 3516 turbas
2247 3461 2408 3515 etiam
2453 3462 2776 3530 quandoque
2821 3461 3088 3526 excitare,
3117 3476 3184 3518 ac
3225 3461 3450 3521 crimina

1859 3540 2174 3613 perpetrare
2198 3547 2212 3584 :
2244 3539 2300 3584 at
2326 3545 2616 3613 numquam
2645 3545 2712 3613 eo
2741 3531 3105 3613 devenerant,
3126 3531 3448 3613 ut_conﬂato

1860 3599 2147 3657 schismate
2171 3601 2526 3657 secessionem
2555 3602 2623 3654 ab
2650 3599 2889 3657 Ecclesia
2909 3602 3172 3657 catholica
3189 3601 3446 3667 facerent,

1861 3679 1913 3727 et
1939 3671 2233 3727 Ecclesium
2263 3671 2364 3726 sibi
2391 3686 2490 3725 seu
2518 3670 3006 3740 pseudoecclesiam
3059 3675 3452 3730 constituerent

1860 3743 2186 3815 peculiarem
2210 3758 2225 3807 ;
2256 3741 2499 3815 quamvis
2530 3740 2731 3815 pluries
2758 3742 2825 3795 ab
2854 3741 2994 3815 Asize
3019 3750 3074 3797 et
3100 3741 3292 3798 Africae
3335 3744 3450 3815 epi-

1861 3811 2164 3883 scopalibus
2184 3811 2425 3867 conciliis
2451 3811 2713 3883 damnati,
2743 3811 2988 3883 quamvis
3017 3811 3451 3883 perrtractoriam

1863 3879 2061 3954 Zosimi
2084 3883 2153 3954 ab
2173 3883 2421 3937 universa
2450 3879 2698 3954 Ecclesia
2718 3879 3075 3954 anathemate
3089 3881 3250 3954 plesi,
3281 3892 3337 3939 et
3355 3899 3451 3942 ec-

1860 3952 2161 4008 clesiastica
2200 3951 2578 4032 communione
2621 3952 2833 4032 privati,
2865 3951 3108 4032 quamvis
3147 3953 3308 4032 etiam
3337 3953 3449 4010 Au-

1860 4032 2163 4092 gustorum,
2187 4022 2488 4092 principum
2533 4021 2738 4088 legibus
2786 4021 2894 4076 non
2934 4023 3099 4092 semel
3129 4024 3224 4078 sed
3252 4024 3448 4081 iterato

1861 4091 2122 4154 mulctati,
2151 4091 2298 4147 Italia
2326 4091 2484 4163 pjilsi,
2512 4100 2563 4163 et
2582 4092 2776 4163 ubique
2803 4092 2962 4163 etiam
2986 4091 3448 4163 fueriiitexagita-

1863 4163 1921 4216 ti.
1949 4163 2070 4234 Ipsa
2097 4161 2723 4230 nainque’Pelagianisnii
2740 4162 2997 4234 ‘indoles,
3031 4171 3088 4216 ut
3115 4162 3205 4234 alii
3232 4161 3448 4234 quoque

1861 4229 2313 4296 animadvertunt,
2345 4248 2407 4286 ea
2429 4229 2562 4294 erat,
2593 4245 2713 4298 qua:
2731 4229 2966 4286 favorem
2997 4233 3181 4301 populi
3211 4229 3318 4288 non
3345 4229 3448 4289 sibi

1861 4303 2019 4358 facile
2038 4310 2378 4372 compararet
2405 4301 2467 4354 ad
2491 4301 2702 4372 plebem
2723 4301 2951 4370 aliquam
2975 4302 3296 4372 peculiarem
3332 4302 3444 4358 for-

1861 4373 2110 4427 mandam
2157 4381 2346 4426 contra
2385 4371 2679 4425 catholicos
2705 4388 2717 4422 :
2746 4386 2870 4424 nam
2917 4372 3017 4426 etsi
3055 4371 3207 4427 liberi
3238 4373 3446 4429 arbitrii

1859 4444 2004 4498 vires
2023 4458 2120 4512 pro
2150 4441 2391 4512 instituto
2415 4442 2534 4511 plus
2559 4455 2714 4512 aequo
2741 4440 3045 4512 extolleret,
3059 4457 3140 4512 ac
3169 4450 3441 4512 tueretur;

1861 4529 1969 4568 non
2010 4510 2131 4568 ideo
2161 4512 2210 4565 id
2235 4510 2446 4578 agebat,
2485 4518 2542 4564 ut
2569 4511 2816 4564 humana:
2841 4510 3190 4581 imbecillitati
3217 4511 3443 4581 faveret,

1861 4583 2007 4652 quod
2049 4581 2403 4636 multitudinis
2431 4588 2612 4634 votum
2639 4581 2690 4634 in
2729 4580 2882 4652 novis
2909 4582 3204 4652 orientibus
3231 4587 3298 4639 de
3319 4580 3446 4640 reli-P

1860 4650 2020 4722 gione
2047 4652 2497 4722 disputationibus
2537 4665 2659 4722 esse,
2679 4650 2835 4722 solet,
2858 4651 2952 4722 sed
2982 4653 3161 4721 potius
3188 4661 3248 4707 ut
3277 4655 3446 4710 vehe-

1857 4718 2087 4778 iiientius
2115 4718 2170 4777 et
2191 4723 2366 4776 acrius
2395 4723 2446 4775 in
2473 4721 2726 4776 socordes
2753 4718 3086 4776 Christianos
3115 4723 3434 4791 insurgeret,

1855 4795 1949 4863 qui
1983 4795 2266 4847 humanam
2317 4791 2736 4863 imbecillitatem
2774 4792 2826 4844 in
2857 4792 2998 4863 vitiis
3026 4794 3437 4860 protendebaiit,

1855 4860 1957 4920 nec
1981 4865 2123 4918 vires
2151 4863 2414 4934 proprias,
2438 4860 2592 4934 juxta
2620 4861 2758 4924 illos,
2781 4861 3102 4934 sentiebant,
3125 4863 3335 4934 quibus,
3357 4877 3444 4934 se-

1853 4935 2005 4990 cluso
2034 4930 2195 4989 etiam
2223 4930 2416 4986 divinis
2459 4933 2644 5000 gratia:
2688 4931 2906 4996 auxilio,
2939 4930 3157 5000 pessent
3183 4932 3250 4987 ad
3287 4930 3443 4988 Chri-

1853 5005 2042 5060 stiana:
2066 5005 2183 5058 vita:
2211 5001 2592 5073 perfectionem
2619 5000 3110 5073 contendereaNon
3141 5010 3258 5057 erat
3280 5001 3442 5072 igitur

1855 5091 1952 5130 cur
1980 5074 2191 5129 Nicetas
2212 5068 2577 5142 Aquileiensis
2616 5072 2720 5126 hoc
2754 5072 2873 5127 loco
2896 5068 3439 5141 Pelagianorum'me-

1857 5146 2110 5224 minisset_
2159 5145 2299 5224 inter
2327 5142 2805 5224 pseudoecclesias.
2834 5143 3237 5224 quas-exempli
3280 5158 3442 5224 causa

1855 5216 2188 5271 memorabat
2210 5215 2262 5284 iii
2284 5210 2642 5284 eiplicatione
2662 5211 2869 5284 articuli
2890 5211 2956 5266 de
2981 5210 3217 5284 Ecclesia
3255 5215 3444 5271 catho-

1854 5284 1978 5348 lica,
2003 5287 2211 5341 etiamsi
2240 5282 2511 5353 Pelagiani
2531 5283 2705 5353 reipsa
2724 5282 2777 5336 in
2806 5297 2902 5337 sua
2932 5283 3204 5352 provincia
3223 5299 3292 5340 eo
3309 5293 3444 5340 tem-

1856 5372 1990 5428 pore
2019 5357 2368 5428 exstitissent.

1929 5427 1998 5482 At
2039 5426 2339 5490 fueruntne,
2372 5422 2726 5493 Aquileiensis
2752 5421 2948 5478 Nicetis
2977 5431 3240 5493 tempore,
3289 5422 3444 5480 Pela-

1855 5497 1998 5566 giani
2028 5498 2262 5553 haeretici
2296 5497 2346 5550 in
2370 5495 2647 5565 provincia
2669 5493 3034 5564 Aquileiensi?
3061 5493 3172 5550 Hoc
3192 5495 3444 5550 nimirum

1861 5569 2233 5638 inquirendum
2264 5574 2429 5622 restat
2474 5581 2636 5638 super
2661 5566 2764 5638 hac
2807 5579 2884 5629 re,
2929 5574 2987 5620 ut
3016 5581 3172 5636 ptcna
3198 5566 3447 5638 undique

1860 5635 1948 5694 sit'
1969 5640 2034 5694 ad
2066 5639 2299 5694 Zabeum
2328 5636 2625 5706 responsio.
2659 5635 2802 5696 Inter
2829 5635 3152 5690 memoratas
3181 5635 3447 5706 Augusto-

1861 5725 1979 5765 rum
2003 5711 2147 5778 leges
2172 5704 2432 5763 adversus
2440 5704 2780 5778 Pelagianos,
2831 5706 2982 5762 adest
3008 5704 3320 5778 gonstitutio
3349 5707 3446 5762 sub

1860 5774 2079 5836 nomine
2101 5776 2455 5834 Valentiniani
2470 5776 2556 5841 lll,
2583 5774 2654 5832 ab
2675 5777 2792 5846 ejus
2814 5785 2985 5833 matre
3013 5774 3244 5833 Placidia
3269 5776 3445 5903 ΔιιΞὲ-

1861 5859 1945 5903 sta
1971 5858 2159 5903 contra
2187 5863 2282 5903 eos
2302 5849 2428 5903 lata.
2459 5862 2577 5903 auis
2596 5847 2722 5903 data
2751 5845 2849 5903 fuit
2868 5847 3124 5903 Acuileite
3153 5863 3293 5903 anno
3321 5846 3374 5902 4'
3422 5887 3438 5903 .

1861 5859 1945 5908 sta
1971 5858 2159 5908 contra
2187 5863 2282 5906 eos
2302 5849 2428 5916 lata,
2459 5862 2577 5919 quae
2596 5845 2722 5906 data
2751 5845 2849 5904 fuit
2868 5847 3124 5918 Aquileiae
3153 5863 3293 5906 anno
3321 5845 3438 5918 425,
