3974 6362
549 349 694 474 inea

1242 384 1307 443 P.
1347 379 1621 440 BRAIDE
1662 377 2116 439 DISSERTATIO
2151 375 2220 435 IN
2254 376 2313 434 S.
2352 375 2677 436 NICETAM.
2709 405 2781 422 —
2805 373 2963 435 CAP.
3000 375 3138 439 VIII.

3677 377 3810 440 tm

545 497 802 569 Aquileia:
829 495 1092 553 excidium
1115 536 1131 562 ,
1180 511 1248 551 an
1289 506 1438 568 post;
1483 511 1609 569 num
1642 494 1915 564 Aquilone,
1964 493 2122 569 anuin
2151 496 2196 555 Α
2229 493 2471 549 nonnihil
2498 494 2584 569 hic
2603 495 2724 550 data
2745 509 2910 569 opera
2933 493 3197 563 attingere
3219 490 3658 569 (quodsuperius
3673 510 3810 568 quo-

542 564 702 642 po'rtu
722 569 1064 642 ABomatino?
1109 564 1500 642 Distinguamus
1531 568 1756 636 primum
1788 572 2003 642 oportet
2031 564 2122 618 Ni-

543 637 677 698 cetae
721 639 930 694 libellos
977 653 1115 709 quos
1154 637 1386 709 scripsit
1413 638 1479 692 ad
1511 645 1896 709 competentes,
1948 637 2016 709 ab
2057 650 2125 709 eo

540 725 701 782 quem
722 705 1055 782 condiditqud
1091 709 1350 782 Virginem
1371 708 1571 782 lapsam
1585 707 1758 782 ;__d_um
1777 708 1928 782 enim
1959 705 2124 782 libelli

540 726 701 782 quem
722 726 959 766 conuiuii
989 726 1055 762 aa
1094 726 1350 832 Virginem
1371 726 1602 777 capram;
1632 726 1758 761 eum
1787 726 1928 761 enim
1960 726 2124 760 tlnetu

540 779 700 848 hujus
727 795 884 836 causa
915 779 1014 834 fuit
1043 795 1174 850 pecu
1201 782 1326 835 iaris
1354 778 1566 850 occasio
1595 778 1734 832 illius
1776 777 1935 850 lapsa:
1964 777 2125 850 virgi-

540 847 625 907 nis
653 850 998 918 objurgandae
1021 847 1054 915 ,⁷
1086 865 1205 920 quze
1250 849 1599 920 probabiliter
1639 847 1802 920 semel
1836 854 2052 920 tantum
2069 847 2124 901 in

539 927 657 977 toto
686 920 884 976 Nicetae
907 918 1117 990 triginta
1149 918 1408 974 annorum
1432 918 1722 989 episcopali
1753 919 2010 986 regimine
2041 918 2120 971 Ιο-

540 1007 663 1048 em
711 991 929 1054 habuit,
987 992 1246 1059 originem
1295 991 1368 1044 illi
1411 990 1715 1044 habuerunt
1753 1004 1820 1042 ex
1865 995 2123 1042 consueto

541 1062 832 1139 episcopali
854 1076 1075 1139 munere
1105 1060 1414 1116 instituendi
1432 1060 1718 1139 quotannis
1734 1060 1990 1139 appositis
2009 1073 2123 1111 ser-

542 1129 809 1194 monibus,
843 1132 1305 1203 appropinquante
1336 1129 1571 1203 paschali
1592 1129 1949 1188 solemnitate,
1980 1142 2124 1203 com-

543 1149 809 1194 monmus,
843 1149 1305 1256 apgropmquame
1336 1149 1571 1199 pascnan
1592 1149 1949 1188 SOIemlutatc,
1980 1149 2124 1182 com-

543 1211 795 1274 petentes
814 1202 881 1256 ad
944 1203 1247 1274 aptismum,
1273 1202 1364 1274 qui
1395 1201 1589 1272 passim
1620 1207 1747 1274 tunc
1784 1198 2040 1274 temporis
2067 1205 2124 1252 et

543 1267 611 1328 ex
639 1273 951 1342 gentilitate,
977 1267 1038 1327 et
1058 1288 1122 1326 ex
1145 1267 1439 1332 Judaismo,
1463 1281 1511 1342 et
1537 1286 1605 1325 ex
1623 1267 1937 1342 Christianis
1957 1269 2120 1322 etiam

539 1339 852 1413 parentibus
895 1345 947 1398 in
994 1342 1172 1413 adulta
1214 1351 1370 1413 aetate
1400 1341 1700 1395 veniebant.
1731 1339 1928 1394 Horum
1960 1353 2121 1413 porro

542 1407 923 1483 opusculorum
966 1412 1164 1483 Nicetiaz
1194 1412 1258 1466 ad
1296 1419 1663 1481 competentes
1703 1418 1880 1483 ortum
1905 1450 1920 1472 ,
1961 1407 2006 1462 Si
2035 1407 2120 1483 vel

537 1478 724 1554 primis
746 1485 1077 1552 aSsignemus
1105 1481 1296 1538 Nicone
1321 1478 1659 1554 episcopatus
1693 1481 1865 1554 anuis,
1890 1494 2004 1533 rem
2033 1478 2117 1554 di-

536 1548 706 1609 cimus
728 1548 882 1608 valde
902 1569 1193 1608 consonam
1228 1548 1454 1615 veritati,
1490 1548 1748 1619 valdeque
1777 1550 1974 1604 Nicetae
2000 1548 2116 1618 epi-

538 1626 740 1694 scopali
772 1624 887 1679 zelo
909 1623 1332 1694 convenientem,
1359 1623 1453 1694 qui
1467 1630 1613 1676 certe
1636 1621 1902 1694 pastorale
1923 1634 2118 1694 munus

537 1709 568 1748 a
597 1690 1011 1758 competentiqu
1042 1694 1200 1747 etiam
1233 1690 1564 1746 institutione
1593 1690 1790 1745 adoriri
1819 1690 2022 1745 debuit.

609 1765 833 1832 Quinam
865 1781 990 1820 vero
1012 1763 1241 1818 habendi
1279 1771 1404 1818 sunt
1422 1763 1577 1832 primi
1620 1761 1816 1832 Nigeue
1835 1760 2117 1830 episcopa-

2225 580 2329 638 que.
2357 565 2523 638 semel
2553 575 2713 638 atque
2743 567 2935 638 iterum
2968 580 3065 638 pro
3092 578 3156 638 re
3185 572 3308 638 nata
3343 566 3525 621 obiter
3565 581 3632 621 ex
3663 565 3811 638 parte

2224 636 2274 707 al
2297 650 2401 704 qua
2435 635 2630 692 factum
2663 636 2780 707 fuit)
2811 636 2878 690 de
2895 636 3152 704 Aquileiae
3175 635 3322 690 urbis
3349 643 3493 689 statu
3518 649 3648 706 post
3667 635 3809 704 ejus-

2223 705 2345 761 dem
2375 707 2672 764 excidium.
2705 705 2769 762 et'
2795 715 2911 761 toto
2945 720 3012 761 eo
3059 707 3273 773 triginta
3309 705 3580 760 annorum
3615 711 3806 776 spatio,

2224 791 2332 849 quo
2374 776 2588 832 Nicetas
2618 778 2750 849 vixit
2783 777 3088 846 episcopus.
3128 775 3394 849 Quidquid
3432 777 3600 846 igitur
3651 775 3808 849 Aqui-

2223 845 2326 901 leia
2357 857 2533 918 capta,
2565 845 3168 916 crudelissimus’egerit
3194 845 3513 918 Hunnorum
3538 863 3637 904 rex
3676 845 3808 908 ferro

2224 925 2385 986 atque
2413 919 2551 986 igne,
2582 919 2818 974 aedibus
2847 933 2910 973 ac
2933 918 3134 981 minis;
3167 934 3272 971 non
3300 917 3373 973 ita
3400 927 3587 972 tamen
3620 918 3673 973 in
3697 936 3806 976 eam

2222 988 2463 1042 s'evitum
2481 1004 2729 1058 umquam
2752 988 3063 1051 arbitrarer,
3083 996 3141 1042 ut
3162 989 3346 1044 urbem
3368 987 3802 1054 munitissimam.

2223 1058 2622 1129 amplissimam,
2657 1074 2720 1114 ac
2761 1058 3258 1129 populosissimam,
3301 1059 3523 1126 qualem
3570 1060 3807 1117 historici

2221 1136 2434 1201 veteres
2474 1127 2774 1201 Aquileiam
2798 1127 3152 1201 describunt.
3203 1129 3434 1198 publicis
3474 1130 3810 1201 privatisque

2220 1197 2459 1253 aedificiis
2504 1199 2840 1254 solidissimis
2889 1197 3217 1254 instructam
3248 1207 3416 1268 atque
3473 1197 3803 1268 confertam,

2221 1277 2383 1339 prout
2403 1277 2526 1338 post
2553 1277 2633 1322 tot
2670 1270 2860 1325 saecula
2889 1269 3081 1323 rudera
3113 1269 3278 1339 ipsius
3310 1284 3434 1338 quae
3463 1270 3653 1327 adhuc
3680 1272 3805 1326 eflo-

2221 1337 2439 1393 diuntu’r
2467 1339 2789 1404 ostendunt,
2815 1339 2932 1393 solo
2958 1337 3172 1408 penitus
3199 1337 3494 1408 aequaverit
3513 1377 3531 1403 ,
3564 1350 3622 1394 et
3661 1341 3803 1397 inha-

2220 1408 2494 1464 bitabilem
2534 1410 2754 1464 omnino
2783 1409 3093 1464 reddiderit.
3122 1409 3236 1465 Hoc
3270 1410 3528 1464 nimirum
3561 1410 3803 1470 immensi

2220 1487 2338 1533 erat
2371 1479 2552 1549 operis
2593 1495 2658 1536 ac
2690 1480 2920 1544 laboris,
2950 1481 3145 1549 quibus
3169 1480 3380 1534 etiamsi
3412 1479 3674 1536 sufﬁcere
3697 1481 3800 1538 for-

2219 1556 2362 1604 tasse
2382 1551 2642 1620 potuisset
2667 1551 2956 1604 immensus
2978 1551 3180 1620 pariter
3207 1550 3570 1605 barbarorum
3593 1555 3796 1608 exerci-

2221 1626 2336 1692 tus,
2364 1617 2612 1692 sumcere
2639 1620 2792 1692 illum
2817 1636 2922 1674 non
2943 1617 3153 1692 sinebat
3183 1635 3248 1676 ea
3274 1621 3557 1692 praedm-di
3588 1637 3801 1692 pra-gre-

2216 1688 2503 1762 di_endqique
2519 1691 2742 1762 cupido,
2765 1707 2870 1760 qua
2898 1693 2948 1745 in
2979 1691 3112 1762 alias
3137 1688 3351 1760 quoque
3377 1688 3627 1748 Venetiae
3647 1688 3802 1762 afane

2220 1759 2453 1831 Emiliie
2480 1761 2726 1816 civitates
2754 1759 2992 1831 princeps
3029 1759 3317 1828 ferebatur,
3342 1763 3655 1831 quibusque
3686 1759 3798 1819 exi-

541 1830 816 1924 t‘usa'nni?
837 1833 953 1916 .lam
981 1830 1649 1924 eruimusActmjeel‘uris‘egt
1677 1831 1926 1924 Ecclesiae
1947 1832 2110 1924 etiam
2143 1862 2188 1924 Β
2218 1830 2366 1924 tium.
2395 1832 2641 1924 similiter
2679 1831 2859 1924 intulit
2903 1830 3093 1924 eodem
3135 1832 3251 1901 ipso
3292 1848 3438 1924 armo
3653 1832 3796 1924 .Qua:

536 1904 893 1975 Aquileiensis
936 1904 1295 1959 monumentis
1325 1903 1537 1975 petitis,
1567 1903 1806 1958 Nicetam
1837 1909 2105 1975 nostrum,

533 1972 656 2031 ante
699 1991 816 2030 ua:n
846 1975 912 2029 ad
937 1975 1294 2046 episcopalem
1335 1974 1727 2042 Aquileiensem
1758 1972 1941 2027 sedem
1971 1987 2108 2026 cou-

533 1991 832 2099 scenderet.
866 2062 1028 2099 unum
1060 2043 1283 2099 fortasse
1327 2043 1490 2098 fuisse
1519 2059 1584 2098 ex
1621 2042 1969 2097 auxiliaribus
2005 2040 2108 2097 Ec-

531 2040 832 2108 sceuderet,
866 2040 1028 2100 unum
1060 2040 1283 2101 fortasse
1327 2040 1490 2098 fuisse
1519 2059 1584 2098 ex
1621 2042 1969 2097 auxiliaribus
2005 2040 2108 2097 Ec-

535 2116 712 2172 clesiae
739 2116 1094 2185 Aquileiensis
1123 2116 1409 2185 episcopis,
1442 2114 1532 2184 qui
1563 2113 1628 2167 ad
1660 2111 2108 2185 portumuﬂoma-

532 2187 702 2242 tinum
743 2183 973 2249 sederet,
1025 2183 1202 2254 ibique
1246 2183 1474 2240 visarias
1520 2191 1704 2254 ageret
1736 2183 2109 2254 Aquileiensis

533 2257 773 2326 episcopi
818 2267 1000 2327 partes
1041 2252 1488 2327 infamplis~imte
1519 2252 1775 2327 diceet-sis
1821 2252 2102 2327 regimine,

533 2322 832 2397 antequam
851 2326 1136 2396 peculiaris
1156 2322 1494 2396 epiScopatus
1508 2322 1924 2397 Concurdieusis
1945 2334 2107 2397 atque

534 2393 696 2479 etiam
723 2393 1470 2479 Caprulainus‘efsurgerentj
1494 2395 1635 2476 unde
1669 2393 2104 2479 llomat'ianzeci-

531 2468 714 2549 vitatis
741 2464 1023 2549 episcopus
1038 2464 1396 2549 3113:3ng
1420 2465 1526 2549 dici
1549 2465 1738 2549 potuit,
1771 2473 1825 2518 et
1849 2465 1924 2549 ita
1942 2464 2105 2519 etiam

531 2554 562 2593 a
594 2535 874 2594 Genna'dio
897 2535 1394 2607 appelﬁﬁ._Quidui
1419 2536 1578 2604 igitur
1600 2537 1683 2607 vel
1703 2544 1846 2598 tunc,
1877 2535 2104 2607 ideoque

528 2608 583 2666 in
606 2620 763 2680 portu
795 2605 1168 2680 Romatinomc
1198 2606 1525 2680 probabilius
1565 2606 1723 2680 otium
1753 2614 1877 2659 ante
1910 2605 2101 2680 Attila-

529 2675 656 2735 nuin
686 2678 944 2747 Aquileiae
997 2675 1261 2734 excidium
1287 2717 1301 2740 ,
1338 2676 1624 2747 scripserit
1653 2675 1865 2747 Nieetas
1893 2691 1985 2730 sex
2017 2677 2101 2747 in-

529 2745 844 2805 alructionis
874 2748 1082 2804 libellos
1108 2747 1535 2814 competentibus
1563 2746 1629 2800 ad
1659 2746 2012 2814 baptismum?
2032 2745 2102 2800 At

526 2819 572 2876 si
597 2836 683 2876 res
703 2819 916 2889 quidem
940 2819 1010 2873 ita
1032 2834 1091 2874 se
1121 2818 1352 2889 habuit,
1386 2818 1641 2889 terminus
1677 2817 2017 2889 nihilominus
2041 2815 2102 2868 ti-

525 2888 734 2961 gendus
757 2889 981 2961 videtur,
1013 2905 1106 2944 seu
1131 2888 1388 2961 temporis
1411 2888 1613 2961 epocba
1643 2888 1949 2961 statuenda,
1977 2901 2101 2942 ante

524 2957 684 3030 quam
711 2960 920 3016 libellus
940 2961 1130 3015 saltem
1166 2957 1370 3030 Nicetae
1404 2959 1620 3027 quintus
1642 2957 2099 3030 deSymbofoor-

529 3029 640 3085 tum
671 3030 920 3086 habuisse
951 3047 1056 3085 non
1108 3031 1300 3097 potuit.
1335 3029 1572 3084 Vidimus
1614 3029 1816 3083 scilicet
1863 3029 2099 3083 libellum

524 3099 727 3171 Nicetm
773 3101 1020 3171 quintum
1067 3101 1130 3155 de
1170 3099 1434 3171 Symbolo,
1477 3106 1531 3153 et
1570 3108 1754 3168 aperte
1784 3099 2099 3171 meminisse

524 3115 727 3156 mcette
772 3115 1020 3224 animum
1067 3115 1130 3155 ae
1170 3115 1434 3171 aymoom,
1477 3115 1531 3153 et
1570 3115 1754 3168 aperte
1795 3115 2098 3153 meminisse

523 3169 744 3226 breresis
818 3173 1135 3239 utvchianae,
1168 3179 1221 3224 et
1250 3170 1491 3226 eamdem
1520 3184 1738 3238 quoque
1781 3170 2098 3223 insectatum

2251 1909 2436 1973 ropter
2453 1904 2788 1957 combustam
2814 1903 2935 1958 licet
2955 1917 3305 1973 eversamque
3323 1902 3626 1958 dixerimus
3645 1904 3802 1973 Aqui-

2233 1972 2370 2027 eiam
2401 1976 2560 2044 212
2593 1973 2934 2056 exJAttilana
2962 1971 3230 2056 feritate,
3249 1974 3669 2056 atque.civibus

2211 2057 2392 2124 etiam,
2424 2043 2736 2124 ᾳῦῷπιίιῃ
2765 2044 2937 2124 necati
2961 2043 3181 2124 fuerint,
3208 2043 3398 2113 partim
3427 2043 3482 2098 in
3511 2045 3801 2124 captivita-

2209 2120 2318 2168 tem
2341 2113 2572 2178 abducti,
2602 2114 2793 2183 partim
2817 2114 2936 2182 fuga
2958 2113 3182 2182 dispersi
3203 2131 3217 2178 ;
3238 2129 3343 2168 non
3364 2129 3485 2168 eam
3517 2113 3703 2170 tamen
3724 2117 3800 2173 ita

2208 2191 2532 2309 prostratam
2553 2184 2932 2267 deiectamque
2961 2183 3349 2252 intelligamus,
3381 2193 3440 2239 ut
3467 2200 3596 2240 mox
3614 2227 3633 2248 ,
3668 2185 3798 2269 Bar-

2248 2269 2355 2308 aris
2392 2269 2459 2308 ex
2488 2253 2637 2309 ltaha
2685 2255 2876 2309 eodem
2917 2270 3035 2309 ipso
3079 2254 3293 2309 labente
3339 2269 3482 2309 anno
3514 2268 3756 2309 egressis
3779 2298 3797 2309 .

2248 2254 2355 2325 aris
2392 2269 2459 2308 ex
2485 2253 2637 2325 italia
2685 2253 2876 2325 eodem
2917 2255 3035 2325 ipso
3079 2254 3293 2309 labente
3339 2269 3482 2309 anno
3514 2257 3756 2323 egressis
3779 2298 3797 2323 ,

2209 2323 2405 2394 civium
2441 2323 2623 2394 plures
2661 2339 2693 2379 e
2739 2324 2858 2394 fuga
2901 2323 3125 2380 reduces
3147 2325 3290 2379 illam
3325 2325 3516 2380 iterum
3545 2327 3798 2384 incolere

2209 2392 2385 2468 aliqua
2406 2392 2600 2468 saltem
2616 2411 2680 2448 ex
2699 2392 2851 2468 parte
2866 2411 2972 2450 non
2994 2396 3289 2468 potuerint,
3305 2395 3668 2468 eamdemque
3688 2414 3798 2455 non

2207 2467 2380 2519 multo
2395 2474 2531 2538 post
2554 2464 2734 2538 aliquo
2767 2466 2928 2538 etiam
2965 2464 3125 2538 modo
3152 2466 3476 2538 instaurare,
3509 2464 3621 2521 illis
3649 2482 3797 2538 quo-

2207 2547 2320 2606 que
2342 2535 2532 2606 adjuva
2560 2535 2718 2591 :Lbus
2743 2536 2834 2605 qui
2853 2576 2868 2599 ,
2901 2535 3062 2606 Attila
3093 2535 3391 2606 insequenti
3411 2551 3551 2592 anno
3583 2552 3620 2591 e
3659 2535 3797 2595 rivis

2207 2605 2440 2670 sublato,
2475 2604 2910 2676 fractoque’inde
2940 2604 3252 2661 Hunnorum
3283 2607 3538 2676 imperio,
3571 2607 3797 2664 int-oln—

2203 2690 2320 2748 mes
2341 2676 2640 2748 demumqad
2668 2677 2867 2748 patrias
2886 2676 3042 2748 sedes
3065 2691 3097 2731 e
3115 2677 3420 2748 captivitate
3446 2689 3792 2735 remearunt.

2275 2746 2531 2816 Aquileize
2553 2746 2717 2802 fatain
2745 2756 2953 2803 veteres
2973 2747 3212 2803 historici
3239 2747 3667 2818 descripserunt,
3689 2766 3796 2806 non

2205 2832 2268 2898 ea
2291 2827 2468 2900 tamen
2489 2818 2812 2900 narrationis
2831 2818 3209 2900 consensione,
3233 2826 3292 2900 ut
3318 2818 3631 2900 disputari!“
3659 2835 3794 2876 eon-

2196 2887 2544 2958 jectandique
2572 2888 2746 2944 locum
2769 2888 2999 2958 posteris
3028 2904 3134 2943 non
3178 2887 3510 2958 reliquerint.
3533 2888 3790 2947 Mur-ato—

2202 2959 2352 3020 rius,
2386 2957 2784 3013 in’Annalibus’
2810 2958 2973 3014 Italiae
3011 2959 3076 3014 ad
3110 2957 3309 3013 annum
3345 2957 3476 3024 4942,
3523 2959 3791 3018 historica

2201 3037 2548 3100 monumenta
2566 3030 2720 3084 atfert
2741 3029 2992 3100 nonnulla
3007 3030 3075 3085 de
3085 3029 3340 3099 Aquileia:
3359 3029 3566 3085 excidio
3587 3047 3604 3092 ;
3631 3033 3788 3100 plura

2200 3113 2332 3154 Vero
2356 3099 2682 3155 clarissimus
2703 3099 2778 3154 De
2804 3099 3005 3155 Rubeis
3039 3100 3091 3155 in
3121 3100 3587 3155 dissertationibus
3614 3099 3788 3158 Varia

2202 3167 2560 3240 Eruditionis,
2593 3170 2768 3240 capite
2799 3169 2887 3234 20,
2923 3187 3070 3226 num.
3100 3171 3164 3233 5,
3197 3171 3285 3225 ubi
3317 3171 3692 3240 peculiariter,
3733 3183 3788 3229 et

525 3239 581 3323 fu
604 3257 690 3297 sse
732 3242 1016 3323 ipsissimis
1040 3258 1070 3297 a
1096 3242 1219 3294 divo
1269 3239 1447 3323 Leone
1495 3239 1684 3308 Magno
1714 3239 1981 3323 adhibitis
2010 3256 2096 3322 ra-
2123 3241 2167 3304 C,
2203 3239 2269 3322 ad
2294 3239 2928 3323 rernnostraniappo‘site
2948 3241 3306 3323 inqui-riguae
3321 3239 3379 3295 in
3401 3242 3514 3323 ioco
3538 3239 3783 3323 Nicetiu-

525 3309 1078 3377 tionumiuomentis,
1118 3326 1326 3366 necnon
1357 3320 1411 3366 et
1452 3326 1590 3380 pene
1617 3310 1793 3364 verbis
1838 3309 1996 3379 ipsis,
2044 3311 2096 3364 in

523 3382 724 3438 celebri
763 3399 857 3437 sua
887 3383 952 3437 ad
997 3382 1305 3436 Flavianum
1348 3381 1573 3452 epistola
1599 3422 1614 3445 ,
1644 3381 2097 3452 _qu:e__communi

524 3453 854 3508 eruditorum
903 3453 1110 3509 calculo
1139 3453 1262 3506 data
1307 3448 1403 3506 fuit
1446 3467 1586 3506 anno
1636 3448 1748 3504 449.
1781 3450 1896 3504 Non
1941 3451 2100 3519 igitur

520 3531 647 3578 ante
667 3539 865 3578 annum
896 3524 1141 3580 emndem
1189 3520 1292 3576 449
1320 3523 1477 3579 scribi
1511 3523 1683 3591 potuit
1721 3538 1750 3576 a
1791 3521 1968 3575 Niceta
1999 3535 2098 3573 no-

523 3601 637 3648 stro
675 3593 885 3650 libellus
918 3595 1106 3648 saltem
1136 3594 1355 3664 quinlus
1383 3593 1447 3647 de
1476 3592 1752 3664 Symbolo,
1776 3593 1825 3664 si,
1850 3592 2098 3664 eumdem

522 3664 736 3733 §cripsit
760 3673 884 3720 ante
914 3663 1204 3718 Attilanum
1236 3663 1382 3718 urbis
1401 3663 1757 3726 excidium,et
1784 3663 1828 3718 si
1860 3663 1914 3718 in
1938 3671 2098 3732 portu

523 3731 812 3815 Retnatino
855 3735 1096 3815 positus,
1140 3734 1259 3815 ΞΜ.
1289 3735 1564 3815 auxiliaris
1618 3733 1860 3815 episcOpi
1904 3731 2099 3787 munus

524 3803 696 3871 egerit
734 3802 1090 3870 Aquileiensis
1137 3803 1416 3868 Ecclesiae;
1449 3805 1546 3856 nisi
1591 3804 1772 3872 potius
1811 3803 2051 3857 dicamus
2078 3844 2094 3870 ,

524 3881 649 3944 post
674 3875 976 3944 evulgatam
1018 3875 1189 3929 sancti
1225 3873 1417 3928 Leonis
1465 3873 1636 3944 Magni
1677 3873 1743 3928 ad
1786 3872 2097 3944 Flavianum

523 3943 828 4012 epistolam,
863 3944 1102 4000 Nicetam
1146 3945 1435 3999 inseruisse
1465 3943 1644 3998 libello
1673 3959 1771 3997 suo
1799 3944 1987 4012 quinto
2035 3943 2099 3998 de

524 4011 792 4082 Symbolu,
833 4032 861 4068 a
893 4031 951 4070 se
970 4017 1082 4084 jam
1114 4015 1318 4083 pridem
1355 4013 1620 4079 confecto,
1652 4029 1714 4070 ea
1750 4011 1870 4082 qua:
1898 4014 1963 4067 ad
1995 4029 2097 4068 no-

519 4097 642 4138 vam
681 4086 924 4141 haeresim
954 4101 1022 4140 ex
1051 4085 1242 4140 eadem
1285 4085 1510 4156 epistola
1540 4084 1948 4140 confodiendam
1976 4099 2098 4156 spe-

514 4161 746 4210 ctarent.

587 4224 726 4292 Quid
755 4242 884 4296 vero
903 4227 948 4282 si
971 4227 1181 4284 Nicetas
1201 4233 1403 4291 noster,
1433 4233 1557 4280 ante
1577 4226 1896 4296 capessitum
1925 4224 2094 4294 Aqui-

522 4294 741 4368 leiensis
769 4295 1024 4354 Ecclesiae
1052 4301 1450 4368 episcopatum,
1475 4294 1761 4367 episcopus
1790 4296 2097 4351 nullatenus

517 4367 722 4420 sederit
751 4369 802 4421 in
833 4379 988 4438 portu
1021 4368 1306 4422 Romatino
1338 4384 1434 4438 pro
1479 4377 1838 4438 antecessore,
1872 4383 1966 4438 seu
1997 4381 2095 4418 an-

517 4437 878 4507 tecessoribus
899 4440 1079 4507 episco
1121 4441 1164 4493 is
1200 4437 1666 4506 Aquileiensibos?
1695 4437 1842 4492 Tunc
1882 4437 2096 4490 Nicetas

516 4505 884 4576 episcopatum
908 4505 1062 4563 init-it
1085 4505 1489 4577 Aquileiensem
1508 4507 1722 4561 biennio
1745 4515 1950 4560 tantum
1975 4516 2097 4576 post

515 4577 665 4632 Urbis
687 4578 972 4642 excidium,
1000 4576 1366 4634 annoscilicet
1393 4576 1514 4636 454.
1550 4578 1776 4646 ideoque
1804 4585 2091 4646 antequam

2201 3312 2430 3365 inriserit
2457 3311 2750 3365 Adeodatus
2793 3311 3047 3366 Romana:
3086 3311 3336 3367 Ecclesia:
3382 3312 3683 3377 diaconus,
3715 3314 3782 3369 de

2199 3394 2308 3454 quo
2342 3381 2393 3435 in
2430 3384 2699 3454 pnecitala
2732 3380 2837 3454 divi
2875 3380 3068 3454 Leonis
3099 3396 3252 3454 papa:
3290 3381 3355 3435 ad
3389 3381 3638 3438 Nicetam
3673 3385 3786 3454 epi-

2199 3451 2338 3525 stola
2358 3468 2372 3511 ;
2389 3460 2446 3505 et
2467 3468 2534 3505 an
2560 3451 2706 3525 illum
2732 3451 2975 3525 ioviserit
3001 3451 3266 3525 Aquileiae,
3285 3468 3397 3524 qua
3413 3451 3782 3525 minuerit-

2198 3523 2367 3592 spatio
2395 3531 2510 3592 post
2535 3521 2732 3576 cladem
2760 3522 3045 3576 Atttlunum
3057 3521 3360 3578 instaurata
3394 3524 3585 3590 fuerit!
3605 3523 3775 3578 Mura-

2201 3591 2326 3645 tOrii
2351 3591 2615 3647 sontentia
2645 3601 2748 3652 est,
2780 3593 3076 3662 Aquileiam
3106 3593 3281 3662 reipsa
3312 3601 3459 3656 tunc,
3489 3594 3691 3649 saltem
3716 3611 3780 3650 ex

2199 3673 2375 3787 Barte,
2407 3671 2760 3718 restauratam
2783 3661 2976 3727 fuisse;
3007 3664 3138 3718 alias
3178 3661 3308 3718 vero
3354 3663 3477 3718 aliis
3517 3666 3776 3732 tempori-

2239 3748 2298 3786 us
2322 3748 2532 3787 passam
2557 3733 2716 3787 fuisse
2741 3733 2953 3787 ruinas.
2983 3749 3013 3787 e
3039 3734 3233 3787 auibus
3257 3733 3472 3787 demum
3501 3749 3774 3787 emergere

2239 3748 2298 3786 us
2322 3748 2532 3803 passam
2557 3733 2716 3804 fuisse
2741 3733 2922 3787 ruinas
2938 3774 2953 3798 ,
2983 3749 3013 3789 e
3039 3734 3233 3804 quibus
3257 3733 3472 3804 demum
3501 3749 3774 3798 emergere

2200 3818 2308 3858 non
2338 3804 2530 3873 potuit.
2562 3803 2638 3858 De
2675 3803 2876 3860 Rubris
2910 3803 3072 3870 vero,
3095 3813 3218 3874 post
3258 3803 3449 3858 allatas
3488 3804 3770 3860 historico-

2199 3888 2316 3943 rum
2345 3875 2726 3937 auctoritates,
2758 3874 2823 3927 ad
2852 3890 2970 3930 eam
2999 3874 3234 3939 tandem,
3255 3889 3417 3943 quam
3447 3874 3783 3931 ultimoloeo

2200 3941 2719 4017 afl'er_t,_Liutprandi
2761 3943 3057 4017 Tie‘nensis
3089 3941 3300 4002 diaconi
3329 3960 3396 4001 ac
3421 3954 3626 4017 postea
3666 3946 3785 4017 epi-

2198 4015 2347 4086 scopi
2362 4015 2759 4080 Cremonensis,
2774 4016 2863 4084 qui
2886 4017 3080 4072 szecido
3100 4017 3309 4072 decimo
3329 4016 3564 4086 scripsit,
3581 4023 3644 4069 et
3660 4015 3785 4084 {rin-

2199 4084 2664 4158 ditusdiuipatam
2694 4102 2726 4138 a
2753 4103 2872 4158 rege
2895 4087 3057 4140 Attila
3081 4087 3366 4158 Aquileiam
3393 4084 3662 4158 asseruit,
3689 4103 3788 4143 nec

2197 4154 2410 4223 ulterius
2438 4156 2719 4220 eleuatum;
2750 4154 2908 4210 ideo
2943 4172 3103 4212 sensu
3138 4154 3173 4210 'a
3203 4156 3535 4223 Liutprando
3575 4157 3788 4213 dictum

2196 4222 2226 4298 ί
2255 4226 2360 4298 isse
2381 4228 2485 4291 ait,
2520 4241 2641 4298 non
2665 4225 3030 4298 quodreapse
3066 4222 3352 4298 numquam
3384 4225 3635 4295 Aquileia
3668 4237 3790 4298 post

2198 4294 2487 4368 Attilanam
2529 4294 2736 4368 cladem
2777 4294 2970 4350 eleuata
3009 4296 3192 4358 fuerit,
3215 4294 3317 4368 sed
3351 4294 3555 4368 (quod
3587 4294 3791 4368 nempe

2201 4366 2267 4438 ad
2290 4368 2511 4438 primam
2544 4367 2762 4438 redierit
2801 4382 3087 4438 numquam
3118 4365 3572 4438 magnitudinem,
3610 4365 3790 4435 neque

2197 4436 2269 4490 ita
2294 4436 2534 4506 potuerit
2556 4436 2867 4502 instaurari,
2902 4445 2960 4491 ut
2985 4453 3104 4493 cum
3127 4437 3242 4491 aliis
3264 4438 3529 4506 reparatis
3550 4438 3792 4492 civitati-

2198 4507 2297 4562 bus
2324 4507 2554 4562 conferri
2596 4516 2804 4575 posset,
2847 4523 2912 4563 ac
2953 4509 3002 4562 in
3046 4508 3260 4562 Venetia
3292 4507 3464 4577 provi.
3489 4509 3572 4562 cia
3621 4517 3793 4576 caput

2197 4578 2424 4645 erigere.
2449 4598 2467 4628 ι
2495 4577 2790 4631 lnstaurata
2821 4578 2998 4647 itaque
3019 4587 3164 4633 recte
3183 4578 3390 4633 censeri
3413 4587 3597 4646 potest
3622 4577 3794 4646 Aqui-

513 4626 1365 4728 anaja'gsaa'snagsj{an};
1386 4626 1925 4728 έσέέι-εῖοῑρένῑζέ
1938 4626 2091 4716 “ad:
2119 4626 2174 4688 υ
2200 4626 3004 4728 tesserariam;atati};
3020 4626 3598 4728 satiassatias;
3621 4626 3793 4706 ῑξιῖέῑιι

513 4718 651 4790 priis
669 4719 857 4779 ruinis.
890 4734 954 4776 ac
989 4718 1340 4790 probabiliter
1367 4727 1652 4790 antequam
1677 4734 1707 4772 e
1734 4718 2089 4790 barbarorum

511 4789 828 4859 captivitate
867 4788 1089 4846 reduces
1115 4789 1365 4859 adessent
1405 4788 1773 4858 Aquileienses
1814 4788 1990 4851 cives,
2021 4788 2089 4843 de

511 4858 705 4928 quibus
733 4867 951 4915 sanctus
983 4860 1090 4914 Leo
1132 4858 1354 4927 Magnus
1383 4859 1434 4912 in
1471 4860 1698 4928 epistola
1737 4859 1802 4912 ad
1841 4859 2089 4928 eumdem

513 4925 753 4985 Nicetam
777 4946 920 4984 anno
940 4928 1061 4994 458,
1094 4930 1160 4984 de
1187 4925 1292 4997 qua
1321 4925 1566 4999 superius
1594 4930 1794 4984 dictum
1824 4929 1941 4981 fuit.
1968 4925 2086 4982 Pri-

510 5001 612 5069 mie.
637 5001 795 5068 igitur
813 4999 1168 5069 Aquileiensis
1191 5001 1530 5069 episcopatus
1552 4999 1948 5069 Nicetaeannis,
1967 5006 2091 5067 post

510 5067 768 5137 Aquileia:
792 5067 1077 5132 excidium,
1097 5080 1151 5126 et
1177 5067 1296 5141 pust
1317 5067 1512 5124 annum
1536 5069 1660 5134 45’s,
1678 5068 1942 5141 referendi
1965 5077 2092 5141 tunc

509 5150 635 5211 sunt
663 5156 758 5194 sex
785 5141 924 5196 illius
961 5141 1028 5197 ad
1057 5139 1428 5211 competentes
1470 5140 1831 5196 instructiOnis
1873 5139 2083 5211 libelli:

509 5208 576 5264 de
605 5211 798 5278 quibus
843 5208 1198 5266 nihilominus
1222 5212 1400 5268 adhuc
1427 5211 1722 5274 incertum,
1766 5225 1892 5264 num
1923 5210 2086 5278 Aqui-

509 5279 627 5334 leia:
654 5281 817 5336 habiti
845 5281 1066 5347 fuerint,
1099 5299 1166 5337 an
1189 5283 1345 5346 alibi,
1378 5290 1433 5337 et
1461 5283 1513 5336 in
1549 5298 1690 5335 novo
1719 5281 1952 5335 maxime
1975 5279 2086 5333 Ro-

509 5351 714 5422 matino
745 5360 936 5421 portu,
979 5369 1073 5407 seu
1106 5354 1283 5422 potius
1325 5354 1543 5408 civitate
1574 5351 1919 5414 Romatiana,
1965 5367 2087 5419 qua:

506 5418 618 5494 jam
646 5437 677 5476 e
704 5418 1022 5494 concordia:
1044 5418 1334 5494 portusque
1356 5425 1560 5478 veteris
1583 5422 1872 5494 llomatini
1894 5418 2081 5494 ruinis,

509 5491 788 5562 utriusque
835 5491 1276 5548 incolis'ihidem
1338 5494 1558 5550 aflluent
1579 5493 1706 5556 bus,
1759 5493 2087 5548 sufficienter

510 5561 836 5634 adoleverit;
868 5572 924 5617 et
947 5565 1034 5619 ubi
1059 5564 1270 5620 Nicetas
1298 5565 1483 5634 primis
1507 5565 1850 5634 episcopatus
1881 5565 1960 5616 sui
1983 5579 2081 5616 an-

510 5632 612 5705 nis,
634 5632 885 5705 Aquileia
908 5635 1083 5691 adhuc
1104 5632 1336 5701 jacente,
1367 5632 1699 5705 frequentius
1719 5641 2085 5690 commoratus

510 5699 671 5825 gerit
693 5699 888 5825 {laude
931 5699 1149 5776 quoque
1176 5699 1508 5761 Romatianie
1539 5705 1770 5763 civitatis
1801 5707 2084 5776 episcopus

567 5786 617 5825 et
646 5787 714 5825 no
742 5789 794 5825 ιιι
823 5813 837 5825 .

567 5781 617 5827 ct
646 5781 837 5829 notuit.

585 5787 617 5827 ιι
682 5787 837 5829 οιιιιι.

585 5787 814 5900 luptauta
836 5859 1017 5902 rerum
1037 5845 1433 5914 iucertitudine,
1467 5862 1576 5906 non
1604 5847 1958 5920 incongruum
1981 5845 2086 5903 erit

2194 4718 2581 4789 civibus_ruina
2623 4719 2820 4789 elapsis
2865 4720 3121 4774 habitata.
3167 4719 3279 4772 Hoc
3317 4727 3500 4772 tamen
3533 4734 3638 4789 rec
3681 4731 3794 4774 tam

2193 4790 2373 4859 subito
2403 4786 2514 4842 fieri
2545 4786 2728 4858 potuit
2735 4829 2750 4853 ,
2794 4789 2995 4843 viribus
3019 4790 3385 4844 deficientibus
3413 4788 3574 4842 simul
3622 4799 3796 4859 atque

2189 4858 2463 4930 operibus,
2489 4874 2664 4926 neque
2690 4868 2838 4913 tanta
2859 4859 3153 4922 celeritate,
3184 4868 3240 4913 ut
3261 4859 3523 4927 temporis
3542 4858 3794 4930 spatium

2193 4929 2406 4998 aliquod
2426 4970 2440 4993 ,
2474 4937 2529 4983 et
2555 4930 2686 4984 satis
2714 4930 2927 4998 quidem
2950 4930 3241 4990 diutinum,
3275 4946 3382 4985 non
3406 4929 3796 4986 intercesserit

2194 5001 2262 5053 ab
2288 5000 2498 5054 excidio
2520 5000 2636 5069 ipso
2659 5001 2724 5054 ad
2746 5015 2863 5054 eam
2885 5015 3275 5070 quamcumque
3301 5001 3792 5064 instaurationem,

2193 5084 2296 5141 qua
2322 5071 2513 5124 merito
2537 5070 2804 5125 diceretur
2822 5085 2892 5126 ex
2923 5070 3087 5141 priori
3108 5071 3411 5126 solitudinis
3436 5080 3609 5141 atque
3637 5073 3799 5127 exci—

2193 5139 2265 5194 dii
2296 5148 2438 5194 statu
2469 5153 2702 5208 egressa.

2264 5209 2402 5277 Quid
2427 5212 2583 5278 igitur
2608 5219 2714 5265 tam
2739 5211 3060 5273 verosimile,
3085 5226 3244 5279 quam
3265 5222 3323 5266 ut
3343 5211 3564 5267 Nicetas
3592 5214 3800 5281 primis

2194 5282 2537 5350 episcopatus
2565 5281 2645 5334 sui
2695 5281 2850 5335 annis
2876 5282 2965 5335 vix
3003 5281 3262 5349 Aquileiae
3286 5282 3523 5345 sederit,
3556 5292 3618 5336 et
3658 5284 3800 5340 alibi

2231 5352 2392 5416 otios,
2426 5367 2489 5407 ac
2513 5351 2742 5406 maxime
2764 5351 2816 5406 in
2837 5351 3056 5406 civitate
3082 5350 3417 5415 Romatiana,
3443 5352 3801 5421 frequentia

2216 5422 2388 5476 ’uerit?
2426 5421 2481 5477 Si
2531 5422 2645 5477 ha‘c
2697 5421 3032 5492 conjectandi
3078 5422 3216 5476 ratio
3266 5437 3370 5476 non
3419 5424 3796 5492 improbatur,

2191 5503 2366 5556 certe,
2390 5493 2532 5562 quod
2564 5493 2755 5564 attinet
2776 5494 2840 5564 ad
2874 5491 3068 5564 Nieeuc
3098 5493 3308 5546 libellos
3337 5508 3430 5548 sex
3453 5491 3527 5564 ad
3553 5509 3801 5564 compe-

2193 5571 2401 5626 tentes,
2428 5579 2523 5618 eos
2561 5563 2765 5618 facilius
2790 5562 2959 5617 dixeri
3019 5579 3082 5617 us
3115 5567 3166 5616 in
3198 5564 3417 5618 civitate
3450 5562 3802 5620 anatiana

2191 5643 2369 5689 ortum
2394 5634 2641 5688 habuisse
2667 5649 2828 5703 quam
2852 5633 3137 5702 Aquileize,
3171 5633 3259 5688 ubi
3290 5633 3668 5703 probabiliter,
3688 5634 3798 5689 Ki-

2190 5716 2308 5760 ceta
2332 5705 2397 5759 ad
2421 5705 2790 5775 episcopatum
2817 5713 3118 5775 assumpto,
3151 5714 3202 5758 et
3227 5720 3397 5760 sacrm
3425 5705 3598 5760 adhuc
3638 5704 3802 5764 aedes

2190 5773 2506 5846 reparandas
2527 5773 2700 5836 erant,
2733 5783 2788 5846 et
2807 5774 2908 5829 alia
2932 5773 3183 5846 Ecclesiae
3208 5775 3453 5836 aedilicia,
3480 5785 3541 5830 ut
3561 5777 3798 5846 episeo-

2189 5845 2359 5918 pium,
2403 5846 2720 5906 clericorum
2747 5845 3015 5903 domicilia
3033 5885 3049 5912 ,
3095 5847 3484 5904 monasterium
3514 5845 3800 5920 virumn,
