3936 6368
400 383 533 444 1071

1093 368 1154 430 Ρ.
1193 365 1476 428 ΒΒΑῘῢιΕ
1513 367 1967 426 DISSERTATIO

2107 367 2168 424 S.
2208 367 2536 424 NICETAM.
2564 397 2636 410 -—
2661 365 2820 426 CAP.
2859 364 2998 426 VIII.

3545 367 3690 426 1073

396 513 463 568 ge
491 494 693 568 distare
736 486 1038 568 videantur,
1079 485 1123 540 si
1151 483 1384 566 maxime
1410 489 1645 568 βοηὲίιιν
1685 497 1795 568 εξοτξ
1826 488 1983 568 amo:
2011 481 2064 544 Α
2090 487 2170 568 PF,
2187 479 2428 568 Primi?
2444 479 2684 568 εςτιξτεε
2712 477 3374 568 ρρίρίοηίρέιξιῆὶῖξοεξιῐιι
3396 495 3495 568 .5“
3523 479 3691 568 Ni???

396 551 599 636 grapha
622 559 726 636 _il_la
756 572 873 612 esse
889 598 917 636 _,_
947 556 1041 636 sed
1085 555 1266 636 potius
1304 551 1631 625 apographa,
1664 561 1724 606 ut
1763 551 1830 608 de
1872 551 1984 607 suis

396 626 759 694 Florentinius
779 626 1120 704 conjiciebat.
1174 697 1185 704 _
1473 695 1483 704 .
1707 701 1714 704 Δ
1917 693 1948 704 Δ.

467 705 662 761 Nicetis
694 701 860 752 nostri
889 697 1144 752 sanctitas
1173 697 1382 765 itaque,
1413 695 1576 750 etiam
1606 710 1674 749 ex
1703 701 1811 748 tam
1840 695 1984 748 anti-

322 798 332 838 ι
391 792 498 847 qua
516 773 697 847 ipsius
723 769 961 847 nominis
979 768 1030 820 in
1058 767 1451 847 Martyrologiis
1481 765 1862 847 vetustioribus
1891 781 1984 819 ac-

391 836 656 903 cessione,
689 839 886 895 clarius
914 838 1168 893 elucescit
1191 836 1208 902 ;"
1236 838 1306 890 ita
1329 848 1387 890 ut
1419 852 1522 891 non
1554 836 1820 890 immerito
1849 850 1984 890 con-

390 915 656 987 jiciamus,
699 911 946 966 eumdem
985 924 1107 987 cum
1151 907 1456 987 sanctitatis
1485 907 1652 960 odore
1681 905 1821 987 apud
1859 920 1986 960 suos

391 975 449 1042 ct
476 995 692 1041 exteros
719 994 935 1050 quoque
964 994 1029 1032 ex
1060 979 1162 1033 hac
1186 978 1293 1030 vita
1322 975 1986 1050 migrasse,_eumdemque

432 1064 679 1123 raptet-ea
715 1046 811 1120 pro
849 1046 1390 1123 illorunrtemporutn
1432 1063 1579 1100 more
1607 1046 1986 1123 interemhtes

432 1073 679 1123 ropterea
715 1073 811 1120 pl‘t)
850 1073 1060 1102 Itlul'uul
1093 1073 1389 1117 wulpm‘ulu
1432 1073 1579 1100 Iliun:
1610 1073 1752 1100 mtcr
1779 1073 1986 1101 unum:

390 1073 654 1186 Eabituzn,
679 1124 830 1188 cujus
859 1121 1116 1172 memoria
1147 1134 1270 1172 cum
1303 1118 1422 1171 aliis
1451 1117 1650 1172 sanctis
1673 1116 1801 1188 viris
1829 1132 1988 1188 supe-

390 1197 554 1254 rioris
579 1187 758 1248 aetatis
779 1190 1060 1244 recolenda
1084 1199 1224 1243 esset
1245 1189 1296 1242 in
1321 1189 1408 1242 die
1433 1187 1797 1242 anniversaria
1821 1187 1988 1256 depo-

390 1265 603 1323 sitionis
645 1264 802 1316 illius.
838 1259 978 1313 Nihil
1005 1267 1088 1314 est
1125 1261 1210 1314 hic
1237 1259 1382 1327 quod
1411 1259 1670 1312 addamus
1705 1257 1773 1312 de
1801 1258 1987 1326 appel-

390 1336 684 1394 lationibus
707 1331 870 1392 beati,
900 1347 964 1384 ac
991 1331 1182 1394 sancti,
1215 1339 1520 1398 sanctarquc
1549 1329 1824 1382 memoria:
1851 1328 1982 1395 viri,

387 1407 588 1478 quibus
615 1399 1032 1478 nomenNiceta:
1072 1401 1240 1478 nostri
1272 1400 1323 1453 in
1353 1398 1747 1478 Martyrologtis
1777 1399 1844 1478 de
1867 1400 1988 1478 qui-

391 1469 493 1534 bus
531 1475 764 1529 diximus
808 1473 1140 1526 bonestatur.
1201 1469 1319 1539 Ipsa
1368 1469 1601 1523 nominis
1656 1469 1881 1538 alicujus
1933 1470 1985 1523 in

390 1543 790 1618 Martyrologiis
819 1541 1085 1604 recensio,
1119 1540 1279 1596 etiam
1309 1541 1511 1618 absque
1539 1539 1661 1618 ullo_
1683 1555 1778 1594 seu
1819 1539 1982 1618 beati,

391 1634 490 1674 seu
535 1611 731 1677 sancti,
755 1629 851 1667 seu
892 1620 1089 1666 sanctae
1129 1612 1400 1665 memoriae
1431 1611 1720 1678 pneconio,
1753 1611 1884 1664 satis
1921 1611 1987 1666 de

392 1689 536 1744 illius
567 1687 663 1740 viri
705 1683 990 1738 sanctitate
1025 1690 1252 1735 testatur
1283 1700 1294 1733 :
1328 1690 1382 1736 et
1423 1681 1494 1734 ita
1533 1695 1746 1749 quoque
1775 1679 1987 1735 Nicetas

393 1767 579 1814 noster
609 1755 658 1810 in
690 1754 865 1808 allatis
888 1753 939 1807 in
964 1751 1140 1806 fronte
1163 1751 1320 1819 hujus
1341 1752 1459 1805 libri
1484 1750 1986 1820 Martyrologiorum

393 1825 714 1884 testimoniis
757 1831 1090 1878 nuncupatus
1125 1823 1447 1890 quandoque
1476 1829 1736 1891 apparet;
1781 1821 1987 1875 scilicet

392 1899 449 1954 in
477 1895 857 1967 Martyrologio
897 1891 1205 1967 Gellonensi
1235 1911 1264 1946 a
1298 1892 1560 1967 _D_ache_rio
1593 1891 1757 1967 edito,
1800 1899 1856 1945 et
1882 1893 1988 1946 cir-

391 1986 456 2025 ca
486 1962 684 2022 annum
714 1964 818 2019 804
847 1963 1174 2031 conscripto,
1208 1971 1266 2017 ut
1294 1963 1434 2017 idem
1465 1962 1516 2015 in
1547 1962 1754 2017 monito
1785 1977 1988 2031 praece-

389 2039 540 2095 denti
574 2034 977 2095 animadvertit,
1012 2032 1102 2086 ubi
1131 2033 1444 2102 simpliciter
1470 2032 1613 2086 Nic-we
1641 2033 1877 2101 episcopi
1921 2032 1988 2086 ad

394 2127 430 2165 x
475 2109 582 2163 kal.
613 2106 737 2162 Julii
778 2106 980 2160 mentio
1009 2112 1110 2158 est.
1157 2103 1472 2172 Hujusmodi
1520 2103 1679 2172 hodie
1721 2104 1989 2172 praeconia

391 2177 693 2235 communis
731 2184 856 2231 sunt
897 2190 1020 2228 usus
1060 2176 1112 2227 in
1161 2171 1544 2244 Martyrologio
1591 2171 1844 2244 Romano
1882 2188 1990 2241 quo

395 2252 598 2305 utimur
621 2266 634 2312 ;
669 2247 764 2302 sed
788 2262 893 2300 non
926 2247 998 2299 ita
1024 2245 1151 2297 olim
1181 2241 1321 2312 apud
1343 2259 1531 2298 omnes
1559 2243 1778 2298 omnino
1804 2241 1989 2298 Eccle-

391 2321 502 2376 sias
529 2338 542 2372 :
574 2318 891 2386 quinimmo,
923 2313 1164 2386 quodtad
1195 2314 1338 2386 beati
1353 2315 1450 2386 _vel
1469 2314 1650 2386 sancti
1679 2328 1988 2386 pncriornen

391 2381 732 2462 potissimum
770 2381 995 2462 spectat,
1021 2381 1785 2462 admonuitudoctissimus;vir
1819 2381 1988 2462 Joanj

392 2453 491 2516 bes
531 2459 767 2528 Baptista
795 2455 1148 2528 Sol_lerius__in
1187 2454 1396 2528 erudita
1438 2469 1534 2528 sua
1566 2453 1876 2522 pnclatione
1921 2454 1988 2508 ad

393 2522 838 2596 Martyrologium
873 2524 1147 2596 υεοιιιιιξὶίΚ
1173 2524 1401 2596 articulo
1435 2522 1486 2588 4,
1519 2538 1640 2596 qua:
1679 2532 1856 2578 exstat
1905 2533 1989 2596 to-

393 2617 486 2656 rno
519 2594 606 2661 Vl,
642 2594 795 2669 parte
820 2613 836 2650 ι
863 2594 1006 2669 Junii
1037 2594 1391 2669 Bollandiani,
1424 2595 1568 2664 quod
1590 2603 1794 2669 quanto
1815 2594 1990 2650 rarius

395 2665 773 2744 amsancti
803 2666 888 2720 vel
917 2665 1059 2718 beati
1111 2680 1419 2744 praenomen
1457 2665 1786 2744 _apponitur,
1834 2673 1988 2744 tanto

393 2735 589 2810 meo
620 2747 887 2810 vetustate
919 2744 1178 2810 prazstant
1206 2735 1719 2810 tnartyrologiorum
1747 2735 1984 2810 codices,

391 2803 690 2867 Fatendum
719 2803 1065 2862 nihilominus
1104 2803 1655 2875 arbitror,'pr.econia
1685 2803 1988 2872 hujusmodi

395 2883 560 2938 etiam
603 2881 658 2935 in
697 2877 929 2946 antiquis
957 2875 1353 2947 Martyrologiis
1399 2875 1988 2947 adhibita_ad__sancto-

395 2968 515 3008 rum
544 2945 898 3019 quorumdam
947 2945 1183 3019 nomina,
1215 2945 1501 3019 quamdam
1535 2945 1884 3019 probabiliter
1907 2947 1989 2999 in-

396 3015 582 3080 dicare
630 3018 942 3076 eorumdem
987 3017 1264 3071 nominum
1315 3015 1576 3085 majorem
1620 3015 1986 3070 celebritatem

374 3109 466 3150 ac
529 3091 971 3162 perspectiorem
999 3087 1310 3162 eorumdem
1354 3087 1659 3162 sanctitatis
1717 3087 1982 3162 notitiam,

437 3155 693 3218 uzc'hisc'e
722 3158 1141 3229 appellationum
1175 3157 1567 3229 adjectionibus
1587 3155 1986 3229 quodammodo

437 3227 844 3318 isli=.'%"€=.‘ml“i‘-
866 3227 1304 3318 Carmeius:
1325 3227 1640 3318 inlaesi:
1663 3227 1984 3318 “BE?1‘3'E§97
2011 3255 2058 3318 c

397 3321 495 3362 nes
537 3297 680 3359 beati
720 3317 784 3357 ac
827 3300 1016 3361 sancti,
1063 3301 1202 3354 sicut
1236 3299 1398 3353 etiam
1443 3307 1644 3354 sancta:
1688 3297 1980 3362 memoriae,

396 3392 508 3431 non
537 3383 620 3429 est
647 3388 746 3428 cur
773 3373 826 3426 in
852 3371 1123 3426 veteribus
1161 3369 1554 3440 Martyrologiis
1589 3367 1987 3440 distinctionem

397 3446 734 3514 requiramus
757 3441 1070 3514 textvigenti
1100 3456 1248 3514 nunc
1283 3437 1314 3493 ιι
1348 3437 1587 3514 pluribus
1629 3437 1986 3514 sacculis_Ec-

397 3508 697 3571 clesiastica
737 3508 1036 3582 disciplina,
1082 3526 1188 3582 qua
1213 3511 1379 3582 “beati
1418 3509 1699 3582 inferiores
1738 3508 1906 3577 gradu
1956 3525 1988 3582 ιι

397 3587 602 3642 sanctis
625 3579 914 3640 censentur
939 3582 989 3635 in
1017 3579 1183 3637 cultu.
1212 3580 1382 3636 Voces
1401 3581 1544 3634 enim
1570 3579 1703 3634 beati
1731 3595 1795 3634 ac
1822 3581 1990 3634 sancti

397 3657 540 3727 apud
578 3664 790 3727 veteres
831 3651 1291 3727 indiscriminatim
1338 3652 1688 3727 sumebantur
1739 3649 1806 3703 ad
1853 3650 1990 3727 indi-

397 3721 603 3782 candos
624 3726 856 3792 insignes
885 3723 1081 3776 virtute
1104 3722 1266 3782 viros,
1296 3721 1398 3792 qui
1413 3721 1772 3792 censebantur
1795 3721 1990 3774 cteliti-

397 3797 502 3852 bus
536 3791 774 3864 ascripti,
822 3801 880 3864 ut
923 3793 1131 3864 erudite
1161 3807 1278 3864 rem
1309 3791 1612 3864 btljusmodj
1657 3791 1991 3864 illustrarunt

399 3858 736 3921 Fontaninus
757 3865 808 3917 in
833 3863 1208 3918 dissertatione
1236 3861 1303 3915 de
1329 3858 1530 3916 sancto
1575 3859 1736 3915 Petro
1788 3858 1988 3915 Urseo-

400 3937 477 3999 lo,
509 3937 684 4005 capite
722 3931 810 3998 25,
839 3931 1145 4005 Mazocbiits
1173 3931 1241 4005 de
1277 3939 1586 3987 sanctorum
1625 3931 1990 4005 Neapolitanum

399 3999 654 4064 Ecclesiae
681 4005 1059 4073 episc0porum
1091 4000 1270 4064 Cultu,
1297 4010 1449 4073 parte
1473 4019 1528 4066 ιι,
1560 3999 1812 4072 capites,
1835 4016 1983 4073 nunt.

398 4076 453 4142 2,
487 4069 833 4132 annotatione
862 4069 948 4136 30,
981 4089 1083 4128 nec
1110 4089 1216 4127 non
1245 4069 1310 4127 et
1329 4069 1649 4128 Benedictus
1680 4087 1815 4140 papa
1847 4069 1982 4136 XIV,

397 4147 454 4201 in
485 4147 744 4218 prreclarc
771 4159 938 4218 opere
967 4145 1034 4218 de
1060 4158 1337 4218 servorum
1367 4142 1460 4198 Dei
1499 4142 1904 4199 Beatilicatione
1932 4153 1988 4198 et

399 4213 680 4274 beatorum
707 4213 1144 4276 Canonizatione,
1171 4213 1386 4283 aliique.

472 4286 1003 4342 Animadversionem
1025 4294 1201 4339 tamen
1230 4285 1318 4338 hic
1338 4284 1676 4341 dissimulare
1705 4303 1810 4344 non
1841 4292 1984 4354 licet,

443 4373 524 4412 ua:
553 4356 667 4430 ﬁeri
691 4358 831 4430 solet
852 4373 883 4410 a
916 4356 1044 4410 viris
1072 4354 1378 4410 clarissimis
1417 4371 1554 4425 pene
1581 4359 1862 4430 omnibus,
1895 4361 1988 4430 qui

447 4428 618 4483 aronii
647 4429 956 4495 opinionem
995 4433 1371 4496 oppugnarunt
1397 4441 1558 4496 super
1581 4427 1684 4483 hoc
1714 4427 1988 4486 Romatia-

399 4513 485 4554 me
509 4494 742 4553 civitatis
765 4494 1241 4568 episcopo’Niceta
1269 4511 1298 4548 a
1334 4494 1614 4552 Gennadio
1643 4511 1944 4557 memorato
1968 4519 1983 4568 ;

397 4568 502 4622 rati
533 4569 800 4632 nimirum,
830 4583 934 4620 non
958 4567 1350 4633 Aquileiensem
1379 4576 1642 4630 nostrum,
1663 4571 1756 4624 sed
1787 4567 1984 4628 Dacum

399 4638 551 4693 illum
578 4638 757 4704 fuisse,
790 4631 1143 4705 eamdemque
1165 4644 1448 4706 propterea
1475 4640 1563 4706 qui
1587 4655 1616 4692 a
1637 4650 1825 4695 sancto
1859 4643 1988 4696 Pau-
2015 4631 2066 4694 D

398 4707 511 4781 lino
538 4709 746 4781 Nolano
769 4707 1115 4781 totlaudibus
1139 4707 1458 4781 celebratur.
1487 4707 1542 4762 ln
1567 4708 1977 4781 Martyrologiis,

398 4779 669 4851 inquiunt,
720 4778 802 4851 ad»
826 4777 967 4831 diem
1009 4776 1209 4851 x,_k_a_l.
1250 4775 1394 4851 Julii,
1431 4794 1548 4851 non
1581 4775 1780 4834 Niseia:
1817 4775 1982 4851 Aqui;

375 4847 615 4922 .leiensis
642 4849 843 4922 mentio
863 4856 962 4910 est,
983 4847 1084 4922 _s_ed
1124 4847 1321 4922 Niceuc
1351 4847 1403 4902 in
1431 4848 1589 4922 Dacia
1621 4851 1858 4922 episcopi
1883 4847 1901 4904 Ξ
1926 4859 1980 4907 et

379 4921 474 4990 ita
502 4919 809 4990 accipienda
834 4927 959 4990 sunt
982 4917 1356 4990 Martyrologia
1383 4917 1693 4990 vetustiora,
1718 4917 1835 4990 qua:
1853 4923 1980 4977 sim—

379 4987 852 5072 pliciter'NiceLe
873 4987 1130 5071 episcOpi'
1158 4988 1346 5072 eodem
1383 4989 1469 5072 die
1499 4987 1896 5072 meminerunt;
1927 5002 1982 5048 et

399 5057 472 5115 ita
497 5075 711 5130 quoque
736 5057 1206 5130 posteriora,’qua:
1248 5057 1576 5115 Romatianae
1603 5069 1697 5115 aut
1725 5057 1981 5118 Romanae

397 5129 650 5195 civitatis,
683 5129 776 5186 aut
807 5129 1248 5200 Romatianensis
1265 5131 1499 5200 episcopi
1525 5132 1736 5186 titulum
1759 5133 1981 5190 addide-

398 5209 544 5256 runt.
571 5201 920 5273 Ad‘eamdem
949 5201 1090 5273 diem
1121 5200 1174 5254 in
1205 5198 1595 5273 Martyrologiis
1624 5204 1824 5258 mentio
1843 5219 1980 5273 quo-

398 5217 544 5256 rum.
571 5217 648 5255 ao
677 5217 920 5256 eamoem
949 5217 1090 5255 mem
1121 5217 1174 5254 m
1205 5217 1595 5324 martyromgns
1624 5217 1824 5258 mentio
1843 5219 1980 5273 quo-

396 5287 505 5341 que
529 5280 611 5327 est
640 5270 847 5326 Paulini
877 5270 1066 5341 Nolani
1092 5289 1105 5324 :
1139 5270 1224 5324 cui
1253 5273 1320 5341 ad
1360 5271 1463 5326 itus
1481 5281 1766 5341 propterea
1789 5275 1980 5330 merito

386 5339 605 5408 censeri
628 5350 807 5411 potest
831 5342 994 5396 etiam
1027 5340 1234 5395 Nicetas
1251 5339 1441 5403 Dacus,
1469 5339 1596 5410 quia
1615 5343 1774 5397 ambo
1794 5344 1981 5399 viven-

399 5419 483 5466 tes
527 5413 737 5467 fuerant
765 5412 996 5467 amicitia
1025 5411 1462 5478 conjunctissimi,
1496 5421 1551 5467 et
1589 5413 1714 5480 quia
1757 5413 1981 5471 fortasse

399 5482 516 5555 dies
537 5484 748 5546 natalis,
776 5499 873 5537 seu
901 5483 1094 5545 obitus,
1127 5481 1284 5555 hujus
1325 5481 1521 5537 Nicetxe
1563 5483 1982 5555 Dacimartyro-

398 5553 536 5623 logis
577 5563 884 5622 compertus
929 5569 1035 5606 non
1065 5560 1199 5606 erat.
1245 5551 1360 5621 Ipsa
1393 5569 1621 5622 namque
1643 5551 1839 5608 Nicetis
1860 5551 1982 5609 'Da-

399 5638 587 5678 cormn
613 5624 847 5694 episcopi
887 5624 1104 5694 mentio,
1136 5637 1254 5694 quae
1293 5623 1453 5694 bodie
1479 5625 1530 5678 in
1563 5623 1808 5679 Romano
1835 5625 1978 5680 Mar-

400 5692 668 5765 tyrologio
699 5695 892 5765 legitur
919 5693 986 5747 ad
1025 5692 1164 5765 diem
1191 5693 1240 5765 A7
1263 5692 1550 5765 Januarii.
1604 5702 1686 5749 cst
1716 5697 1984 5764 posterior

402 5763 660 5836 gdditiota
701 5764 932 5836 Baronio
963 5779 1059 5836 pro
1089 5763 1310 5836 arbitrio
1353 5763 1491 5836 facta
1535 5766 1588 5819 in
1617 5763 1983 5836 Martyrologii

400 5833 633 5888 Romani
661 5834 990 5898 recensione,
1019 5832 1278 5902 Gregorio
1310 5835 1422 5889 χιιι
1450 5851 1659 5891 summo
1690 5832 1942 5906 pontiﬁce
1968 5855 1980 5903 ;

2092 549 2220 612 tam,
2267 550 2601 605 Romatianze
2639 551 2871 605 civitatis
2911 549 3241 620 episcopum,
3277 550 3478 607 habere
3517 554 3695 610 voluit

2088 637 2190 692 pro
2219 621 2377 676 Nicea
2406 637 2500 678 seu
2522 621 2728 684 Niceta,
2757 621 3011 694 episcopo
3033 620 3382 694 Aquileiensi.
3410 621 3568 690 Quod
3599 625 3696 694 igi-

2089 690 2178 764 tur
2205 702 2575 760 argumentum
2611 690 2913 747 sanctitatis
2935 706 3043 764 pro
3073 690 3258 764 Niceta
3299 701 3487 749 nostro
3514 690 3695 764 Aqui-

2088 762 2278 834 leiensi
2317 779 2528 834 sumere
2567 778 2848 832 possumus
2887 760 2954 818 ex
2996 760 3409 834 Martyrologiis,
3446 760 3699 834 quaeaut

2089 833 2404 903 simpliciter
2428 833 2688 898 Nicetam,
2713 833 3043 903 episcOpum,
3075 832 3168 887 aut
3192 832 3696 898 Nicetiana—Roma-

2090 904 2266 1030 tialrtgc?
2282 905 2513 960 civitatis
2552 905 2882 976 episcopum,
2925 903 3180 959 exhibent
3218 904 3286 960 ad
3321 905 3464 962 diem
3504 923 3541 962 x
3581 906 3694 962 kal.

2128 991 2157 1029 ll
2183 993 2216 1029 ll
2247 1017 2258 1029 .

2128 976 2216 1029 ulii
2241 979 2266 1029 ἱ)

2162 1046 2230 1100 At
2255 1045 2675 1117 viritclarissimi
2715 1044 2952 1117 adversm
2999 1047 3280 1117 sententiae
3320 1056 3699 1117 propugnato-

2069 1115 2196 1178 res,
2229 1117 2320 1184 qui
2349 1115 2428 1172 Ge
2453 1117 2706 1178 madium,
2751 1116 3020 1171 dicentem
3059 1115 3698 1182 Nicetam,‘Romatianaa

2090 1186 2320 1241 civitatis
2349 1187 2678 1256 episcopum,
2711 1187 2983 1256 explicare
3011 1187 3295 1242 voluerunt
3333 1203 3396 1242 ac
3439 1189 3486 1244 si
3525 1190 3698 1245 dixis-

2091 1266 2169 1312 set
2202 1257 2442 1329 Nicetam
2474 1258 2525 1312 in
2560 1258 2739 1322 Dacia,
2773 1258 3084 1329 episcopum
3113 1259 3347 1312 civitatis
3376 1259 3540 1324 illius,
3573 1275 3700 1329 qua:

2091 1343 2198 1381 non
2230 1328 2548 1382 Romatiana
2577 1329 2812 1397 quidem,
2854 1328 2947 1382 sed
2983 1328 3088 1383 alio
3121 1344 3228 1384 non
3258 1329 3550 1384 admodum
3581 1328 3698 1386 dis-

2091 1397 2249 1452 simili
2282 1399 2440 1452 modo
2473 1414 2504 1453 a
2544 1398 2894 1464 scriptoribus
2933 1405 2988 1452 et
3024 1400 3386 1454 monumentis
3415 1400 3699 1457 veteribus

2091 1468 2232 1540 dicta
2257 1467 2374 1540 fuit,
2407 1469 2483 1523 uti
2513 1484 2611 1540 suo
2641 1469 2760 1540 loco
2782 1469 3042 1540 vidimus;
3070 1467 3451 1540 Martyrologia
3472 1485 3700 1540 quoque

2091 1539 2280 1612 eadem
2309 1537 2571 1612 Gennadii
2603 1539 2764 1594 verba
2813 1539 3120 1612 referentia,
3151 1537 3342 1612 eadem
3371 1537 3700 1612 explicatio-

2092 1625 2161 1663 ne
2189 1609 2393 1680 donare
2420 1609 2741 1680 debuerunt,
2774 1618 2934 1680 atque
2975 1610 3028 1664 in
3077 1611 3323 1666 eumdem
3364 1609 3589 1668 sensum
3618 1613 3698 1668 si-

2091 1679 2202 1752 mul
2233 1680 2543 1752 pertrahere
2577 1679 2953 1752 Martyrologia
2985 1681 3302 1744 vetuStiora,
3333 1697 3454 1752 quae
3482 1683 3699 1752 simpli-

2092 1749 2227 1804 citer
2253 1749 2480 1815 Niceue;
2513 1749 2772 1820 episcopi,
2813 1751 2879 1805 ad
2917 1752 3160 1805 eamdem
3189 1752 3330 1806 diem
3351 1749 3392 1806 ἰ
3425 1752 3536 1808 kal.
3569 1749 3700 1810 Julii

2092 1821 2471 1904 meminerunt.
2501 1820 2698 1903 Verum
2737 1821 2862 1891 quid
2893 1822 3019 1904 n_ovi
3053 1823 3106 1876 in
3142 1823 3246 1904 hac
3269 1822 3337 1878 de
3368 1821 3699 1904 Martyrolof

2091 1891 2194 2014 Eiis
2239 1891 2739 1956 animadversione,
2790 1892 2937 1961 quod
2982 1901 3254 1947 mereatur
3285 1891 3561 1963 expendi?
3591 1895 3698 1962 Qui

2142 1962 2428 2014 ennadium
2459 1964 2706 2014 suoerius
2726 1971 2914 2014 contra
2941 1964 3158 2014 eosdem
3198 1964 3343 2014 viros
3362 1964 3698 2014 clarissimos

2142 1962 2428 2033 ennadium
2459 1964 2706 2033 superius
2726 1971 2914 2033 contra
2941 1964 3158 2017 eosdem
3198 1964 3343 2018 viros
3361 1962 3700 2021 clarissimus

2093 2031 2501 2104 explicavimus,
2528 2031 2801 2104 dicentem
2831 2032 3069 2088 Nicetam
3111 2036 3421 2104 episcopum
3457 2036 3700 2091 civitatis

2093 2101 2465 2175 Boniatianzc;
2498 2105 2657 2175 221
2685 2103 3062 2175 Martyrologia
3089 2101 3313 2174 quoque
3333 2105 3589 2160 similiter
3610 2106 3702 2162 ha-

2093 2171 2294 2235 bentia,
2325 2171 2788 2244 eodem—semion
2816 2171 3155 2244 interpretati
3175 2171 3376 2240 sumus,
3401 2184 3461 2230 ut
3487 2177 3580 2231 hic
3608 2193 3702 2232 ac-

2092 2251 2206 2314 t_um
2250 2258 2430 2312 agere,
2464 2243 2972 2314 Martyrologiorum
2995 2260 3176 2311 causa,
3207 2261 3430 2302 necesse
3462 2262 3571 2300 non
3603 2248 3698 2302 sit.

2091 2311 2297 2368 Caetera
2327 2328 2456 2368 vero
2489 2311 2618 2394 qua);
2646 2311 2935 2394 adduntur,
2957 2331 3128 2394 luem
3169 2324 3295 2371 sunt
3333 2317 3702 2394 conjectatio-

2091 2399 2206 2458 nes,
2249 2399 2368 2458 quae
2402 2384 2887 2458 conjectationihus
2921 2385 3040 2442 aliis
3076 2394 3259 2458 atque,
3299 2387 3355 2442 ni
3387 2386 3568 2453 lallor,
3612 2404 3701 2444 va-

2093 2453 2393 2518 lidioribus,
2428 2455 2582 2510 facile
2620 2455 2910 2510 eliduntur.

2161 2523 2239 2579 Ac
2279 2527 2488 2592 primo:
2522 2525 2752 2580 vidimus
2796 2526 2985 2582 deesse
3024 2527 3223 2583 Nicetze
3263 2528 3595 2584 mentionem
3624 2529 3692 2586 ad

2092 2593 2233 2671 diem
2263 2595 2425 2671 x_ka|.
2451 2594 2575 2650 Julii
2606 2596 2659 2650 in
2687 2597 3047 2671 vetustissimo
3087 2597 3510 2671 Hieronymiano
3551 2598 3687 2655 Mar-

2093 2664 2378 2738 tyrologio,
2411 2681 2510 2721 nec
2535 2681 2642 2720 non
2673 2667 2962 2738 etinﬁaliis
2989 2684 3109 2738 quae
3139 2664 3366 2724 subinde
3392 2671 3696 2738 generatim

2093 2735 2375 2791 citavimus
2417 2751 2485 2791 ex
2531 2745 2676 2791 tomo
2706 2737 2772 2792 ΙΙΙ
2804 2735 3063 2794 Thesauri
3109 2740 3235 2795 novi
3286 2735 3700 2796 Anehdotorum

2092 2804 2342 2879 Martenij
2385 2817 2441 2879 et
2485 2806 2722 2879 Durandi
2749 2827 2762 2861 :
2791 2809 2987 2878 quibus
3025 2825 3165 2866 nunc
3203 2810 3440 2879 adjicere
3476 2826 3699 2878 aequum

2091 2882 2200 2940 est,
2230 2883 2286 2949 et
2311 2875 2475 2949 B_e_dae_
2496 2875 2938 2949 Martyrologium
2985 2875 3286 2949 genui-num
3322 2897 3445 2936 cum
3489 2875 3701 2936 addita-

2091 2946 2291 3016 mentis
2337 2946 2376 3000 F
2383 2947 2481 3002 lori
2529 2946 2740 3004 diaconi
2781 2946 3036 3005 distincto
3083 2951 3397 3007 charactere
3444 2952 3696 3016 excusis,

2091 3016 2234 3087 apud
2251 3015 2552 3087 tAgiolngos
2579 3018 2960 3075 Bollandianos
2982 3030 3128 3076 torno
3162 3020 3204 3076 ll
3244 3020 3452 3087 Martii;
3493 3031 3552 3077 et
3585 3021 3697 3082 Ra:

2090 3085 2216 3140 bani
2246 3085 2717 3158 Martyrologium,
2749 3090 2894 3159 quod
2923 3091 3150 3147 habetur
3180 3092 3232 3146 in
3269 3085 3550 3148 Thesauro
3579 3091 3702 3147 Mo-

2091 3166 2490 3232 numentorum,
2523 3159 2638 3232 sive
2667 3160 2808 3216 inter
2829 3159 3111 3232 Lectiones
3131 3163 3379 3232 antiquas
3395 3162 3608 3218 Canisii
3626 3179 3700 3219 ex

2091 3228 2331 3303 editione
2362 3228 2640 3303 Basnagii,
2681 3239 2830 3303 tonio
2871 3230 2950 3298 ll,
2997 3241 3152 3302 parte
3189 3228 3278 3299 ιι,“
3293 3248 3412 3303 pag.
3460 3232 3600 3299 5N;
3641 3243 3700 3290 et

2093 3297 2458 3373 Wa_nd_a_l_ber_ti
2488 3297 2941 3373 Martyrologium
2959 3297 3246 3373 metricum
3264 3343 3280 3368 ,
3293 3297 3308 3303 ’
3321 3297 3469 3373 quod
3511 3297 3700 3359 eistat

2088 3367 2144 3422 in
2171 3368 2460 3443 Spicilegio
2487 3367 2970 3443 Dacberiiftomo
2997 3371 3043 3427 ν
3081 3367 3272 3443 primae
3310 3367 3590 3438 editionis,
3640 3383 3699 3429 et

2090 3447 2238 3509 tomo
2255 3439 2316 3503 ll,
2343 3453 2464 3508 pag.
2487 3438 2556 3494 40
2577 3441 2829 3498 editionis
2847 3438 3096 3499 secundat
3116 3443 3359 3509 in-folio;
3382 3460 3485 3500 nec
3507 3461 3622 3499 non
3643 3453 3700 3500 et

2089 3508 2529 3587 Martyrologium
2561 3510 2860 3587 Romanum
2895 3522 3051 3587 vetus
3081 3508 3357 3587 Heriberti;
3377 3513 3694 3587 Rosvgeydi,

2089 3581 2240 3647 quod
2265 3581 2432 3636 videri
2465 3589 2641 3650 potest
2672 3583 2725 3638 in
2757 3582 2933 3639 fronte
2976 3583 3179 3640 Adonis
3208 3584 3474 3641 Dominici
3513 3581 3697 3641 Geor;

2089 3650 2162 3718 gii
2183 3667 2196 3710 :
2221 3651 2360 3724 sicut
2381 3651 2542 3724 etiam
2566 3651 2946 3724 Martyrologia
2966 3654 3070 3724 alia
3091 3653 3217 3719 duo,
3245 3663 3300 3710 et
3327 3656 3694 3712 vetustissima

2089 3736 2240 3795 sane.
2265 3720 2533 3795 Fuldense
2553 3720 2786 3795 scilicet,
2808 3720 2971 3795 aliine
2991 3721 3432 3791 Ottobonianum,
3457 3741 3575 3795 qua:
3597 3726 3694 3782 ha-

2088 3791 2453 3866 b_ent_ur_a_pud
2480 3794 2730 3866 eumdem
2757 3791 3045 3864 Georgium
3094 3795 3290 3851 ibidem
3319 3796 3374 3851 in
3407 3791 3506 3852 line
3550 3812 3684 3866 ope-

2088 3861 2182 3938 ris.
2209 3861 2266 3916 1n
2296 3863 2380 3938 his
2407 3861 3012 3938 autemidartyrologiis
3034 3866 3299 3930 omnibus,
3328 3867 3382 3922 in
3402 3861 3602 3938 quibus
3617 3868 3691 3938 ad

2091 3932 2234 3987 diem
2285 3950 2318 3988 χ
2363 3933 2469 3987 kal.
2514 3933 2642 3990 Julii
2678 3932 2830 3991 deest
2874 3935 3072 3992 Nicette
3112 3952 3339 4003 nomen;
3371 3932 3562 4000 in'his,
3615 3936 3696 3994 in-

2089 4017 2248 4071 quam
2267 4043 2281 4068 ,
2331 4005 2605 4078 omnibus,
2636 4005 2868 4078 auttl'ere
2897 4007 3148 4078 omnibus
3179 4008 3456 4078 (quoniam
3496 4023 3696 4064 eorum

2090 4089 2253 4128 unum
2281 4082 2374 4128 aut
2413 4075 2669 4142 alterum,
2704 4076 3149 4132 bibliothecarum
3188 4075 3543 4146 quarumdam
3586 4094 3696 4134 no-

2089 4152 2320 4198 strarum
2347 4146 2672 4214 nuperrimis
2693 4147 2900 4202 vicibus
2927 4147 2982 4202 id
3011 4148 3344 4210 vetantibus.
3375 4148 3580 4204 iterato
3611 4149 3698 4204 in-

2090 4215 2306 4286 spicere
2335 4231 2442 4286 non
2485 4217 2653 4286 licuit)
2695 4217 2897 4272 mentio
2936 4217 3124 4274 eadem
3158 4218 3246 4274 die
3275 4220 3505 4274 habetur
3545 4217 3695 4274 Pau-

2090 4285 2186 4339 lini
2215 4285 2434 4358 Nolani;
2467 4287 2541 4358 ita
2569 4285 2642 4342 ut
2669 4288 2876 4358 absque
2901 4288 3110 4358 erroris
3157 4289 3398 4358 periculo
3441 4305 3697 4346 asserere

2089 4355 2580 4430 possimus,_o_ntnia
2607 4355 2822 4430 quidem
2863 4355 3241 4430 Martyrologia
3280 4375 3400 4430 quas
3427 4359 3497 4414 ad
3539 4360 3689 4430 diem

2153 4426 2259 4480 kal.
2281 4424 2408 4500 Julii
2437 4424 2638 4482 habent
2666 4427 2926 4500 Nicetam,
2961 4424 3403 4500 habere'quoque
3439 4437 3501 4486 et
3539 4427 3689 4486 Pau-

2089 4495 2255 4550 linum
2282 4495 2578 4563 Nolanum;
2612 4515 2718 4554 non
2741 4499 2921 4554 omnia
2949 4514 3104 4566 vero,
3133 4495 3298 4555 immo
3314 4495 3467 4555 bene
3491 4501 3686 4567 multa,

2090 4581 2207 4634 qua:
2235 4567 2434 4621 habent
2472 4567 2752 4623 Paulinum
2793 4567 3085 4634 Nolanum,
3135 4585 3242 4625 non
3285 4570 3486 4625 habere
3524 4567 3693 4626 Nice-

2092 4645 2199 4690 tam
2233 4655 2248 4690 :
2281 4653 2347 4691 ex
2377 4652 2486 4707 quo
2509 4639 2665 4694 facile
2690 4638 3006 4705 conjicituus
3027 4679 3042 4704 ,
3071 4639 3269 4695 Nicette
3307 4655 3528 4704 nomen,
3558 4640 3690 4697 licet

2090 4707 2386 4779 antiquitus
2440 4709 2698 4764 insertum
2755 4707 3147 4778 Martyrologiis
3196 4708 3359 4764 fuerit
3405 4719 3467 4764 ut
3517 4726 3688 4779 supra

2089 4777 2548 4847 conjectavimus,
2601 4781 2775 4836 locum
2807 4777 3149 4834 nihilominus
3192 4780 3478 4846 habuisse,
3523 4777 3686 4836 unius

2089 4849 2277 4922 saltem
2297 4849 2673 4922 :etatisrspatio
2690 4891 2704 4915 ,
2729 4857 2824 4922 aut
2854 4851 3019 4904 etiam
3045 4850 3254 4922 integro
3281 4851 3480 4922 szeculo
3497 4891 3513 4916 ,
3555 4859 3686 4922 post

2090 4915 2372 4974 Paulinum
2398 4915 2681 4990 Nolanum.
2718 4918 2851 4974 Cum
2887 4927 3065 4975 autem
3094 4915 3258 4975 coaevi
3287 4915 3682 4990 fuerintatque

2089 4990 2321 5045 amicitia
2351 4989 2622 5059 conjuncti
2653 4991 2760 5045 duo
2788 4990 2864 5045 illi
2895 4990 3064 5045 sancti
3092 4990 3220 5054 viri,
3256 4990 3474 5047 Nicetas
3508 4989 3683 5047 Dacus

2088 5069 2249 5128 atque
2278 5059 2530 5116 Paulinus
2550 5060 2810 5123 Nolanus,
2835 5076 3063 5130 quorum
3093 5061 3256 5115 etiam
3293 5062 3430 5117 alter
3455 5063 3684 5118 alterius

2086 5132 2355 5186 sanctitati
2385 5133 2748 5188 testimonium
2775 5132 3008 5200 praebet;
3053 5131 3190 5186 alter
3224 5131 3341 5186 sine
3379 5132 3589 5194 altero,
3622 5140 3685 5188 ut

2089 5202 2375 5257 verisimile
2403 5203 2557 5258 valde
2585 5202 2796 5256 videtur
2817 5243 2832 5266 ,
2873 5201 2928 5256 in
2961 5200 3199 5257 Ecclesia
3230 5211 3391 5256 notus
3420 5217 3542 5258 esse
3570 5218 3683 5260 non

2085 5281 2325 5342 poterat,
2360 5273 2588 5342 ideoque
2616 5273 2753 5328 alter
2778 5271 2900 5344 sine
2922 5272 3093 5344 altero
3125 5271 3528 5344 Martyrologiis
3551 5271 3686 5330 infe-

2087 5341 2284 5412 rendus
2317 5359 2424 5397 non
2452 5341 2605 5398 erat:
2639 5352 2730 5396 aut
2768 5342 2813 5396 si
2855 5342 2992 5396 alter
3022 5341 3247 5412 alterum
3269 5341 3598 5412 praecedere
3626 5344 3684 5401 in

2087 5411 2189 5483 bac
2207 5413 2428 5468 honoris
2446 5413 2833 5483 signiﬁcatione
2860 5412 3161 5483 debuisset,
3193 5411 3408 5468 Nicetas
3434 5414 3682 5483 profecto

2085 5481 2258 5538 Dacus
2285 5485 2378 5553 qui
2407 5481 2530 5538 ante
2561 5482 2841 5538 Paulinum
2865 5482 3016 5547 obiit,
3049 5483 3128 5538 uti
3165 5484 3343 5553 capite
3368 5483 3403 5537 5
3433 5481 3680 5540 ostendi—

2084 5567 2223 5616 mus,
2255 5563 2380 5610 ante
2411 5553 2689 5609 Paulinum
2723 5553 2938 5608 inscribi
2973 5554 3232 5608 debuerat
3257 5553 3678 5624 Martyrologiis,

2087 5638 2182 5678 seu
2236 5625 2415 5692 potius
2464 5624 2841 5680 ecclesiasticis
2891 5624 3118 5690 tabulis,
3175 5624 3317 5680 unde
3358 5624 3686 5692 Martyrolo-

2085 5695 2172 5766 gia
2202 5711 2308 5750 non
2339 5696 2508 5749 multo
2554 5703 2676 5765 post
2721 5694 3033 5766 Hieronymi
3076 5703 3328 5760 aetatem,
3378 5704 3439 5750 ut
3477 5694 3684 5752 dictum

2087 5763 2205 5835 fuit,
2250 5772 2427 5820 ortum
2457 5763 2726 5828 habuere;
2769 5763 2940 5835 atque
2958 5766 3174 5821 inscribi
3217 5766 3408 5829 saltem
3448 5766 3687 5822 debebat

2089 5833 2298 5890 Paulini
2330 5835 2495 5907 ipsius
2523 5835 2826 5908 superstitis
2843 5833 3029 5908 opera,
3057 5837 3149 5908 qui
3180 5845 3288 5893 tam
3315 5835 3520 5893 eliusus
3537 5837 3592 5893 in
3617 5838 3686 5892 i1-
