  <div class='ocr_page' id='page_1' title='image "/cluster/home/n/w/nwhite01/storage/ocr_20150623/52/hvd.32044015706419/548.png"; bbox 0 0 4004 6366; ppageno 0'>
   <div class='ocr_carea' id='block_1_1' title="bbox 180 404 323 467">
    <p class='ocr_par' dir='ltr' id='par_1_1' title="bbox 180 404 323 467">
     <span class='ocr_line' id='line_1_1' title="bbox 180 404 323 467; baseline 0.014 -2"><span class='ocrx_word' id='word_1_1' title='bbox 180 404 323 467; x_wconf 76' lang='grc'><strong>1089</strong></span> 
     </span>
    </p>
   </div>
   <div class='ocr_carea' id='block_1_2' title="bbox 906 386 2744 462">
    <p class='ocr_par' dir='ltr' id='par_1_2' title="bbox 906 386 2744 462">
     <span class='ocr_line' id='line_1_2' title="bbox 906 386 2744 462; baseline -0.004 0"><span class='ocrx_word' id='word_1_2' title='bbox 906 396 966 462; x_wconf 78' lang='grc' dir='ltr'><strong>Ρ.</strong></span> <span class='ocrx_word' id='word_1_3' title='bbox 1004 402 1281 462; x_wconf 61' lang='grc' dir='ltr'><strong>ΒΒΑΙΒΕ</strong></span> <span class='ocrx_word' id='word_1_4' title='bbox 1320 396 1770 462; x_wconf 64' lang='grc' dir='ltr'><strong>ωδεειιτΑτιο</strong></span> <span class='ocrx_word' id='word_1_5' title='bbox 1803 394 1872 460; x_wconf 82' lang='grc' dir='ltr'><strong>ΙΝ</strong></span> <span class='ocrx_word' id='word_1_6' title='bbox 1908 401 1966 460; x_wconf 91' lang='lat' dir='ltr'><strong>S.</strong></span> <span class='ocrx_word' id='word_1_7' title='bbox 2004 396 2331 460; x_wconf 78' lang='lat' dir='ltr'><strong>NICETAM.</strong></span> <span class='ocrx_word' id='word_1_8' title='bbox 2363 429 2433 443; x_wconf 90' lang='lat'><strong>--</strong></span> <span class='ocrx_word' id='word_1_9' title='bbox 2458 386 2613 457; x_wconf 79' lang='lat' dir='ltr'><strong>CAP.</strong></span> <span class='ocrx_word' id='word_1_10' title='bbox 2654 396 2744 455; x_wconf 81' lang='lat' dir='ltr'><strong>IX.</strong></span> 
     </span>
    </p>
   </div>
   <div class='ocr_carea' id='block_1_3' title="bbox 3299 390 3437 455">
    <p class='ocr_par' dir='ltr' id='par_1_3' title="bbox 3299 390 3437 455">
     <span class='ocr_line' id='line_1_3' title="bbox 3299 390 3437 455; baseline 0.022 -3"><span class='ocrx_word' id='word_1_11' title='bbox 3299 390 3437 455; x_wconf 72' lang='lat'><strong>{090</strong></span> 
     </span>
    </p>
   </div>
   <div class='ocr_carea' id='block_1_4' title="bbox 174 506 3439 589">
    <p class='ocr_par' dir='ltr' id='par_1_4' title="bbox 174 506 3439 589">
     <span class='ocr_line' id='line_1_4' title="bbox 174 506 3439 589; baseline -0.003 -12"><span class='ocrx_word' id='word_1_12' title='bbox 408 514 525 589; x_wconf 67' lang='lat' dir='ltr'><strong>Hoc}</strong></span> <span class='ocrx_word' id='word_1_13' title='bbox 548 521 632 571; x_wconf 85' lang='lat' dir='ltr'><strong>est</strong></span> <span class='ocrx_word' id='word_1_14' title='bbox 652 514 799 589; x_wconf 74' lang='lat' dir='ltr'><strong>enim</strong></span> <span class='ocrx_word' id='word_1_15' title='bbox 827 512 1136 589; x_wconf 79' lang='lat' dir='ltr'><strong>Symboium</strong></span> <span class='ocrx_word' id='word_1_16' title='bbox 1158 517 1300 587; x_wconf 88' lang='lat' dir='ltr'><strong>quod</strong></span> <span class='ocrx_word' id='word_1_17' title='bbox 1332 517 1600 589; x_wconf 82' lang='lat' dir='ltr'><strong>recensuri</strong></span> <span class='ocrx_word' id='word_1_18' title='bbox 1619 516 1761 589; x_wconf 83' lang='lat' dir='ltr'><strong>estis</strong></span> <span class='ocrx_word' id='word_1_19' title='bbox 1786 518 1840 582; x_wconf 77' lang='grc' dir='ltr'>Α</span> <span class='ocrx_word' id='word_1_20' title='bbox 1865 516 2049 589; x_wconf 78' lang='grc' dir='ltr'><strong>ορὶηἰρ</strong></span> <span class='ocrx_word' id='word_1_21' title='bbox 2067 516 2357 589; x_wconf 76' lang='lat' dir='ltr'><strong>clarissimi</strong></span> <span class='ocrx_word' id='word_1_22' title='bbox 2378 515 2523 571; x_wconf 86' lang='lat' dir='ltr'><strong>Petri</strong></span> <span class='ocrx_word' id='word_1_23' title='bbox 2557 513 2828 589; x_wconf 68' lang='lat' dir='ltr'><strong>Lebrunii,</strong></span> <span class='ocrx_word' id='word_1_24' title='bbox 2862 517 3010 589; x_wconf 73' lang='lat' dir='ltr'><strong>tumo</strong></span> <span class='ocrx_word' id='word_1_25' title='bbox 3028 506 3070 564; x_wconf 86' lang='lat' dir='ltr'><strong>Il</strong></span> <span class='ocrx_word' id='word_1_26' title='bbox 3095 506 3439 589; x_wconf 78' lang='lat' dir='ltr'><strong>Dissertatio-</strong></span> 
     </span>
    </p>
   </div>
   <div class='ocr_carea' id='block_1_5' title="bbox 174 578 3435 657">
    <p class='ocr_par' dir='ltr' id='par_1_5' title="bbox 174 578 3435 657">
     <span class='ocr_line' id='line_1_5' title="bbox 174 578 3435 657; baseline -0.004 -10"><span class='ocrx_word' id='word_1_27' title='bbox 174 597 235 647; x_wconf 87' lang='lat' dir='ltr'><strong>et</strong></span> <span class='ocrx_word' id='word_1_28' title='bbox 262 587 543 646; x_wconf 76' lang='lat' dir='ltr'><strong>reddituri.</strong></span> <span class='ocrx_word' id='word_1_29' title='bbox 581 605 602 640; x_wconf 75' lang='grc' dir='ltr'><strong><em>ι</em></strong></span> <span class='ocrx_word' id='word_1_30' title='bbox 650 585 730 643; x_wconf 86' lang='lat' dir='ltr'><strong>Ita</strong></span> <span class='ocrx_word' id='word_1_31' title='bbox 757 578 975 643; x_wconf 75' lang='lat' dir='ltr'><strong>sanctus</strong></span> <span class='ocrx_word' id='word_1_32' title='bbox 1014 578 1205 657; x_wconf 76' lang='lat' dir='ltr'><strong>doctor</strong></span> <span class='ocrx_word' id='word_1_33' title='bbox 1248 606 1260 641; x_wconf 91' lang='lat'>:</span> <span class='ocrx_word' id='word_1_34' title='bbox 1294 587 1385 642; x_wconf 90' lang='lat' dir='ltr'><strong>ubi</strong></span> <span class='ocrx_word' id='word_1_35' title='bbox 1423 587 1758 643; x_wconf 87' lang='lat' dir='ltr'><strong>animadver—</strong></span> <span class='ocrx_word' id='word_1_36' title='bbox 1787 578 1840 582; x_wconf 31' lang='grc' dir='ltr'><strong>’ὴ</strong></span> <span class='ocrx_word' id='word_1_37' title='bbox 1862 578 1990 643; x_wconf 78' lang='lat' dir='ltr'><strong>num</strong></span> <span class='ocrx_word' id='word_1_38' title='bbox 2021 582 2426 657; x_wconf 82' lang='lat' dir='ltr'><strong>Liturgicarum,</strong></span> <span class='ocrx_word' id='word_1_39' title='bbox 2468 584 2646 657; x_wconf 85' lang='lat' dir='ltr'><strong>quoad</strong></span> <span class='ocrx_word' id='word_1_40' title='bbox 2682 582 2993 657; x_wconf 85' lang='lat' dir='ltr'><strong>Symbolum</strong></span> <span class='ocrx_word' id='word_1_41' title='bbox 3031 578 3435 657; x_wconf 61' lang='lat' dir='ltr'><strong>apostolgrum;</strong></span> 
     </span>
    </p>
   </div>
   <div class='ocr_carea' id='block_1_6' title="bbox 172 656 1755 728">
    <p class='ocr_par' dir='ltr' id='par_1_6' title="bbox 172 656 1755 728">
     <span class='ocr_line' id='line_1_6' title="bbox 172 656 1755 728; baseline -0.001 -11"><span class='ocrx_word' id='word_1_42' title='bbox 172 659 402 718; x_wconf 83' lang='lat' dir='ltr'><strong>tendum</strong></span> <span class='ocrx_word' id='word_1_43' title='bbox 428 665 530 722; x_wconf 87' lang='lat' dir='ltr'><strong>est,</strong></span> <span class='ocrx_word' id='word_1_44' title='bbox 568 657 642 713; x_wconf 89' lang='lat' dir='ltr'><strong>ita</strong></span> <span class='ocrx_word' id='word_1_45' title='bbox 677 673 885 728; x_wconf 82' lang='lat' dir='ltr'><strong>reapse,</strong></span> <span class='ocrx_word' id='word_1_46' title='bbox 929 673 995 712; x_wconf 81' lang='lat' dir='ltr'><strong>ex</strong></span> <span class='ocrx_word' id='word_1_47' title='bbox 1033 656 1137 714; x_wconf 86' lang='lat' dir='ltr'><strong>ﬁde</strong></span> <span class='ocrx_word' id='word_1_48' title='bbox 1183 658 1439 713; x_wconf 90' lang='lat' dir='ltr'><strong>tutiorum</strong></span> <span class='ocrx_word' id='word_1_49' title='bbox 1477 656 1755 727; x_wconf 84' lang='lat' dir='ltr'><strong>Augustini</strong></span> 
     </span>
    </p>
   </div>
   <div class='ocr_carea' id='block_1_7' title="bbox 172 728 1756 804">
    <p class='ocr_par' dir='ltr' id='par_1_7' title="bbox 172 728 1756 804">
     <span class='ocr_line' id='line_1_7' title="bbox 172 728 1756 804; baseline -0.003 -16"><span class='ocrx_word' id='word_1_50' title='bbox 172 746 405 804; x_wconf 74' lang='lat' dir='ltr'><strong>operum</strong></span> <span class='ocrx_word' id='word_1_51' title='bbox 421 800 432 804; x_wconf 91' lang='lat'><strong><em>_</em></strong></span> <span class='ocrx_word' id='word_1_52' title='bbox 438 728 757 804; x_wconf 80' lang='lat' dir='ltr'><strong>editionum,</strong></span> <span class='ocrx_word' id='word_1_53' title='bbox 780 728 883 804; x_wconf 91' lang='lat' dir='ltr'><strong>legi</strong></span> <span class='ocrx_word' id='word_1_54' title='bbox 911 728 1108 804; x_wconf 84' lang='lat' dir='ltr'><strong>debere</strong></span> <span class='ocrx_word' id='word_1_55' title='bbox 1128 728 1292 804; x_wconf 71' lang='lat' dir='ltr'><strong>allata</strong></span> <span class='ocrx_word' id='word_1_56' title='bbox 1311 730 1506 804; x_wconf 75' lang='lat' dir='ltr'><strong>verba;</strong></span> <span class='ocrx_word' id='word_1_57' title='bbox 1537 744 1660 784; x_wconf 89' lang='lat' dir='ltr'><strong>cum</strong></span> <span class='ocrx_word' id='word_1_58' title='bbox 1689 728 1756 784; x_wconf 91' lang='lat' dir='ltr'><strong>li-</strong></span> 
     </span>
    </p>
   </div>
   <div class='ocr_carea' id='block_1_8' title="bbox 172 798 1757 871">
    <p class='ocr_par' dir='ltr' id='par_1_8' title="bbox 172 798 1757 871">
     <span class='ocr_line' id='line_1_8' title="bbox 172 798 1757 871; baseline -0.002 -13"><span class='ocrx_word' id='word_1_59' title='bbox 172 798 338 858; x_wconf 73' lang='lat' dir='ltr'><strong>neola</strong></span> <span class='ocrx_word' id='word_1_60' title='bbox 357 800 581 867; x_wconf 77' lang='lat' dir='ltr'><strong>scilicet,</strong></span> <span class='ocrx_word' id='word_1_61' title='bbox 623 814 790 871; x_wconf 86' lang='lat' dir='ltr'><strong>quam</strong></span> <span class='ocrx_word' id='word_1_62' title='bbox 823 798 1071 871; x_wconf 79' lang='lat' dir='ltr'><strong>virgulam</strong></span> <span class='ocrx_word' id='word_1_63' title='bbox 1110 799 1353 863; x_wconf 90' lang='lat' dir='ltr'><strong>dicimus,</strong></span> <span class='ocrx_word' id='word_1_64' title='bbox 1403 799 1543 853; x_wconf 87' lang='lat' dir='ltr'><strong>inter</strong></span> <span class='ocrx_word' id='word_1_65' title='bbox 1569 815 1757 855; x_wconf 89' lang='lat' dir='ltr'><strong>vocem</strong></span> 
     </span>
    </p>
   </div>
   <div class='ocr_carea' id='block_1_9' title="bbox 171 869 1760 946">
    <p class='ocr_par' dir='ltr' id='par_1_9' title="bbox 171 869 1760 946">
     <span class='ocr_line' id='line_1_9' title="bbox 171 869 1760 946; baseline -0.001 -18"><span class='ocrx_word' id='word_1_66' title='bbox 171 872 486 946; x_wconf 39' lang='lat' dir='ltr'><strong>dilige-mih</strong></span> <span class='ocrx_word' id='word_1_67' title='bbox 509 876 565 927; x_wconf 88' lang='lat' dir='ltr'><strong>et</strong></span> <span class='ocrx_word' id='word_1_68' title='bbox 603 871 673 946; x_wconf 63' lang='lat' dir='ltr'><strong>ait</strong></span> <span class='ocrx_word' id='word_1_69' title='bbox 711 869 850 946; x_wconf 65' lang='lat' dir='ltr'><strong>nobis</strong></span> <span class='ocrx_word' id='word_1_70' title='bbox 872 869 1045 946; x_wconf 34' lang='lat' dir='ltr'><strong>;_‘_no_n</strong></span> <span class='ocrx_word' id='word_1_71' title='bbox 1083 884 1222 946; x_wconf 75' lang='lat' dir='ltr'><strong>vero</strong></span> <span class='ocrx_word' id='word_1_72' title='bbox 1247 886 1368 946; x_wconf 84' lang='lat' dir='ltr'><strong>cum</strong></span> <span class='ocrx_word' id='word_1_73' title='bbox 1409 878 1609 946; x_wconf 81' lang='lat' dir='ltr'><strong>puncto</strong></span> <span class='ocrx_word' id='word_1_74' title='bbox 1637 878 1760 940; x_wconf 86' lang='lat' dir='ltr'><strong>post</strong></span> 
     </span>
    </p>
   </div>
   <div class='ocr_carea' id='block_1_10' title="bbox 170 939 1759 1014">
    <p class='ocr_par' dir='ltr' id='par_1_10' title="bbox 170 939 1759 1014">
     <span class='ocr_line' id='line_1_10' title="bbox 170 939 1759 1014; baseline 0 -17"><span class='ocrx_word' id='word_1_75' title='bbox 170 939 676 1014; x_wconf 69' lang='lat' dir='ltr'><strong>vocemtiiligentiq,</strong></span> <span class='ocrx_word' id='word_1_76' title='bbox 700 941 837 1014; x_wconf 81' lang='lat' dir='ltr'><strong>sicut</strong></span> <span class='ocrx_word' id='word_1_77' title='bbox 857 939 1046 995; x_wconf 85' lang='lat' dir='ltr'><strong>alicubi</strong></span> <span class='ocrx_word' id='word_1_78' title='bbox 1068 939 1313 1014; x_wconf 81' lang='lat' dir='ltr'><strong>eumdem</strong></span> <span class='ocrx_word' id='word_1_79' title='bbox 1334 940 1612 1014; x_wconf 74' lang='lat' dir='ltr'><strong>Augustini</strong></span> <span class='ocrx_word' id='word_1_80' title='bbox 1642 939 1759 1014; x_wconf 82' lang='lat' dir='ltr'><strong>tex-</strong></span> 
     </span>
    </p>
   </div>
   <div class='ocr_carea' id='block_1_11' title="bbox 166 1010 1752 1093">
    <p class='ocr_par' dir='ltr' id='par_1_11' title="bbox 166 1010 1752 1093">
     <span class='ocr_line' id='line_1_11' title="bbox 166 1010 1752 1093; baseline 0.001 -28"><span class='ocrx_word' id='word_1_81' title='bbox 166 1020 290 1093; x_wconf 42' lang='lat' dir='ltr'><strong>tum</strong></span> <span class='ocrx_word' id='word_1_82' title='bbox 323 1010 608 1093; x_wconf 72' lang='lat' dir='ltr'><strong>adductum</strong></span> <span class='ocrx_word' id='word_1_83' title='bbox 646 1010 890 1093; x_wconf 78' lang='lat' dir='ltr'><strong>iegimus,</strong></span> <span class='ocrx_word' id='word_1_84' title='bbox 932 1019 1092 1093; x_wconf 79' lang='lat' dir='ltr'><strong>prout</strong></span> <span class='ocrx_word' id='word_1_85' title='bbox 1131 1010 1265 1066; x_wconf 87' lang='lat' dir='ltr'><strong>infra</strong></span> <span class='ocrx_word' id='word_1_86' title='bbox 1304 1010 1591 1093; x_wconf 81' lang='lat' dir='ltr'><strong>videndum</strong></span> <span class='ocrx_word' id='word_1_87' title='bbox 1631 1011 1752 1093; x_wconf 60' lang='lat' dir='ltr'><strong>eiiit</strong></span> 
     </span>
    </p>
   </div>
   <div class='ocr_carea' id='block_1_12' title="bbox 170 1080 1761 1150">
    <p class='ocr_par' dir='ltr' id='par_1_12' title="bbox 170 1080 1761 1150">
     <span class='ocr_line' id='line_1_12' title="bbox 170 1080 1761 1150; baseline -0.002 -11"><span class='ocrx_word' id='word_1_88' title='bbox 170 1080 443 1139; x_wconf 85' lang='lat' dir='ltr'><strong>Punctum</strong></span> <span class='ocrx_word' id='word_1_89' title='bbox 472 1082 616 1137; x_wconf 89' lang='lat' dir='ltr'><strong>enim</strong></span> <span class='ocrx_word' id='word_1_90' title='bbox 645 1080 840 1136; x_wconf 87' lang='lat' dir='ltr'><strong>ibidem</strong></span> <span class='ocrx_word' id='word_1_91' title='bbox 878 1081 1109 1150; x_wconf 84' lang='lat' dir='ltr'><strong>positum</strong></span> <span class='ocrx_word' id='word_1_92' title='bbox 1135 1095 1350 1136; x_wconf 84' lang='lat' dir='ltr'><strong>sensum</strong></span> <span class='ocrx_word' id='word_1_93' title='bbox 1381 1088 1557 1136; x_wconf 85' lang='lat' dir='ltr'><strong>textus</strong></span> <span class='ocrx_word' id='word_1_94' title='bbox 1587 1081 1761 1137; x_wconf 87' lang='lat' dir='ltr'><strong>reddit</strong></span> 
     </span>
    </p>
   </div>
   <div class='ocr_carea' id='block_1_13' title="bbox 169 1150 1760 1221">
    <p class='ocr_par' dir='ltr' id='par_1_13' title="bbox 169 1150 1760 1221">
     <span class='ocr_line' id='line_1_13' title="bbox 169 1150 1760 1221; baseline 0 -13"><span class='ocrx_word' id='word_1_95' title='bbox 169 1152 403 1208; x_wconf 86' lang='lat' dir='ltr'><strong>omnino</strong></span> <span class='ocrx_word' id='word_1_96' title='bbox 440 1151 729 1217; x_wconf 90' lang='lat' dir='ltr'><strong>diversum,</strong></span> <span class='ocrx_word' id='word_1_97' title='bbox 752 1159 807 1206; x_wconf 91' lang='lat' dir='ltr'><strong>et</strong></span> <span class='ocrx_word' id='word_1_98' title='bbox 831 1150 997 1221; x_wconf 89' lang='lat' dir='ltr'><strong>priori</strong></span> <span class='ocrx_word' id='word_1_99' title='bbox 1026 1150 1191 1221; x_wconf 85' lang='lat' dir='ltr'><strong>ipsius</strong></span> <span class='ocrx_word' id='word_1_100' title='bbox 1219 1150 1499 1220; x_wconf 77' lang='lat' dir='ltr'><strong>Augustini</strong></span> <span class='ocrx_word' id='word_1_101' title='bbox 1526 1151 1760 1208; x_wconf 87' lang='lat' dir='ltr'><strong>clarissi-</strong></span> 
     </span>
    </p>
   </div>
   <div class='ocr_carea' id='block_1_14' title="bbox 167 1222 1028 1292">
    <p class='ocr_par' dir='ltr' id='par_1_14' title="bbox 167 1222 1028 1292">
     <span class='ocr_line' id='line_1_14' title="bbox 167 1222 1028 1292; baseline -0.006 -13"><span class='ocrx_word' id='word_1_102' title='bbox 167 1238 269 1292; x_wconf 86' lang='lat' dir='ltr'><strong>mo</strong></span> <span class='ocrx_word' id='word_1_103' title='bbox 288 1223 415 1292; x_wconf 86' lang='lat' dir='ltr'><strong>loco</strong></span> <span class='ocrx_word' id='word_1_104' title='bbox 431 1237 652 1292; x_wconf 85' lang='lat' dir='ltr'><strong>prorsus</strong></span> <span class='ocrx_word' id='word_1_105' title='bbox 679 1222 1028 1292; x_wconf 88' lang='lat' dir='ltr'><strong>contrarium.</strong></span> 
     </span>
    </p>
   </div>
   <div class='ocr_carea' id='block_1_15' title="bbox 240 1288 1759 1361">
    <p class='ocr_par' dir='ltr' id='par_1_15' title="bbox 240 1288 1759 1361">
     <span class='ocr_line' id='line_1_15' title="bbox 240 1288 1759 1361; baseline 0 -13"><span class='ocrx_word' id='word_1_106' title='bbox 240 1291 408 1348; x_wconf 77' lang='lat' dir='ltr'><strong>Aliud</strong></span> <span class='ocrx_word' id='word_1_107' title='bbox 429 1288 633 1349; x_wconf 82' lang='lat' dir='ltr'><strong>illustre</strong></span> <span class='ocrx_word' id='word_1_108' title='bbox 660 1291 1020 1361; x_wconf 79' lang='lat' dir='ltr'><strong>testimOnium</strong></span> <span class='ocrx_word' id='word_1_109' title='bbox 1042 1288 1409 1360; x_wconf 87' lang='lat' dir='ltr'><strong>hujuscemodi</strong></span> <span class='ocrx_word' id='word_1_110' title='bbox 1430 1292 1656 1361; x_wconf 77' lang='lat' dir='ltr'><strong>vigentis</strong></span> <span class='ocrx_word' id='word_1_111' title='bbox 1676 1292 1759 1348; x_wconf 86' lang='lat' dir='ltr'><strong>di-</strong></span> 
     </span>
    </p>
   </div>
   <div class='ocr_carea' id='block_1_16' title="bbox 166 1360 1759 1435">
    <p class='ocr_par' dir='ltr' id='par_1_16' title="bbox 166 1360 1759 1435">
     <span class='ocr_line' id='line_1_16' title="bbox 166 1360 1759 1435; baseline 0.001 -17"><span class='ocrx_word' id='word_1_112' title='bbox 166 1363 417 1435; x_wconf 68' lang='lat' dir='ltr'><strong>sciplinze</strong></span> <span class='ocrx_word' id='word_1_113' title='bbox 443 1361 873 1435; x_wconf 71' lang='lat' dir='ltr'><strong>medio_cir7cit_er</strong></span> <span class='ocrx_word' id='word_1_114' title='bbox 907 1360 1096 1431; x_wconf 89' lang='lat' dir='ltr'><strong>quinto</strong></span> <span class='ocrx_word' id='word_1_115' title='bbox 1133 1362 1351 1435; x_wconf 71' lang='lat' dir='ltr'><strong>saeculo,</strong></span> <span class='ocrx_word' id='word_1_116' title='bbox 1383 1371 1453 1435; x_wconf 89' lang='lat' dir='ltr'><strong>et</strong></span> <span class='ocrx_word' id='word_1_117' title='bbox 1476 1360 1529 1417; x_wconf 86' lang='lat' dir='ltr'><strong>in</strong></span> <span class='ocrx_word' id='word_1_118' title='bbox 1558 1363 1759 1419; x_wconf 85' lang='lat' dir='ltr'><strong>celebri</strong></span> 
     </span>
    </p>
   </div>
   <div class='ocr_carea' id='block_1_17' title="bbox 170 1430 1759 1490">
    <p class='ocr_par' dir='ltr' id='par_1_17' title="bbox 170 1430 1759 1490">
     <span class='ocr_line' id='line_1_17' title="bbox 170 1430 1759 1490; baseline 0 -1"><span class='ocrx_word' id='word_1_119' title='bbox 170 1430 576 1490; x_wconf 67' lang='lat' dir='ltr'><strong>Ravennatensi</strong></span> <span class='ocrx_word' id='word_1_120' title='bbox 615 1430 855 1488; x_wconf 80' lang='lat' dir='ltr'><strong>Ecclesia</strong></span> <span class='ocrx_word' id='word_1_121' title='bbox 900 1446 1025 1490; x_wconf 85' lang='lat' dir='ltr'><strong>sua.</strong></span> <span class='ocrx_word' id='word_1_122' title='bbox 1068 1432 1287 1488; x_wconf 84' lang='lat' dir='ltr'><strong>exhibet</strong></span> <span class='ocrx_word' id='word_1_123' title='bbox 1333 1434 1485 1488; x_wconf 89' lang='lat' dir='ltr'><strong>nobis</strong></span> <span class='ocrx_word' id='word_1_124' title='bbox 1542 1443 1759 1490; x_wconf 89' lang='lat' dir='ltr'><strong>sanctus</strong></span> 
     </span>
    </p>
   </div>
   <div class='ocr_carea' id='block_1_18' title="bbox 169 1500 1756 1576">
    <p class='ocr_par' dir='ltr' id='par_1_18' title="bbox 169 1500 1756 1576">
     <span class='ocr_line' id='line_1_18' title="bbox 169 1500 1756 1576; baseline -0.001 -17"><span class='ocrx_word' id='word_1_125' title='bbox 169 1502 371 1576; x_wconf 83' lang='lat' dir='ltr'><strong>Petrus</strong></span> <span class='ocrx_word' id='word_1_126' title='bbox 397 1502 757 1576; x_wconf 83' lang='lat' dir='ltr'><strong>Chrysologus</strong></span> <span class='ocrx_word' id='word_1_127' title='bbox 780 1517 1028 1576; x_wconf 83' lang='lat' dir='ltr'><strong>sermone</strong></span> <span class='ocrx_word' id='word_1_128' title='bbox 1058 1500 1133 1576; x_wconf 85' lang='lat'><strong>58_</strong></span> <span class='ocrx_word' id='word_1_129' title='bbox 1161 1502 1214 1576; x_wconf 87' lang='lat' dir='ltr'><strong>in</strong></span> <span class='ocrx_word' id='word_1_130' title='bbox 1244 1502 1555 1574; x_wconf 77' lang='lat' dir='ltr'><strong>Symbolum</strong></span> <span class='ocrx_word' id='word_1_131' title='bbox 1593 1520 1756 1576; x_wconf 89' lang='lat' dir='ltr'><strong>apos-</strong></span> 
     </span>
    </p>
   </div>
   <div class='ocr_carea' id='block_1_19' title="bbox 170 1570 1757 1644">
    <p class='ocr_par' dir='ltr' id='par_1_19' title="bbox 170 1570 1757 1644">
     <span class='ocr_line' id='line_1_19' title="bbox 170 1570 1757 1644; baseline -0.001 -13"><span class='ocrx_word' id='word_1_132' title='bbox 170 1575 437 1636; x_wconf 80' lang='lat' dir='ltr'><strong>tolorum,</strong></span> <span class='ocrx_word' id='word_1_133' title='bbox 477 1570 567 1630; x_wconf 86' lang='lat' dir='ltr'><strong>ubi</strong></span> <span class='ocrx_word' id='word_1_134' title='bbox 594 1570 961 1644; x_wconf 67' lang='lat' dir='ltr'><strong>competentes</strong></span> <span class='ocrx_word' id='word_1_135' title='bbox 989 1570 1302 1644; x_wconf 78' lang='lat' dir='ltr'><strong>Symbolum</strong></span> <span class='ocrx_word' id='word_1_136' title='bbox 1339 1570 1655 1643; x_wconf 80' lang='lat' dir='ltr'><strong>accepturos</strong></span> <span class='ocrx_word' id='word_1_137' title='bbox 1684 1574 1757 1630; x_wconf 91' lang='lat' dir='ltr'><strong>ita</strong></span> 
     </span>
    </p>
   </div>
   <div class='ocr_carea' id='block_1_20' title="bbox 171 1641 1759 1714">
    <p class='ocr_par' dir='ltr' id='par_1_20' title="bbox 171 1641 1759 1714">
     <span class='ocr_line' id='line_1_20' title="bbox 171 1641 1759 1714; baseline 0 -14"><span class='ocrx_word' id='word_1_138' title='bbox 171 1644 497 1701; x_wconf 83' lang='lat' dir='ltr'><strong>instruebat.</strong></span> <span class='ocrx_word' id='word_1_139' title='bbox 535 1663 555 1695; x_wconf 79' lang='lat' dir='ltr'><strong>t</strong></span> <span class='ocrx_word' id='word_1_140' title='bbox 590 1641 874 1714; x_wconf 82' lang='lat' dir='ltr'><strong>Accepturi</strong></span> <span class='ocrx_word' id='word_1_141' title='bbox 911 1641 1245 1714; x_wconf 76' lang='lat' dir='ltr'><strong>Symbolum,</strong></span> <span class='ocrx_word' id='word_1_142' title='bbox 1288 1643 1392 1714; x_wconf 85' lang='lat' dir='ltr'><strong>hoc</strong></span> <span class='ocrx_word' id='word_1_143' title='bbox 1433 1641 1516 1699; x_wconf 83' lang='lat' dir='ltr'><strong>cst</strong></span> <span class='ocrx_word' id='word_1_144' title='bbox 1541 1653 1759 1712; x_wconf 89' lang='lat' dir='ltr'><strong>pactum</strong></span> 
     </span>
    </p>
   </div>
   <div class='ocr_carea' id='block_1_21' title="bbox 170 1713 1759 1784">
    <p class='ocr_par' dir='ltr' id='par_1_21' title="bbox 170 1713 1759 1784">
     <span class='ocr_line' id='line_1_21' title="bbox 170 1713 1759 1784; baseline 0.001 -15"><span class='ocrx_word' id='word_1_145' title='bbox 170 1715 318 1775; x_wconf 60' lang='lat' dir='ltr'><strong>vitae,</strong></span> <span class='ocrx_word' id='word_1_146' title='bbox 348 1715 538 1770; x_wconf 89' lang='lat' dir='ltr'><strong>salutis</strong></span> <span class='ocrx_word' id='word_1_147' title='bbox 563 1713 836 1784; x_wconf 88' lang='lat' dir='ltr'><strong>placitum,</strong></span> <span class='ocrx_word' id='word_1_148' title='bbox 869 1720 925 1768; x_wconf 92' lang='lat' dir='ltr'><strong>et</strong></span> <span class='ocrx_word' id='word_1_149' title='bbox 945 1713 1087 1769; x_wconf 92' lang='lat' dir='ltr'><strong>inter</strong></span> <span class='ocrx_word' id='word_1_150' title='bbox 1115 1729 1209 1768; x_wconf 89' lang='lat' dir='ltr'><strong>vos</strong></span> <span class='ocrx_word' id='word_1_151' title='bbox 1236 1720 1290 1769; x_wconf 92' lang='lat' dir='ltr'><strong>et</strong></span> <span class='ocrx_word' id='word_1_152' title='bbox 1319 1713 1487 1769; x_wconf 90' lang='lat' dir='ltr'><strong>Deum</strong></span> <span class='ocrx_word' id='word_1_153' title='bbox 1517 1713 1636 1770; x_wconf 92' lang='lat' dir='ltr'><strong>ﬁdei</strong></span> <span class='ocrx_word' id='word_1_154' title='bbox 1677 1716 1759 1770; x_wconf 84' lang='lat' dir='ltr'><strong>in-</strong></span> 
     </span>
    </p>
   </div>
   <div class='ocr_carea' id='block_1_22' title="bbox 168 1784 1759 1856">
    <p class='ocr_par' dir='ltr' id='par_1_22' title="bbox 168 1784 1759 1856">
     <span class='ocr_line' id='line_1_22' title="bbox 168 1784 1759 1856; baseline -0.001 -15"><span class='ocrx_word' id='word_1_155' title='bbox 168 1785 406 1842; x_wconf 84' lang='lat' dir='ltr'><strong>solubile</strong></span> <span class='ocrx_word' id='word_1_156' title='bbox 429 1784 714 1850; x_wconf 85' lang='lat' dir='ltr'><strong>vinculum,</strong></span> <span class='ocrx_word' id='word_1_157' title='bbox 733 1791 950 1856; x_wconf 84' lang='lat' dir='ltr'><strong>pectora</strong></span> <span class='ocrx_word' id='word_1_158' title='bbox 976 1791 1182 1856; x_wconf 87' lang='lat' dir='ltr'><strong>parate,</strong></span> <span class='ocrx_word' id='word_1_159' title='bbox 1209 1799 1314 1856; x_wconf 87' lang='lat' dir='ltr'><strong>non</strong></span> <span class='ocrx_word' id='word_1_160' title='bbox 1337 1785 1612 1847; x_wconf 83' lang='lat' dir='ltr'><strong>chartam;</strong></span> <span class='ocrx_word' id='word_1_161' title='bbox 1634 1799 1759 1840; x_wconf 85' lang='lat' dir='ltr'><strong>sen-</strong></span> 
     </span>
    </p>
   </div>
   <div class='ocr_carea' id='block_1_23' title="bbox 169 1854 1759 1919">
    <p class='ocr_par' dir='ltr' id='par_1_23' title="bbox 169 1854 1759 1919">
     <span class='ocr_line' id='line_1_23' title="bbox 169 1854 1759 1919; baseline -0.002 -7"><span class='ocrx_word' id='word_1_162' title='bbox 169 1871 291 1912; x_wconf 85' lang='lat' dir='ltr'><strong>sum</strong></span> <span class='ocrx_word' id='word_1_163' title='bbox 332 1856 530 1919; x_wconf 90' lang='lat' dir='ltr'><strong>acuite,</strong></span> <span class='ocrx_word' id='word_1_164' title='bbox 574 1870 681 1910; x_wconf 90' lang='lat' dir='ltr'><strong>non</strong></span> <span class='ocrx_word' id='word_1_165' title='bbox 714 1854 1008 1918; x_wconf 64' lang='lat' dir='ltr'><strong>calamum;</strong></span> <span class='ocrx_word' id='word_1_166' title='bbox 1039 1861 1096 1910; x_wconf 92' lang='lat' dir='ltr'><strong>et</strong></span> <span class='ocrx_word' id='word_1_167' title='bbox 1125 1855 1325 1917; x_wconf 86' lang='lat' dir='ltr'><strong>audita,</strong></span> <span class='ocrx_word' id='word_1_168' title='bbox 1356 1871 1464 1910; x_wconf 93' lang='lat' dir='ltr'><strong>non</strong></span> <span class='ocrx_word' id='word_1_169' title='bbox 1489 1864 1759 1910; x_wconf 89' lang='lat' dir='ltr'><strong>atramen-</strong></span> 
     </span>
    </p>
   </div>
   <div class='ocr_carea' id='block_1_24' title="bbox 173 1895 1835 1996">
    <p class='ocr_par' dir='ltr' id='par_1_24' title="bbox 173 1895 1835 1996">
     <span class='ocr_line' id='line_1_24' title="bbox 173 1895 1835 1996; baseline 0 -15"><span class='ocrx_word' id='word_1_170' title='bbox 173 1895 1325 1996; x_wconf 58' lang='grc' dir='ltr'><strong>ἰῗῗεοῖξρἶῑίιιῖἦὲἒηῖξίῖἑῶἷέ’ἁεῖἑὲγῖὖῖιὲε’ἒ’</strong></span> <span class='ocrx_word' id='word_1_171' title='bbox 1340 1895 1466 1995; x_wconf 57' lang='lat' dir='ltr'><strong>(iiii;</strong></span> <span class='ocrx_word' id='word_1_172' title='bbox 1489 1895 1758 1981; x_wconf 67' lang='grc' dir='ltr'><strong>’ὁὲἱῶἰῖιῖίὶῑ</strong></span> <span class='ocrx_word' id='word_1_173' title='bbox 1786 1895 1835 1958; x_wconf 76' lang='grc' dir='ltr'><strong>Β</strong></span> 
     </span>
    </p>
   </div>
   <div class='ocr_carea' id='block_1_25' title="bbox 171 1994 1763 2068">
    <p class='ocr_par' dir='ltr' id='par_1_25' title="bbox 171 1994 1763 2068">
     <span class='ocr_line' id='line_1_25' title="bbox 171 1994 1763 2068; baseline 0 -16"><span class='ocrx_word' id='word_1_174' title='bbox 171 2011 282 2052; x_wconf 90' lang='lat' dir='ltr'><strong>non</strong></span> <span class='ocrx_word' id='word_1_175' title='bbox 328 1994 511 2068; x_wconf 83' lang='lat' dir='ltr'><strong>potest</strong></span> <span class='ocrx_word' id='word_1_176' title='bbox 555 1994 769 2068; x_wconf 84' lang='lat' dir='ltr'><strong>caducis</strong></span> <span class='ocrx_word' id='word_1_177' title='bbox 818 2002 874 2049; x_wconf 88' lang='lat' dir='ltr'><strong>et</strong></span> <span class='ocrx_word' id='word_1_178' title='bbox 913 1994 1371 2068; x_wconf 37' lang='lat' dir='ltr'><strong>corruptibililius:</strong></span> <span class='ocrx_word' id='word_1_179' title='bbox 1394 1996 1763 2068; x_wconf 86' lang='lat' dir='ltr'><strong>instrumentis</strong></span> 
     </span>
    </p>
   </div>
   <div class='ocr_carea' id='block_1_26' title="bbox 171 2064 1764 2136">
    <p class='ocr_par' dir='ltr' id='par_1_26' title="bbox 171 2064 1764 2136">
     <span class='ocr_line' id='line_1_26' title="bbox 171 2064 1764 2136; baseline -0.001 -13"><span class='ocrx_word' id='word_1_180' title='bbox 171 2064 440 2123; x_wconf 64' lang='lat' dir='ltr'><strong>aeternum</strong></span> <span class='ocrx_word' id='word_1_181' title='bbox 490 2074 547 2122; x_wconf 91' lang='lat' dir='ltr'><strong>et</strong></span> <span class='ocrx_word' id='word_1_182' title='bbox 570 2064 791 2121; x_wconf 72' lang='lat' dir='ltr'><strong>cceleste</strong></span> <span class='ocrx_word' id='word_1_183' title='bbox 815 2064 1102 2136; x_wconf 71' lang='lat' dir='ltr'><strong>secretum,</strong></span> <span class='ocrx_word' id='word_1_184' title='bbox 1145 2065 1240 2136; x_wconf 91' lang='lat' dir='ltr'><strong>sed</strong></span> <span class='ocrx_word' id='word_1_185' title='bbox 1268 2066 1321 2120; x_wconf 94' lang='lat' dir='ltr'><strong>in</strong></span> <span class='ocrx_word' id='word_1_186' title='bbox 1351 2065 1464 2136; x_wconf 90' lang='lat' dir='ltr'><strong>ipsa</strong></span> <span class='ocrx_word' id='word_1_187' title='bbox 1498 2081 1622 2121; x_wconf 85' lang='lat' dir='ltr'><strong>ar.a</strong></span> <span class='ocrx_word' id='word_1_188' title='bbox 1648 2067 1764 2122; x_wconf 86' lang='lat' dir='ltr'><strong>ani-</strong></span> 
     </span>
    </p>
   </div>
   <div class='ocr_carea' id='block_1_27' title="bbox 174 2135 1758 2207">
    <p class='ocr_par' dir='ltr' id='par_1_27' title="bbox 174 2135 1758 2207">
     <span class='ocr_line' id='line_1_27' title="bbox 174 2135 1758 2207; baseline -0.001 -13"><span class='ocrx_word' id='word_1_189' title='bbox 174 2153 298 2203; x_wconf 69' lang='lat'><strong>11133,</strong></span> <span class='ocrx_word' id='word_1_190' title='bbox 323 2137 341 2193; x_wconf 94' lang='lat' dir='ltr'><strong>i</strong></span> <span class='ocrx_word' id='word_1_191' title='bbox 365 2137 516 2207; x_wconf 52' lang='lat' dir='ltr'><strong>ripsa</strong></span> <span class='ocrx_word' id='word_1_192' title='bbox 539 2135 859 2207; x_wconf 83' lang='lat' dir='ltr'><strong>bibliotheca</strong></span> <span class='ocrx_word' id='word_1_193' title='bbox 880 2135 1077 2207; x_wconf 69' lang='lat' dir='ltr'><strong>interni</strong></span> <span class='ocrx_word' id='word_1_194' title='bbox 1096 2135 1315 2204; x_wconf 88' lang='lat' dir='ltr'><strong>spiritus</strong></span> <span class='ocrx_word' id='word_1_195' title='bbox 1335 2145 1417 2193; x_wconf 90' lang='lat' dir='ltr'><strong>est</strong></span> <span class='ocrx_word' id='word_1_196' title='bbox 1432 2136 1714 2192; x_wconf 91' lang='lat' dir='ltr'><strong>locandum</strong></span> <span class='ocrx_word' id='word_1_197' title='bbox 1745 2155 1758 2192; x_wconf 91' lang='lat'><strong>:</strong></span> 
     </span>
    </p>
   </div>
   <div class='ocr_carea' id='block_1_28' title="bbox 175 2205 1766 2278">
    <p class='ocr_par' dir='ltr' id='par_1_28' title="bbox 175 2205 1766 2278">
     <span class='ocr_line' id='line_1_28' title="bbox 175 2205 1766 2278; baseline -0.001 -14"><span class='ocrx_word' id='word_1_198' title='bbox 175 2222 242 2264; x_wconf 88' lang='lat' dir='ltr'><strong>ne</strong></span> <span class='ocrx_word' id='word_1_199' title='bbox 261 2205 527 2278; x_wconf 84' lang='lat' dir='ltr'><strong>profanus</strong></span> <span class='ocrx_word' id='word_1_200' title='bbox 545 2205 764 2278; x_wconf 81' lang='lat' dir='ltr'><strong>arbiter,</strong></span> <span class='ocrx_word' id='word_1_201' title='bbox 790 2221 856 2261; x_wconf 90' lang='lat' dir='ltr'><strong>ne</strong></span> <span class='ocrx_word' id='word_1_202' title='bbox 878 2205 1040 2278; x_wconf 56' lang='grc' dir='ltr'><strong>πω</strong></span> <span class='ocrx_word' id='word_1_203' title='bbox 1054 2207 1328 2278; x_wconf 84' lang='lat' dir='ltr'><strong>improbus</strong></span> <span class='ocrx_word' id='word_1_204' title='bbox 1345 2207 1488 2278; x_wconf 90' lang='lat' dir='ltr'><strong>quod</strong></span> <span class='ocrx_word' id='word_1_205' title='bbox 1507 2207 1766 2264; x_wconf 87' lang='lat' dir='ltr'><strong>dilaceret</strong></span> 
     </span>
    </p>
   </div>
   <div class='ocr_carea' id='block_1_29' title="bbox 176 2276 1766 2347">
    <p class='ocr_par' dir='ltr' id='par_1_29' title="bbox 176 2276 1766 2347">
     <span class='ocr_line' id='line_1_29' title="bbox 176 2276 1766 2347; baseline -0.001 -12"><span class='ocrx_word' id='word_1_206' title='bbox 176 2276 453 2335; x_wconf 81' lang='lat' dir='ltr'><strong>discussor</strong></span> <span class='ocrx_word' id='word_1_207' title='bbox 479 2276 717 2333; x_wconf 83' lang='lat' dir='ltr'><strong>inveniat</strong></span> <span class='ocrx_word' id='word_1_208' title='bbox 748 2294 767 2347; x_wconf 79' lang='lat'><em>:7</em></span> <span class='ocrx_word' id='word_1_209' title='bbox 792 2283 849 2332; x_wconf 88' lang='lat' dir='ltr'><strong>et</strong></span> <span class='ocrx_word' id='word_1_210' title='bbox 882 2276 978 2347; x_wconf 75' lang='lat' dir='ltr'><strong>ﬁat</strong></span> <span class='ocrx_word' id='word_1_211' title='bbox 1004 2276 1072 2331; x_wconf 86' lang='lat' dir='ltr'><strong>ad</strong></span> <span class='ocrx_word' id='word_1_212' title='bbox 1100 2276 1494 2347; x_wconf 75' lang='lat' dir='ltr'><strong>contemnentis</strong></span> <span class='ocrx_word' id='word_1_213' title='bbox 1532 2284 1587 2332; x_wconf 94' lang='lat' dir='ltr'><strong>et</strong></span> <span class='ocrx_word' id='word_1_214' title='bbox 1613 2279 1766 2347; x_wconf 90' lang='lat' dir='ltr'><strong>igno-</strong></span> 
     </span>
    </p>
   </div>
   <div class='ocr_carea' id='block_1_30' title="bbox 178 2345 1766 2418">
    <p class='ocr_par' dir='ltr' id='par_1_30' title="bbox 178 2345 1766 2418">
     <span class='ocr_line' id='line_1_30' title="bbox 178 2345 1766 2418; baseline -0.001 -12"><span class='ocrx_word' id='word_1_215' title='bbox 178 2348 348 2406; x_wconf 82' lang='lat' dir='ltr'><strong>rantis</strong></span> <span class='ocrx_word' id='word_1_216' title='bbox 374 2347 607 2414; x_wconf 90' lang='lat' dir='ltr'><strong>ruinam,</strong></span> <span class='ocrx_word' id='word_1_217' title='bbox 631 2346 774 2418; x_wconf 80' lang='lat' dir='ltr'><strong>quod</strong></span> <span class='ocrx_word' id='word_1_218' title='bbox 803 2346 1108 2404; x_wconf 87' lang='lat' dir='ltr'><strong>conﬁtentis</strong></span> <span class='ocrx_word' id='word_1_219' title='bbox 1132 2354 1194 2418; x_wconf 87' lang='lat' dir='ltr'><strong>et</strong></span> <span class='ocrx_word' id='word_1_220' title='bbox 1219 2345 1486 2418; x_wconf 75' lang='lat' dir='ltr'><strong>credentis</strong></span> <span class='ocrx_word' id='word_1_221' title='bbox 1508 2345 1766 2404; x_wconf 78' lang='lat' dir='ltr'><strong>donatum</strong></span> 
     </span>
    </p>
   </div>
   <div class='ocr_carea' id='block_1_31' title="bbox 183 2415 1768 2476">
    <p class='ocr_par' dir='ltr' id='par_1_31' title="bbox 183 2415 1768 2476">
     <span class='ocr_line' id='line_1_31' title="bbox 183 2415 1768 2476; baseline -0.003 -1"><span class='ocrx_word' id='word_1_222' title='bbox 183 2426 267 2476; x_wconf 88' lang='lat' dir='ltr'><strong>est</strong></span> <span class='ocrx_word' id='word_1_223' title='bbox 293 2418 359 2475; x_wconf 92' lang='lat' dir='ltr'><strong>ad</strong></span> <span class='ocrx_word' id='word_1_224' title='bbox 390 2415 697 2474; x_wconf 48' lang='lat' dir='ltr'><strong>salutem.)</strong></span> <span class='ocrx_word' id='word_1_225' title='bbox 723 2415 848 2473; x_wconf 73' lang='lat' dir='ltr'><strong>Hzec</strong></span> <span class='ocrx_word' id='word_1_226' title='bbox 869 2424 1085 2475; x_wconf 88' lang='lat' dir='ltr'><strong>sanctus</strong></span> <span class='ocrx_word' id='word_1_227' title='bbox 1111 2416 1320 2474; x_wconf 91' lang='lat' dir='ltr'><strong>doctor.</strong></span> <span class='ocrx_word' id='word_1_228' title='bbox 1345 2416 1453 2473; x_wconf 91' lang='lat' dir='ltr'><strong>Sed</strong></span> <span class='ocrx_word' id='word_1_229' title='bbox 1480 2425 1535 2473; x_wconf 92' lang='lat' dir='ltr'><strong>et</strong></span> <span class='ocrx_word' id='word_1_230' title='bbox 1564 2432 1768 2473; x_wconf 79' lang='lat' dir='ltr'><strong>exeun-</strong></span> 
     </span>
    </p>
   </div>
   <div class='ocr_carea' id='block_1_32' title="bbox 183 2486 1768 2561">
    <p class='ocr_par' dir='ltr' id='par_1_32' title="bbox 183 2486 1768 2561">
     <span class='ocr_line' id='line_1_32' title="bbox 183 2486 1768 2561; baseline -0.001 -16"><span class='ocrx_word' id='word_1_231' title='bbox 183 2490 252 2561; x_wconf 85' lang='lat' dir='ltr'><strong>tis</strong></span> <span class='ocrx_word' id='word_1_232' title='bbox 268 2504 489 2561; x_wconf 82' lang='lat' dir='ltr'><strong>quoque</strong></span> <span class='ocrx_word' id='word_1_233' title='bbox 508 2486 755 2561; x_wconf 79' lang='lat' dir='ltr'><strong>ejusdem</strong></span> <span class='ocrx_word' id='word_1_234' title='bbox 765 2487 939 2561; x_wconf 80' lang='lat' dir='ltr'><strong>quinti</strong></span> <span class='ocrx_word' id='word_1_235' title='bbox 964 2487 1661 2561; x_wconf 69' lang='lat' dir='ltr'><strong>smculidocumentutnpre</strong></span> <span class='ocrx_word' id='word_1_236' title='bbox 1682 2502 1768 2561; x_wconf 88' lang='lat' dir='ltr'><strong>ea-</strong></span> 
     </span>
    </p>
   </div>
   <div class='ocr_carea' id='block_1_33' title="bbox 180 2556 1768 2630">
    <p class='ocr_par' dir='ltr' id='par_1_33' title="bbox 180 2556 1768 2630">
     <span class='ocr_line' id='line_1_33' title="bbox 180 2556 1768 2630; baseline -0.002 -14"><span class='ocrx_word' id='word_1_237' title='bbox 180 2556 303 2630; x_wconf 74' lang='lat' dir='ltr'><strong>dem</strong></span> <span class='ocrx_word' id='word_1_238' title='bbox 328 2556 688 2630; x_wconf 66' lang='lat' dir='ltr'><strong>de&#39;Symboio</strong></span> <span class='ocrx_word' id='word_1_239' title='bbox 725 2556 1001 2630; x_wconf 72' lang='lat' dir='ltr'><strong>diSciplina</strong></span> <span class='ocrx_word' id='word_1_240' title='bbox 1034 2556 1497 2630; x_wconf 65' lang='lat' dir='ltr'><strong>praebeiliomana</strong></span> <span class='ocrx_word' id='word_1_241' title='bbox 1528 2556 1768 2630; x_wconf 76' lang='lat' dir='ltr'><strong>Ecclesia</strong></span> 
     </span>
    </p>
   </div>
   <div class='ocr_carea' id='block_1_34' title="bbox 179 2624 1766 2700">
    <p class='ocr_par' dir='ltr' id='par_1_34' title="bbox 179 2624 1766 2700">
     <span class='ocr_line' id='line_1_34' title="bbox 179 2624 1766 2700; baseline -0.001 -14"><span class='ocrx_word' id='word_1_242' title='bbox 179 2630 233 2686; x_wconf 84' lang='lat' dir='ltr'><strong>in</strong></span> <span class='ocrx_word' id='word_1_243' title='bbox 258 2624 697 2687; x_wconf 79' lang='lat' dir='ltr'><strong>Sacranientario</strong></span> <span class='ocrx_word' id='word_1_244' title='bbox 733 2624 1020 2700; x_wconf 60' lang='lat' dir='ltr'><strong>Gela&#39;siano</strong></span> <span class='ocrx_word' id='word_1_245' title='bbox 1034 2624 1563 2700; x_wconf 63' lang='lat' dir='ltr'><strong>&#39;apudMuratorium</strong></span> <span class='ocrx_word' id='word_1_246' title='bbox 1581 2627 1766 2700; x_wconf 69' lang='lat' dir='ltr'><strong>Litur-</strong></span> 
     </span>
    </p>
   </div>
   <div class='ocr_carea' id='block_1_35' title="bbox 178 2695 1768 2784">
    <p class='ocr_par' dir='ltr' id='par_1_35' title="bbox 178 2695 1768 2784">
     <span class='ocr_line' id='line_1_35' title="bbox 178 2695 1768 2784; baseline -0.001 -28"><span class='ocrx_word' id='word_1_247' title='bbox 178 2700 533 2784; x_wconf 49' lang='lat' dir='ltr'><strong>giajiumaita</strong></span> <span class='ocrx_word' id='word_1_248' title='bbox 553 2706 904 2784; x_wconf 35' lang='lat' dir='ltr'><strong>vetusutoino</strong></span> <span class='ocrx_word' id='word_1_249' title='bbox 930 2695 1109 2784; x_wconf 45' lang='lat' dir='ltr'><strong>chol&#39;:</strong></span> <span class='ocrx_word' id='word_1_250' title='bbox 1268 2698 1521 2784; x_wconf 76' lang='lat' dir='ltr'><strong>editionis</strong></span> <span class='ocrx_word' id='word_1_251' title='bbox 1539 2697 1768 2784; x_wconf 46' lang='lat' dir='ltr'><strong>IVenetaz</strong></span> 
     </span>
    </p>
   </div>
   <div class='ocr_carea' id='block_1_36' title="bbox 179 2767 1770 2842">
    <p class='ocr_par' dir='ltr' id='par_1_36' title="bbox 179 2767 1770 2842">
     <span class='ocr_line' id='line_1_36' title="bbox 179 2767 1770 2842; baseline -0.004 -14"><span class='ocrx_word' id='word_1_252' title='bbox 179 2767 413 2835; x_wconf 74' lang='lat' dir='ltr'><strong>iit-folio,</strong></span> <span class='ocrx_word' id='word_1_253' title='bbox 436 2771 531 2842; x_wconf 92' lang='lat' dir='ltr'><strong>ubi</strong></span> <span class='ocrx_word' id='word_1_254' title='bbox 552 2770 605 2825; x_wconf 93' lang='lat' dir='ltr'><strong>in</strong></span> <span class='ocrx_word' id='word_1_255' title='bbox 627 2767 939 2842; x_wconf 80' lang='lat' dir='ltr'><strong>pnefatione</strong></span> <span class='ocrx_word' id='word_1_256' title='bbox 958 2768 1283 2842; x_wconf 67' lang='lat' dir='ltr'><strong>Symboliad</strong></span> <span class='ocrx_word' id='word_1_257' title='bbox 1305 2768 1509 2842; x_wconf 80' lang='lat' dir='ltr'><strong>electos</strong></span> <span class='ocrx_word' id='word_1_258' title='bbox 1537 2769 1655 2842; x_wconf 66' lang='lat' dir='ltr'><strong>bzec</strong></span> <span class='ocrx_word' id='word_1_259' title='bbox 1670 2770 1770 2825; x_wconf 63' lang='lat' dir='ltr'><strong>ha-s</strong></span> 
     </span>
    </p>
   </div>
   <div class='ocr_carea' id='block_1_37' title="bbox 176 2838 1763 2912">
    <p class='ocr_par' dir='ltr' id='par_1_37' title="bbox 176 2838 1763 2912">
     <span class='ocr_line' id='line_1_37' title="bbox 176 2838 1763 2912; baseline -0.002 -14"><span class='ocrx_word' id='word_1_260' title='bbox 176 2842 426 2912; x_wconf 71' lang='lat' dir='ltr'><strong>bentur:</strong></span> <span class='ocrx_word' id='word_1_261' title='bbox 462 2859 481 2894; x_wconf 72' lang='grc' dir='ltr'>ι</span> <span class='ocrx_word' id='word_1_262' title='bbox 514 2838 737 2912; x_wconf 76' lang='lat' dir='ltr'><strong>lnteittis</strong></span> <span class='ocrx_word' id='word_1_263' title='bbox 767 2840 948 2911; x_wconf 88' lang='lat' dir='ltr'><strong>itaque</strong></span> <span class='ocrx_word' id='word_1_264' title='bbox 966 2838 1166 2912; x_wconf 78' lang='lat' dir='ltr'><strong>animis</strong></span> <span class='ocrx_word' id='word_1_265' title='bbox 1193 2838 1507 2912; x_wconf 81' lang='lat' dir='ltr'><strong>Symbolum</strong></span> <span class='ocrx_word' id='word_1_266' title='bbox 1529 2839 1718 2912; x_wconf 87' lang='lat' dir='ltr'><strong>discite</strong></span> <span class='ocrx_word' id='word_1_267' title='bbox 1750 2856 1763 2912; x_wconf 68' lang='grc' dir='ltr'>ξ</span> 
     </span>
    </p>
   </div>
   <div class='ocr_carea' id='block_1_38' title="bbox 177 2910 1769 2983">
    <p class='ocr_par' dir='ltr' id='par_1_38' title="bbox 177 2910 1769 2983">
     <span class='ocr_line' id='line_1_38' title="bbox 177 2910 1769 2983; baseline -0.004 -13"><span class='ocrx_word' id='word_1_268' title='bbox 177 2920 233 2970; x_wconf 84' lang='lat' dir='ltr'><strong>et</strong></span> <span class='ocrx_word' id='word_1_269' title='bbox 250 2911 410 2983; x_wconf 89' lang='lat' dir='ltr'><strong>quod</strong></span> <span class='ocrx_word' id='word_1_270' title='bbox 436 2912 607 2978; x_wconf 84' lang='lat' dir='ltr'><strong>vobis,</strong></span> <span class='ocrx_word' id='word_1_271' title='bbox 631 2910 772 2967; x_wconf 90' lang='lat' dir='ltr'><strong>sicut</strong></span> <span class='ocrx_word' id='word_1_272' title='bbox 798 2910 1119 2983; x_wconf 86' lang='lat' dir='ltr'><strong>accepimus,</strong></span> <span class='ocrx_word' id='word_1_273' title='bbox 1150 2910 1426 2983; x_wconf 80' lang='lat' dir='ltr'><strong>tradimus,</strong></span> <span class='ocrx_word' id='word_1_274' title='bbox 1460 2926 1578 2983; x_wconf 83' lang='lat' dir='ltr'><strong>non</strong></span> <span class='ocrx_word' id='word_1_275' title='bbox 1607 2910 1769 2983; x_wconf 79' lang='lat' dir='ltr'><strong>alicui</strong></span> 
     </span>
    </p>
   </div>
   <div class='ocr_carea' id='block_1_39' title="bbox 177 2979 1771 3054">
    <p class='ocr_par' dir='ltr' id='par_1_39' title="bbox 177 2979 1771 3054">
     <span class='ocr_line' id='line_1_39' title="bbox 177 2979 1771 3054; baseline -0.003 -14"><span class='ocrx_word' id='word_1_276' title='bbox 177 2979 444 3050; x_wconf 66' lang='lat' dir='ltr'><strong>materiae,</strong></span> <span class='ocrx_word' id='word_1_277' title='bbox 487 2997 606 3053; x_wconf 64' lang='lat' dir='ltr'><strong>quae</strong></span> <span class='ocrx_word' id='word_1_278' title='bbox 650 2979 942 3054; x_wconf 68' lang='lat' dir='ltr'><strong>corrumpi</strong></span> <span class='ocrx_word' id='word_1_279' title='bbox 961 2988 1160 3054; x_wconf 84' lang='lat' dir='ltr'><strong>potest,</strong></span> <span class='ocrx_word' id='word_1_280' title='bbox 1209 2980 1306 3037; x_wconf 90' lang='lat' dir='ltr'><strong>sed</strong></span> <span class='ocrx_word' id='word_1_281' title='bbox 1351 2980 1559 3052; x_wconf 78' lang='lat' dir='ltr'><strong>paginis</strong></span> <span class='ocrx_word' id='word_1_282' title='bbox 1601 2979 1771 3037; x_wconf 88' lang='lat' dir='ltr'><strong>vestri</strong></span> 
     </span>
    </p>
   </div>
   <div class='ocr_carea' id='block_1_40' title="bbox 177 3054 722 3112">
    <p class='ocr_par' dir='ltr' id='par_1_40' title="bbox 177 3054 722 3112">
     <span class='ocr_line' id='line_1_40' title="bbox 177 3054 722 3112; baseline -0.015 0"><span class='ocrx_word' id='word_1_283' title='bbox 177 3055 364 3112; x_wconf 87' lang='lat' dir='ltr'><strong>cordis</strong></span> <span class='ocrx_word' id='word_1_284' title='bbox 393 3054 663 3110; x_wconf 89' lang='lat' dir='ltr'><strong>ascribite.</strong></span> <span class='ocrx_word' id='word_1_285' title='bbox 702 3071 722 3104; x_wconf 74' lang='grc' dir='ltr'><strong><em>ι</em></strong></span> 
     </span>
    </p>
   </div>
   <div class='ocr_carea' id='block_1_41' title="bbox 245 3119 1768 3194">
    <p class='ocr_par' dir='ltr' id='par_1_41' title="bbox 245 3119 1768 3194">
     <span class='ocr_line' id='line_1_41' title="bbox 245 3119 1768 3194; baseline -0.001 -15"><span class='ocrx_word' id='word_1_286' title='bbox 245 3122 403 3194; x_wconf 78' lang='lat' dir='ltr'><strong>Quid</strong></span> <span class='ocrx_word' id='word_1_287' title='bbox 429 3140 558 3180; x_wconf 89' lang='lat' dir='ltr'><strong>vero</strong></span> <span class='ocrx_word' id='word_1_288' title='bbox 585 3130 709 3194; x_wconf 91' lang='lat' dir='ltr'><strong>post</strong></span> <span class='ocrx_word' id='word_1_289' title='bbox 729 3121 1229 3194; x_wconf 66' lang='lat' dir='ltr'><strong>breeAquileiensis</strong></span> <span class='ocrx_word' id='word_1_290' title='bbox 1255 3120 1533 3194; x_wconf 84' lang='lat' dir='ltr'><strong>Ecclesia?</strong></span> <span class='ocrx_word' id='word_1_291' title='bbox 1562 3119 1768 3194; x_wconf 65' lang='lat' dir='ltr'><strong>Praesto</strong></span> 
     </span>
    </p>
   </div>
   <div class='ocr_carea' id='block_1_42' title="bbox 178 3191 1768 3265">
    <p class='ocr_par' dir='ltr' id='par_1_42' title="bbox 178 3191 1768 3265">
     <span class='ocr_line' id='line_1_42' title="bbox 178 3191 1768 3265; baseline -0.002 -14"><span class='ocrx_word' id='word_1_292' title='bbox 178 3202 259 3251; x_wconf 87' lang='lat' dir='ltr'><strong>est</strong></span> <span class='ocrx_word' id='word_1_293' title='bbox 278 3191 511 3265; x_wconf 76' lang='lat' dir='ltr'><strong>Ruﬁnus</strong></span> <span class='ocrx_word' id='word_1_294' title='bbox 534 3191 716 3265; x_wconf 78' lang='lat' dir='ltr'><strong>noster</strong></span> <span class='ocrx_word' id='word_1_295' title='bbox 734 3191 1057 3265; x_wconf 61' lang='lat' dir='ltr'><strong>celebri&#39;suo</strong></span> <span class='ocrx_word' id='word_1_296' title='bbox 1076 3191 1735 3265; x_wconf 78' lang='lat' dir='ltr'><strong>inSymholutnapostolo</strong></span> <span class='ocrx_word' id='word_1_297' title='bbox 1748 3223 1768 3235; x_wconf 87' lang='lat'><strong>-</strong></span> 
     </span>
    </p>
   </div>
   <div class='ocr_carea' id='block_1_43' title="bbox 178 3243 1838 3334">
    <p class='ocr_par' dir='ltr' id='par_1_43' title="bbox 178 3243 1838 3334">
     <span class='ocr_line' id='line_1_43' title="bbox 178 3243 1838 3334; baseline -0.007 -13"><span class='ocrx_word' id='word_1_298' title='bbox 178 3243 761 3328; x_wconf 53' lang='lat' dir='ltr'><strong>aia‘éaaiagaea&#39;o;</strong></span> <span class='ocrx_word' id='word_1_299' title='bbox 774 3243 942 3317; x_wconf 53' lang='lat' dir='ltr'><strong>sua.</strong></span> <span class='ocrx_word' id='word_1_300' title='bbox 959 3243 1057 3334; x_wconf 60' lang='grc' dir='ltr'><strong>’ἐξ</strong></span> <span class='ocrx_word' id='word_1_301' title='bbox 1076 3243 1213 3319; x_wconf 60' lang='lat' dir='ltr'><strong>bbi&quot;</strong></span> <span class='ocrx_word' id='word_1_302' title='bbox 1225 3243 1767 3334; x_wconf 47' lang='lat' dir='ltr'><strong>insanissima</strong></span> <span class='ocrx_word' id='word_1_303' title='bbox 1790 3243 1838 3309; x_wconf 87' lang='lat' dir='ltr'>C</span> 
     </span>
    </p>
   </div>
   <div class='ocr_carea' id='block_1_44' title="bbox 178 3332 1765 3406">
    <p class='ocr_par' dir='ltr' id='par_1_44' title="bbox 178 3332 1765 3406">
     <span class='ocr_line' id='line_1_44' title="bbox 178 3332 1765 3406; baseline -0.001 -15"><span class='ocrx_word' id='word_1_304' title='bbox 178 3335 350 3401; x_wconf 89' lang='lat' dir='ltr'><strong>hanc,</strong></span> <span class='ocrx_word' id='word_1_305' title='bbox 393 3333 766 3406; x_wconf 79' lang='lat' dir='ltr'><strong>Symboliuon</strong></span> <span class='ocrx_word' id='word_1_306' title='bbox 796 3332 1095 3406; x_wconf 77' lang='lat' dir='ltr'><strong>scribendi,</strong></span> <span class='ocrx_word' id='word_1_307' title='bbox 1140 3333 1475 3406; x_wconf 76' lang='lat' dir='ltr'><strong>traditionem</strong></span> <span class='ocrx_word' id='word_1_308' title='bbox 1505 3332 1765 3406; x_wconf 78' lang='lat' dir='ltr'><strong>apostoli-</strong></span> 
     </span>
    </p>
   </div>
   <div class='ocr_carea' id='block_1_45' title="bbox 179 3402 1768 3476">
    <p class='ocr_par' dir='ltr' id='par_1_45' title="bbox 179 3402 1768 3476">
     <span class='ocr_line' id='line_1_45' title="bbox 179 3402 1768 3476; baseline -0.003 -14"><span class='ocrx_word' id='word_1_309' title='bbox 179 3421 293 3462; x_wconf 85' lang='lat' dir='ltr'><strong>cam</strong></span> <span class='ocrx_word' id='word_1_310' title='bbox 320 3402 581 3476; x_wconf 77' lang='lat' dir='ltr'><strong>appellat,</strong></span> <span class='ocrx_word' id='word_1_311' title='bbox 610 3403 795 3476; x_wconf 80' lang='lat' dir='ltr'><strong>dicens</strong></span> <span class='ocrx_word' id='word_1_312' title='bbox 823 3421 837 3457; x_wconf 89' lang='lat'><strong>:</strong></span> <span class='ocrx_word' id='word_1_313' title='bbox 875 3421 895 3455; x_wconf 84' lang='lat' dir='ltr'><strong>t</strong></span> <span class='ocrx_word' id='word_1_314' title='bbox 932 3402 1139 3476; x_wconf 80' lang='lat' dir='ltr'><strong>idcirco</strong></span> <span class='ocrx_word' id='word_1_315' title='bbox 1169 3404 1408 3476; x_wconf 73' lang='lat' dir='ltr'><strong>lucorum</strong></span> <span class='ocrx_word' id='word_1_316' title='bbox 1429 3402 1588 3476; x_wconf 84' lang='lat' dir='ltr'><strong>scribi</strong></span> <span class='ocrx_word' id='word_1_317' title='bbox 1617 3405 1768 3476; x_wconf 88' lang='lat' dir='ltr'><strong>char-</strong></span> 
     </span>
    </p>
   </div>
   <div class='ocr_carea' id='block_1_46' title="bbox 177 3474 1768 3539">
    <p class='ocr_par' dir='ltr' id='par_1_46' title="bbox 177 3474 1768 3539">
     <span class='ocr_line' id='line_1_46' title="bbox 177 3474 1768 3539; baseline -0.003 -6"><span class='ocrx_word' id='word_1_318' title='bbox 177 3477 305 3533; x_wconf 87' lang='lat' dir='ltr'><strong>tulis</strong></span> <span class='ocrx_word' id='word_1_319' title='bbox 347 3474 443 3531; x_wconf 76' lang='lat' dir='ltr'><strong>aut</strong></span> <span class='ocrx_word' id='word_1_320' title='bbox 479 3475 820 3539; x_wconf 88' lang='lat' dir='ltr'><strong>membranis,</strong></span> <span class='ocrx_word' id='word_1_321' title='bbox 868 3474 962 3530; x_wconf 92' lang='lat' dir='ltr'><strong>sed</strong></span> <span class='ocrx_word' id='word_1_322' title='bbox 993 3474 1210 3529; x_wconf 90' lang='lat' dir='ltr'><strong>retineri</strong></span> <span class='ocrx_word' id='word_1_323' title='bbox 1238 3474 1569 3529; x_wconf 89' lang='lat' dir='ltr'><strong>credentium</strong></span> <span class='ocrx_word' id='word_1_324' title='bbox 1592 3475 1768 3531; x_wconf 87' lang='lat' dir='ltr'><strong>cordi-</strong></span> 
     </span>
    </p>
   </div>
   <div class='ocr_carea' id='block_1_47' title="bbox 178 3544 1767 3617">
    <p class='ocr_par' dir='ltr' id='par_1_47' title="bbox 178 3544 1767 3617">
     <span class='ocr_line' id='line_1_47' title="bbox 178 3544 1767 3617; baseline -0.003 -14"><span class='ocrx_word' id='word_1_325' title='bbox 178 3546 279 3603; x_wconf 90' lang='lat' dir='ltr'><strong>bus</strong></span> <span class='ocrx_word' id='word_1_326' title='bbox 306 3545 647 3602; x_wconf 89' lang='lat' dir='ltr'><strong>tradiderunt</strong></span> <span class='ocrx_word' id='word_1_327' title='bbox 668 3544 962 3617; x_wconf 84' lang='lat' dir='ltr'><strong>(apostoli),</strong></span> <span class='ocrx_word' id='word_1_328' title='bbox 986 3552 1046 3617; x_wconf 69' lang='lat' dir='ltr'><strong>ui</strong></span> <span class='ocrx_word' id='word_1_329' title='bbox 1064 3554 1269 3601; x_wconf 90' lang='lat' dir='ltr'><strong>certum</strong></span> <span class='ocrx_word' id='word_1_330' title='bbox 1295 3553 1441 3617; x_wconf 85' lang='lat' dir='ltr'><strong>esset</strong></span> <span class='ocrx_word' id='word_1_331' title='bbox 1456 3544 1569 3599; x_wconf 65' lang='lat' dir='ltr'><strong>haec</strong></span> <span class='ocrx_word' id='word_1_332' title='bbox 1596 3545 1767 3617; x_wconf 88' lang='lat' dir='ltr'><strong>nemi-_-</strong></span> 
     </span>
    </p>
   </div>
   <div class='ocr_carea' id='block_1_48' title="bbox 183 3613 1765 3685">
    <p class='ocr_par' dir='ltr' id='par_1_48' title="bbox 183 3613 1765 3685">
     <span class='ocr_line' id='line_1_48' title="bbox 183 3613 1765 3685; baseline -0.001 -13"><span class='ocrx_word' id='word_1_333' title='bbox 183 3632 307 3672; x_wconf 87' lang='lat' dir='ltr'><strong>nem</strong></span> <span class='ocrx_word' id='word_1_334' title='bbox 336 3633 407 3673; x_wconf 80' lang='lat' dir='ltr'><strong>ex</strong></span> <span class='ocrx_word' id='word_1_335' title='bbox 445 3613 696 3681; x_wconf 76' lang='lat' dir='ltr'><strong>lectione,</strong></span> <span class='ocrx_word' id='word_1_336' title='bbox 724 3613 846 3685; x_wconf 69' lang='lat' dir='ltr'><strong>qua:</strong></span> <span class='ocrx_word' id='word_1_337' title='bbox 874 3613 1143 3670; x_wconf 88' lang='lat' dir='ltr'><strong>interdum</strong></span> <span class='ocrx_word' id='word_1_338' title='bbox 1173 3616 1455 3685; x_wconf 84' lang='lat' dir='ltr'><strong>perve..ire</strong></span> <span class='ocrx_word' id='word_1_339' title='bbox 1497 3616 1660 3670; x_wconf 90' lang='lat' dir='ltr'><strong>etiam</strong></span> <span class='ocrx_word' id='word_1_340' title='bbox 1697 3615 1765 3670; x_wconf 90' lang='lat' dir='ltr'><strong>ad</strong></span> 
     </span>
    </p>
   </div>
   <div class='ocr_carea' id='block_1_49' title="bbox 182 3684 1765 3755">
    <p class='ocr_par' dir='ltr' id='par_1_49' title="bbox 182 3684 1765 3755">
     <span class='ocr_line' id='line_1_49' title="bbox 182 3684 1765 3755; baseline -0.003 -12"><span class='ocrx_word' id='word_1_341' title='bbox 182 3685 426 3744; x_wconf 87' lang='lat' dir='ltr'><strong>inﬁdeles</strong></span> <span class='ocrx_word' id='word_1_342' title='bbox 467 3686 623 3752; x_wconf 88' lang='lat' dir='ltr'><strong>solet,</strong></span> <span class='ocrx_word' id='word_1_343' title='bbox 656 3684 753 3741; x_wconf 84' lang='lat' dir='ltr'><strong>sed</strong></span> <span class='ocrx_word' id='word_1_344' title='bbox 796 3701 863 3741; x_wconf 81' lang='lat' dir='ltr'><strong>ex</strong></span> <span class='ocrx_word' id='word_1_345' title='bbox 891 3685 1257 3755; x_wconf 80' lang='lat' dir='ltr'><strong>apostolorum</strong></span> <span class='ocrx_word' id='word_1_346' title='bbox 1297 3684 1765 3755; x_wconf 79' lang='lat' dir='ltr'><strong>traditione_didi-</strong></span> 
     </span>
    </p>
   </div>
   <div class='ocr_carea' id='block_1_50' title="bbox 180 3753 1769 3825">
    <p class='ocr_par' dir='ltr' id='par_1_50' title="bbox 180 3753 1769 3825">
     <span class='ocr_line' id='line_1_50' title="bbox 180 3753 1769 3825; baseline -0.001 -12"><span class='ocrx_word' id='word_1_347' title='bbox 180 3758 342 3814; x_wconf 90' lang='lat' dir='ltr'><strong>cisse.</strong></span> <span class='ocrx_word' id='word_1_348' title='bbox 384 3777 402 3809; x_wconf 73' lang='grc' dir='ltr'><strong>ι</strong></span> <span class='ocrx_word' id='word_1_349' title='bbox 436 3755 700 3812; x_wconf 77' lang='lat' dir='ltr'><strong>Pneterea</strong></span> <span class='ocrx_word' id='word_1_350' title='bbox 722 3753 1076 3825; x_wconf 85' lang='lat' dir='ltr'><strong>Aquileiensis</strong></span> <span class='ocrx_word' id='word_1_351' title='bbox 1103 3755 1218 3825; x_wconf 89' lang='lat' dir='ltr'><strong>ipsa</strong></span> <span class='ocrx_word' id='word_1_352' title='bbox 1243 3755 1396 3825; x_wconf 85' lang='lat' dir='ltr'><strong>adest</strong></span> <span class='ocrx_word' id='word_1_353' title='bbox 1420 3763 1569 3811; x_wconf 87' lang='lat' dir='ltr'><strong>vetus</strong></span> <span class='ocrx_word' id='word_1_354' title='bbox 1596 3753 1769 3811; x_wconf 88' lang='lat' dir='ltr'><strong>Litur-</strong></span> 
     </span>
    </p>
   </div>
   <div class='ocr_carea' id='block_1_51' title="bbox 213 3824 1766 3900">
    <p class='ocr_par' dir='ltr' id='par_1_51' title="bbox 213 3824 1766 3900">
     <span class='ocr_line' id='line_1_51' title="bbox 213 3824 1766 3900; baseline -0.003 -16"><span class='ocrx_word' id='word_1_355' title='bbox 213 3829 261 3884; x_wconf 86' lang='lat' dir='ltr'><strong>ia</strong></span> <span class='ocrx_word' id='word_1_356' title='bbox 299 3826 556 3900; x_wconf 78' lang='lat' dir='ltr'><strong>apudDe</strong></span> <span class='ocrx_word' id='word_1_357' title='bbox 584 3824 799 3900; x_wconf 30' lang='lat' dir='ltr'><strong>Rubeis’</strong></span> <span class='ocrx_word' id='word_1_358' title='bbox 819 3824 1195 3900; x_wconf 81' lang='lat' dir='ltr'><strong>dissertatione</strong></span> <span class='ocrx_word' id='word_1_359' title='bbox 1235 3825 1303 3881; x_wconf 89' lang='lat' dir='ltr'><strong>de</strong></span> <span class='ocrx_word' id='word_1_360' title='bbox 1331 3824 1509 3900; x_wconf 80' lang='lat' dir='ltr'><strong>sacris</strong></span> <span class='ocrx_word' id='word_1_361' title='bbox 1535 3825 1766 3900; x_wconf 81' lang='lat' dir='ltr'><strong>Foroju-</strong></span> 
     </span>
    </p>
   </div>
   <div class='ocr_carea' id='block_1_52' title="bbox 207 3895 1767 3966">
    <p class='ocr_par' dir='ltr' id='par_1_52' title="bbox 207 3895 1767 3966">
     <span class='ocr_line' id='line_1_52' title="bbox 207 3895 1767 3966; baseline -0.001 -13"><span class='ocrx_word' id='word_1_362' title='bbox 207 3895 592 3963; x_wconf 53' lang='lat' dir='ltr'><strong>ienszitibus,</strong></span> <span class='ocrx_word' id='word_1_363' title='bbox 619 3896 796 3966; x_wconf 86' lang='lat' dir='ltr'><strong>capite</strong></span> <span class='ocrx_word' id='word_1_364' title='bbox 824 3895 908 3963; x_wconf 83' lang='lat' dir='ltr'><strong>ll,</strong></span> <span class='ocrx_word' id='word_1_365' title='bbox 932 3904 1082 3952; x_wconf 90' lang='lat' dir='ltr'><strong>eruta</strong></span> <span class='ocrx_word' id='word_1_366' title='bbox 1111 3912 1179 3952; x_wconf 81' lang='lat' dir='ltr'><strong>ex</strong></span> <span class='ocrx_word' id='word_1_367' title='bbox 1206 3898 1430 3952; x_wconf 88' lang='lat' dir='ltr'><strong>vetustis</strong></span> <span class='ocrx_word' id='word_1_368' title='bbox 1453 3895 1767 3966; x_wconf 84' lang='lat' dir='ltr'><strong>Aquileien-</strong></span> 
     </span>
    </p>
   </div>
   <div class='ocr_carea' id='block_1_53' title="bbox 180 3966 1769 4034">
    <p class='ocr_par' dir='ltr' id='par_1_53' title="bbox 180 3966 1769 4034">
     <span class='ocr_line' id='line_1_53' title="bbox 180 3966 1769 4034; baseline -0.003 -7"><span class='ocrx_word' id='word_1_369' title='bbox 180 3969 249 4027; x_wconf 88' lang='lat' dir='ltr'><strong>sis</strong></span> <span class='ocrx_word' id='word_1_370' title='bbox 290 3967 555 4025; x_wconf 73' lang='lat' dir='ltr'><strong>Ecclesia:</strong></span> <span class='ocrx_word' id='word_1_371' title='bbox 599 3966 904 4034; x_wconf 89' lang='lat' dir='ltr'><strong>codicibus,</strong></span> <span class='ocrx_word' id='word_1_372' title='bbox 950 3967 1043 4023; x_wconf 91' lang='lat' dir='ltr'><strong>ubi</strong></span> <span class='ocrx_word' id='word_1_373' title='bbox 1087 3966 1140 4022; x_wconf 93' lang='lat' dir='ltr'><strong>in</strong></span> <span class='ocrx_word' id='word_1_374' title='bbox 1187 3966 1366 4023; x_wconf 89' lang='lat' dir='ltr'><strong>oflicio</strong></span> <span class='ocrx_word' id='word_1_375' title='bbox 1411 3967 1651 4023; x_wconf 82' lang='lat' dir='ltr'><strong>scrutinii</strong></span> <span class='ocrx_word' id='word_1_376' title='bbox 1698 3966 1769 4023; x_wconf 88' lang='lat' dir='ltr'><strong>ad</strong></span> 
     </span>
    </p>
   </div>
   <div class='ocr_carea' id='block_1_54' title="bbox 178 4037 1764 4111">
    <p class='ocr_par' dir='ltr' id='par_1_54' title="bbox 178 4037 1764 4111">
     <span class='ocr_line' id='line_1_54' title="bbox 178 4037 1764 4111; baseline -0.001 -15"><span class='ocrx_word' id='word_1_377' title='bbox 178 4049 572 4111; x_wconf 79' lang='lat' dir='ltr'><strong>competentes,</strong></span> <span class='ocrx_word' id='word_1_378' title='bbox 596 4038 739 4107; x_wconf 91' lang='lat' dir='ltr'><strong>quod</strong></span> <span class='ocrx_word' id='word_1_379' title='bbox 770 4046 1106 4111; x_wconf 76' lang='lat' dir='ltr'><strong>nuncupatur</strong></span> <span class='ocrx_word' id='word_1_380' title='bbox 1132 4038 1186 4111; x_wconf 82' lang='lat' dir='ltr'><strong>in</strong></span> <span class='ocrx_word' id='word_1_381' title='bbox 1209 4037 1418 4111; x_wconf 88' lang='lat' dir='ltr'><strong>aurium</strong></span> <span class='ocrx_word' id='word_1_382' title='bbox 1446 4038 1764 4111; x_wconf 83' lang='lat' dir='ltr'><strong>aperitione,</strong></span> 
     </span>
    </p>
   </div>
   <div class='ocr_carea' id='block_1_55' title="bbox 178 4108 1768 4180">
    <p class='ocr_par' dir='ltr' id='par_1_55' title="bbox 178 4108 1768 4180">
     <span class='ocr_line' id='line_1_55' title="bbox 178 4108 1768 4180; baseline -0.001 -15"><span class='ocrx_word' id='word_1_383' title='bbox 178 4108 375 4166; x_wconf 77' lang='lat' dir='ltr'><strong>eadem</strong></span> <span class='ocrx_word' id='word_1_384' title='bbox 401 4110 575 4180; x_wconf 89' lang='lat' dir='ltr'><strong>primo</strong></span> <span class='ocrx_word' id='word_1_385' title='bbox 602 4116 921 4180; x_wconf 89' lang='lat' dir='ltr'><strong>repetuntur</strong></span> <span class='ocrx_word' id='word_1_386' title='bbox 946 4108 1131 4180; x_wconf 79' lang='lat' dir='ltr'><strong>eiectis</strong></span> <span class='ocrx_word' id='word_1_387' title='bbox 1157 4108 1420 4178; x_wconf 87' lang='lat' dir='ltr'><strong>ipsissinta</strong></span> <span class='ocrx_word' id='word_1_388' title='bbox 1444 4108 1629 4180; x_wconf 67' lang='lat' dir='ltr'><strong>verba</strong></span> <span class='ocrx_word' id='word_1_389' title='bbox 1648 4122 1768 4177; x_wconf 83' lang='lat' dir='ltr'><strong>quae</strong></span> 
     </span>
    </p>
   </div>
   <div class='ocr_carea' id='block_1_56' title="bbox 178 4175 1765 4252">
    <p class='ocr_par' dir='ltr' id='par_1_56' title="bbox 178 4175 1765 4252">
     <span class='ocr_line' id='line_1_56' title="bbox 178 4175 1765 4252; baseline -0.002 -15"><span class='ocrx_word' id='word_1_390' title='bbox 178 4182 343 4252; x_wconf 86' lang='lat' dir='ltr'><strong>paulo</strong></span> <span class='ocrx_word' id='word_1_391' title='bbox 391 4175 517 4252; x_wconf 69' lang='lat' dir='ltr'><strong>ante</strong></span> <span class='ocrx_word' id='word_1_392' title='bbox 561 4175 840 4252; x_wconf 77' lang='lat' dir='ltr'><strong>retulimus</strong></span> <span class='ocrx_word' id='word_1_393' title='bbox 877 4175 1426 4252; x_wconf 75' lang='lat' dir='ltr'><strong>ex___Sacramentario_</strong></span> <span class='ocrx_word' id='word_1_394' title='bbox 1455 4175 1765 4252; x_wconf 72' lang='lat' dir='ltr'><strong>Gelasiaim,</strong></span> 
     </span>
    </p>
   </div>
   <div class='ocr_carea' id='block_1_57' title="bbox 176 4247 1761 4315">
    <p class='ocr_par' dir='ltr' id='par_1_57' title="bbox 176 4247 1761 4315">
     <span class='ocr_line' id='line_1_57' title="bbox 176 4247 1761 4315; baseline -0.004 -8"><span class='ocrx_word' id='word_1_395' title='bbox 176 4247 260 4308; x_wconf 79' lang='lat' dir='ltr'><strong>cui</strong></span> <span class='ocrx_word' id='word_1_396' title='bbox 291 4250 630 4306; x_wconf 83' lang='lat' dir='ltr'><strong>simillimum</strong></span> <span class='ocrx_word' id='word_1_397' title='bbox 669 4247 905 4305; x_wconf 82' lang='lat' dir='ltr'><strong>oﬁicium</strong></span> <span class='ocrx_word' id='word_1_398' title='bbox 946 4248 1072 4303; x_wconf 88' lang='lat' dir='ltr'><strong>illud</strong></span> <span class='ocrx_word' id='word_1_399' title='bbox 1113 4255 1225 4315; x_wconf 85' lang='lat' dir='ltr'><strong>est;</strong></span> <span class='ocrx_word' id='word_1_400' title='bbox 1271 4248 1464 4303; x_wconf 91' lang='lat' dir='ltr'><strong>deinde</strong></span> <span class='ocrx_word' id='word_1_401' title='bbox 1492 4249 1605 4304; x_wconf 80' lang='lat' dir='ltr'><strong>haec</strong></span> <span class='ocrx_word' id='word_1_402' title='bbox 1636 4248 1761 4315; x_wconf 88' lang='lat' dir='ltr'><strong>alia,</strong></span> 
     </span>
    </p>
   </div>
   <div class='ocr_carea' id='block_1_58' title="bbox 174 4317 1768 4445">
    <p class='ocr_par' dir='ltr' id='par_1_58' title="bbox 174 4317 1768 4445">
     <span class='ocr_line' id='line_1_58' title="bbox 212 4317 1768 4389; baseline -0.003 -12"><span class='ocrx_word' id='word_1_403' title='bbox 212 4336 293 4377; x_wconf 71' lang='lat' dir='ltr'><strong>ua:</strong></span> <span class='ocrx_word' id='word_1_404' title='bbox 329 4321 390 4377; x_wconf 91' lang='lat' dir='ltr'><strong>in</strong></span> <span class='ocrx_word' id='word_1_405' title='bbox 417 4317 704 4377; x_wconf 87' lang='lat' dir='ltr'><strong>Gelasiano</strong></span> <span class='ocrx_word' id='word_1_406' title='bbox 734 4335 838 4375; x_wconf 93' lang='lat' dir='ltr'><strong>non</strong></span> <span class='ocrx_word' id='word_1_407' title='bbox 868 4319 1111 4384; x_wconf 89' lang='lat' dir='ltr'><strong>habetur,</strong></span> <span class='ocrx_word' id='word_1_408' title='bbox 1144 4318 1428 4389; x_wconf 89' lang='lat' dir='ltr'><strong>peculiaris</strong></span> <span class='ocrx_word' id='word_1_409' title='bbox 1459 4318 1658 4374; x_wconf 89' lang='lat' dir='ltr'><strong>eisdem</strong></span> <span class='ocrx_word' id='word_1_410' title='bbox 1680 4318 1768 4373; x_wconf 85' lang='lat' dir='ltr'><strong>ad-</strong></span> 
     </span>
     <span class='ocr_line' id='line_1_59' title="bbox 174 4337 1765 4445; baseline -0.001 0"><span class='ocrx_word' id='word_1_411' title='bbox 174 4337 329 4445; x_wconf 52' lang='lat' dir='ltr'><strong>‘ditur</strong></span> <span class='ocrx_word' id='word_1_412' title='bbox 351 4390 647 4445; x_wconf 89' lang='lat' dir='ltr'><strong>admonitio</strong></span> <span class='ocrx_word' id='word_1_413' title='bbox 676 4390 744 4445; x_wconf 90' lang='lat' dir='ltr'><strong>de</strong></span> <span class='ocrx_word' id='word_1_414' title='bbox 762 4387 1021 4445; x_wconf 91' lang='lat' dir='ltr'><strong>Svmbolo</strong></span> <span class='ocrx_word' id='word_1_415' title='bbox 1042 4405 1149 4445; x_wconf 90' lang='lat' dir='ltr'><strong>non</strong></span> <span class='ocrx_word' id='word_1_416' title='bbox 1172 4388 1475 4445; x_wconf 87' lang='lat' dir='ltr'><strong>scribendo.</strong></span> <span class='ocrx_word' id='word_1_417' title='bbox 1500 4389 1643 4445; x_wconf 90' lang='lat' dir='ltr'><strong>inter</strong></span> <span class='ocrx_word' id='word_1_418' title='bbox 1664 4389 1765 4443; x_wconf 86' lang='lat' dir='ltr'><strong>ite-</strong></span> 
     </span>
    </p>
   </div>
   <div class='ocr_carea' id='block_1_59' title="bbox 212 4387 1765 4462">
    <p class='ocr_par' dir='ltr' id='par_1_59' title="bbox 212 4387 1765 4462">
     <span class='ocr_line' id='line_1_60' title="bbox 212 4387 1765 4462; baseline -0.003 -16"><span class='ocrx_word' id='word_1_419' title='bbox 212 4392 329 4446; x_wconf 91' lang='lat' dir='ltr'><strong>itur</strong></span> <span class='ocrx_word' id='word_1_420' title='bbox 351 4390 647 4462; x_wconf 83' lang='lat' dir='ltr'><strong>admonitio</strong></span> <span class='ocrx_word' id='word_1_421' title='bbox 676 4390 744 4445; x_wconf 90' lang='lat' dir='ltr'><strong>de</strong></span> <span class='ocrx_word' id='word_1_422' title='bbox 762 4387 1021 4462; x_wconf 84' lang='lat' dir='ltr'><strong>Symbolo</strong></span> <span class='ocrx_word' id='word_1_423' title='bbox 1035 4387 1159 4462; x_wconf 79' lang='lat' dir='ltr'><strong>non</strong></span> <span class='ocrx_word' id='word_1_424' title='bbox 1172 4388 1475 4462; x_wconf 82' lang='lat' dir='ltr'><strong>scribendo,</strong></span> <span class='ocrx_word' id='word_1_425' title='bbox 1500 4389 1643 4462; x_wconf 78' lang='lat' dir='ltr'><strong>inter</strong></span> <span class='ocrx_word' id='word_1_426' title='bbox 1654 4389 1765 4462; x_wconf 87' lang='lat' dir='ltr'><strong>ite_-_-</strong></span> 
     </span>
    </p>
   </div>
   <div class='ocr_carea' id='block_1_60' title="bbox 175 4458 1765 4532">
    <p class='ocr_par' dir='ltr' id='par_1_60' title="bbox 175 4458 1765 4532">
     <span class='ocr_line' id='line_1_61' title="bbox 175 4458 1765 4532; baseline -0.002 -16"><span class='ocrx_word' id='word_1_427' title='bbox 175 4470 327 4517; x_wconf 88' lang='lat' dir='ltr'><strong>ratas</strong></span> <span class='ocrx_word' id='word_1_428' title='bbox 358 4460 462 4516; x_wconf 89' lang='lat' dir='ltr'><strong>hac</strong></span> <span class='ocrx_word' id='word_1_429' title='bbox 489 4460 557 4516; x_wconf 91' lang='lat' dir='ltr'><strong>de</strong></span> <span class='ocrx_word' id='word_1_430' title='bbox 584 4475 766 4532; x_wconf 70' lang='lat' dir='ltr'><strong>causa,</strong></span> <span class='ocrx_word' id='word_1_431' title='bbox 795 4458 914 4530; x_wconf 75' lang='lat' dir='ltr'><strong>qua:</strong></span> <span class='ocrx_word' id='word_1_432' title='bbox 942 4459 1138 4532; x_wconf 85' lang='lat' dir='ltr'><strong>ibidem</strong></span> <span class='ocrx_word' id='word_1_433' title='bbox 1176 4459 1500 4532; x_wconf 81' lang='lat' dir='ltr'><strong>indicuntur,</strong></span> <span class='ocrx_word' id='word_1_434' title='bbox 1523 4458 1765 4532; x_wconf 87' lang='lat' dir='ltr'><strong>Symboli</strong></span> 
     </span>
    </p>
   </div>
   <div class='ocr_carea' id='block_1_61' title="bbox 174 4528 1762 4602">
    <p class='ocr_par' dir='ltr' id='par_1_61' title="bbox 174 4528 1762 4602">
     <span class='ocr_line' id='line_1_62' title="bbox 174 4528 1762 4602; baseline -0.003 -14"><span class='ocrx_word' id='word_1_435' title='bbox 174 4532 549 4588; x_wconf 89' lang='lat' dir='ltr'><strong>recitationes.</strong></span> <span class='ocrx_word' id='word_1_436' title='bbox 581 4550 599 4582; x_wconf 77' lang='grc' dir='ltr'>ι</span> <span class='ocrx_word' id='word_1_437' title='bbox 619 4529 756 4602; x_wconf 65' lang='lat' dir='ltr'><strong>_Hoc7</strong></span> <span class='ocrx_word' id='word_1_438' title='bbox 770 4528 957 4602; x_wconf 82' lang='lat' dir='ltr'><strong>autem</strong></span> <span class='ocrx_word' id='word_1_439' title='bbox 993 4528 1304 4602; x_wconf 81' lang='lat' dir='ltr'><strong>Symbolum</strong></span> <span class='ocrx_word' id='word_1_440' title='bbox 1333 4546 1441 4585; x_wconf 91' lang='lat' dir='ltr'><strong>non</strong></span> <span class='ocrx_word' id='word_1_441' title='bbox 1469 4530 1522 4584; x_wconf 87' lang='lat' dir='ltr'><strong>in</strong></span> <span class='ocrx_word' id='word_1_442' title='bbox 1544 4528 1762 4602; x_wconf 66' lang='lat' dir='ltr'><strong>charta,</strong></span> 
     </span>
    </p>
   </div>
   <div class='ocr_carea' id='block_1_62' title="bbox 176 4599 1765 4673">
    <p class='ocr_par' dir='ltr' id='par_1_62' title="bbox 176 4599 1765 4673">
     <span class='ocr_line' id='line_1_63' title="bbox 176 4599 1765 4673; baseline -0.001 -16"><span class='ocrx_word' id='word_1_443' title='bbox 176 4612 269 4658; x_wconf 88' lang='lat' dir='ltr'><strong>aut</strong></span> <span class='ocrx_word' id='word_1_444' title='bbox 296 4618 452 4666; x_wconf 86' lang='lat' dir='ltr'><strong>cera,</strong></span> <span class='ocrx_word' id='word_1_445' title='bbox 476 4610 569 4656; x_wconf 93' lang='lat' dir='ltr'><strong>aut</strong></span> <span class='ocrx_word' id='word_1_446' title='bbox 610 4600 787 4673; x_wconf 83' lang='lat' dir='ltr'><strong>fragili</strong></span> <span class='ocrx_word' id='word_1_447' title='bbox 808 4599 1048 4673; x_wconf 67' lang='lat' dir='ltr'><strong>calamo,</strong></span> <span class='ocrx_word' id='word_1_448' title='bbox 1069 4599 1157 4673; x_wconf 80' lang='lat' dir='ltr'><strong>vei</strong></span> <span class='ocrx_word' id='word_1_449' title='bbox 1187 4600 1326 4673; x_wconf 89' lang='lat' dir='ltr'><strong>stylo</strong></span> <span class='ocrx_word' id='word_1_450' title='bbox 1364 4600 1577 4673; x_wconf 85' lang='lat' dir='ltr'><strong>mortali</strong></span> <span class='ocrx_word' id='word_1_451' title='bbox 1605 4600 1765 4656; x_wconf 90' lang='lat' dir='ltr'><strong>scribi</strong></span> 
     </span>
    </p>
   </div>
   <div class='ocr_carea' id='block_1_63' title="bbox 176 4669 1764 4743">
    <p class='ocr_par' dir='ltr' id='par_1_63' title="bbox 176 4669 1764 4743">
     <span class='ocr_line' id='line_1_64' title="bbox 176 4669 1764 4743; baseline -0.002 -15"><span class='ocrx_word' id='word_1_452' title='bbox 176 4673 504 4743; x_wconf 87' lang='lat' dir='ltr'><strong>permissum</strong></span> <span class='ocrx_word' id='word_1_453' title='bbox 533 4678 617 4743; x_wconf 82' lang='lat' dir='ltr'><strong>est</strong></span> <span class='ocrx_word' id='word_1_454' title='bbox 647 4690 667 4743; x_wconf 79' lang='lat'><em>:7</em></span> <span class='ocrx_word' id='word_1_455' title='bbox 697 4669 791 4727; x_wconf 81' lang='lat' dir='ltr'><strong>sed</strong></span> <span class='ocrx_word' id='word_1_456' title='bbox 814 4669 962 4743; x_wconf 85' lang='lat' dir='ltr'><strong>inﬁgi</strong></span> <span class='ocrx_word' id='word_1_457' title='bbox 996 4670 1189 4743; x_wconf 86' lang='lat' dir='ltr'><strong>animis</strong></span> <span class='ocrx_word' id='word_1_458' title='bbox 1216 4669 1413 4743; x_wconf 73' lang='lat' dir='ltr'><strong>nostris</strong></span> <span class='ocrx_word' id='word_1_459' title='bbox 1440 4680 1764 4743; x_wconf 75' lang='lat' dir='ltr'><strong>prmceptum</strong></span> 
     </span>
    </p>
   </div>
   <div class='ocr_carea' id='block_1_64' title="bbox 174 4739 1766 4814">
    <p class='ocr_par' dir='ltr' id='par_1_64' title="bbox 174 4739 1766 4814">
     <span class='ocr_line' id='line_1_65' title="bbox 174 4739 1766 4814; baseline -0.002 -16"><span class='ocrx_word' id='word_1_460' title='bbox 174 4739 258 4799; x_wconf 79' lang='lat' dir='ltr'><strong>est</strong></span> <span class='ocrx_word' id='word_1_461' title='bbox 286 4741 521 4814; x_wconf 77' lang='lat' dir='ltr'><strong>graphio</strong></span> <span class='ocrx_word' id='word_1_462' title='bbox 551 4739 672 4796; x_wconf 87' lang='lat' dir='ltr'><strong>ﬁdei</strong></span> <span class='ocrx_word' id='word_1_463' title='bbox 705 4749 765 4814; x_wconf 79' lang='lat' dir='ltr'><strong>et</strong></span> <span class='ocrx_word' id='word_1_464' title='bbox 791 4739 1000 4797; x_wconf 89' lang='lat' dir='ltr'><strong>calamo</strong></span> <span class='ocrx_word' id='word_1_465' title='bbox 1027 4741 1176 4814; x_wconf 85' lang='lat' dir='ltr'><strong>verbi</strong></span> <span class='ocrx_word' id='word_1_466' title='bbox 1206 4740 1390 4808; x_wconf 89' lang='lat' dir='ltr'><strong>divini,</strong></span> <span class='ocrx_word' id='word_1_467' title='bbox 1409 4739 1766 4814; x_wconf 71' lang='lat' dir='ltr'><strong>_quod7pe_ne-</strong></span> 
     </span>
    </p>
   </div>
   <div class='ocr_carea' id='block_1_65' title="bbox 175 4810 1767 4879">
    <p class='ocr_par' dir='ltr' id='par_1_65' title="bbox 175 4810 1767 4879">
     <span class='ocr_line' id='line_1_66' title="bbox 175 4810 1767 4879; baseline 0 -12"><span class='ocrx_word' id='word_1_468' title='bbox 175 4810 504 4879; x_wconf 60' lang='lat' dir='ltr'><strong>trat&#39;venas,</strong></span> <span class='ocrx_word' id='word_1_469' title='bbox 546 4818 599 4869; x_wconf 84' lang='lat' dir='ltr'><strong>et</strong></span> <span class='ocrx_word' id='word_1_470' title='bbox 625 4812 803 4867; x_wconf 90' lang='lat' dir='ltr'><strong>omnia</strong></span> <span class='ocrx_word' id='word_1_471' title='bbox 832 4820 1040 4868; x_wconf 88' lang='lat' dir='ltr'><strong>secreta</strong></span> <span class='ocrx_word' id='word_1_472' title='bbox 1066 4812 1310 4866; x_wconf 89' lang='lat' dir='ltr'><strong>rimatur.</strong></span> <span class='ocrx_word' id='word_1_473' title='bbox 1351 4831 1369 4862; x_wconf 71' lang='grc' dir='ltr'><strong>ι</strong></span> <span class='ocrx_word' id='word_1_474' title='bbox 1409 4810 1485 4866; x_wconf 79' lang='lat' dir='ltr'><strong>Ita</strong></span> <span class='ocrx_word' id='word_1_475' title='bbox 1516 4810 1615 4865; x_wconf 67' lang='lat' dir='ltr'><strong>ibiI</strong></span> <span class='ocrx_word' id='word_1_476' title='bbox 1640 4810 1767 4867; x_wconf 75' lang='lat' dir='ltr'><strong>llaec</strong></span> 
     </span>
    </p>
   </div>
   <div class='ocr_carea' id='block_1_66' title="bbox 177 4880 1767 4955">
    <p class='ocr_par' dir='ltr' id='par_1_66' title="bbox 177 4880 1767 4955">
     <span class='ocr_line' id='line_1_67' title="bbox 177 4880 1767 4955; baseline -0.001 -17"><span class='ocrx_word' id='word_1_477' title='bbox 177 4886 351 4955; x_wconf 80' lang='lat' dir='ltr'><strong>verba</strong></span> <span class='ocrx_word' id='word_1_478' title='bbox 381 4883 867 4955; x_wconf 27' lang='lat' dir='ltr'><strong>porrohquamdam</strong></span> <span class='ocrx_word' id='word_1_479' title='bbox 888 4880 1135 4955; x_wconf 71' lang='lat' dir='ltr'><strong>redoleni</strong></span> <span class='ocrx_word' id='word_1_480' title='bbox 1166 4881 1767 4955; x_wconf 69' lang='lat' dir='ltr'><strong>antiquitatem,7dicere</strong></span> 
     </span>
    </p>
   </div>
   <div class='ocr_carea' id='block_1_67' title="bbox 120 4949 1760 5020">
    <p class='ocr_par' dir='ltr' id='par_1_67' title="bbox 120 4949 1760 5020">
     <span class='ocr_line' id='line_1_68' title="bbox 120 4949 1760 5020; baseline -0.002 -11"><span class='ocrx_word' id='word_1_481' title='bbox 120 4986 129 5018; x_wconf 68' lang='grc' dir='ltr'><strong>ρ</strong></span> <span class='ocrx_word' id='word_1_482' title='bbox 177 4949 466 5020; x_wconf 82' lang='lat' dir='ltr'><strong>audemus,</strong></span> <span class='ocrx_word' id='word_1_483' title='bbox 541 4949 971 5008; x_wconf 77' lang='lat' dir='ltr'><strong>sacramentario</strong></span> <span class='ocrx_word' id='word_1_484' title='bbox 1042 4949 1328 5008; x_wconf 82' lang='lat' dir='ltr'><strong>Gelasiano</strong></span> <span class='ocrx_word' id='word_1_485' title='bbox 1389 4952 1760 5008; x_wconf 90' lang='lat' dir='ltr'><strong>vetustiorem.</strong></span> 
     </span>
    </p>
   </div>
   <div class='ocr_carea' id='block_1_68' title="bbox 176 5021 1767 5093">
    <p class='ocr_par' dir='ltr' id='par_1_68' title="bbox 176 5021 1767 5093">
     <span class='ocr_line' id='line_1_69' title="bbox 176 5021 1767 5093; baseline -0.002 -13"><span class='ocrx_word' id='word_1_486' title='bbox 176 5022 383 5092; x_wconf 82' lang='lat' dir='ltr'><strong>Quidni</strong></span> <span class='ocrx_word' id='word_1_487' title='bbox 422 5023 537 5079; x_wconf 63' lang='lat' dir='ltr'><strong>haec</strong></span> <span class='ocrx_word' id='word_1_488' title='bbox 565 5025 676 5093; x_wconf 85' lang='lat' dir='ltr'><strong>ipsa</strong></span> <span class='ocrx_word' id='word_1_489' title='bbox 706 5021 902 5078; x_wconf 87' lang='lat' dir='ltr'><strong>fuerint</strong></span> <span class='ocrx_word' id='word_1_490' title='bbox 928 5024 1231 5092; x_wconf 87' lang='lat' dir='ltr'><strong>antiquiora</strong></span> <span class='ocrx_word' id='word_1_491' title='bbox 1261 5036 1325 5078; x_wconf 92' lang='lat' dir='ltr'><strong>ac</strong></span> <span class='ocrx_word' id='word_1_492' title='bbox 1357 5023 1519 5078; x_wconf 90' lang='lat' dir='ltr'><strong>veluti</strong></span> <span class='ocrx_word' id='word_1_493' title='bbox 1548 5022 1767 5093; x_wconf 88' lang='lat' dir='ltr'><strong>propria</strong></span> 
     </span>
    </p>
   </div>
   <div class='ocr_carea' id='block_1_69' title="bbox 178 5091 1767 5165">
    <p class='ocr_par' dir='ltr' id='par_1_69' title="bbox 178 5091 1767 5165">
     <span class='ocr_line' id='line_1_70' title="bbox 178 5091 1767 5165; baseline -0.003 -15"><span class='ocrx_word' id='word_1_494' title='bbox 178 5091 546 5165; x_wconf 68' lang='lat' dir='ltr'><strong>Aquileiensis</strong></span> <span class='ocrx_word' id='word_1_495' title='bbox 565 5091 817 5165; x_wconf 66' lang='lat' dir='ltr'><strong>Ecclesiae</strong></span> <span class='ocrx_word' id='word_1_496' title='bbox 848 5093 1009 5165; x_wconf 82' lang='lat' dir='ltr'><strong>verba</strong></span> <span class='ocrx_word' id='word_1_497' title='bbox 1039 5091 1091 5165; x_wconf 88' lang='lat' dir='ltr'><strong>in</strong></span> <span class='ocrx_word' id='word_1_498' title='bbox 1120 5093 1222 5149; x_wconf 93' lang='lat' dir='ltr'><strong>hoc</strong></span> <span class='ocrx_word' id='word_1_499' title='bbox 1248 5092 1364 5163; x_wconf 88' lang='lat' dir='ltr'><strong>ipso</strong></span> <span class='ocrx_word' id='word_1_500' title='bbox 1386 5091 1624 5149; x_wconf 78' lang='lat' dir='ltr'><strong>scrutinii</strong></span> <span class='ocrx_word' id='word_1_501' title='bbox 1648 5091 1767 5148; x_wconf 66' lang='lat' dir='ltr'><strong>om—</strong></span> 
     </span>
    </p>
   </div>
   <div class='ocr_carea' id='block_1_70' title="bbox 178 5160 1770 5236">
    <p class='ocr_par' dir='ltr' id='par_1_70' title="bbox 178 5160 1770 5236">
     <span class='ocr_line' id='line_1_71' title="bbox 178 5160 1770 5236; baseline -0.001 -16"><span class='ocrx_word' id='word_1_502' title='bbox 178 5160 317 5236; x_wconf 72' lang='lat' dir='ltr'><strong>eio;</strong></span> <span class='ocrx_word' id='word_1_503' title='bbox 356 5179 486 5236; x_wconf 58' lang='lat' dir='ltr'><strong>qua}</strong></span> <span class='ocrx_word' id='word_1_504' title='bbox 510 5164 677 5236; x_wconf 80' lang='lat' dir='ltr'><strong>etiam</strong></span> <span class='ocrx_word' id='word_1_505' title='bbox 721 5171 841 5236; x_wconf 84' lang='lat' dir='ltr'><strong>post</strong></span> <span class='ocrx_word' id='word_1_506' title='bbox 882 5160 1222 5236; x_wconf 80' lang='lat' dir='ltr'><strong>Geiasianum</strong></span> <span class='ocrx_word' id='word_1_507' title='bbox 1253 5160 1530 5236; x_wconf 81' lang='lat' dir='ltr'><strong>acceptum</strong></span> <span class='ocrx_word' id='word_1_508' title='bbox 1561 5171 1770 5236; x_wconf 89' lang='lat' dir='ltr'><strong>retenta</strong></span> 
     </span>
    </p>
   </div>
   <div class='ocr_carea' id='block_1_71' title="bbox 179 5232 1768 5303">
    <p class='ocr_par' dir='ltr' id='par_1_71' title="bbox 179 5232 1768 5303">
     <span class='ocr_line' id='line_1_72' title="bbox 179 5232 1768 5303; baseline 0.001 -14"><span class='ocrx_word' id='word_1_509' title='bbox 179 5232 407 5303; x_wconf 74' lang='lat' dir='ltr'><strong>fuerint,</strong></span> <span class='ocrx_word' id='word_1_510' title='bbox 442 5232 739 5302; x_wconf 74' lang='lat' dir='ltr'><strong>eidemque</strong></span> <span class='ocrx_word' id='word_1_511' title='bbox 754 5233 989 5288; x_wconf 87' lang='lat' dir='ltr'><strong>inserta?</strong></span> <span class='ocrx_word' id='word_1_512' title='bbox 1019 5232 1295 5303; x_wconf 81' lang='lat' dir='ltr'><strong>disciplina</strong></span> <span class='ocrx_word' id='word_1_513' title='bbox 1325 5232 1503 5303; x_wconf 78' lang='lat' dir='ltr'><strong>itaque</strong></span> <span class='ocrx_word' id='word_1_514' title='bbox 1530 5235 1768 5290; x_wconf 89' lang='lat' dir='ltr'><strong>omnium</strong></span> 
     </span>
    </p>
   </div>
   <div class='ocr_carea' id='block_1_72' title="bbox 182 5300 1771 5373">
    <p class='ocr_par' dir='ltr' id='par_1_72' title="bbox 182 5300 1771 5373">
     <span class='ocr_line' id='line_1_73' title="bbox 182 5300 1771 5373; baseline 0 -12"><span class='ocrx_word' id='word_1_515' title='bbox 182 5312 305 5361; x_wconf 90' lang='lat' dir='ltr'><strong>erat</strong></span> <span class='ocrx_word' id='word_1_516' title='bbox 335 5300 696 5361; x_wconf 74' lang='lat' dir='ltr'><strong>Ecclesiaruin</strong></span> <span class='ocrx_word' id='word_1_517' title='bbox 723 5304 1019 5373; x_wconf 78' lang='lat' dir='ltr'><strong>generatim</strong></span> <span class='ocrx_word' id='word_1_518' title='bbox 1045 5300 1240 5373; x_wconf 69' lang='lat' dir='ltr'><strong>szeculo</strong></span> <span class='ocrx_word' id='word_1_519' title='bbox 1280 5300 1487 5373; x_wconf 69' lang='lat' dir='ltr'><strong>quinto,</strong></span> <span class='ocrx_word' id='word_1_520' title='bbox 1522 5319 1552 5358; x_wconf 90' lang='lat' dir='ltr'><strong>a</strong></span> <span class='ocrx_word' id='word_1_521' title='bbox 1578 5305 1771 5373; x_wconf 85' lang='lat' dir='ltr'><strong>quibus</strong></span> 
     </span>
    </p>
   </div>
   <div class='ocr_carea' id='block_1_73' title="bbox 182 5372 1772 5446">
    <p class='ocr_par' dir='ltr' id='par_1_73' title="bbox 182 5372 1772 5446">
     <span class='ocr_line' id='line_1_74' title="bbox 182 5372 1772 5446; baseline 0 -17"><span class='ocrx_word' id='word_1_522' title='bbox 182 5374 546 5444; x_wconf 73' lang='lat' dir='ltr'><strong>Aquileiensis</strong></span> <span class='ocrx_word' id='word_1_523' title='bbox 576 5390 682 5446; x_wconf 86' lang='lat' dir='ltr'><strong>nou</strong></span> <span class='ocrx_word' id='word_1_524' title='bbox 712 5372 1017 5446; x_wconf 83' lang='lat' dir='ltr'><strong>recedebat,</strong></span> <span class='ocrx_word' id='word_1_525' title='bbox 1040 5381 1099 5428; x_wconf 94' lang='lat' dir='ltr'><strong>ut</strong></span> <span class='ocrx_word' id='word_1_526' title='bbox 1117 5372 1426 5446; x_wconf 88' lang='lat' dir='ltr'><strong>Symbolum</strong></span> <span class='ocrx_word' id='word_1_527' title='bbox 1448 5372 1569 5429; x_wconf 85' lang='lat' dir='ltr'><strong>fidei</strong></span> <span class='ocrx_word' id='word_1_528' title='bbox 1592 5372 1772 5430; x_wconf 81' lang='lat' dir='ltr'><strong>crete-</strong></span> 
     </span>
    </p>
   </div>
   <div class='ocr_carea' id='block_1_74' title="bbox 184 5442 1768 5528">
    <p class='ocr_par' dir='ltr' id='par_1_74' title="bbox 184 5442 1768 5528">
     <span class='ocr_line' id='line_1_75' title="bbox 184 5442 1768 5528; baseline -0.001 -28"><span class='ocrx_word' id='word_1_529' title='bbox 184 5442 292 5528; x_wconf 67' lang='lat' dir='ltr'><strong>nus</strong></span> <span class='ocrx_word' id='word_1_530' title='bbox 316 5443 746 5528; x_wconf 78' lang='lat' dir='ltr'><strong>competentibus</strong></span> <span class='ocrx_word' id='word_1_531' title='bbox 766 5442 1087 5528; x_wconf 81' lang='lat' dir='ltr'><strong>traderetur,</strong></span> <span class='ocrx_word' id='word_1_532' title='bbox 1099 5442 1362 5528; x_wconf 60' lang='lat' dir='ltr'><strong>oretenus</strong></span> <span class='ocrx_word' id='word_1_533' title='bbox 1390 5459 1421 5498; x_wconf 93' lang='lat' dir='ltr'><strong>a</strong></span> <span class='ocrx_word' id='word_1_534' title='bbox 1453 5453 1768 5528; x_wconf 64' lang='lat' dir='ltr'><strong>competen-</strong></span> 
     </span>
    </p>
   </div>
   <div class='ocr_carea' id='block_1_75' title="bbox 104 5514 1765 5585">
    <p class='ocr_par' dir='ltr' id='par_1_75' title="bbox 104 5514 1765 5585">
     <span class='ocr_line' id='line_1_76' title="bbox 104 5514 1765 5585; baseline -0.001 -14"><span class='ocrx_word' id='word_1_535' title='bbox 104 5532 115 5543; x_wconf 74' lang='lat'><em>&#39;</em></span> <span class='ocrx_word' id='word_1_536' title='bbox 184 5515 336 5571; x_wconf 86' lang='lat' dir='ltr'><strong>tibus</strong></span> <span class='ocrx_word' id='word_1_537' title='bbox 362 5514 706 5581; x_wconf 84' lang='lat' dir='ltr'><strong>edisceretur,</strong></span> <span class='ocrx_word' id='word_1_538' title='bbox 737 5521 989 5585; x_wconf 89' lang='lat' dir='ltr'><strong>oretenus</strong></span> <span class='ocrx_word' id='word_1_539' title='bbox 1016 5514 1350 5582; x_wconf 87' lang='lat' dir='ltr'><strong>redderetur,</strong></span> <span class='ocrx_word' id='word_1_540' title='bbox 1383 5514 1601 5570; x_wconf 78' lang='lat' dir='ltr'><strong>excluso</strong></span> <span class='ocrx_word' id='word_1_541' title='bbox 1626 5529 1765 5585; x_wconf 89' lang='lat' dir='ltr'><strong>quo-</strong></span> 
     </span>
    </p>
   </div>
   <div class='ocr_carea' id='block_1_76' title="bbox 184 5584 1765 5669">
    <p class='ocr_par' dir='ltr' id='par_1_76' title="bbox 184 5584 1765 5669">
     <span class='ocr_line' id='line_1_77' title="bbox 184 5584 1765 5669; baseline -0.002 -27"><span class='ocrx_word' id='word_1_542' title='bbox 184 5600 420 5669; x_wconf 69' lang='lat' dir='ltr'><strong>cumque</strong></span> <span class='ocrx_word' id='word_1_543' title='bbox 450 5584 690 5669; x_wconf 70' lang='lat' dir='ltr'><strong>ejusdem</strong></span> <span class='ocrx_word' id='word_1_544' title='bbox 722 5584 1173 5669; x_wconf 46' lang='lat' dir='ltr'><strong>scribendi&#39;modo</strong></span> <span class='ocrx_word' id='word_1_545' title='bbox 1207 5603 1219 5639; x_wconf 94' lang='lat'>:</span> <span class='ocrx_word' id='word_1_546' title='bbox 1251 5592 1312 5669; x_wconf 79' lang='lat' dir='ltr'><strong>et_</strong></span> <span class='ocrx_word' id='word_1_547' title='bbox 1335 5585 1569 5669; x_wconf 55' lang='lat' dir='ltr'><strong>adulianc</strong></span> <span class='ocrx_word' id='word_1_548' title='bbox 1600 5584 1765 5668; x_wconf 78' lang='lat' dir='ltr'><strong>prop-</strong></span> 
     </span>
    </p>
   </div>
   <div class='ocr_carea' id='block_1_77' title="bbox 185 5655 1766 5728">
    <p class='ocr_par' dir='ltr' id='par_1_77' title="bbox 185 5655 1766 5728">
     <span class='ocr_line' id='line_1_78' title="bbox 185 5655 1766 5728; baseline -0.001 -17"><span class='ocrx_word' id='word_1_549' title='bbox 185 5655 347 5728; x_wconf 76' lang='lat' dir='ltr'><strong>terea</strong></span> <span class='ocrx_word' id='word_1_550' title='bbox 362 5655 704 5728; x_wconf 79' lang='lat' dir='ltr'><strong>disciplinam</strong></span> <span class='ocrx_word' id='word_1_551' title='bbox 719 5655 955 5728; x_wconf 75' lang='lat' dir='ltr'><strong>respexit</strong></span> <span class='ocrx_word' id='word_1_552' title='bbox 975 5655 1185 5728; x_wconf 72' lang='lat' dir='ltr'><strong>Nicetas</strong></span> <span class='ocrx_word' id='word_1_553' title='bbox 1202 5655 1379 5713; x_wconf 90' lang='lat' dir='ltr'><strong>verbis</strong></span> <span class='ocrx_word' id='word_1_554' title='bbox 1399 5657 1503 5711; x_wconf 90' lang='lat' dir='ltr'><strong>illis</strong></span> <span class='ocrx_word' id='word_1_555' title='bbox 1521 5657 1766 5727; x_wconf 87' lang='lat' dir='ltr'><strong>superius</strong></span> 
     </span>
    </p>
   </div>
   <div class='ocr_carea' id='block_1_78' title="bbox 187 5724 1764 5800">
    <p class='ocr_par' dir='ltr' id='par_1_78' title="bbox 187 5724 1764 5800">
     <span class='ocr_line' id='line_1_79' title="bbox 187 5724 1764 5800; baseline 0.003 -20"><span class='ocrx_word' id='word_1_556' title='bbox 187 5725 370 5782; x_wconf 84' lang='lat' dir='ltr'><strong>allatis</strong></span> <span class='ocrx_word' id='word_1_557' title='bbox 392 5742 462 5800; x_wconf 79' lang='lat' dir='ltr'><strong>ex</strong></span> <span class='ocrx_word' id='word_1_558' title='bbox 487 5724 662 5800; x_wconf 76' lang='lat' dir='ltr'><strong>capite</strong></span> <span class='ocrx_word' id='word_1_559' title='bbox 680 5725 714 5800; x_wconf 80' lang='lat'><strong>8</strong></span> <span class='ocrx_word' id='word_1_560' title='bbox 735 5724 1154 5800; x_wconf 78' lang='lat' dir='ltr'><strong>Explauatiouis,</strong></span> <span class='ocrx_word' id='word_1_561' title='bbox 1184 5736 1344 5798; x_wconf 90' lang='lat' dir='ltr'><strong>atque</strong></span> <span class='ocrx_word' id='word_1_562' title='bbox 1371 5742 1439 5783; x_wconf 79' lang='lat' dir='ltr'><strong>ex</strong></span> <span class='ocrx_word' id='word_1_563' title='bbox 1467 5724 1764 5798; x_wconf 80' lang='lat' dir='ltr'><strong>fragmento</strong></span> 
     </span>
    </p>
   </div>
   <div class='ocr_carea' id='block_1_79' title="bbox 187 5795 1085 5869">
    <p class='ocr_par' dir='ltr' id='par_1_79' title="bbox 187 5795 1085 5869">
     <span class='ocr_line' id='line_1_80' title="bbox 187 5795 1085 5869; baseline -0.001 -17"><span class='ocrx_word' id='word_1_564' title='bbox 187 5798 495 5869; x_wconf 56' lang='lat' dir='ltr'><strong>setipotius</strong></span> <span class='ocrx_word' id='word_1_565' title='bbox 516 5795 744 5869; x_wconf 82' lang='lat' dir='ltr'><strong>réliquio</strong></span> <span class='ocrx_word' id='word_1_566' title='bbox 773 5795 1015 5869; x_wconf 85' lang='lat' dir='ltr'><strong>ejusdem</strong></span> <span class='ocrx_word' id='word_1_567' title='bbox 1034 5795 1085 5851; x_wconf 69' lang='grc'><strong>4.</strong></span> 
     </span>
    </p>
   </div>
   <div class='ocr_carea' id='block_1_80' title="bbox 258 5860 1763 5943">
    <p class='ocr_par' dir='ltr' id='par_1_80' title="bbox 258 5860 1763 5943">
     <span class='ocr_line' id='line_1_81' title="bbox 258 5860 1763 5943; baseline 0.004 -21"><span class='ocrx_word' id='word_1_568' title='bbox 258 5860 382 5923; x_wconf 67' lang='lat' dir='ltr'><strong>Non</strong></span> <span class='ocrx_word' id='word_1_569' title='bbox 408 5866 495 5925; x_wconf 90' lang='lat' dir='ltr'><strong>hic</strong></span> <span class='ocrx_word' id='word_1_570' title='bbox 525 5876 607 5925; x_wconf 84' lang='lat' dir='ltr'><strong>est</strong></span> <span class='ocrx_word' id='word_1_571' title='bbox 634 5860 820 5925; x_wconf 67' lang='lat' dir='ltr'><strong>tamen</strong></span> <span class='ocrx_word' id='word_1_572' title='bbox 838 5867 1056 5925; x_wconf 89' lang='lat' dir='ltr'><strong>omnino</strong></span> <span class='ocrx_word' id='word_1_573' title='bbox 1083 5874 1447 5940; x_wconf 67' lang='lat' dir='ltr'><strong>puetcreurida</strong></span> <span class='ocrx_word' id='word_1_574' title='bbox 1481 5871 1763 5943; x_wconf 77' lang='lat' dir='ltr'><strong>singularis</strong></span> 
     </span>
    </p>
   </div>
   <div class='ocr_carea' id='block_1_81' title="bbox 1857 648 3436 729">
    <p class='ocr_par' dir='ltr' id='par_1_81' title="bbox 1857 648 3436 729">
     <span class='ocr_line' id='line_1_82' title="bbox 1857 648 3436 729; baseline -0.004 -16"><span class='ocrx_word' id='word_1_575' title='bbox 1857 657 2002 729; x_wconf 84' lang='lat' dir='ltr'><strong>quod</strong></span> <span class='ocrx_word' id='word_1_576' title='bbox 2033 656 2120 729; x_wconf 88' lang='lat' dir='ltr'><strong>ille</strong></span> <span class='ocrx_word' id='word_1_577' title='bbox 2149 648 2448 729; x_wconf 59' lang='lat' dir='ltr'><strong>a&#39;ﬁirmabat</strong></span> <span class='ocrx_word' id='word_1_578' title='bbox 2477 648 2574 729; x_wconf 81' lang='lat' dir='ltr'><strong>per</strong></span> <span class='ocrx_word' id='word_1_579' title='bbox 2598 648 2831 729; x_wconf 73' lang='lat' dir='ltr'><strong>quatuor</strong></span> <span class='ocrx_word' id='word_1_580' title='bbox 2849 661 2942 708; x_wconf 89' lang='lat' dir='ltr'><strong>aut</strong></span> <span class='ocrx_word' id='word_1_581' title='bbox 2976 648 3212 729; x_wconf 66' lang='lat' dir='ltr'><strong>quinque</strong></span> <span class='ocrx_word' id='word_1_582' title='bbox 3245 648 3436 729; x_wconf 72' lang='lat' dir='ltr'><strong>Eccle-</strong></span> 
     </span>
    </p>
   </div>
   <div class='ocr_carea' id='block_1_82' title="bbox 1858 719 3438 809">
    <p class='ocr_par' dir='ltr' id='par_1_82' title="bbox 1858 719 3438 809">
     <span class='ocr_line' id='line_1_83' title="bbox 1858 719 3438 809; baseline -0.004 -25"><span class='ocrx_word' id='word_1_583' title='bbox 1858 719 1952 784; x_wconf 70' lang='lat' dir='ltr'><strong>sia:</strong></span> <span class='ocrx_word' id='word_1_584' title='bbox 1979 727 2159 809; x_wconf 84' lang='lat' dir='ltr'><strong>priora</strong></span> <span class='ocrx_word' id='word_1_585' title='bbox 2183 728 2391 809; x_wconf 59' lang='lat' dir='ltr'><strong>saecula</strong></span> <span class='ocrx_word' id='word_1_586' title='bbox 2406 719 2519 809; x_wconf 71' lang='lat' dir='ltr'><strong>non</strong></span> <span class='ocrx_word' id='word_1_587' title='bbox 2544 719 2705 783; x_wconf 79' lang='lat' dir='ltr'><strong>modo</strong></span> <span class='ocrx_word' id='word_1_588' title='bbox 2732 741 2773 809; x_wconf 17' lang='lat' dir='ltr'><strong>ai</strong></span> <span class='ocrx_word' id='word_1_589' title='bbox 2792 719 3375 809; x_wconf 39' lang='lat' dir='ltr'><strong>compete‘ntibus,77s7cd7</strong></span> <span class='ocrx_word' id='word_1_590' title='bbox 3400 735 3438 809; x_wconf 74' lang='lat' dir='ltr'><strong>a</strong></span> 
     </span>
    </p>
   </div>
   <div class='ocr_carea' id='block_1_83' title="bbox 1859 791 3436 868">
    <p class='ocr_par' dir='ltr' id='par_1_83' title="bbox 1859 791 3436 868">
     <span class='ocr_line' id='line_1_84' title="bbox 1859 791 3436 868; baseline -0.003 -14"><span class='ocrx_word' id='word_1_591' title='bbox 1859 791 2074 854; x_wconf 78' lang='lat' dir='ltr'><strong>neruine</strong></span> <span class='ocrx_word' id='word_1_592' title='bbox 2112 813 2331 868; x_wconf 89' lang='lat' dir='ltr'><strong>prorsus</strong></span> <span class='ocrx_word' id='word_1_593' title='bbox 2359 799 2551 854; x_wconf 90' lang='lat' dir='ltr'><strong>litteris</strong></span> <span class='ocrx_word' id='word_1_594' title='bbox 2592 804 2892 868; x_wconf 79' lang='lat' dir='ltr'><strong>exaratum,</strong></span> <span class='ocrx_word' id='word_1_595' title='bbox 2915 791 2977 851; x_wconf 78' lang='lat' dir='ltr'><strong>et</strong></span> <span class='ocrx_word' id='word_1_596' title='bbox 3011 791 3436 868; x_wconf 67' lang='lat' dir='ltr'><strong>Christianorum</strong></span> 
     </span>
    </p>
   </div>
   <div class='ocr_carea' id='block_1_84' title="bbox 1858 861 3436 925">
    <p class='ocr_par' dir='ltr' id='par_1_84' title="bbox 1858 861 3436 925">
     <span class='ocr_line' id='line_1_85' title="bbox 1858 861 3436 925; baseline -0.003 -1"><span class='ocrx_word' id='word_1_597' title='bbox 1858 861 2134 924; x_wconf 59' lang='lat' dir='ltr'><strong>memoriae</strong></span> <span class='ocrx_word' id='word_1_598' title='bbox 2175 869 2546 925; x_wconf 88' lang='lat' dir='ltr'><strong>tantummodo</strong></span> <span class='ocrx_word' id='word_1_599' title='bbox 2585 867 2750 924; x_wconf 90' lang='lat' dir='ltr'><strong>fuisse</strong></span> <span class='ocrx_word' id='word_1_600' title='bbox 2789 864 3239 924; x_wconf 88' lang='lat' dir='ltr'><strong>commendatum.</strong></span> <span class='ocrx_word' id='word_1_601' title='bbox 3282 861 3436 920; x_wconf 82' lang='lat' dir='ltr'><strong>Illum</strong></span> 
     </span>
    </p>
   </div>
   <div class='ocr_carea' id='block_1_85' title="bbox 1858 934 3438 1022">
    <p class='ocr_par' dir='ltr' id='par_1_85' title="bbox 1858 934 3438 1022">
     <span class='ocr_line' id='line_1_86' title="bbox 1858 934 3438 1022; baseline -0.002 -28"><span class='ocrx_word' id='word_1_602' title='bbox 1858 939 2185 1022; x_wconf 50' lang='lat' dir='ltr'><strong>elatissimus</strong></span> <span class='ocrx_word' id='word_1_603' title='bbox 2204 938 2526 1022; x_wconf 73' lang='lat' dir='ltr'><strong>uratorius</strong></span> <span class='ocrx_word' id='word_1_604' title='bbox 2546 940 2760 1022; x_wconf 75' lang='lat' dir='ltr'><strong>egregie</strong></span> <span class='ocrx_word' id='word_1_605' title='bbox 2774 936 2966 1020; x_wconf 77' lang='lat' dir='ltr'><strong>refellit</strong></span> <span class='ocrx_word' id='word_1_606' title='bbox 2986 936 3038 1022; x_wconf 92' lang='lat' dir='ltr'><strong>in</strong></span> <span class='ocrx_word' id='word_1_607' title='bbox 3058 934 3438 1022; x_wconf 70' lang='lat' dir='ltr'><strong>dissertatione</strong></span> 
     </span>
    </p>
   </div>
   <div class='ocr_carea' id='block_1_86' title="bbox 1856 1007 3436 1081">
    <p class='ocr_par' dir='ltr' id='par_1_86' title="bbox 1856 1007 3436 1081">
     <span class='ocr_line' id='line_1_87' title="bbox 1856 1007 3436 1081; baseline -0.004 -16"><span class='ocrx_word' id='word_1_608' title='bbox 1856 1008 1925 1081; x_wconf 90' lang='lat' dir='ltr'><strong>de</strong></span> <span class='ocrx_word' id='word_1_609' title='bbox 1954 1009 2134 1081; x_wconf 82' lang='lat' dir='ltr'><strong>Rebus</strong></span> <span class='ocrx_word' id='word_1_610' title='bbox 2162 1009 2460 1081; x_wconf 77' lang='lat' dir='ltr'><strong>Liturgicis,</strong></span> <span class='ocrx_word' id='word_1_611' title='bbox 2489 1007 2664 1081; x_wconf 87' lang='lat' dir='ltr'><strong>capite</strong></span> <span class='ocrx_word' id='word_1_612' title='bbox 2682 1007 2747 1077; x_wconf 73' lang='grc'><strong>’1,</strong></span> <span class='ocrx_word' id='word_1_613' title='bbox 2772 1007 3050 1081; x_wconf 69' lang='lat' dir='ltr'><strong>prmmissa</strong></span> <span class='ocrx_word' id='word_1_614' title='bbox 3074 1007 3225 1079; x_wconf 91' lang='lat' dir='ltr'><strong>operi</strong></span> <span class='ocrx_word' id='word_1_615' title='bbox 3246 1019 3436 1081; x_wconf 77' lang='lat' dir='ltr'><strong>supra-</strong></span> 
     </span>
    </p>
   </div>
   <div class='ocr_carea' id='block_1_87' title="bbox 1857 1076 3437 1157">
    <p class='ocr_par' dir='ltr' id='par_1_87' title="bbox 1857 1076 3437 1157">
     <span class='ocr_line' id='line_1_88' title="bbox 1857 1076 3437 1157; baseline -0.004 -21"><span class='ocrx_word' id='word_1_616' title='bbox 1857 1080 2024 1157; x_wconf 90' lang='lat' dir='ltr'><strong>citato</strong></span> <span class='ocrx_word' id='word_1_617' title='bbox 2048 1078 2281 1157; x_wconf 75' lang='lat' dir='ltr'><strong>Liturgia</strong></span> <span class='ocrx_word' id='word_1_618' title='bbox 2303 1080 2543 1157; x_wconf 80' lang='lat' dir='ltr'><strong>Romana</strong></span> <span class='ocrx_word' id='word_1_619' title='bbox 2558 1076 2739 1157; x_wconf 76' lang='lat' dir='ltr'><strong>vetus,</strong></span> <span class='ocrx_word' id='word_1_620' title='bbox 2760 1076 2825 1136; x_wconf 80' lang='lat' dir='ltr'><strong>ad</strong></span> <span class='ocrx_word' id='word_1_621' title='bbox 2846 1094 3013 1157; x_wconf 80' lang='lat' dir='ltr'><strong>quam</strong></span> <span class='ocrx_word' id='word_1_622' title='bbox 3037 1076 3290 1157; x_wconf 73' lang='lat' dir='ltr'><strong>lectorem</strong></span> <span class='ocrx_word' id='word_1_623' title='bbox 3312 1076 3437 1157; x_wconf 74' lang='lat' dir='ltr'><strong>mit-</strong></span> 
     </span>
    </p>
   </div>
   <div class='ocr_carea' id='block_1_88' title="bbox 1859 1146 3438 1222">
    <p class='ocr_par' dir='ltr' id='par_1_88' title="bbox 1859 1146 3438 1222">
     <span class='ocr_line' id='line_1_89' title="bbox 1859 1146 3438 1222; baseline -0.002 -17"><span class='ocrx_word' id='word_1_624' title='bbox 1859 1151 2021 1222; x_wconf 86' lang='lat' dir='ltr'><strong>timus</strong></span> <span class='ocrx_word' id='word_1_625' title='bbox 2048 1169 2065 1222; x_wconf 85' lang='lat'><em>7:</em></span> <span class='ocrx_word' id='word_1_626' title='bbox 2097 1146 2466 1222; x_wconf 55' lang='lat' dir='ltr'><strong>sed&#39;nonnihil</strong></span> <span class='ocrx_word' id='word_1_627' title='bbox 2496 1146 2736 1222; x_wconf 86' lang='lat' dir='ltr'><strong>profecto</strong></span> <span class='ocrx_word' id='word_1_628' title='bbox 2768 1158 2825 1222; x_wconf 85' lang='lat' dir='ltr'><strong>et</strong></span> <span class='ocrx_word' id='word_1_629' title='bbox 2846 1146 3168 1222; x_wconf 72' lang='lat' dir='ltr'><strong>Muratorius</strong></span> <span class='ocrx_word' id='word_1_630' title='bbox 3199 1147 3316 1222; x_wconf 79' lang='lat' dir='ltr'><strong>ipse</strong></span> <span class='ocrx_word' id='word_1_631' title='bbox 3336 1146 3438 1203; x_wconf 91' lang='lat' dir='ltr'><strong>ibi-</strong></span> 
     </span>
    </p>
   </div>
   <div class='ocr_carea' id='block_1_89' title="bbox 1856 1217 3438 1290">
    <p class='ocr_par' dir='ltr' id='par_1_89' title="bbox 1856 1217 3438 1290">
     <span class='ocr_line' id='line_1_90' title="bbox 1856 1217 3438 1290; baseline -0.001 -14"><span class='ocrx_word' id='word_1_632' title='bbox 1856 1219 1980 1276; x_wconf 90' lang='lat' dir='ltr'><strong>dem</strong></span> <span class='ocrx_word' id='word_1_633' title='bbox 2009 1221 2327 1277; x_wconf 87' lang='lat' dir='ltr'><strong>allucinatus</strong></span> <span class='ocrx_word' id='word_1_634' title='bbox 2368 1232 2470 1288; x_wconf 90' lang='lat' dir='ltr'><strong>est,</strong></span> <span class='ocrx_word' id='word_1_635' title='bbox 2497 1217 2636 1276; x_wconf 63' lang='lat' dir='ltr'><strong>&#39;dum</strong></span> <span class='ocrx_word' id='word_1_636' title='bbox 2674 1237 2745 1277; x_wconf 75' lang='lat' dir='ltr'><strong>ex</strong></span> <span class='ocrx_word' id='word_1_637' title='bbox 2780 1219 3058 1290; x_wconf 82' lang='lat' dir='ltr'><strong>Augustini</strong></span> <span class='ocrx_word' id='word_1_638' title='bbox 3100 1217 3438 1290; x_wconf 83' lang='lat' dir='ltr'><strong>potissimum</strong></span> 
     </span>
    </p>
   </div>
   <div class='ocr_carea' id='block_1_90' title="bbox 1857 1288 3437 1362">
    <p class='ocr_par' dir='ltr' id='par_1_90' title="bbox 1857 1288 3437 1362">
     <span class='ocr_line' id='line_1_91' title="bbox 1857 1288 3437 1362; baseline -0.003 -17"><span class='ocrx_word' id='word_1_639' title='bbox 1857 1289 1979 1347; x_wconf 91' lang='lat' dir='ltr'><strong>loco</strong></span> <span class='ocrx_word' id='word_1_640' title='bbox 2006 1292 2251 1360; x_wconf 88' lang='lat' dir='ltr'><strong>superius</strong></span> <span class='ocrx_word' id='word_1_641' title='bbox 2278 1293 2449 1348; x_wconf 91' lang='lat' dir='ltr'><strong>relato</strong></span> <span class='ocrx_word' id='word_1_642' title='bbox 2470 1294 2523 1346; x_wconf 91' lang='lat' dir='ltr'><strong>in</strong></span> <span class='ocrx_word' id='word_1_643' title='bbox 2553 1306 2804 1347; x_wconf 89' lang='lat' dir='ltr'><strong>sermone</strong></span> <span class='ocrx_word' id='word_1_644' title='bbox 2823 1288 3166 1362; x_wconf 76' lang='lat' dir='ltr'><strong>deSymbolo</strong></span> <span class='ocrx_word' id='word_1_645' title='bbox 3195 1288 3263 1345; x_wconf 89' lang='lat' dir='ltr'><strong>ad</strong></span> <span class='ocrx_word' id='word_1_646' title='bbox 3289 1295 3437 1342; x_wconf 86' lang='lat' dir='ltr'><strong>cate-</strong></span> 
     </span>
    </p>
   </div>
   <div class='ocr_carea' id='block_1_91' title="bbox 1857 1361 3438 1429">
    <p class='ocr_par' dir='ltr' id='par_1_91' title="bbox 1857 1361 3438 1429">
     <span class='ocr_line' id='line_1_92' title="bbox 1857 1361 3438 1429; baseline -0.001 -14"><span class='ocrx_word' id='word_1_647' title='bbox 1857 1361 2170 1429; x_wconf 87' lang='lat' dir='ltr'><strong>chumenos,</strong></span> <span class='ocrx_word' id='word_1_648' title='bbox 2192 1371 2247 1418; x_wconf 91' lang='lat' dir='ltr'><strong>et</strong></span> <span class='ocrx_word' id='word_1_649' title='bbox 2266 1362 2334 1418; x_wconf 92' lang='lat' dir='ltr'><strong>ab</strong></span> <span class='ocrx_word' id='word_1_650' title='bbox 2362 1362 2555 1418; x_wconf 92' lang='lat' dir='ltr'><strong>eodem</strong></span> <span class='ocrx_word' id='word_1_651' title='bbox 2582 1377 2865 1429; x_wconf 89' lang='lat' dir='ltr'><strong>perperam</strong></span> <span class='ocrx_word' id='word_1_652' title='bbox 2896 1361 3056 1425; x_wconf 81' lang='lat' dir='ltr'><strong>lecto,</strong></span> <span class='ocrx_word' id='word_1_653' title='bbox 3087 1374 3209 1416; x_wconf 90' lang='lat' dir='ltr'><strong>cum</strong></span> <span class='ocrx_word' id='word_1_654' title='bbox 3239 1365 3438 1429; x_wconf 90' lang='lat' dir='ltr'><strong>puncto</strong></span> 
     </span>
    </p>
   </div>
   <div class='ocr_carea' id='block_1_92' title="bbox 1856 1429 3439 1502">
    <p class='ocr_par' dir='ltr' id='par_1_92' title="bbox 1856 1429 3439 1502">
     <span class='ocr_line' id='line_1_93' title="bbox 1856 1429 3439 1502; baseline -0.003 -15"><span class='ocrx_word' id='word_1_655' title='bbox 1856 1432 2059 1488; x_wconf 87' lang='lat' dir='ltr'><strong>scilicet</strong></span> <span class='ocrx_word' id='word_1_656' title='bbox 2081 1448 2295 1488; x_wconf 89' lang='lat' dir='ltr'><strong>sensum</strong></span> <span class='ocrx_word' id='word_1_657' title='bbox 2319 1432 2523 1501; x_wconf 80' lang='lat' dir='ltr'><strong>periodi</strong></span> <span class='ocrx_word' id='word_1_658' title='bbox 2546 1429 2983 1502; x_wconf 85' lang='lat' dir='ltr'><strong>claudentepost</strong></span> <span class='ocrx_word' id='word_1_659' title='bbox 3007 1445 3196 1502; x_wconf 77' lang='lat' dir='ltr'><strong>vorem</strong></span> <span class='ocrx_word' id='word_1_660' title='bbox 3220 1429 3439 1502; x_wconf 77' lang='lat' dir='ltr'><strong>diligen-</strong></span> 
     </span>
    </p>
   </div>
   <div class='ocr_carea' id='block_1_93' title="bbox 1859 1498 3439 1573">
    <p class='ocr_par' dir='ltr' id='par_1_93' title="bbox 1859 1498 3439 1573">
     <span class='ocr_line' id='line_1_94' title="bbox 1859 1498 3439 1573; baseline -0.001 -19"><span class='ocrx_word' id='word_1_661' title='bbox 1859 1502 1950 1573; x_wconf 80' lang='lat' dir='ltr'><strong>tia,</strong></span> <span class='ocrx_word' id='word_1_662' title='bbox 1980 1502 2101 1557; x_wconf 90' lang='lat' dir='ltr'><strong>loco</strong></span> <span class='ocrx_word' id='word_1_663' title='bbox 2125 1498 2381 1573; x_wconf 87' lang='lat' dir='ltr'><strong>simplicis</strong></span> <span class='ocrx_word' id='word_1_664' title='bbox 2404 1503 2618 1572; x_wconf 74' lang='lat' dir='ltr'><strong>virgula:</strong></span> <span class='ocrx_word' id='word_1_665' title='bbox 2647 1503 2724 1558; x_wconf 91' lang='lat' dir='ltr'><strong>uti</strong></span> <span class='ocrx_word' id='word_1_666' title='bbox 2745 1498 2942 1558; x_wconf 81' lang='lat' dir='ltr'><strong>ibidem</strong></span> <span class='ocrx_word' id='word_1_667' title='bbox 2960 1498 3331 1573; x_wconf 62' lang='lat' dir='ltr'><strong>monebamus;</strong></span> <span class='ocrx_word' id='word_1_668' title='bbox 3357 1498 3439 1554; x_wconf 88' lang='lat' dir='ltr'><strong>ni-</strong></span> 
     </span>
    </p>
   </div>
   <div class='ocr_carea' id='block_1_94' title="bbox 1859 1570 3436 1642">
    <p class='ocr_par' dir='ltr' id='par_1_94' title="bbox 1859 1570 3436 1642">
     <span class='ocr_line' id='line_1_95' title="bbox 1859 1570 3436 1642; baseline -0.002 -16"><span class='ocrx_word' id='word_1_669' title='bbox 1859 1572 1995 1642; x_wconf 76' lang='lat' dir='ltr'><strong>titur</strong></span> <span class='ocrx_word' id='word_1_670' title='bbox 2018 1570 2304 1628; x_wconf 79' lang='lat' dir='ltr'><strong>ostendere</strong></span> <span class='ocrx_word' id='word_1_671' title='bbox 2331 1570 2554 1629; x_wconf 81' lang='lat' dir='ltr'><strong>liberum</strong></span> <span class='ocrx_word' id='word_1_672' title='bbox 2585 1588 2800 1642; x_wconf 90' lang='lat' dir='ltr'><strong>semper</strong></span> <span class='ocrx_word' id='word_1_673' title='bbox 2819 1573 3013 1642; x_wconf 89' lang='lat' dir='ltr'><strong>cuique</strong></span> <span class='ocrx_word' id='word_1_674' title='bbox 3042 1570 3436 1642; x_wconf 84' lang='lat' dir='ltr'><strong>indiscrimina-</strong></span> 
     </span>
    </p>
   </div>
   <div class='ocr_carea' id='block_1_95' title="bbox 1858 1638 3438 1716">
    <p class='ocr_par' dir='ltr' id='par_1_95' title="bbox 1858 1638 3438 1716">
     <span class='ocr_line' id='line_1_96' title="bbox 1858 1638 3438 1716; baseline 0 -21"><span class='ocrx_word' id='word_1_675' title='bbox 1858 1642 1954 1696; x_wconf 91' lang='lat' dir='ltr'><strong>tim</strong></span> <span class='ocrx_word' id='word_1_676' title='bbox 1976 1640 2135 1716; x_wconf 68' lang='lat' dir='ltr'><strong>fuisse</strong></span> <span class='ocrx_word' id='word_1_677' title='bbox 2157 1643 2315 1716; x_wconf 64' lang='grc'><strong>24],</strong></span> <span class='ocrx_word' id='word_1_678' title='bbox 2346 1643 2655 1716; x_wconf 82' lang='lat' dir='ltr'><strong>Symbolum</strong></span> <span class='ocrx_word' id='word_1_679' title='bbox 2697 1638 2953 1716; x_wconf 77' lang='lat' dir='ltr'><strong>scribere,</strong></span> <span class='ocrx_word' id='word_1_680' title='bbox 2980 1640 3081 1716; x_wconf 89' lang='lat' dir='ltr'><strong>etsi</strong></span> <span class='ocrx_word' id='word_1_681' title='bbox 3111 1657 3218 1696; x_wconf 91' lang='lat' dir='ltr'><strong>non</strong></span> <span class='ocrx_word' id='word_1_682' title='bbox 3261 1649 3320 1716; x_wconf 73' lang='lat' dir='ltr'><strong>ui</strong></span> <span class='ocrx_word' id='word_1_683' title='bbox 3357 1638 3438 1695; x_wconf 88' lang='lat' dir='ltr'><strong>le-</strong></span> 
     </span>
    </p>
   </div>
   <div class='ocr_carea' id='block_1_96' title="bbox 1857 1710 3437 1781">
    <p class='ocr_par' dir='ltr' id='par_1_96' title="bbox 1857 1710 3437 1781">
     <span class='ocr_line' id='line_1_97' title="bbox 1857 1710 3437 1781; baseline 0.004 -13"><span class='ocrx_word' id='word_1_684' title='bbox 1857 1711 2035 1781; x_wconf 89' lang='lat' dir='ltr'><strong>gendo</strong></span> <span class='ocrx_word' id='word_1_685' title='bbox 2061 1710 2403 1780; x_wconf 64' lang='lat' dir='ltr'><strong>reciTareTur,</strong></span> <span class='ocrx_word' id='word_1_686' title='bbox 2430 1723 2579 1770; x_wconf 90' lang='lat' dir='ltr'><strong>certe</strong></span> <span class='ocrx_word' id='word_1_687' title='bbox 2606 1722 2665 1770; x_wconf 92' lang='lat' dir='ltr'><strong>ut</strong></span> <span class='ocrx_word' id='word_1_688' title='bbox 2703 1715 2757 1770; x_wconf 92' lang='lat' dir='ltr'><strong>in</strong></span> <span class='ocrx_word' id='word_1_689' title='bbox 2785 1715 3101 1769; x_wconf 89' lang='lat' dir='ltr'><strong>memoriam</strong></span> <span class='ocrx_word' id='word_1_690' title='bbox 3125 1726 3194 1766; x_wconf 81' lang='lat' dir='ltr'><strong>ex</strong></span> <span class='ocrx_word' id='word_1_691' title='bbox 3215 1710 3437 1781; x_wconf 55' lang='lat' dir='ltr'><strong>scrinio.</strong></span> 
     </span>
    </p>
   </div>
   <div class='ocr_carea' id='block_1_97' title="bbox 1858 1777 3443 1852">
    <p class='ocr_par' dir='ltr' id='par_1_97' title="bbox 1858 1777 3443 1852">
     <span class='ocr_line' id='line_1_98' title="bbox 1858 1777 3443 1852; baseline -0.003 -14"><span class='ocrx_word' id='word_1_692' title='bbox 1858 1777 1902 1838; x_wconf 72' lang='lat' dir='ltr'><strong>si</strong></span> <span class='ocrx_word' id='word_1_693' title='bbox 1925 1798 2060 1852; x_wconf 87' lang='lat' dir='ltr'><strong>opus</strong></span> <span class='ocrx_word' id='word_1_694' title='bbox 2088 1792 2250 1847; x_wconf 91' lang='lat' dir='ltr'><strong>esset,</strong></span> <span class='ocrx_word' id='word_1_695' title='bbox 2275 1777 2652 1851; x_wconf 84' lang='lat' dir='ltr'><strong>revocaretur;</strong></span> <span class='ocrx_word' id='word_1_696' title='bbox 2684 1782 2858 1852; x_wconf 73' lang='lat' dir='ltr'><strong>netine</strong></span> <span class='ocrx_word' id='word_1_697' title='bbox 2887 1783 3028 1839; x_wconf 90' lang='lat' dir='ltr'><strong>aliud</strong></span> <span class='ocrx_word' id='word_1_698' title='bbox 3058 1782 3158 1837; x_wconf 87' lang='lat' dir='ltr'><strong>sibi</strong></span> <span class='ocrx_word' id='word_1_699' title='bbox 3188 1777 3443 1852; x_wconf 60' lang='lat' dir='ltr'><strong>veile&#39;i’a-</strong></span> 
     </span>
    </p>
   </div>
   <div class='ocr_carea' id='block_1_98' title="bbox 1861 1850 3436 1927">
    <p class='ocr_par' dir='ltr' id='par_1_98' title="bbox 1861 1850 3436 1927">
     <span class='ocr_line' id='line_1_99' title="bbox 1861 1850 3436 1927; baseline 0 -22"><span class='ocrx_word' id='word_1_700' title='bbox 1861 1850 2002 1927; x_wconf 79' lang='lat' dir='ltr'><strong>trum</strong></span> <span class='ocrx_word' id='word_1_701' title='bbox 2016 1855 2354 1927; x_wconf 74' lang='lat' dir='ltr'><strong>monitiones</strong></span> <span class='ocrx_word' id='word_1_702' title='bbox 2376 1855 2447 1927; x_wconf 83' lang='lat' dir='ltr'><strong>de</strong></span> <span class='ocrx_word' id='word_1_703' title='bbox 2484 1850 2742 1927; x_wconf 85' lang='lat' dir='ltr'><strong>Symbolo</strong></span> <span class='ocrx_word' id='word_1_704' title='bbox 2766 1850 2976 1909; x_wconf 53' lang='lat' dir='ltr'><strong>&quot;litteris</strong></span> <span class='ocrx_word' id='word_1_705' title='bbox 3005 1868 3112 1927; x_wconf 76' lang='lat' dir='ltr'><strong>non</strong></span> <span class='ocrx_word' id='word_1_706' title='bbox 3152 1850 3436 1927; x_wconf 86' lang='lat' dir='ltr'><strong>tradendo,</strong></span> 
     </span>
    </p>
   </div>
   <div class='ocr_carea' id='block_1_99' title="bbox 1864 1922 3442 1997">
    <p class='ocr_par' dir='ltr' id='par_1_99' title="bbox 1864 1922 3442 1997">
     <span class='ocr_line' id='line_1_100' title="bbox 1864 1922 3442 1997; baseline 0 -20"><span class='ocrx_word' id='word_1_707' title='bbox 1864 1922 2325 1997; x_wconf 81' lang='lat' dir='ltr'><strong>nisi__Symbolum</strong></span> <span class='ocrx_word' id='word_1_708' title='bbox 2371 1922 2542 1996; x_wconf 83' lang='lat' dir='ltr'><strong>ipsum</strong></span> <span class='ocrx_word' id='word_1_709' title='bbox 2586 1927 2719 1981; x_wconf 92' lang='lat' dir='ltr'><strong>tanti</strong></span> <span class='ocrx_word' id='word_1_710' title='bbox 2759 1932 2879 1982; x_wconf 79' lang='lat' dir='ltr'><strong>esse</strong></span> <span class='ocrx_word' id='word_1_711' title='bbox 2922 1923 3099 1995; x_wconf 86' lang='lat' dir='ltr'><strong>pretii,</strong></span> <span class='ocrx_word' id='word_1_712' title='bbox 3128 1922 3442 1997; x_wconf 65' lang='lat' dir='ltr'><strong>iniquisque</strong></span> 
     </span>
    </p>
   </div>
   <div class='ocr_carea' id='block_1_100' title="bbox 1866 1992 3439 2067">
    <p class='ocr_par' dir='ltr' id='par_1_100' title="bbox 1866 1992 3439 2067">
     <span class='ocr_line' id='line_1_101' title="bbox 1866 1992 3439 2067; baseline 0 -20"><span class='ocrx_word' id='word_1_713' title='bbox 1866 1992 2101 2067; x_wconf 80' lang='lat' dir='ltr'><strong>ﬁdelium</strong></span> <span class='ocrx_word' id='word_1_714' title='bbox 2122 1992 2407 2051; x_wconf 60' lang='lat' dir='ltr'><strong>memoriae</strong></span> <span class='ocrx_word' id='word_1_715' title='bbox 2418 1997 2648 2063; x_wconf 87' lang='lat' dir='ltr'><strong>tradere,</strong></span> <span class='ocrx_word' id='word_1_716' title='bbox 2672 2012 2737 2053; x_wconf 90' lang='lat' dir='ltr'><strong>ac</strong></span> <span class='ocrx_word' id='word_1_717' title='bbox 2755 2011 2895 2067; x_wconf 68' lang='lat' dir='ltr'><strong>saepe</strong></span> <span class='ocrx_word' id='word_1_718' title='bbox 2917 1992 3143 2067; x_wconf 80' lang='lat' dir='ltr'><strong>recitare</strong></span> <span class='ocrx_word' id='word_1_719' title='bbox 3167 1992 3439 2067; x_wconf 82' lang='lat' dir='ltr'><strong>jubeatur,</strong></span> 
     </span>
    </p>
   </div>
   <div class='ocr_carea' id='block_1_101' title="bbox 1864 2063 3443 2137">
    <p class='ocr_par' dir='ltr' id='par_1_101' title="bbox 1864 2063 3443 2137">
     <span class='ocr_line' id='line_1_102' title="bbox 1864 2063 3443 2137; baseline -0.001 -18"><span class='ocrx_word' id='word_1_720' title='bbox 1864 2064 2039 2135; x_wconf 90' lang='lat' dir='ltr'><strong>ipsum</strong></span> <span class='ocrx_word' id='word_1_721' title='bbox 2050 2065 2113 2137; x_wconf 84' lang='lat' dir='ltr'><strong>in</strong></span> <span class='ocrx_word' id='word_1_722' title='bbox 2144 2075 2327 2122; x_wconf 83' lang='lat' dir='ltr'><strong>mente</strong></span> <span class='ocrx_word' id='word_1_723' title='bbox 2356 2067 2532 2135; x_wconf 89' lang='lat' dir='ltr'><strong>potius</strong></span> <span class='ocrx_word' id='word_1_724' title='bbox 2551 2081 2713 2137; x_wconf 90' lang='lat' dir='ltr'><strong>quam</strong></span> <span class='ocrx_word' id='word_1_725' title='bbox 2747 2066 2801 2123; x_wconf 91' lang='lat' dir='ltr'><strong>in</strong></span> <span class='ocrx_word' id='word_1_726' title='bbox 2823 2063 3007 2123; x_wconf 82' lang='lat' dir='ltr'><strong>charta</strong></span> <span class='ocrx_word' id='word_1_727' title='bbox 3035 2064 3291 2137; x_wconf 84' lang='lat' dir='ltr'><strong>scriptum</strong></span> <span class='ocrx_word' id='word_1_728' title='bbox 3313 2063 3443 2137; x_wconf 83' lang='lat' dir='ltr'><strong>reti-</strong></span> 
     </span>
    </p>
   </div>
   <div class='ocr_carea' id='block_1_102' title="bbox 1865 2134 3443 2208">
    <p class='ocr_par' dir='ltr' id='par_1_102' title="bbox 1865 2134 3443 2208">
     <span class='ocr_line' id='line_1_103' title="bbox 1865 2134 3443 2208; baseline 0 -18"><span class='ocrx_word' id='word_1_729' title='bbox 1865 2134 2018 2191; x_wconf 87' lang='lat' dir='ltr'><strong>nens.</strong></span> <span class='ocrx_word' id='word_1_730' title='bbox 2049 2135 2247 2208; x_wconf 86' lang='lat' dir='ltr'><strong>Verum</strong></span> <span class='ocrx_word' id='word_1_731' title='bbox 2272 2134 2431 2192; x_wconf 86' lang='lat' dir='ltr'><strong>allata</strong></span> <span class='ocrx_word' id='word_1_732' title='bbox 2460 2134 2897 2208; x_wconf 59' lang='lat' dir='ltr'><strong>tum&#39;Augustini,</strong></span> <span class='ocrx_word' id='word_1_733' title='bbox 2926 2144 3038 2192; x_wconf 90' lang='lat' dir='ltr'><strong>tum</strong></span> <span class='ocrx_word' id='word_1_734' title='bbox 3067 2135 3294 2190; x_wconf 89' lang='lat' dir='ltr'><strong>aliorum</strong></span> <span class='ocrx_word' id='word_1_735' title='bbox 3324 2134 3443 2190; x_wconf 84' lang='lat' dir='ltr'><strong>loca</strong></span> 
     </span>
    </p>
   </div>
   <div class='ocr_carea' id='block_1_103' title="bbox 1864 2206 3444 2289">
    <p class='ocr_par' dir='ltr' id='par_1_103' title="bbox 1864 2206 3444 2289">
     <span class='ocr_line' id='line_1_104' title="bbox 1864 2206 3444 2289; baseline -0.001 -30"><span class='ocrx_word' id='word_1_736' title='bbox 1864 2214 2103 2289; x_wconf 76' lang='lat' dir='ltr'><strong>veterem</strong></span> <span class='ocrx_word' id='word_1_737' title='bbox 2132 2206 2701 2289; x_wconf 43' lang='lat' dir='ltr'><strong>ritnm_procuidubion&#39;</strong></span> <span class='ocrx_word' id='word_1_738' title='bbox 2714 2206 2958 2289; x_wconf 67' lang='lat' dir='ltr'><strong>ﬁrmant,</strong></span> <span class='ocrx_word' id='word_1_739' title='bbox 2990 2221 3107 2289; x_wconf 44' lang='lat' dir='ltr'><strong>quo.</strong></span> <span class='ocrx_word' id='word_1_740' title='bbox 3126 2213 3444 2289; x_wconf 70' lang='lat' dir='ltr'><strong>competun~</strong></span> 
     </span>
    </p>
   </div>
   <div class='ocr_carea' id='block_1_104' title="bbox 1865 2274 3445 2347">
    <p class='ocr_par' dir='ltr' id='par_1_104' title="bbox 1865 2274 3445 2347">
     <span class='ocr_line' id='line_1_105' title="bbox 1865 2274 3445 2347; baseline -0.001 -16"><span class='ocrx_word' id='word_1_741' title='bbox 1865 2277 2008 2347; x_wconf 85' lang='lat' dir='ltr'><strong>tibus</strong></span> <span class='ocrx_word' id='word_1_742' title='bbox 2036 2274 2346 2347; x_wconf 83' lang='lat' dir='ltr'><strong>omnimode</strong></span> <span class='ocrx_word' id='word_1_743' title='bbox 2365 2278 2648 2332; x_wconf 83' lang='lat' dir='ltr'><strong>vetabatur</strong></span> <span class='ocrx_word' id='word_1_744' title='bbox 2666 2276 2907 2347; x_wconf 87' lang='lat' dir='ltr'><strong>Symboli</strong></span> <span class='ocrx_word' id='word_1_745' title='bbox 2928 2274 3166 2347; x_wconf 86' lang='lat' dir='ltr'><strong>scriptio,</strong></span> <span class='ocrx_word' id='word_1_746' title='bbox 3197 2286 3256 2329; x_wconf 89' lang='lat' dir='ltr'><strong>ut</strong></span> <span class='ocrx_word' id='word_1_747' title='bbox 3285 2274 3445 2330; x_wconf 88' lang='lat' dir='ltr'><strong>ﬁdem</strong></span> 
     </span>
    </p>
   </div>
   <div class='ocr_carea' id='block_1_105' title="bbox 1859 2295 3447 2416">
    <p class='ocr_par' dir='ltr' id='par_1_105' title="bbox 1859 2295 3447 2416">
     <span class='ocr_line' id='line_1_106' title="bbox 1866 2295 3445 2347; baseline 0.001 -18"><span class='ocrx_word' id='word_1_748' title='bbox 1866 2295 2008 2331; x_wconf 83' lang='lat' dir='ltr'><strong>unus</strong></span> <span class='ocrx_word' id='word_1_749' title='bbox 2036 2295 2346 2333; x_wconf 82' lang='lat' dir='ltr'><strong>omnimoue</strong></span> <span class='ocrx_word' id='word_1_750' title='bbox 2365 2295 2648 2332; x_wconf 72' lang='lat' dir='ltr'><strong>vetabatur</strong></span> <span class='ocrx_word' id='word_1_751' title='bbox 2666 2295 2705 2333; x_wconf 72' lang='grc' dir='ltr'>δ</span> <span class='ocrx_word' id='word_1_752' title='bbox 2742 2295 2907 2333; x_wconf 82' lang='lat' dir='ltr'><strong>moon</strong></span> <span class='ocrx_word' id='word_1_753' title='bbox 2928 2295 3166 2347; x_wconf 77' lang='lat' dir='ltr'><strong>scriptio,</strong></span> <span class='ocrx_word' id='word_1_754' title='bbox 3198 2295 3256 2329; x_wconf 81' lang='grc' dir='ltr'><strong>ιιι</strong></span> <span class='ocrx_word' id='word_1_755' title='bbox 3286 2295 3445 2330; x_wconf 88' lang='lat' dir='ltr'><strong>nuem</strong></span> 
     </span>
     <span class='ocr_line' id='line_1_107' title="bbox 1859 2295 3447 2416; baseline 0.001 -16"><span class='ocrx_word' id='word_1_756' title='bbox 1859 2346 2015 2416; x_wconf 81' lang='lat' dir='ltr'><strong>juxta</strong></span> <span class='ocrx_word' id='word_1_757' title='bbox 2057 2345 2376 2416; x_wconf 77' lang='lat' dir='ltr'><strong>Apostolum</strong></span> <span class='ocrx_word' id='word_1_758' title='bbox 2404 2364 2470 2403; x_wconf 77' lang='lat' dir='ltr'><strong>ea:</strong></span> <span class='ocrx_word' id='word_1_759' title='bbox 2507 2347 2684 2401; x_wconf 81' lang='lat' dir='ltr'><strong>auditu</strong></span> <span class='ocrx_word' id='word_1_760' title='bbox 2709 2295 2988 2413; x_wconf 68' lang='lat' dir='ltr'><strong>liaberent,</strong></span> <span class='ocrx_word' id='word_1_761' title='bbox 3021 2354 3181 2416; x_wconf 85' lang='lat' dir='ltr'><strong>atque</strong></span> <span class='ocrx_word' id='word_1_762' title='bbox 3209 2352 3266 2400; x_wconf 92' lang='lat' dir='ltr'><strong>ut</strong></span> <span class='ocrx_word' id='word_1_763' title='bbox 3293 2352 3447 2416; x_wconf 60' lang='lat' dir='ltr'><strong>extra</strong></span> 
     </span>
    </p>
   </div>
   <div class='ocr_carea' id='block_1_106' title="bbox 1866 2414 3448 2488">
    <p class='ocr_par' dir='ltr' id='par_1_106' title="bbox 1866 2414 3448 2488">
     <span class='ocr_line' id='line_1_108' title="bbox 1866 2414 3448 2488; baseline -0.001 -17"><span class='ocrx_word' id='word_1_764' title='bbox 1866 2414 2016 2488; x_wconf 86' lang='lat' dir='ltr'><strong>spem</strong></span> <span class='ocrx_word' id='word_1_765' title='bbox 2034 2414 2205 2488; x_wconf 85' lang='lat' dir='ltr'><strong>positi</strong></span> <span class='ocrx_word' id='word_1_766' title='bbox 2229 2417 2482 2486; x_wconf 83' lang='lat' dir='ltr'><strong>juvandae</strong></span> <span class='ocrx_word' id='word_1_767' title='bbox 2508 2433 2575 2473; x_wconf 81' lang='lat' dir='ltr'><strong>ex</strong></span> <span class='ocrx_word' id='word_1_768' title='bbox 2613 2418 2815 2488; x_wconf 90' lang='lat' dir='ltr'><strong>scripto</strong></span> <span class='ocrx_word' id='word_1_769' title='bbox 2840 2414 3114 2488; x_wconf 59' lang='lat' dir='ltr'><strong>memoria:</strong></span> <span class='ocrx_word' id='word_1_770' title='bbox 3133 2414 3448 2487; x_wconf 87' lang='lat' dir='ltr'><strong>Symbolum</strong></span> 
     </span>
    </p>
   </div>
   <div class='ocr_carea' id='block_1_107' title="bbox 1868 2487 3450 2556">
    <p class='ocr_par' dir='ltr' id='par_1_107' title="bbox 1868 2487 3450 2556">
     <span class='ocr_line' id='line_1_109' title="bbox 1868 2487 3450 2556; baseline -0.001 -14"><span class='ocrx_word' id='word_1_771' title='bbox 1868 2496 1924 2542; x_wconf 89' lang='lat' dir='ltr'><strong>et</strong></span> <span class='ocrx_word' id='word_1_772' title='bbox 1952 2487 2256 2556; x_wconf 88' lang='lat' dir='ltr'><strong>diligentius</strong></span> <span class='ocrx_word' id='word_1_773' title='bbox 2281 2488 2618 2545; x_wconf 88' lang='lat' dir='ltr'><strong>addiscerent</strong></span> <span class='ocrx_word' id='word_1_774' title='bbox 2644 2495 2699 2544; x_wconf 90' lang='lat' dir='ltr'><strong>et</strong></span> <span class='ocrx_word' id='word_1_775' title='bbox 2726 2489 2966 2545; x_wconf 88' lang='lat' dir='ltr'><strong>tenacius</strong></span> <span class='ocrx_word' id='word_1_776' title='bbox 2990 2487 3315 2551; x_wconf 87' lang='lat' dir='ltr'><strong>retinerent;</strong></span> <span class='ocrx_word' id='word_1_777' title='bbox 3349 2499 3450 2556; x_wconf 85' lang='lat' dir='ltr'><strong>nec</strong></span> 
     </span>
    </p>
   </div>
   <div class='ocr_carea' id='block_1_108' title="bbox 1868 2555 3447 2630">
    <p class='ocr_par' dir='ltr' id='par_1_108' title="bbox 1868 2555 3447 2630">
     <span class='ocr_line' id='line_1_110' title="bbox 1868 2555 3447 2630; baseline 0.001 -18"><span class='ocrx_word' id='word_1_778' title='bbox 1868 2573 1976 2612; x_wconf 91' lang='lat' dir='ltr'><strong>non</strong></span> <span class='ocrx_word' id='word_1_779' title='bbox 2001 2555 2065 2630; x_wconf 83' lang='lat' dir='ltr'><strong>ut</strong></span> <span class='ocrx_word' id='word_1_780' title='bbox 2079 2560 2262 2615; x_wconf 88' lang='lat' dir='ltr'><strong>arcani</strong></span> <span class='ocrx_word' id='word_1_781' title='bbox 2276 2574 2497 2630; x_wconf 86' lang='lat' dir='ltr'><strong>quoque</strong></span> <span class='ocrx_word' id='word_1_782' title='bbox 2518 2558 2796 2630; x_wconf 85' lang='lat' dir='ltr'><strong>disciplina</strong></span> <span class='ocrx_word' id='word_1_783' title='bbox 2816 2565 3142 2630; x_wconf 72' lang='lat' dir='ltr'><strong>servaretur,</strong></span> <span class='ocrx_word' id='word_1_784' title='bbox 3161 2572 3265 2627; x_wconf 88' lang='lat' dir='ltr'><strong>qua</strong></span> <span class='ocrx_word' id='word_1_785' title='bbox 3288 2555 3447 2613; x_wconf 84' lang='lat' dir='ltr'><strong>sicuti</strong></span> 
     </span>
    </p>
   </div>
   <div class='ocr_carea' id='block_1_109' title="bbox 1868 2627 3450 2701">
    <p class='ocr_par' dir='ltr' id='par_1_109' title="bbox 1868 2627 3450 2701">
     <span class='ocr_line' id='line_1_111' title="bbox 1868 2627 3450 2701; baseline -0.001 -18"><span class='ocrx_word' id='word_1_786' title='bbox 1868 2627 2246 2701; x_wconf 84' lang='lat' dir='ltr'><strong>cavebaturne</strong></span> <span class='ocrx_word' id='word_1_787' title='bbox 2266 2627 2579 2701; x_wconf 85' lang='lat' dir='ltr'><strong>Symbolum</strong></span> <span class='ocrx_word' id='word_1_788' title='bbox 2601 2627 2999 2701; x_wconf 81' lang='lat' dir='ltr'><strong>catechumenis</strong></span> <span class='ocrx_word' id='word_1_789' title='bbox 3030 2628 3332 2701; x_wconf 85' lang='lat' dir='ltr'><strong>traderetur</strong></span> <span class='ocrx_word' id='word_1_790' title='bbox 3359 2642 3450 2701; x_wconf 83' lang='lat' dir='ltr'><strong>an-</strong></span> 
     </span>
    </p>
   </div>
   <div class='ocr_carea' id='block_1_110' title="bbox 1869 2697 3449 2771">
    <p class='ocr_par' dir='ltr' id='par_1_110' title="bbox 1869 2697 3449 2771">
     <span class='ocr_line' id='line_1_112' title="bbox 1869 2697 3449 2771; baseline 0 -18"><span class='ocrx_word' id='word_1_791' title='bbox 1869 2706 2085 2768; x_wconf 84' lang='lat' dir='ltr'><strong>tequam</strong></span> <span class='ocrx_word' id='word_1_792' title='bbox 2113 2697 2628 2771; x_wconf 80' lang='lat' dir='ltr'><strong>adcompetentium</strong></span> <span class='ocrx_word' id='word_1_793' title='bbox 2667 2700 2891 2771; x_wconf 84' lang='lat' dir='ltr'><strong>gradum</strong></span> <span class='ocrx_word' id='word_1_794' title='bbox 2936 2698 3328 2771; x_wconf 84' lang='lat' dir='ltr'><strong>pervenissent,</strong></span> <span class='ocrx_word' id='word_1_795' title='bbox 3371 2697 3449 2753; x_wconf 84' lang='lat' dir='ltr'><strong>ita</strong></span> 
     </span>
    </p>
   </div>
   <div class='ocr_carea' id='block_1_111' title="bbox 1870 2768 3449 2841">
    <p class='ocr_par' dir='ltr' id='par_1_111' title="bbox 1870 2768 3449 2841">
     <span class='ocr_line' id='line_1_113' title="bbox 1870 2768 3449 2841; baseline -0.002 -17"><span class='ocrx_word' id='word_1_796' title='bbox 1870 2778 1925 2824; x_wconf 93' lang='lat' dir='ltr'><strong>et</strong></span> <span class='ocrx_word' id='word_1_797' title='bbox 1951 2770 2130 2841; x_wconf 75' lang='lat' dir='ltr'><strong>caveri</strong></span> <span class='ocrx_word' id='word_1_798' title='bbox 2169 2768 2401 2841; x_wconf 82' lang='lat' dir='ltr'><strong>debebat</strong></span> <span class='ocrx_word' id='word_1_799' title='bbox 2438 2786 2507 2825; x_wconf 91' lang='lat' dir='ltr'><strong>ne</strong></span> <span class='ocrx_word' id='word_1_800' title='bbox 2549 2768 2690 2827; x_wconf 86' lang='lat' dir='ltr'><strong>forte</strong></span> <span class='ocrx_word' id='word_1_801' title='bbox 2716 2785 2795 2841; x_wconf 82' lang='lat' dir='ltr'><strong>ex</strong></span> <span class='ocrx_word' id='word_1_802' title='bbox 2816 2768 3066 2841; x_wconf 81' lang='lat' dir='ltr'><strong>pluribus</strong></span> <span class='ocrx_word' id='word_1_803' title='bbox 3092 2783 3212 2841; x_wconf 74' lang='lat' dir='ltr'><strong>qum</strong></span> <span class='ocrx_word' id='word_1_804' title='bbox 3239 2783 3267 2822; x_wconf 89' lang='lat' dir='ltr'><strong>a</strong></span> <span class='ocrx_word' id='word_1_805' title='bbox 3298 2782 3449 2841; x_wconf 79' lang='lat' dir='ltr'><strong>eom-</strong></span> 
     </span>
    </p>
   </div>
   <div class='ocr_carea' id='block_1_112' title="bbox 1869 2837 3448 2921">
    <p class='ocr_par' dir='ltr' id='par_1_112' title="bbox 1869 2837 3448 2921">
     <span class='ocr_line' id='line_1_114' title="bbox 1869 2837 3448 2921; baseline 0 -27"><span class='ocrx_word' id='word_1_806' title='bbox 1869 2840 2176 2921; x_wconf 87' lang='lat' dir='ltr'><strong>petentihus</strong></span> <span class='ocrx_word' id='word_1_807' title='bbox 2212 2840 2373 2896; x_wconf 87' lang='lat' dir='ltr'><strong>scribi</strong></span> <span class='ocrx_word' id='word_1_808' title='bbox 2402 2847 2652 2921; x_wconf 79' lang='lat' dir='ltr'><strong>poterant</strong></span> <span class='ocrx_word' id='word_1_809' title='bbox 2680 2837 3225 2921; x_wconf 53' lang='lat' dir='ltr'><strong>ejusdcmnexeniplie‘,</strong></span> <span class='ocrx_word' id='word_1_810' title='bbox 3250 2837 3448 2921; x_wconf 84' lang='lat' dir='ltr'><strong>_aliqua</strong></span> 
     </span>
    </p>
   </div>
   <div class='ocr_carea' id='block_1_113' title="bbox 1870 2908 3452 2982">
    <p class='ocr_par' dir='ltr' id='par_1_113' title="bbox 1870 2908 3452 2982">
     <span class='ocr_line' id='line_1_115' title="bbox 1870 2908 3452 2982; baseline 0.001 -18"><span class='ocrx_word' id='word_1_811' title='bbox 1870 2908 1925 2964; x_wconf 88' lang='lat' dir='ltr'><strong>in</strong></span> <span class='ocrx_word' id='word_1_812' title='bbox 1971 2924 2171 2982; x_wconf 55' lang='lat' dir='ltr'><strong>manus</strong></span> <span class='ocrx_word' id='word_1_813' title='bbox 2220 2908 2564 2982; x_wconf 84' lang='lat' dir='ltr'><strong>pervenirent</strong></span> <span class='ocrx_word' id='word_1_814' title='bbox 2606 2908 2797 2967; x_wconf 88' lang='lat' dir='ltr'><strong>eorum</strong></span> <span class='ocrx_word' id='word_1_815' title='bbox 2838 2908 3223 2982; x_wconf 78' lang='lat' dir='ltr'><strong>quibusilluti</strong></span> <span class='ocrx_word' id='word_1_816' title='bbox 3250 2908 3452 2982; x_wconf 80' lang='lat' dir='ltr'><strong>habere</strong></span> 
     </span>
    </p>
   </div>
   <div class='ocr_carea' id='block_1_114' title="bbox 1872 2977 3450 3052">
    <p class='ocr_par' dir='ltr' id='par_1_114' title="bbox 1872 2977 3450 3052">
     <span class='ocr_line' id='line_1_116' title="bbox 1872 2977 3450 3052; baseline 0 -19"><span class='ocrx_word' id='word_1_817' title='bbox 1872 2979 2108 3052; x_wconf 88' lang='lat' dir='ltr'><strong>nondum</strong></span> <span class='ocrx_word' id='word_1_818' title='bbox 2140 2977 2366 3048; x_wconf 85' lang='lat' dir='ltr'><strong>licebat;</strong></span> <span class='ocrx_word' id='word_1_819' title='bbox 2408 2982 2545 3038; x_wconf 90' lang='lat' dir='ltr'><strong>sicut</strong></span> <span class='ocrx_word' id='word_1_820' title='bbox 2571 2982 2732 3037; x_wconf 86' lang='lat' dir='ltr'><strong>etiam</strong></span> <span class='ocrx_word' id='word_1_821' title='bbox 2755 2982 2825 3037; x_wconf 94' lang='lat' dir='ltr'><strong>ob</strong></span> <span class='ocrx_word' id='word_1_822' title='bbox 2855 2977 3152 3052; x_wconf 62' lang='lat' dir='ltr'><strong>&#39;quamdam</strong></span> <span class='ocrx_word' id='word_1_823' title='bbox 3191 2977 3450 3052; x_wconf 77' lang='lat' dir='ltr'><strong>Symbolo</strong></span> 
     </span>
    </p>
   </div>
   <div class='ocr_carea' id='block_1_115' title="bbox 1870 3048 3452 3123">
    <p class='ocr_par' dir='ltr' id='par_1_115' title="bbox 1870 3048 3452 3123">
     <span class='ocr_line' id='line_1_117' title="bbox 1870 3048 3452 3123; baseline 0 -17"><span class='ocrx_word' id='word_1_824' title='bbox 1870 3049 2103 3123; x_wconf 87' lang='lat' dir='ltr'><strong>debitam</strong></span> <span class='ocrx_word' id='word_1_825' title='bbox 2143 3052 2531 3119; x_wconf 86' lang='lat' dir='ltr'><strong>reverentiam,</strong></span> <span class='ocrx_word' id='word_1_826' title='bbox 2573 3067 2680 3123; x_wconf 89' lang='lat' dir='ltr'><strong>qua</strong></span> <span class='ocrx_word' id='word_1_827' title='bbox 2719 3048 3075 3108; x_wconf 50' lang='lat' dir='ltr'><strong>conveniebat</strong></span> <span class='ocrx_word' id='word_1_828' title='bbox 3124 3059 3180 3107; x_wconf 89' lang='lat' dir='ltr'><strong>ut</strong></span> <span class='ocrx_word' id='word_1_829' title='bbox 3216 3048 3345 3105; x_wconf 84' lang='lat' dir='ltr'><strong>illud</strong></span> <span class='ocrx_word' id='word_1_830' title='bbox 3382 3064 3452 3106; x_wconf 79' lang='lat' dir='ltr'><strong>ex</strong></span> 
     </span>
    </p>
   </div>
   <div class='ocr_carea' id='block_1_116' title="bbox 1870 3122 3446 3193">
    <p class='ocr_par' dir='ltr' id='par_1_116' title="bbox 1870 3122 3446 3193">
     <span class='ocr_line' id='line_1_118' title="bbox 1870 3122 3446 3193; baseline -0.001 -17"><span class='ocrx_word' id='word_1_831' title='bbox 1870 3135 1966 3193; x_wconf 90' lang='lat' dir='ltr'><strong>ore</strong></span> <span class='ocrx_word' id='word_1_832' title='bbox 1994 3122 2172 3193; x_wconf 85' lang='lat' dir='ltr'><strong>potius</strong></span> <span class='ocrx_word' id='word_1_833' title='bbox 2206 3136 2369 3190; x_wconf 87' lang='lat' dir='ltr'><strong>quam</strong></span> <span class='ocrx_word' id='word_1_834' title='bbox 2405 3140 2473 3178; x_wconf 83' lang='lat' dir='ltr'><strong>ex</strong></span> <span class='ocrx_word' id='word_1_835' title='bbox 2509 3122 2692 3179; x_wconf 80' lang='lat' dir='ltr'><strong>charta</strong></span> <span class='ocrx_word' id='word_1_836' title='bbox 2723 3124 3030 3193; x_wconf 90' lang='lat' dir='ltr'><strong>acciperent</strong></span> <span class='ocrx_word' id='word_1_837' title='bbox 3058 3127 3446 3193; x_wconf 87' lang='lat' dir='ltr'><strong>competentes,</strong></span> 
     </span>
    </p>
   </div>
   <div class='ocr_carea' id='block_1_117' title="bbox 1871 3190 3449 3263">
    <p class='ocr_par' dir='ltr' id='par_1_117' title="bbox 1871 3190 3449 3263">
     <span class='ocr_line' id='line_1_119' title="bbox 1871 3190 3449 3263; baseline -0.001 -18"><span class='ocrx_word' id='word_1_838' title='bbox 1871 3192 1947 3246; x_wconf 91' lang='lat' dir='ltr'><strong>uti</strong></span> <span class='ocrx_word' id='word_1_839' title='bbox 1975 3190 2044 3247; x_wconf 71' lang='lat' dir='ltr'><strong>ex</strong></span> <span class='ocrx_word' id='word_1_840' title='bbox 2083 3191 2259 3248; x_wconf 89' lang='lat' dir='ltr'><strong>allatis</strong></span> <span class='ocrx_word' id='word_1_841' title='bbox 2300 3195 2535 3263; x_wconf 65' lang='lat' dir='ltr'><strong>testibus</strong></span> <span class='ocrx_word' id='word_1_842' title='bbox 2582 3190 2944 3263; x_wconf 77' lang='lat' dir='ltr'><strong>intelliginius.</strong></span> <span class='ocrx_word' id='word_1_843' title='bbox 2991 3190 3257 3263; x_wconf 65' lang='lat' dir='ltr'><strong>Dicamus</strong></span> <span class='ocrx_word' id='word_1_844' title='bbox 3289 3190 3449 3261; x_wconf 89' lang='lat' dir='ltr'><strong>igitur</strong></span> 
     </span>
    </p>
   </div>
   <div class='ocr_carea' id='block_1_118' title="bbox 1870 3260 3450 3344">
    <p class='ocr_par' dir='ltr' id='par_1_118' title="bbox 1870 3260 3450 3344">
     <span class='ocr_line' id='line_1_120' title="bbox 1870 3260 3450 3344; baseline -0.001 -27"><span class='ocrx_word' id='word_1_845' title='bbox 1870 3268 2104 3344; x_wconf 86' lang='lat' dir='ltr'><strong>oportet,</strong></span> <span class='ocrx_word' id='word_1_846' title='bbox 2133 3271 2243 3344; x_wconf 85' lang='lat' dir='ltr'><strong>tum</strong></span> <span class='ocrx_word' id='word_1_847' title='bbox 2273 3273 2461 3344; x_wconf 77' lang='lat' dir='ltr'><strong>contra</strong></span> <span class='ocrx_word' id='word_1_848' title='bbox 2486 3260 2832 3344; x_wconf 78' lang='lat' dir='ltr'><strong>Lebruniuin,</strong></span> <span class='ocrx_word' id='word_1_849' title='bbox 2849 3273 2969 3344; x_wconf 86' lang='lat' dir='ltr'><strong>_tum</strong></span> <span class='ocrx_word' id='word_1_850' title='bbox 2992 3260 3450 3344; x_wconf 55' lang='lat' dir='ltr'><strong>contraMurato-</strong></span> 
     </span>
    </p>
   </div>
   <div class='ocr_carea' id='block_1_119' title="bbox 1868 3333 3448 3405">
    <p class='ocr_par' dir='ltr' id='par_1_119' title="bbox 1868 3333 3448 3405">
     <span class='ocr_line' id='line_1_121' title="bbox 1868 3333 3448 3405; baseline -0.001 -17"><span class='ocrx_word' id='word_1_851' title='bbox 1868 3333 2026 3398; x_wconf 92' lang='lat' dir='ltr'><strong>rium,</strong></span> <span class='ocrx_word' id='word_1_852' title='bbox 2060 3333 2281 3405; x_wconf 87' lang='lat' dir='ltr'><strong>vetitum</strong></span> <span class='ocrx_word' id='word_1_853' title='bbox 2322 3334 2538 3405; x_wconf 85' lang='lat' dir='ltr'><strong>quidem</strong></span> <span class='ocrx_word' id='word_1_854' title='bbox 2570 3337 2749 3405; x_wconf 87' lang='lat' dir='ltr'><strong>reipsa</strong></span> <span class='ocrx_word' id='word_1_855' title='bbox 2790 3334 2953 3391; x_wconf 86' lang='lat' dir='ltr'><strong>luisse</strong></span> <span class='ocrx_word' id='word_1_856' title='bbox 2981 3333 3273 3405; x_wconf 90' lang='lat' dir='ltr'><strong>antiquitus</strong></span> <span class='ocrx_word' id='word_1_857' title='bbox 3299 3347 3448 3405; x_wconf 78' lang='lat' dir='ltr'><strong>cem-</strong></span> 
     </span>
    </p>
   </div>
   <div class='ocr_carea' id='block_1_120' title="bbox 1869 3402 3449 3477">
    <p class='ocr_par' dir='ltr' id='par_1_120' title="bbox 1869 3402 3449 3477">
     <span class='ocr_line' id='line_1_122' title="bbox 1869 3402 3449 3477; baseline 0.001 -20"><span class='ocrx_word' id='word_1_858' title='bbox 1869 3404 2177 3477; x_wconf 87' lang='lat' dir='ltr'><strong>petentibus</strong></span> <span class='ocrx_word' id='word_1_859' title='bbox 2222 3402 2536 3477; x_wconf 77' lang='lat' dir='ltr'><strong>Symbolum</strong></span> <span class='ocrx_word' id='word_1_860' title='bbox 2584 3402 2821 3477; x_wconf 79' lang='lat' dir='ltr'><strong>scribere</strong></span> <span class='ocrx_word' id='word_1_861' title='bbox 2867 3406 3031 3462; x_wconf 90' lang='lat' dir='ltr'><strong>etiam</strong></span> <span class='ocrx_word' id='word_1_862' title='bbox 3075 3402 3143 3460; x_wconf 83' lang='lat' dir='ltr'><strong>ad</strong></span> <span class='ocrx_word' id='word_1_863' title='bbox 3171 3402 3449 3477; x_wconf 86' lang='lat' dir='ltr'><strong>proprium</strong></span> 
     </span>
    </p>
   </div>
   <div class='ocr_carea' id='block_1_121' title="bbox 1868 3473 3445 3546">
    <p class='ocr_par' dir='ltr' id='par_1_121' title="bbox 1868 3473 3445 3546">
     <span class='ocr_line' id='line_1_123' title="bbox 1868 3473 3445 3546; baseline 0 -18"><span class='ocrx_word' id='word_1_864' title='bbox 1868 3473 2045 3546; x_wconf 80' lang='lat' dir='ltr'><strong>usum,</strong></span> <span class='ocrx_word' id='word_1_865' title='bbox 2088 3475 2215 3529; x_wconf 85' lang='lat' dir='ltr'><strong>dum</strong></span> <span class='ocrx_word' id='word_1_866' title='bbox 2244 3473 2297 3530; x_wconf 83' lang='lat' dir='ltr'><strong>in</strong></span> <span class='ocrx_word' id='word_1_867' title='bbox 2326 3476 2749 3546; x_wconf 89' lang='lat' dir='ltr'><strong>competentium</strong></span> <span class='ocrx_word' id='word_1_868' title='bbox 2792 3477 2981 3532; x_wconf 89' lang='lat' dir='ltr'><strong>ordine</strong></span> <span class='ocrx_word' id='word_1_869' title='bbox 3022 3473 3445 3546; x_wconf 77' lang='lat' dir='ltr'><strong>permanebant;</strong></span> 
     </span>
    </p>
   </div>
   <div class='ocr_carea' id='block_1_122' title="bbox 1867 3543 3450 3620">
    <p class='ocr_par' dir='ltr' id='par_1_122' title="bbox 1867 3543 3450 3620">
     <span class='ocr_line' id='line_1_124' title="bbox 1867 3543 3450 3620; baseline 0 -20"><span class='ocrx_word' id='word_1_870' title='bbox 1867 3545 2088 3620; x_wconf 87' lang='lat' dir='ltr'><strong>minime</strong></span> <span class='ocrx_word' id='word_1_871' title='bbox 2116 3560 2246 3620; x_wconf 82' lang='lat' dir='ltr'><strong>vero</strong></span> <span class='ocrx_word' id='word_1_872' title='bbox 2276 3543 2691 3620; x_wconf 68' lang='lat' dir='ltr'><strong>vetitumiuisse</strong></span> <span class='ocrx_word' id='word_1_873' title='bbox 2732 3543 3044 3620; x_wconf 81' lang='lat' dir='ltr'><strong>Symbolum</strong></span> <span class='ocrx_word' id='word_1_874' title='bbox 3078 3545 3313 3620; x_wconf 81' lang='lat' dir='ltr'><strong>scribere</strong></span> <span class='ocrx_word' id='word_1_875' title='bbox 3339 3543 3450 3620; x_wconf 87' lang='lat' dir='ltr'><strong>epi-_-</strong></span> 
     </span>
    </p>
   </div>
   <div class='ocr_carea' id='block_1_123' title="bbox 1868 3613 3450 3688">
    <p class='ocr_par' dir='ltr' id='par_1_123' title="bbox 1868 3613 3450 3688">
     <span class='ocr_line' id='line_1_125' title="bbox 1868 3613 3450 3688; baseline 0 -17"><span class='ocrx_word' id='word_1_876' title='bbox 1868 3616 2064 3688; x_wconf 87' lang='lat' dir='ltr'><strong>scopis,</strong></span> <span class='ocrx_word' id='word_1_877' title='bbox 2089 3616 2437 3688; x_wconf 86' lang='lat' dir='ltr'><strong>presbyteris,</strong></span> <span class='ocrx_word' id='word_1_878' title='bbox 2461 3616 2688 3688; x_wconf 86' lang='lat' dir='ltr'><strong>aliisque</strong></span> <span class='ocrx_word' id='word_1_879' title='bbox 2715 3613 2789 3672; x_wconf 75' lang='lat' dir='ltr'><strong>de</strong></span> <span class='ocrx_word' id='word_1_880' title='bbox 2805 3618 2969 3688; x_wconf 86' lang='lat' dir='ltr'><strong>clero.</strong></span> <span class='ocrx_word' id='word_1_881' title='bbox 3000 3613 3450 3688; x_wconf 80' lang='lat' dir='ltr'><strong>quibusdocendi</strong></span> 
     </span>
    </p>
   </div>
   <div class='ocr_carea' id='block_1_124' title="bbox 1867 3686 3449 3758">
    <p class='ocr_par' dir='ltr' id='par_1_124' title="bbox 1867 3686 3449 3758">
     <span class='ocr_line' id='line_1_126' title="bbox 1867 3686 3449 3758; baseline -0.001 -17"><span class='ocrx_word' id='word_1_882' title='bbox 1867 3701 2004 3741; x_wconf 87' lang='lat' dir='ltr'><strong>onus</strong></span> <span class='ocrx_word' id='word_1_883' title='bbox 2033 3686 2392 3758; x_wconf 65' lang='lat' dir='ltr'><strong>incumbebat,</strong></span> <span class='ocrx_word' id='word_1_884' title='bbox 2435 3686 2796 3758; x_wconf 36' lang='lat' dir='ltr'><strong>sicuti’neque</strong></span> <span class='ocrx_word' id='word_1_885' title='bbox 2836 3686 3449 3758; x_wconf 68' lang='lat' dir='ltr'><strong>ﬁdelibus‘quibusqim-</strong></span> 
     </span>
    </p>
   </div>
   <div class='ocr_carea' id='block_1_125' title="bbox 1868 3756 3304 3827">
    <p class='ocr_par' dir='ltr' id='par_1_125' title="bbox 1868 3756 3304 3827">
     <span class='ocr_line' id='line_1_127' title="bbox 1868 3756 3304 3827; baseline 0 -16"><span class='ocrx_word' id='word_1_886' title='bbox 1868 3770 1973 3827; x_wconf 91' lang='lat' dir='ltr'><strong>que</strong></span> <span class='ocrx_word' id='word_1_887' title='bbox 2001 3772 2031 3811; x_wconf 90' lang='lat' dir='ltr'><strong>e</strong></span> <span class='ocrx_word' id='word_1_888' title='bbox 2059 3756 2310 3827; x_wconf 83' lang='lat' dir='ltr'><strong>tirocinio</strong></span> <span class='ocrx_word' id='word_1_889' title='bbox 2328 3756 2646 3814; x_wconf 63' lang='lat' dir='ltr'><strong>Christiana:</strong></span> <span class='ocrx_word' id='word_1_890' title='bbox 2674 3756 3027 3814; x_wconf 84' lang='lat' dir='ltr'><strong>institutionis</strong></span> <span class='ocrx_word' id='word_1_891' title='bbox 3054 3756 3304 3827; x_wconf 87' lang='lat' dir='ltr'><strong>egressis.</strong></span> 
     </span>
    </p>
   </div>
   <div class='ocr_carea' id='block_1_126' title="bbox 1939 3826 3455 3899">
    <p class='ocr_par' dir='ltr' id='par_1_126' title="bbox 1939 3826 3455 3899">
     <span class='ocr_line' id='line_1_128' title="bbox 1939 3826 3455 3899; baseline 0.003 -18"><span class='ocrx_word' id='word_1_892' title='bbox 1939 3826 2116 3899; x_wconf 72' lang='lat' dir='ltr'><strong>Qtueri</strong></span> <span class='ocrx_word' id='word_1_893' title='bbox 2163 3842 2306 3882; x_wconf 91' lang='lat' dir='ltr'><strong>nunc</strong></span> <span class='ocrx_word' id='word_1_894' title='bbox 2351 3837 2585 3899; x_wconf 80' lang='lat' dir='ltr'><strong>posset,</strong></span> <span class='ocrx_word' id='word_1_895' title='bbox 2613 3827 2867 3899; x_wconf 90' lang='lat' dir='ltr'><strong>quamdiu</strong></span> <span class='ocrx_word' id='word_1_896' title='bbox 2911 3828 3025 3885; x_wconf 83' lang='lat' dir='ltr'><strong>haec</strong></span> <span class='ocrx_word' id='word_1_897' title='bbox 3068 3826 3349 3897; x_wconf 88' lang='lat' dir='ltr'><strong>disciplina</strong></span> <span class='ocrx_word' id='word_1_898' title='bbox 3398 3826 3455 3886; x_wconf 91' lang='lat' dir='ltr'><strong>in</strong></span> 
     </span>
    </p>
   </div>
   <div class='ocr_carea' id='block_1_127' title="bbox 1868 3895 3449 3969">
    <p class='ocr_par' dir='ltr' id='par_1_127' title="bbox 1868 3895 3449 3969">
     <span class='ocr_line' id='line_1_129' title="bbox 1868 3895 3449 3969; baseline 0.001 -17"><span class='ocrx_word' id='word_1_899' title='bbox 1868 3895 2109 3969; x_wconf 81' lang='lat' dir='ltr'><strong>Ecclesia</strong></span> <span class='ocrx_word' id='word_1_900' title='bbox 2130 3895 2534 3969; x_wconf 80' lang='lat' dir='ltr'><strong>perduraverit?</strong></span> <span class='ocrx_word' id='word_1_901' title='bbox 2561 3895 2995 3955; x_wconf 58' lang='lat' dir='ltr'><strong>At&#39;monumenta</strong></span> <span class='ocrx_word' id='word_1_902' title='bbox 3016 3914 3136 3969; x_wconf 85' lang='lat' dir='ltr'><strong>quae</strong></span> <span class='ocrx_word' id='word_1_903' title='bbox 3155 3895 3449 3965; x_wconf 83' lang='lat' dir='ltr'><strong>attulimus,</strong></span> 
     </span>
    </p>
   </div>
   <div class='ocr_carea' id='block_1_128' title="bbox 1868 3967 3455 4040">
    <p class='ocr_par' dir='ltr' id='par_1_128' title="bbox 1868 3967 3455 4040">
     <span class='ocr_line' id='line_1_130' title="bbox 1868 3967 3455 4040; baseline 0.001 -17"><span class='ocrx_word' id='word_1_904' title='bbox 1868 3967 2199 4040; x_wconf 84' lang='lat' dir='ltr'><strong>disciplinam</strong></span> <span class='ocrx_word' id='word_1_905' title='bbox 2247 3968 2388 4024; x_wconf 90' lang='lat' dir='ltr'><strong>hanc</strong></span> <span class='ocrx_word' id='word_1_906' title='bbox 2438 3969 2636 4040; x_wconf 87' lang='lat' dir='ltr'><strong>ubique</strong></span> <span class='ocrx_word' id='word_1_907' title='bbox 2687 3969 2954 4040; x_wconf 83' lang='lat' dir='ltr'><strong>vigentem</strong></span> <span class='ocrx_word' id='word_1_908' title='bbox 3000 3967 3289 4040; x_wconf 69' lang='lat' dir='ltr'><strong>osiendunt</strong></span> <span class='ocrx_word' id='word_1_909' title='bbox 3337 3975 3455 4025; x_wconf 91' lang='lat' dir='ltr'><strong>toto</strong></span> 
     </span>
    </p>
   </div>
   <div class='ocr_carea' id='block_1_129' title="bbox 1869 4038 3456 4109">
    <p class='ocr_par' dir='ltr' id='par_1_129' title="bbox 1869 4038 3456 4109">
     <span class='ocr_line' id='line_1_131' title="bbox 1869 4038 3456 4109; baseline 0 -12"><span class='ocrx_word' id='word_1_910' title='bbox 1869 4038 2064 4109; x_wconf 60' lang='lat' dir='ltr'><strong>Sa‘culo</strong></span> <span class='ocrx_word' id='word_1_911' title='bbox 2092 4038 2311 4107; x_wconf 88' lang='lat' dir='ltr'><strong>quinto;</strong></span> <span class='ocrx_word' id='word_1_912' title='bbox 2344 4055 2466 4095; x_wconf 90' lang='lat' dir='ltr'><strong>cum</strong></span> <span class='ocrx_word' id='word_1_913' title='bbox 2510 4039 2714 4095; x_wconf 90' lang='lat' dir='ltr'><strong>scilicet</strong></span> <span class='ocrx_word' id='word_1_914' title='bbox 2748 4038 2908 4095; x_wconf 74' lang='lat' dir='ltr'><strong>inulti</strong></span> <span class='ocrx_word' id='word_1_915' title='bbox 2951 4054 3017 4095; x_wconf 83' lang='lat' dir='ltr'><strong>ex</strong></span> <span class='ocrx_word' id='word_1_916' title='bbox 3054 4038 3251 4095; x_wconf 67' lang='lat' dir='ltr'><strong>Iudaeis</strong></span> <span class='ocrx_word' id='word_1_917' title='bbox 3290 4045 3456 4109; x_wconf 85' lang='lat' dir='ltr'><strong>atque</strong></span> 
     </span>
    </p>
   </div>
   <div class='ocr_carea' id='block_1_130' title="bbox 1866 4107 3452 4180">
    <p class='ocr_par' dir='ltr' id='par_1_130' title="bbox 1866 4107 3452 4180">
     <span class='ocr_line' id='line_1_132' title="bbox 1866 4107 3452 4180; baseline 0 -15"><span class='ocrx_word' id='word_1_918' title='bbox 1866 4107 2152 4179; x_wconf 87' lang='lat' dir='ltr'><strong>gentilibus</strong></span> <span class='ocrx_word' id='word_1_919' title='bbox 2192 4109 2433 4178; x_wconf 85' lang='lat' dir='ltr'><strong>quotidie</strong></span> <span class='ocrx_word' id='word_1_920' title='bbox 2466 4114 2521 4164; x_wconf 89' lang='lat' dir='ltr'><strong>et</strong></span> <span class='ocrx_word' id='word_1_921' title='bbox 2546 4110 2742 4180; x_wconf 89' lang='lat' dir='ltr'><strong>ubique</strong></span> <span class='ocrx_word' id='word_1_922' title='bbox 2780 4110 2844 4165; x_wconf 91' lang='lat' dir='ltr'><strong>ad</strong></span> <span class='ocrx_word' id='word_1_923' title='bbox 2874 4111 3157 4180; x_wconf 88' lang='lat' dir='ltr'><strong>ecclesiam</strong></span> <span class='ocrx_word' id='word_1_924' title='bbox 3183 4107 3452 4179; x_wconf 75' lang='lat' dir='ltr'><strong>venirent,</strong></span> 
     </span>
    </p>
   </div>
   <div class='ocr_carea' id='block_1_131' title="bbox 1867 4179 3451 4251">
    <p class='ocr_par' dir='ltr' id='par_1_131' title="bbox 1867 4179 3451 4251">
     <span class='ocr_line' id='line_1_133' title="bbox 1867 4179 3451 4251; baseline -0.001 -15"><span class='ocrx_word' id='word_1_925' title='bbox 1867 4188 1923 4251; x_wconf 82' lang='lat' dir='ltr'><strong>et</strong></span> <span class='ocrx_word' id='word_1_926' title='bbox 1952 4179 2458 4251; x_wconf 83' lang='lat' dir='ltr'><strong>catechumenorum</strong></span> <span class='ocrx_word' id='word_1_927' title='bbox 2486 4195 2550 4235; x_wconf 91' lang='lat' dir='ltr'><strong>ac</strong></span> <span class='ocrx_word' id='word_1_928' title='bbox 2576 4179 2995 4251; x_wconf 82' lang='lat' dir='ltr'><strong>competentium</strong></span> <span class='ocrx_word' id='word_1_929' title='bbox 3025 4180 3451 4251; x_wconf 73' lang='lat' dir='ltr'><strong>institutiopm-</strong></span> 
     </span>
    </p>
   </div>
   <div class='ocr_carea' id='block_1_132' title="bbox 1867 4249 3453 4320">
    <p class='ocr_par' dir='ltr' id='par_1_132' title="bbox 1867 4249 3453 4320">
     <span class='ocr_line' id='line_1_134' title="bbox 1867 4249 3453 4320; baseline 0.003 -17"><span class='ocrx_word' id='word_1_930' title='bbox 1867 4250 2023 4320; x_wconf 88' lang='lat' dir='ltr'><strong>cipua</strong></span> <span class='ocrx_word' id='word_1_931' title='bbox 2052 4257 2195 4305; x_wconf 89' lang='lat' dir='ltr'><strong>esset</strong></span> <span class='ocrx_word' id='word_1_932' title='bbox 2222 4249 2595 4320; x_wconf 87' lang='lat' dir='ltr'><strong>episcoporum</strong></span> <span class='ocrx_word' id='word_1_933' title='bbox 2635 4249 2870 4320; x_wconf 86' lang='lat' dir='ltr'><strong>clerique</strong></span> <span class='ocrx_word' id='word_1_934' title='bbox 2907 4265 3054 4305; x_wconf 92' lang='lat' dir='ltr'><strong>cura.</strong></span> <span class='ocrx_word' id='word_1_935' title='bbox 3090 4250 3255 4307; x_wconf 86' lang='lat' dir='ltr'><strong>Desiit</strong></span> <span class='ocrx_word' id='word_1_936' title='bbox 3290 4249 3453 4320; x_wconf 81' lang='lat' dir='ltr'><strong>igitur</strong></span> 
     </span>
    </p>
   </div>
   <div class='ocr_carea' id='block_1_133' title="bbox 1865 4318 3449 4389">
    <p class='ocr_par' dir='ltr' id='par_1_133' title="bbox 1865 4318 3449 4389">
     <span class='ocr_line' id='line_1_135' title="bbox 1865 4318 3449 4389; baseline 0.003 -15"><span class='ocrx_word' id='word_1_937' title='bbox 1865 4318 2114 4389; x_wconf 64' lang='lat' dir='ltr'><strong>fortasse,</strong></span> <span class='ocrx_word' id='word_1_938' title='bbox 2146 4318 2267 4374; x_wconf 84' lang='lat' dir='ltr'><strong>cum</strong></span> <span class='ocrx_word' id='word_1_939' title='bbox 2289 4318 2517 4375; x_wconf 83' lang='lat' dir='ltr'><strong>adauctu</strong></span> <span class='ocrx_word' id='word_1_940' title='bbox 2538 4320 2735 4389; x_wconf 88' lang='lat' dir='ltr'><strong>ubique</strong></span> <span class='ocrx_word' id='word_1_941' title='bbox 2753 4318 3178 4377; x_wconf 86' lang='lat' dir='ltr'><strong>Christianorum</strong></span> <span class='ocrx_word' id='word_1_942' title='bbox 3200 4318 3449 4389; x_wconf 80' lang='lat' dir='ltr'><strong>numero,</strong></span> 
     </span>
    </p>
   </div>
   <div class='ocr_carea' id='block_1_134' title="bbox 1866 4388 3457 4461">
    <p class='ocr_par' dir='ltr' id='par_1_134' title="bbox 1866 4388 3457 4461">
     <span class='ocr_line' id='line_1_136' title="bbox 1866 4388 3457 4461; baseline 0.004 -17"><span class='ocrx_word' id='word_1_943' title='bbox 1866 4388 2031 4461; x_wconf 85' lang='lat' dir='ltr'><strong>immo</strong></span> <span class='ocrx_word' id='word_1_944' title='bbox 2069 4390 2361 4461; x_wconf 88' lang='lat' dir='ltr'><strong>provinciis</strong></span> <span class='ocrx_word' id='word_1_945' title='bbox 2407 4406 2503 4461; x_wconf 89' lang='lat' dir='ltr'><strong>per</strong></span> <span class='ocrx_word' id='word_1_946' title='bbox 2545 4388 2745 4461; x_wconf 83' lang='lat' dir='ltr'><strong>orbem</strong></span> <span class='ocrx_word' id='word_1_947' title='bbox 2779 4406 2845 4447; x_wconf 82' lang='lat' dir='ltr'><strong>ex</strong></span> <span class='ocrx_word' id='word_1_948' title='bbox 2891 4391 3100 4461; x_wconf 88' lang='lat' dir='ltr'><strong>integro</strong></span> <span class='ocrx_word' id='word_1_949' title='bbox 3135 4388 3457 4451; x_wconf 74' lang='lat' dir='ltr'><strong>Christianis</strong></span> 
     </span>
    </p>
   </div>
   <div class='ocr_carea' id='block_1_135' title="bbox 1866 4459 3456 4534">
    <p class='ocr_par' dir='ltr' id='par_1_135' title="bbox 1866 4459 3456 4534">
     <span class='ocr_line' id='line_1_137' title="bbox 1866 4459 3456 4534; baseline 0.004 -20"><span class='ocrx_word' id='word_1_950' title='bbox 1866 4459 2038 4534; x_wconf 85' lang='lat' dir='ltr'><strong>factis,</strong></span> <span class='ocrx_word' id='word_1_951' title='bbox 2069 4459 2539 4534; x_wconf 80' lang='lat' dir='ltr'><strong>catechumenatus</strong></span> <span class='ocrx_word' id='word_1_952' title='bbox 2567 4460 2864 4534; x_wconf 77' lang='lat' dir='ltr'><strong>disciplina,</strong></span> <span class='ocrx_word' id='word_1_953' title='bbox 2893 4459 3052 4534; x_wconf 83' lang='lat' dir='ltr'><strong>prout</strong></span> <span class='ocrx_word' id='word_1_954' title='bbox 3070 4461 3244 4519; x_wconf 81' lang='lat' dir='ltr'><strong>fuerat</strong></span> <span class='ocrx_word' id='word_1_955' title='bbox 3264 4462 3332 4519; x_wconf 88' lang='lat' dir='ltr'><strong>ab</strong></span> <span class='ocrx_word' id='word_1_956' title='bbox 3351 4463 3456 4520; x_wconf 87' lang='lat' dir='ltr'><strong>ini-</strong></span> 
     </span>
    </p>
   </div>
   <div class='ocr_carea' id='block_1_136' title="bbox 1867 4530 2893 4602">
    <p class='ocr_par' dir='ltr' id='par_1_136' title="bbox 1867 4530 2893 4602">
     <span class='ocr_line' id='line_1_138' title="bbox 1867 4530 2893 4602; baseline 0.002 -17"><span class='ocrx_word' id='word_1_957' title='bbox 1867 4530 2227 4602; x_wconf 80' lang='lat' dir='ltr'><strong>tioinstituta,</strong></span> <span class='ocrx_word' id='word_1_958' title='bbox 2253 4531 2582 4602; x_wconf 85' lang='lat' dir='ltr'><strong>pedetentim</strong></span> <span class='ocrx_word' id='word_1_959' title='bbox 2610 4530 2893 4602; x_wconf 83' lang='lat' dir='ltr'><strong>obsolevit.</strong></span> 
     </span>
    </p>
   </div>
   <div class='ocr_carea' id='block_1_137' title="bbox 1939 4599 3457 4677">
    <p class='ocr_par' dir='ltr' id='par_1_137' title="bbox 1939 4599 3457 4677">
     <span class='ocr_line' id='line_1_139' title="bbox 1939 4599 3457 4677; baseline 0.003 -20"><span class='ocrx_word' id='word_1_960' title='bbox 1939 4599 2226 4677; x_wconf 64' lang='lat' dir='ltr'><strong>Caeterum,</strong></span> <span class='ocrx_word' id='word_1_961' title='bbox 2251 4599 2309 4657; x_wconf 80' lang='lat' dir='ltr'><strong>ut</strong></span> <span class='ocrx_word' id='word_1_962' title='bbox 2328 4601 2397 4657; x_wconf 91' lang='lat' dir='ltr'><strong>de</strong></span> <span class='ocrx_word' id='word_1_963' title='bbox 2424 4600 2751 4677; x_wconf 72' lang='lat' dir='ltr'><strong>Aquileiensi</strong></span> <span class='ocrx_word' id='word_1_964' title='bbox 2777 4600 3014 4677; x_wconf 77' lang='lat' dir='ltr'><strong>Ecclesia</strong></span> <span class='ocrx_word' id='word_1_965' title='bbox 3042 4604 3244 4677; x_wconf 82' lang='lat' dir='ltr'><strong>aliquid</strong></span> <span class='ocrx_word' id='word_1_966' title='bbox 3265 4604 3457 4662; x_wconf 85' lang='lat' dir='ltr'><strong>distin-</strong></span> 
     </span>
    </p>
   </div>
   <div class='ocr_carea' id='block_1_138' title="bbox 1870 4671 3457 4742">
    <p class='ocr_par' dir='ltr' id='par_1_138' title="bbox 1870 4671 3457 4742">
     <span class='ocr_line' id='line_1_140' title="bbox 1870 4671 3457 4742; baseline 0.005 -16"><span class='ocrx_word' id='word_1_967' title='bbox 1870 4671 2009 4727; x_wconf 89' lang='lat' dir='ltr'><strong>ctius</strong></span> <span class='ocrx_word' id='word_1_968' title='bbox 2037 4672 2361 4741; x_wconf 82' lang='lat' dir='ltr'><strong>attingamus</strong></span> <span class='ocrx_word' id='word_1_969' title='bbox 2379 4714 2394 4738; x_wconf 96' lang='lat'><strong>,</strong></span> <span class='ocrx_word' id='word_1_970' title='bbox 2426 4671 2710 4728; x_wconf 86' lang='lat' dir='ltr'><strong>occasione</strong></span> <span class='ocrx_word' id='word_1_971' title='bbox 2738 4672 2894 4742; x_wconf 90' lang='lat' dir='ltr'><strong>hujus</strong></span> <span class='ocrx_word' id='word_1_972' title='bbox 2928 4675 3064 4731; x_wconf 91' lang='lat' dir='ltr'><strong>ritus</strong></span> <span class='ocrx_word' id='word_1_973' title='bbox 3092 4671 3335 4732; x_wconf 52' lang='lat' dir='ltr'><strong>a&#39;Niceta</strong></span> <span class='ocrx_word' id='word_1_974' title='bbox 3357 4692 3457 4734; x_wconf 84' lang='lat' dir='ltr'><strong>no-</strong></span> 
     </span>
    </p>
   </div>
   <div class='ocr_carea' id='block_1_139' title="bbox 1871 4742 3456 4812">
    <p class='ocr_par' dir='ltr' id='par_1_139' title="bbox 1871 4742 3456 4812">
     <span class='ocr_line' id='line_1_141' title="bbox 1871 4742 3456 4812; baseline 0.004 -16"><span class='ocrx_word' id='word_1_975' title='bbox 1871 4750 1985 4796; x_wconf 89' lang='lat' dir='ltr'><strong>stro</strong></span> <span class='ocrx_word' id='word_1_976' title='bbox 2025 4742 2310 4797; x_wconf 90' lang='lat' dir='ltr'><strong>memorati</strong></span> <span class='ocrx_word' id='word_1_977' title='bbox 2336 4760 2349 4795; x_wconf 90' lang='lat'><strong>:</strong></span> <span class='ocrx_word' id='word_1_978' title='bbox 2374 4743 2427 4798; x_wconf 90' lang='lat' dir='ltr'><strong>in</strong></span> <span class='ocrx_word' id='word_1_979' title='bbox 2455 4743 2775 4812; x_wconf 88' lang='lat' dir='ltr'><strong>quibusdam</strong></span> <span class='ocrx_word' id='word_1_980' title='bbox 2812 4743 3169 4801; x_wconf 88' lang='lat' dir='ltr'><strong>Collectaneis</strong></span> <span class='ocrx_word' id='word_1_981' title='bbox 3206 4745 3361 4802; x_wconf 90' lang='lat' dir='ltr'><strong>dictis</strong></span> <span class='ocrx_word' id='word_1_982' title='bbox 3385 4746 3456 4803; x_wconf 87' lang='lat' dir='ltr'><strong>de</strong></span> 
     </span>
    </p>
   </div>
   <div class='ocr_carea' id='block_1_140' title="bbox 1873 4812 3456 4886">
    <p class='ocr_par' dir='ltr' id='par_1_140' title="bbox 1873 4812 3456 4886">
     <span class='ocr_line' id='line_1_142' title="bbox 1873 4812 3456 4886; baseline 0.005 -21"><span class='ocrx_word' id='word_1_983' title='bbox 1873 4812 2118 4881; x_wconf 83' lang='lat' dir='ltr'><strong>Antiquis</strong></span> <span class='ocrx_word' id='word_1_984' title='bbox 2157 4812 2365 4886; x_wconf 86' lang='lat' dir='ltr'><strong>Ritihus</strong></span> <span class='ocrx_word' id='word_1_985' title='bbox 2393 4813 2644 4886; x_wconf 84' lang='lat' dir='ltr'><strong>baptismi</strong></span> <span class='ocrx_word' id='word_1_986' title='bbox 2671 4829 2964 4886; x_wconf 88' lang='lat' dir='ltr'><strong>eorumque</strong></span> <span class='ocrx_word' id='word_1_987' title='bbox 2985 4814 3312 4886; x_wconf 87' lang='lat' dir='ltr'><strong>Signiﬁcatu,</strong></span> <span class='ocrx_word' id='word_1_988' title='bbox 3334 4832 3456 4886; x_wconf 61' lang='lat' dir='ltr'><strong>qua:</strong></span> 
     </span>
    </p>
   </div>
   <div class='ocr_carea' id='block_1_141' title="bbox 1870 4882 3455 4955">
    <p class='ocr_par' dir='ltr' id='par_1_141' title="bbox 1870 4882 3455 4955">
     <span class='ocr_line' id='line_1_143' title="bbox 1870 4882 3455 4955; baseline 0.003 -17"><span class='ocrx_word' id='word_1_989' title='bbox 1870 4890 2083 4955; x_wconf 56' lang='lat' dir='ltr'><strong>exstant</strong></span> <span class='ocrx_word' id='word_1_990' title='bbox 2102 4898 2225 4955; x_wconf 80' lang='lat' dir='ltr'><strong>eum</strong></span> <span class='ocrx_word' id='word_1_991' title='bbox 2238 4882 2742 4955; x_wconf 44' lang='lat' dir='ltr'><strong>epistola&#39;Maxentii</strong></span> <span class='ocrx_word' id='word_1_992' title='bbox 2762 4882 3078 4955; x_wconf 62' lang='lat' dir='ltr'><strong>patriarchae</strong></span> <span class='ocrx_word' id='word_1_993' title='bbox 3096 4882 3455 4955; x_wconf 77' lang='lat' dir='ltr'><strong>Aquileiensis</strong></span> 
     </span>
    </p>
   </div>
   <div class='ocr_carea' id='block_1_142' title="bbox 1871 4951 3457 5025">
    <p class='ocr_par' dir='ltr' id='par_1_142' title="bbox 1871 4951 3457 5025">
     <span class='ocr_line' id='line_1_144' title="bbox 1871 4951 3457 5025; baseline 0.004 -18"><span class='ocrx_word' id='word_1_994' title='bbox 1871 4953 1940 5008; x_wconf 88' lang='lat' dir='ltr'><strong>ad</strong></span> <span class='ocrx_word' id='word_1_995' title='bbox 1968 4951 2218 5025; x_wconf 81' lang='lat' dir='ltr'><strong>C7arolutn</strong></span> <span class='ocrx_word' id='word_1_996' title='bbox 2259 4951 2504 5025; x_wconf 86' lang='lat' dir='ltr'><strong>Magnum</strong></span> <span class='ocrx_word' id='word_1_997' title='bbox 2545 4951 2949 5025; x_wconf 76' lang='lat' dir='ltr'><strong>deSigniﬁcatu</strong></span> <span class='ocrx_word' id='word_1_998' title='bbox 2978 4951 3177 5025; x_wconf 80' lang='lat' dir='ltr'><strong>rituuni</strong></span> <span class='ocrx_word' id='word_1_999' title='bbox 3202 4971 3266 5013; x_wconf 92' lang='lat' dir='ltr'><strong>ac</strong></span> <span class='ocrx_word' id='word_1_1000' title='bbox 3292 4972 3457 5014; x_wconf 67' lang='lat' dir='ltr'><strong>caere-</strong></span> 
     </span>
    </p>
   </div>
   <div class='ocr_carea' id='block_1_143' title="bbox 1872 5023 3455 5095">
    <p class='ocr_par' dir='ltr' id='par_1_143' title="bbox 1872 5023 3455 5095">
     <span class='ocr_line' id='line_1_145' title="bbox 1872 5023 3455 5095; baseline 0.005 -19"><span class='ocrx_word' id='word_1_1001' title='bbox 1872 5023 2475 5095; x_wconf 64' lang='lat' dir='ltr'><strong>meniarumbaptismi,</strong></span> <span class='ocrx_word' id='word_1_1002' title='bbox 2500 5024 2641 5095; x_wconf 92' lang='lat' dir='ltr'><strong>apud</strong></span> <span class='ocrx_word' id='word_1_1003' title='bbox 2668 5023 3000 5082; x_wconf 78' lang='lat' dir='ltr'><strong>Bernardum</strong></span> <span class='ocrx_word' id='word_1_1004' title='bbox 3026 5024 3272 5093; x_wconf 86' lang='lat' dir='ltr'><strong>Pezium,</strong></span> <span class='ocrx_word' id='word_1_1005' title='bbox 3306 5035 3455 5084; x_wconf 89' lang='lat' dir='ltr'><strong>tomo</strong></span> 
     </span>
    </p>
   </div>
   <div class='ocr_carea' id='block_1_144' title="bbox 1868 5091 3456 5165">
    <p class='ocr_par' dir='ltr' id='par_1_144' title="bbox 1868 5091 3456 5165">
     <span class='ocr_line' id='line_1_146' title="bbox 1868 5091 3456 5165; baseline 0.004 -19"><span class='ocrx_word' id='word_1_1006' title='bbox 1868 5091 1913 5147; x_wconf 91' lang='lat' dir='ltr'><strong>ll</strong></span> <span class='ocrx_word' id='word_1_1007' title='bbox 1935 5092 2194 5165; x_wconf 87' lang='lat' dir='ltr'><strong>Thesauri</strong></span> <span class='ocrx_word' id='word_1_1008' title='bbox 2222 5091 2620 5165; x_wconf 80' lang='lat' dir='ltr'><strong>Ahecdotorum</strong></span> <span class='ocrx_word' id='word_1_1009' title='bbox 2652 5096 2946 5158; x_wconf 87' lang='lat' dir='ltr'><strong>novissimi,</strong></span> <span class='ocrx_word' id='word_1_1010' title='bbox 2978 5110 3203 5165; x_wconf 60' lang='lat' dir='ltr'><strong>quasque</strong></span> <span class='ocrx_word' id='word_1_1011' title='bbox 3223 5091 3330 5152; x_wconf 87' lang='lat' dir='ltr'><strong>non</strong></span> <span class='ocrx_word' id='word_1_1012' title='bbox 3354 5098 3456 5153; x_wconf 83' lang='lat' dir='ltr'><strong>im-</strong></span> 
     </span>
    </p>
   </div>
   <div class='ocr_carea' id='block_1_145' title="bbox 1871 5164 3455 5235">
    <p class='ocr_par' dir='ltr' id='par_1_145' title="bbox 1871 5164 3455 5235">
     <span class='ocr_line' id='line_1_147' title="bbox 1871 5164 3455 5235; baseline 0.004 -17"><span class='ocrx_word' id='word_1_1013' title='bbox 1871 5164 2223 5235; x_wconf 62' lang='lat' dir='ltr'><strong>prohabiliier</strong></span> <span class='ocrx_word' id='word_1_1014' title='bbox 2240 5164 2310 5235; x_wconf 89' lang='lat' dir='ltr'><strong>ah</strong></span> <span class='ocrx_word' id='word_1_1015' title='bbox 2332 5164 2519 5220; x_wconf 90' lang='lat' dir='ltr'><strong>eodem</strong></span> <span class='ocrx_word' id='word_1_1016' title='bbox 2549 5164 2818 5222; x_wconf 81' lang='lat' dir='ltr'><strong>Maxentio</strong></span> <span class='ocrx_word' id='word_1_1017' title='bbox 2839 5164 3064 5222; x_wconf 88' lang='lat' dir='ltr'><strong>collecta</strong></span> <span class='ocrx_word' id='word_1_1018' title='bbox 3084 5164 3378 5224; x_wconf 78' lang='lat' dir='ltr'><strong>dixerimus</strong></span> <span class='ocrx_word' id='word_1_1019' title='bbox 3399 5169 3455 5225; x_wconf 89' lang='lat' dir='ltr'><strong>in</strong></span> 
     </span>
    </p>
   </div>
   <div class='ocr_carea' id='block_1_146' title="bbox 1872 5232 3457 5319">
    <p class='ocr_par' dir='ltr' id='par_1_146' title="bbox 1872 5232 3457 5319">
     <span class='ocr_line' id='line_1_148' title="bbox 1872 5232 3457 5319; baseline 0.005 -31"><span class='ocrx_word' id='word_1_1020' title='bbox 1872 5232 2026 5319; x_wconf 79' lang='lat' dir='ltr'><strong>suum</strong></span> <span class='ocrx_word' id='word_1_1021' title='bbox 2047 5242 2103 5318; x_wconf 86' lang='lat' dir='ltr'><strong>et</strong></span> <span class='ocrx_word' id='word_1_1022' title='bbox 2128 5232 2380 5319; x_wconf 74' lang='lat' dir='ltr'><strong>Ecclesia:</strong></span> <span class='ocrx_word' id='word_1_1023' title='bbox 2401 5251 2511 5318; x_wconf 64' lang='lat' dir='ltr'><strong>suae</strong></span> <span class='ocrx_word' id='word_1_1024' title='bbox 2539 5251 2710 5319; x_wconf 83' lang='lat' dir='ltr'><strong>usum,</strong></span> <span class='ocrx_word' id='word_1_1025' title='bbox 2725 5244 2926 5318; x_wconf 43' lang='lat' dir='ltr'><strong>.utpote</strong></span> <span class='ocrx_word' id='word_1_1026' title='bbox 2946 5251 3084 5319; x_wconf 68' lang='lat' dir='ltr'><strong>qum,</strong></span> <span class='ocrx_word' id='word_1_1027' title='bbox 3117 5244 3177 5292; x_wconf 93' lang='lat' dir='ltr'><strong>ut</strong></span> <span class='ocrx_word' id='word_1_1028' title='bbox 3203 5237 3457 5319; x_wconf 78' lang='lat' dir='ltr'><strong>admonet</strong></span> 
     </span>
    </p>
   </div>
   <div class='ocr_carea' id='block_1_147' title="bbox 1872 5305 3455 5378">
    <p class='ocr_par' dir='ltr' id='par_1_147' title="bbox 1872 5305 3455 5378">
     <span class='ocr_line' id='line_1_149' title="bbox 1872 5305 3455 5378; baseline 0.004 -20"><span class='ocrx_word' id='word_1_1029' title='bbox 1872 5305 2199 5378; x_wconf 74' lang='lat' dir='ltr'><strong>elarissimus</strong></span> <span class='ocrx_word' id='word_1_1030' title='bbox 2218 5305 2412 5378; x_wconf 84' lang='lat' dir='ltr'><strong>editor,</strong></span> <span class='ocrx_word' id='word_1_1031' title='bbox 2436 5307 2487 5378; x_wconf 82' lang='lat' dir='ltr'><strong>in</strong></span> <span class='ocrx_word' id='word_1_1032' title='bbox 2511 5305 2699 5362; x_wconf 89' lang='lat' dir='ltr'><strong>eodem</strong></span> <span class='ocrx_word' id='word_1_1033' title='bbox 2723 5305 2840 5378; x_wconf 84' lang='lat' dir='ltr'><strong>ipso</strong></span> <span class='ocrx_word' id='word_1_1034' title='bbox 2861 5305 3047 5363; x_wconf 90' lang='lat' dir='ltr'><strong>codice</strong></span> <span class='ocrx_word' id='word_1_1035' title='bbox 3074 5315 3129 5362; x_wconf 89' lang='lat' dir='ltr'><strong>et</strong></span> <span class='ocrx_word' id='word_1_1036' title='bbox 3149 5308 3289 5378; x_wconf 90' lang='lat' dir='ltr'><strong>apud</strong></span> <span class='ocrx_word' id='word_1_1037' title='bbox 3314 5324 3455 5364; x_wconf 82' lang='lat' dir='ltr'><strong>eam-</strong></span> 
     </span>
    </p>
   </div>
   <div class='ocr_carea' id='block_1_148' title="bbox 1871 5374 3448 5449">
    <p class='ocr_par' dir='ltr' id='par_1_148' title="bbox 1871 5374 3448 5449">
     <span class='ocr_line' id='line_1_150' title="bbox 1871 5374 3448 5449; baseline 0.003 -19"><span class='ocrx_word' id='word_1_1038' title='bbox 1871 5375 1993 5449; x_wconf 73' lang='lat' dir='ltr'><strong>dem</strong></span> <span class='ocrx_word' id='word_1_1039' title='bbox 2015 5374 2569 5449; x_wconf 80' lang='lat' dir='ltr'><strong>Maxentiiepistolam</strong></span> <span class='ocrx_word' id='word_1_1040' title='bbox 2590 5374 2982 5449; x_wconf 79' lang='lat' dir='ltr'><strong>consistebant;</strong></span> <span class='ocrx_word' id='word_1_1041' title='bbox 3006 5378 3060 5432; x_wconf 91' lang='lat' dir='ltr'><strong>in</strong></span> <span class='ocrx_word' id='word_1_1042' title='bbox 3080 5374 3448 5449; x_wconf 62' lang='lat' dir='ltr'><strong>his,&#39;inqua7m,</strong></span> 
     </span>
    </p>
   </div>
   <div class='ocr_carea' id='block_1_149' title="bbox 1872 5443 3455 5518">
    <p class='ocr_par' dir='ltr' id='par_1_149' title="bbox 1872 5443 3455 5518">
     <span class='ocr_line' id='line_1_151' title="bbox 1872 5443 3455 5518; baseline 0.003 -18"><span class='ocrx_word' id='word_1_1043' title='bbox 1872 5443 2232 5518; x_wconf 67' lang='lat' dir='ltr'><strong>Qoilectaneis</strong></span> <span class='ocrx_word' id='word_1_1044' title='bbox 2258 5443 2414 5518; x_wconf 79' lang='lat' dir='ltr'><strong>dictis</strong></span> <span class='ocrx_word' id='word_1_1045' title='bbox 2447 5447 2547 5501; x_wconf 91' lang='lat' dir='ltr'><strong>sub</strong></span> <span class='ocrx_word' id='word_1_1046' title='bbox 2574 5461 2721 5518; x_wconf 91' lang='lat' dir='ltr'><strong>num.</strong></span> <span class='ocrx_word' id='word_1_1047' title='bbox 2753 5446 2788 5518; x_wconf 75' lang='lat'><em>47</em></span> <span class='ocrx_word' id='word_1_1048' title='bbox 2810 5447 3058 5504; x_wconf 89' lang='lat' dir='ltr'><strong>eumdem</strong></span> <span class='ocrx_word' id='word_1_1049' title='bbox 3078 5443 3314 5518; x_wconf 73' lang='lat' dir='ltr'><strong>legimus</strong></span> <span class='ocrx_word' id='word_1_1050' title='bbox 3343 5443 3455 5505; x_wconf 77' lang='lat' dir='ltr'><strong>Ru-</strong></span> 
     </span>
    </p>
   </div>
   <div class='ocr_carea' id='block_1_150' title="bbox 1875 5515 3456 5591">
    <p class='ocr_par' dir='ltr' id='par_1_150' title="bbox 1875 5515 3456 5591">
     <span class='ocr_line' id='line_1_152' title="bbox 1875 5515 3456 5591; baseline 0.005 -21"><span class='ocrx_word' id='word_1_1051' title='bbox 1875 5515 1967 5591; x_wconf 80' lang='lat' dir='ltr'><strong>iini</strong></span> <span class='ocrx_word' id='word_1_1052' title='bbox 1996 5522 2200 5591; x_wconf 71' lang='lat' dir='ltr'><strong>texium</strong></span> <span class='ocrx_word' id='word_1_1053' title='bbox 2224 5532 2253 5591; x_wconf 87' lang='lat' dir='ltr'><strong>a</strong></span> <span class='ocrx_word' id='word_1_1054' title='bbox 2273 5517 2429 5591; x_wconf 85' lang='lat' dir='ltr'><strong>nobis</strong></span> <span class='ocrx_word' id='word_1_1055' title='bbox 2447 5516 2955 5591; x_wconf 77' lang='lat' dir='ltr'><strong>superiusrelatum,</strong></span> <span class='ocrx_word' id='word_1_1056' title='bbox 2980 5517 3046 5573; x_wconf 92' lang='lat' dir='ltr'><strong>de</strong></span> <span class='ocrx_word' id='word_1_1057' title='bbox 3067 5515 3323 5591; x_wconf 65' lang='lat' dir='ltr'><strong>Syfnbolo</strong></span> <span class='ocrx_word' id='word_1_1058' title='bbox 3345 5535 3456 5591; x_wconf 86' lang='lat' dir='ltr'><strong>non</strong></span> 
     </span>
    </p>
   </div>
   <div class='ocr_carea' id='block_1_151' title="bbox 1872 5586 3457 5655">
    <p class='ocr_par' dir='ltr' id='par_1_151' title="bbox 1872 5586 3457 5655">
     <span class='ocr_line' id='line_1_153' title="bbox 1872 5586 3457 5655; baseline 0.004 -15"><span class='ocrx_word' id='word_1_1059' title='bbox 1872 5586 1925 5641; x_wconf 90' lang='lat' dir='ltr'><strong>in</strong></span> <span class='ocrx_word' id='word_1_1060' title='bbox 1949 5588 2271 5643; x_wconf 88' lang='lat' dir='ltr'><strong>membranis</strong></span> <span class='ocrx_word' id='word_1_1061' title='bbox 2289 5586 2590 5653; x_wconf 89' lang='lat' dir='ltr'><strong>scribendo,</strong></span> <span class='ocrx_word' id='word_1_1062' title='bbox 2613 5587 2706 5642; x_wconf 90' lang='lat' dir='ltr'><strong>sed</strong></span> <span class='ocrx_word' id='word_1_1063' title='bbox 2726 5588 2975 5643; x_wconf 86' lang='lat' dir='ltr'><strong>cordibus</strong></span> <span class='ocrx_word' id='word_1_1064' title='bbox 2995 5586 3293 5655; x_wconf 80' lang='lat' dir='ltr'><strong>retinendo;</strong></span> <span class='ocrx_word' id='word_1_1065' title='bbox 3316 5590 3457 5647; x_wconf 83' lang='lat' dir='ltr'><strong>unde</strong></span> 
     </span>
    </p>
   </div>
   <div class='ocr_carea' id='block_1_152' title="bbox 1872 5656 3458 5728">
    <p class='ocr_par' dir='ltr' id='par_1_152' title="bbox 1872 5656 3458 5728">
     <span class='ocr_line' id='line_1_154' title="bbox 1872 5656 3458 5728; baseline 0.004 -16"><span class='ocrx_word' id='word_1_1066' title='bbox 1872 5656 2147 5713; x_wconf 89' lang='lat' dir='ltr'><strong>inferimus</strong></span> <span class='ocrx_word' id='word_1_1067' title='bbox 2174 5657 2422 5713; x_wconf 90' lang='lat' dir='ltr'><strong>eumdem</strong></span> <span class='ocrx_word' id='word_1_1068' title='bbox 2469 5664 2597 5728; x_wconf 86' lang='lat' dir='ltr'><strong>tunc</strong></span> <span class='ocrx_word' id='word_1_1069' title='bbox 2640 5672 2853 5727; x_wconf 81' lang='lat' dir='ltr'><strong>quoque</strong></span> <span class='ocrx_word' id='word_1_1070' title='bbox 2893 5657 3033 5728; x_wconf 88' lang='lat' dir='ltr'><strong>apud</strong></span> <span class='ocrx_word' id='word_1_1071' title='bbox 3086 5658 3458 5728; x_wconf 84' lang='lat' dir='ltr'><strong>Aquileienses</strong></span> 
     </span>
    </p>
   </div>
   <div class='ocr_carea' id='block_1_153' title="bbox 1871 5727 3457 5799">
    <p class='ocr_par' dir='ltr' id='par_1_153' title="bbox 1871 5727 3457 5799">
     <span class='ocr_line' id='line_1_155' title="bbox 1871 5727 3457 5799; baseline 0.004 -17"><span class='ocrx_word' id='word_1_1072' title='bbox 1871 5728 2103 5798; x_wconf 87' lang='lat' dir='ltr'><strong>viguisse</strong></span> <span class='ocrx_word' id='word_1_1073' title='bbox 2129 5743 2302 5799; x_wconf 89' lang='lat' dir='ltr'><strong>usum,</strong></span> <span class='ocrx_word' id='word_1_1074' title='bbox 2326 5727 2503 5799; x_wconf 77' lang='lat' dir='ltr'><strong>quoad</strong></span> <span class='ocrx_word' id='word_1_1075' title='bbox 2530 5727 3182 5799; x_wconf 83' lang='lat' dir='ltr'><strong>oompetentes,Symboli</strong></span> <span class='ocrx_word' id='word_1_1076' title='bbox 3205 5730 3457 5788; x_wconf 85' lang='lat' dir='ltr'><strong>nimirum</strong></span> 
     </span>
    </p>
   </div>
   <div class='ocr_carea' id='block_1_154' title="bbox 1872 5798 3460 5871">
    <p class='ocr_par' dir='ltr' id='par_1_154' title="bbox 1872 5798 3460 5871">
     <span class='ocr_line' id='line_1_156' title="bbox 1872 5798 3460 5871; baseline 0.003 -18"><span class='ocrx_word' id='word_1_1077' title='bbox 1872 5814 1981 5871; x_wconf 86' lang='lat' dir='ltr'><strong>non</strong></span> <span class='ocrx_word' id='word_1_1078' title='bbox 2001 5798 2287 5871; x_wconf 85' lang='lat' dir='ltr'><strong>scribendi,</strong></span> <span class='ocrx_word' id='word_1_1079' title='bbox 2304 5798 2407 5871; x_wconf 81' lang='lat' dir='ltr'><strong>sed</strong></span> <span class='ocrx_word' id='word_1_1080' title='bbox 2419 5804 2672 5854; x_wconf 86' lang='lat' dir='ltr'><strong>oretenus</strong></span> <span class='ocrx_word' id='word_1_1081' title='bbox 2689 5806 2895 5871; x_wconf 71' lang='lat' dir='ltr'><strong>tantum</strong></span> <span class='ocrx_word' id='word_1_1082' title='bbox 2916 5798 3229 5871; x_wconf 65' lang='lat' dir='ltr'><strong>acdpiendi.</strong></span> <span class='ocrx_word' id='word_1_1083' title='bbox 3248 5800 3460 5856; x_wconf 82' lang='lat' dir='ltr'><strong>Maxen-</strong></span> 
     </span>
    </p>
   </div>
   <div class='ocr_carea' id='block_1_155' title="bbox 1872 5867 3461 5941">
    <p class='ocr_par' dir='ltr' id='par_1_155' title="bbox 1872 5867 3461 5941">
     <span class='ocr_line' id='line_1_157' title="bbox 1872 5867 3461 5941; baseline 0.004 -18"><span class='ocrx_word' id='word_1_1084' title='bbox 1872 5869 1980 5927; x_wconf 89' lang='lat' dir='ltr'><strong>tius</strong></span> <span class='ocrx_word' id='word_1_1085' title='bbox 2003 5876 2181 5927; x_wconf 88' lang='lat' dir='ltr'><strong>autem</strong></span> <span class='ocrx_word' id='word_1_1086' title='bbox 2204 5867 2597 5941; x_wconf 82' lang='lat' dir='ltr'><strong>Aquileiensem</strong></span> <span class='ocrx_word' id='word_1_1087' title='bbox 2618 5869 2757 5927; x_wconf 77' lang='lat' dir='ltr'><strong>rexit</strong></span> <span class='ocrx_word' id='word_1_1088' title='bbox 2776 5867 3066 5928; x_wconf 74' lang='lat' dir='ltr'><strong>Ecclesiati)</strong></span> <span class='ocrx_word' id='word_1_1089' title='bbox 3087 5872 3154 5930; x_wconf 87' lang='lat' dir='ltr'><strong>ab</strong></span> <span class='ocrx_word' id='word_1_1090' title='bbox 3175 5871 3461 5930; x_wconf 85' lang='lat' dir='ltr'><strong>undecimo</strong></span> 
     </span>
    </p>
   </div>
  </div>
