4004 6366
551 350 694 411 “05

1255 345 1314 400 P.
1354 339 1630 400 ΒΒΑΙΙΜΞ
1673 341 2105 399 DISSERTATK

2212 340 2229 401 ἶ
2269 345 2330 402 S.
2369 337 2694 400 NICETAM.
2727 370 2797 381 —-
2825 339 2978 396 CAP.
3018 337 3109 394 IX.

3681 340 3817 400 1104

550 466 783 535 virgines
795 461 1098 535 alloquaiur
1117 456 1419 535 episcopus,
1446 456 1710 535 vel_etia_m
1730 459 1976 535 quisquis
1995 458 2130 512 alius
2158 464 2203 522 Α
2234 460 2382 535 stola
2415 458 2536 535 i08,
2563 458 2630 535 ad
2670 457 3016 535 Eustoehium
3057 469 3202 535 num.
3253 453 3322 505 l9
3347 473 3359 507 :
3384 455 3562 535 _«_Die
3605 466 3817 516 tantum

549 527 786 607 episcopi
817 527 934 607 loco
955 570 968 594 ,
1021 530 1071 583 in
1102 527 2000 607 earumsoleanvelaiione;_§eu
2032 543 2127 582 an-

548 596 763 675 tequam
791 603 970 675 velum
1002 600 1319 675 accipiant,_
1346 606 1403 653 ut
1445 599 1498 652 in
1542 596 1838 652 Pontiﬁcali
1881 598 2126 654 Romano

547 669 938 746 praescribitur;
965 687 1058 746 seu
1089 679 1210 739 post
1239 669 1414 724 velum
1443 678 1748 739 acceptum,
1791 678 1852 746 _ut
1871 685 2124 746 quorum-

543 740 668 802 dam
716 745 956 799 locornm
1005 740 1107 794 fert
1155 756 1314 794 usus:
1364 748 1417 794 et
1458 747 1671 794 exstant
1695 740 1834 810 typis
1861 740 1987 794 editi
2012 755 2126 794 ser-

543 831 751 879 mones,
781 823 894 868 tum
929 812 995 866 ab
1025 811 1316 880 episcopis,
1349 819 1461 863 tum
1489 810 1862 934 episcoporum
1891 811 2126 865 auctori-

543 893 655 934 tate
681 901 710 934 a
742 882 1067 934 nresbvteris
1095 881 1162 934 ad
1190 881 1422 934 virgines
1449 880 1518 934 ha
1558 880 1615 934 iti
1640 880 1690 934 in
1713 895 1898 934 earum
1919 881 2126 934 nuntia-

542 893 655 940 tate
681 901 710 938 a
742 882 1067 954 presbyteris
1095 881 1162 934 ad
1190 881 1422 954 virgines
1449 880 1615 954 habiti
1640 880 1690 934 in
1713 895 1898 954 earum
1919 881 2127 954 nuptia-

541 955 682 1011 libus
723 950 1012 1021 festis,'qui
1041 959 1209 1006 totam
1250 950 1497 1021 redolent
1531 951 2122 1021 primaevasinstitutio-

540 1027 626 1080 nis
671 1019 1048 1092 fragrantiam;
1079 1019 1630 1092 quemadmodum’illi
1652 1060 1667 1085 ,
1713 1019 1877 1092 cedro
1903 1036 2124 1092 prorsus

538 1095 704 1165 digni,
729 1090 958 1163 quorum
997 1093 1084 1146 hic
1119 1091 1424 1165 meminisse
1448 1105 1647 1165 _9per.e
1676 1160 1688 1165 _
1695 1090 1934 1165 pretium
1974 1091 2124 1146 duci-

537 1158 678 1229 mus,
721 1158 920 1234 q'uique
946 1176 1116 1234 nuper
1141 1159 1414 1234 posthumi
1448 1158 1793 1234 Utinensibus
1822 1161 1962 1234 txpis
1991 1175 2120 1234 pro:

537 1229 787 1298 dierunt,
833 1229 1240 1299 praeclarissimi
1287 1229 1642 1299 undequaque
1693 1230 1793 1284 viri
1849 1229 2123 1285 Francisci

536 1303 700 1360 Florii
719 1347 734 1371 ,
766 1300 924 1374 hujus
947 1302 1374 1374 metropolitana:
1411 1301 1540 1374 tedis
1567 1300 1869 1374 pnnpositi,
1901 1315 1965 1374 ac
1986 1314 2122 1374 prte-

533 1369 1046 1430 sulum'nostrorum
1070 1369 1256 1424 viCarii
1298 1369 1588 1439 generalis,
1635 1369 1745 1438 jam
1776 1370 1909 1423 alias
1933 1369 1998 1424 in
2017 1371 2120 1424 hac

534 1444 905 1500 lucubratione
951 1441 1145 1496 merito
1189 1440 1405 1494 laudati.
1464 1441 1638 1508 Atque
1687 1439 1802 1494 haec
1837 1440 1906 1494 de
1942 1441 2120 1494 initia-

533 1515 697 1570 tionis
723 1515 989 1583 virginum
1021 1511 1353 1583 caeremoniis
1381 1524 1443 1564 ac
1475 1509 1833 1583 solemnitate.

602 1585 722 1654 Ipsa
770 1580 911 1638 nunc
955 1581 1261 1654 earumdem
1303 1580 1863 1654 sacrarumvirginum
1885 1595 2115 1654 converf

532 1649 672 1709 satio
701 1654 902 1723 aliquid
950 1669 980 1705 a
1006 1652 1162 1707 nobis
1190 1651 1422 1723 exquirit
1463 1651 1527 1723 in_
1559 1649 1622 1704 iis
1660 1649 1728 1723 de
1756 1651 1948 1718 quibus
1974 1652 2117 1720 apud

531 1719 1052 1780 Nicetam'nostrum
1093 1721 1294 1775 mentio
1341 1727 1442 1774 est.
1501 1719 1578 1773 Ac
1625 1720 1797 1788 primo
1849 1719 2116 1790 processus

530 1794 793 1864 virginum
821 1797 875 1847 in
905 1792 1172 1864 ecclesiam
1196 1806 1227 1845 a
1260 1790 1445 1864 Niceta
1472 1797 1820 1864 memoratur,
1841 1805 1976 1864 ⁸ηοιι
2006 1793 2116 1864 sin:

2233 531 2530 595 Dominico,
2563 529 2765 598 inquit,
2797 527 2863 581 ad
2891 525 3586 598 ecciesiamprocedebant,
3619 543 3690 583 ex
3720 545 3816 584 cu-

2223 601 2314 670 jus
2353 595 2668 670 habitabant
2704 599 2890 670 latere.
2913 618 2931 648 ι
2985 595 3102 651 Duo
3141 595 3815 670 hic_provident_ia:capita

2229 664 2699 726 animadvertenda
2724 669 2964 732 veniunt,
2995 667 3194 736 qmein
3227 664 3404 721 Paulae
3431 668 3664 724 senioris
3691 664 3813 726 Ian-

2227 742 2352 813 dem
2393 742 2608 813 cedunt,
2635 754 2848 813 necnon
2880 746 2936 793 et
2967 735 3076 813 divi
3105 735 3415 813 Hieronymi
3461 741 3815 813 ac__e_piscopi

2226 811 2332 868 loci
2354 854 2368 878 ,
2400 812 2493 882 qui
2537 809 2888 882 proculdubio
2935 807 3110 862 eidem
3157 808 3212 882 in
3249 807 3564 882 monasterii
3586 807 3816 882 institu-

2226 882 2375 938 tione
2417 879 2451 936 ξι
2496 879 2733 938 consiliis
2775 879 3018 944 fuerunt;
3068 879 3274 934 cavisse
3301 893 3421 934 eam
3467 881 3727 936 nimimm
3759 891 3815 936 ut

2225 954 2608 1007 monasterium
2655 966 2810 1006 suum
2855 948 3116 1017 virginale
3154 964 3261 1003 non
3299 948 3458 1018 longe
3485 950 3554 1004 ab
3581 952 3816 1008 ecclesia

2225 1023 2515 1088 locaretur,
2547 1037 2654 1091 quo
2673 1019 3310 1091 brevissimavirginibus
3337 1021 3425 1074 via
3451 1029 3599 1091 esset
3629 1021 3702 1075 ad
3723 1037 3815 1077 ec-

2225 1093 2444 1148 clesiam
2467 1089 2787 1157 accedendi;
2813 1097 2869 1145 et
2896 1089 3242 1144 nihilominus
3266 1104 3375 1143 non
3403 1089 3654 1159 quotidie
3695 1107 3812 1159 eas,

2225 1162 2391 1242 imme
2421 1177 2521 1242 nec
2559 1162 2758 1242 pluries
2784 1174 2883 1242 per
2908 1159 3328 1242 hebdomadam,
3480 1161 3570 1242 die
3597 1169 3815 1242 tantem

2224 1231 2503 1287 Dominico
2531 1230 2598 1286 ad
2624 1230 2901 1286 ecclesiam
2949 1230 3241 1285 accessisse
3261 1271 3276 1292 ,
3315 1238 3373 1284 ut
3411 1238 3560 1286 certe
3600 1233 3815 1287 cautius

2223 1303 2531 1356 earumdem
2558 1301 2752 1372 pudori
2777 1300 3172 1372 provideretur.
3231 1297 3288 1372 Si
3316 1299 3811 1372 conjectarelicet,

2223 1373 2384 1426 etiam
2414 1369 2797 1427 monasterium
2835 1370 3096 1438 virginale
3123 1369 3464 1439 Aquileiense
3492 1372 3596 1426 sub
3625 1370 3813 1428 Niceta

2223 1443 2496 1512 episcopo,
2519 1443 2665 1511 quod
2693 1444 2747 1496 in
2769 1441 2938 1495 media
2959 1441 3170 1512 civitate
3189 1441 3350 1512 situm
3377 1441 3633 1510 superius
3661 1442 3810 1498 dice-

2222 1509 2428 1577 bamus,
2470 1509 2772 1582 proximum
2819 1517 2935 1582 erat
2980 1509 3223 1582 ecclesiae
3249 1509 3380 1582 loci;
3410 1509 3656 1582 maxime
3685 1526 3812 1568 vero

2221 1583 2266 1636 si
2289 1579 2591 1638 recolamus
2615 1582 2847 1649 virgines
2875 1581 2992 1634 illas
3020 1579 3074 1632 in
3101 1579 3341 1634 Ecclesia
3369 1580 3611 1635 adfuisse
3647 1582 3811 1637 etiam

2220 1653 2417 1733 vigiliis
2442 1668 2580 1733 cum_
2608 1651 2828 1733 reliquis
2871 1649 3070 1704 Christi
3114 1649 3391 1733 ﬁdelibus,“
3423 1650 3492 1704 ad
3515 1665 3660 1719 quas
3687 1667 3812 1733 pro-

2221 1723 2344 1776 inde
2373 1732 2532 1778 noctu
2567 1720 2817 1776 incedere
2845 1734 3068 1775 necesse
3105 1728 3252 1784 erat,
3283 1720 3588 1788 quibusque
3632 1720 3811 1777 minus

2220 1801 2339 1846 erat
2383 1793 2710 1848 conveniens
2757 1799 2819 1846 ut
2861 1791 3094 1858 virgines
3120 1805 3286 1844 sacrae
3316 1789 3591 1856 adessent,
3624 1792 3676 1846 si
3703 1807 3811 1847 non

1043 1843 1502 1933 agminatim
1521 1901 1536 1925 ,
1580 1843 1636 1914 et
1657 1843 1822 1933 chorei
1834 1843 1974 1914 facto
1998 1843 2112 1924 {ad
2144 1843 2194 1901 Β
2219 1843 2733 1933 ᾁὶιξιὶηῖιῖέᾶίέέῖἑῆο
2765 1843 2882 1916 wvite
2901 1843 3087 1933 tractu
3115 1843 3810 1933 inhonestissimam"
3704 1843 3810 1847 ὴ-

527 1930 710 1990 sacros
759 1930 1006 1989 videlicet
1048 1931 1280 1986 fidelium
1325 1939 1652 1990 conventus,
1700 1930 1766 1983 ad
1803 1931 2110 2000 hymnorum

527 2006 839 2075 spiritalium
877 2013 1145 2075 cantum_,_
1173 2001 1238 2055 ad
1264 2001 1505 2075 lectiones
1544 2000 1766 2054 caelestes
1797 2001 2106 2075 audiendas,

527 2071 598 2129 ad
635 2084 807 2130 totum
853 2089 1044 2143 nempe
1091 2071 1655 2143 Liturgiaatordinem;
1707 2085 1922 2143 necnon
1961 2080 2015 2124 et
2043 2072 2110 2124 ad

525 2145 671 2214 ipsas
699 2145 900 2217 vigilias
923 2137 1126 2217 noctis,
1149 2137 1302 2210 juxta
1323 2137 1752 2217 Christianorum
1781 2141 2016 2217 omnium
2043 2156 2109 2217 eo

524 2209 771 2285 tempore
814 2209 1257 2285 consuetudinem
1282 2252 1297 2276 ,
1349 2211 1426 2264 uti
1465 2211 1534 2264 ad
1573 2209 1796 2285 Leptam
1837 2211 2012 2285 capite
2053 2210 2106 2277 6,

525 2280 672 2339 num.
705 2284 793 2337 29..
835 2283 970 2338 Cum
1017 2282 1267 2336 nimirum
1297 2289 1426 2334 tunc
1455 2280 1732 2350 temporis,
1753 2280 1990 2334 nondum
2017 2295 2106 2336 es-

525 2365 648 2410 sent
674 2356 725 2408 in
755 2369 858 2408 una
888 2353 1182 2420 eademque
1209 2350 1424 2404 civitate
1459 2349 1591 2405 satis
1630 2349 1991 2419 multiplicata:
2017 2367 2106 2404 sa-

525 2440 632 2480 crae
659 2424 820 2488 aedes,
853 2437 1026 2492 neque
1055 2419 1237 2476 earum
1259 2420 1544 2492 peculiaris
1566 2419 1741 2492 aliqua
1761 2419 2109 2492 virginalibus

525 2495 866 2550 monasteriis
912 2489 1120 2546 addicta
1142 2530 1157 2554 ,
1201 2505 1429 2559 cumque
1471 2489 1748 2558 virginalia
1778 2491 1892 2558 ipsa
1921 2505 2108 2545 mona-

524 2566 687 2621 steria
729 2580 837 2618 non
876 2564 948 2618 ita
979 2569 1157 2616 essent
1200 2562 1420 2614 omnino
1449 2561 1660 2622 clausa,
1691 2560 1764 2613 uti
1798 2568 1986 2629 postea
2016 2576 2107 2616 sa-

523 2633 1074 2706 pientissimefactum
1091 2630 1189 2685 fuit
1209 2630 1520 2706 pro_rnajori
1548 2645 1822 2685 sacrarum
1845 2629 2105 2706 virginum

523 2701 719 2772 tutela;
763 2713 818 2759 et
864 2705 948 2758 his
993 2701 1282 2772 aliquando
1311 2701 1536 2754 liberum
1566 2709 1681 2754 erat
1707 2715 1740 2754 e
1777 2703 2107 2756 monasterio

523 2771 712 2846 egredi
734 2791 830 2846 pro
855 2775 1028 2846 aliqua
1051 2771 1392 2846 necessitate,
1424 2779 1480 2846 et
1509 2785 1731 2846 necesse
1753 2785 1970 2840 quoque
1989 2782 2108 2846 erat

523 2839 725 2904 eisdem
735 2839 1055 2916 'prodireﬁut
1077 2842 1178 2916 _ad_
1197 2856 1377 2896 sacras
1402 2841 1544 2916 :ed_e_s
1573 2839 1891 2916 accederent
1913 2881 1949 2916 ,_
1971 2842 2106 2916 divi-

521 2917 714 2986 nisque
747 2910 1028 2987 ‘mys_teriis
1059 2912 1270 2987 ibidem
1312 2927 1434 2966 cum
1461 2910 1767 2987 Christiano
1788 2912 1988 2981 papula
2018 2913 2104 2966 in-

521 2982 1163 3042 teréssentheneralem
1189 2989 1472 3052 propterea
1501 2982 1738 3050 regulam
1763 2997 1861 3051 pro
1885 2996 2104 3050 egressu

521 3071 860 3126 quocumque
897 3069 1170 3126 sacrarum
1203 3053 1464 3126 virginum
1493 3067 1524 3107 e
1551 3053 1881 3126 monasterio
1921 3053 2102 3126 trade:

520 3124 614 3181 bat
651 3124 868 3183 sanctus
913 3124 1364 3196 Hieronymus_in
1396 3137 1548 3196 saepe
1578 3125 1739 3177 citata
1771 3124 2006 3196 epistola
2034 3124 2101 3178 ad

2254 1934 2532 1987 otuissent.
2587 1931 2644 1986 Si
2691 1932 2772 2002 hze
2805 1945 2966 2001 porro
3005 1931 3238 2002 virgines
3275 1932 3593 2002 monasterii
3647 1933 3809 2002 Aqui-

2235 2003 2431 2057 eiensis
2459 2002 2620 2056 etiam
2649 2001 2717 2055 ad
2758 2000 2939 2072 sacras
2969 2000 3173 2068 vigilias
3211 2001 3594 2072 inﬂecelesiam
3627 2000 3810 2072 prodi-

2213 2073 2364 2136 bant,
2408 2072 2738 2142 frequentius
2767 2069 2992 2142 fortasse
3017 2084 3180 2138 quam
3201 2071 3330 2142 so_lis
3373 2069 3678 2142 Dominicis
3701 2073 3809 2128 die-

2211 2143 2312 2197 bus
2363 2139 2611 2198 Ecclésize
2655 2142 2822 2196 sacris
2877 2141 3189 2195 intererant.
3256 2139 3539 2208 Virginum
3589 2143 3808 2198 tandem

2213 2213 2488 2268 devotioni
2520 2213 2679 2268 simul
2716 2227 2781 2267 ac
2817 2211 3008 2279 pudori
3046 2209 3318 2264 cumulate
3353 2211 3600 2279 providit
3627 2223 3808 2282 poste-

2212 2283 2324 2338 rior
2364 2292 2522 2348 tetas,
2553 2298 2674 2338 cum
2712 2282 2998 2350 unicuique
3034 2294 3220 2350 earum
3252 2282 3610 2350 monasterio,
3645 2285 3806 2338 immo

2212 2361 2269 2422 et
2316 2354 2603 2422 unicuique
2630 2349 2940 2407 earumdem
2981 2349 3251 2422 sodalitati
3280 2349 3524 2422 indulsit,
3555 2361 3615 2405 ut
3637 2367 3803 2422 pecu-

2210 2421 2372 2478 liares
2412 2419 2596 2478 sacras
2644 2423 2788 2476 mdes
2811 2422 3092 2483 haberent,
3134 2419 3274 2474 unde
3306 2420 3501 2475 solatia
3528 2419 3800 2490 religionis

2211 2495 2538 2563 acciperent,
2568 2493 2695 2562 quin
2718 2493 2918 2563 pedem,
2943 2498 3096 2563 extra
3125 2505 3219 2545 sua
3239 2499 3393 2560 septa
3422 2501 3720 2546 moverent.
3744 2502 3755 2511 '

2282 2561 2559 2619 Peculiare
2587 2561 2786 2618 tamen
2833 2561 3085 2632 quiddam
3126 2575 3312 2632 super
3331 2575 3606 2615 sacrarum
3633 2563 3791 2632 virgi-

2212 2649 2338 2688 num
2369 2633 2423 2687 in
2450 2648 2603 2688 sacra
2638 2633 2754 2688 ante
2789 2630 3115 2700 Aquileiensi
3145 2630 3426 2686 mansione
3453 2633 3613 2686 nobis
3639 2630 3794 2688 exhi-

2208 2705 2303 2758 bet
2326 2703 2558 2766 Nicetas,
2590 2703 2736 2773 quod
2773 2702 2958 2756 nullibi
2987 2700 3216 2773 fortasse
3241 2701 3296 2773 in
3324 2708 3459 2773 tota
3477 2702 3802 2773 antiquitate

2209 2783 2564 2829 memoratum
2603 2771 2870 2838 invenias;
2913 2772 3164 2840 quodque
3201 2772 3269 2825 ad
3304 2771 3679 2840 Aquileiensis
3705 2771 3804 2828 Ec-

2208 2845 2384 2900 clesiae
2405 2845 2627 2914 ejusque
2654 2844 2940 2914 prtesulum
2983 2843 3346 2914 institutorum
3370 2843 3803 2914 commendaue-

2207 2931 2332 2969 nem
2362 2911 2832 2968 maximam'factt.
2881 2911 3166 2967 Notissima
3195 2920 3279 2966 est
3302 2913 3506 2967 veteris
3546 2911 3802 2969 Ecclesia

2206 2985 2542 3042 sanctissima
2571 2984 2850 3054 disciplina
2866 2997 3027 3054 ,ﬂqua
3069 2983 3360 3054 cavebatur
3385 2983 3800 3054 quamdiligen-

2209 3056 2431 3128 tissime,
2460 3055 2617 3128 257
2653 3051 2723 3108 ut‘
2737 3056 2790 3108 in
2813 3053 3016 3128 aedibus
3036 3053 3201 3108 sacris
3215 3052 3477 3128 mulieres
3497 3068 3531 3106 a
3561 3051 3799 3110 maribus

2205 3127 2436 3180 discreta
2460 3122 2719 3179 'St'atione
2771 3124 3146 3179 consisterent.
3215 3122 3529 3194 Virginibus
3581 3138 3800 3194 quoque

520 3196 912 3270 Demetriadem
937 3194 1038 3248 l50
1062 3191 1208 3249 num.
1233 3192 1410 3270 l9,_ita
1432 3191 1700 3270 scribens:
1723 3213 1741 3243 ε
1761 3191 1889 3259 Quae
1916 3194 2102 3249 vivunt
2130 3208 2177 3270 ρ
2207 3197 2374 3270 sacris
2391 3238 2404 3261 ,
2420 3197 2491 3270 Ain
2520 3211 2585 3250 ea
2602 3210 2876 3270 sacrarum
2903 3194 3098 3248 tedium
3117 3202 3268 3264 parte
3290 3208 3414 3270 qum
3439 3193 3513 3270 ad
3546 3191 3799 3251 munera

521 3267 575 3321 in
597 3267 942 3330 monasterio,
977 3273 1030 3320 et
1051 3280 1276 3334 quarum
1295 3264 1451 3318 simul
1480 3278 1700 3332 magnus
1719 3271 1803 3317 est
1825 3279 2096 3330 numerus,

521 3353 813 3407 numquam
840 3338 986 3400 solae,
1014 3351 1305 3404 numquam
1339 3335 1456 3389 sine
1484 3343 1655 3389 matre
1681 3334 1994 3403 procedant.
2027 3335 2104 3390 De

521 3409 733 3477 agmine
771 3407 1139 3477 columbarum
1161 3408 1352 3477 crebro
1383 3407 1639 3476 accipiter
1665 3419 1825 3459 unam
1864 3414 2097 3477 separat,

519 3476 680 3546 quam
733 3478 913 3532 statim
953 3476 1172 3546 invadat
1203 3483 1258 3530 et
1292 3476 1518 3538 laceret,
1563 3477 1716 3544 cujus
1755 3476 2002 3530 carnibus
2047 3486 2103 3531 et

519 3545 712 3604 cruore
733 3555 1018 3603 saturetur.
1053 3567 1072 3598 ι
1108 3545 1232 3600 Ηωο
1269 3546 1336 3600 de
1378 3545 1715 3600 monasteriis
1753 3546 2100 3613 virginalibus

521 3617 681 3689 253
702 3619 909 3683 African,
925 3618 1012 3689 ubi
1035 3617 1332 3689 Demetrias
1365 3617 1514 3686 virgo
1541 3616 1803 3684 degebat;
1837 3617 1962 3671 licet
1985 3617 2098 3689 ipsa

521 3687 881 3754 virginitatem
921 3687 1066 3741 domi
1107 3702 1216 3740 sua:
1254 3698 1493 3741 servaret
1531 3701 1651 3740 cum
1691 3693 1862 3740 matre
1895 3696 1949 3740 et
1977 3688 2098 3742 avia

521 3759 722 3823 vivens,
748 3758 825 3827 uti
851 3758 1096 3826 superius
1118 3758 1453 3811 notabamus.
1473 3755 1740 3827 Cancrum
1765 3756 1959 3827 ibidem
1983 3758 2100 3827 ipse

519 3828 673 3883 divus
718 3826 1073 3897 Hieronymus
1121 3841 1213 3897 eas
1259 3827 1669 3882 commendabat
1697 3826 1948 3897 virgines,
1979 3826 2098 3894 qua:

519 3897 739 3978 pudoris
786 3895 1225 3978 acnyerectnmdia:
1251 3897 1461 3978 gratia,
1502 3911 1683 3978 neque
1703 3895 1770 3949 ad
1816 3897 2098 3978 ecclesiam

519 3965 689 4036 ipsam
729 3967 1014 4038 prodibant
1054 3965 1200 4020 festis
1239 3966 1554 4038 quibusdam
1571 3967 1789 4038 diebus,
1830 3965 2098 4035 inquibus

520 4035 692 4106 major
731 4035 878 4092 esset
923 4036 1218 4105 frequentia
1248 4037 1469 4106 p0puli:
1527 4035 1690 4106 «Scio
1737 4048 1840 4102 ego
1884 4045 2099 4091 sanctas

522 4105 769 4178 virgines,
801 4122 920 4177 qua;
946 4107 1133 4178 diebus
1170 4105 1588 4178 festis,pr0pter
1619 4105 2098 4178 frequentiamipo-

521 4176 784 4249 pulcrum,
819 4176 1022 4249 pedem
1045 4177 1190 4231 domi
1218 4176 1496 4249 cohibent;
1529 4192 1628 4231 nec
1663 4184 1790 4249 tunc
1815 4176 2099 4249 egrediun-

521 4247 625 4315 tur,
647 4247 862 4320 quando
882 4248 1054 4320 major
1081 4256 1173 4320 est
1190 4247 1489 4320 adhibenda
1523 4247 1769 4320 custedia
1791 4288 1806 4312 ,
1844 4256 1900 4300 et
1918 4247 2096 4320 publi-

519 4336 641 4375 cum
665 4315 892 4390 “penitus
933 4315 1292 4373 devitandum.
1325 4337 1342 4369 ι
1388 4317 1495 4372 Sed
1522 4319 1627 4372 hoc
1653 4315 1879 4390 fortasse
1908 4315 1975 4371 ad
2003 4333 2098 4390 eas

519 4388 700 4444 sacras
725 4390 956 4458 virgines
981 4390 1322 4458 pertinebat,
1375 4403 1495 4457 qua:
1525 4403 1630 4442 non
1661 4388 1712 4441 in
1745 4388 2093 4455 moaasterio,

519 4460 612 4515 sed
640 4460 786 4514 domi
831 4474 942 4514 ante
966 4496 982 4522 ,
1027 4467 1120 4513 aut
1157 4459 1303 4526 solm,
1355 4466 1446 4512 aut
1491 4473 1611 4526 cum
1640 4458 1826 4526 paucis
1846 4458 2097 4513 sociabus

519 4530 798 4594 vivebant;
827 4542 1071 4598 qumque,
1094 4530 1273 4598 potius
1302 4544 1462 4597 quam
1491 4525 1658 4592 festis,
1689 4527 1808 4582 aliis
1836 4542 1936 4598 per
1957 4527 2095 4583 beb-

519 4599 802 4654 domadam
841 4597 1030 4653 diebus
1065 4597 1345 4653 ecclesiam
1387 4599 1604 4652 adibant
1631 4605 1690 4651 ut
1726 4597 1893 4652 sacris
1926 4597 2097 4653 inter-

518 4677 719 4725 essent.
767 4667 998 4724 Sanctus
1040 4683 1254 4736 quoque
1282 4667 1596 4723 Ambrosius
1623 4668 1678 4721 in
1707 4666 2097 4724 Exhortatione

517 4740 884 4807 Virginitatis,
927 4738 1104 4808 capite
1132 4737 1216 4800 10,
1251 4753 1474 4792 numero
1504 4738 1590 4803 Ἡ,
1621 4739 1760 4792 hanc
1789 4737 2097 4808 cautionem

517 4811 684 4865 sacris
710 4807 1006 4878 virginibus
1032 4808 1350 4870 ineulcabat,
1381 4809 1612 4878 maxime
1640 4822 1767 4862 vero
1795 4807 2096 4862 adolescen-

518 4880 659 4943 tulis,
694 4887 752 4933 ut
791 4877 915 4935 raro
961 4879 1165 4934 scilicet
1210 4879 1372 4933 etiam
1400 4878 1468 4932 ad
1495 4877 1775 4932 ecclesiam
1803 4879 2096 4947 progrede-

517 4959 740 5005 rentur:
791 4949 936 5018 quod
980 4956 1092 5003 tum
1140 4948 1431 5016 virginibus
1463 4949 1516 5002 in
1544 4949 1868 5018 monasterio
1896 4949 2098 5018 degen-

517 5022 680 5087 tibus,
735 5017 846 5074 tum
873 5019 1021 5075 domi
1065 5034 1174 5074 suae
1202 5019 1502 5072 viventibus
1521 5061 1536 5086 ,
1567 5018 1769 5072 dictum
1797 5017 1952 5072 facile
1977 5019 2096 5072 exi-

516 5090 845 5145 stimaverim
904 5107 920 5142 :
983 5108 1002 5141 ι
1035 5088 1267 5144 Attende
1287 5130 1302 5155 ,
1367 5090 1516 5156 virgo
1538 5129 1553 5154 ,
1582 5103 1748 5144 sacra:
1801 5088 2100 5157 prtesertim

517 5157 958 5230 professionis...
986 5158 1174 5214 Nullus
1193 5160 1262 5230 sit
1290 5167 1412 5214 tuus
1431 5159 1555 5230 sine
1583 5167 1757 5213 matre
1791 5173 2094 5230 processus,

515 5226 637 5299 quae
663 5231 735 5285 sit
762 5231 918 5284 anxia
943 5238 1124 5284 custos
1152 5229 1387 5299 pudoris.
1411 5229 1548 5299 ipsa
1575 5226 1802 5299 quoque
1815 5228 1888 5299 ad_
1904 5226 2095 5299 Eccle-

516 5297 652 5372 siam
677 5300 981 5372 progressio
1024 5297 1198 5372 rarior
1242 5301 1312 5372 sit
1357 5297 1784 5372 adolescentulis.
1816 5317 1834 5351 ›
1871 5297 2098 5372 Matrem

517 5368 747 5426 lortasse
787 5370 1100 5437 genitricem
1137 5369 1418 5432 intellexit,
1450 5384 1570 5438 quae
1607 5369 1752 5423 domi
1797 5376 1852 5422 et
1883 5368 2097 5438 rubique

518 5449 698 5497 custos
725 5455 845 5495 esse
871 5439 1092 5494 deberet
1129 5439 1248 5493 tiliae
1277 5437 1495 5506 virginis
1521 5454 1676 5493 sacro
1702 5438 1821 5492 velo
1861 5437 2092 5504 donatae;

518 5511 646 5566 licet
669 5517 724 5566 et
750 5517 976 5563 matrem
1004 5510 1248 5564 similiter
1273 5510 1470 5564 dixisse
1489 5509 1726 5579 potuerit
1753 5509 2094 5579 praepositam

518 5580 830 5650 monasterii
856 5579 1128 5648 virginalis
1148 5581 1201 5634 in
1227 5595 1387 5634 sensu
1415 5578 1521 5633 divi
1533 5578 1877 5650 Hieronymi.

587 5649 695 5706 Sed
741 5650 1073 5721 disciplinam
1115 5665 1276 5721 super
1311 5651 1412 5721 hac
1441 5665 1500 5704 re
1515 5648 1954 5721 iBethiehetnitici
1983 5649 2094 5702 vir-

520 5721 702 5788 ginum
729 5711 1040 5774 monasterii
1068 5711 1384 5774 sub'Paula:
1412 5720 1636 5788 seniori?
1669 5717 2002 5774 institutione
2029 5733 2094 5778 ac

522 5787 651 5848 cura
696 5789 850 5846 nobis
875 5789 1093 5854 exhibet
1140 5789 1279 5846 idem
1325 5801 1541 5846 sanctus
1567 5787 1952 5858 Hieronymus,
1982 5789 2094 5857 epi-

2209 3268 2550 3338 pertinebat,
2597 3266 2753 3338 locus
2789 3266 3018 3338 dabatur
3056 3280 3086 3319 a
3122 3263 3332 3338 ceteris
3357 3263 3612 3332 ejusdem
3643 3279 3798 3338 sex

2210 3333 2526 3401 distinctus,
2555 3336 2646 3391 ubi
2669 3351 2776 3390 una
2813 3334 2972 3390 simul
3000 3335 3166 3405 sacris
3197 3333 3450 3405 adessent
3487 3335 3795 3405 mysteriis:

2209 3409 2351 3464 unde
2377 3427 2396 3460 ι
2414 3407 2626 3477 quando
2651 3405 2810 3461 simul
2837 3405 2968 3477 estis
2995 3405 3050 3458 in
3077 3404 3409 3477 Ecclesia....
3440 3404 3690 3477 invicem
3711 3420 3797 3461 ve-

2209 3487 2374 3533 stram
2400 3473 2708 3548 pudicitiam
2737 3475 3062 3548 custodite,»
3097 3475 3278 3548 aiebat
3295 3483 3519 3548 saucies
3545 3473 3799 3548 Augusti:

2209 3565 2310 3604 nus
2335 3543 2540 3602 ad'illas
2559 3549 2824 3616 scribens,
2849 3545 3074 3616 epistola
3093 3544 3214 3616 Eli,
3248 3560 3396 3616 num.
3426 3543 3519 3598 10.
3581 3543 3660 3599 Δί
3673 3544 3798 3616 quid

2207 3619 2275 3674 de
2335 3617 2639 3687 Virginibus
2700 3613 3131 3687 iniAq'uileiensi
3167 3613 3407 3687 Ecclesia
3461 3613 3796 3687 convenien-

2209 3689 2348 3744 tibus
2377 3685 2538 3742 tradit
2560 3687 2712 3743 nobis
2741 3685 2985 3741 Nicetas?
3015 3685 3216 3741 Locum
3243 3685 3503 3740 nimirum
3533 3685 3586 3741 in
3624 3686 3792 3744 Anni-

2207 3758 2394 3813 leiensi
2415 3758 2644 3813 ecclesia
2675 3773 2780 3813 non
2821 3757 2982 3811 modo
3010 3756 3228 3811 easdem
3263 3755 3526 3810 habuisse
3561 3755 3728 3813 nemli

2206 3844 2340 3893 rem,
2373 3838 2531 3898 prout
2577 3828 2775 3897 ubique
2825 3835 3088 3882 terrarum
3109 3825 3437 3898 ihabebant,
3488 3825 3590 3898 sed
3613 3826 3796 3882 locum

2206 3897 2592 3953 etiam’tabulis
2629 3906 2952 3967 separatum,
3003 3911 3067 3954 ac
3099 3897 3326 3951 fortasse
3353 3911 3386 3949 a
3425 3897 3552 3951 solo
3580 3911 3798 3967 quoque

2204 3971 2468 4038 tantisper
2502 3968 2800 4031 sublatum,
2840 3983 2948 4036 quo
2982 3967 3158 4022 honor
3195 3967 3471 4033 dignitatis
3490 3981 3710 4038 _earum
3733 3983 3792 4038 ex

2207 4039 2320 4108 ipsa
2349 4035 2511 4094 etiam
2552 4038 2655 4093 loci
2689 4035 3030 4092 distinctione
3069 4045 3400 4107 patesceret:
3448 4035 3695 4092 «Nonne
3717 4037 3787 4091 vel

2207 4109 2352 4163 illum
2392 4109 2569 4163 locum
2595 4108 2812 4161 tabulis
2857 4116 3193 4163 separatum.
3225 4107 3279 4161 in
3319 4119 3429 4163 quo
3469 4107 3530 4160 in
3559 4105 3787 4163 Ecclesia

2205 4122 2352 4163 ιιιιιηι
2392 4122 2569 4164 locum
2595 4122 2812 4161 ~laDllllS
2857 4122 3193 4170 separatum,
3225 4123 3279 4161 ιιι
3319 4122 3429 4170 quo
3469 4122 3530 4160 ιιι
3559 4122 3794 4163 11-00165“

2205 4119 2352 4163 illum
2392 4119 2569 4164 locum
2595 4119 2812 4161 tabulis
2857 4119 3193 4176 separatum,
3225 4123 3279 4161 tn
3319 4119 3429 4174 quo
3469 4122 3530 4160 tn
3559 4119 3794 4163 uectem

2204 4181 2402 4246 stabas,
2435 4177 2705 4233 recordari
2743 4177 3042 4247 debuisti?.
3064 4217 3077 4232 .
3097 4217 3111 4230 .
3135 4217 3148 4231 .
3169 4216 3182 4229 .
3227 4175 3403 4231 Oblita
3434 4190 3499 4247 es
3545 4177 3796 4247 proposi-

2205 4245 2441 4304 tum....
2494 4248 2658 4303 oblita
2714 4260 2772 4302 es
2816 4245 3112 4302 Ecclesiam
3139 4255 3336 4313 totam,
3369 4245 3804 4316 oblita'gloriam

2204 4320 2524 4389 virginitatis
2542 4359 2556 4384 ,
2602 4317 2766 4372 oblita
2795 4317 3058 4389 honorem
3083 4317 3362 4389 dignitatis
3369 4357 3404 4389 ,_
3418 4323 3531 4372 etc.
3571 4335 3594 4370 ς
3621 4316 3704 4372 Ita
3731 4319 3803 4372 ad

2204 4385 2429 4457 Larisam
2457 4389 2685 4454 Nicetas,
2716 4387 2892 4457 capite
2919 4385 2972 4451 6,
2997 4385 3244 4457 numfﬂ
3264 4395 3320 4442 et
3337 4385 3427 4440 27.

2324 4461 2408 4513 uid
2433 4460 2666 4528 insuper,
2700 4457 2752 4510 in
2776 4456 3048 4528 sacrarum
3067 4456 3331 4528 virginu_m
3345 4457 3607 4528 gratiam,
3637 4457 3806 4527 Aqui-

2202 4525 2438 4595 leiensis,
2475 4525 2674 4583 Niéetae
2712 4537 2973 4598 tempore,
3014 4525 3221 4598 ferebat
3264 4525 3524 4598 Ecclesia:
3569 4525 3806 4583 consue-

2125 4589 2181 4649 D
2205 4600 2366 4664 tudo;
2397 4589 2494 4654 seu
2525 4599 2741 4670 potius,
2774 4589 3313 4670 ut'_aptior_iiadirem
3333 4599 3336 4602 ’
3356 4597 3536 4670 ipsam
3583 4607 3808 4653 utamur

2203 4671 2480 4734 vocabulo,
2515 4666 2816 4736 elegantia?
2837 4666 3011 4723 Locus
3035 4667 3142 4734 ille,
3170 4669 3225 4722 in
3245 4681 3354 4736 quo
3371 4667 3617 4735 virgines
3635 4670 3810 4725 sata-is

2203 4741 2470 4804 astabant,
2502 4746 2724 4794 ornatus
2751 4747 2868 4793 erat
2895 4739 3178 4808 praeceptis
3209 4753 3276 4793 ex
3302 4737 3486 4792 divina
3511 4736 3811 4808 Scriptura

2203 4810 2401 4881 petitis,
2434 4818 2598 4881 atque
2623 4809 2675 4881 in
2693 4807 2922 4881 pariete
2932 4807 3163 4881 scriptis,
3185 4822 3306 4877 qua:
3327 4807 3663 4881 virginitatis
3675 4823 3811 4881 pros

2201 4877 2437 4950 positum
2463 4877 2839 4950 respiciebant,
2869 4877 3108 4950 illudque
3127 4877 3616 4950 commendabant;
3635 4877 3700 4934 ut
3718 4879 3810 4934 vel

2205 4946 2272 5004 ex
2292 4951 2397 5005 hoc
2415 4965 2524 5003 uno
2547 4946 2811 5018 intelligas
2834 4946 3038 5018 quanti
3051 4949 3206 5004 ﬁeret
3246 4947 3390 5018 apud
3417 4946 3811 5016 Aquileienses

2203 5020 2479 5101 virginalis
2496 5017 2760 5090 professio
2780 5036 2806 5101 ,ε
2839 5017 2870 5070 ί
2893 5017 3082 5074 Nonne
3109 5019 3195 5101 vel
3221 5017 3310 5072 illa
3337 5025 3616 5142 Βηθανία
3635 5034 3813 5143 ,13η

2205 5091 2375 5143 oculis
2403 5091 2508 5143 tuis
2538 5091 2652 5143 inse
2691 5096 2921 5143 scriptus
2949 5090 3125 5143 paries
3153 5102 3340 5143 mttere
3377 5095 3474 5143 at.
3514 5103 3652 5143 reco
3725 5090 3813 5143 ari

2205 5089 2375 5160 oculis
2403 5089 2514 5146 tuis
2538 5091 2652 5160 ipse
2691 5089 2921 5160 scriptus
2949 5090 3125 5160 paries
3153 5089 3474 5156 ingerebat,
3514 5089 3814 5160 recordari

2203 5159 2453 5227 debuisti,
2486 5157 2633 5216 etc.?
2662 5179 2680 5211 ι
2707 5167 2767 5213 ut
2799 5157 2996 5214 ibidem
3026 5158 3238 5214 Nicetas
3275 5158 3655 5228 prosequitur.
3694 5157 3814 5213 Sed

2203 5231 2350 5285 aliud
2394 5245 2609 5299 quoque
2653 5228 2940 5299 peculiaris
2983 5229 3220 5299 honoris
3251 5235 3658 5299 argumentum,
3691 5243 3815 5299 quo

2201 5315 2369 5354 sacrm
2396 5295 2628 5370 virgines
2645 5295 2984 5354 donabantur
3010 5298 3068 5370 in
3089 5295 3417 5367 Aquileiensi
3444 5295 3698 5352 Ecclesia
3716 5295 3814 5351 in—

2201 5378 2286 5442 ter
2311 5367 2498 5425 divina
2517 5370 2793 5442 mysteria,-
2821 5376 2972 5423 notat
2991 5367 3252 5442 _l_Vieeta_s;
3303 5375 3478 5442 atque
3491 5375 3620 5421 erat
3648 5383 3816 5421 oscu-

2199 5440 2307 5494 lum
2331 5442 2498 5510 pacis,
2530 5437 2672 5509 quod
2699 5440 2804 5494 illa:
2821 5438 3174 5510 proculdubio
3195 5439 3336 5510 inter
3369 5437 3555 5510 divina
3586 5445 3816 5510 myste-

2200 5511 2300 5576 ria,
2334 5505 2513 5580 "prout
2547 5505 2721 5565 inuris
2749 5505 2867 5565 erat
2883 5548 2919 5580 ,ν
2948 5525 2980 5563 a
3023 5523 3180 5580 sacro
3227 5508 3384 5562 altari
3425 5505 3814 5580 accipiebant,

2199 5575 2452 5650 quodque
2488 5587 2677 5650 postea
2720 5581 2788 5634 ab
2813 5579 3036 5645 eisdem,
3078 5579 3243 5650 veluti
3277 5594 3310 5633 a
3351 5576 3575 5650 traduce
3613 5575 3812 5650 puris-

2199 5646 2336 5705 simo
2363 5646 2679 5714 sanctitatis,
2710 5651 2810 5704 sibi
2835 5649 3219 5705 communicari
3246 5648 3549 5719 gestiebant

2199 5735 2274 5775 ste
2301 5736 2364 5774 ac
2392 5720 2597 5775 nobiles
2625 5731 2886 5776 matrona:
2907 5719 3104 5774 ibidem
3125 5716 3293 5776 sacris
3315 5725 3648 5789 praesentes:
3685 5737 3706 5766 ι
3721 5716 3812 5789 ᾼΔ

2197 5806 2359 5860 quem
2383 5789 2605 5860 (locum)
2633 5791 2895 5864 religiosae
2921 5799 3182 5848 matronae
3217 5797 3278 5848 et
3292 5787 3505 5846 nobiles
3535 5787 3812 5854 artati-

3176 5913 3201 5950 ’ξ’-
3229 5923 3396 5951 -⁷”“ι···ῖῑ›’”.
3417 5939 3438 5947 .-
3473 5938 3540 5951 _..,.
