4004 6366
516 321 649 379 im
1239 313 1298 369 Ρ.
1338 311 1617 369 suum
1659 308 2107 368 DISSER'I‘ATIO
2144 309 2211 367 1N
2251 311 2309 366 s.
2351 309 2672 366 NICETAM.
2705 310 2953 368 ..οη
2997 309 3067 366 x.
3290 263 3330 275 ”
3652 311 3787 371 me

510 437 641 508 quin
669 436 778 508 hoc
801 446 999 508 nomen
1027 444 1134 508 non
1161 443 1262 499 pro
1291 427 1538 508 convicio
1575 425 1848 508 objectare
1888 423 2092 508 selere-
2117 430 2171 487 Α
2192 438 2314 478 mus
2344 441 2357 475 :
2397 441 2416 474 ε
2441 421 3160 508 ‘sdhibendum‘estmitaque
3186 419 3524 480 credulitatis
3567 425 3784 508 salubre

509 495 650 564 ritus.
682 505 818 560 Nam
843 504 888 558 si
935 495 1261 571 suspiciosus
1302 499 1355 552 in
1386 498 1516 552 vitio
1543 505 1627 571 est
1647 535 1662 560 ,
1705 495 1952 571 e_o_quod
1982 510 2091 571 nqn

509 583 786 648 comperta
814 565 1119 648 suspicatur
1143 588 1154 621 :
1187 576 1392 648 quanto
1414 568 1599 648 plagis
1627 565 1900 648 credulus,
1919 565 2010 634 qui
2037 565 2092 619 in

509 635 616 703 hoc
635 635 672 701 'a
693 635 990 716 suspicioso
1017 635 1223 716 differt,
1247 639 1393 716 quod
1413 637 1501 693 ille
1529 637 1814 705 incognitis
1835 635 2088 704 aliquam,

503 719 610 774 iste
639 711 838 771 nullam
867 714 1054 770 tribuit
1080 711 1489 767 dubitationem.
1515 727 1534 760 ι

581 787 734 842 Absit
763 795 944 841 tamen
974 792 1032 838 ut
1073 780 1391 837 credulitatis
1437 785 1493 833 et
1541 777 1734 832 creduli
1756 791 1916 831 voces
1943 791 1974 830 a
2001 774 2094 830 Ni-

509 867 628 914 ceta
647 866 835 913 nostro
863 861 1144 925 usurpatas
1166 894 1180 918 ,
1207 859 1301 906 aut
1338 852 1443 905 hoc
1468 858 1562 925 aut
1590 848 1695 903 alio
1737 862 1904 925 pravo
1932 861 2094 901 sensu

509 929 853 999 accipiamus.
887 920 1234 999 Ineredutitqs
1286 936 1429 999 saepe
1466 920 1520 974 in
1560 934 1701 999 no_vo
1746 920 2092 999 Testamento

509 985 836 1062 nominatur,
867 997 934 1052 ad
963 996 1086 1051 ﬁdei
1109 985 1378 1062 defectum
1405 988 1734 1062 innuendum
1766 1007 1777 1040 :
1801 985 2093 1062 incredttlos

508 1084 726 1139 quoque
755 1069 808 1124 in
823 1057 978 1122 'novo
1005 1063 1268 1139 acveteri
1308 1061 1612 1139 frequenter
1634 1059 1898 1139 legimus",
1929 1057 2094 1139 veluti

511 1127 566 1195 in
595 1127 697 1195 ﬁde
731 1148 994 1195 errantes.
1039 1135 1095 1191 Si
1124 1127 1421 1190 contrariis
1438 1131 1655 1186 vocibus
1683 1127 2000 1184 credulitatis
2031 1143 2095 1183 ac

509 1210 703 1264 creduli
732 1226 859 1264 usus
887 1217 970 1264 est
1001 1206 1215 1262 Nicetas
1239 1245 1254 1270 ,
1299 1203 1351 1258 id
1394 1201 1584 1257 fecisse
1605 1200 1728 1269 jure
1756 1198 1997 1270 dicemus
2024 1197 2094 1270 ad

508 1296 724 1336 sensum
765 1278 1161 1349 Scripturarum
1187 1267 1293 1349 ,Uet
1319 1273 1386 1326 ad
1415 1272 1468 1326 id
1505 1267 1928 1349 signiﬁcandum_
1947 1267 2094 1337 quod

509 1351 858 1405 incredulitati
887 1339 942 1406 et
979 1345 1257 1401 incredulis
1285 1343 1612 1399 contrarium
1657 1346 1831 1403 esset;
1876 1339 2094 1409 plenam

509 1421 715 1476 scilicet
741 1421 917 1490 ﬁdem,
951 1416 1352 1490 perfectumque
1377 1413 1601 1490 ﬁdelem.
1626 1411 1742 1490 Hoc
1761 1411 1885 1490 ipso
1906 1424 2088 1490 sensu,

510 1491 579 1546 ad
608 1479 1005 1562 Scripturaruin
1034 1479 1297 1562 rationem
1323 1526 1338 1550 ,
1368 1479 1688 1562 credulitatis
1719 1479 2093 1562 et’incredul‘i-

511 1563 651 1627 tatis,
682 1552 905 1617 vocibus
933 1575 1058 1614 usus
1087 1556 1184 1610 fuit
1197 1565 1420 1627 sanctus
1450 1552 1828 1627 Z_etto_libro_r,
1859 1557 2093 1627 tractatu

512 1631 535 1684 1
571 1620 648 1686 de
668 1631 799 1686 Fide
835 1646 903 1686 ex
940 1629 1176 1683 editione
1197 1623 1493 1680 Veronensi
1531 1621 1976 1685 Balleriniorum,
2007 1620 2091 1675 di-

507 1716 638 1756 cens
672 1720 682 1754 :
725 1721 742 1751 ι
776 1701 1046 1756 Abraham
1076 1696 1278 1766 placuit
1302 1695 1413 1766 Deo
1427 1692 1759 1766 credulitate
1789 1691 1914 1766 sine
1952 1691 2090 1759 lege,

508 1779 566 1826 et
591 1771 844 1827 Judaicus
872 1761 1101 1840 populus
1127 1765 1399 1840 displicuit
1426 1765 1553 1840 D_eo_
1568 1761 1939 1840 incredulitate
1970 1775 2093 1815 cum

507 1841 645 1910 lege.
678 1861 697 1894 ι
730 1841 811 1895 En
847 1833 1037 1895 vocem
1065 1833 1385 1910 credulitatis
1414 1833 1707 1888 adhibitam
1750 1846 1912 1910 sensu
1934 1845 2092 1910 pror-

508 1901 600 1966 sus
627 1910 976 1966 incredulitati
997 1907 1306 1968 contrario;
1332 1905 1564 1968 ideoque
1594 1918 1704 1958 non
1731 1902 1797 1956 ad
1821 1901 2010 1954 vitium
2037 1901 2092 1954 in

510 1980 617 2058 fide
640 1981 1013 2058 indicandum:
1037 1977 1132 2034 sed
1153 1977 1221 2032 ad
1247 1969 1779 2058 ple-nitudinem‘ﬁdei
1807 1969 2095 2058 ostcrttten-

508 2050 652 2106 dam.
684 2049 950 2106 Praeterea
979 2040 1232 2118 frequens
1249 2040 1306 2101 in
1335 2044 1746 2118 Patribus,__tum
1785 2049 1910 2096 ante
1937 2040 2094 2118 Nice-

509 2129 637 2187 tam,
672 2130 786 2176 tum
813 2120 1012 2176 Nicetes
1040 2110 1208 2189 ipsius
1244 2123 1429 2189 aetate,
1445 2114 1766 2189 credulitatis
1794 2127 1901 2167 vox
1931 2111 1999 2166 ad
2025 2110 2092 2163 li-

507 2184 632 2263 dem
659 2207 843 2263 veram
869 2184 1272 2263 perfectamque
1298 2184 1702 2263 significandam
1719 2222 1734 2247 ,
1759 2199 1825 2263 ac
1861 2195 2092 2263 praeser—

511 2262 626 2328 tim,
659 2271 718 2317 ut
744 2251 976 2324 videiur,
1007 2260 1077 2314 ad
1102 2251 1276 2329 ipsum
1297 2251 1419 2329 fidei
1448 2251 1925 2329 internumuactum
1947 2251 2092 2329 desi-

509 2321 800 2400 gnandum.
818 2346 926 2400 quo
955 2321 1288 2400 adhaeremus
1307 2327 1500 2400 divinis
1519 2324 1854 2400 veritatibus,
1877 2330 1936 2400 et
1948 2321 2096 2400 _u_nde

511 2391 581 2456 ad
617 2391 1010 2458 confessionem
1029 2415 1125 2454 ore
1143 2396 1439 2452 faciendam
1459 2395 1868 2465 procedimus}
1899 2391 2097 2448 Ridere

511 2479 756 2526 nostram
785 2471 944 2526 ﬁdem
957 2469 1278 2532 consuestis,
1293 2463 1648 2535 atqueipsam
1663 2463 2054 2535 credulitatem.
2069 2481 2088 2513 ι

512 2541 589 2596 Ita
611 2542 878 2596 Arnobius
907 2540 1180 2594 Adversus
1205 2531 1408 2593 Gentes
1429 2531 1567 2591 libro
1597 2551 1654 2599 ιι,
1688 2533 1847 2657 Ἇξε
1877 2531 2032 2588 ﬁdem
2062 2547 2094 2586 a

512 2611 828 2657 credulitate
854 2611 1186 2657 distintmens
1209 2649 1224 2657 -
1267 2622 1383 2657 rem
1430 2605 1634 2657 scilicet
1661 2619 1752 2657 cre
1790 2603 1985 2657 endam
2026 2603 2094 2656 ab

511 2611 828 2667 credulitate
854 2611 1186 2678 distinguens
1209 2649 1224 2674 ,
1267 2622 1388 2678 rem
1430 2605 1634 2678 scilicet
1661 2603 1985 2678 cfedendam
2026 2603 2094 2656 ab

511 2683 630 2752 ipso
671 2689 794 2738 actu
839 2675 1113 2737 credendi.
1166 2697 1185 2728 σ
1212 2676 1455 2752 Sufﬁciat
1489 2675 1646 2752 nobis
1699 2675 2096 2752 dicerenunam

511 2741 885 2816 substantiam,
911 2757 1021 2806 tres
1058 2764 1337 2820 personas
1360 2747 1744 2820 subsistentes,
1790 2741 2054 2813 perfectas
2075 2784 2092 2808 ,

509 2823 763 2891 aequales,
793 2816 1179 2878 coaeternas....
1210 2817 1454 2891 Sttfficiat
1476 2816 1632 2871 nobis
1659 2822 1959 2891 memorata
1971 2829 2097 2891 cret-

511 2883 728 2958 du'litas,
750 2883 786 2943 ἰ
822 2891 1002 2946 aiebat
1026 2888 1660 2958 sanctusllieronymus,
1675 2885 1917 2958 epistola!
1935 2883 2015 2958 πε
2028 2883 2099 2938 ad

513 2952 799 3018 Damasum
825 2976 1038 3032 papam,
1061 2975 1208 3014 num.
1238 2957 1292 3023 lt,
1329 2973 1397 3013 ex
1425 2952 1661 3032 editione
1675 2952 2099 3032 vallarsii._Cre:

514 3033 782 3088 dutitatem
821 3023 1096 3114 majorem,
1129 3045 1228 3100 pro
1256 3037 1405 3111 recta
1453 3027 1814 3114 ﬁdeac‘truq‘ue
1841 3023 2097 3114 eredep'di

512 3118 578 3158 ea
605 3118 723 3172 qua:
750 3119 782 3157 a
811 3094 1103 3172 majoribus
1130 3094 1456 3172 accepimus,
1475 3097 1610 3152 dixit
1636 3095 1820 3172 Xistus
1838 3110 1986 3172 papa
2007 3094 2093 3162 Ill,

513 3118 578 3158 ea
605 3118 723 3172 qua:
750 3119 782 3157 a
811 3111 1103 3157 ma'oribus
1131 3115 1456 3170 accepimus,
1475 3111 1610 3152 dum
1639 3111 1881 3220 iustusg

513 3173 569 3227 in
597 3173 824 3242 epistola
852 3119 919 3228 ad
937 3170 1199 3242 Joannem
1222 3170 1645 3242 Antiochenum,
1669 3166 1810 3242 apud
1857 3189 1881 3242 _«

514 3236 666 3309 tium,
693 3242 948 3314 Epistolte
969 3241 1336 3314 Romanorum
1348 3237 1686 3314 pontiﬁcum.
1705 3236 1737 3288 ι
1769 3236 1877 3314 Qui
1898 3237 2095 3291 crassi-

514 3307 700 3392 tudine
727 3307 961 3392 carnalis
997 3312 1206 3392 ingenii
1219 3307 1630 3392 passionisejus
1660 3307 2096 3392 mysteriacom-

513 3384 850 3454 prehendere
873 3399 978 3439 non
999 3377 1247 3454 valemt'te
1257 3399 1272 3447 ;
1289 3377 1786 3454 credulitaterectte
1807 3377 1948 3454 ﬁdeL
1977 3393 2098 3454 qua:

513 3447 780 3523 praestitit,
815 3462 1111 3523 teneamus.
1159 3473 1180 3504 ι
1217 3452 1308 3523 ita
1337 3459 1554 3506 sanctus
1600 3448 1864 3523 Maximus
1894 3447 2097 3523 _’_l‘auri-

512 3518 713 3591 nensis,
745 3539 996 3580 sermone
1023 3522 1091 3578 58
1119 3523 1186 3578 de
1214 3521 1498 3644 Tentpore,
1529 3528 1715 3590 aperte
1728 3518 2099 3574 credulitatem

513 3609 731 3644 sumens
752 3611 850 3644 nm
891 3595 1150 3644 interiore
1179 3601 1302 3644 actu
1367 3592 1480 3644 dei.
1532 3607 1640 3644 auo
1669 3589 1944 3644 religionis
1981 3606 2099 3644 mv-

513 3609 731 3666 sumens
752 3611 850 3666 pro
875 3595 1150 3666 interiore
1179 3601 1302 3649 actu
1329 3591 1480 3656 ﬁdei,
1532 3607 1640 3660 quo
1669 3591 1944 3657 religionis
1981 3606 2099 3661 my-

513 3666 678 3720 steria
703 3665 1070 3720 indubitanter
1097 3672 1362 3718 tenemus.

584 3735 692 3804 sed
729 3735 860 3804 nihil
881 3735 983 3790 hac
1009 3735 1064 3788 in
1092 3749 1153 3788 re
1179 3734 1434 3804 apertius,
1465 3730 1598 3804 nihil
1621 3729 1962 3804 enucleatius
1974 3745 2102 3804 san-

514 3813 604 3860 cto
631 3803 791 3858 Petro
818 3802 1152 3872 Chrysologo
1179 3798 1429 3858 sermone
1449 3799 1523 3872 760
1556 3801 1615 3872 in
1637 3801 1895 3872 editione
1929 3798 2100 3872 seba-

513 3875 674 3931 stiani
695 3873 864 3938 Pauli,
896 3861 985 3929 ubi
1007 3861 1134 3928 suos
1155 3873 1318 3928 veluti
1335 3871 1531 3940 gradus
1552 3871 1606 3924 in
1628 3869 1750 3925 ﬁdei
1771 3869 2103 3940 professione

514 3945 813 4007 constituit,
857 3951 912 3999 et
959 3945 1051 4000 ubi
1079 3942 1132 3997 in
1181 3957 1290 4011 quo
1329 3940 1616 3998 credulitas
1644 3941 1870 4011 locanda
1917 3941 2004 4008 sit,
2047 3949 2105 3996 et

515 4015 644 4085 quid
705 4016 883 4084 reipsa
947 4010 1234 4070 credulitas
1295 4012 1494 4085 valeat,
1556 4018 1740 4085 aperte
1803 4010 2098 4085 distinguit.

522 4081 549 4138 ἱ
577 4081 804 4150 Sermo;
823 4085 1012 4153 inquit,
1042 4091 1193 4139 creat
1232 4083 1494 4153 auditum,
1525 4081 1737 4153 auditus
1764 4081 2000 4153 concipit
2040 4081 2105 4134 ﬁ-

515 4156 658 4221 dem,
688 4151 1059 4211 creduliiatem
1105 4154 1336 4221 parturit
1363 4152 1515 4215 ﬁdes,
1549 4151 1941 4208 confessionem
1985 4167 2105 4208 cre-

516 4226 714 4281 dulitas
760 4227 958 4292 nutrit;
988 4222 1256 4280 confessio
1301 4231 1619 4292 perpetuam
1660 4222 1754 4277 dat
1791 4223 2040 4278 salutem.
2077 4242 2096 4276 ι

516 4295 818 4351 Credulitas
837 4296 1019 4364 itaque
1051 4305 1134 4351 est
1157 4310 1274 4364 qua!
1305 4293 1480 4359 fidem,
1509 4294 1690 4348 animo
1711 4294 1896 4360 semel,
1920 4307 1984 4349 ex
2009 4309 2106 4348 au-

517 4366 630 4420 ditu
658 4374 992 4433 conceptam,
1021 4381 1240 4422 assensu
1269 4365 1458 4419 intimo
1487 4364 1824 4433 amplexatur
1849 4372 1905 4418 et
1924 4365 2106 4433 sequi-

523 4443 626 4500 tur;
652 4445 707 4490 et
726 4435 1118 4491 confessionem
1135 4436 1257 4491 inde
1277 4451 1372 4490 ore
1388 4435 1738 4505 promendam
1760 4435 2030 4505 antecedit
2050 4443 2108 4490 et

521 4506 716 4576 nutrit;
747 4506 977 4574 ideoque
1005 4516 1088 4576 est
1114 4506 1330 4576 proprie
1367 4504 1520 4561 actus
1551 4505 1794 4560 internus
1822 4504 1976 4576 fidei,
1995 4521 2103 4574 quo

519 4557 682 4646 isis
702 4557 980 4632 etiam;
1005 4557 1487 4646 sentiebas;
1497 4557 1848 4646 essent;
1876 4557 2027 4646 uniti?
2037 4557 2106 4631 5a
2132 4557 2182 4615 Ι)

521 4644 913 4702 confessionem
953 4644 1230 4702 externam
1255 4646 1486 4716 venitur.
1518 4644 1654 4716 ῌίιιο
1673 4646 1928 4716 prteclare
1950 4645 2106 4701 Nice-

520 4724 606 4771 tas
633 4718 687 4772 in
715 4716 1106 4786 Explanatione
1125 4716 1322 4781 aiebat,
1345 4715 1488 4785 quod
1513 4714 1648 4770 Bene
1665 4714 1846 4786 incipit
1872 4733 1903 4769 a
1925 4716 2107 4769 credu-

520 4787 666 4841 litate
705 4787 977 4858 confessio,
1010 4786 1062 4841 id
1109 4793 1194 4858 est
1237 4787 1306 4841 ab
1336 4786 1534 4858 intima;
1567 4786 1730 4840 animi
1759 4787 2106 4858 persuasione

519 4873 626 4928 qua
655 4856 1016 4912 indubitanter
1052 4857 1322 4928 credimus
1349 4864 1404 4911 et
1432 4856 1587 4928 unde
1611 4873 1717 4911 vox
1743 4857 1893 4928 credo
1921 4872 2105 4928 erum-

521 4926 619 4999 pit,
643 4927 1030 4999 qua_exterius
1055 4927 1376 4984 confitemur
1402 4927 1546 4995 quod
1575 4926 1717 4999 intus
1747 4927 1799 4999 in
1829 4927 1992 4999 corde
2020 4934 2105 4999 te-

521 4997 730 5080 nemus.
755 4997 1020 5080 {melare
1037 5012 1260 5080 quoque
1274 5004 1473 5080 gentes
1483 4997 1880 5080 credulasdixit
1905 5012 2023 5080 qua:
2049 4998 2106 5052 in

521 5069 740 5124 nomine
767 5066 940 5123 Patris
971 5077 1028 5124 et
1055 5066 1180 5123 Filii
1215 5066 1294 5124 et,
1315 5067 1544 5138 Spiritus
1570 5068 1741 5123 sancti
1769 5076 1947 5122 essent
1975 5068 2109 5136 bap-

521 5140 774 5210 tizandte;
805 5139 1052 5194 credulas
1081 5154 1293 5210 nempe,
1315 5137 1424 5194 neu
1471 5137 1538 5192 ab
1576 5138 1754 5208 aliqua
1783 5139 1837 5192 in
1863 5153 2108 5210 assensu

521 5209 811 5280 praebendo
851 5224 947 5264 seu
974 5209 1218 5279 praestita
1255 5210 1489 5273 levitate,
1521 5225 1631 5280 non
1669 5225 1699 5280 a
1738 5209 2108 5280 quadam_opi-

525 5278 684 5335 nandi
713 5279 924 5334 ratione
951 5278 1274 5335 haesitationi
1302 5280 1460 5334 simul
1489 5279 1743 5343 obnoxia,
1774 5279 1870 5334 sed
1898 5295 1930 5333 a
1952 5278 2103 5334 ﬁrma

525 5351 748 5407 interius
775 5348 906 5412 ﬁde,
938 5365 1057 5419 qua:
1085 5351 1481 5406 confessionem
1521 5349 1866 5418 prtecederet,
1901 5348 1966 5404 ad
2003 5351 2103 5406 ba-

523 5422 780 5492 ptismum
795 5421 1204 5492 suscipiendum
1225 5420 1602 5492 necessariam.

595 5491 723 5573 Hoe
755 5490 915 5573 plane
943 5507 1104 5573 sensu
1155 5490 1473 5573 credulitatis
1521 5505 1626 5544 vox
1679 5490 1842 5573 etiam
1867 5491 2104 5573 inmactis

525 5560 806 5632 Liturgicis
865 5562 1133 5617 invenitur
1177 5569 1446 5632 usurpata
1513 5578 1524 5613 ε
1589 5560 1730 5632 unde
1791 5562 1842 5615 in
1907 5561 2102 5618 Missali

525 5631 800 5703 Gallicano
829 5633 1015 5697 veteri,
1049 5633 1102 5686 in
1129 5631 1307 5703 ofﬁcio
1327 5631 1637 5687 traditionis
1661 5631 1930 5703 Symboli,
1963 5633 2106 5702 apud

526 5702 876 5758 Muratorium
925 5703 1159 5770 Liturgia
1213 5702 1452 5756 Romana
1499 5709 1652 5756 vetus
1700 5701 1847 5757 tomo
1876 5701 1944 5766 ll,
1996 5701 2098 5757 col.

529 5771 630 5828 710
652 5773 783 5829 alias
823 5775 1000 5829 citatas
1040 5774 1287 5828 editionis
1330 5774 1545 5828 Veneta:
1586 5772 1820 5838 in—folio,
1865 5774 1938 5828 ita
1980 5773 2105 5842 legi-

2194 495 2602 568 compendium;
2634 495 2726 550 ubi
2752 493 3024 568 imbecilla
3046 509 3198 568 mens
3226 509 3421 568 capere
3459 505 3786 568 nonrpotest

2192 566 2714 636 cmlestesecretum.
2747 585 2766 617 ›
2793 564 3173 636 Mentisigitur
3191 565 3331 636 actic
3360 572 3443 636 est
3466 564 3784 636 credulitas,

2191 650 2310 704 qua:
2331 634 2598 709 imbecilla;
2624 635 3258 709 menti__subsidip_datur._
3284 633 3390 709 S_ed
3420 637 3624 709 clarius
3652 633 3789 709 quo;

2193 721 2300 774 que
2328 706 2380 760 in
2410 706 2680 763 veteribus
2706 705 2977 761 codicibus
3007 704 3289 775 Liturgicis
3317 705 3576 764 Ecclesia
3615 704 3788 775 Aqui-

2192 775 2407 831 leiensis
2435 777 2576 846 apud
2603 777 2680 831 De
2707 775 2907 831 Rubeis
2924 818 2939 842 ,
2969 775 3346 833 dissertatione
3371 777 3441 834 de
3467 778 3659 836 Sacris
3683 775 3790 837 Fo—

2191 847 2562 915 rojuliensium
2609 846 2820 901 Ritibus
2865 847 3041 917 capite
3081 846 3166 901 11.
3208 847 3286 903 lbi
3329 850 3474 904 enim
3513 851 3569 904 in
3607 849 3790 908 ofﬁcio

2192 918 2454 1000 serutinii,
2485 917 2632 1000 quod
2659 917 3642 1000 appellaturinauriumnaperitio‘tte,
3675 921 3792 977 hac

2193 987 2261 1040 ad
2300 995 2666 1056 competentes
2692 987 2937 1043 invitatio
2967 987 3128 1043 ﬁebat
3160 1006 3174 1042 :
3213 1008 3231 1040 ‹
3267 987 3476 1055 Venite,
3697 1006 3789 1048 ve-

2193 1057 2324 1128 nite,
2357 1059 2481 1127 quia
2510 1058 2659 1112 venit
2687 1067 2898 1128 tempus
2926 1057 3080 1122 ﬁdei,
3111 1059 3444 1117 credulitatis
3471 1061 3624 1127 dies,
3656 1077 3790 1118 con-

2192 1125 2438 1202 fessionis
2466 1129 2618 1202 hora:
2659 1147 2696 1202 DD
2725 1125 2928 1202 Deinde
2956 1129 3152 1202 ibidem
3167 1131 3233 1202 in
3271 1125 3626 1202 subsequenti
3673 1129 3789 1202 Ez-

2193 1200 2446 1270 positione
2465 1197 2736 1270 Symbroli:
2767 1218 2785 1250 ‹
2821 1198 2877 1254 Si
2908 1199 3200 1270 credidisti,
3225 1201 3332 1255 noli
3361 1197 3638 1258 dubitare.
3669 1201 3792 1258 Noli

2193 1268 2373 1324 facere
2402 1269 2469 1323 de
2509 1268 2827 1324 credulitate
2867 1269 3162 1328 perfidiam.
3195 1270 3312 1326 Noli
3341 1272 3534 1328 vitium
3577 1273 3794 1328 sociare

2192 1339 2397 1413 virtuti.
2421 1359 2448 1413 Δι
2467 1409 2479 1413 _
2501 1337 2581 1394 En
2627 1339 2727 1413 hie
2759 1337 3148 1413 credulitatem,
3181 1340 3247 1396 ad
3274 1357 3491 1398 sensum
3524 1341 3793 1413 Chryso-

2193 1409 2322 1478 logi,
2353 1425 2383 1462 a
2415 1408 2516 1462 ﬁde
2530 1417 2585 1465 et
2599 1410 2934 1466 confessione
2955 1410 3289 1465 distinctam:
3313 1427 3381 1468 en
3409 1408 3792 1468 credulitatem

2195 1480 2448 1564 virtutem
2476 1479 2704 1564 dictam,
2737 1489 2793 1535 et
2821 1482 2888 1564 ab
2917 1481 3064 1564 o-tnni
3089 1496 3312 1564 prorsus
3339 1481 3793 1564 dubitationem-

2194 1559 2443 1604 scretam.
2474 1546 2813 1606 Clarissimus
2833 1551 2909 1606 De
2939 1546 3140 1606 Rubeis
3169 1552 3554 1608 animadvertit
3591 1552 3795 1607 ibidem

2195 1620 2372 1689 capite
2401 1618 2485 1681 l2,
2515 1618 2856 1688 Aquileiense
2883 1622 3198 1676 scrutinium
3238 1624 3580 1689 praecitatum
3600 1665 3616 1688 ,
3652 1621 3794 1677 idem

2196 1689 2364 1762 ferme
2388 1705 2507 1762 esse
2529 1691 2751 1762 acillud
2771 1691 2990 1762 quodin
3012 1693 3198 1748 codice
3218 1689 3508 1749 Gelasiano
3535 1694 3791 1748 habetur.

2199 1759 2397 1814 Verum
2421 1760 2481 1833 in
2520 1759 2808 1833 Gelasiano
2835 1761 3040 1828 codice,
3073 1763 3214 1832 apud
3243 1763 3604 1820 Muratorium
3629 1777 3798 1833 opere

2197 1846 2358 1900 supra
2386 1830 2554 1885 citato
2580 1831 2731 1887 deest
2757 1833 2977 1905 omnino
3006 1830 3124 1887 tum
3146 1833 3391 1905 invitatio
3421 1830 3692 1905 praedicta
3721 1832 3794 1905 ad

2196 1909 2584 1974 competentes,
2613 1910 2768 1974 tum,
2807 1904 3140 1974 subsequens
3193 1903 3437 1974 Synhali
3478 1903 3792 1974 Equsitio,

2195 1971 2287 2044 u_bi
2325 1971 2656 2044 credulitatis
2683 1973 2847 2044 266
2872 1973 3075 2044 mentio
3105 1981 3205 2028 est.
3239 1971 3438 2041 Quidni
3478 1991 3552 2031 ex
3571 1971 3796 2028 'Nicetat

2195 2039 2584 2114 Explqnatione
2613 2039 2847 2113 SyFiEoli
2873 2044 2938 2114 in,
2957 2039 3350 2112 Aquileiensem
3379 2045 3663 2114 liturgiam
3691 2059 3796 2114 vox

2197 2111 2512 2167 credulitatis
2540 2111 2869 2168 manaverit?
2896 2111 3034 2168 Haec"
3049 2121 3229 2169 tamen
3269 2115 3460 2170 eadem
3493 2111 3609 2170 vox
3639 2121 3698 2168 et
3743 2113 3794 2168 in

2197 2180 2455 2236 Romanis
2483 2180 2770 2238 Ordinibus
2796 2184 3068 2238 veteribus
3097 2185 3275 2240 locum
3295 2185 3505 2251 habuit,
3539 2194 3599 2241 et
3633 2183 3799 2240 hodie

2195 2265 2413 2326 quoque
2458 2268 2563 2306 non
2605 2255 2773 2326 semel
2821 2254 3019 2326 legitur
3057 2254 3198 2310 inter
3225 2271 3414 2326 preces
3445 2254 3686 2310 Romani
3732 2254 3798 2308 ri-

2197 2328 2284 2376 tus
2311 2322 2402 2390 qui
2440 2325 2797 2379 communiter
2827 2322 3036 2380 obtinet
3062 2340 3126 2380 ac
3150 2322 3315 2380 etiam
3357 2327 3413 2380 in
3443 2326 3794 2382 administra-

2197 2393 2345 2446 tione
2373 2393 2731 2461 baptismatis.

2268 2462 2349 2516 Ad
2376 2462 2537 2517 aliam
2582 2479 2729 2537 nunc
2751 2465 3091 2537 pigicedimus
3135 2465 3334 2522 Nicetze
3363 2466 3537 2537 nostri
3582 2464 3786 2537 doctri-

2197 2547 2344 2607 nam,
2385 2547 2568 2607 quam
2596 2533 2768 2607 tradit
2798 2533 3205 2607 Exptanationis
3250 2537 3430 2607 capite
3477 2536 3542 2607 6,7
3579 2536 3664 2591 ubi
3713 2534 3786 2590 de

2198 2547 2341 2598 nam,
2385 2547 2546 2656 quam
2596 2547 2759 2590 tradit
2798 2547 3205 2606 bxptanatioms
3250 2547 3430 2607 capite
3477 2547 3531 2601 6,
3579 2547 3664 2591 ubi
3713 2547 3786 2590 de

2198 2599 2439 2673 Symboi
2470 2604 2699 2659 articulo
2725 2607 2834 2678 agjt
2858 2604 3038 2678 elude
3065 2615 3304 2678 venturus
3344 2617 3421 2664 est
3443 2606 3687 2678 judicare
3703 2607 3787 2658 ei-

2197 2689 2286 2747 eos
2312 2681 2365 2747 et
2407 2683 2654 2747 mertuos.
2695 2695 2712 2727 ι
2765 2675 2958 2743 Crede,
3010 2676 3200 2747 inquit,
3241 2675 3497 2747 quoniam
3540 2677 3626 2731 hic
3663 2676 3797 2747 ipse

2198 2740 2442 2816 Christus
2471 2744 2729 2801 Dominus
2753 2740 3146 2802 noster'veni'et
3165 2740 3288 2802 cum
3311 2749 3518 2816 angelis
3540 2757 3596 2801 et
3621 2740 3798 2800 virtu-

2202 2813 2342 2870 tibus
2363 2830 2562 2887 _eorum
2593 2822 2703 2870 tam
2730 2817 2881 2874 vivos
2907 2833 3070 2886 quam
3092 2817 3221 2872 olim
3260 2813 3503 2874 mortuos
3522 2817 3796 2887 jtidicarc.

2199 2891 2272 2958 ut
2286 2884 2473 2939 reddat
2500 2885 2723 2954 singulis
2749 2884 3043 2944 secundlun
3082 2903 3247 2958 opera
3275 2903 3484 2944 eorum.
3525 2884 3552 2938 ἰ
3601 2885 3798 2958 Ἶφιζὺὶξ

2198 2953 2322 3041 illis,
2359 2964 2479 3041 Διιιζξι
2527 2953 2844 3041 virosque»:
2889 2959 3013 3041 olim
3050 2953 3278 3041 mortuos
3320 2958 3578 3041 judicare,
3618 2955 3800 3011 videri

2197 3033 2379 3094 potest
2416 3025 2628 3099 Hicetas
2650 3025 2864 3096 docere,
2898 3029 2964 3084 ad
2993 3029 3296 3086 universale
3317 3025 3574 3099 judicium
3599 3041 3798 3099 acces-

2200 3109 2379 3169 suros,
2407 3097 2610 3169 absque
2656 3095 3246 3169 morte’prrecedente,
3289 3095 3384 3154 eos
3431 3113 3566 3168 quos
3591 3097 3651 3169 in
3687 3095 3802 3152 fine

1875 3173 2100 3239 oustan-
2124 3175 2172 3239 α
2201 3167 2387 3222 mundi
2418 3166 2614 3239 jndicis
2642 3166 2904 3224 adventus
2941 3171 3092 3224 vivos
3131 3171 3391 3239 repererit
3422 3166 3608 3239 {quod
3637 3175 3804 3223 certe

2201 3250 2232 3290 a
2259 3238 2531 3308 communi
2577 3240 2839 3295 sentiendi
2886 3241 3096 3295 ratione
3125 3238 3358 3296 alienum
3387 3239 3799 3308 cognoscimus,

2200 3321 2307 3375 qua
2353 3306 2609 3364 docemur
2635 3310 2966 3366 subeundam
2997 3327 3117 3367 esse
3161 3310 3228 3364 ab
3275 3306 3521 3367 omnibus
3562 3309 3802 3364 omnino

2200 3376 2506 3452 hominibus
2532 3383 2722 3452 mortis
2749 3397 2995 3452 poenam;
3019 3390 3074 3437 et
3094 3396 3282 3438 omnes
3301 3395 3517 3452 quoque
3538 3380 3803 3452 homines

2195 3446 2350 3515 juxta
2398 3446 3164 3520 Apostolumfresurrecturos
3211 3446 3350 3514 esse,
3380 3446 3519 3520 quod
3569 3449 3802 3520 nonnisi

2203 3527 2376 3594 morte
2424 3519 2818 3594 interveniente
2863 3521 2981 3594 fieri
3032 3528 3232 3594 potest.
3264 3519 3514 3578 Doctrina
3565 3519 3805 3594 quidem

2202 3587 2399 3662 Nicetzc
2429 3592 2595 3646 nostri
2623 3587 3052 3662 explicationem
3065 3592 3298 3662 aliquam
3329 3608 3434 3648 non
3459 3587 3680 3662 prorsus
3703 3591 3800 3662 in-

2201 3657 2308 3712 vita
2334 3667 2624 3736 pateretur,
2656 3657 2762 3732 qua
2790 3663 3037 3718 eumdem
3078 3657 3393 3736 concepisse
3438 3657 3612 3736 a'nimq
3629 3660 3798 3736 judi-

2203 3745 2468 3795 caremus,
2492 3733 2626 3788 vivos
2647 3729 2762 3800 eos,
2783 3748 2919 3803 quos
2945 3735 3190 3790 nominat
3219 3729 3491 3803 e'regione
3517 3739 3573 3787 ut
3597 3729 3670 3784 ita
3703 3729 3795 3786 di—

2204 3815 2324 3853 cam
2344 3815 2464 3856 cum
2494 3804 2616 3858 otim
2642 3806 2875 3869 mortuis,
2903 3820 3008 3858 non
3036 3805 3186 3874 prius
3223 3805 3289 3860 ad
3314 3803 3567 3874 judicium
3591 3816 3791 3874 aeges-

2206 3886 2395 3944 suros,
2410 3885 2571 3944 quam
2609 3882 2838 3930 mortem
2867 3883 2920 3929 et
2942 3873 3070 3944 ipsi,
3102 3875 3230 3929 licet
3257 3873 3326 3930 ad
3349 3873 3644 3944 modicum,
3679 3873 3800 3944 un-

2205 3956 2294 3995 mo
2327 3941 2400 4016 ad
2426 3943 2704 4016 minimum
2746 3941 3005 4016 temporis
3051 3944 3303 4016 spatium,
3335 3943 3682 4014 pertulerint;
3721 3942 3800 3995 ita

2206 4019 2272 4084 ut
2291 4013 2387 4066 vivi
2434 4012 2509 4066 illi
2537 4029 2662 4068 mox
2707 4012 2952 4070 morituri
2999 4012 3380 4084 intelligantur,
3429 4021 3484 4068 ut
3511 4028 3616 4067 una
3642 4028 3796 4084 tcum

2205 4083 2330 4157 aliut
2365 4085 2578 4138 mortuis
2616 4091 2672 4139 et
2699 4085 2798 4157 ipsi
2839 4101 3054 4157 quoque
3095 4083 3260 4157 nuper
3304 4087 3516 4151 mortui,
3559 4083 3804 4139 redivivi

2206 4101 2330 4136 cum
2365 4101 2578 4138 mortuis
2616 4101 2716 4139 eti
2755 4101 2798 4139 su
2839 4101 3054 4156 quoque
3095 4103 3260 4157 nuper
3304 4105 3314 4140 ι

2206 4152 2422 4225 tandem
2451 4168 2639 4225 omnes
2669 4101 2752 4210 adp
2758 4155 3016 4225 judicium
3037 4158 3314 4212 sistantur.

2278 4222 2702 4297 Veruthicetze
2723 4222 2986 4291 doctrina,
3010 4229 3172 4282 etiam
3195 4227 3366 4297 priori
3394 4235 3460 4297 et
3475 4225 3634 4279 obvio
3667 4240 3812 4280 ver-

2205 4293 2398 4368 borum
2435 4293 2575 4368 illius
2602 4310 2764 4368 sensu
2792 4306 3012 4368 accepta
3030 4341 3045 4364 ,
3068 4293 3426 4368 explicatione
3452 4296 3537 4350 hic
3567 4297 3816 4368 non_in-

2205 4363 2368 4436 diget,
2401 4365 2494 4419 sed
2534 4365 2862 4423 defensione.
2887 4363 2942 4422 lu
2966 4363 3260 4424 rescilicet
3279 4381 3563 4436 numquam
3586 4366 3658 4420 ab
3689 4365 3812 4423 Ec-

2207 4435 2368 4491 clesia
2397 4436 2652 4508 peculiari
2675 4453 2882 4492 canone
2909 4437 3146 4504 definita,
3190 4448 3353 4508 atque
3381 4435 3512 4508 tunc
3550 4437 3819 4508 maxime

2208 4505 2463 4579 temporis
2492 4506 2544 4560 in
2575 4516 2856 4578 utramque
2899 4517 3107 4579 partem
3139 4505 3370 4578 agitata,
3396 4507 3543 4564 licuit
3588 4506 3818 4564 Niceta:

2206 4575 2536 4650 doctrina_m,_
2551 4592 2645 4650 seu
2691 4575 2872 4650 poiius
2900 4575 3207 4650 opinionem
3249 4588 3437 4650 tenere
3472 4593 3533 4633 ac
3573 4579 3818 4650 tradere

2206 4661 2374 4719 quam
2410 4647 2736 4719 clarissimus
2781 4647 3008 4705 Toutfée
3059 4667 3089 4706 e
3135 4649 3545 4719 congregatione
3599 4647 3820 4719 Sancti

2207 4715 2396 4791 Mauri,
2429 4716 2484 4770 in
2529 4719 2894 4775 natationibus
2935 4721 3000 4775 ad
3030 4715 3272 4776 sanctum
3303 4715 3555 4791 C'yrillum
3575 4718 3822 4791 Hiem-

2207 4787 2585 4859 solymitanum
2639 4804 2669 4843 a
2715 4805 2774 4845 se
2809 4791 3164 4858 illustratum,
3212 4791 3279 4845 ad
3325 4787 3640 4859 catechesim
3709 4791 3818 4859 15,

2207 4856 2372 4933 num:
2397 4856 2494 4924 25,
2534 4859 2713 4933 aiebat
2739 4876 3080 4917 communem
3109 4856 3416 4933 opinionem
3445 4876 3561 4916 esse
3589 4856 3822 4933 graecis

2209 4926 2457 4982 Patribus
2485 4937 2540 4983 et
2567 4928 2879 5003 Latinprum
2913 4926 3490 5003 quoque'permultis:
3527 4950 3544 4981 ι
3592 4931 3822 4990 Multos

2209 5013 2404 5067 nempe
2432 4999 2668 5055 secundo
2711 4999 3190 5058 Domini‘adv'entu'
3213 5002 3388 5058 adhuc
3414 5002 3649 5057 viventes
3705 5003 3823 5061 de-

2207 5069 2532 5142 prehensum
2560 5070 2642 5135 iri,
2667 5079 2722 5125 et
2751 5087 2854 5126 una
2882 5088 3003 5127 cum
3025 5073 3276 5142 redivivis
3297 5072 3412 5142 ejus
3431 5071 3652 5141 judicio,
3683 5089 3822 5132 non

2209 5140 2360 5208 prius
2404 5140 2548 5194 obita
2601 5149 2794 5206 morte,
2844 5141 3132 5198 sistendos.
3163 5163 3180 5195 ι
3215 5141 3289 5198 Ut
3329 5140 3548 5198 ‘Graécos
3601 5143 3823 5202 Patres

2211 5210 2541 5284 emittamus,
2574 5226 2673 5284 pro
2701 5213 2896 5284 quibus
2923 5211 3169 5269 sufficere
3196 5221 3378 5284 potest
3405 5215 3541 5284 idem
3570 5225 3824 5273 sanctus

2207 5278 2734 5353 Cyrilluscate—chesi
2762 5282 2946 5353 citata,
2986 5298 3107 5352 quae
3134 5278 3218 5340 esi
3263 5283 3332 5339 de
3353 5283 3552 5352 judicio
3579 5294 3823 5353 postre-

2208 5366 2318 5425 mo,
2341 5350 2458 5425 Aubi
2505 5351 2694 5406 eodem
2743 5369 2888 5407 num.
2915 5351 2993 5425 25
3007 5350 3367 5425 apertissime
3397 5353 3520 5408 huic
3567 5350 3824 5412 inhaeret

2209 5421 2468 5494 opinioni,
2500 5430 2770 5494 tamquam
2801 5424 3015 5494 penitus
3042 5421 3352 5494 explorans,
3387 5425 3601 5492 suisque
3639 5427 3822 5482 audi-

2206 5493 2415 5564 toribus
2462 5493 2690 5564 omnino
2710 5493 3032 5564 perspecta;
3065 5493 3309 5552 nonnihil
3349 5495 3704 5550 immoremur
3742 5498 3820 5552 il-

2208 5563 2541 5638 lustrationis
2560 5563 2729 5638 gratia
2762 5565 2815 5618 in
2836 5563 3046 5638 Latinis
3062 5609 3077 5632 ,
3109 5573 3170 5638 ut
3195 5566 3395 5622 Nicette
3421 5565 3589 5622 nostri
3615 5567 3819 5638 expli-

2207 5634 2348 5708 catio
2377 5633 2444 5687 ab
2473 5634 2618 5686 omni
2645 5649 2871 5708 censura
2900 5636 3151 5692 immunis
3195 5645 3468 5708 appareat.

2278 5704 2506 5778 Sanctus
2525 5713 2672 5758 certe
2684 5702 3045 5778 Augustinus,
3071 5708 3127 5762 in
3156 5702 3293 5762 libro
3314 5707 3382 5763 de
3406 5707 3534 5762 Fide
3561 5715 3622 5778 et
3637 5706 3821 5778 Sym-

2208 5775 2350 5840 bolo,
2383 5790 2543 5845 quem
2591 5775 2806 5848 scripsit
2856 5777 3029 5834 adhuc
3073 5779 3356 5849 presbyter
3390 5795 3531 5834 anno
3577 5775 3821 5839 circiter
