4004 6366
285 325 426 387 1113

987 325 1048 382 P.
1090 325 1369 383 BRAIDE
1407 325 1858 384 DlSSERTATlO
1894 325 1964 385 lN
2001 327 2062 385 S.
2102 328 2426 389 NICETAM.
2457 361 2528 376 -
2554 335 2710 392 CAP.
2752 335 2822 392 Χ.

3424 341 3563 398 1114

280 443 423 510 395,
456 443 632 516 capite
659 441 693 498 8
721 442 808 521 ita_
833 441 1103 521 scribebat
1134 460 1147 496 :
1186 461 1205 494 ι
1247 439 1543 521 Credimus
1559 439 1722 521 etiam
1747 439 1871 495 inde
1894 444 1950 504 Α
1972 440 2062 521 illa
2083 445 2247 521 verba
2275 448 2598 521 excutienda
2619 457 2780 521 erunt
2801 449 2904 520 (Ad
2926 447 3262 520 Corinthios),
3285 457 3560 521 quomodo

279 511 549 572 uenturum
585 513 1092 570 convenientissima
1133 524 1396 583 tempore,
1436 520 1494 584 et
1513 511 1868 584 judicaturum

278 589 418 643 uiuos
441 597 490 642 et
509 595 755 643 mortuos.
787 585 912 641 Sive
941 585 1056 640 istis
1086 585 1390 640 nominibus
1426 583 1557 653 justi
1585 591 1640 638 et
1676 599 1868 653 pecca-

275 665 431 714 tores
476 655 874 729 signiﬁcentur;
903 657 1016 712 sive
1051 670 1190 729 quos
1231 664 1359 729 tunc
1385 662 1511 729 ante
1552 663 1782 729 mortem
1809 655 1865 711 in

273 729 438 783 terris
466 725 782 784 inventurus
807 737 908 792 est,
941 725 1194 798 appellati
1215 727 1324 781 sint
1350 726 1487 798 vivi,
1508 725 1717 798 mertui
1735 733 1866 798 vero

269 800 372 869 qui
395 801 450 855 in
475 801 591 870 ejus
616 799 855 870 adventu
867 795 1221 870 resurreeturi
1239 806 1384 852 sunt.
1417 817 1435 849 ι
1468 797 1525 851 In
1553 795 1864 870 _Ench_iridio

268 867 599 942 Quoque'de
636 869 794 935 Fide,
824 868 934 942 Spe
984 867 1386 942 et_Charitate,
1427 868 1578 942 quod
1605 867 1864 938 scriptum

273 937 545 1013 iudicatur
594 949 719 1013 post
743 937 944 1013 annum
974 938 1096 1013 ιξο,
1129 949 1224 1013 aut
1267 937 1461 995 eodem
1509 939 1673 1013 etiam
1713 937 1862 1013 anne

357 1027 389 1092 _c
414 1011 578 1092 habet
596 1009 780 1092 capite
807 1011 878 1066 55
898 1029 922 1092 _:
962 1031 980 1063 ‹
1019 1011 1237 1092 Duobus
1270 1018 1460 1092 autem.
1477 1009 1652 1092 modis
1691 1009 1862 1092 accipi

261 1087 471 1150 potest,
513 1083 659 1150 quod
671 1080 833 1139 vivos
860 1089 915 1136 et
942 1089 1183 1138 mortuos
1205 1080 1468 1150 judicabit
1497 1099 1510 1133 :
1555 1080 1669 1136 sive
1697 1088 1756 1135 ut
1782 1080 1861 1135 vi-

261 1165 368 1223 vos
396 1151 775 1223 intelligamus,
802 1169 940 1223 quos
969 1153 1056 1208 hic
1081 1151 1314 1208 nondum
1345 1159 1606 1223 mortuos,
1642 1152 1737 1207 sed
1761 1151 1858 1207 ad-

261 1219 377 1277 huc
407 1223 463 1278 in
491 1219 596 1279 ista
619 1239 783 1280 carne
801 1219 1042 1279 viventes
1070 1224 1385 1279 inventurus
1413 1229 1497 1278 est
1523 1221 1639 1292 ejus
1660 1223 1861 1279 adven-

259 1298 386 1372 tus;
419 1302 662 1372 mortuos
690 1302 870 1372 autem
897 1295 990 1372 qui
1017 1294 1086 1372 d_e
1117 1309 1366 1372 corpore,
1395 1293 1545 1372 prius
1580 1308 1742 1372 quam
1765 1308 1859 1350 ve-

260 1363 400 1430 niat,
446 1365 695 1421 exierunt
742 1367 828 1420 vel
865 1363 1060 1422 exituri
1105 1363 1231 1420 sunt
1263 1382 1278 1418 :
1308 1363 1422 1419 sive
1467 1365 1619 1418 vivos
1659 1363 1854 1433 justos,

258 1443 516 1508 mortuos
556 1444 737 1492 autem
777 1437 1036 1508 injustos;
1067 1435 1324 1508 quoniam
1369 1435 1526 1508 267
1563 1433 1694 1508 justi
1722 1451 1860 1508 quo-

257 1517 371 1576 gue
392 1505 797 1576 judicabuntur.
828 1505 845 1559 ἱ
871 1507 950 1562 Ita
977 1515 1196 1562 sanctus
1220 1505 1546 1574 Augustinus
1574 1505 1858 1562 articulum

255 1573 509 1648 Symboli
528 1577 596 1634 de
611 1577 815 1648 judicio
842 1576 1022 1633 futuro
1049 1577 1293 1631 vivorum
1312 1573 1375 1632 et
1395 1584 1730 1648 mortuorum
1757 1593 1854 1632 ex-

253 1646 529 1716 plicabat;
565 1646 625 1703 ut
651 1649 853 1719 absque
883 1648 992 1704 ulla
1020 1663 1246 1702 censura
1279 1648 1508 1719 liberum
1539 1646 1734 1716 cuique
1770 1663 1856 1704 es-

253 1725 344 1773 set
371 1720 621 1774 vivorum
649 1717 868 1775 nomine
895 1719 1353 1789 comprehendere
1382 1717 1547 1789 etiam
1585 1733 1682 1773 eos
1718 1733 1856 1788 quos

255 1789 422 1871 vivos
435 1800 738 1860 postremus
763 1789 963 1846 Christi
992 1788 1253 1871 adventus
1281 1788 1536 1871 aliendet,
1559 1789 1758 1871 quique
1770 1790 1853 1871 .ad

248 1859 517 1928 judicium
557 1875 662 1915 una
715 1876 838 1916 cum
883 1861 1112 1916 mortuis
1163 1860 1434 1916 suscitatis
1487 1859 1698 1914 venturi
1739 1861 1847 1916 sint

249 1929 465 2001 absque
490 1939 682 1987 morte.

324 2001 468 2073 Rem
512 2002 858 2058 nihilominus
903 2003 1030 2058 data
1070 2003 1364 2073 occasione
1398 2001 1634 2073 penitius
1679 2002 1852 2072 inqui-

249 2071 485 2145 rendam
529 2073 644 2145 sibi
679 2081 1054 2145 proposuerat?
1073 2083 1310 2145 sanctus
1335 2071 1558 2139 doctor;
1606 2071 1850 2145 quodet

248 2141 416 2215 fecit,
455 2141 1005 2215 epistola'praasertim
1037 2141 1653 2215 193iadAMercatorem,‘
1665 2144 1848 2215 capite

244 2211 300 2287 ξ,
333 2229 462 2287 quae
488 2211 558 2270 ad
583 2211 780 2271 annum
811 2217 1045 2287 pertinet
1073 2214 1202 2287 MS,
1225 2213 1420 2287 deinde
1447 2220 1502 2269 et
1521 2213 1588 2268 de
1614 2211 1847 2287 Civiiate

249 2282 521 2340 Dei’libro
546 2302 615 2340 xx
639 2327 656 2351 ,
699 2282 874 2358 capite
901 2302 1118 2357 quoque
1144 2285 1234 2352 20,
1265 2286 1359 2355 qui
1388 2285 1550 2358 lib_er,_
1573 2292 1637 2358 ut
1673 2285 1846 2358 c_o_nji-

245 2369 378 2427 cere
415 2371 704 2426 possumus
739 2354 807 2413 ex
837 2358 902 2413 iis
919 2354 1045 2427 'quai
1090 2354 1354 2427 annotant
1391 2356 1503 2427 suis
1537 2354 1668 2427 locis
1697 2354 1845 2427 Mau-

387 2425 624 2483 editores
635 2468 656 2499 γ,
683 2435 806 2499 post
839 2425 1036 2484 annum
1067 2436 1215 2484 certe
1243 2425 1350 2499 425
1375 2426 1611 2499 scriptns
1637 2425 1844 2499 fuit.‘ln

245 2495 338 2569 illa
368 2512 534 2567 porro
562 2495 806 2569 epistola,
839 2499 1014 2554 allatis
1043 2498 1288 2569 Apostoli
1310 2495 1529 2569 verbis]
1554 2495 1843 2552 Thessalo-

243 2566 631 2650 nicensiumuiv
665 2587 678 2622 :
709 2568 901 2650 Et‘nos
935 2566 1280 2650 vivattee_gui
1310 2568 1493 2650 reliqui
1519 2583 1728 2650 sumus,
1769 2569 1844 2650 δ’ἔ-

242 2639 359 2692 mul
393 2655 510 2694 cum
541 2639 647 2696 illis
682 2641 942 2711 rapiemur
968 2641 1023 2711 in
1062 2633 1278 2694 nubibus
1318 2633 1519 2711 obvium
1547 2633 1752 2693 Christo
1783 2639 1841 2692 in

239 2724 396 2782 aera,
425 2711 568 2782 etiita
596 2708 794 2782 semper
815 2728 935 2782 cum,
962 2708 1187 2765 Domino
1210 2710 1563 2782 ierimus,th
1590 2723 1690 2778 pro
1713 2723 1839 2763 sen-

239 2781 418 2835 tentia
449 2781 581 2836 alias
609 2798 642 2836 a
670 2779 729 2836 se
751 2781 996 2848 exposita
1031 2781 1300 2836 scribebat
1332 2798 1344 2833 :
1383 2799 1402 2832 ι
1433 2779 1643 2833 Revera
1667 2793 1839 2848 quan-

239 2856 360 2905 tum
385 2850 452 2922 ad
473 2851 634 2922 verba
655 2851 798 2907 beati
820 2849 1066 2922 Apostoli
1085 2851 1340 2922 pertinet,
1363 2849 1576 2922 videtur
1595 2863 1840 2922 asserere

235 2921 511 2989 quosdam
541 2921 594 2976 in
624 2922 729 2977 ﬁne
750 2920 932 2978 saeculi
962 2920 1281 2978 adveniente
1307 2921 1566 2983 Domino,
1599 2934 1721 2974 cum
1749 2920 1836 2975 fu-

239 2998 370 3046 tura
397 3000 483 3047 est
503 2993 830 3049 resurrectio
852 3001 1208 3060 mortuorum,
1243 3007 1351 3047 non
1374 3006 1495 3048 esse
1520 2991 1833 3056 morituros,

234 3062 340 3134 sed
376 3063 524 3118 vivos
551 3072 795 3134 repertos
816 3064 869 3118 in
891 3063 1035 3118 illam
1057 3064 1540 3134 immortalitatem,
1563 3075 1684 3130 quae
1708 3076 1837 3134 san:-

235 3132 348 3188 ctis
378 3134 541 3189 etiam
568 3132 776 3190 caeteris
804 3134 980 3199 datur,
1012 3141 1234 3199 repente
1261 3133 1567 3198 mutandos,
1597 3141 1653 3188 et
1675 3132 1835 3188 simul

1971 513 2050 596 sie
2076 516 2430 596 accipiemus,
2464 519 2540 574 Tu
2568 519 2705 596 quod
2741 513 2967 576 seininas
3005 539 3110 577 non
3139 513 3425 596 uiuiﬁcntuf
3455 528 3559 582 nisi

1971 589 2112 659 prius
2145 589 2433 655 moriatur;
2463 600 2519 645 et
2567 589 2758 646 Omnes
2798 609 3138 659 resurgemus,
3172 589 3318 659 sive,
3364 592 3557 651 Omnes

1971 612 2112 655 pnus
2145 612 2433 655 πηυηαιιιν;
2463 612 2519 645 et
2567 612 2758 646 umnes
2798 612 2944 648 resur
2979 612 3138 656 emus,
3172 612 3318 659 sive,
3364 612 3557 651 umnes

1968 655 2296 741 dopniemus,
2328 668 2390 741 ut
2426 677 2534 741 non
2550 663 2914 741 adversentur
2942 612 3065 719 guic
3091 665 3373 741 sententia:
3395 708 3410 731 ,
3440 682 3558 741 Aqua

1966 728 2185 809 quidam
2221 731 2704 809 creduntur_268
2727 734 2890 789 etiam
2934 751 3055 790 cum
3078 728 3558 809 suiscorporibus

1967 804 2336 880 inmternum,
2368 819 2476 858 non
2504 804 2795 880 deﬁgus'tata
2815 814 3007 880 morte,
3041 807 3250 862 victuri.
3290 827 3307 858 ι
3337 804 3557 878 Anceps

1965 870 2313 928 nihilominus
2347 890 2511 948 super
2548 870 2650 932 hac
2689 870 3001 948 difﬁcultate
3040 887 3257 933 sanctus
3298 870 3554 948 Augusti-

1965 956 2085 1022 nus,
2117 958 2187 998 en
2214 945 2506 1022 quomodo,
2538 962 2802 1022 converse
2832 948 2897 1002 ad
2929 947 3280 1022 Mercatorem
3303 945 3554 1022 sermone

1964 1012 2018 1066 in
2040 1012 2150 1088 line
2173 1012 2705 1088 epistolmeumdem
2733 1018 3124 1088 alloquebatur,
3149 1028 3209 1072 ut
3235 1020 3434 1076 clarius
3453 1021 3553 1076 ali-

1962 1083 2093 1167 qnid
2119 1085 2188 1167 de
2207 1083 2404 1167 eadem
2434 1087 2732 1167 intelligere
2771 1083 3000 1167 posset:
3049 1110 3068 1167 ε
3103 1088 3371 1145 Caeterum
3404 1091 3550 1167 quod

1961 1157 2154 1231 attinet
2190 1157 2263 1231 ad
2301 1157 2654 1227 questionem
2690 1157 3126 1231 resurrectionis,
3157 1170 3380 1231 propter
3407 1157 3546 1227 illos,

1960 1227 2374 1306 quircrednntur
2406 1244 2514 1306 non
2545 1245 2664 1286 esse
2691 1230 3090 1306 morituri,_sed
3118 1227 3186 1286 ex
3213 1227 3315 1288 hac
3342 1241 3546 1306 morta-

1960 1295 2112 1370 litate
2132 1299 2200 1370 ad
2226 1299 2682 1370 immortalitatem
2710 1301 2828 1356 sine
2847 1302 3024 1358 media
3053 1311 3226 1358 morte
3249 1303 3544 1370 transituri,

1959 1366 2235 1441 inquisitio
2274 1369 2582 1440 diligentior
2605 1372 2904 1427 adhibenda
2933 1381 3048 1437 est;
3089 1381 3146 1427 et
3175 1373 3220 1427 si
3257 1374 3384 1441 quid
3422 1366 3548 1430 hinc

1958 1437 2262 1513 absolutum
2284 1455 2350 1513 ac
2369 1437 2646 1513 deﬁnitum
2671 1443 3034 1513 disputatione
3053 1437 3360 1498 rationabili
3383 1451 3546 1513 atque

1958 1507 2197 1579 perfecta
2226 1511 2312 1583 vel
2349 1512 2576 1580 audisti,
2607 1514 2696 1569 vel
2723 1507 2918 1582 legisti,
2950 1515 3034 1568 vel
3063 1513 3226 1569 etiam
3255 1515 3369 1583 ipse
3398 1507 3545 1583 cogi-

1957 1589 2075 1653 tare
2097 1581 2337 1652 potuisti,
2369 1583 2484 1640 sive
2511 1584 2686 1639 adhuc
2714 1581 2928 1650 audire,
2969 1593 3062 1638 aut
3089 1581 3299 1653 legere}
3331 1593 3423 1638 aut
3449 1581 3544 1640 (ἑο-

1956 1650 2128 1723 gitare
2159 1655 2419 1722 potueris,
2451 1662 2579 1723 peto
2606 1655 2736 1709 mihi
2760 1656 2974 1710 mittere
2999 1670 3107 1709 non
3137 1650 3390 1723 graveris.
3426 1653 3540 1723 Ego

1956 1721 2100 1796 enim
2128 1721 2295 1795 (quod
2323 1721 2688 1781 conﬁtendum
2716 1732 2800 1781 est
2831 1727 3080 1780 cbaritali
3111 1721 3236 1796 tute)
3271 1725 3390 1796 plus
3419 1721 3542 1796 amo

1879 1825 1931 1888 Β
1957 1791 2357 1888 diseere'quam
2384 1797 2610 1888 dignere3
2637 1804 2741 1878 etc.
2783 1815 2802 1847 ι
2840 1796 2919 1850 lta
2946 1805 3167 1851 sanctus
3199 1791 3398 1878 doctor
3427 1795 3541 1888 nul-

1954 1864 2219 1932 gustinus,
2252 1881 2394 1921 anno
2423 1866 2548 1931 418,
2580 1867 2648 1921 de
2675 1867 2918 1922 vivorum
2944 1875 2999 1922 et
3026 1875 3358 1921 mortuorum
3385 1865 3541 1920 intel-

1950 1932 2164 2009 ligendo
2193 1951 2382 2009 sensu,
2414 1939 2560 2008 quod
2597 1945 2808 2007 spectat
2835 1937 2903 1992 ad
2939 1937 3227 2009 judicium,
3267 1937 3395 1992 dum
3422 1951 3540 1994 rem

1948 2003 2073 2078 data
2102 2021 2266 2078 opera
2294 2003 2606 2078 inqui—reret.

2019 2074 2127 2132 Sed
2139 2074 2279 2146 quid
2301 2074 2439 2135 lib—ro
2469 2096 2541 2134 xx
2567 2079 2636 2135 de
2663 2077 2890 2134 Civitate
2920 2079 3046 2145 Dei,
3084 2087 3208 2149 post
3235 2094 3406 2132 annos
3434 2077 3539 2149 cir-

1947 2146 2084 2202 citer
2110 2157 2318 2231 septem
2347 2151 2415 2231 ab
2437 2150 2630 2231 eodem
2658 2151 2880 2220 scripto,
3022 2146 3147 2231 rem
3167 2149 3409 2231 eamdem
3434 2148 3538 2231 ite-

1946 2232 2068 2292 rum
2097 2219 2199 2292 sibi
2241 2221 2653 2292 enucleandami
2670 2219 2997 2292 proposuit?
3024 2219 3217 2275 Verbis
3244 2220 3424 2292 denuo
3438 2219 3539 2292 _al-

1946 2286 2070 2362 latis
2100 2290 2352 2362 Apostoli
2380 2300 2492 2346 tum
2524 2293 2592 2347 ad
2621 2286 3161 2362 Thessalonicenses,
3183 2298 3296 2362 tum
3327 2289 3399 2362 ad
3428 2287 3538 2343 Co-

1945 2359 2196 2432 rinthios,
2223 2376 2253 2415 a
2283 2362 2451 2431 priori
2475 2378 2573 2417 sua
2601 2363 2857 2432 opinione
2874 2362 3124 2432 nonnihil
3152 2361 3240 2432 hic
3266 2360 3541 2432 declinare

1944 2429 2190 2498 videtur;
2223 2429 2299 2485 ita
2334 2441 2395 2486 ut
2415 2433 2579 2488 verba
2626 2429 2718 2488 illa
2761 2433 2827 2486 ad
2869 2431 3378 2488 Thessalonicenses
3401 2471 3416 2496 ,
3449 2429 3539 2484 ubi

1945 2499 2656 2581 immontalitasultimorum
2679 2503 3204 2581 viventiumasserta
3236 2507 3461 2581 apparet
3481 2509 3541 2554 ut

1945 2569 2088 2624 idem
2116 2571 2445 2644 Augustinus
2473 2575 2680 2644 aiebat,
2711 2573 3030 2644 explicanda
3062 2572 3149 2626 hic
3170 2569 3354 2644 potius
3391 2586 3540 2644 asse-

1943 2649 2030 2694 rat
2068 2643 2244 2698 verbis
2272 2644 2392 2698 aliis
2431 2644 2498 2699 ad
2525 2642 2834 2699 Corinthios
2856 2685 2870 2708 ,
2905 2644 2994 2698 ubi
3035 2643 3276 2698 omnium
3315 2642 3538 2696 omnino

1942 2709 2222 2784 nominum
2251 2729 2416 2778 mors,
2449 2715 2798 2784 omniumque
2828 2713 3154 2770 resurrectio
3187 2712 3532 2784 praedicatur.

1941 2778 2042 2854 llic
2071 2798 2301 2852 namque
2339 2792 2482 2839 totus
2512 2793 2594 2839 est
2635 2778 2854 2840 sanctus
2894 2785 3105 2850 doctor,
3138 2778 3536 2854 iit—possibilem

1940 2849 2166 2936 illorum.
2186 2849 2822 2938 iiltimomlqviventinm
2849 2863 3082 2938 mortem
3120 2849 3324 2912 asserat
3358 2869 3537 2934 aere-

1941 2925 2371 2990 surrectionem,
2421 2923 2586 2980 eti'am
2631 2927 2684 2980 in
2717 2926 2810 2981 illo
2851 2926 3173 2981 brevissimo
3213 2940 3278 2980 ac
3311 2923 3536 2977 minimo

1939 2995 2201 3066 temporis
2225 2997 2441 3066 spatio;
2473 3007 2529 3052 et
2555 3004 2617 3051 ut
2650 2997 2752 3051 alia
2781 3011 2998 3066 quoque
3038 2995 3330 3066 Scriptura:
3370 2993 3535 3066 verba

1939 3065 2223 3135 conciliet,
2255 3063 2393 3135 'quze
2437 3074 2626 3122 contra
2670 3063 2860 3123 eorum
2901 3063 3132 3121 mortem
3161 3063 3340 3122 iacere
3380 3063 3536 3135 vide--

1942 3133 2157 3190 bantur.
2191 3133 2368 3204 Quaeri
2397 3138 2572 3202 solet,
2603 3139 2810 3207 inquit,
2853 3147 3036 3192 utrum
3073 3138 3149 3192 illi
3177 3149 3314 3204 quos
3340 3135 3427 3189 hic
3446 3133 3538 3207 _vi-

235 3220 371 3277 cum
390 3205 493 3277 illis
522 3206 797 3277 rapiendos
820 3246 836 3272 ,
879 3205 1018 3260 sicut
1057 3199 1205 3277 dicit,
1236 3206 1305 3277 in
1319 3205 1537 3260 nubibus
1564 3219 1591 3277 :_
1611 3218 1714 3277 nec
1739 3203 1840 3277 ali:
1861 3199 1911 3264 C
1941 3213 2131 3261 ventes
2160 3199 2476 3264 inventurus
2505 3199 2587 3264 est
2623 3199 2961 3264 Christus...
2994 3199 3285 3276 numquam
3314 3205 3536 3260 omnino

233 3274 376 3344 quid
395 3274 540 3330 aliud
560 3274 693 3347 mihi
714 3276 885 3331 visum
907 3284 1007 3342 est,
1040 3276 1254 3347 quoties
1277 3275 1345 3332 de
1367 3277 1456 3347 bis
1483 3275 1663 3347 verbis
1689 3274 1837 3347 volui

233 3347 504 3415 cogitare.
544 3365 563 3398 ι
598 3345 848 3401 Haerebat
877 3345 1306 3402 tamen'sanctus
1348 3346 1540 3402 doctor
1567 3346 1694 3400 dum
1731 3345 1836 3399 alia

235 3416 488 3489 ejusdem
507 3487 514 3489 _
532 3417 776 3486 Apostoli
807 3418 968 3489 verba
990 3417 1400 3489 perpenderetl
1431 3415 1836 3489 Corinthiorum

237 3503 311 3542 xv
349 3505 364 3540 :
397 3485 595 3553 Stulte,
619 3498 669 3541 tu
689 3488 828 3558 quod
844 3485 1218 3556 seminas,'non
1243 3488 1545 3558 viviﬁcatur,
1570 3487 1673 3541 nisi
1691 3488 1835 3557 prius

233 3559 528 3624 moriatur;
559 3565 616 3614 et
660 3559 764 3613 alia
803 3574 1022 3629 quoque
1066 3559 1324 3630 ibidem;
1361 3559 1549 3630 Omnes
1596 3574 1824 3630 resurge-

232 3645 356 3682 msss
383 3644 401 3682 :
427 3643 544 3690 seu,
586 3636 648 3684 ut
684 3630 924 3684 nonnulli
945 3628 1170 3686 'codices
1202 3648 1214 3683 :
1250 3628 1440 3684 Omnes
1482 3628 1833 3694 dormiemus;

231 3714 300 3753 ex
336 3699 533 3767 quibus
565 3715 596 3753 a
625 3701 816 3755 mortis
843 3701 1118 3756 subeunda
1147 3701 1412 3756 sententia
1449 3699 1628 3754 nullus
1654 3699 1834 3754 homi-

229 3785 376 3824 num
416 3777 676 3840 exceptus
705 3771 928 3826 omnino
969 3772 1218 3838 videtur,
1267 3778 1326 3826 ut
1372 3770 1835 3826 immortalitatem

227 3845 560 3966 ﬁerpetuam
589 3839 931 3924 adipiscatur.
962 3841 1101 3925 Quid
1131 3842 1292 3924 igitur
1318 3849 1533 3923 sanctus
1562 3840 1752 3895 doctor
1778 3839 1834 3923 in

268 3925 351 3966 oc
389 3911 699 3966 apostolica:
741 3913 1032 3966 locutionis
1079 3913 1247 3966 veluti
1293 3910 1590 3966 conﬂictu?
1631 3910 1834 3966 Relatis

268 3925 351 3967 oc
389 3910 1032 3982 apostolicailocutionis
1079 3910 1247 3968 veluti
1293 3910 1590 3968 conﬂictu?
1631 3910 1834 3967 Relatis

230 3980 440 4036 iterum
467 3981 647 4038 verbis
693 3980 937 4052 Apostoli
965 3983 988 4038 l
1015 3983 1573 4039 Thessalonicensium
1596 4023 1610 4046 ,
1643 3997 1760 4051 qua:
1801 3998 1833 4038 a

225 4052 532 4123 postremis
559 4053 864 4109 viventibus
907 4053 961 4108 in
991 4053 1224 4110 adventu
1252 4054 1425 4108 Divini
1448 4052 1643 4123 judicis
1683 4068 1833 4108 mor-

226 4122 357 4194 tem
384 4138 569 4194 arcere
612 4124 860 4180 videntur
893 4143 904 4177 :
944 4143 962 4176 ι
997 4124 1204 4181 Vellem
1228 4167 1243 4191 ,
1275 4122 1465 4194 inquit,
1510 4122 1579 4194 de
1614 4122 1698 4177 his
1732 4139 1832 4178 au-

225 4193 362 4248 dire
387 4193 676 4258 doctiores.
709 4203 765 4250 et
794 4195 839 4250 si
868 4195 1031 4250 modo
1059 4197 1335 4265 potuerint
1354 4193 1478 4250 haec
1511 4193 1588 4265 ita
1610 4194 1828 4265 exponi,

227 4265 391 4335 utiin
419 4265 498 4320 eis
525 4265 697 4335 possit
723 4265 979 4335 intelligi,
1011 4263 1202 4321 omnes
1229 4265 1476 4321 homines
1503 4264 1595 4332 qui
1622 4263 1828 4335 vivunt,

403 4342 490 4390 ost
517 4333 616 4391 nos
640 4336 833 4391 victuri
861 4333 1016 4402 sunt,
1049 4351 1169 4393 esse
1204 4337 1495 4391 morituros
1514 4375 1529 4399 ,
1561 4333 1832 4401 corrigere

419 4405 543 4463 hinc
569 4406 858 4476 aliquando
896 4407 1052 4462 aliter
1077 4407 1240 4462 sensi.
1284 4405 1467 4475 Neque
1495 4405 1639 4459 enim
1668 4403 1833 4461 debe-

226 4334 332 4391 vel

225 4421 318 4476 qu

227 4475 367 4532 mus
395 4475 811 4534 indociles’esse
837 4477 1110 4533 doctores.
1149 4498 1167 4529 ι
1205 4477 1560 4532 Nihilominus
1597 4491 1833 4545 propen-

225 4547 453 4618 sionem
476 4564 628 4603 suam
655 4565 754 4618 pro
775 4549 1179 4604 immortalitate
1207 4548 1516 4618 ultimorum
1537 4546 1831 4618 viventium

229 4617 458 4690 aperire
485 4635 592 4674 non
622 4617 923 4690 desinens,
947 4627 1003 4674 et
1029 4619 1290 4690 majorem
1320 4617 1605 4690 quamdam
1629 4617 1760 4690 vim,
1779 4617 1835 4690 in

229 4688 428 4744 verbis
463 4690 709 4759 Apostoli
748 4690 818 4746 ad
861 4688 1337 4746 Thessalonicenses
1379 4704 1438 4745 se
1474 4688 1658 4759 videre
1687 4689 1823 4742 arbi-

232 4769 436 4842 tratus,
465 4756 774 4842 postulabat
798 4760 976 4842 potius
1003 4760 1278 4842 qunmedo
1307 4760 1410 4814 alia
1440 4758 1506 4814 ad
1539 4756 1834 4842 Corinthios

231 4830 418 4887 relata
445 4830 612 4902 verba
640 4832 708 4887 ad
735 4830 932 4902 prioris
966 4832 1236 4900 opinionis
1263 4846 1489 4902 sensum,
1523 4837 1705 4884 essent
1743 4844 1837 4902 ae:

230 4901 673 4984 commodanda;
713 4899 778 4984 ae
795 4899 1636 4984 proptereajta'prnsequebatur
1667 4919 1679 4954 :
1719 4918 1738 4951 ι
1777 4899 1836 4984 Si

233 4972 389 5027 enim
427 4972 484 5027 in
531 4973 615 5028 his
661 4969 839 5028 verbis
882 4969 1128 5042 Apostoli
1177 4969 1281 5042 (Ᾱά
1329 4969 1833 5041 Thessalonicenses)

233 5043 424 5098 nullus
450 5043 589 5098 alius
615 5058 804 5099 sensus
831 5044 1066 5113 potuerit
1093 5043 1349 5113 reperiri,
1382 5051 1436 5095 et
1463 5043 1566 5096 hoc
1595 5057 1718 5096 eum
1747 5042 1829 5096 in-

235 5113 413 5195 telligi
441 5114 676 5195 voluisse
705 5114 1001 5195 claruerit,
1051 5113 1195 5195 quod
1211 5113 1474 5195 videntur
1513 5113 1672 5195 verba
1713 5113 1828 5195 ipsa

234 5185 506 5248 clamare;
555 5185 608 5240 id
636 5192 720 5239 est
742 5185 886 5254 quod
929 5182 1091 5238 futuri
1119 5183 1228 5238 sint
1267 5184 1320 5237 in
1347 5182 1450 5236 fine
1483 5183 1662 5237 smculi
1691 5191 1746 5238 et
1774 5184 1829 5254 in

235 5255 483 5309 adventu
511 5254 740 5321 Domini,
760 5253 864 5324 qui
900 5271 1009 5308 non
1038 5254 1408 5324 exspolientur
1447 5269 1700 5322 corpore,
1732 5253 1828 5309 sed

235 5324 695 5390 superinduantur
737 5325 1156 5390 immortalitate,
1189 5333 1247 5379 ut
1289 5325 1641 5378 absorbeatur
1685 5341 1830 5380 mor-

239 5395 352 5450 tale
391 5411 423 5450 a
469 5395 578 5450 vita
610 5415 624 5449 :
654 5395 780 5452 huic
821 5396 1100 5451 sententiae
1146 5395 1498 5465 proculdubio
1529 5396 1831 5465 conveniet

237 5465 390 5536 quod
410 5466 466 5520 in
494 5467 679 5535 regula
701 5466 823 5522 iidei
842 5464 1180 5531 conﬁtemur,
1208 5473 1488 5520 venturum
1518 5464 1824 5531 Dominum,

233 5537 605 5608 judicaturum
633 5538 784 5593 vivos
815 5544 871 5592 et
897 5544 1172 5603 mortuos;
1206 5545 1285 5608 ut
1306 5553 1412 5608 non
1443 5536 1530 5590 hic
1559 5536 1827 5608 intelliga-

239 5606 364 5665 i'nus
389 5609 542 5664 vivos
564 5607 759 5677 justos,
789 5616 1031 5664 mortuos
1060 5615 1241 5663 autem
1276 5606 1503 5675 injustos
1527 5648 1540 5672 ,
1585 5607 1828 5677 quamvis

237 5678 514 5748 judicandi
542 5675 648 5734 sint
671 5679 800 5748 justi
822 5687 876 5732 ct
899 5679 1109 5747 injusti;
1135 5678 1230 5733 sed
1254 5678 1406 5732 vivos
1432 5693 1570 5748 quos
1593 5675 1827 5732 nondum

243 5747 440 5816 exisse,
466 5747 708 5807 mortuas
728 5759 905 5804 autem
933 5765 1071 5819 quos
1088 5749 1200 5819 jam
1223 5750 1397 5804 exisse
1426 5747 1494 5802 de
1513 5748 1828 5818 corporibus

1858 4586 1913 4646 D

244 5821 505 5878 adventus
532 5821 648 5891 ejus
675 5821 927 5878 inveniet.
975 5820 1103 5888 Quae
1141 5820 1186 5876 si
1230 5820 1301 5876 ita
1344 5835 1463 5876 esse
1491 5819 1794 5875 constiterit
1877 5898 1884 5902 _

1942 3277 2197 3351 morituri
2211 3287 2366 3345 sunt;
2391 3295 2457 3351 an
2489 3280 2606 3349 ipso
2636 3279 2894 3351 temporis
2917 3288 3139 3351 puncto,
3170 3292 3278 3351 quo
3307 3290 3536 3351 c_um_re-

1941 3349 2284 3420 surgentibus
2319 3345 2596 3420 rapientur
2629 3351 2684 3405 in
2716 3345 2948 3406 nubibus
2973 3349 3028 3403 in
3068 3345 3281 3404 obviam
3319 3345 3536 3420 Christo

1941 3417 1997 3472 in
2027 3433 2179 3485 aera,
2207 3420 2273 3475 ad
2307 3415 2767 3491 immortalitatem
2796 3435 2896 3491 per
2921 3426 3154 3491 mortem
3177 3420 3312 3491 mira
3335 3415 3531 3491 celeri-

1939 3495 2052 3542 tate
2077 3491 2400 3546 transibunt.
2441 3490 2625 3560 Neque
2651 3487 3113 3546 enim—dicendum
3141 3497 3242 3552 est,
3277 3487 3392 3560 ﬁeri
3420 3501 3531 3560 non

1938 3573 2118 3630 posse,
2155 3569 2214 3615 ut
2243 3561 2370 3615 dum
2399 3576 2497 3631 per
2524 3557 2652 3616 aera
2679 3562 2732 3615 in
2761 3561 2992 3616 sublime
3020 3567 3323 3631 portantur,
3357 3557 3412 3610 in
3439 3557 3534 3631 illo

1938 3627 2116 3700 spatio
2145 3639 2200 3686 et
2219 3627 2540 3694 moriantur,
2573 3639 2628 3687 et
2649 3633 2989 3687 reviviscant.
3017 3627 3038 3682 ἱ
3059 3630 3260 3700 Deinde
3279 3634 3403 3700 post
3431 3627 3532 3680 ali-

1939 3697 2045 3770 qua
2084 3719 2096 3754 ε
2137 3721 2156 3752 ι
2191 3702 2248 3757 Si
2277 3716 2408 3770 ergo
2434 3711 2670 3768 sanctos,
2703 3703 2797 3772 qui
2834 3703 3175 3772 reperientur
3200 3697 3426 3772 Christo
3447 3713 3533 3772 ye-

1938 3767 2124 3827 niente
2153 3767 2416 3838 viventes,
2442 3773 2600 3841 eique
2629 3767 2682 3827 in
2711 3767 2924 3828 obviam
2953 3771 3252 3842 rapientur,
3272 3767 3530 3842 credide-

1938 3842 2107 3896 rimus
2136 3843 2190 3898 in
2217 3843 2407 3899 eodem
2450 3839 2606 3912 raptu
2635 3844 2702 3898 de
2729 3839 3047 3898 mortalibus
3072 3839 3388 3911 corporibus
3418 3839 3532 3912 exi-

1939 3921 2111 3980 turos,
2145 3921 2199 3969 et
2220 3915 2286 3969 ad
2315 3908 2660 3969 eadem—mox
2689 3914 3013 3968 immortalia
3036 3908 3324 3972 redituros,
3357 3908 3532 3980 nullas

1938 3983 1994 4056 in
2021 3985 2197 4040 verbis
2225 3985 2467 4056 Apostoli
2497 3985 2767 4056 patiemur
2793 3985 3088 4056 angustias,
3115 3982 3215 4056 sivi
3241 3981 3329 4034 ubi
3358 3979 3522 4056 dicit,

1943 4053 2019 4126 Tu
2073 4057 2208 4126 quod
2248 4051 2516 4126 seminus,
2575 4072 2680 4110 non
2726 4055 3043 4124 riui/icatur,
3094 4053 3196 4126 nisi
3243 4051 3525 4126 moriatur,

1939 4124 2054 4179 sive
2079 4119 2169 4181 ubi
2199 4126 2346 4192 dicit,
2376 4119 2566 4179 Omnes
2597 4119 2938 4196 resurgemus,
2970 4131 3062 4176 aut
3093 4121 3282 4196 Omnes
3304 4119 3525 4196 dormie-

1937 4211 2084 4260 mus;
2113 4197 2235 4265 quia
2267 4189 2366 4251 nec
2386 4196 2461 4249 illi
2482 4211 2580 4265 per
2604 4189 3063 4248 immortalitatem
3089 4189 3522 4265 vivificabuntur,

1939 4265 2061 4328 nisi,
2095 4261 2390 4334 quamlibet
2416 4261 2712 4336 paululum,
2746 4272 2925 4319 tamen
2956 4271 3083 4317 ante
3105 4261 3432 4336 ni‘eriantur;
3460 4274 3525 4314 ac

1977 4350 2036 4389 cr
2075 4331 2179 4390 hoc
2219 4344 2274 4390 et
2301 4352 2332 4390 a
2361 4331 2756 4391 resurrectione
2791 4351 2898 4389 non
2929 4341 3088 4388 emat
3115 4331 3314 4395 alieni,
3361 4344 3525 4398 quam

1937 4351 2036 4460 scr
2075 4351 2179 4390 noc
2219 4351 2274 4390 et
2301 4352 2332 4390 a
2361 4351 2756 4391 resurrectione
2791 4351 2898 4389 non
2929 4351 3088 4388 erunt
3115 4351 3276 4386 auem
3299 4371 3314 4395 ,
3361 4351 3523 4398 quam

1975 4407 2192 4476 ormitio
2230 4406 2506 4476 praecedit,
2539 4405 2784 4475 quamvis
2811 4405 3164 4476 brevissima,
3206 4417 3313 4456 non
3342 4409 3523 4476 tamen

1939 4477 2104 4531 nulla.
2145 4471 2255 4531 Cur
2283 4485 2463 4532 autem
2507 4471 2662 4531 nobis
2702 4475 3013 4531 incredibile
3056 4473 3334 4537 videatur,
3378 4471 3524 4525 illam

1939 4547 2335 4602 multitudinem
2362 4562 2653 4617 corporum
2682 4547 2734 4600 in
2763 4561 2890 4602 aere
2917 4545 3148 4615 quodam
3175 4543 3339 4617 modo
3359 4542 3521 4597 semi-

1939 4619 2073 4681 nari,
2100 4627 2262 4686 atque
2291 4618 2362 4672 ibi
2390 4614 2638 4688 protinus
2660 4614 3037 4672 immortaliter
3064 4625 3226 4688 atque
3241 4614 3526 4688 incorrup-

1939 4689 2160 4743 tibiliter
2177 4683 2536 4753 reviviscere,
2580 4703 2700 4742 cum
2731 4689 3033 4753 credamus,
3064 4683 3208 4756 quod
3237 4685 3376 4740 idem
3412 4683 3526 4753 ipse

1939 4758 2229 4830 Apostolus
2254 4759 2588 4830 apertissime
2609 4759 2758 4825 dicit,
2789 4759 2844 4812 in
2873 4760 2981 4830 ictu
3011 4759 3150 4830 oculi
3177 4757 3408 4811 futuram
3439 4769 3526 4830 ge-

1937 4822 2343 4905 snrrectionem,
2363 4839 2417 4905 et
2436 4831 2488 4884 in
2515 4822 2755 4905 membra
2776 4831 2893 4905 sine
2914 4829 3018 4905 iine
3037 4829 3240 4905 vict_u_ra
3265 4832 3414 4879 tanta
3441 4822 3523 4905 fa-

1937 4900 2138 4956 cilitate
2155 4908 2369 4969 tamque
2391 4901 2747 4955 inaestimabili
2760 4901 3046 4956 velocitate
3065 4899 3360 4969 rediturum
3380 4899 3526 4950 anti-

1937 4968 2318 5041 quissimorum
2357 4971 2677 5027 cadaverum
2716 4972 3030 5041 pulverem?
3061 4989 3079 5021 ›
3127 4968 3348 5023 Dem-im
3376 4981 3522 5041 sem-

1937 5037 2040 5114 per:
2063 5042 2188 5114 huic
2223 5042 2507 5114 sententia}
2553 5037 2847 5114 insistens,
2883 5040 3144 5114 alterique
3189 5037 3522 5114 respondens

1936 5108 2234 5168 diﬂicultati
2253 5155 2266 5176 ,
2299 5128 2460 5182 quam
2489 5113 2576 5168 hic
2604 5113 2880 5168 brevitatis
2907 5111 3076 5182 gratia
3102 5109 3414 5182 omittimus,
3447 5108 3521 5163 ita

1935 5191 2095 5254 caput
2107 5184 2234 5238 illud
2245 5178 2483 5254 20atque
2496 5200 2608 5238 rem
2622 5191 2787 5238 totam
2801 5178 3090 5237 concludit.
3105 5200 3122 5230 ε
3133 5178 3415 5254 Quomodo
3427 5195 3521 5254 an-

1937 5249 2043 5309 tem
2066 5255 2135 5309 sit
2157 5249 2557 5324 futurum—quod
2588 5270 2728 5308 nunc
2754 5268 2854 5324 pro
2876 5259 3075 5307 nostra
3102 5250 3416 5324 ratiuncula:
3441 5249 3520 5303 vi-

1935 5326 2083 5380 ribus
2111 5335 2404 5394 utcumque
2434 5320 3010 5393 conﬁcimus—(scilicet
3036 5320 3323 5394 quomodo
3364 5326 3518 5390 post-

1937 5397 2070 5450 remi
2112 5396 2188 5450 illi
2231 5391 2474 5450 viventes
2517 5391 2680 5465 269
2720 5391 3049 5465 ειςῐῐιοτίῑιξνὶ
3096 5391 3203 5446 sint
3230 5398 3286 5446 et
3331 5405 3518 5465 resurf

1935 5467 2132 5521 recturi
2178 5475 2286 5521 tam
2330 5458 2820 5534 exiguo—teinporis
2863 5463 3039 5534 spatio
3064 5506 3077 5528 ,
3119 5470 3178 5534 ut
3203 5468 3362 5517 antea
3399 5458 3516 5514 ﬁeri

1931 5553 2093 5607 posse
2130 5533 2613 5607 demenstraverat)
2639 5575 2654 5599 ,
2676 5533 2681 5534 “
2706 5541 2856 5607 tunc
2879 5533 2982 5590 erit
3019 5533 3220 5605 potius,
3263 5540 3320 5587 ut
3357 5545 3515 5607 nosse

1932 5600 2233 5678 possimus.
2269 5600 2739 5678 ResurrectiOnem
2768 5605 2966 5678 quippe
2993 5600 3330 5661 mortuorum
3368 5600 3512 5678 futu-

1932 5673 2047 5733 ram
2075 5693 2192 5731 esse
2222 5677 2274 5730 in
2301 5692 2462 5731 carne
2481 5718 2493 5739 ,
2527 5675 2746 5745 quando
2777 5673 3021 5731 Christus
3050 5684 3302 5745 venturus
3330 5681 3412 5730 est
3436 5673 3513 5728 vi-

1933 5766 2028 5804 vos
2044 5747 2378 5817 judicaturus
2397 5755 2453 5801 et
2473 5744 2735 5818 mOrtuos,
2761 5755 2993 5818 oportet,
3019 5747 3061 5800 si
3082 5744 3368 5818 Christiani
3395 5758 3513 5800 esse

1931 5816 2196 5887 volumus,
2229 5829 2289 5873 ut
2327 5818 2628 5874 credamus.
2660 5817 2769 5875 Sed
2797 5816 2910 5875 non
2941 5817 3060 5874 ideo
3088 5816 3156 5873 de
3182 5818 3286 5874 hac
3306 5833 3366 5874 re
3393 5817 3509 5872 inae
