4004 6366
523 427 658 491 1127

1238 420 1298 480 Ρ.
1337 413 1616 478 BRAIDE
1656 412 2106 476 DISSEBTATIO

2249 411 2309 468 S.
2350 405 2670 466 NICETAM.
2700 439 2772 450 —
2806 405 2961 464 CAP.
3001 399 3072 460 Χ.

3663 399 3795 460 “28

523 545 764 602 virorum
790 537 1071 592 doctorum
1099 532 1509 603 disputationes,
1542 546 1648 596 res,
1681 545 1799 603 quae
1828 536 1986 603 antea
2013 541 2107 580 ve—
2133 528 2181 585 Α
2212 523 2316 596 ptis
2357 537 2476 592 qua:
2522 522 2798 576 interitum
2844 524 3168 603 evaserunt,
3193 512 3795 603 inindehreetani‘iilius

526 599 626 669 luti
643 610 901 674 latebant,
919 607 973 661 in
996 599 1237 676 apricum
1257 604 1500 676 deducta:
1521 611 1665 676 sunt.
1680 599 1778 676 _At,
1793 599 1944 676 quod
1962 612 2106 676 nunc

527 685 594 740 ad
621 698 736 738 rem
758 669 995 734 nostram
1017 669 1226 740 attinet,
1253 676 1430 746 placet
1443 675 1511 746 in
1533 673 1724 746 primis
1751 669 2105 746 eruditissimi

526 756 628 811 viri
652 751 838 808 Jacobi
874 749 1018 804 Billii
1056 740 1322 803 sententia
1351 746 1404 801 in
1435 740 1666 800 Scholiis
1703 743 1770 797 ad
1807 740 2105 811 supracita-

525 836 638 882 tam
667 823 966 879 orationem
1010 820 1319 889 vigesimam
1355 825 1563 872 sextam
1604 813 1850 889 Gregorii
1876 812 2107 866 Nazian-

445 896 479 962 έ
527 897 678 962 aeni,
711 894 803 948 ubi
825 891 1067 962 ejusdem
1095 889 1292 962 ibidem
1330 904 1489 962 sensa
1517 889 1861 956 expendens,
1895 897 2108 938 necnon

527 977 584 1024 et
603 960 707 1022 alia
746 960 1008 1020 orationis
1034 960 1456 1031 quadragesimae
1493 965 1654 1029 prout
1676 972 1868 1027 supra,
1902 969 2107 1031 pronus

442 1055 448 1070 ί
526 1047 612 1095 est
637 1045 698 1093 ut
725 1035 1000 1091 existimet
1019 1025 1266 1087 sanctum
1287 1025 1586 1091 doctorem,
1613 1025 1953 1097 nequaquam
1973 1025 2110 1078 salu-

466 1106 475 1132 ²
529 1120 630 1164 tem
657 1124 753 1162 seu
779 1120 954 1178 paenae
983 1103 1300 1178 vitationem
1321 1117 1353 1155 a
1381 1099 1588 1178 caelesti
1609 1099 1781 1178 gloria
1802 1109 2104 1178 separasse,

531 1189 691 1250 atque
721 1165 798 1250 ita-
822 1184 1022 1250 statum
1050 1173 1338 1244 quemdam
1355 1165 1784 1250 mediumiuter
1813 1165 2107 1250 beatitudi-

529 1237 655 1306 nein
683 1258 737 1304 ct
756 1237 1152 1304 damnationam
1179 1257 1280 1315 pro
1307 1241 1502 1315 adultis
1538 1240 1861 1315 baptismate
1897 1237 2111 1315 donatis

531 1321 844 1385 admisisse;
883 1317 977 1372 sed
1031 1307 1214 1385 potius
1265 1313 1586 1385 persolutis
1612 1307 1818 1385 'vocem
1866 1307 2112 1376 aliosque

531 1381 839 1448 consimiles
859 1381 1074 1444 dicendi
1101 1381 1320 1451 modos,
1345 1382 1643 1452 signiﬁcare
1671 1381 1907 1452 voluisse
1931 1385 2112 1452 extre-

530 1478 678 1517 mum
709 1458 1052 1516 beatitudinis
1079 1448 1492 1526 gradum'atthe
1525 1452 1763 1526 inﬁmam
1791 1449 2028 1526 cmiestis
2047 1448 2112 1501 il-

527 1533 632 1588 lius
650 1533 844 1588 domus
865 1521 1199 1584 mansioﬁem
1216 1567 1230 1590 ,
1256 1540 1356 1596 pro
1377 1521 1441 1578 iis
1463 1525 1556 1596 qui
1586 1521 1979 1596 nihil__amplius_
1998 1533 2112 1596 me_-_

527 1605 730 1658 ruerint
757 1601 1104 1674 283_qua_m
1133 1589 1306 1674 pmuaa
1330 1589 1685 1674 vacationem.
1712 1592 1825 1648 Hac
1838 1589 2112 1674 seniiendi

527 1659 916 1741 νειίοηθπιῖῖῑέ
927 1659 1252 1724 Nazianieni
1279 1667 1458 1720 verbis
1496 1679 1858 1741 nequaquam
1875 1659 2114 1741 refraga-

529 1753 635 1810 tur,
668 1729 824 1798 facilé
843 1743 899 1796 in
926 1748 1133 1810 rectum
1161 1752 1380 1792 sensum
1411 1729 1755 1810 exponuntur
1787 1729 2114 1810 etiamaiio-l

526 1799 647 1870 rum
671 1816 812 1870 dicta
833 1827 952 1882 qua:
975 1809 1270 1882 attulimus,
1294 1814 1349 1860 et
1367 1799 1603 1882 maxime
1630 1801 2023 1882 Nicetzcnostri
2044 1799 2115 1854 ad

527 1883 776 1956 Lapsam,
804 1873 1036 1956 qaorum
1055 1894 1216 1956 causa
1236 1879 1356 1956 haec
1366 1875 1678 1956 scribimus.
1705 1873 1937 1930 Gloriam
1959 1886 2113 1927 nam-

527 1947 653 2025 que,
687 1947 849 2024 quam
895 1953 1010 2023 ipse
1047 1949 1328 2025 dubitabat
1365 1947 1595 2025 Lapsam
1617 1960 1779 2025 suam
1817 1959 1924 1999 non
1954 1957 2115 2014 posse

526 2015 842 2097 promereri,
862 2015 970 2097 seu
999 2021 1180 2097 potius
1217 2034 1399 2097 quam,
1421 2015 1502 2072 uti
1529 2017 1727 2097 aiebat,
1751 2015 1870 2097 ipsa
1907 2029 2118 2097 sperare

527 2087 747 2152 ininime
767 2087 972 2149 audebit
991 2087 1309 2162 pmnitentia
1337 2103 1434 2162 sua
1452 2087 1701 2162 quamvis
1719 2087 2117 2162 sinceraatque

526 2175 928 2238 perseverante,
952 2156 1217 2238 intellexit
1244 2159 1599 2238 proculdubio
1626 2157 1853 2238 gradum
1880 2156 2116 2238 aiiquein

526 2226 711 2307 gloria:
739 2226 1016 2300 altiorem,
1058 2226 1408 2307 innocentia},
1433 2244 1597 2307 quam
1628 2226 2111 2307 ipsa_perdiderat,

528 2299 859 2364 reservatum
877 2323 891 2371 ;
909 2314 965 2360 et
984 2299 1154 2376 parun
1167 2303 1503 2376 vacationem,
1529 2299 1794 2376 intellexit
1813 2305 2116 2376 extremum

529 2379 682 2433 illum
711 2365 995 2434 beatitatis'
1027 2373 1253 2443 gradum
1293 2387 1401 2440 quo
1432 2370 1566 2443 nihil
1594 2370 1650 2424 in
1690 2369 1831 2443 cmlo
1861 2365 2113 2432 inferius,

531 2449 623 2504 ubi
651 2464 753 2518 pro
781 2439 1098 2518 meritorum
1109 2439 1337 2518 ratione
1357 2441 1672 2518 mansiones
1721 2439 2022 2518 donantur;
2061 2445 2118 2491 et

529 2507 749 2587 gradum
778 2525 1067 2588 propterea
1086 2513 1256 2588 illum,
1278 2511 1374 2588 qui
1397 2510 1474 2584 (si
1493 2511 1568 2588 ita
1595 2509 1744 2588 loqui
1771 2507 1854 2565 fas
1885 2507 1988 2576 est)
2015 2521 2116 2578 pro

529 2583 626 2645 sua
647 2583 944 2656 exigaitate
973 2585 1137 2640 veluti
1165 2583 1394 2638 conﬁnis
1409 2583 1504 2636 est
1526 2587 1807 2651 postremo
1833 2592 2117 2651 pmnarum

529 2660 716 2731 gradui
738 2659 1132 2731 damnatorum.

601 2729 867 2785 Praeterea
915 2726 1144 2782 nullaene
1185 2724 1384 2780 adsunt
1427 2737 1593 2793 super
1643 2723 1747 2778 hac
1809 2735 1870 2775 re
1918 2719 2116 2774 Nicetae

529 2802 698 2871 ipsius
725 2801 846 2854 alia:
874 2797 1194 2858 locutiones,
1223 2795 1366 2850 unde
1395 2793 1714 2849 clarioribus
1735 2793 1965 2871 fortasse
1987 2805 2114 2871 ver-

528 2861 631 2937 bis,
664 2872 979 2927 obscuriora
997 2882 1116 2937 qua:
1138 2882 1280 2937 nunc
1303 2881 1401 2920 nos
1425 2873 1620 2937 urgent
1645 2864 1918 2937 explicare
1942 2861 2117 2937 possi-

529 2932 677 3007 mus;
699 2949 861 3011 prout
889 2941 956 3011 ab
983 2932 1210 2994 eruditis
1235 2936 1462 3011 feliciter
1489 2932 1691 3011 factum
1716 2932 1820 3011 fuit
1839 2948 1979 3011 cuiu
1993 2932 2116 3011 aliis

529 3002 784 3068 Ecclesiae
813 3010 1062 3066 Patrihus
1102 3007 1486 3076 veteribusque
1515 3005 1908 3076 scriptoribus?
1943 3002 2117 3076 Digna

529 3092 676 3139 certe
703 3092 830 3138 sunt
857 3079 1324 3136 animadversione
1351 3073 1472 3147 qam
1509 3073 1700 3132 notant
1725 3074 1960 3147 Maurini
1987 3073 2115 3147 Am-

529 3154 906 3210 brosianorum
925 3148 1161 3220 Operum
1181 3143 1419 3220 editores
1441 3147 1508 3201 ad
1531 3147 1648 3220 duo
1661 3146 1832 3220 rela_ta
1852 3146 1972 3220 l_o_c_a
1995 3143 2118 3220 5m-

529 3223 718 3290 brosii,
741 3214 1128 3278 maxime-vero
1157 3219 1226 3274 ad
1254 3218 1481 3290 alterum
1508 3233 1577 3272 ex
1595 3217 1733 3273 libro
1761 3217 1830 3290 de
1851 3216 1983 3272 Fide
2008 3214 2116 3290 Re-

2209 585 2447 649 mentem
2475 607 2827 662 assequamur
2847 591 2900 662 in
2929 605 2993 645 ea
3015 588 3084 642 de
3110 601 3232 662 qua
3247 585 3453 662 agimus
3470 599 3562 662 re;
3583 593 3644 662 εξ
3661 587 3798 662 tunde

2208 681 2338 736 vera
2369 655 2818 736 interpretatione
2836 661 3099 736 donemus
3128 655 3379 736 ambigua
3400 670 3524 736 qua:
3545 655 3714 736 habei
3733 659 3799 710 ad

2210 735 2456 808 Lapaam,
2479 728 2659 807 capite
2678 734 2732 801 8,
2751 749 2831 808 ex
2858 734 3055 808 quibus
3079 731 3286 808 medius
3316 728 3404 781 ille
3431 735 3608 781 status
3627 729 3803 797 prima

2208 800 2386 864 fronte
2407 800 2650 879 apparet,
2673 806 2766 876 qui
2793 800 2969 874 neque
2989 804 3058 856 sit
3076 800 3270 879 _glor_'iaa
3293 808 3464 879 status
3483 812 3666 868 neque
3685 812 3800 868 pte-

2211 895 2313 946 ntn,
2345 871 2645 950 sed'paenw'
2668 871 2897 950 tantum
2922 875 3148 950 vet-otio;
3183 871 3530 950 ln_su_perius
3569 883 3802 950 namque

2211 939 2663 1021 expensis-verbis
2683 946 3094 1021 Explanaiionia
3109 939 3365 1021 Symboli',
3388 940 3572 1021 capite
3603 939 3692 1021 13:,
3701 940 3800 1021 ubi
3841 1012 3844 1016 η

2210 1010 2488 1076 ὁδ’ΐυιυτο
2518 1010 2811 1074 universali
2836 1016 3040 1086 judicio
3081 1010 3359 1084 loquitur:
3379 1031 3419 1086 _¢
3455 1010 3615 1086 Tunc
3643 1010 3803 1084 28‘
3837 1022 3840 1024 '

2206 1091 2358 1160 justi,
2373 1092 2562 1161 inquit,
2578 1081 2855 1160 fulgebunt
2877 1088 3017 1142 sicut
3030 1086 3110 1161 sol
3126 1081 3181 1139 ia
3195 1098 3364 1161 regno
3379 1081 3562 1161 Patris
3573 1081 3798 1161 ebrium?
3851 1149 3854 1161 1

2213 1150 2363 1232 impii
2394 1150 2521 1217 vero
2552 1150 2611 1216 et
2638 1150 2807 1230 iaiqui
2835 1161 2902 1232 _in
2928 1159 3181 1232 tenebras
3208 1150 3384 1232 inferi,
3407 1153 3498 1209 ubi
3521 1150 3802 1232 eritnﬁetns
3850 1150 3859 1206 Ξ

2212 1221 2492 1288 ορὺιοτυηι
2515 1239 2566 1286 et
2601 1221 2800 1286 stridor
2819 1229 3077 1285 dentium.
3102 1248 3119 1278 ι
3138 1227 3252 1280 Duo
3262 1226 3352 1280 hic
3373 1232 3553 1279 status
3567 1239 3599 1276 a
3620 1221 3803 1278 Niceta
3845 1237 3853 1266 '-

2212 1303 2627 1372 distinguuntur,
2639 1301 3131 1374 juslommiitregno
3143 1296 3350 1374 Patris,
3359 1303 3414 1350 et
3425 1297 3727 1374 inigenium
3751 1296 3802 1348 in

2215 1364 2445 1428 tenebras
2471 1364 2659 1444 inferi:
2675 1372 2902 1444 Ubinam
2931 1364 3094 1438 igitdr
3113 1368 3274 1444 etiam
3297 1367 3388 1444 hic
3399 1364 3548 1444 apud
3563 1364 3802 1444 Nieetam

2212 1445 2405 1500 tertius
2426 1435 2644 1510 ille,'seu
2671 1443 2899 1508 medius,
2913 1435 3084 1496 status
3104 1441 3307 1508 absque
3327 1435 3499 1510 gloria
3528 1445 3586 1510 et
3608 1435 3804 1504 absque

2213 1530 2392 1586 pmna,
2425 1507 2530 1586 ubi
2543 1516 2614 1569 sit
2641 1523 2852 1568 tantum
2886 1507 3053 1586 preme
3079 1507 3314 1586 uacatio?
3343 1507 3662 1586 Notandum
3685 1522 3804 1561 vero

2214 1576 2361 1656 quod
2381 1576 2443 1640 in
2476 1584 2860 1656 Explanatione
2889 1576 3124 1654 Symboli
3154 1581 3227 1656 ita
3259 1579 3520 1656 loquitur
3557 1576 3803 1656 Nicetes;

2216 1648 2270 1711 in
2293 1648 2666 1711 lucubratione
2695 1648 2977 1720 videlicet,
2999 1667 3121 1722 quae
3151 1651 3273 1706 ﬁdei
3311 1650 3574 1722 dogmata
3609 1648 3801 1722 tradit,

2215 1742 2443 1796 quaeque
2463 1727 2623 1784 simul
2644 1725 2767 1780 ﬁdei
2789 1719 3034 1782 auctoris
3049 1723 3315 1796 suitestis
3335 1729 3420 1777 est
3439 1719 3805 1790 locupletissi-

2216 1793 2324 1851 ma.
2355 1793 2601 1852 Tertium
2639 1797 2849 1866 itaque,
2882 1811 2980 1851 seu
3004 1794 3269 1859 medium,
3299 1793 3690 1866 hunestatum
3717 1805 3806 1860 pro

2217 1867 2506 1949 baptizatis
2547 1861 2752 1949 adultis
2787 1861 3401 1949 nequaqua'mmagnevit
3431 1861 3709 1949 Nieetas“:
3733 1877 3804 1949 lac

2217 1932 2413 2009 merito
2440 1946 2730 2009 propterea
2758 1932 3045 2009 clarissimi
3066 1932 3703 2009 Billiiiiuterpretatione
3720 1932 3806 2009 (l_o-

2219 2007 2398 2091 u'anda
2415 2004 2800 2091 situt—ejusdem
2820 2008 2984 2063 verba
3013 2006 3353 2091 att-virginem
3381 2004 3806 2091 lapsamrcapite

2217 2079 2280 2142 8,
2307 2090 2364 2136 ut
2386 2081 2501 2151 ipse
2527 2075 2735 2135 scilicet
2762 2079 2988 2134 innuere
3007 2075 3239 2132 voluerit
3265 2075 3470 2151 lapsam
3506 2075 3664 2151 illam
3682 2117 3697 2140 ,
3721 2089 3807 2145 per

2216 2146 2483 2206 sinceram
2508 2166 2660 2206 suam
2691 2165 2757 2205 ac
2775 2157 3213 2220 perseverantem
3245 2146 3665 2220 paenitentiam,
3709 2161 3805 2201 non

2218 2223 2438 2305 gloriam
2464 2221 2682 2305 quidem
2703 2217 2851 2305 iilam
2877 2219 3068 2274 audere
3084 2235 3314 2305 sperare,
3337 2217 3806 2305 qumhi‘nnocentes

2221 2287 2276 2348 in
2292 2293 2428 2348 cmlo
2445 2287 2628 2348 manet
2639 2291 2974 2363 multumque
2988 2287 3335 2363 promeritos,
3352 2287 3446 2363 sed
3462 2287 3702 2358 gloriam
3724 2287 3807 2342 ali-

2219 2378 2381 2433 quam
2410 2363 2759 2419 nihilominus
2781 2359 2950 2416 inﬁmi
2976 2359 3193 2433 gradus,
3215 2375 3380 2433 quam
3409 2359 3530 2428 ipse
3563 2373 3668 2433 per
3704 2375 3803 2429 pe-

2219 2428 2303 2489 rire
2323 2435 2641 2488 vacationem
2667 2428 3008 2501 signiﬁcavit.
3042 2431 3110 2486 Et
3145 2428 3373 2501 gloriam
3394 2437 3551 2485 certe
3575 2428 3802 2501 aliquam

2217 2505 2458 2560 indicare
2480 2505 2710 2560 voluisse
2721 2499 2973 2560 Nicetam
2994 2519 3090 2570 per
3108 2499 3251 2557 hanc
3269 2517 3456 2570 poem,
3471 2515 3632 2570 quam
3647 2499 3795 2566 dixit,

2217 2577 2567 2642 vacationem;
2597 2576 2765 2630 verba
2792 2576 2956 2630 etiam
2982 2571 3070 2629 illa
3096 2617 3110 2640 ,
3153 2573 3210 2628 ni
3249 2571 3506 2642 fallimur,
3545 2572 3677 2625 satis
3696 2571 3794 2642 do-

2217 2655 2360 2711 cent,
2391 2661 2512 2715 quae
2535 2648 2650 2718 ipse
2673 2646 2872 2718 ibidem
2893 2647 2948 2718 in
2971 2660 3032 2718 os
3059 2644 3225 2715 lapsae
3254 2641 3418 2718 illius,
3451 2656 3641 2718 quam_
3663 2641 3794 2695 allo-

2216 2712 2516 2787 quebatur,
2554 2712 2726 2772 veluti
2767 2715 3081 2772 infundebat
3097 2712 3133 2782 ,⁷
3156 2723 3226 2787 ut_
3262 2713 3456 2787 iisdem
3502 2712 3800 2787 orationem

2217 2783 2372 2860 suam
2401 2789 2728 2860 compleret,
2749 2803 2866 2860 qua
2895 2785 3381 2860 misericordiama
3423 2783 3662 2860 Domino
3685 2797 3801 2860 eam

2217 2859 2499 2928 deprecari
2527 2853 2725 2914 debere
2746 2853 2886 2913 iater
2908 2857 3241 2928 pmnitentiae
3272 2856 3490 2912 labores
3510 2853 3799 2928 edocebat,

2218 2924 2522 2999 quibusque
2543 2929 2722 2999 verbis
2751 2924 2978 2983 libellam
2993 2928 3155 2999 illum
3176 2943 3333 2984 suum
3353 2935 3586 2999 sanctus
3606 2924 3802 2999 episco-

2217 2996 2319 3072 pus
2345 2996 2546 3072 claudit
2571 3019 2584 3053 :
2621 3019 2640 3052 ‹
2670 2998 2786 3056 Hoc
2809 3000 2942 3072 mihi
2971 2998 3204 3072 don_um,
3234 2999 3373 3072 hanc
3411 2996 3559 3072 mihi

2218 3067 2287 3126 de
2309 3078 2403 3142 tuo
2425 3071 2578 3142 fonte
2592 3071 2835 3142 praestari
2864 3069 3044 3141 cupio,
3068 3068 3229 3135 Deus,
3254 3077 3313 3123 ut
3339 3070 3394 3124 in
3423 3067 3700 3123 aeternum
3717 3067 3802 3142 tibi

2217 3140 2530 3197 conﬁtear.»
2551 3139 2654 3210 Qui
2693 3156 2858 3212 porro
2887 3139 3124 3212 postulat
3151 3142 3300 3212 utin
3341 3148 3606 3212 (ater-num,
3648 3139 3802 3212 conﬁ—

2221 3157 2530 3197 conutear.»
2551 3157 2654 3210 um
2731 3157 2858 3197 orro
2887 3157 3124 3212 postulat
3151 3157 3210 3195 ut
3244 3157 3300 3194 ιη
3341 3157 3602 3194 mentum
3648 3157 3802 3206 coup—

2221 3221 2389 3268 teatur
2416 3212 2560 3280 Deo;
2588 3157 2758 3283 quid),
2807 3228 3021 3282 quaeso,
3052 3211 3311 3283 postulat,
3343 3210 3451 3283 nisi
3490 3219 3560 3283 ut
3592 3211 3648 3264 in
3677 3209 3803 3283 uelo

529 3281 904 3359 surrectionis,
931 3291 1024 3347 ubi
1043 3291 1280 3346 medium
1309 3289 1460 3344 illum
1487 3296 1685 3344 statum
1703 3329 1719 3354 ,
1745 3288 1814 3344 de
1850 3301 1961 3359 quo
2000 3287 2114 3356 agi-
2137 3292 2186 3355 ο
2215 3293 2341 3359 post
2355 3281 2649 3359 bujusvitaa
2663 3281 3212 3359 cu_rsum_eompos__sit
3233 3281 3459 3359 alicujus
3477 3281 3685 3359 saltem
3701 3281 3804 3350 glo-

529 3381 665 3429 mus,
684 3365 826 3421 nuda
841 3357 984 3419 illius
995 3364 1160 3417 verba
1175 3360 1580 3431 iuspicientibus
1590 3359 1865 3431 insinuare
1879 3357 2107 3431 videtur.

537 3455 555 3486 ι
589 3427 748 3490 Certe
777 3435 974 3491 frustra
993 3440 1148 3494 sunt,
1173 3427 1450 3501 inquiunt,
1474 3431 1568 3500 qui
1584 3445 1664 3501 ex
1685 3427 1996 3501 huiusmodi
2032 3427 2114 3484 lo—

530 3505 839 3561 cationibus
892 3504 1207 3575 opinionem
1247 3498 1317 3556 de
1361 3498 1540 3575 medio
1581 3499 1724 3575 inter
1775 3498 2002 3575 gloriam
2049 3514 2116 3575 ac

529 3590 717 3648 pinnas
743 3583 888 3648 statu
925 3568 1184 3648 attingunt
1201 3579 1389 3627 sancto
1423 3571 1652 3648 antistiti
1685 3589 1696 3624 :
1722 3584 1961 3648 namque
1988 3568 2112 3648 inii-

530 3640 658 3702 aitis
686 3647 818 3702 locis
840 3640 1301 3701 immortalitatem
1321 3641 1598 3716 suppliciis
1618 3645 1652 3698 ἀ
1670 3640 2110 3716 pioueopponit,

532 3727 592 3772 ut
618 3719 672 3771 in
701 3717 803 3772 hac
832 3717 950 3786 ipsa
978 3716 1257 3786 oratione,
1279 3711 1440 3786 num.
1459 3711 1512 3777 8,
1544 3711 1708 3786 pinna:
1736 3712 2113 3786 adﬁciemini-

530 3787 835 3840 mortalitati
855 3781 1074 3840 debitos.
1105 3783 1264 3850 Quod
1290 3783 1507 3852 quidem
1545 3781 1594 3837 si
1621 3781 2116 3852 JoannesDallaeus

531 3855 788 3910 attentius
826 3857 1256 3918 considerasset,
1309 3851 1526 3908 easdem
1572 3853 1830 3922 loquendi
1857 3851 2116 3909 formulas

529 3925 741 3981 minore
762 3926 964 3982 invidia
983 3923 1315 3980 traduxisset
1342 3923 1481 3978 libro
1501 3939 1539 3978 ιι
1566 3922 1634 3978 de
1647 3921 1754 3979 usu
1784 3921 2004 3977 Patrum
2025 3938 2116 3978 ca-

534 3997 648 4067 pite
674 3995 726 4050 4.
767 4019 786 4050 ι
815 3996 1106 4067 Salvianus
1119 4009 1345 4067 quoque
1375 3994 1457 4066 (ut
1482 4001 1710 4067 exteros
1736 4008 1882 4048 nunc
1894 4001 2117 4062 praeter-

528 4063 736 4137 éamus)
766 4068 860 4138 qui
882 4067 1071 4123 eadem
1089 4065 1289 4138 Nicetae
1303 4063 1464 4138 aetate
1473 4063 1685 4138 ﬂoruit,
1709 4070 1945 4138 mentem
1963 4078 2115 4138 suam

535 4153 699 4207 super
721 4133 827 4194 'ha'c
857 4139 972 4208 ipsa
1000 4151 1060 4192 re
1086 4136 1288 4208 clarius
1315 4134 1756 4208 manifestavegat
1800 4133 1994 4208 eodem
2040 4135 2117 4190 ci-

529 4205 646 4263 tato
674 4209 812 4263 libro
835 4205 1105 4264 Adversus
1125 4207 1442 4269 Avaritiam,
1465 4207 1645 4276 capite
1675 4206 1735 4272 5;
1761 4206 1855 4262 ubi
1874 4205 1942 4262 de
1970 4213 2116 4276 statu

531 4279 832 4350 animarum
861 4295 892 4334 a
923 4292 1155 4350 corpore
1191 4275 1556 4350 sejunctaruni
1595 4277 1823 4350 loquens
1845 4318 1860 4342 ,
1910 4275 2116 4330 nullum

531 4349 753 4403 omnino
793 4350 934 4404 inter
976 4347 1378 4405 damnationem
1407 4355 1463 4401 et
1507 4347 1734 4415 gloriam
1774 4354 1974 4402 statum
2003 4361 2118 4402 me-

533 4417 678 4472 dium
707 4435 808 4500 pro
837 4421 1039 4500 eisdem
1079 4419 1316 4500 agnovit.
1362 4437 1380 4470 ‹
1402 4417 1559 4500 ‘Ecce
1587 4418 1766 4500 iturus
1787 4417 2113 4500 e§_(inquit,

533 4487 751 4544 avarum
777 4491 1046 4547 hominem
1067 4487 1441 4560 campellans),
1460 4489 1632 4542 iturus
1657 4504 1735 4556 es,
1754 4487 2119 4560 infelicissimo

533 4560 792 4625 omnium,
818 4561 884 4615 ad
911 4577 1139 4617 examen
1166 4558 1400 4625 sacrum,
1425 4560 1494 4615 ad
1523 4560 1860 4615 tremendum
1881 4558 2010 4614 illud
2034 4559 2118 4614 in-

532 4629 979 4700 tolerandumque
1015 4632 1314 4700 judicium,
1365 4630 1458 4685 ubi
1501 4631 1869 4700 peregrinanti
1924 4629 2116 4684 anima:

533 4709 695 4769 atque
724 4702 896 4756 anxia:
941 4703 1143 4756 nullum
1189 4708 1373 4770 potest
1409 4701 1632 4757 omnino
1669 4716 1790 4756 esse
1816 4700 2069 4757 solatium
2091 4742 2107 4767 ,

533 4772 636 4825 nisi
667 4773 780 4827 sola
815 4771 1186 4828 tantummodo
1235 4772 1376 4826 bona
1422 4773 1845 4827 conscientia....
1887 4771 1979 4826 ubi
2015 4787 2111 4826 reo

532 4842 741 4896 homini
770 4844 974 4898 nullum
1003 4852 1085 4898 est
1105 4840 1454 4910 adjutorium,
1488 4842 1590 4896 nisi
1619 4843 1733 4898 sola
1762 4858 1917 4898 mens
1939 4841 2107 4910 larga,

531 4914 635 4968 nisi
663 4915 976 4984 pmniteutia
1003 4914 1364 4969 fructuosa....
1396 4913 1488 4984 ubi
1513 4914 1745 4983 denique
1763 4928 1862 4984 pro
1883 4913 2111 4969 diversi-

461 4994 473 5053 ξς
534 4992 644 5038 tate
665 4983 1009 5048 meritorum,
1041 4993 1136 5040 aut
1168 4998 1434 5038 summum
1458 4983 1658 5038 bonum
1693 4983 1964 5052 invenies,
2017 4991 2114 5038 aut

531 5069 800 5125 summum
850 5058 1090 5121 malum,
1140 5062 1263 5125 aut__
1292 5055 1594 5110 immortale
1648 5055 1965 5125 praemium,
2019 5062 2114 5110 aut

531 5125 649 5178 sine
672 5123 774 5180 ﬁne
797 5134 1141 5182 tormentum.
1168 5146 1186 5178 ι
1218 5123 1447 5179 Ubinam
1467 5126 1557 5180 hic
1575 5123 1782 5180 medius
1810 5125 1901 5181 ille
1919 5133 2108 5192 status,

530 5209 708 5267 neque
734 5197 919 5264 gloriaa
959 5211 1133 5266 neque
1173 5211 1484 5267 poenarum,
1526 5211 1688 5266 quem
1715 5195 1998 5252 Salvianus
2025 5214 2118 5252 su-

571 5266 714 5320 erius
741 5267 906 5323 allato
934 5269 1056 5323 loco
1096 5266 1206 5320 tam
1244 5267 1490 5323 absolute
1529 5268 1751 5323 innuere
1789 5267 2116 5324 videbatur?

581 5337 774 5391 bscura
803 5338 964 5406 igitur
986 5355 1085 5410 per
1111 5339 1492 5410 clara_optime
1513 5339 1883 5410 enucleantur,
1915 5339 1963 5394 si
1982 5339 2118 5410 scri-

531 5415 718 5480 ptores
762 5408 1117 5480 scriptoribus
1153 5408 1493 5465 conferamus
1517 5449 1531 5472 ,
1574 5409 1686 5480 ubi
1709 5410 1892 5479 plures
1937 5409 2117 5464 adsint

532 5479 693 5550 unius
723 5478 1072 5550 ejusdemque
1093 5481 1375 5550 scriptoris
1397 5478 1857 5547 elucubratiOnes,
1889 5487 1984 5534 aut
2022 5481 2115 5535 ubi

529 5549 796 5621 prolixiOr
829 5551 1016 5606 eadem
1050 5552 1121 5605 sit
1170 5549 1535 5617 eiucubratio,
1566 5561 1621 5606 et
1664 5565 1823 5607 causa
1861 5552 2114 5621 scriptori

531 5634 642 5690 non
670 5620 811 5676 desit
849 5636 964 5676 rem
1002 5622 1246 5678 eamdem
1275 5623 1471 5678 iterato
1513 5622 1830 5690 attingendi.
1875 5620 2114 5678 Tentan-

532 5687 658 5743 dum
682 5693 1199 5763 pmptereaialiquid
1226 5691 1534 5763 hujusmodi
1563 5687 1830 5749 estetiam
1851 5693 1906 5748 in
1927 5693 2112 5750 Niceta

533 5767 767 5841 nostro:
799 5763 944 5841 quod
966 5762 1193 5818 fortasse
1221 5762 1430 5820 facilius
1455 5765 1693 5841 cederet,
1724 5765 1772 5821 si
1797 5764 1904 5820 alia
1929 5764 2108 5831 illius,

529 5841 653 5906 qua;
672 5833 1009 5900 interierunt,
1034 5844 1376 5904 superessent
1403 5837 1680 5906 opuscula.

604 5899 802 5958 Verum
829 5919 938 5960 non
962 5899 1118 5961 abest
1128 5908 1347 5962 omnino
1377 5899 1454 5964 ab'
1473 5908 1538 5962 iis
1566 5909 1730 5962 etiam
1749 5906 1948 5964 Niceta:
1977 5907 2111 5963 scri-

1129 6009 1222 6032 -.λιρἿ
1243 6014 1278 6032 \,—-
1369 6015 1372 6018 ι
1419 6015 1426 6026 -.

2138 4666 2194 4727 D

2217 3350 2312 3424 riae
2355 3350 2668 3421 beatorum,
2709 3355 2777 3411 de
2817 3355 3012 3424 quibus
3027 3350 3182 3409 'solis
3219 3350 3381 3424 recte
3404 3351 3634 3416 dicitur,
3662 3350 3801 3420 juxta

2214 3423 2612 3497 scripturarum
2633 3423 2886 3497 loquendi
2914 3424 3154 3497 modum,
3171 3423 3386 3494 quodin
3407 3432 3668 3497 (rtemann
3694 3439 3802 3497 ceu-

2213 3494 2629 3568 ﬁtea'ntuereo?
2656 3494 2837 3568 Romae
2861 3495 3024 3568 igitur
3045 3498 3370 3568 vacationem
3394 3494 3556 3568 satis,
3581 3503 3643 3549 ut
3664 3494 3800 3568 vide-

2213 3563 2324 3639 iur,
2355 3563 2904 3639 explicavitiNicetas'
2941 3567 3103 3622 etiam
3145 3566 3200 3639 in
3234 3567 3355 3636 ipso
3385 3565 3459 3618 ad
3487 3563 3722 3639 Lapsae:
3745 3565 3801 3619 li-

2215 3636 2382 3721 bello,
2414 3635 2524 3721 rion
2551 3638 2888 3721 quidemper
2913 3645 3120 3721 statum
3137 3635 3372 3719 aliquem
3672 3637 3799 3721 inter

2215 3710 2442 3781 gloriam
2471 3717 2526 3765 et
2569 3707 2998 3781 damnationem,
3030 3708 3126 3781 sed
3146 3724 3243 3781 per
3262 3708 3442 3781 ipsum
3467 3707 3660 3776 gloriae
3693 3715 3794 3781 stas

2216 3776 2333 3838 tum
2360 3781 2415 3836 in
2443 3781 2580 3836 cmlo
2613 3795 2734 3835 cum
2763 3779 2967 3846 beatis;
3006 3779 3111 3835 etsi
3139 3776 3324 3848 gloriae
3354 3776 3595 3833 fortasse
3628 3778 3790 3847 exigui

2217 3860 2314 3908 aut
2330 3852 2498 3906 inﬁmi
2525 3851 2737 3921 gradus.
2758 3849 2954 3918 Quidni
2979 3866 3106 3906 vero
3130 3865 3227 3920 per
3250 3849 3568 3921 verhailla,
3591 3852 3684 3904 etsi
3698 3865 3792 3904 non

2217 3925 2460 3994 gloriam,
2477 3919 2781 3994 intenderit
2809 3921 3024 3994 Nicetes
3042 3919 3372 3994 peculiarem
3401 3919 3562 3994 illam
3603 3928 3792 3994 tantum

2219 3990 2380 4061 atque
2407 3993 2777 4047 sublimiorem
2806 3993 2860 4046 in
2889 3990 3288 4062 caelis—gloriam
3307 3990 3622 4061 virginibus
3647 3991 3786 4062 desti-

2219 4072 2429 4130 natam,
2459 4079 2622 4132 quam
2660 4071 2807 4118 certe
2851 4061 3078 4133 sperare
3116 4077 3412 4132 numquam
3449 4077 3592 4117 ausa
3631 4061 3788 4117 fuisset

2218 4142 2343 4204 post
2371 4134 2580 4204 lapsum
2622 4150 2776 4188 suum
2825 4135 2978 4202 virgo
3027 4133 3118 4190 illa
3154 4133 3430 4202 fmdifraga
3469 4133 3796 4204 quantalibet

2216 4203 2537 4275 pmnitentia
2555 4247 2570 4268 ,
2600 4213 2659 4259 ut
2680 4205 2884 4274 optime
2916 4213 3181 4275 annotant
3209 4205 3276 4259 ad
3299 4204 3444 4275 hunc
3475 4203 3670 4275 locum
3697 4204 3796 4275 lau-

2219 4273 2331 4331 dati
2347 4273 2574 4346 Maurini
2595 4273 3076 4330 Ambrosianorum
3090 4274 3325 4346 Operum
3343 4273 3620 4346 editores?
3629 4274 3800 4330 Adhuc

2221 4347 2404 4416 itaque
2433 4345 2640 4401 facilius
2668 4346 2721 4400 in
2743 4354 2948 4401 rectum
2970 4345 3274 4402 communis
3292 4345 3562 4401 doctrinae
3597 4360 3800 4401 sensum

2220 4417 2420 4473 Niceta:
2445 4418 2617 4473 nostri
2644 4419 2808 4472 verba
2832 4416 3126 4471 habeamus
3166 4432 3230 4472 ac
3257 4417 3623 4488 suscipiamus
3652 4432 3802 4488 opor-

2221 4496 2320 4554 tet;
2335 4497 2393 4543 ut
2410 4490 2626 4544 tertium
2649 4488 2798 4543 illum
2820 4495 3019 4542 statum
3038 4497 3160 4558 post
3172 4496 3424 4552 mortem,
3443 4503 3548 4558 pro
3571 4487 3802 4558 baptiza-

2222 4559 2293 4613 tis
2309 4559 2542 4628 adultis,
2571 4559 2822 4615 eumdem
2847 4559 3155 4628 neutiquam
3178 4558 3796 4628 admisissejudicemus.

2291 4627 2519 4686 Gravius
2546 4646 2689 4685 nunc
2713 4629 2912 4700 aliquid
2937 4627 3092 4700 sexto
3121 4629 3242 4700 loco
3283 4627 3597 4700 expendere
3624 4643 3805 4700 aggre-

2217 4700 2414 4766 dimur,
2445 4701 2590 4771 quod
2631 4702 2699 4756 ad
2726 4699 2931 4756 rectam
2971 4699 3172 4756 Niceta:
3210 4699 3369 4755 ﬁdem
3408 4710 3630 4771 spectat
3669 4702 3724 4756 in
3750 4717 3806 4756 re

2218 4773 2401 4842 magni
2427 4773 2710 4827 momenti.
2741 4772 3166 4828 Novatianorum
3187 4772 3330 4826 enim
3369 4779 3425 4827 et
3451 4772 3804 4842 montanisu-

2218 4841 2340 4899 rum
2368 4844 2540 4899 errori
2559 4842 2801 4900 Nicetam
2821 4842 3017 4897 favisse
3036 4841 3297 4912 suspicati
3329 4849 3457 4912 sunt
3485 4841 3680 4911 aliqui,
3716 4859 3804 4899 su-

2217 4929 2318 4985 per
2334 4921 2679 4985 peccatorum
2699 4914 3038 4985 reinissione,
3064 4913 3118 4985 in
3135 4911 3246 4968 suo
3267 4913 3336 4967 ad
3364 4911 3597 4985 Leptam
3627 4913 3804 4969 libello

2219 4982 2398 5056 aapite
2425 4983 2493 5056 8,
2539 5000 2687 5040 num.
2716 4983 2813 5050 58,
2855 4985 2947 5056 ubi
2974 4985 3049 5038 ita
3077 4984 3287 5056 lapsam,
3307 4982 3461 5039 suam
3489 4982 3805 5053 alloqueba-

2219 5063 2310 5110 tur
2341 5075 2354 5110 :
2393 5075 2412 5108 ς
2445 5055 2648 5113 inhaere
2672 5055 3001 5126 paenitentia:
3029 5070 3199 5124 usque
3227 5055 3295 5109 ad
3327 5062 3635 5126 extremum
3665 5058 3803 5119 Viue,

2220 5142 2330 5200 nec,
2349 5128 2444 5200 tibi
2479 5124 2772 5200 prmsumas
2799 5127 2866 5200 ab
2879 5127 3126 5200 humana
3153 5127 3242 5200 die
3269 5126 3484 5200 veniam
3507 5124 3660 5200 dari;
3686 5127 3806 5200 quia

2217 5197 2418 5269 decipit
2461 5190 2514 5255 te
2540 5198 2634 5269 qui
2656 5198 2760 5253 hoc
2798 5196 2894 5252 tibi
2937 5197 3184 5269 polliceri
3219 5197 3471 5269 voluerit.
3507 5190 3806 5262 Qﬁzeaim

2218 5267 2442 5352 proprie
2451 5267 2834 5352 .in_Do_minum
2863 5267 3100 5352 peccasti
3129 5269 3199 5322 ab
3225 5267 3344 5352 ipso
3369 5267 3580 5352 solante
3609 5283 3806 5352 conve:

2218 5335 2299 5393 nit
2323 5335 2382 5394 in
2411 5337 2499 5396 die
2522 5339 2708 5408 judicii
2730 5335 3048 5409 exspactare
3067 5335 3387 5410 remedium.
3425 5357 3446 5391 ι
3479 5335 3642 5410 Esto,
3665 5337 3805 5410 quod

2219 5425 2390 5480 usque
2411 5411 2478 5466 ad
2499 5419 2799 5467 extremum
2827 5408 2953 5465 vitae
2980 5409 3357 5480 penitentiam
3397 5423 3564 5478 agere
3613 5408 3805 5464 debeat

2217 5479 2370 5549 virgo
2390 5482 2504 5538 hau:
2532 5482 2700 5552 lapsa,
2720 5481 2874 5549 juxta
2887 5479 3228 5552 disciplinam
3246 5479 3316 5536 de
3336 5481 3645 5552 quaicapite
3671 5493 3804 5550 prae-

2219 5552 2432 5608 cedenti
2460 5551 2663 5608 dictum
2692 5553 2790 5607 fuit
2816 5571 2827 5605 :
2859 5552 2988 5621 quid
3016 5551 3294 5623 estnunc,
3321 5551 3466 5621 quod
3492 5565 3803 5623 prmerg

2217 5623 2333 5694 ipsa
2358 5639 2466 5680 non
2492 5623 2688 5679 debeat
2714 5623 2779 5677 ab
2819 5619 3050 5678 [trimam
3067 5622 3298 5694 dic;sibi
3326 5619 3528 5694 deuiam
3559 5623 3712 5694 clari;
3753 5619 3804 5694 id

2216 5690 2301 5750 est
2325 5695 2470 5764 quod
2493 5709 2713 5765 sperare
2734 5709 2841 5748 non
2871 5695 3043 5764 possit
3063 5695 3131 5748 ab
3157 5692 3413 5748 Ecclesia:
3439 5690 3802 5765 clavib_us_ad-

2210 5763 2470 5835 jutorium
2513 5763 2625 5820 sive
2647 5763 3044 5820 absolutionem
3065 5781 3094 5818 a
3116 5765 3374 5834 peccatis,
3400 5770 3456 5818 et
3481 5763 3630 5835 quod
3653 5763 3800 5818 illam

2216 5837 2442 5908 decipiat
2461 5837 2554 5906 qui
2576 5836 2683 5891 hoc
2712 5837 2889 5908 eide_m
2917 5837 3148 5906 polliceri
3177 5836 3429 5900 voluerit;
3460 5834 3626 5905 285
3666 5848 3799 5908 quo-

2216 5902 2361 5962 niam
2379 5902 2501 5976 quae
2518 5909 2726 5976 proprie
2746 5908 2800 5962 in
2813 5902 3091 5963 Dominum
3111 5915 3428 5975 peccaverat,
3445 5902 3511 5959 αῖ
3531 5902 3646 5968 ἷρὶο
3668 5902 3797 5969 solo,
