4100 6196
436 148 1536 162 ...ν-ηασφ--υσ--ισ--σ--υ-ανοα-τ-ο

436 148 1536 162 ...η’-...υ--ισ--ισ--σσ--υ-,νοαφ-ς

323 145 3545 206 W

814 193 979 202 ——
1011 189 1540 201 -————_——-.———-—

635 523 638 532 ι
797 279 1758 638 SANCTI
1915 429 3045 642 JOANNIS
3215 289 3218 292 ’

1383 862 2472 1007 CHRYSOSTOMI,

689 1189 1604 1284 ARCHIEPISCOPI
1680 1117 3191 1316 CONSTANTINOPOLITANI,

1573 1487 2015 1601 OPUSC
2036 1489 2311 1604 ULA

1213 1795 1312 1858 DE
1356 1797 1689 1858 MOTIBUS
1732 1798 2682 1876 CONSTANTINOPOLITANIS,

990 2059 1200 2114 DIOUE
1238 2061 1317 2107 IIS
1355 2059 1497 2118 Ωυδ
1545 2061 1628 2104 ΑΒ
1660 2059 2006 2114 UTRUMQUB
2048 2061 2195 2105 EJUS
2225 2060 2524 2107 EXSILIUM
2565 2063 2609 2108 S]

1284 2062 1317 2107 S
1355 2059 1497 2118 008
1545 2061 1628 2104 ΑΒ
1660 2059 2006 2114 UTRUMQUB
2048 2061 2195 2105 EJUS
2225 2060 2524 2107 EXSILIUM
2565 2029 2903 2112 εΡΕετΔΝτ.

1503 2559 1657 2639 [5⁷9]
1705 2556 2431 2653 PROOEMIUM.

408 2834 600 2894 Visum
629 2841 715 2892 est
745 2849 814 2893 ea
846 2833 1036 2893 omnia
1061 2833 1338 2907 Opuseula
1372 2851 1496 2908 qua:
1534 2835 1604 2891 ad
1648 2835 1939 2895 historiam
1978 2845 2228 2892 motuum
2275 2834 3048 2908 Constantinopolitanorum,
3083 2847 3140 2897 et
3179 2841 3246 2897 ad
3293 2847 3584 2915 utrumque
3624 2911 3626 2913 j

342 2949 713 3026 Chrysostomi
744 2951 1000 3008 exsilium
1027 2960 1293 3022 spectant,
1323 2953 1379 3007 in
1415 2952 1570 3023 prius
1599 2952 1765 3010 editis
1793 2953 1922 3009 hinc
1946 2960 2003 3008 et
2029 2952 2156 3009 inde
2186 2969 2394 3026 sparsa,
2421 2957 2722 3013 secundum
2753 2957 3013 3028 temporis
3034 2957 3285 3015 ordinem
3307 2958 3397 3016 hic
3422 2959 3588 3018 simul

341 3067 636 3136 collocare,
673 3077 730 3126 et
757 3066 1117 3140 epistolarum
1148 3069 1460 3129 collectioni
1493 3068 1845 3141 praemittere.
1873 3065 2015 3124 Sunt
2045 3077 2228 3124 autem
2257 3069 2375 3126 hac
2400 3071 2662 3142 opuscula
2689 3070 3005 3142 huiusmodi
3039 3088 3053 3122 :

415 3188 469 3245 1.
505 3189 740 3248 Homilia
766 3191 820 3246 in
853 3191 1178 3262 Eutropium
1202 3190 1520 3246 eunuchum
1545 3198 1604 3245 et
1632 3188 1947 3260 patricium,
1979 3188 2076 3261 qui
2103 3187 2172 3244 ad
2198 3188 2446 3245 ecclesias
2473 3189 2682 3260 asylum
2715 3188 3058 3260 confugerat.

410 3304 469 3362 2.
507 3305 741 3362 Homilia
770 3307 826 3362 in
857 3307 1112 3363 eumdem
1137 3306 1487 3376 Eutropium,
1513 3305 1607 3376 qui
1635 3305 1879 3361 ecclesia:
1903 3306 2050 3376 asylo
2085 3305 2277 3361 relicto
2306 3312 2502 3375 captus
2532 3312 2636 3360 cst.

412 3417 468 3475 3.
509 3418 742 3476 Humilia
773 3435 896 3476 cum
923 3421 1252 3477 Saturninus
1281 3428 1339 3476 et
1359 3421 1690 3476 Aurelianus
1723 3422 1830 3476 acti
1869 3429 2054 3477 essent
2083 3421 2139 3475 in
2158 3419 2436 3486 exsilium,
2473 3427 2530 3476 et
2551 3419 2753 3476 Ga'mas
2781 3433 3034 3492 egressus
3061 3424 3207 3472 esset
3243 3431 3310 3471 ex
3345 3412 3589 3470 civitate.

410 3531 469 3590 4.
507 3531 742 3589 Homilia
771 3532 1144 3604 Chrysostomi
1173 3542 1296 3604 post
1317 3532 1556 3588 reditum
1577 3548 1644 3590 ex
1668 3531 1816 3598 Asia,
1846 3547 1914 3587 ex
1945 3546 2055 3604 quo
2081 3531 2277 3588 itinere
2301 3529 2544 3591 Asiatico
2565 3530 2882 3586 occasiones
2909 3526 3196 3584 incusandi
3219 3522 3589 3596 Chrysostomi

589 3648 818 3711 captata;
845 3640 1020 3694 luere.

421 3754 476 3812 5.
519 3753 751 3810 Homilia
779 3769 874 3808 seu
906 3753 1252 3809 oratiuncula
1283 3753 1350 3808 de
1379 3753 1699 3825 recipiendo
1724 3752 2044 3819 Severiano,
2077 3753 2172 3825 qui
2202 3754 2568 3810 tumultuante
2597 3756 2798 3826 populo
2822 3756 3014 3825 pulsus
3037 3753 3238 3809 fuerat.

417 3871 475 3933 6.
514 3871 748 3928 Homilia
792 3887 889 3927 seu
935 3872 1283 3928 oratiuncula
1327 3872 1608 3929 Severiani
1694 3889 1820 3929 cum
1864 3883 2151 3945 susceptus
2188 3883 2332 3929 esset
2369 3889 2398 3928 a
2443 3874 2606 3929 beato
2653 3875 2861 3931 Joanne
2901 3875 3160 3946 episcopo
3205 3869 3605 3932 Constantino—

600 3987 866 4060 politano.

421 4113 478 4169 7.
519 4111 751 4169 Homilia
779 4121 1074 4184 antequam
1112 4113 1217 4169 iret
1243 4111 1299 4167 in
1327 4110 1603 4178 exsilium,
1630 4117 1687 4166 et
1713 4117 1872 4166 vetus
1903 4110 2086 4166 versio
2109 4109 2302 4165 Latina
2327 4109 2596 4179 ejusdem.
2697 4185 2707 4198 ἱ

421 4229 476 4287 8.
511 4231 695 4288 Altera
718 4240 1010 4302 antequam
1044 4230 1152 4286 iret
1189 4229 1244 4284 in
1271 4230 1545 4296 exsilium,
1585 4229 1892 4292 ἀνέκδοτος.

426 4345 480 4403 9.
519 4346 754 4403 Homilia
789 4357 914 4417 post
940 4347 1176 4404 reditum
1204 4363 1234 4402 a
1262 4348 1446 4418 priore
1472 4346 1687 4412 exsilio,
1719 4353 1774 4400 et
1797 4351 1956 4400 vetus
1987 4343 2167 4400 versio
2197 4343 2388 4398 Latina
2411 4341 2680 4415 ejusdem.

392 4461 483 4520 10.
523 4462 705 4519 Altera
737 4472 859 4535 post
889 4464 1123 4518 reditum
1148 4478 1177 4518 a
1203 4461 1387 4534 priore
1409 4462 1621 4518 exsilio.

395 4577 485 4634 Η.
521 4577 757 4632 Homilia
783 4577 850 4632 de
871 4575 1173 4632 Chananaea
1203 4584 1325 4646 post
1349 4577 1586 4632 reditum
1613 4575 1821 4632 habita.

393 4693 482 4749 l2.
521 4694 707 4763 Liber,
739 4715 756 4747 c
791 4694 947 4762 Quod
975 4711 1136 4751 nemo
1171 4694 1392 4752 lreditur
1416 4695 1523 4750 nisi
1550 4710 1581 4749 a
1616 4694 1819 4764 seipso,
1854 4713 1872 4745 ι
1903 4693 1973 4749 ab
2008 4693 2203 4748 exsilio
2233 4693 2492 4764 scriptus.

395 4806 485 4865 13.
525 4807 689 4864 Liber
710 4809 976 4864 adversus
998 4824 1094 4864 eos
1125 4808 1219 4878 qui
1249 4807 1604 4864 scandalizati
1632 4815 1778 4872 sunt,
1806 4807 1937 4861 item
1972 4805 2043 4861 ab
2073 4806 2266 4862 exsilio
2301 4807 2562 4878 scriptus.

468 4921 594 4981 Περ
624 4922 806 4980 omnia
829 4923 1090 4994 opuscula
1115 4937 1238 4978 cum
1268 4921 1486 4994 praeviis
1524 4922 1748 4977 monitis
1775 4920 2163 4991 subjiciuntur.

1759 5216 2194 5248 -—-.°.———

722 5453 990 5561 Parnm.
1031 5498 1145 5560 Gn.
1178 5498 1302 5561 LII.
3209 5478 3243 5554 1
