4100 6196
475 225 582 284 389
1170 229 1226 283 S.
1261 229 1545 286 JOANNIS
1583 227 2070 286 CHRYSOSTOMI
2127 228 2441 285 ARCHIEP.
2482 224 3026 288 CONSTANTINOP.
3616 222 3720 278 390

1471 429 1816 437 _———-—————

1822 429 2243 439 Ἥ

2249 429 2813 439 “~—

1901 753 2073 794 ΗΒΕΑ
2125 753 2206 794 DU
2221 752 2284 795 AS

1342 971 1777 1044 SEQUENTES
1837 969 1912 1029 IN
1975 969 2417 1028 EUTROPIUM
2477 968 2834 1032 HOMILIAS

1801 1221 2426 1317 MONITUM.

548 1525 838 1600 Eutropius
865 1529 1150 1585 eunuchus
1175 1530 1343 1600 gratia
1379 1531 1520 1601 apud
1555 1529 1948 1601 Imperatorem
1972 1529 2267 1586 Arcadium
2299 1531 2597 1602 plurimum
2627 1531 2857 1597 valebat,
2889 1530 3121 1602 ejusque
3148 1529 3374 1586 consilio
3394 1538 3448 1585 et
3474 1531 3716 1587 auctori-

473 1650 584 1697 tate
609 1658 840 1715 quaeque
869 1645 1104 1699 maxima
1139 1643 1353 1715 Imperii
1385 1645 1600 1716 negotia
1625 1645 1974 1717 gerebantur.
2005 1646 2054 1702 ls
2087 1662 2210 1703 cum
2251 1646 2480 1704 Joannis
2505 1647 2881 1720 Cltrysostomi
2925 1647 2978 1701 in
3031 1645 3214 1702 sedem
3249 1645 3707 1717 Constantinopoo

473 1753 698 1808 litanam
727 1755 1080 1825 promovendi
1107 1767 1300 1811 auctor
1331 1755 1545 1821 fuisset,
1587 1756 1746 1812 initio
1779 1757 1898 1828 ejus
1927 1758 2151 1814 monitis
2189 1758 2518 1829 placittsque
2553 1759 2696 1814 haud
2736 1776 2876 1830 :egre
2915 1775 3120 1814 morem
3161 1757 3402 1829 gerebat.
3444 1757 3549 1813 Sed
3589 1775 3713 1814 cum

473 1883 599 1925 eum
645 1869 705 1924 S.
733 1869 926 1926 doctor
957 1871 1028 1926 ob
1055 1871 1340 1926 avaritiam
1379 1870 1864 1942 ambitionemque,
1901 1871 2081 1928 amico
2119 1872 2243 1928 licet
2282 1873 2485 1940 animo,
2527 1873 2838 1944 frequenter
2872 1873 3206 1943 oltjnrgaret,
3250 1873 3303 1925 in
3343 1872 3462 1943 ejus
3500 1872 3713 1928 tandem

473 1982 830 2040 offensionem
867 1984 1112 2038 incurrit.
1141 1983 1282 2040 Inter
1311 1984 1417 2040 alia
1451 2000 1600 2053 vero,
1627 2001 1752 2057 quae
1784 1996 1977 2056 praeter
2009 1987 2386 2060 Chrysostomi
2419 1991 2706 2046 consilium
2740 2001 2794 2046 et
2827 1991 3158 2046 voluntatem
3188 1989 3490 2062 designavit
3527 1990 3717 2048 Eutro-

470 2109 619 2181 pius,
649 2109 818 2180 legem
847 2110 972 2165 ferri
1001 2109 1233 2174 curavit,
1261 2119 1319 2164 ut
1350 2108 1485 2179 asyli
1513 2117 1566 2164 et
1587 2109 1952 2165 immunitatis
1980 2109 2076 2181 jus
2097 2109 2341 2166 ecclesiis
2376 2111 2674 2166 tolleretur.
2709 2107 2858 2182 [580]
2884 2110 3082 2167 Verum
3115 2111 3166 2166 id
3199 2110 3284 2164 ille
3318 2109 3374 2163 in
3407 2109 3600 2178 capitis
3631 2109 3715 2164 sui

471 2224 764 2294 perniciem
794 2225 1016 2282 molitus
1041 2235 1124 2282 est
1154 2243 1168 2280 :
1197 2241 1318 2280 cum
1343 2224 1488 2280 enim
1517 2223 1871 2281 Consulatum
1903 2224 2032 2279 anni
2059 2225 2741 2296 undequadringentesimi,
2760 2225 2974 2280 Arcadii
3006 2235 3163 2290 nutu,
3198 2233 3516 2278 consecutus
3544 2231 3708 2283 esset,

472 2361 848 2404 universorum
899 2347 951 2401 in
981 2361 1041 2402 se
1070 2345 1252 2400 odium
1285 2345 1600 2401 concitavit.
1638 2344 1774 2401 Tum
1825 2345 2157 2416 Tribigildus
2205 2347 2503 2415 Tribunus,
2550 2349 2689 2404 clam
2736 2348 2949 2403 favente
2993 2347 3188 2411 Gaina,
3243 2353 3429 2401 coacta
3479 2345 3707 2398 militum

474 2477 660 2527 manu,
692 2476 724 2516 a
755 2459 1108 2516 formidolosa
1147 2459 1388 2530 principe
1426 2459 1754 2528 impetravit,
1788 2469 1847 2514 ut
1886 2459 2054 2530 gradu
2094 2461 2416 2530 dejiceretur
2455 2461 2749 2531 EutrOpius
2787 2480 2800 2516 :
2842 2462 2957 2531 qui,
2999 2460 3144 2530 quod
3183 2475 3350 2514 unum
3393 2459 3495 2528 ipsi
3524 2455 3710 2527 perfu-

473 2570 622 2643 gium
649 2570 930 2626 residuum
959 2579 1096 2634 erat,
1130 2569 1185 2624 in
1219 2569 1503 2623 ecclesiam
1536 2583 1596 2623 se
1629 2569 1850 2638 recepit,
1878 2577 1932 2623 ct
1957 2569 2188 2641 asylum,
2221 2571 2366 2640 quod
2404 2574 2518 2642 ipse
2547 2572 2920 2644 abrogandum
2960 2579 3262 2632 curaverat,
3311 2569 3538 2639 supplex
3568 2565 3718 2622 adire

473 2697 696 2741 coactus
723 2693 826 2741 est.
860 2683 1014 2740 Unus
1047 2691 1163 2739 tum
1195 2691 1250 2738 et
1277 2682 1412 2754 asyli
1437 2695 1491 2738 et
1521 2682 1762 2752 [-Iutropii
1802 2682 2056 2738 defensor
2083 2683 2256 2739 adfuit
2286 2684 2732 2756 Chrysostomus,
2767 2686 2859 2756 qui
2897 2684 3111 2740 fortiter
3136 2695 3190 2740 et
3224 2683 3457 2737 militum
3491 2679 3716 2751 impetui

472 2815 527 2861 et
554 2807 902 2876 Imperatoris
942 2806 1164 2862 decreto
1201 2805 1432 2871 obstitit,
1470 2814 1615 2860 etne
1655 2803 1748 2874 jus
1788 2803 2033 2860 ecclesia:
2055 2805 2348 2861 violaretur
2383 2807 2580 2863 effecit.
2624 2807 2816 2862 Verum
2858 2807 2974 2862 haec
3021 2806 3266 2876 pluribus
3309 2805 3362 2859 in
3401 2803 3518 2859 Vita
3543 2803 3718 2874 Chry-

472 2920 722 2974 sostomi.
765 2919 1087 2989 lnsequente
1131 2928 1257 2991 post
1297 2919 1541 2989 Eutropii
1587 2919 1641 2974 in
1682 2917 1972 2973 ecclesiam
2020 2927 2295 2989 receptum
2348 2921 2466 2986 die,
2493 2921 2634 2976 hanc
2681 2921 3141 2992 elegantissimam
3181 2921 3499 2977 concionem
3531 2920 3720 2976 habuit

475 3033 901 3106 Cltrysostomus
932 3054 944 3090 :
979 3036 1069 3089 ubi
1107 3033 1173 3091 de
1201 3033 1344 3090 fluxa
1381 3049 1563 3090 rerum
1601 3035 1962 3090 humanarum
1989 3037 2300 3092 conditione
2333 3036 2562 3093 mirifice
2587 3037 2829 3103 disserit,
2855 3035 3176 3107 Eutmpium
3215 3035 3523 3103 compellat,
3555 3049 3721 3104 expo-

476 3146 554 3200 nit
592 3162 755 3216 quam
785 3148 1095 3204 inconsulto
1129 3148 1525 3203 immunitatem
1557 3149 1800 3204 ecclesia:
1831 3149 2034 3207 violare
2065 3153 2373 3220 tentaverit,
2403 3169 2565 3223 quam
2593 3153 2707 3223 ipse
2747 3153 2893 3223 prior
2931 3153 3080 3207 adire
3119 3161 3172 3206 et
3196 3161 3446 3222 expetere
3473 3149 3718 3220 compul-

475 3285 570 3326 sus
601 3271 674 3326 sit
704 3288 718 3326 :
745 3270 814 3326 ad
843 3269 962 3339 ejus
989 3277 1170 3324 tamen
1199 3268 1630 3325 misericordiam
1672 3268 1854 3338 populi
1882 3277 2084 3325 coetum
2114 3270 2188 3326 ita
2215 3272 2536 3343 παθητικῶς
2582 3273 2844 3344 perpulit,
2875 3281 2934 3327 ut
2964 3271 3208 3328 omnium
3243 3272 3514 3342 lacrymas
3551 3284 3716 3325 excu-

478 3393 636 3441 teret.

543 3519 756 3588 Elapsis
795 3529 916 3590 post
948 3519 1092 3573 illam
1116 3519 1356 3575 habitam
1387 3520 1664 3576 homiliam
1694 3522 1900 3593 aliquot
1930 3523 2140 3590 diebus,
2168 3523 2459 3594 Eutropius
2489 3533 2547 3578 ut
2571 3524 2916 3580 inimicorum
2943 3524 3200 3580 excubias
3230 3523 3460 3587 falleret,
3492 3535 3720 3592 seseque

474 3635 795 3706 proriperet,
827 3635 894 3690 ab
930 3636 1166 3691 ecclesia
1194 3636 1423 3706 aufugit.
1461 3635 1660 3690 Verum
1689 3647 1900 3707 captus,
1933 3653 2168 3708 moxque
2207 3641 2259 3694 in
2303 3639 2540 3711 Cyprum
2581 3599 2871 3710 relegatus,
2911 3639 3215 3708 deindeque
3252 3636 3399 3692 haud
3437 3638 3510 3691 ita
3549 3637 3721 3690 multo

473 3755 666 3823 elapso
695 3762 938 3826 tempore
959 3753 1358 3810 Chalcedonem
1397 3755 1694 3823 adductus,
1727 3756 2016 3812 damnatus
2049 3758 2333 3830 capiteque
2365 3759 2557 3828 plextts
2603 3766 2706 3814 est.
2753 3758 2903 3814 Hanc
2953 3772 3114 3829 porro
3155 3755 3470 3828 tragoediam
3513 3757 3568 3811 in
3600 3753 3721 3810 Vita

475 3875 943 3948 Chrysostomijad
975 3889 1179 3930 annum
1209 3873 1314 3932 599
1345 3874 1594 3945 pluribus
1625 3875 1894 3935 recensita
1922 3875 2122 3931 habes:
2149 3890 2213 3931 ac
2248 3877 2416 3931 multa
2437 3890 2558 3946 qu:e
2575 3874 2642 3930 ad
2676 3874 2819 3930 hanc
2849 3873 3128 3930 historiam
3160 3871 3514 3943 spectant,vel
3538 3872 3721 3926 hacte-

473 4009 579 4048 nus
609 3994 831 4061 intacta,
859 3994 944 4048 vel
976 3993 1226 4049 intricata
1252 3992 1567 4058 admodum,
1605 3994 1671 4049 ad
1706 4008 1890 4049 veram
1929 4008 2350 4066 germanamque
2377 4007 2562 4049 rerum
2610 3992 2806 4048 seriem
2853 4005 2956 4046 nos
2997 3990 3280 4046 reduxisse
3313 4003 3618 4058 speramus.

550 4106 650 4162 Vix
677 4108 877 4178 elapsis
902 4108 1116 4164 duobus
1142 4117 1267 4179 post
1290 4107 1534 4177 Eutropii
1565 4107 1749 4178 fugam
1789 4107 1982 4162 diebus
2019 4107 2341 4163 concionem
2376 4115 2692 4178 sequentem
2731 4106 2916 4162 habuit
2955 4105 3380 4176 Cltrysostomus
3409 4120 3422 4156 :
3463 4105 3554 4161 ubi
3584 4105 3708 4176 qui-

472 4223 705 4278 busdam
740 4222 1038 4292 praemissis
1070 4222 1138 4276 de
1166 4222 1397 4277 utilitate
1418 4221 1666 4277 lectionis
1711 4221 2020 4275 divinarum
2063 4219 2494 4290 Scripturarum,
2532 4221 2814 4276 obsessam
2846 4219 3034 4290 paucis
3066 4229 3190 4274 ante
3221 4219 3412 4275 diebus
3435 4221 3715 4275 ecclesiam

473 4341 643 4398 fuisse
667 4352 872 4408 narrat,
906 4358 1085 4413 neque
1117 4352 1296 4399 tamen
1321 4344 1579 4400 traditum
1612 4343 1851 4397 inimicis
1876 4343 2222 4412 Eutropium,
2254 4342 2346 4413 qui
2379 4342 2425 4396 si
2453 4342 2738 4396 ecclesiam
2784 4357 2894 4396 non
2937 4341 3306 4406 deseruisset,
3356 4348 3547 4412 captus
3579 4355 3721 4395 nun-

473 4471 640 4526 quam
679 4455 890 4512 fuisset.
919 4455 1146 4512 Fluxam
1178 4457 1375 4512 iterum
1408 4457 1774 4512 humanarum
1804 4454 2125 4510 facultatum
2155 4455 2575 4526 divitiarumque
2608 4456 2974 4510 conditionem
3008 4456 3078 4510 ob
3102 4457 3287 4511 oculos
3311 4457 3460 4526 ponit
3492 4474 3504 4510 :
3537 4455 3719 4510 deser-

475 4584 702 4645 tumque
726 4575 858 4631 dicit
885 4576 954 4630 ab
983 4575 1193 4639 amicis,
1225 4591 1257 4630 a
1283 4575 1617 4642 domesticis,
1648 4591 1678 4630 a
1715 4575 1949 4630 fortunts
1983 4574 2238 4629 omnibus
2270 4573 2609 4643 Entropium.
2643 4574 2932 4646 Multisque
2960 4575 3157 4631 additis
3192 4575 3259 4630 de
3292 4589 3420 4630 vero
3447 4574 3719 4646 legitimo-

473 4705 580 4758 que
609 4666 922 4746 divitiarum
964 4707 1088 4758 usu,
1128 4691 1305 4762 deque
1333 4692 1440 4746 vita
1484 4691 1756 4761 praesenti,
1803 4707 1967 4762 quam
2010 4689 2502 4760 peregrinationem
2543 4703 2664 4743 esse
2711 4696 3124 4751 commonstrat,
3156 4687 3221 4740 ad
3252 4686 3503 4742 Ecclesia:
3532 4686 3719 4740 laudes

475 4811 693 4878 transit,
737 4811 967 4882 ejusque
1015 4811 1234 4881 nuptias
1283 4826 1408 4866 cum
1456 4809 1676 4865 Christo
1723 4787 1971 4879 pluribus
2020 4809 2390 4879 prosequitur,
2428 4809 2530 4861 hoc
2567 4805 2878 4875 frequenter
2908 4819 3042 4859 usus
3077 4802 3275 4858 Psalmi
3319 4787 3720 4872 quadragesimi

475 4926 654 4996 quarti
697 4927 988 4993 versiculo,
1025 4927 1212 4981 Astitit
1244 4927 1424 4998 regina
1451 4943 1482 4981 a
1513 4927 1716 4980 dextris
1746 4927 1850 4979 tuis
1878 4925 1929 4979 in
1960 4925 2150 4979 vestitu
2188 4923 2479 4986 deaurato,
2516 4931 2620 4976 etc.
2674 4919 2847 4989 Hujus
2899 4927 3080 4975 autem
3123 4914 3376 4970 versiculi
3428 4915 3719 4970 occasione

479 5042 716 5100 Savilius
743 5052 799 5100 et
826 5043 1030 5101 Fronto
1057 5044 1286 5103 Ducaaus
1315 5047 1458 5102 hanc
1489 5046 1805 5101 concionem
1836 5044 1978 5100 inter
2008 5042 2273 5098 Homilias
2299 5043 2478 5096 varias
2511 5040 2564 5093 in
2602 5037 2850 5093 Psalmos
2878 5036 3211 5095 locaverunt,
3241 5030 3570 5086 reclamante
3595 5029 3721 5084 licet

476 5165 530 5210 et
554 5157 709 5212 titulo
733 5168 788 5215 et
813 5159 983 5231 priori
1015 5161 1253 5216 homilia-
1286 5169 1460 5232 parte,
1490 5157 1584 5212 ubi
1609 5156 1674 5212 de
1696 5167 1854 5224 capto
1883 5169 1914 5209 a
1941 5153 2206 5208 militibus
2237 5150 2497 5219 Eutropio
2526 5147 2775 5218 pluribus
2810 5145 3002 5214 agitur.
3034 5141 3324 5194 Enimvero
3355 5139 3470 5194 haec
3496 5138 3720 5194 ltomilia

479 5270 698 5326 ubinam
724 5275 1066 5329 commodius
1087 5273 1311 5339 locetur,
1343 5287 1505 5342 quam
1543 5280 1668 5341 post
1703 5269 1849 5324 illam
1889 5269 2009 5338 ipso
2037 5275 2301 5336 praesente
2329 5262 2589 5331 Eutropio
2622 5257 2898 5314 habitam?
2927 5255 2985 5310 In
3010 5256 3100 5310 illa
3125 5256 3327 5326 quippe
3348 5255 3415 5310 de
3443 5251 3707 5321 Eutropio

478 5383 720 5439 ecclesiae
747 5383 957 5455 asylum
985 5392 1037 5438 et
1062 5381 1374 5451 praesidium
1415 5381 1737 5451 implorante
1769 5379 1974 5449 agitur;
2002 5377 2054 5430 in
2089 5376 2192 5430 hac
2220 5389 2350 5430 vero
2393 5372 2460 5428 de
2487 5372 2677 5427 eodem
2712 5370 2964 5424 eunucho
2991 5377 3115 5439 post
3148 5368 3436 5424 dimissum
3465 5361 3709 5421 ecclesia:

479 5497 691 5569 asylum
724 5505 881 5567 capto
905 5512 1086 5553 sermo
1117 5496 1365 5551 habetur.
1397 5494 1720 5566 Hujusmodi
1751 5500 1930 5546 autem
1970 5489 2220 5543 ltomilias
2249 5485 2581 5557 separandas
2615 5497 2724 5538 non
2753 5497 2873 5538 esse
2899 5496 3022 5536 cum
3056 5482 3173 5552 ipsa
3201 5481 3358 5547 ratio,
3384 5490 3498 5537 tum
3531 5475 3715 5535 crudi-

481 5625 684 5682 tonum,
707 5630 842 5690 quos
857 5615 1248 5680 consuluimus,
1279 5611 1545 5684 judicium
1578 5609 1861 5666 suadebat.
