4100 6196
380 185 486 242 389
1490 182 1557 238 IN
1599 181 2027 238 EUTROPIUM.
2060 211 2128 222 —
2168 181 2507 238 MONiTUM.
3461 197 3464 199 λ
3517 180 3622 236 590

451 303 719 360 Caeterum
753 300 806 355 in
839 299 941 355 hac
967 299 1253 371 posteriori
1291 299 1513 356 homilia
1539 301 1960 373 Chrysostomus
1991 317 2021 356 a
2048 302 2207 357 solito
2238 303 2448 357 dicendi
2483 317 2679 375 genere
2708 315 2817 356 non
2848 315 3038 371 parum
3065 298 3318 355 deﬂectit.
3352 297 3452 354 Hic
3473 299 3619 354 enim

383 421 549 484 illam,
579 432 677 474 ceu
713 426 906 487 sponte
942 416 1193 471 ﬂuentem
1239 425 1430 470 sancto
1473 415 1682 471 doctori
1735 415 2054 470 familiarem
2101 417 2422 486 elegantiam
2472 433 2581 472 non
2617 415 3095 487 deprehendimus.
3142 413 3418 472 Orationis
3451 431 3622 486 genus
3703 435 3708 440 ’

382 555 488 594 non
515 536 814 607 expolitum
841 543 941 600 est,
974 534 1068 590 sed
1097 534 1386 604 strigosum
1421 543 1476 590 et
1502 533 1812 590 intricatum
1840 554 1854 590 :
1900 535 2035 590 ordo
2058 535 2448 590 sententiarum
2479 535 2814 604 interceptus
2855 535 3178 604 plerumque
3205 551 3219 590 :
3259 533 3621 588 interturbata

382 657 574 719 series,
601 659 662 708 ut
689 652 778 706 vix
815 651 1001 721 capias
1024 667 1133 721 qua
1161 651 1227 705 de
1255 666 1421 706 causa
1451 650 1519 706 ab
1542 651 1645 705 hoc
1679 661 2000 720 argumento
2029 651 2082 704 in
2117 649 2248 705 illud
2278 659 2541 706 transeat.
2572 649 2814 720 Denique
2836 665 2931 719 per
2959 659 3125 705 totam
3150 650 3431 710 homiliam
3453 652 3620 706 multa

386 771 599 827 videtur
631 767 811 824 infusa
839 768 1220 839 peregrinitas.
1246 766 1344 823 His
1369 767 1511 842 haud
1542 768 1704 823 dubie
1735 776 2014 838 permotus
2041 767 2419 823 Tillemontius
2441 766 2650 837 putavit
2675 766 2966 823 secundam
2997 774 3203 836 partem
3226 766 3318 822 ubi
3340 767 3407 823 de
3431 769 3622 834 Eccle-

384 887 480 942 siae
509 887 712 955 nuptiis
743 888 944 958 agitur,
975 889 1224 943 alicunde
1254 897 1566 958 excerptam
1596 889 1763 958 priori
1797 890 1863 944 de
1889 889 2147 958 Eutropio
2177 897 2417 956 assutam
2452 887 2657 955 fuisse;
2688 903 2789 943 nec
2817 888 3048 942 obscure
3081 888 3260 942 innuit
3286 889 3536 944 dubitare
3565 904 3623 944 se

384 1015 452 1054 an
481 999 569 1052 illa
592 1015 723 1069 pars
756 1003 1024 1070 posterior
1046 1005 1115 1058 sit
1139 1003 1538 1075 Chrysostomi,
1567 1014 1774 1059 tantum
1806 1005 2012 1061 scilicet
2055 1006 2346 1060 abhorrere
2385 1003 2600 1059 videtur
2638 1003 2705 1058 ab
2752 1004 2898 1058 illius
2927 1005 3138 1060 dicendi
3176 1020 3390 1076 genere.
3423 1007 3622 1061 Verum

387 1116 430 1170 si
457 1117 584 1185 quis
611 1117 848 1186 priorem
875 1134 1000 1174 cum
1033 1123 1332 1191 posteriore
1358 1133 1512 1191 parte
1551 1122 1742 1177 sedulo
1776 1120 2042 1188 conferat,
2079 1121 2365 1191 utriusque
2399 1121 2598 1191 stylum
2633 1136 2664 1175 a
2705 1129 2968 1175 consueto
3006 1121 3380 1194 Chrysostomi
3411 1122 3626 1178 dicendi

387 1233 772 1304 genere‘longe
799 1233 1076 1289 diversum
1108 1237 1249 1291 haud
1277 1237 1440 1293 dubie
1471 1239 1874 1308 deprehendet:
1906 1239 1998 1294 sed
2033 1239 2264 1308 primam
2298 1248 2506 1308 partem
2539 1241 2792 1296 secundae
2819 1240 3006 1295 hacin
3033 1255 3093 1296 re
3123 1243 3345 1297 omnino
3368 1242 3625 1310 similem,

385 1353 440 1408 ni
471 1367 589 1407 mea
622 1367 709 1407 me
734 1351 872 1407 fallit
892 1353 1097 1424 opinio,
1122 1354 1406 1424 judicahit.
1441 1353 1599 1421 Quod
1632 1372 1737 1409 non
1773 1371 1838 1411 eo
1871 1371 1900 1410 a
1934 1371 2019 1410 me
2043 1355 2248 1411 dictum
2279 1355 2462 1410 animo
2493 1355 2792 1422 existimes,
2825 1368 2886 1412 ut
2923 1365 3091 1413 totam
3134 1357 3413 1413 homiliam
3449 1357 3624 1429 Chry-

385 1480 631 1526 sostomo
654 1470 956 1541 ahjudicari
990 1470 1170 1527 velim.
1201 1469 1319 1526 Non
1348 1471 1491 1525 enim
1538 1472 1739 1541 ubique
1785 1472 1870 1526 sui
1913 1471 2105 1526 similis
2143 1471 2233 1526 ille
2275 1483 2378 1535 est,
2425 1471 2566 1542 quod
2615 1471 2668 1526 in
2713 1472 2835 1528 aliis
2865 1473 3096 1528 summis
3125 1472 3283 1539 viris,
3313 1473 3624 1528 oratoribus

386 1586 644 1647 maxime,
674 1583 878 1654 passim
907 1583 1247 1639 observatur.
1287 1585 1445 1640 Certe
1479 1586 1770 1640 nonnullas
1801 1584 1913 1654 iam
1950 1585 2186 1642 vidimus
2214 1586 2488 1651 homilias,
2521 1601 2658 1656 quas
2697 1586 3073 1658 Chrysostomi
3103 1601 3224 1643 esse
3248 1586 3338 1641 vix
3371 1585 3624 1642 dubitare

388 1700 533 1764 licet,
566 1698 658 1753 ubi
693 1697 893 1777 mirum
919 1706 1183 1768 quantum
1215 1715 1243 1751 a
1269 1706 1530 1754 consueto
1557 1697 1676 1769 styli
1709 1712 1904 1768 genere
1926 1696 2173 1753 deﬂectat
2199 1697 2256 1752 S.
2283 1699 2492 1754 doctor.
2528 1697 2584 1752 In
2613 1697 2712 1752 hac
2738 1697 3212 1754 autemconcion'e
3241 1698 3411 1754 multo
3442 1699 3627 1754 minus

392 1816 552 1871 liceat
580 1817 793 1880 νοθείας
824 1817 1190 1887 suspicionem
1217 1817 1522 1872 admittere.
1550 1816 1688 1872 Nam
1723 1817 1814 1872 illa
1848 1831 1972 1886 quae
2002 1815 2070 1871 de
2097 1815 2356 1885 Eutropio
2389 1817 2645 1872 eunucho
2669 1813 2986 1885 frequenter
3011 1815 3293 1883 dicuntur,
3315 1832 3422 1872 non
3453 1818 3624 1874 alium

399 1947 563 2002 quam
611 1930 1054 2012 Cbrysostomum
1090 1941 1369 1988 auctorem
1424 1933 1625 1989 habere
1657 1948 1818 2004 posse
1845 1933 2116 1988 videntur.
2164 1931 2232 1986 Et
2279 1932 2520 2002 alioquin
2570 1933 2625 1986 in
2674 1933 2901 1988 humilia
2947 1935 3206 2002 secunda,
3241 1935 3458 1991 modico
3505 1939 3632 2006 post

401 2051 636 2122 priorem
676 2057 914 2119 tempore
943 2047 1148 2115 habita,
1184 2055 1366 2117 aperte
1392 2047 1632 2104 declarat
1665 2063 1724 2104 se
1745 2062 1917 2118 nuper
1947 2045 2119 2101 multa
2145 2053 2334 2101 contra
2368 2046 2561 2102 divites
2596 2047 2924 2117 divitiasque
2954 2047 3158 2104 dixisse
3178 2089 3195 2116 ,
3224 2049 3296 2104 ita
3326 2058 3387 2105 ut
3429 2050 3534 2104 hac
3557 2048 3629 2104 de

392 2181 556 2224 causa
589 2164 641 2219 in
666 2165 962 2219 multorum
990 2162 1344 2221 oﬂensionem
1388 2163 1719 2228 incurreret,
1755 2163 1900 2234 quod
1941 2177 2066 2218 cum
2117 2163 2209 2217 illa
2253 2161 2426 2232 priori
2464 2161 2687 2216 humilia
2729 2160 2802 2215 ita
2835 2162 3110 2229 convenit,
3146 2170 3206 2218 ut
3239 2162 3489 2219 dubitare
3519 2178 3630 2219 non

387 2280 570 2345 liceat,
603 2279 735 2350 quin
766 2279 882 2334 haec
905 2278 1021 2349 ipsa
1053 2277 1124 2333 ibi
1148 2277 1298 2348 prior
1326 2287 1802 2334 commemoretur.
1844 2275 1974 2333 Vide
2002 2277 2056 2333 iu
2088 2277 2309 2334 bomilia
2339 2275 2522 2347 priore
2553 2291 2839 2330 numerum
2872 2276 2927 2330 2.

459 2395 666 2453 Prioris
698 2395 937 2451 homiliaa
967 2395 1468 2466 interpretationem
1502 2394 1751 2452 Latinam
1785 2411 1818 2452 a
1841 2395 2192 2468 Sigismundo
2220 2394 2445 2452 Gelenio
2481 2395 2706 2460 editam,
2734 2393 2830 2450 sed
2857 2392 3066 2464 aliquot
3099 2393 3154 2448 in
3202 2392 3338 2450 locis
3374 2393 3633 2450 emenda-

389 2517 498 2564 tam
527 2523 559 2564 e
586 2507 806 2580 regione
831 2507 1003 2565 (ἱηοὶ
1032 2516 1210 2565 textus
1237 2508 1525 2568 edidimus.
1557 2508 1883 2566 Posterioris
1918 2518 2101 2570 autem
2143 2524 2340 2568 novam
2385 2509 2730 2583 paravimus,
2763 2508 2894 2582 quia
2943 2509 3056 2578 illa,
3091 2523 3259 2581 quam
3300 2507 3628 2566 Godefridus

391 2624 718 2685 Tilmannus
747 2627 1010 2696 ediderat,
1040 2627 1403 2700 paraphrasin
1430 2627 1656 2686 omnino
1685 2628 1948 2702 sapiebat.
