4100 6196
404 258 502 314 591

403 459 711 474 μ

1726 830 2336 944 HOMILIA

1090 256 1147 313 s.
1186 253 1473 313 JOANNIS
1508 250 1998 311 cunvsosroan
2038 248 2358 308 ARCHIEP.
2397 247 2943 307 CONSTANTINOP.
2988 218 2993 223 ‘

1999 1196 2065 1241 1N

2499 756 2526 779 \

922 1491 1643 1588 EUTBOPIUM
1718 1490 2397 1585 EUNUCHUM
2473 1487 3138 1581 PATRICIUM

1713 1816 1804 1876 ac
1840 1815 2210 1874 consum-zu
2243 1815 2342 1888 (a).

484 2560 535 2612 ε.
562 2555 724 2623 Quam
749 2556 904 2625 ﬁam
940 2556 1019 2609 'm
1058 2553 1211 2625 hujus
1239 2552 1372 2607 vita.
1398 2579 1469 2591 ——
1485 2547 1709 2618 Semper
1735 2542 1951 2617 quidem
1978 2580 1996 2607 ,

411 2661 555 2702 nunc
581 2662 710 2702 vero
738 2645 970 2701 maxime
1022 2652 1381 2714 opportunum
1407 2650 1489 2696 est
1529 2638 1745 2694 dicere:
1777 2631 1989 2689 Vanitas

412 2737 710 2805 vanitatum,
734 2745 780 2791 et
821 2735 990 2790 omnia
1018 2734 1213 2789 vanitas
1235 2731 1453 2803 (Eccles.
1486 2730 1537 2785 1.
1582 2729 1662 2801 2).
1695 2726 1796 2784 Ubi
1845 2736 1989 2778 nunc

409 2827 640 2901 inclytus
682 2827 773 2883 ille
814 2826 1118 2882 consulatus
1167 2820 1469 2894 Splendor?
1499 2819 1586 2876 ubi
1614 2818 1849 2874 illustres
1890 2812 1996 2868 iilzc

407 2918 593 2975 faces?
647 2918 738 2974 ubi
789 2918 1077 2988 applausus
1118 2916 1233 2981 illi,
1282 2929 1346 2970 ac
1386 2913 1597 2970 chorea:
1625 2910 1900 2981 epulaeque
1941 2914 1997 2962 et

407 3009 532 3065 festi
556 3008 894 3065 conventus?
942 3006 1031 3063 ubi
1057 3021 1270 3062 corona:
1299 3014 1355 3060 et
1379 3002 1590 3059 aula-at
1618 3001 1705 3056 ubi
1739 2999 1995 3068 strepitus

407 3102 557 3158 urbis
580 3143 596 3166 ,
628 3111 682 3159 et
704 3101 808 3156 illa:
834 3100 1156 3156 circensium
1186 3084 1372 3153 faustae
1415 3094 1843 3155 acclamationes.
1873 3105 1995 3162 spe-

407 3202 776 3262 ctatorumque
801 3189 1175 3246 adulationes?
1202 3188 1391 3243 Omnia
1418 3186 1507 3242 illa
1534 3184 1841 3255 perierunt:
1867 3196 1991 3250 pru-

406 3283 544 3340 cella
571 3282 863 3339 vehemens
889 3280 1011 3335 folia
1045 3278 1257 3348 dejeeit,
1282 3277 1528 3333 arborem
1554 3272 1838 3344 spoliatam
1863 3268 1989 3325 red-

407 3373 561 3440 didit,
587 3371 697 3442 jam
749 3370 1004 3426 radicitus
1037 3367 1380 3424 vacillantem
1406 3382 1420 3418 :
1452 3373 1704 3433 tantaque
1729 3361 1812 3417 vis
1848 3358 1993 3415 venti

407 3465 637 3535 impacta
663 3468 766 3526 est,
790 3469 846 3515 ut
872 3474 993 3514 cum
1016 3472 1211 3513 nervos
1255 3456 1371 3526 ejus
1400 3455 1682 3509 universos
1707 3464 1995 3508 concusse-

409 3555 515 3620 rit,
544 3563 657 3608 tum
687 3551 855 3623 ipsam
904 3548 1142 3604 funditus
1192 3560 1538 3617 prosternere
1593 3543 1842 3598 minetur.
1893 3539 1993 3597 Ubi

410 3660 551 3700 nunc
576 3641 737 3698 fucati
768 3641 842 3697 illi
896 3639 1086 3694 amici?
1116 3639 1204 3693 ubi
1233 3634 1653 3706 computationes
1681 3641 1735 3688 et
1776 3630 1993 3687 ciente?

410 3736 498 3792 ubi
524 3732 877 3805 parasitorum
906 3744 1130 3787 examen
1156 3770 1172 3797 ,
1220 3736 1276 3783 et
1303 3741 1506 3781 merum
1535 3740 1634 3796 per
1658 3732 1823 3779 totam
1849 3721 1993 3777 diem

408 3828 746 3891 exhaustum,
774 3822 1041 3893 variaeque
1070 3833 1364 3890 cuqmrum
1395 3827 1559 3881 artes,
1607 3824 1661 3871 et
1686 3821 1995 3886 potentatus

409 3919 645 3975 cultores
672 3918 772 3982 illi,
826 3915 894 3971 ad
936 3913 1160 3985 gratiam
1189 3910 1366 3968 omnia
1396 3909 1575 3964 dicere
1609 3922 1673 3965 ac
1701 3905 1875 3962 facere
1902 3919 1993 3961 as—

410 4008 585 4065 sueti?
612 4008 802 4063 Omnia
824 4006 914 4061 illa
951 4004 1087 4060 nihil
1112 4002 1216 4058 nisi
1246 4016 1350 4057 nox
1380 4009 1435 4057 et
1464 3998 1728 4056 somnium
1760 3997 1991 4062 fuerunt,

410 4111 462 4159 et
488 4108 769 4171 appetente
795 4097 885 4153 die
924 4105 1293 4152 evanuerunt:
1320 4093 1480 4150 ﬂores
1505 4093 1719 4149 fuerunt
1741 4090 1912 4159 verni,
1941 4100 1997 4146 et

413 4208 541 4248 vere
567 4199 757 4248 exacto
809 4194 1187 4244 emarcuerunt
1229 4185 1408 4266 omnia
1443 4201 1457 4238 :
1487 4183 1673 4239 umbra
1716 4190 1892 4246 erant,
1938 4189 1995 4235 ct

411 4277 1024 4353 praeterieruntzfumus
1079 4283 1266 4341 erant,
1302 4282 1356 4328 et
1406 4272 1582 4327 soluta
1632 4279 1798 4326 sunt:
1834 4269 1993 4324 bulla:

412 4383 586 4440 erant,
617 4383 672 4430 et
718 4371 929 4440 dirupta
982 4377 1105 4424 sunt
1134 4380 1381 4421 :araneaa
1427 4373 1613 4430 erant,
1671 4372 1724 4417 ct
1762 4360 1993 4415 lacerata

412 4477 557 4522 snut.
604 4463 940 4533 Quapmpter
966 4458 1239 4531 spirituale
1268 4456 1371 4512 hoc
1413 4455 1612 4511 dictum
1654 4452 1945 4509 cecinimus
1974 4492 1990 4520 ,

412 4560 721 4630 frequenter
743 4555 984 4611 dicentes
1008 4568 1023 4606 :
1059 4550 1270 4605 Vanitaa
1297 4551 1593 4615 vanitatum,
1620 4556 1667 4602 et
1696 4545 1865 4600 omnia
1905 4561 1993 4598 va-

414 4652 563 4705 nitas.
595 4648 708 4703 Hoc
724 4647 865 4703 enim
889 4644 1089 4701 dictum
1130 4642 1183 4696 in
1212 4640 1501 4712 parietibus
1522 4680 1538 4707 ,
1574 4639 1627 4695 in
1647 4638 1902 4704 vestibus,
1936 4637 1991 4691 in

413 4740 553 4807 foro,
580 4741 633 4794 in
663 4738 889 4804 aedibus,
914 4737 967 4791 in
987 4735 1107 4803 viis,
1125 4732 1178 4789 in
1195 4733 1392 4803 januis,
1413 4732 1465 4787 in
1489 4732 1674 4785 atriis:
1712 4729 1807 4785 sed
1829 4728 1993 4799 putis-

412 4831 606 4884 simum
648 4829 702 4884 in
729 4830 842 4899 ipsa
866 4827 1122 4898 cujusque
1167 4822 1494 4880 conscientia
1547 4821 1883 4877 continenter
1908 4820 1991 4874 in-

414 4921 673 4992 scriptum
716 4934 838 4976 esse
888 4928 1129 4990 oportet,
1186 4916 1439 4987 omnique
1487 4924 1729 4984 tempore
1795 4911 1993 4982 cogita-

416 5014 547 5071 tioni
588 5011 881 5068 obversari.
929 5009 1368 5080 Quandoquidem
1400 5007 1605 5078 negotia
1657 4994 1991 5060 fraudulenta

406 5114 466 5161 ct
509 5111 788 5176 personata
838 5117 903 5157 ac
952 5100 1165 5155 mimica
1201 5098 1443 5155 veritatis
1490 5096 1798 5168 Opinionem
1850 5092 1990 5163 apud

409 5200 696 5269 plerosque
741 5194 842 5250 sibi
890 5204 1209 5266 paraverunt
1240 5209 1255 5247 :
1286 5193 1387 5247 hoc
1455 5192 1598 5247 dicto
1638 5191 1691 5245 in
1745 5188 1989 5260 prandio,

415 5294 469 5348 in
520 5303 698 5357 cwua,
733 5288 788 5342 in
827 5297 970 5343 cmtu
1017 5284 1327 5352 hominum,
1371 5298 1637 5354 quemque
1689 5283 1989 5350 proximum

475 5451 548 5515 (tt)
581 5446 758 5515 collata
780 5459 890 5515 cum
906 5453 989 5496 ius.
1015 5443 1164 5515 {tegio
1188 5443 1331 5515 ιθῃε
1350 5446 1477 5515 Post,
1502 5440 1766 5515 fatricium
1787 5449 1989 5515 aenean:

409 5501 936 5575 sut‘arh,§igismundus
951 5501 1189 5575 gelenius
1211 5504 1366 5575 addit,
1386 5503 1763 5575 lfrtefecttttnqye
1784 5501 1993 5575 cubiculi

412 5562 609 5626 arcadii
636 5562 752 5635 Iug.
778 5583 888 5621 cum
908 5570 1085 5635 oﬂ'enso
1101 5566 1318 5635 principe
1332 5562 1629 5635 delitescet-et
1643 5562 1731 5635 sub
1753 5562 1899 5635 altari
1912 5578 1991 5614 et:-

411 5634 686 5698 clesitc,etti
702 5626 804 5696 ipse
818 5626 963 5698 antea
966 5630 1053 5691 jus
1066 5626 1444 5698 asylt'_abrogare
1463 5632 1658 5698 conatus
1678 5626 1856 5688 fuerat.
1875 5634 1989 5698 Quae

404 5702 459 5751 in
504 5689 638 5747 nullo
670 5689 941 5759 Exemplari
968 5689 1159 5759 Graeco,
1196 5690 1434 5759 hactenus
1450 5700 1491 5759 _a
1533 5689 1986 5759 nobismconspecto,

411 5746 625 5810 Exstant.
649 5765 759 5808 Haec
780 5746 974 5807 humilia
995 5746 1176 5816 scripta
1197 5758 1276 5802 est
1295 5762 1423 5801 anno
1443 5748 1615 5801 Christi
1635 5746 1747 5800 399.

2107 2542 2262 2599 suum
2297 2542 2621 2615 compellare
2646 2545 2943 2617 oportebat,
2967 2546 3212 2619 idemque
3235 2547 3305 2604 ab
3332 2547 3423 2605 illo
3449 2550 3677 2608 vicissim

2100 2632 2286 2690 audire
2318 2675 2333 2700 .
2390 2651 2584 2707 nempe
2648 2635 2686 2691 γ
2690 2638 2856 2693 auitas
2893 2639 3167 2694 vanitatttm
3195 2682 3210 2706 ,
3242 2642 3415 2696 omnia
3464 2645 3676 2700 uanitas.

2099 2724 2293 2779 Annon
2338 2726 2551 2782 assidue
2594 2725 2686 2783 tibi
2716 2727 2958 2784 dicebam
2987 2728 3229 2800 fugitivus
3273 2745 3401 2787 esse
3420 2731 3674 2788 divitias?

2098 2813 2179 2868 Tu
2237 2830 2366 2872 vero
2425 2832 2525 2874 nos
2588 2833 2694 2873 non
2750 2818 2977 2875 ferebas.
3031 2820 3225 2876 Annon
3279 2822 3520 2878 dicebam
3586 2838 3680 2880 eas

2099 2904 2360 2976 ingratum
2404 2908 2755 2966 domesticum
2791 2911 2953 2967 esse?
2993 2911 3070 2967 Tu
3123 2928 3251 2969 vero
3298 2914 3518 2971 credere
3570 2931 3676 2971 no-

2101 2996 2267 3052 lebas.
2296 2997 2437 3054 Ecce
2460 3002 2788 3071 experientia
2817 3001 2998 3057 docuit
3027 3016 3132 3059 non
3157 3004 3328 3059 solum
3355 3005 3599 3076 fugitivas
3626 3016 3679 3062 et

2100 3086 2352 3157 ingratas,
2382 3089 2476 3145 sed
2507 3088 2798 3147 homicidas
2822 3092 2983 3147 etiam
3007 3107 3148 3159 esse,
3180 3102 3239 3148 ut
3263 3109 3380 3164 quas
3405 3095 3456 3149 in
3487 3105 3681 3151 tremo.

2098 3194 2212 3235 rent
2237 3194 2301 3236 ac
2337 3190 2542 3238 metum
2575 3199 2716 3240 nunc
2745 3192 2797 3240 te
2839 3184 3186 3254 conjecerint.
3221 3185 3408 3242 Nonne
3433 3187 3674 3243 dicebam

2099 3272 2214 3341 tibi,
2267 3288 2389 3329 cum
2432 3291 2521 3332 me
2547 3276 2910 3334 indesinenter
2949 3277 3259 3348 objurgares
3300 3294 3424 3335 vera
3454 3295 3678 3341 munen-
3729 3306 3739 3317 κ

2100 3373 2206 3419 tem
2232 3405 2247 3430 ,
2278 3380 2364 3420 me
2385 3366 2479 3422 tibi
2514 3367 2690 3437 potius
2724 3369 2953 3424 amicum
2979 3383 3122 3437 esse,
3149 3385 3307 3440 quam
3324 3370 3631 3429 adulatores
3653 3372 3680 3426 .’

2098 3469 2186 3509 me
2213 3455 2302 3523 qui
2329 3470 2606 3527 arguerem
2631 3498 2648 3525 ,
2676 3458 2931 3541 majorem
2978 3459 3054 3514 tui
3079 3475 3261 3514 curam
3286 3475 3492 3531 gerere,
3520 3477 3675 3532 quam

2098 3560 2212 3612 eos,
2243 3550 2332 3616 qui
2354 3547 2449 3602 tibi
2480 3563 2575 3619 per
2593 3549 2771 3604 omnia
2797 3548 3260 3621 obsequerentur?
3288 3551 3478 3608 Nonne
3503 3552 3677 3610 ethoc

2097 3635 2378 3704 addcbam,
2404 3637 2507 3694 fide
2549 3637 2791 3708 digniora
2811 3653 2931 3695 esse
2960 3640 3179 3697 vulnera
3203 3641 3271 3697 ab
3292 3643 3498 3711 amicis,
3520 3658 3677 3714 quam

2100 3727 2399 3782 voluntaria
2442 3728 2621 3784 oscula
2650 3729 2984 3785 inimicorum
3019 3729 3201 3803 (Prov.
3229 3730 3321 3786 27.
3354 3733 3450 3803 6)?
3476 3731 3531 3788 Si
3562 3747 3677 3789 mea

2096 3818 2315 3875 vulnera
2368 3820 2610 3889 tulisses,
2661 3820 3066 3894 haudquaquam
3097 3824 3190 3879 tibi
3232 3824 3444 3880 illorum
3499 3825 3677 3882 oscula

2100 3908 2203 3966 hoc
2220 3910 2438 3966 exitium
2465 3910 2769 3968 attulissent
2796 3929 2810 3966 :
2840 3928 2958 3969 mea
2986 3913 3129 3969 enim
3153 3913 3371 3970 vulnera
3393 3916 3676 3972 sanitatem

2099 3999 2347 4065 all'erunt,
2372 4000 2583 4057 illorum
2621 4003 2803 4062 oscula
2845 4003 3090 4059 morbum
3112 4004 3558 4061 immedicabilem
3582 4006 3675 4061 tibi

2101 4095 2536 4150 conciliaverunt.
2570 4094 2670 4152 Ubi
2691 4110 2833 4151 nunc
2860 4096 3202 4166 pocillatores
3224 4098 3343 4153 tui?
3388 4098 3478 4154 ubi
3497 4099 3587 4170 qui
3624 4100 3679 4154 in

2100 4183 2221 4239 foro
2265 4186 2516 4256 pupulum
2559 4185 2629 4241 de
2674 4174 2757 4240 via
2804 4186 3069 4243 decedere
3106 4187 3408 4258 cogebant,
3458 4198 3681 4260 tuasque

2103 4274 2290 4331 laudes
2313 4276 2509 4346 passim
2536 4276 2677 4345 apud
2716 4291 2903 4332 omnes
2943 4277 3301 4348 praedicabant
3321 4279 3344 4333 ?
3361 4278 3681 4352 Transfuga-

2102 4374 2248 4433 runt,
2279 4365 2612 4437 abnegarunt
2639 4376 2781 4422 tuam
2803 4367 3114 4437 amicitiam,
3142 4384 3296 4424 suam
3343 4371 3679 4427 securitatem

2103 4456 2209 4510 tuis
2251 4456 2502 4525 periculis
2549 4466 2814 4527 quaerunt.
2860 4459 2931 4512 At
2985 4474 3092 4513 non
3141 4459 3281 4515 tales
3324 4475 3446 4528 nos,
3491 4460 3589 4516 sed
3625 4469 3680 4517 et

2103 4554 2229 4603 tunc
2248 4547 2487 4618 quamvis
2507 4562 2650 4619 aegre
2676 4547 2935 4605 ferentem
2957 4564 3063 4605 non
3088 4550 3444 4617 destituimus,
3468 4561 3522 4608 et
3540 4566 3681 4609 nunc

2104 4639 2394 4708 collapsum
2426 4639 2751 4711 protegimus
2775 4654 2838 4695 ac
2880 4655 3151 4696 curamus.
3196 4641 3433 4698 Ecclesia
3454 4657 3486 4697 a
3510 4651 3561 4699 te
3581 4644 3672 4698 hoc

2106 4735 2304 4790 stiliter
2330 4734 2529 4802 habita,
2560 4749 2797 4805 expanso
2820 4736 2939 4790 sinu
2968 4744 3020 4790 te
3047 4736 3281 4807 suscepit
3314 4754 3328 4792 :
3361 4735 3562 4791 theatra
3586 4752 3679 4791 an.

2103 4834 2210 4882 tem
2233 4825 2438 4897 magnis
2462 4826 2731 4897 obsequiis
2751 4834 2854 4882 ate
2873 4828 3036 4893 culta,
3054 4843 3278 4898 quorum
3302 4840 3462 4882 causa
3487 4828 3679 4897 stepius

2106 4917 2260 4974 nobis
2291 4917 2532 4974 infensus
2559 4918 2702 4975 fuisti
2727 4959 2743 4986 ,
2794 4927 2850 4975 et
2895 4919 3243 4991 prodiderunt
3269 4928 3321 4974 te
3349 4930 3405 4975 et
3435 4919 3678 4989 perdide-

2102 5018 2247 5066 runt.
2271 5011 2518 5065 Attamen
2542 5024 2830 5080 numquam
2851 5009 3154 5066 destitimus
3174 5008 3257 5063 his
3289 5018 3341 5064 te
3377 5008 3558 5064 verbis
3597 5009 3679 5064 al-

2101 5099 2245 5170 loqui
2273 5116 2287 5153 :
2318 5099 2428 5155 Cur
2466 5100 2565 5155 ista
2606 5099 2776 5155 facis?
2805 5099 2859 5154 in
2914 5098 3207 5156 Ecelesiam
3233 5097 3595 5165 debaccharis,
3627 5108 3679 5154 et

2104 5190 2329 5261 teipsum
2350 5191 2403 5246 in
2426 5190 2643 5245 exitium
2674 5188 2999 5261 prtecipitem
3029 5189 3178 5259 agis:
3206 5200 3260 5245 et
3280 5198 3333 5244 tu
3362 5190 3475 5245 haec
3502 5190 3677 5244 omnia

2101 5284 2302 5337 monita
2328 5283 2654 5352 negligenter
2678 5281 3149 5352 prmtereurrcbas.
3192 5283 3261 5337 Et
3286 5281 3541 5337 circensis
3555 5283 3677 5352 qui-

2100 5374 2222 5430 dem
2253 5372 2537 5429 multitudo
2566 5372 2837 5430 exhaustis
2864 5374 2917 5428 in
2948 5387 3007 5430 se
3052 5373 3155 5428 tuis
3180 5371 3521 5428 facultatibus
3563 5372 3676 5442 gla-

2098 5466 2242 5521 dium
2274 5466 2325 5521 in
2349 5475 2401 5522 te
2421 5467 2561 5522 acuit
2586 5485 2600 5521 :
2623 5466 2862 5522 Ecclesia
2882 5482 3010 5522 vero
3041 5466 3346 5536 importuno
3375 5474 3467 5520 tuo
3491 5463 3674 5518 furore

2098 5542 2389 5629 exagitata,
2411 5559 2555 5614 ultro
2584 5559 2823 5630 citroque
2850 5559 3091 5624 cursitat,
3135 5559 3180 5614 si
3207 5573 3312 5629 quo
3337 5565 3492 5628 pacto
3513 5564 3565 5611 te
3606 5570 3672 5613 cx

2096 5646 2181 5704 his
2204 5648 2417 5704 casibus
2441 5648 2758 5719 implicitum
2786 5648 3049 5705 extricare
3076 5657 3257 5719 queat.

2166 5740 2221 5795 2.
2257 5738 2369 5813 Quo
2423 5740 2637 5798 consilio
2670 5742 2778 5799 haec
2829 5741 3101 5813 loquatur;
3150 5740 3390 5813 Eutrapii
3430 5737 3678 5811 splendor
