4100 6196
387 387 494 447 395

457 509 525 579 β’.
547 507 659 563 Kal
682 508 854 565 ταῦτα
881 508 1023 579 λέγω
1042 510 1157 576 νῦν,
1180 511 1279 565 οὐκ
1297 510 1641 582 ἐπεμϐαίνων
1666 512 1745 585 τῷ
1767 515 1947 586 κειμέ-

382 611 484 665 νῳ,
508 593 642 649 ἀλλά
668 598 795 661 τοὺς
814 597 1052 662 ἑστῶτας
1068 597 1499 669 ἀσφαλεστέρους
1526 599 1750 670 ποιῆσαι
1766 599 1950 670 βουλόο

389 698 548 753 μενος
567 697 584 716 ο
608 683 708 737 οὐκ
729 683 1027 749 ἀναξαίνων
1056 684 1123 738 τὰ
1145 683 1278 756 ἕλκη
1305 685 1399 739 τοῦ
1419 686 1782 757 τετρωμένου,
1815 687 1949 742 ἀλλά

374 770 511 835 τοὺς
540 771 763 843 μηδέπω
776 771 1149 843 τετρωμένους
1170 774 1227 826 ἐν
1242 773 1400 846 ὑγεία
1427 775 1753 847 διατηρῆσαι
1775 777 1949 847 ἀσφα-

381 857 495 911 λεῖ·
523 860 584 912 οὐ
623 859 1026 925 καταποντίζων
1046 860 1140 913 τὸν
1171 861 1647 934 κλυδωνιζόμενον,
1672 863 1807 917 ἀλλά
1826 864 1950 928 τοὺς

383 942 445 1007 ἐξ
488 942 674 1014 οὐρίας
703 942 968 1007 πλέοντας
1017 944 1286 999 παιδεύων
1309 985 1325 1011 ,
1379 946 1521 1000 ὥστε
1571 946 1646 1018 μὴ
1690 947 1945 1017 γενέσθαι

386 1026 767 1098 ὑποϐρυχίους.
791 1029 917 1093 Πῶς
947 1030 993 1083 δ’
1022 1030 1089 1084 ἂν
1119 1030 1277 1086 τοῦτο
1307 1033 1516 1101 γένοιτο
1538 1051 1553 1100 ;
1574 1034 1636 1086 Εἰ
1660 1033 1761 1096 τὰς
1789 1050 1949 1104 μετα-

387 1113 551 1178 ϐολάς
576 1114 688 1169 τῶν
724 1116 1080 1189 ἀνθρωπίνων
1108 1119 1417 1190 ἐννοώμεθα
1450 1120 1809 1192 πραγμάτων.
1843 1120 1951 1176 Kal

385 1200 495 1272 1&9
514 1194 670 1267 οὗτος
697 1203 748 1257 εἰ
782 1203 952 1257 ἔδεισε
986 1205 1309 1277 μεταϐολὴν,
1336 1206 1438 1259 οὐκ
1470 1205 1537 1260 ἂν
1564 1206 1822 1277 ὑπέμεινε
1855 1223 1953 1277 με-

385 1287 619 1360 ταϐολήν
637 1305 651 1319 ·
673 1289 789 1344 ἀλλ’
812 1290 1041 1363 ἐπείπερ
1070 1283 1226 1356 οὗτος
1256 1292 1380 1346 οὔτε
1408 1292 1640 1358 οἴκοθεν,
1672 1291 1795 1346 οὐτε
1820 1292 1949 1364 παρ’

389 1373 591 1445 ἐτέρων
616 1375 827 1446 ἐγίνετο
855 1376 1100 1447 βελτίων,
1130 1379 1287 1449 ὑμεῖς
1314 1377 1445 1447 γοῦν
1472 1379 1523 1432 οἱ
1567 1378 1847 1449 κομῶντες
1872 1375 1951 1447 τῷ

390 1461 625 1532 πλούτῳ,
646 1463 753 1517 ἀπὸ
779 1464 877 1535 τῆς
915 1463 1101 1518 τούτου
1131 1464 1426 1536 κερδάνατε
1459 1466 1762 1537 συμφορᾶς·
1802 1463 1951 1517 οὐδὲν

390 1547 499 1619 1&9
508 1548 617 1602 τῶν
628 1549 978 1620 ἀνθρωπίνων
991 1553 1328 1622 πραγμάτων
1341 1552 1742 1622 ἀσθενέστερον.
1757 1552 1953 1622 Διόπερ

388 1629 501 1687 οἷον
527 1635 593 1689 ἂν
619 1635 763 1690 εἴποι
790 1653 874 1701 τις
897 1636 1067 1709 ὄνομα
1091 1639 1191 1709 τῆς
1214 1637 1487 1702 εὐτελείας
1505 1638 1707 1702 αὐτῶν,
1734 1637 1952 1693 ἔλαττον

388 1723 489 1794 τῆς
535 1724 792 1796 ἀληθείας
834 1726 983 1798 ἐρεῖ·
1036 1726 1138 1782 κᾶν
1167 1727 1373 1781 καπνὸν
1400 1726 1562 1792 αὐτὰ,
1593 1726 1699 1781 κᾶν
1728 1727 1948 1799 χόρτον,

389 1810 495 1865 κᾶν
527 1811 661 1883 ὄναρ
683 1852 699 1877 ,
747 1812 848 1866 κᾶν
878 1813 1012 1885 ἄνθη
1060 1814 1274 1885 ἐαρινὰ,
1311 1813 1416 1868 κᾶν
1444 1813 1622 1869 ὀτιοῦν
1665 1814 1909 1887 ὀνομάσῃ
1932 1829 1948 1846 °

387 1896 561 1962 οὕτως
589 1898 738 1951 ἐστὶν
757 1899 1019 1971 ἐπίκηρα,
1037 1901 1134 1953 zeal
1162 1900 1269 1954 τῶν
1290 1900 1440 1954 οὐδὲν
1459 1900 1627 1954 ὄντων
1655 1900 1954 1972 οὐδαμινώ-

386 2001 554 2056 τεραο
586 1986 668 2038 ὅτι
716 1984 774 2037 δὲ
831 1986 969 2056 μετά
998 1986 1099 2056 τῆς
1149 1985 1425 2048 οὐθενείας
1454 1988 1549 2040 zeal
1578 1986 1713 2041 πολὺ
1751 1986 1865 2058 ἔχει
1891 1986 1953 2041 τὸ

387 2072 760 2145 ἀπόκρημνον,
782 2073 940 2145 δῆλον
955 2073 1222 2128 ἐντεῦθεν.
1251 2073 1348 2138 Τίς
1380 2074 1489 2144 γάρ
1520 2074 1708 2128 τούτου
1733 2074 1954 2144 γέγονεν

389 2159 759 2233 ύψηλότερος;
808 2161 871 2214 οὐ
900 2163 1082 2215 πᾶσαν
1118 2161 1216 2233 τὴν
1251 2162 1579 2233 οἰκουμένην
1605 2162 1846 2234 παρῆλθε
1875 2162 1955 2235 τῷ

389 2246 638 2318 πλούτῳ;
672 2248 732 2301 οὐ
767 2247 904 2319 πρὸς
936 2248 1106 2313 αὐτὰς
1152 2248 1260 2302 τῶν
1303 2248 1629 2320 ἀξιωμάτων
1664 2249 1829 2320 ἀνέϐη
1856 2249 1956 2314 τὰς

389 2334 667 2403 κορυφάς;
694 2334 815 2405 οὐχὶ
839 2334 1041 2398 πάντες
1084 2334 1245 2389 αὐτὸν
1274 2334 1520 2409 ἔτρεμον,
1550 2336 1643 2390 zeal
1678 2335 1955 2391 ἐδεδοίκει-

391 2438 529 2490 σαν;
564 2422 705 2476 Ἀλλ’
737 2422 846 2477 ἰδοὺ
880 2422 1073 2493 γέγονε
1115 2423 1211 2479 zeal
1256 2423 1550 2495 δεσμωτῶν
1599 2424 1949 2498 ἀθλιώτερος,

391 2511 487 2564 zeal
525 2509 753 2564 οἰκετῶν
781 2510 1161 2583 ἐλεεινότερος,
1209 2512 1307 2567 zeal
1331 2511 1441 2567 τῶν
1471 2512 1617 2584 λιμῷ
1640 2513 1956 2586 τηκομένων

389 2596 622 2667 πτωχῶν
667 2597 1028 2669 ἐνδεέστερος,
1089 2599 1212 2653 καθ’
1263 2600 1500 2672 ἐκάστην
1558 2600 1772 2672 ἡμέραν
1827 2598 1954 2672 ξίφη

391 2682 606 2752 βλέπων
636 2684 974 2755 ἠκονημένα,
1006 2687 1103 2746 zeal
1140 2686 1433 2759 βάραθρον,
1466 2688 1561 2742 zeal
1583 2687 1830 2758 δημίους,
1864 2689 1959 2740 zeal

387 2771 489 2843 τὴν
512 2772 606 2826 ἐπὶ
635 2772 862 2826 θάνατον
891 2773 1195 2846 ἀπαγωγήν
1217 2793 1231 2804 ·
1255 2776 1349 2830 καὶ
1376 2775 1498 2830 ούδέ
1526 2774 1710 2829 εἴποτε
1737 2775 1960 2845 γέγονεν

389 2858 484 2911 ἐπὶ
508 2859 607 2929 τῆς
636 2859 830 2932 ἡδονῆς
854 2858 994 2915 οἶδεν
1024 2863 1261 2935 ἐκείνης,
1293 2862 1415 2916 οὐδέ
1447 2863 1618 2934 αὐτῆς
1642 2862 1959 2918 αἰσθάνεται

388 2944 491 3014 τῆς
530 2945 748 3010 ἀκτῖνος
770 2964 785 2977 ·
822 2946 938 3001 ἀλλ’
966 2948 1024 3001 ἐν
1075 2949 1392 3021 μεσημϐρίᾳ
1425 2948 1588 3021 μέσῃ,
1619 2949 1875 3021 καθάπερ
1900 2952 1959 3004 ἐν

392 3032 705 3106 πυκνοτάτῃ
729 3034 906 3101 νυκτὶ,
945 3037 1477 3107 περιεστοιχισμένος
1503 3030 1658 3100 οὗτος
1682 3035 1782 3101 τάς
1809 3037 1962 3107 ὄψεις

368 3119 738 3191 ,πεπήρωταμ
792 3121 1009 3177 Μᾶλλον
1038 3123 1095 3177 δὲ
1125 3124 1226 3177 ὅσα
1254 3123 1320 3177 ἂν
1348 3123 1844 3196 φιλονεικήσωμεν,
1897 3125 1959 3178 οὐ

393 3205 732 3279 δυνησόμεθα
788 3209 1040 3282 τῷλόγῳ
1088 3211 1441 3283 παραστῆσαι
1485 3212 1547 3265 τὸ
1580 3211 1772 3281 πάθος,
1823 3212 1961 3283 ὅπερ

392 3295 686 3365 ὑπομένειν
710 3297 873 3352 αὐτὸν
906 3299 1072 3366 εἰκὸς,
1113 3298 1237 3352 καθ’
1258 3299 1498 3369 ἑκάστην
1523 3297 1672 3370 ὥραν
1705 3297 1977 3359 ἀποκτείε

390 3382 578 3436 νεσθαι
609 3384 1014 3455 προσδοκῶντα.
1059 3385 1218 3439 Ἀ)λά
1249 3383 1359 3456 1&9
1405 3385 1459 3446 τί
1509 3384 1589 3438 δεῖ
1632 3385 1741 3440 τῶν
1788 3385 1962 3454 λόγων

391 3468 499 3522 τῶν
516 3470 647 3542 παρ’
664 3470 843 3542 ἡμῶν,
857 3472 1024 3525 αὐτοῦ
1039 3471 1212 3526 ταῦτα
1232 3473 1482 3543 καθάπερ
1499 3474 1557 3526 ἐν
1581 3473 1748 3526 εἰκόνι
1775 3474 1961 3543 σαφῶς

395 3556 815 3630 ὐπογράψαντος
870 3560 1037 3631 ἡμῖν;
1074 3560 1152 3630 Τῇ
1186 3559 1297 3632 1&9
1345 3561 1679 3632 προτεραίᾳ,
1731 3561 1817 3614 ὅτε
1876 3562 1959 3615 ἐπ’

394 3645 557 3698 αὐτὸν
610 3642 774 3717 ἦλθον
827 3647 888 3701 ἐκ
927 3646 1035 3701 τῶν
1089 3647 1382 3719 βασιλικῶν
1434 3647 1611 3702 αὐλῶν
1661 3647 1795 3719 πρὸς
1843 3647 1963 3720 βίαν

393 3732 694 3803 ἀφελκύσαι
720 3735 1052 3807 βουλόμενοι,
1093 3738 1188 3791 zeal
1208 3740 1320 3802 τοῖς
1362 3736 1577 3790 σκεύεσι
1615 3736 1962 3810 προσέδραμε

392 3824 505 3887 τοῖς
525 3824 688 3895 ἱεροῖς
709 3836 757 3891 ι,
786 3823 933 3898 [585]
952 3820 1019 3896 ἦν
1039 3823 1202 3878 αὐτοῦ
1225 3824 1285 3877 τὸ
1312 3824 1619 3896 πρόσωπον,
1652 3826 1747 3879 zeal
1776 3825 1961 3891 τανῦν,

392 3909 759 3981 νεκρωθέντος
784 3910 930 3976 άπαξ
957 3912 1106 3966 οὐδὲν
1126 3913 1345 3982 ἄμεινον
1359 3912 1698 3984 διακείμενον
1718 3930 1731 3944 ·
1761 3912 1964 3979 κτύπος

393 3996 452 4050 δὲ
478 3997 584 4049 τῶν
615 3996 862 4064 ὀδόντων,
892 4000 987 4052 zeal
1014 3999 1257 4068 πάταγος
1293 4001 1387 4052 zeal
1415 4000 1615 4070 τρόμος
1646 4000 1847 4063 παντὸς
1869 3998 1961 4053 τοῦ

397 4084 668 4156 σώματος,
703 4087 798 4140 zeal
829 4087 982 4158 φωνὴ
1013 4087 1432 4159 διακοπτομένη,
1463 4089 1557 4141 zeal
1589 4088 1805 4157 γλῶττα
1850 4088 1965 4143 δια-

398 4171 659 4244 λυομένη,
685 4173 780 4226 zeal
812 4174 996 4252 σχῆμα
1027 4174 1289 4241 τοιοῦτον,
1330 4170 1443 4229 οἷον
1465 4174 1611 4238 είκὸς
1639 4174 1737 4247 τὴν
1759 4174 1965 4247 λιθίνην

399 4258 542 4331 ἔχειν
579 4258 778 4331 ψυχήν.
1680 4295 1692 4306 .

465 4398 536 4461 γ’.
553 4390 661 4445 Kal
680 4390 853 4445 ταῦτα
866 4390 1031 4462 λέγω,
1058 4392 1157 4446 οὐκ
1171 4391 1463 4459 ὀνειδίζων,
1481 4391 1602 4446 οὐδέ
1622 4390 1965 4463 ἐπεμϐαίνων

398 4475 564 4529 αὐτοῦ
595 4477 661 4546 τῇ
698 4477 976 4547 συμφορᾷ,
1018 4474 1154 4529 ἀλλά
1175 4476 1274 4546 τὴν
1304 4476 1575 4547 ὑμετέραν
1601 4475 1839 4530 διάνοιαν
1859 4492 1964 4545 μα-

397 4562 554 4628 λάξαι
585 4561 929 4634 βουλόμενος,
968 4563 1063 4616 zeal
1110 4563 1188 4626 εἰς
1218 4561 1365 4615 ἔλεον
1412 4560 1843 4622 ἐπισπάσασθαι,
1872 4560 1965 4613 zeal

399 4653 584 4705 πεῖσαι
645 4649 979 4722 ἀρκεσθῆναι
1034 4650 1101 4720 τῇ
1160 4648 1403 4721 τιμωρίᾳ
1463 4650 1533 4719 τῇ
1595 4646 1960 4719 γεγενημένῃ.

411 4739 629 4810 Ἐπειδὴ
651 4741 760 4810 γάρ
786 4742 891 4794 εἱσι
916 4738 1099 4793 πολλοί
1120 4738 1249 4808 παρ’
1271 4739 1402 4808 ἡμῖν
1424 4735 1800 4807 ἀπάνθρωποι,
1826 4734 1965 4788 ὥστε

399 4827 597 4897 ὁμοίως
625 4828 720 4879 zeal
759 4828 892 4897 ἡμῖν
938 4825 1213 4895 ἐγκαλεῖν,
1244 4825 1326 4879 ὅτι
1372 4824 1533 4879 αὐτὸν
1562 4822 1865 4894 ἐδεξάμεθα
1890 4822 1967 4893 τῷ

404 4915 640 4986 βήματι*
668 4913 729 4966 τὸ
750 4914 1014 4984 ἄστοργον
1036 4912 1216 4967 αὐτῶν
1247 4915 1358 4977 τοῖς
1390 4912 1698 4983 διηγήμασι
1732 4910 1968 4982 μαλάξαι

403 5003 742 5074 βουλόμενος,
769 5001 1103 5072 ἐκπομπεύω
1129 5001 1199 5055 τά
1228 4999 1417 5055 τούτου
1445 4999 1615 5072 πάθη.

472 5136 630 5200 Τίνος
658 5134 767 5207 γὰρ
793 5134 978 5187 ἕνεκεν
1003 5134 1351 5203 ἀγανακτεῖς,
1384 5133 1507 5187 εἰπέ
1542 5149 1653 5205 μοι,
1686 5131 1967 5203 ἀγαπητέ;

406 5223 548 5285 Ὅτι,
579 5221 764 5290 φησιν,
795 5221 873 5282 εἰς
902 5218 1193 5288 ἐκκλησίαν
1241 5217 1544 5285 κατέφυγεν
1587 5219 1616 5270 ὀ
1653 5217 1972 5286 πολεμήσας

402 5305 573 5377 αὐτὴν
600 5302 882 5374 διηνεκῶς.
918 5301 1017 5355 Διά
1035 5300 1192 5354 τοῦτο
1223 5301 1321 5372 μὲν
1343 5297 1435 5354 οὖν
1467 5300 1703 5373 μάλιστα
1731 5299 1971 5366 δοξάζειν

403 5387 567 5459 ἐχρῆν
597 5385 688 5439 τὸν
719 5384 874 5451 Θεὸν,
906 5385 988 5438 ὅτι
1012 5385 1220 5455 ἀφῆκεν
1249 5385 1411 5437 αὐτὸν
1438 5386 1494 5437 ἐν
1549 5383 1783 5456 τοσαύτῃ
1814 5401 1974 5437 κατα-

407 5473 597 5541 στῆναι
623 5469 858 5544 ἀνάγκῃ,
879 5468 1019 5523 ὥστε
1036 5470 1128 5523 zeal
1148 5468 1246 5540 τὴν
1266 5466 1491 5538 δύναμιν
1517 5469 1614 5539 τῆς
1652 5468 1973 5540 Ἐκκλησίας

469 5643 496 5672 ⁸
519 5641 594 5693 Ad
615 5642 831 5692 litteram
854 5638 1146 5691 vertendum
1170 5643 1321 5696 esset,
1344 5648 1454 5686 cum
1472 5634 1537 5685 ad
1561 5647 1702 5685 sacra
1728 5647 1843 5685 vasa
1860 5648 1974 5687 can-

409 5702 625 5769 fuqissel.
646 5704 753 5769 βοά
772 5716 885 5767 ηοω
906 5703 987 5753 hic
1011 5714 1148 5752 sacra
1167 5713 1277 5751 vasa
1309 5700 1557 5760 dicuntur,
1578 5711 1690 5747 mox
1718 5699 1847 5761 βῆμα
1868 5700 1974 5751 sive

407 5764 498 5817 ora
518 5764 908 5830 appellabuiztur.

1081 396 1142 452 S.
1182 393 1465 452 JOANMS
1503 394 1987 454 CHRYSOSTOMI
2016 396 2339 454 ABCHIEP.
2378 396 2923 455 CONSTANTINOP.

3507 404 3613 463 εει

2049 529 2144 584 zeal
2164 528 2263 600 τὴν
2287 527 2478 597 φιλανθ
2489 527 2697 599 ρωπίαν
2725 525 2918 598 μαθεῖν
2941 541 2955 555 ⁸
2988 524 3086 595 τὴν
3114 524 3341 597 δύναμιν
3371 528 3493 598 μὲν,
3516 530 3613 599 ἀφ’

2045 604 2119 666 ὧν
2138 609 2403 682 τοσαύτην
2424 609 2682 680 ὑπέμεινε
2706 607 3005 680 μεταϐολὴν
3038 609 3101 660 ἐκ
3114 607 3222 662 τῶν
3245 609 3380 680 πρὸς
3399 610 3615 681 ἐκείνην

2047 692 2328 762 πολέμων·
2356 693 2455 764 τὴν
2484 690 2890 762 φιλανθρωπίαν
2934 690 3011 755 δὲ,
3049 689 3107 755 ἐξ
3140 685 3216 744 ὧν
3245 691 3615 763 πολεμηθεῖσα

2046 774 2141 829 νῦν
2165 773 2264 845 τὴν
2295 774 2495 827 ἀσπίδα
2524 773 2915 844 προϐάλλεται,
2948 772 3043 825 zeal
3082 771 3187 825 ὑπὸ
3205 771 3305 836 τάς
3337 774 3615 846 πτέρυγας

2047 855 2262 921 ἐδέξατο
2288 856 2387 920 τάς
2418 856 2608 926 αὐτῆς,
2635 855 2731 908 zeal
2759 858 2816 908 ἐν
2848 854 3115 923 ἀσφαλείᾳ
3161 855 3311 928 πάσῃ
3345 856 3615 930 κατέστην

2050 954 2163 1002 σεν,
2193 937 2252 991 οὐ
2287 939 2741 1010 μνησικακήσασα
2764 937 2903 1008 ὑπὲρ
2930 936 3036 991 τῶν
3052 937 3357 1009 ἔμπροσθεν
3379 939 3614 1003 οὐδενὸς.
3698 982 3703 999 .

2047 1020 2182 1075 ἀλλά
2209 1021 2333 1084 τοὺς
2363 1021 2594 1084 κόλπους
2621 1020 2766 1091 αὐτῷ
2798 1019 2937 1091 μετά
2965 1018 3166 1089 πολλῆς
3192 1019 3489 1075 ἀπλὼσασα
3516 1024 3616 1093 τῆς

2049 1103 2447 1175 φιλοστοργίας.
2489 1103 2659 1156 Τοῦτο
2685 1103 2794 1173 1&9
2844 1102 3105 1175 τροπαίου
3136 1102 3336 1167 παντὸς
3363 1103 3615 1177 λαμπρό-

2048 1202 2225 1257 τερον,
2258 1186 2417 1239 τοῦτο
2437 1185 2560 1255 νίκη
2589 1183 2912 1256 περιφανὴς,
2946 1183 3102 1238 τοῦτο
3138 1183 3404 1254 ’Έλληνας
3434 1187 3618 1257 ἐντρέο

2050 1281 2163 1327 πει,
2196 1263 2354 1316 τοῦτο
2381 1264 2473 1317 zeal
2509 1264 2790 1326 Ἰουδαίους
2819 1260 3185 1332 καταισχύνει,
3212 1263 3368 1316 τοῦτο
3399 1265 3621 1335 φαιδρὸν

2051 1347 2220 1417 αὐτῆς
2248 1347 2308 1399 τὸ
2338 1347 2625 1419 πρόσωπον
2667 1345 2935 1401 δείκνυσιν
2953 1363 2966 1376 ·
3017 1346 3098 1398 ὅτι
3125 1346 3216 1398 τὸν
3243 1345 3503 1416 πολέμιον
3536 1350 3619 1401 ai-

2051 1429 2334 1501 χμάλωτον
2367 1428 2636 1494 λαϐοῦσα,
2669 1422 2928 1498 φείδεται,
2970 1428 3063 1481 zeal
3116 1428 3333 1482 πάντων
3370 1430 3532 1484 αὐτὸν
3561 1432 3621 1484 ἐν

2051 1511 2258 1585 ἐρημίᾳ
2283 1511 2639 1582 παριδόντων,
2673 1511 2809 1580 μόνη
2843 1509 3096 1582 καθάπερ
3134 1511 3314 1582 μήτηρ
3339 1512 3621 1584 φιλόστορ-

2050 1614 2166 1665 γος,
2194 1596 2299 1648 ὑπὸ
2319 1598 2388 1648 τά
2416 1595 2888 1664 παραπετάσματα
2913 1593 3081 1662 αὐτῆς
3106 1592 3332 1664 ἔκρυψε,
3366 1595 3461 1648 zeal
3486 1597 3621 1667 πρὸς

2055 1679 2336 1753 βασιλικὴν
2367 1678 2534 1750 ὀργὴν
2567 1678 2721 1748 ἔστη,
2755 1677 2891 1749 πρὸς
2916 1677 3089 1748 δήμου
3119 1677 3311 1747 θυμὸν,
3357 1679 3453 1732 καὶ
3483 1679 3621 1751 πρὸς

2057 1765 2210 1833 μῖσος
2257 1761 2570 1833 ἀφόρητονο
2626 1759 2781 1813 τοῦτο
2826 1758 2905 1831 τῷ
2962 1759 3334 1832 θυσιαστηρίῳ
3392 1762 3616 1832 κόσμος.

2053 1846 2211 1907 Ποῖος
2239 1844 2460 1913 κόσμος,
2497 1842 2649 1912 φησὶ,
2672 1843 2732 1896 τὸ
2755 1842 2845 1895 τὸν
2868 1842 3036 1911 ἐναγῆ
3064 1842 3157 1895 zeal
3184 1843 3509 1906 πλεονέκτην
3530 1844 3624 1898 zeal

2054 1926 2280 1996 ἅρπαγα
2307 1924 2574 1978 ἅπτεσθαι
2598 1923 2691 1978 τοῦ
2718 1923 3132 1995 θυσιαστηρίους
3161 1924 3252 1996 Μὴ
3272 1925 3398 1994 λέγε
3412 1924 3583 1979 ταῦτα
3602 1941 3617 1956 ·

2054 2009 2238 2080 ἐπειδὴ
2262 2008 2356 2062 zeal
2389 2010 2423 2079 ὴ
2458 2008 2628 2080 πόρνη
2658 2006 2834 2077 ἥψατο
2858 2007 2966 2061 τῶν
2998 2006 3175 2060 ποδῶν
3218 2007 3314 2061 τοῦ
3346 2007 3615 2078 Χριστοῦ,

2054 2094 2088 2162 ἡ
2120 2091 2322 2164 σφόδρα
2344 2092 2544 2163 ἐναγὴς
2562 2093 2655 2145 zeal
2685 2090 3019 2162 ἀκάθαρτοςο
3047 2090 3141 2143 zeal
3160 2092 3260 2145 οὐκ
3279 2086 3345 2163 ῆν
3373 2092 3620 2163 ἔγκλημα

2053 2175 2131 2247 τῷ
2163 2175 2423 2246 Ἰησοῦτὸ
2459 2175 2767 2245 γενόμενον,
2812 2173 2945 2228 ἀλλά
2977 2173 3162 2243 θαῦμα
3200 2174 3291 2227 zeal
3324 2174 3487 2245 ὕμνος
3515 2174 3617 2245 μέ-

2053 2275 2188 2327 γας·
2245 2258 2307 2311 οὐ
2341 2258 2450 2328 γὰρ
2491 2257 2583 2310 τὸν
2629 2257 2867 2329 καθαρὸν
2900 2256 3165 2311 ἔϐλαπτεν
3199 2258 3232 2327 ἡ
3286 2257 3615 2329 ἀκάθαρτος,

2054 2339 2193 2394 ἀλλά
2217 2339 2315 2411 τὴν
2342 2339 2510 2409 ἐναγῆ
2543 2339 2747 2411 πόρνην
2776 2340 2803 2391 ὁ
2845 2337 3082 2410 καθαρὸς
3134 2340 3228 2392 zeal
3257 2339 3484 2410 ἄμωμος
3530 2338 3622 2393 διὰ

2053 2422 2154 2493 τῆς
2207 2422 2351 2492 ἁφῆς
2398 2420 2644 2492 καθαρὰν
2695 2421 3008 2493 εἰργάσατο.
3064 2420 3157 2491 Μὴ
3217 2419 3281 2491 δὴ
3357 2437 3625 2491 μνησικα-

2054 2504 2252 2575 κήσῃς,
2282 2497 2328 2557 ὧ
2348 2503 2622 2575 ἄνθρωπε.
2657 2501 2894 2556 Ἐκείνου
2920 2502 3126 2556 οἰκέται
3148 2501 3315 2572 ἐσμὲν
3344 2500 3440 2555 τοῦ
3463 2519 3628 2555 σταυ-

2060 2602 2153 2657 ρου
2162 2588 2320 2657 μένου
2347 2587 2439 2639 zeal
2456 2586 2721 2656 λέγοντος
2743 2586 2928 2654 Ἄφες
2957 2584 3179 2650 αὐτοῖς,
3202 2586 3275 2639 οὑ
3294 2582 3403 2654 γὰρ
3428 2583 3627 2637 οἴδασι

2056 2670 2115 2722 τί
2144 2668 2448 2723 ποιοῦσιν.
2490 2667 2629 2721 Ἀλλ’
2657 2668 3000 2737 ἀπετείχισε,
3034 2668 3199 2738 φησί,
3246 2666 3345 2738 τὴν
3390 2665 3628 2721 ἐνταῦθα

2057 2751 2382 2823 καταφυγὴν
2431 2751 2724 2822 γράμμασι
2774 2751 2869 2804 zeal
2905 2750 3090 2821 νόμοις
3142 2749 3437 2821 διαφόροις.
3484 2747 3625 2801 Ἀλλ’

2060 2834 2169 2889 ίδού
2193 2833 2282 2888 διὰ
2306 2833 2412 2887 τῶν
2440 2833 2616 2905 ἔργων
2652 2828 2852 2903 ἔμαθεν
2871 2872 2887 2898 ,
2928 2833 3066 2903 ὅπερ
3096 2833 3317 2904 ἐποίησε
3340 2870 3356 2895 ,
3399 2828 3493 2886 zeal
3538 2829 3628 2883 τὸν

2059 2918 2222 2989 νόμον
2266 2916 2422 2969 ἔλυσε
2450 2914 2666 2986 πρῶτος
2698 2914 2881 2980 αὐτὸς,
2918 2913 2984 2968 δι’
3011 2909 3086 2969 ὧν
3129 2914 3372 2983 ἐποίησε.
3408 2913 3503 2967 καὶ
3535 2912 3629 2980 γέ·

2056 3017 2182 3071 γονε
2222 3001 2323 3072 τῆς
2368 2997 2689 3070 οἰκουμένης
2721 2998 2965 3069 θέατρον,
3023 2997 3116 3051 zeal
3165 2998 3331 3066 σιγῶν
3379 2994 3649 3051 ἐντεῦθενμ

2059 3084 2250 3155 ἀφίησι
2281 3083 2465 3154 φωνην
2504 3081 2677 3135 ἅπασι
2722 3080 3020 3152 παραινῶν,
3038 3079 3127 3153 Μη
3155 3083 3353 3134 ποιεῖτε
3382 3078 3625 3145 τοιαῦτα,

2061 3169 2147 3221 ἵνα
2185 3166 2493 3239 μὴιπάθητε
2514 3165 2757 3220 τοιαῦτα.
2789 3163 3116 3228 Διδάσκαλος
3143 3163 3379 3233 ἀνεφάνη
3408 3160 3495 3214 διά
3528 3161 3630 3233 τῆς

2063 3250 2369 3322 συμφορᾶς,
2401 3248 2497 3302 zeal
2512 3248 2835 3321 λαμπηδόνα
2859 3247 3099 3319 μεγάλην
3124 3247 3316 3317 ἀφίησι
3344 3245 3405 3299 τὸ
3435 3244 3624 3299 θυσια-

2064 3336 2303 3405 στήριον,
2344 3330 2442 3385 νῦν
2469 3330 2697 3402 φοϐερὸν
2726 3330 2956 3402 μάλιστα
2981 3332 3087 3383 zeal
3108 3332 3172 3383 ἐκ
3201 3329 3391 3382 τούτου
3439 3326 3629 3395 φαινό⁶

2066 3435 2248 3489 μενον,
2282 3417 2365 3469 ὅτι
2407 3415 2501 3469 τὸν
2532 3414 2720 3468 λέοντα
2755 3414 3035 3484 δεδεμένον
3066 3413 3179 3483 ἔχει
3200 3429 3214 3443 ο
3256 3412 3379 3465 ἐπεὶ
3404 3412 3499 3463 zeal
3533 3410 3629 3481 βα-

2065 3501 2243 3570 σιλικῇ
2283 3498 2450 3552 εἰκόνι
2483 3498 2653 3569 μέγας
2684 3497 2889 3565 γένοιτο
2908 3497 3132 3567 κόσμος,
3157 3497 3254 3566 οὐχ
3274 3498 3401 3549 ὅταν
3426 3495 3517 3547 ἐπὶ
3537 3492 3629 3547 τοῦ

2064 3583 2254 3655 θρόνου
2282 3581 2516 3652 κάθηται
2549 3580 2855 3651 πορφυρίδα
2886 3580 3369 3652 περιϐεϐλημένοςζ
3400 3579 3494 3633 zeal
3520 3578 3631 3631 διά·

2062 3666 2211 3736 δημα
2238 3662 2617 3735 περικείμενος
2656 3663 2685 3714 ὁ
2716 3661 2968 3732 βασιλεὺς
3010 3662 3190 3732 μόνον,
3221 3662 3356 3715 ἀλλά
3392 3662 3485 3714 zeal
3503 3660 3631 3713 ὅταν

2064 3750 2168 3803 ὐπὸ
2190 3747 2266 3819 τῷ
2297 3746 2418 3800 ποδὶ
2438 3745 2515 3816 τῷ
2544 3744 2805 3816 βασιλικῷ
2834 3744 3098 3817 βάρϐαροι
3123 3746 3231 3798 τῶν
3261 3739 3629 3815 χειρῶν

2063 3834 2238 3897 ὀπίσω
2270 3829 2559 3902 δεδεμένοι,
2597 3827 2746 3882 κάτω
2778 3828 2877 3891 τὰς
2907 3827 3146 3897 κεφαλὰς
3199 3828 3395 3893 νεύωσι
3443 3825 3629 3896 κείμε-

2064 3936 2166 3973 νοι.
2196 3918 2304 3972 Kal
2332 3918 2413 3970 ὅτι
2455 3916 2517 3968 οὐ
2569 3912 2884 3982 πιθανότητι
2931 3911 3191 3981 κέχρηται
3240 3909 3434 3977 λόγων,
3473 3909 3629 3979 ὑμεῖς

2068 4004 2344 4074 μάρτυρες
2378 3999 2478 4069 τῆς
2507 3997 2743 4066 σπουδῆς
2785 3995 2877 4049 zeal
2904 3995 3003 4064 τῆς
3033 3993 3352 4065 συνδρομῆς.
3380 3992 3491 4045 Kal
3517 3989 3630 4074 1&9

2065 4073 2316 4157 λαμπρὸν
2347 4085 2481 4156 ἡμῖν
2517 4084 2579 4136 τὸ
2626 4080 2850 4152 θέατρον
2898 4080 3155 4149 σήμερον,
3202 4077 3297 4130 zeal
3346 4073 3569 4145 φαιδρὸς
3602 4074 3633 4126 ό

2068 4168 2343 4235 σύλλογος,
2391 4166 2486 4219 zeal
2528 4165 2650 4217 ὅσον
2699 4162 2756 4215 ἐν
2799 4160 2877 4231 τῷ
2924 4161 3118 4229 Πάσχα
3173 4158 3250 4229 τῷ
3296 4157 3425 4228 ἱερῷ
3465 4157 3632 4230 δῆμον

2064 4248 2201 4305 εἶδον
2255 4247 2638 4316 ξυναγόμενον,
2672 4242 2922 4297 τοσοῦτον
2949 4242 3060 4313 ὁρῶ
3108 4241 3203 4294 zeal
3240 4238 3474 4293 ἐνταῦθα
3504 4239 3631 4290 νῡν’

2071 4333 2161 4389 zeal
2185 4331 2327 4386 οὕτω
2350 4329 2518 4400 σιγῶν
2540 4327 2746 4390 πάντας
2789 4325 3038 4391 ἐκάλεσε,
3068 4324 3366 4392 σάλπιγγος
3387 4322 3636 4392 λαμπρο-

2065 4417 2231 4490 τέραν
2261 4413 2443 4486 φωνὴν
2483 4409 2573 4464 διὰ
2596 4408 2705 4462 τῶν
2741 4407 3083 4488 πραγμάτων
3113 4407 3292 4475 ἀφείς.
3328 4405 3634 4490 καὶμπαρ-

2070 4486 2213 4554 θένοι
2236 4496 2530 4566 θαλάμους,
2552 4493 2647 4547 zeal
2666 4486 2924 4560 γυναῖκες
2943 4490 3305 4558 γυναικῶνας,
3334 4488 3427 4541 zeal
3446 4486 3636 4556 ἄνδρες

2066 4585 2166 4655 τὴν
2214 4580 2418 4652 ἀγορὰν
2467 4575 2821 4639 κενώσαντες,
2857 4574 3056 4636 πάντες
3102 4571 3333 4626 ἐνταῦθα
3366 4569 3638 4655 συνεδρά-

2073 4652 2223 4740 μετε,
2250 4666 2337 4719 ἵνα
2366 4662 2465 4735 τὴν
2492 4658 2839 4740 ἀνθρωπίνην
2867 4655 3204 4740 φύσινηῖδητε
3250 4652 3631 4740 ἐλεγχομένην,

2067 4736 2164 4804 zeal
2191 4748 2297 4801 τῶν
2328 4742 2593 4816 βιωτικῶν
2623 4738 2959 4811 πραγμάτων
3007 4738 3070 4791 τὸ
3114 4737 3376 4807 ἐπίκηρον
3426 4736 3635 4801 ἀπογυο

2070 4831 2203 4904 μνού
2211 4846 2393 4901 μενον,
2407 4828 2502 4882 καὶ
2529 4825 2628 4897 τὴν
2651 4823 2912 4895 πορνικὴν
2928 4822 3049 4892 δψιν
3065 4820 3308 4904 τὴνῗχθές
3318 4817 3420 4904 zeal
3445 4816 3636 4904 πρώην

2069 4898 2287 4986 φαιδρὸν
2318 4910 2747 4981 ἀπολάμπουσαν
2769 4907 2883 4976 (zeal
2911 4906 3020 4976 1&9
3046 4903 3334 4972 τοιοῦτονή
3362 4898 3636 4986 εὐπραγία

2066 4982 2100 5072 ἡ
2126 4982 2236 5053 ἀπὸ
2262 4996 2370 5051 τῶν
2400 4990 2738 5059 πλεονεξιῶν,
2767 4989 2964 5053 παντὸς
2979 4987 3220 5072 γραῖδίου
3250 4984 3467 5072 ῥυτίδας
3488 4982 3641 5072 ἔχονς

2068 5067 2160 5146 τος
2188 5078 2512 5150 αἰσχροτέρα
2540 5072 2879 5145 φαινομένη),
2897 5070 3148 5140 καθάπερ
3175 5067 3413 5137 σπογγιᾷ
3444 5082 3553 5120 τινι
3570 5068 3637 5137 τῇ

2076 5163 2342 5237 μεταϐολῇ
2377 5162 2445 5214 τά
2486 5158 2865 5231 ἐπιτρίμματα
2900 5155 2994 5209 καί
3033 5153 3132 5217 τάς
3176 5151 3491 5223 ἐπιγραφὰς
3548 5152 3640 5203 ἐκ-

2074 5248 2317 5320 μάξασαν
2342 5245 2391 5296 δ.

2140 5330 2206 5384 δ’.
2226 5326 2459 5396 Τοιαύτη
2485 5323 2594 5396 1&9
2608 5325 2705 5393 τῆς
2726 5323 3060 5395 δυτημερίας
3074 5319 3278 5391 ταύτης
3295 5319 3329 5390 ἡ
3353 5316 3527 5388 ἰσχύς·
3551 5316 3633 5367 τω

2073 5416 2297 5489 φαιδρὸν
2317 5416 2410 5469 καὶ
2439 5413 2710 5483 περιφανῆ
2732 5412 2947 5464 πάντων
2968 5409 3223 5480 ἐποίησεν
3262 5404 3639 5473 εὐτελέστερον

2074 5505 2357 5578 φαίνεσθαι
2390 5504 2506 5558 νῦν.
2542 5500 2661 5557 Κᾶν
2698 5498 2950 5562 πλούσιος
2985 5496 3223 5570 εἰσέλθῃ,
3274 5493 3486 5567 μεγάλα
3512 5508 3637 5564 κερ.

2072 5597 2239 5651 δαίνει
2266 5610 2279 5624 ·
2303 5592 2445 5664 ὀρῶν
2472 5592 2578 5665 γὰρ
2604 5592 2667 5645 ἐκ
2688 5588 2952 5658 τοσαύτης
2979 5586 3224 5658 κορυφῆς
3249 5581 3640 5653 κατενεχθέντα

2074 5688 2163 5742 τὸν
2195 5685 2405 5739 σείοντα
2446 5684 2543 5754 τὴν
2580 5680 2903 5752 οἰκουμένην
2945 5679 3183 5745 ἃπασαν,
3221 5675 3315 5731 zeal
3356 5670 3640 5727 συνεσταλ-

2136 5813 2166 5856 b
2187 5774 2306 5873 Reg:
2335 5811 2381 5858 ἐκ
2389 5810 2659 5874 μοχθεῖσαν.
