  <div class='ocr_page' id='page_1' title='image "/cluster/home/n/w/nwhite01/storage/ocr_20150623/52/hvd.32044073501918/020.png"; bbox 0 0 4100 6196; ppageno 0'>
   <div class='ocr_carea' id='block_1_1' title="bbox 412 427 517 483">
    <p class='ocr_par' dir='ltr' id='par_1_1' title="bbox 412 427 517 483">
     <span class='ocr_line' id='line_1_1' title="bbox 412 427 517 483; baseline -0.019 0"><span class='ocrx_word' id='word_1_1' title='bbox 412 427 517 483; x_wconf 75' lang='lat'><strong>395</strong></span> 
     </span>
    </p>
   </div>
   <div class='ocr_carea' id='block_1_2' title="bbox 408 531 1991 610">
    <p class='ocr_par' dir='ltr' id='par_1_2' title="bbox 408 531 1991 610">
     <span class='ocr_line' id='line_1_2' title="bbox 408 531 1991 610; baseline -0.011 -8"><span class='ocrx_word' id='word_1_2' title='bbox 408 558 525 602; x_wconf 83' lang='lat' dir='ltr'><strong>ante</strong></span> <span class='ocrx_word' id='word_1_3' title='bbox 542 543 883 600; x_wconf 74' lang='lat' dir='ltr'><strong>calamitatem</strong></span> <span class='ocrx_word' id='word_1_4' title='bbox 907 555 928 607; x_wconf 80' lang='lat'><strong>,°</strong></span> <span class='ocrx_word' id='word_1_5' title='bbox 954 537 1261 610; x_wconf 76' lang='lat' dir='ltr'><strong>Estrapium</strong></span> <span class='ocrx_word' id='word_1_6' title='bbox 1315 534 1562 591; x_wconf 77' lang='lat' dir='ltr'><strong>Arcadius</strong></span> <span class='ocrx_word' id='word_1_7' title='bbox 1592 531 1878 605; x_wconf 82' lang='lat' dir='ltr'><strong>Imperator</strong></span> <span class='ocrx_word' id='word_1_8' title='bbox 1902 531 1991 585; x_wconf 80' lang='lat' dir='ltr'><strong>ab-</strong></span> 
     </span>
    </p>
   </div>
   <div class='ocr_carea' id='block_1_3' title="bbox 407 627 1997 706">
    <p class='ocr_par' dir='ltr' id='par_1_3' title="bbox 407 627 1997 706">
     <span class='ocr_line' id='line_1_3' title="bbox 407 627 1997 706; baseline -0.011 -12"><span class='ocrx_word' id='word_1_9' title='bbox 407 655 523 694; x_wconf 79' lang='lat' dir='ltr'><strong>auct</strong></span> <span class='ocrx_word' id='word_1_10' title='bbox 551 653 584 690; x_wconf 90' lang='lat' dir='ltr'><strong><em>a</em></strong></span> <span class='ocrx_word' id='word_1_11' title='bbox 606 630 1113 706; x_wconf 81' lang='lat' dir='ltr'><strong>templojubet.—Et</strong></span> <span class='ocrx_word' id='word_1_12' title='bbox 1138 629 1252 685; x_wconf 68' lang='lat' dir='ltr'><strong>lucc</strong></span> <span class='ocrx_word' id='word_1_13' title='bbox 1273 643 1416 682; x_wconf 91' lang='lat' dir='ltr'><strong>nunc</strong></span> <span class='ocrx_word' id='word_1_14' title='bbox 1434 627 1576 691; x_wconf 87' lang='lat' dir='ltr'><strong>dico,</strong></span> <span class='ocrx_word' id='word_1_15' title='bbox 1602 641 1708 679; x_wconf 92' lang='lat' dir='ltr'><strong>non</strong></span> <span class='ocrx_word' id='word_1_16' title='bbox 1740 640 1846 695; x_wconf 86' lang='lat' dir='ltr'><strong>quo</strong></span> <span class='ocrx_word' id='word_1_17' title='bbox 1876 639 1997 692; x_wconf 38' lang='lat' dir='ltr'><strong>ltro-</strong></span> 
     </span>
    </p>
   </div>
   <div class='ocr_carea' id='block_1_4' title="bbox 408 715 1994 794">
    <p class='ocr_par' dir='ltr' id='par_1_4' title="bbox 408 715 1994 794">
     <span class='ocr_line' id='line_1_4' title="bbox 408 715 1994 794; baseline -0.011 -10"><span class='ocrx_word' id='word_1_18' title='bbox 408 738 579 786; x_wconf 85' lang='lat' dir='ltr'><strong>strato</strong></span> <span class='ocrx_word' id='word_1_19' title='bbox 601 727 873 788; x_wconf 88' lang='lat' dir='ltr'><strong>insultem,</strong></span> <span class='ocrx_word' id='word_1_20' title='bbox 899 722 995 778; x_wconf 85' lang='lat' dir='ltr'><strong>sed</strong></span> <span class='ocrx_word' id='word_1_21' title='bbox 1025 721 1170 794; x_wconf 91' lang='lat' dir='ltr'><strong>quod</strong></span> <span class='ocrx_word' id='word_1_22' title='bbox 1198 735 1293 776; x_wconf 91' lang='lat' dir='ltr'><strong>eos</strong></span> <span class='ocrx_word' id='word_1_23' title='bbox 1319 719 1408 790; x_wconf 88' lang='lat' dir='ltr'><strong>qui</strong></span> <span class='ocrx_word' id='word_1_24' title='bbox 1430 718 1603 773; x_wconf 90' lang='lat' dir='ltr'><strong>adhuc</strong></span> <span class='ocrx_word' id='word_1_25' title='bbox 1629 725 1792 782; x_wconf 85' lang='lat' dir='ltr'><strong><em>stant,</em></strong></span> <span class='ocrx_word' id='word_1_26' title='bbox 1833 715 1994 770; x_wconf 88' lang='lat' dir='ltr'><strong>tutio-</strong></span> 
     </span>
    </p>
   </div>
   <div class='ocr_carea' id='block_1_5' title="bbox 406 805 1998 884">
    <p class='ocr_par' dir='ltr' id='par_1_5' title="bbox 406 805 1998 884">
     <span class='ocr_line' id='line_1_5' title="bbox 406 805 1998 884; baseline -0.012 -8"><span class='ocrx_word' id='word_1_27' title='bbox 406 837 494 876; x_wconf 90' lang='lat' dir='ltr'><strong>res</strong></span> <span class='ocrx_word' id='word_1_28' title='bbox 523 815 748 874; x_wconf 81' lang='lat' dir='ltr'><strong>reddere</strong></span> <span class='ocrx_word' id='word_1_29' title='bbox 790 810 1002 884; x_wconf 82' lang='lat' dir='ltr'><strong>cupiam</strong></span> <span class='ocrx_word' id='word_1_30' title='bbox 1030 830 1043 867; x_wconf 91' lang='lat'><strong>:</strong></span> <span class='ocrx_word' id='word_1_31' title='bbox 1068 827 1167 866; x_wconf 91' lang='lat' dir='ltr'><strong>nec</strong></span> <span class='ocrx_word' id='word_1_32' title='bbox 1216 819 1274 865; x_wconf 90' lang='lat' dir='ltr'><strong>ut</strong></span> <span class='ocrx_word' id='word_1_33' title='bbox 1323 810 1508 882; x_wconf 85' lang='lat' dir='ltr'><strong>plagas</strong></span> <span class='ocrx_word' id='word_1_34' title='bbox 1537 806 1798 862; x_wconf 90' lang='lat' dir='ltr'><strong>vulnerati</strong></span> <span class='ocrx_word' id='word_1_35' title='bbox 1845 805 1998 860; x_wconf 90' lang='lat' dir='ltr'><strong>refri-</strong></span> 
     </span>
    </p>
   </div>
   <div class='ocr_carea' id='block_1_6' title="bbox 406 899 2000 978">
    <p class='ocr_par' dir='ltr' id='par_1_6' title="bbox 406 899 2000 978">
     <span class='ocr_line' id='line_1_6' title="bbox 406 899 2000 978; baseline -0.011 -11"><span class='ocrx_word' id='word_1_36' title='bbox 406 927 548 978; x_wconf 88' lang='lat' dir='ltr'><strong>cem,</strong></span> <span class='ocrx_word' id='word_1_37' title='bbox 582 907 675 964; x_wconf 90' lang='lat' dir='ltr'><strong>sed</strong></span> <span class='ocrx_word' id='word_1_38' title='bbox 713 915 774 961; x_wconf 92' lang='lat' dir='ltr'><strong>ut</strong></span> <span class='ocrx_word' id='word_1_39' title='bbox 802 904 1040 960; x_wconf 91' lang='lat' dir='ltr'><strong>nondum</strong></span> <span class='ocrx_word' id='word_1_40' title='bbox 1090 903 1395 956; x_wconf 77' lang='lat' dir='ltr'><strong>vulneratos</strong></span> <span class='ocrx_word' id='word_1_41' title='bbox 1440 901 1494 954; x_wconf 90' lang='lat' dir='ltr'><strong>in</strong></span> <span class='ocrx_word' id='word_1_42' title='bbox 1523 899 1752 954; x_wconf 91' lang='lat' dir='ltr'><strong>sanitate</strong></span> <span class='ocrx_word' id='word_1_43' title='bbox 1777 913 2000 952; x_wconf 86' lang='lat' dir='ltr'><strong>conser-</strong></span> 
     </span>
    </p>
   </div>
   <div class='ocr_carea' id='block_1_7' title="bbox 407 987 1999 1065">
    <p class='ocr_par' dir='ltr' id='par_1_7' title="bbox 407 987 1999 1065">
     <span class='ocr_line' id='line_1_7' title="bbox 407 987 1999 1065; baseline -0.006 -12"><span class='ocrx_word' id='word_1_44' title='bbox 407 1015 527 1054; x_wconf 89' lang='lat' dir='ltr'><strong>vem</strong></span> <span class='ocrx_word' id='word_1_45' title='bbox 561 1016 578 1056; x_wconf 72' lang='grc' dir='ltr'><em>τ</em></span> <span class='ocrx_word' id='word_1_46' title='bbox 608 1012 714 1053; x_wconf 90' lang='lat' dir='ltr'><strong>non</strong></span> <span class='ocrx_word' id='word_1_47' title='bbox 742 1005 799 1051; x_wconf 93' lang='lat' dir='ltr'><strong>ut</strong></span> <span class='ocrx_word' id='word_1_48' title='bbox 845 996 1099 1065; x_wconf 89' lang='lat' dir='ltr'><strong>jactatum</strong></span> <span class='ocrx_word' id='word_1_49' title='bbox 1145 990 1392 1048; x_wconf 89' lang='lat' dir='ltr'><strong>fluctibus</strong></span> <span class='ocrx_word' id='word_1_50' title='bbox 1433 989 1735 1060; x_wconf 88' lang='lat' dir='ltr'><strong>demergam</strong></span> <span class='ocrx_word' id='word_1_51' title='bbox 1766 1030 1780 1055; x_wconf 92' lang='lat'><strong>,</strong></span> <span class='ocrx_word' id='word_1_52' title='bbox 1809 987 1903 1042; x_wconf 80' lang='lat' dir='ltr'><strong>scd</strong></span> <span class='ocrx_word' id='word_1_53' title='bbox 1944 998 1999 1043; x_wconf 91' lang='lat' dir='ltr'><strong>ut</strong></span> 
     </span>
    </p>
   </div>
   <div class='ocr_carea' id='block_1_8' title="bbox 406 1080 1999 1162">
    <p class='ocr_par' dir='ltr' id='par_1_8' title="bbox 406 1080 1999 1162">
     <span class='ocr_line' id='line_1_8' title="bbox 406 1080 1999 1162; baseline -0.007 -17"><span class='ocrx_word' id='word_1_54' title='bbox 406 1106 524 1160; x_wconf 86' lang='lat' dir='ltr'><strong>eos,</strong></span> <span class='ocrx_word' id='word_1_55' title='bbox 551 1090 645 1162; x_wconf 86' lang='lat' dir='ltr'><strong>qui</strong></span> <span class='ocrx_word' id='word_1_56' title='bbox 685 1087 935 1144; x_wconf 88' lang='lat' dir='ltr'><strong>secundis</strong></span> <span class='ocrx_word' id='word_1_57' title='bbox 980 1085 1126 1141; x_wconf 88' lang='lat' dir='ltr'><strong>auris</strong></span> <span class='ocrx_word' id='word_1_58' title='bbox 1154 1084 1423 1154; x_wconf 82' lang='lat' dir='ltr'><strong>navigant,</strong></span> <span class='ocrx_word' id='word_1_59' title='bbox 1467 1080 1728 1148; x_wconf 83' lang='lat' dir='ltr'><strong>erudiam,</strong></span> <span class='ocrx_word' id='word_1_60' title='bbox 1771 1097 1838 1136; x_wconf 90' lang='lat' dir='ltr'><strong>ne</strong></span> <span class='ocrx_word' id='word_1_61' title='bbox 1865 1080 1999 1134; x_wconf 86' lang='lat' dir='ltr'><strong>forte</strong></span> 
     </span>
    </p>
   </div>
   <div class='ocr_carea' id='block_1_9' title="bbox 406 1171 1996 1251">
    <p class='ocr_par' dir='ltr' id='par_1_9' title="bbox 406 1171 1996 1251">
     <span class='ocr_line' id='line_1_9' title="bbox 406 1171 1996 1251; baseline -0.005 -17"><span class='ocrx_word' id='word_1_62' title='bbox 406 1182 460 1234; x_wconf 92' lang='lat' dir='ltr'><strong>in</strong></span> <span class='ocrx_word' id='word_1_63' title='bbox 496 1178 820 1251; x_wconf 90' lang='lat' dir='ltr'><strong>profundum</strong></span> <span class='ocrx_word' id='word_1_64' title='bbox 849 1177 1182 1233; x_wconf 82' lang='lat' dir='ltr'><strong>deferantur.</strong></span> <span class='ocrx_word' id='word_1_65' title='bbox 1225 1174 1344 1241; x_wconf 92' lang='lat' dir='ltr'><strong>Quo</strong></span> <span class='ocrx_word' id='word_1_66' title='bbox 1386 1182 1564 1228; x_wconf 90' lang='lat' dir='ltr'><strong>autem</strong></span> <span class='ocrx_word' id='word_1_67' title='bbox 1611 1171 1770 1227; x_wconf 84' lang='lat' dir='ltr'><strong>modo</strong></span> <span class='ocrx_word' id='word_1_68' title='bbox 1819 1173 1996 1226; x_wconf 81' lang='lat' dir='ltr'><strong>caveri</strong></span> 
     </span>
    </p>
   </div>
   <div class='ocr_carea' id='block_1_10' title="bbox 413 1263 2000 1344">
    <p class='ocr_par' dir='ltr' id='par_1_10' title="bbox 413 1263 2000 1344">
     <span class='ocr_line' id='line_1_10' title="bbox 413 1263 2000 1344; baseline -0.005 -18"><span class='ocrx_word' id='word_1_69' title='bbox 413 1269 913 1344; x_wconf 85' lang='lat' dir='ltr'><strong>possit?Nimirum</strong></span> <span class='ocrx_word' id='word_1_70' title='bbox 960 1269 1005 1322; x_wconf 88' lang='lat' dir='ltr'><strong><em>si</em></strong></span> <span class='ocrx_word' id='word_1_71' title='bbox 1047 1283 1228 1322; x_wconf 91' lang='lat' dir='ltr'><strong>rerum</strong></span> <span class='ocrx_word' id='word_1_72' title='bbox 1279 1265 1631 1320; x_wconf 88' lang='lat' dir='ltr'><strong>humanarum</strong></span> <span class='ocrx_word' id='word_1_73' title='bbox 1681 1263 2000 1319; x_wconf 88' lang='lat' dir='ltr'><strong>mutationes</strong></span> 
     </span>
    </p>
   </div>
   <div class='ocr_carea' id='block_1_11' title="bbox 410 1355 1997 1422">
    <p class='ocr_par' dir='ltr' id='par_1_11' title="bbox 410 1355 1997 1422">
     <span class='ocr_line' id='line_1_11' title="bbox 410 1355 1997 1422; baseline -0.007 -1"><span class='ocrx_word' id='word_1_74' title='bbox 410 1363 842 1421; x_wconf 78' lang='lat' dir='ltr'><strong>Consideremus.</strong></span> <span class='ocrx_word' id='word_1_75' title='bbox 885 1360 942 1416; x_wconf 89' lang='lat' dir='ltr'><strong>Si</strong></span> <span class='ocrx_word' id='word_1_76' title='bbox 991 1358 1134 1413; x_wconf 90' lang='lat' dir='ltr'><strong>enim</strong></span> <span class='ocrx_word' id='word_1_77' title='bbox 1185 1358 1288 1412; x_wconf 91' lang='lat' dir='ltr'><strong>iste</strong></span> <span class='ocrx_word' id='word_1_78' title='bbox 1319 1357 1663 1412; x_wconf 79' lang='lat' dir='ltr'><strong>mutationem</strong></span> <span class='ocrx_word' id='word_1_79' title='bbox 1693 1355 1997 1422; x_wconf 85' lang='lat' dir='ltr'><strong>timuisset,</strong></span> 
     </span>
    </p>
   </div>
   <div class='ocr_carea' id='block_1_12' title="bbox 413 1448 2003 1521">
    <p class='ocr_par' dir='ltr' id='par_1_12' title="bbox 413 1448 2003 1521">
     <span class='ocr_line' id='line_1_12' title="bbox 413 1448 2003 1521; baseline -0.004 -13"><span class='ocrx_word' id='word_1_80' title='bbox 413 1469 554 1509; x_wconf 92' lang='lat' dir='ltr'><strong>nunc</strong></span> <span class='ocrx_word' id='word_1_81' title='bbox 579 1470 698 1508; x_wconf 87' lang='lat' dir='ltr'><strong>eam</strong></span> <span class='ocrx_word' id='word_1_82' title='bbox 752 1467 858 1506; x_wconf 93' lang='lat' dir='ltr'><strong>non</strong></span> <span class='ocrx_word' id='word_1_83' title='bbox 887 1459 1200 1521; x_wconf 87' lang='lat' dir='ltr'><strong>pateretur;</strong></span> <span class='ocrx_word' id='word_1_84' title='bbox 1244 1449 1337 1504; x_wconf 90' lang='lat' dir='ltr'><strong>sed</strong></span> <span class='ocrx_word' id='word_1_85' title='bbox 1375 1449 1628 1518; x_wconf 90' lang='lat' dir='ltr'><strong>quoniam</strong></span> <span class='ocrx_word' id='word_1_86' title='bbox 1656 1448 1756 1503; x_wconf 90' lang='lat' dir='ltr'><strong>iste</strong></span> <span class='ocrx_word' id='word_1_87' title='bbox 1783 1463 1881 1502; x_wconf 89' lang='lat' dir='ltr'><strong>nec</strong></span> <span class='ocrx_word' id='word_1_88' title='bbox 1907 1448 2003 1502; x_wconf 76' lang='lat' dir='ltr'><strong>do-</strong></span> 
     </span>
    </p>
   </div>
   <div class='ocr_carea' id='block_1_13' title="bbox 413 1540 2000 1610">
    <p class='ocr_par' dir='ltr' id='par_1_13' title="bbox 413 1540 2000 1610">
     <span class='ocr_line' id='line_1_13' title="bbox 413 1540 2000 1610; baseline -0.004 -9"><span class='ocrx_word' id='word_1_89' title='bbox 413 1547 653 1603; x_wconf 78' lang='lat' dir='ltr'><strong>mesticis</strong></span> <span class='ocrx_word' id='word_1_90' title='bbox 685 1561 786 1600; x_wconf 90' lang='lat' dir='ltr'><strong>nec</strong></span> <span class='ocrx_word' id='word_1_91' title='bbox 832 1543 1026 1598; x_wconf 87' lang='lat' dir='ltr'><strong>alienis</strong></span> <span class='ocrx_word' id='word_1_92' title='bbox 1056 1541 1295 1597; x_wconf 89' lang='lat' dir='ltr'><strong>consiliis</strong></span> <span class='ocrx_word' id='word_1_93' title='bbox 1327 1540 1520 1610; x_wconf 80' lang='lat' dir='ltr'><strong>corrigi</strong></span> <span class='ocrx_word' id='word_1_94' title='bbox 1551 1540 1739 1609; x_wconf 79' lang='lat' dir='ltr'><strong>pontii,</strong></span> <span class='ocrx_word' id='word_1_95' title='bbox 1771 1554 1865 1594; x_wconf 88' lang='lat' dir='ltr'><strong>vos</strong></span> <span class='ocrx_word' id='word_1_96' title='bbox 1891 1540 2000 1594; x_wconf 83' lang='lat' dir='ltr'><strong>sal-</strong></span> 
     </span>
    </p>
   </div>
   <div class='ocr_carea' id='block_1_14' title="bbox 411 1632 2001 1710">
    <p class='ocr_par' dir='ltr' id='par_1_14' title="bbox 411 1632 2001 1710">
     <span class='ocr_line' id='line_1_14' title="bbox 411 1632 2001 1710; baseline -0.005 -16"><span class='ocrx_word' id='word_1_97' title='bbox 411 1649 521 1694; x_wconf 89' lang='lat' dir='ltr'><strong>tem</strong></span> <span class='ocrx_word' id='word_1_98' title='bbox 545 1639 636 1710; x_wconf 90' lang='lat' dir='ltr'><strong>qui</strong></span> <span class='ocrx_word' id='word_1_99' title='bbox 664 1637 866 1692; x_wconf 85' lang='lat' dir='ltr'><strong>divitiis</strong></span> <span class='ocrx_word' id='word_1_100' title='bbox 891 1634 1232 1700; x_wconf 86' lang='lat' dir='ltr'><strong>extollimini,</strong></span> <span class='ocrx_word' id='word_1_101' title='bbox 1261 1633 1417 1701; x_wconf 87' lang='lat' dir='ltr'><strong>hujus</strong></span> <span class='ocrx_word' id='word_1_102' title='bbox 1437 1633 1790 1688; x_wconf 84' lang='lat' dir='ltr'><strong>calamitatem</strong></span> <span class='ocrx_word' id='word_1_103' title='bbox 1817 1632 1868 1686; x_wconf 90' lang='lat' dir='ltr'><strong>in</strong></span> <span class='ocrx_word' id='word_1_104' title='bbox 1907 1648 2001 1686; x_wconf 89' lang='lat' dir='ltr'><strong>ve-</strong></span> 
     </span>
    </p>
   </div>
   <div class='ocr_carea' id='block_1_15' title="bbox 411 1722 2003 1802">
    <p class='ocr_par' dir='ltr' id='par_1_15' title="bbox 411 1722 2003 1802">
     <span class='ocr_line' id='line_1_15' title="bbox 411 1722 2003 1802; baseline -0.008 -14"><span class='ocrx_word' id='word_1_105' title='bbox 411 1743 583 1788; x_wconf 88' lang='lat' dir='ltr'><strong>strum</strong></span> <span class='ocrx_word' id='word_1_106' title='bbox 623 1730 924 1802; x_wconf 89' lang='lat' dir='ltr'><strong>profectum</strong></span> <span class='ocrx_word' id='word_1_107' title='bbox 947 1726 1243 1782; x_wconf 85' lang='lat' dir='ltr'><strong>convertite</strong></span> <span class='ocrx_word' id='word_1_108' title='bbox 1276 1742 1289 1780; x_wconf 91' lang='lat'><strong>:</strong></span> <span class='ocrx_word' id='word_1_109' title='bbox 1315 1724 1443 1779; x_wconf 89' lang='lat' dir='ltr'><strong>nihil</strong></span> <span class='ocrx_word' id='word_1_110' title='bbox 1473 1724 1614 1778; x_wconf 87' lang='lat' dir='ltr'><strong>enim</strong></span> <span class='ocrx_word' id='word_1_111' title='bbox 1645 1732 1729 1778; x_wconf 94' lang='lat' dir='ltr'><strong>est</strong></span> <span class='ocrx_word' id='word_1_112' title='bbox 1759 1722 2003 1777; x_wconf 89' lang='lat' dir='ltr'><strong>humanis</strong></span> 
     </span>
    </p>
   </div>
   <div class='ocr_carea' id='block_1_16' title="bbox 414 1813 2003 1888">
    <p class='ocr_par' dir='ltr' id='par_1_16' title="bbox 414 1813 2003 1888">
     <span class='ocr_line' id='line_1_16' title="bbox 414 1813 2003 1888; baseline -0.011 -10"><span class='ocrx_word' id='word_1_113' title='bbox 414 1825 578 1878; x_wconf 86' lang='lat' dir='ltr'><strong>rebus</strong></span> <span class='ocrx_word' id='word_1_114' title='bbox 627 1819 914 1875; x_wconf 86' lang='lat' dir='ltr'><strong>infirmius.</strong></span> <span class='ocrx_word' id='word_1_115' title='bbox 947 1819 1284 1888; x_wconf 90' lang='lat' dir='ltr'><strong>Quapropter</strong></span> <span class='ocrx_word' id='word_1_116' title='bbox 1303 1829 1640 1884; x_wconf 89' lang='lat' dir='ltr'><strong>quocumque</strong></span> <span class='ocrx_word' id='word_1_117' title='bbox 1672 1813 1886 1867; x_wconf 88' lang='lat' dir='ltr'><strong>nomine</strong></span> <span class='ocrx_word' id='word_1_118' title='bbox 1911 1827 2003 1868; x_wconf 87' lang='lat' dir='ltr'><strong>ea.-</strong></span> 
     </span>
    </p>
   </div>
   <div class='ocr_carea' id='block_1_17' title="bbox 419 1902 2006 1979">
    <p class='ocr_par' dir='ltr' id='par_1_17' title="bbox 419 1902 2006 1979">
     <span class='ocr_line' id='line_1_17' title="bbox 419 1902 2006 1979; baseline -0.008 -12"><span class='ocrx_word' id='word_1_119' title='bbox 419 1929 542 1968; x_wconf 90' lang='lat' dir='ltr'><strong>rum</strong></span> <span class='ocrx_word' id='word_1_120' title='bbox 569 1913 821 1966; x_wconf 86' lang='lat' dir='ltr'><strong>vilitatem</strong></span> <span class='ocrx_word' id='word_1_121' title='bbox 848 1907 1232 1979; x_wconf 89' lang='lat' dir='ltr'><strong>significaveris</strong></span> <span class='ocrx_word' id='word_1_122' title='bbox 1254 1947 1270 1972; x_wconf 90' lang='lat'><strong>,</strong></span> <span class='ocrx_word' id='word_1_123' title='bbox 1304 1905 1481 1960; x_wconf 89' lang='lat' dir='ltr'><strong>minus</strong></span> <span class='ocrx_word' id='word_1_124' title='bbox 1501 1917 1658 1973; x_wconf 87' lang='lat' dir='ltr'><strong>quam</strong></span> <span class='ocrx_word' id='word_1_125' title='bbox 1686 1916 1784 1972; x_wconf 92' lang='lat' dir='ltr'><strong>pro</strong></span> <span class='ocrx_word' id='word_1_126' title='bbox 1811 1902 1886 1956; x_wconf 89' lang='lat' dir='ltr'><strong>rei</strong></span> <span class='ocrx_word' id='word_1_127' title='bbox 1913 1917 2006 1956; x_wconf 88' lang='lat' dir='ltr'><strong>ve-</strong></span> 
     </span>
    </p>
   </div>
   <div class='ocr_carea' id='block_1_18' title="bbox 427 1993 2002 2060">
    <p class='ocr_par' dir='ltr' id='par_1_18' title="bbox 427 1993 2002 2060">
     <span class='ocr_line' id='line_1_18' title="bbox 427 1993 2002 2060; baseline -0.006 -2"><span class='ocrx_word' id='word_1_128' title='bbox 427 2005 591 2058; x_wconf 84' lang='lat' dir='ltr'><strong>ritate</strong></span> <span class='ocrx_word' id='word_1_129' title='bbox 613 2002 805 2057; x_wconf 75' lang='lat' dir='ltr'><strong>dixeris</strong></span> <span class='ocrx_word' id='word_1_130' title='bbox 837 2018 852 2054; x_wconf 91' lang='lat'><strong>:</strong></span> <span class='ocrx_word' id='word_1_131' title='bbox 879 2000 967 2056; x_wconf 88' lang='lat' dir='ltr'><strong>vel</strong></span> <span class='ocrx_word' id='word_1_132' title='bbox 1011 1999 1055 2054; x_wconf 90' lang='lat' dir='ltr'><strong>si</strong></span> <span class='ocrx_word' id='word_1_133' title='bbox 1095 1998 1300 2052; x_wconf 93' lang='lat' dir='ltr'><strong>fumum</strong></span> <span class='ocrx_word' id='word_1_134' title='bbox 1353 2011 1468 2060; x_wconf 91' lang='lat' dir='ltr'><strong>eas,</strong></span> <span class='ocrx_word' id='word_1_135' title='bbox 1519 1994 1602 2049; x_wconf 91' lang='lat' dir='ltr'><strong>vel</strong></span> <span class='ocrx_word' id='word_1_136' title='bbox 1636 1993 1835 2049; x_wconf 67' lang='lat' dir='ltr'><strong>faenum</strong></span> <span class='ocrx_word' id='word_1_137' title='bbox 1861 2034 1875 2060; x_wconf 91' lang='lat'><strong>,</strong></span> <span class='ocrx_word' id='word_1_138' title='bbox 1918 1995 2002 2048; x_wconf 89' lang='lat' dir='ltr'><strong>vel</strong></span> 
     </span>
    </p>
   </div>
   <div class='ocr_carea' id='block_1_19' title="bbox 429 2085 2002 2160">
    <p class='ocr_par' dir='ltr' id='par_1_19' title="bbox 429 2085 2002 2160">
     <span class='ocr_line' id='line_1_19' title="bbox 429 2085 2002 2160; baseline -0.006 -11"><span class='ocrx_word' id='word_1_139' title='bbox 429 2111 687 2160; x_wconf 86' lang='lat' dir='ltr'><strong>somnum,</strong></span> <span class='ocrx_word' id='word_1_140' title='bbox 717 2094 792 2148; x_wconf 86' lang='lat' dir='ltr'><strong>vel</strong></span> <span class='ocrx_word' id='word_1_141' title='bbox 819 2093 982 2148; x_wconf 82' lang='lat' dir='ltr'><strong>flores</strong></span> <span class='ocrx_word' id='word_1_142' title='bbox 1010 2105 1222 2154; x_wconf 90' lang='lat' dir='ltr'><strong>vernos,</strong></span> <span class='ocrx_word' id='word_1_143' title='bbox 1252 2089 1338 2144; x_wconf 85' lang='lat' dir='ltr'><strong>vel</strong></span> <span class='ocrx_word' id='word_1_144' title='bbox 1357 2086 1617 2158; x_wconf 89' lang='lat' dir='ltr'><strong>quidlibet</strong></span> <span class='ocrx_word' id='word_1_145' title='bbox 1653 2085 1798 2141; x_wconf 87' lang='lat' dir='ltr'><strong>aliud</strong></span> <span class='ocrx_word' id='word_1_146' title='bbox 1828 2086 2002 2140; x_wconf 90' lang='lat' dir='ltr'><strong>nomi-</strong></span> 
     </span>
    </p>
   </div>
   <div class='ocr_carea' id='block_1_20' title="bbox 418 2175 2004 2254">
    <p class='ocr_par' dir='ltr' id='par_1_20' title="bbox 418 2175 2004 2254">
     <span class='ocr_line' id='line_1_20' title="bbox 418 2175 2004 2254; baseline -0.006 -15"><span class='ocrx_word' id='word_1_147' title='bbox 418 2186 632 2240; x_wconf 87' lang='lat' dir='ltr'><strong>naveris</strong></span> <span class='ocrx_word' id='word_1_148' title='bbox 666 2203 681 2239; x_wconf 92' lang='lat'><strong>:</strong></span> <span class='ocrx_word' id='word_1_149' title='bbox 711 2199 882 2254; x_wconf 86' lang='lat' dir='ltr'><strong>usque</strong></span> <span class='ocrx_word' id='word_1_150' title='bbox 923 2183 1059 2238; x_wconf 91' lang='lat' dir='ltr'><strong>adeo</strong></span> <span class='ocrx_word' id='word_1_151' title='bbox 1111 2189 1233 2237; x_wconf 92' lang='lat' dir='ltr'><strong>sunt</strong></span> <span class='ocrx_word' id='word_1_152' title='bbox 1289 2178 1500 2250; x_wconf 77' lang='lat' dir='ltr'><strong>fragiles</strong></span> <span class='ocrx_word' id='word_1_153' title='bbox 1528 2221 1542 2244; x_wconf 92' lang='lat'><strong>,</strong></span> <span class='ocrx_word' id='word_1_154' title='bbox 1570 2187 1625 2233; x_wconf 90' lang='lat' dir='ltr'><strong>et</strong></span> <span class='ocrx_word' id='word_1_155' title='bbox 1649 2178 1816 2248; x_wconf 85' lang='lat' dir='ltr'><strong>magis</strong></span> <span class='ocrx_word' id='word_1_156' title='bbox 1853 2175 2004 2230; x_wconf 88' lang='lat' dir='ltr'><strong>nihili</strong></span> 
     </span>
    </p>
   </div>
   <div class='ocr_carea' id='block_1_21' title="bbox 413 2268 2003 2345">
    <p class='ocr_par' dir='ltr' id='par_1_21' title="bbox 413 2268 2003 2345">
     <span class='ocr_line' id='line_1_21' title="bbox 413 2268 2003 2345; baseline -0.004 -18"><span class='ocrx_word' id='word_1_157' title='bbox 413 2292 572 2345; x_wconf 89' lang='lat' dir='ltr'><strong>quam</strong></span> <span class='ocrx_word' id='word_1_158' title='bbox 605 2274 734 2329; x_wconf 90' lang='lat' dir='ltr'><strong>nihil</strong></span> <span class='ocrx_word' id='word_1_159' title='bbox 755 2277 926 2344; x_wconf 87' lang='lat' dir='ltr'><strong>ipsum</strong></span> <span class='ocrx_word' id='word_1_160' title='bbox 949 2290 963 2338; x_wconf 89' lang='lat'><strong>;</strong></span> <span class='ocrx_word' id='word_1_161' title='bbox 989 2273 1129 2343; x_wconf 90' lang='lat' dir='ltr'><strong>quod</strong></span> <span class='ocrx_word' id='word_1_162' title='bbox 1155 2280 1331 2326; x_wconf 86' lang='lat' dir='ltr'><strong>autem</strong></span> <span class='ocrx_word' id='word_1_163' title='bbox 1361 2285 1467 2325; x_wconf 91' lang='lat' dir='ltr'><strong>non</strong></span> <span class='ocrx_word' id='word_1_164' title='bbox 1494 2270 1666 2338; x_wconf 88' lang='lat' dir='ltr'><strong>solum</strong></span> <span class='ocrx_word' id='word_1_165' title='bbox 1693 2268 1840 2324; x_wconf 90' lang='lat' dir='ltr'><strong>nihili</strong></span> <span class='ocrx_word' id='word_1_166' title='bbox 1863 2268 2003 2334; x_wconf 91' lang='lat' dir='ltr'><strong>sint,</strong></span> 
     </span>
    </p>
   </div>
   <div class='ocr_carea' id='block_1_22' title="bbox 413 2359 2008 2436">
    <p class='ocr_par' dir='ltr' id='par_1_22' title="bbox 413 2359 2008 2436">
     <span class='ocr_line' id='line_1_22' title="bbox 413 2359 2008 2436; baseline -0.004 -15"><span class='ocrx_word' id='word_1_167' title='bbox 413 2366 509 2422; x_wconf 91' lang='lat' dir='ltr'><strong>sed</strong></span> <span class='ocrx_word' id='word_1_168' title='bbox 536 2377 591 2420; x_wconf 91' lang='lat' dir='ltr'><strong>et</strong></span> <span class='ocrx_word' id='word_1_169' title='bbox 615 2367 667 2420; x_wconf 92' lang='lat' dir='ltr'><strong>in</strong></span> <span class='ocrx_word' id='word_1_170' title='bbox 700 2365 958 2436; x_wconf 69' lang='lat' dir='ltr'><strong>praecipiti</strong></span> <span class='ocrx_word' id='word_1_171' title='bbox 986 2373 1148 2427; x_wconf 91' lang='lat' dir='ltr'><strong>stent,</strong></span> <span class='ocrx_word' id='word_1_172' title='bbox 1178 2364 1262 2419; x_wconf 90' lang='lat' dir='ltr'><strong>vel</strong></span> <span class='ocrx_word' id='word_1_173' title='bbox 1290 2363 1415 2417; x_wconf 92' lang='lat' dir='ltr'><strong>hinc</strong></span> <span class='ocrx_word' id='word_1_174' title='bbox 1452 2371 1696 2431; x_wconf 89' lang='lat' dir='ltr'><strong>apparet.</strong></span> <span class='ocrx_word' id='word_1_175' title='bbox 1725 2361 1856 2428; x_wconf 86' lang='lat' dir='ltr'><strong>Quis</strong></span> <span class='ocrx_word' id='word_1_176' title='bbox 1904 2359 2008 2416; x_wconf 90' lang='lat' dir='ltr'><strong>hoc</strong></span> 
     </span>
    </p>
   </div>
   <div class='ocr_carea' id='block_1_23' title="bbox 416 2452 2006 2512">
    <p class='ocr_par' dir='ltr' id='par_1_23' title="bbox 416 2452 2006 2512">
     <span class='ocr_line' id='line_1_23' title="bbox 416 2452 2006 2512; baseline -0.002 -2"><span class='ocrx_word' id='word_1_177' title='bbox 416 2457 635 2512; x_wconf 90' lang='lat' dir='ltr'><strong>homine</strong></span> <span class='ocrx_word' id='word_1_178' title='bbox 681 2456 780 2512; x_wconf 89' lang='lat' dir='ltr'><strong>fuit</strong></span> <span class='ocrx_word' id='word_1_179' title='bbox 825 2455 1124 2512; x_wconf 76' lang='lat' dir='ltr'><strong>excelsior?</strong></span> <span class='ocrx_word' id='word_1_180' title='bbox 1168 2469 1348 2509; x_wconf 90' lang='lat' dir='ltr'><strong>nonne</strong></span> <span class='ocrx_word' id='word_1_181' title='bbox 1380 2455 1433 2508; x_wconf 92' lang='lat' dir='ltr'><strong>in</strong></span> <span class='ocrx_word' id='word_1_182' title='bbox 1465 2461 1578 2508; x_wconf 92' lang='lat' dir='ltr'><strong>toto</strong></span> <span class='ocrx_word' id='word_1_183' title='bbox 1626 2453 1758 2508; x_wconf 89' lang='lat' dir='ltr'><strong>orbe</strong></span> <span class='ocrx_word' id='word_1_184' title='bbox 1806 2452 2006 2508; x_wconf 81' lang='lat' dir='ltr'><strong>divitiis</strong></span> 
     </span>
    </p>
   </div>
   <div class='ocr_carea' id='block_1_24' title="bbox 416 2545 2006 2619">
    <p class='ocr_par' dir='ltr' id='par_1_24' title="bbox 416 2545 2006 2619">
     <span class='ocr_line' id='line_1_24' title="bbox 416 2545 2006 2619; baseline -0.003 -15"><span class='ocrx_word' id='word_1_185' title='bbox 416 2548 805 2619; x_wconf 59' lang='lat' dir='ltr'><strong>praecellebat?</strong></span> <span class='ocrx_word' id='word_1_186' title='bbox 850 2564 1029 2603; x_wconf 87' lang='lat' dir='ltr'><strong>nonne</strong></span> <span class='ocrx_word' id='word_1_187' title='bbox 1071 2547 1137 2602; x_wconf 89' lang='lat' dir='ltr'><strong>ad</strong></span> <span class='ocrx_word' id='word_1_188' title='bbox 1182 2548 1293 2617; x_wconf 89' lang='lat' dir='ltr'><strong>ipsa</strong></span> <span class='ocrx_word' id='word_1_189' title='bbox 1323 2546 1531 2616; x_wconf 84' lang='lat' dir='ltr'><strong>fastigia</strong></span> <span class='ocrx_word' id='word_1_190' title='bbox 1583 2545 1846 2601; x_wconf 91' lang='lat' dir='ltr'><strong>honorum</strong></span> <span class='ocrx_word' id='word_1_191' title='bbox 1873 2560 2006 2600; x_wconf 85' lang='lat' dir='ltr'><strong>cnn-</strong></span> 
     </span>
    </p>
   </div>
   <div class='ocr_carea' id='block_1_25' title="bbox 418 2634 2010 2696">
    <p class='ocr_par' dir='ltr' id='par_1_25' title="bbox 418 2634 2010 2696">
     <span class='ocr_line' id='line_1_25' title="bbox 418 2634 2010 2696; baseline -0.004 -2"><span class='ocrx_word' id='word_1_192' title='bbox 418 2641 670 2696; x_wconf 81' lang='lat' dir='ltr'><strong>scendit?</strong></span> <span class='ocrx_word' id='word_1_193' title='bbox 696 2655 876 2695; x_wconf 90' lang='lat' dir='ltr'><strong>nonne</strong></span> <span class='ocrx_word' id='word_1_194' title='bbox 904 2653 1094 2694; x_wconf 90' lang='lat' dir='ltr'><strong>omnes</strong></span> <span class='ocrx_word' id='word_1_195' title='bbox 1122 2653 1242 2692; x_wconf 90' lang='lat' dir='ltr'><strong>eum</strong></span> <span class='ocrx_word' id='word_1_196' title='bbox 1273 2637 1628 2693; x_wconf 89' lang='lat' dir='ltr'><strong>formidabant</strong></span> <span class='ocrx_word' id='word_1_197' title='bbox 1650 2651 1714 2692; x_wconf 91' lang='lat' dir='ltr'><strong>ac</strong></span> <span class='ocrx_word' id='word_1_198' title='bbox 1751 2634 2010 2690; x_wconf 85' lang='lat' dir='ltr'><strong>vereban-</strong></span> 
     </span>
    </p>
   </div>
   <div class='ocr_carea' id='block_1_26' title="bbox 418 2725 2008 2802">
    <p class='ocr_par' dir='ltr' id='par_1_26' title="bbox 418 2725 2008 2802">
     <span class='ocr_line' id='line_1_26' title="bbox 418 2725 2008 2802; baseline -0.003 -18"><span class='ocrx_word' id='word_1_199' title='bbox 418 2734 538 2787; x_wconf 81' lang='lat' dir='ltr'><strong>tur?</strong></span> <span class='ocrx_word' id='word_1_200' title='bbox 561 2731 668 2787; x_wconf 87' lang='lat' dir='ltr'><strong>Sed</strong></span> <span class='ocrx_word' id='word_1_201' title='bbox 699 2745 824 2786; x_wconf 89' lang='lat' dir='ltr'><strong>ecce</strong></span> <span class='ocrx_word' id='word_1_202' title='bbox 852 2730 1023 2785; x_wconf 90' lang='lat' dir='ltr'><strong>factus</strong></span> <span class='ocrx_word' id='word_1_203' title='bbox 1044 2740 1125 2785; x_wconf 80' lang='lat' dir='ltr'><strong>est</strong></span> <span class='ocrx_word' id='word_1_204' title='bbox 1150 2738 1204 2784; x_wconf 91' lang='lat' dir='ltr'><strong>et</strong></span> <span class='ocrx_word' id='word_1_205' title='bbox 1251 2728 1443 2802; x_wconf 88' lang='lat' dir='ltr'><strong>vinetis</strong></span> <span class='ocrx_word' id='word_1_206' title='bbox 1465 2727 1732 2800; x_wconf 85' lang='lat' dir='ltr'><strong>miserior,</strong></span> <span class='ocrx_word' id='word_1_207' title='bbox 1757 2735 1812 2781; x_wconf 91' lang='lat' dir='ltr'><strong>et</strong></span> <span class='ocrx_word' id='word_1_208' title='bbox 1839 2725 2008 2781; x_wconf 87' lang='lat' dir='ltr'><strong>servis</strong></span> 
     </span>
    </p>
   </div>
   <div class='ocr_carea' id='block_1_27' title="bbox 419 2815 2011 2888">
    <p class='ocr_par' dir='ltr' id='par_1_27' title="bbox 419 2815 2011 2888">
     <span class='ocr_line' id='line_1_27' title="bbox 419 2815 2011 2888; baseline -0.004 -12"><span class='ocrx_word' id='word_1_209' title='bbox 419 2820 796 2888; x_wconf 89' lang='lat' dir='ltr'><strong>miserabilior,</strong></span> <span class='ocrx_word' id='word_1_210' title='bbox 825 2829 880 2875; x_wconf 92' lang='lat' dir='ltr'><strong>et</strong></span> <span class='ocrx_word' id='word_1_211' title='bbox 901 2819 1161 2875; x_wconf 88' lang='lat' dir='ltr'><strong>mendicis</strong></span> <span class='ocrx_word' id='word_1_212' title='bbox 1191 2817 1332 2872; x_wconf 91' lang='lat' dir='ltr'><strong>fame</strong></span> <span class='ocrx_word' id='word_1_213' title='bbox 1357 2815 1752 2873; x_wconf 88' lang='lat' dir='ltr'><strong>tabescentibus</strong></span> <span class='ocrx_word' id='word_1_214' title='bbox 1769 2815 2011 2886; x_wconf 86' lang='lat' dir='ltr'><strong>indigen-</strong></span> 
     </span>
    </p>
   </div>
   <div class='ocr_carea' id='block_1_28' title="bbox 420 2908 2011 2984">
    <p class='ocr_par' dir='ltr' id='par_1_28' title="bbox 420 2908 2011 2984">
     <span class='ocr_line' id='line_1_28' title="bbox 420 2908 2011 2984; baseline -0.003 -17"><span class='ocrx_word' id='word_1_215' title='bbox 420 2915 544 2978; x_wconf 89' lang='lat' dir='ltr'><strong>tior,</strong></span> <span class='ocrx_word' id='word_1_216' title='bbox 574 2929 670 2984; x_wconf 89' lang='lat' dir='ltr'><strong>per</strong></span> <span class='ocrx_word' id='word_1_217' title='bbox 693 2913 933 2983; x_wconf 86' lang='lat' dir='ltr'><strong>singulos</strong></span> <span class='ocrx_word' id='word_1_218' title='bbox 957 2912 1074 2968; x_wconf 91' lang='lat' dir='ltr'><strong>dies</strong></span> <span class='ocrx_word' id='word_1_219' title='bbox 1089 2911 1297 2982; x_wconf 76' lang='lat' dir='ltr'><strong>gladios</strong></span> <span class='ocrx_word' id='word_1_220' title='bbox 1319 2926 1427 2979; x_wconf 69' lang='lat' dir='ltr'><strong>pra:</strong></span> <span class='ocrx_word' id='word_1_221' title='bbox 1453 2909 1620 2965; x_wconf 92' lang='lat' dir='ltr'><strong>oculis</strong></span> <span class='ocrx_word' id='word_1_222' title='bbox 1646 2909 1847 2965; x_wconf 87' lang='lat' dir='ltr'><strong>habens</strong></span> <span class='ocrx_word' id='word_1_223' title='bbox 1873 2908 1926 2962; x_wconf 90' lang='lat' dir='ltr'><strong>in</strong></span> <span class='ocrx_word' id='word_1_224' title='bbox 1952 2922 2011 2963; x_wconf 91' lang='lat' dir='ltr'><strong>se</strong></span> 
     </span>
    </p>
   </div>
   <div class='ocr_carea' id='block_1_29' title="bbox 419 2997 2008 3071">
    <p class='ocr_par' dir='ltr' id='par_1_29' title="bbox 419 2997 2008 3071">
     <span class='ocr_line' id='line_1_29' title="bbox 419 2997 2008 3071; baseline -0.004 -13"><span class='ocrx_word' id='word_1_225' title='bbox 419 3012 696 3071; x_wconf 89' lang='lat' dir='ltr'><strong>exacutos,</strong></span> <span class='ocrx_word' id='word_1_226' title='bbox 724 3012 779 3058; x_wconf 90' lang='lat' dir='ltr'><strong>et</strong></span> <span class='ocrx_word' id='word_1_227' title='bbox 828 3002 1076 3057; x_wconf 88' lang='lat' dir='ltr'><strong>barathra</strong></span> <span class='ocrx_word' id='word_1_228' title='bbox 1105 3011 1160 3057; x_wconf 90' lang='lat' dir='ltr'><strong>et</strong></span> <span class='ocrx_word' id='word_1_229' title='bbox 1201 3001 1500 3065; x_wconf 87' lang='lat' dir='ltr'><strong>carnifices,</strong></span> <span class='ocrx_word' id='word_1_230' title='bbox 1543 3007 1599 3054; x_wconf 90' lang='lat' dir='ltr'><strong>et</strong></span> <span class='ocrx_word' id='word_1_231' title='bbox 1639 2997 1776 3052; x_wconf 88' lang='lat' dir='ltr'><strong>viam</strong></span> <span class='ocrx_word' id='word_1_232' title='bbox 1799 3012 1916 3068; x_wconf 68' lang='lat' dir='ltr'><strong>quae</strong></span> <span class='ocrx_word' id='word_1_233' title='bbox 1943 2997 2008 3051; x_wconf 86' lang='lat' dir='ltr'><strong>ad</strong></span> 
     </span>
    </p>
   </div>
   <div class='ocr_carea' id='block_1_30' title="bbox 421 3087 2004 3165">
    <p class='ocr_par' dir='ltr' id='par_1_30' title="bbox 421 3087 2004 3165">
     <span class='ocr_line' id='line_1_30' title="bbox 421 3087 2004 3165; baseline -0.006 -15"><span class='ocrx_word' id='word_1_234' title='bbox 421 3094 741 3165; x_wconf 86' lang='lat' dir='ltr'><strong>supplicium</strong></span> <span class='ocrx_word' id='word_1_235' title='bbox 790 3094 936 3149; x_wconf 91' lang='lat' dir='ltr'><strong>ducit</strong></span> <span class='ocrx_word' id='word_1_236' title='bbox 966 3111 979 3146; x_wconf 88' lang='lat'><strong>:</strong></span> <span class='ocrx_word' id='word_1_237' title='bbox 1007 3109 1071 3148; x_wconf 90' lang='lat' dir='ltr'><strong>ac</strong></span> <span class='ocrx_word' id='word_1_238' title='bbox 1118 3108 1291 3162; x_wconf 90' lang='lat' dir='ltr'><strong>neque</strong></span> <span class='ocrx_word' id='word_1_239' title='bbox 1331 3090 1586 3148; x_wconf 84' lang='lat' dir='ltr'><strong>memoria</strong></span> <span class='ocrx_word' id='word_1_240' title='bbox 1618 3087 2004 3160; x_wconf 69' lang='lat' dir='ltr'><strong>praeteritarum</strong></span> 
     </span>
    </p>
   </div>
   <div class='ocr_carea' id='block_1_31' title="bbox 423 3180 2008 3257">
    <p class='ocr_par' dir='ltr' id='par_1_31' title="bbox 423 3180 2008 3257">
     <span class='ocr_line' id='line_1_31' title="bbox 423 3180 2008 3257; baseline -0.004 -19"><span class='ocrx_word' id='word_1_241' title='bbox 423 3187 755 3257; x_wconf 86' lang='lat' dir='ltr'><strong>voluptatum</strong></span> <span class='ocrx_word' id='word_1_242' title='bbox 787 3185 1001 3252; x_wconf 79' lang='lat' dir='ltr'><strong>fruitur,</strong></span> <span class='ocrx_word' id='word_1_243' title='bbox 1025 3185 1130 3240; x_wconf 92' lang='lat' dir='ltr'><strong>imo</strong></span> <span class='ocrx_word' id='word_1_244' title='bbox 1170 3199 1238 3239; x_wconf 91' lang='lat' dir='ltr'><strong>ne</strong></span> <span class='ocrx_word' id='word_1_245' title='bbox 1277 3183 1399 3239; x_wconf 90' lang='lat' dir='ltr'><strong>luce</strong></span> <span class='ocrx_word' id='word_1_246' title='bbox 1447 3181 1664 3253; x_wconf 92' lang='lat' dir='ltr'><strong>quidem</strong></span> <span class='ocrx_word' id='word_1_247' title='bbox 1716 3180 2008 3246; x_wconf 91' lang='lat' dir='ltr'><strong>communi,</strong></span> 
     </span>
    </p>
   </div>
   <div class='ocr_carea' id='block_1_32' title="bbox 421 3272 2013 3348">
    <p class='ocr_par' dir='ltr' id='par_1_32' title="bbox 421 3272 2013 3348">
     <span class='ocr_line' id='line_1_32' title="bbox 421 3272 2013 3348; baseline -0.006 -13"><span class='ocrx_word' id='word_1_248' title='bbox 421 3279 521 3336; x_wconf 79' lang='lat' dir='ltr'><strong>sed</strong></span> <span class='ocrx_word' id='word_1_249' title='bbox 571 3279 794 3334; x_wconf 89' lang='lat' dir='ltr'><strong>meridie</strong></span> <span class='ocrx_word' id='word_1_250' title='bbox 836 3292 1047 3348; x_wconf 90' lang='lat' dir='ltr'><strong>quoque</strong></span> <span class='ocrx_word' id='word_1_251' title='bbox 1087 3287 1353 3346; x_wconf 88' lang='lat' dir='ltr'><strong>tamquam</strong></span> <span class='ocrx_word' id='word_1_252' title='bbox 1402 3275 1452 3329; x_wconf 93' lang='lat' dir='ltr'><strong>in</strong></span> <span class='ocrx_word' id='word_1_253' title='bbox 1509 3272 1826 3329; x_wconf 90' lang='lat' dir='ltr'><strong>densissima</strong></span> <span class='ocrx_word' id='word_1_254' title='bbox 1856 3281 2013 3326; x_wconf 91' lang='lat' dir='ltr'><strong>nocte</strong></span> 
     </span>
    </p>
   </div>
   <div class='ocr_carea' id='block_1_33' title="bbox 425 3364 2009 3443">
    <p class='ocr_par' dir='ltr' id='par_1_33' title="bbox 425 3364 2009 3443">
     <span class='ocr_line' id='line_1_33' title="bbox 425 3364 2009 3443; baseline -0.005 -17"><span class='ocrx_word' id='word_1_255' title='bbox 425 3373 687 3443; x_wconf 79' lang='lat' dir='ltr'><strong>angustiis</strong></span> <span class='ocrx_word' id='word_1_256' title='bbox 728 3371 987 3442; x_wconf 85' lang='lat' dir='ltr'><strong>parietum</strong></span> <span class='ocrx_word' id='word_1_257' title='bbox 1033 3370 1289 3433; x_wconf 91' lang='lat' dir='ltr'><strong>inclusus,</strong></span> <span class='ocrx_word' id='word_1_258' title='bbox 1321 3368 1598 3424; x_wconf 91' lang='lat' dir='ltr'><strong>oculorum</strong></span> <span class='ocrx_word' id='word_1_259' title='bbox 1623 3380 1719 3420; x_wconf 89' lang='lat' dir='ltr'><strong>usu</strong></span> <span class='ocrx_word' id='word_1_260' title='bbox 1752 3364 2009 3435; x_wconf 91' lang='lat' dir='ltr'><strong>privatur.</strong></span> 
     </span>
    </p>
   </div>
   <div class='ocr_carea' id='block_1_34' title="bbox 425 3461 2014 3536">
    <p class='ocr_par' dir='ltr' id='par_1_34' title="bbox 425 3461 2014 3536">
     <span class='ocr_line' id='line_1_34' title="bbox 425 3461 2014 3536; baseline -0.006 -16"><span class='ocrx_word' id='word_1_261' title='bbox 425 3465 494 3520; x_wconf 82' lang='lat' dir='ltr'><strong>Et</strong></span> <span class='ocrx_word' id='word_1_262' title='bbox 522 3479 773 3536; x_wconf 90' lang='lat' dir='ltr'><strong>quorsum</strong></span> <span class='ocrx_word' id='word_1_263' title='bbox 807 3464 921 3518; x_wconf 67' lang='lat' dir='ltr'><strong>haec</strong></span> <span class='ocrx_word' id='word_1_264' title='bbox 949 3476 1374 3517; x_wconf 84' lang='lat' dir='ltr'><strong>commemorare</strong></span> <span class='ocrx_word' id='word_1_265' title='bbox 1426 3461 1638 3525; x_wconf 90' lang='lat' dir='ltr'><strong>attinet,</strong></span> <span class='ocrx_word' id='word_1_266' title='bbox 1670 3472 1790 3512; x_wconf 91' lang='lat' dir='ltr'><strong>cum</strong></span> <span class='ocrx_word' id='word_1_267' title='bbox 1841 3471 2014 3527; x_wconf 88' lang='lat' dir='ltr'><strong>quan-</strong></span> 
     </span>
    </p>
   </div>
   <div class='ocr_carea' id='block_1_35' title="bbox 423 3548 2014 3622">
    <p class='ocr_par' dir='ltr' id='par_1_35' title="bbox 423 3548 2014 3622">
     <span class='ocr_line' id='line_1_35' title="bbox 423 3548 2014 3622; baseline -0.005 -12"><span class='ocrx_word' id='word_1_268' title='bbox 423 3556 622 3610; x_wconf 87' lang='lat' dir='ltr'><strong>tumvis</strong></span> <span class='ocrx_word' id='word_1_269' title='bbox 645 3555 878 3619; x_wconf 85' lang='lat' dir='ltr'><strong>adnitar,</strong></span> <span class='ocrx_word' id='word_1_270' title='bbox 911 3553 1072 3608; x_wconf 90' lang='lat' dir='ltr'><strong>nullis</strong></span> <span class='ocrx_word' id='word_1_271' title='bbox 1097 3553 1274 3607; x_wconf 89' lang='lat' dir='ltr'><strong>verbis</strong></span> <span class='ocrx_word' id='word_1_272' title='bbox 1294 3553 1596 3622; x_wconf 81' lang='lat' dir='ltr'><strong>exprimere</strong></span> <span class='ocrx_word' id='word_1_273' title='bbox 1637 3550 1863 3613; x_wconf 90' lang='lat' dir='ltr'><strong>valeam,</strong></span> <span class='ocrx_word' id='word_1_274' title='bbox 1893 3548 2014 3618; x_wconf 89' lang='lat' dir='ltr'><strong>quis</strong></span> 
     </span>
    </p>
   </div>
   <div class='ocr_carea' id='block_1_36' title="bbox 424 3640 2013 3715">
    <p class='ocr_par' dir='ltr' id='par_1_36' title="bbox 424 3640 2013 3715">
     <span class='ocr_line' id='line_1_36' title="bbox 424 3640 2013 3715; baseline -0.004 -16"><span class='ocrx_word' id='word_1_275' title='bbox 424 3647 501 3700; x_wconf 91' lang='lat' dir='ltr'><strong>illi</strong></span> <span class='ocrx_word' id='word_1_276' title='bbox 523 3647 731 3700; x_wconf 90' lang='lat' dir='ltr'><strong>animus</strong></span> <span class='ocrx_word' id='word_1_277' title='bbox 749 3646 838 3710; x_wconf 87' lang='lat' dir='ltr'><strong>sit,</strong></span> <span class='ocrx_word' id='word_1_278' title='bbox 863 3661 958 3715; x_wconf 88' lang='lat' dir='ltr'><strong>per</strong></span> <span class='ocrx_word' id='word_1_279' title='bbox 979 3645 1214 3714; x_wconf 87' lang='lat' dir='ltr'><strong>singulas</strong></span> <span class='ocrx_word' id='word_1_280' title='bbox 1263 3644 1421 3698; x_wconf 90' lang='lat' dir='ltr'><strong>horas</strong></span> <span class='ocrx_word' id='word_1_281' title='bbox 1449 3642 1638 3711; x_wconf 86' lang='lat' dir='ltr'><strong>capitis</strong></span> <span class='ocrx_word' id='word_1_282' title='bbox 1689 3656 1752 3695; x_wconf 92' lang='lat' dir='ltr'><strong>su</strong></span> <span class='ocrx_word' id='word_1_283' title='bbox 1765 3640 2013 3710; x_wconf 88' lang='lat' dir='ltr'><strong>pplicium</strong></span> 
     </span>
    </p>
   </div>
   <div class='ocr_carea' id='block_1_37' title="bbox 423 3733 2016 3807">
    <p class='ocr_par' dir='ltr' id='par_1_37' title="bbox 423 3733 2016 3807">
     <span class='ocr_line' id='line_1_37' title="bbox 423 3733 2016 3807; baseline -0.007 -14"><span class='ocrx_word' id='word_1_284' title='bbox 423 3737 804 3807; x_wconf 75' lang='lat' dir='ltr'><strong>exSpectanti?</strong></span> <span class='ocrx_word' id='word_1_285' title='bbox 833 3737 937 3791; x_wconf 84' lang='lat' dir='ltr'><strong>Aut</strong></span> <span class='ocrx_word' id='word_1_286' title='bbox 962 3735 1089 3806; x_wconf 89' lang='lat' dir='ltr'><strong>quid</strong></span> <span class='ocrx_word' id='word_1_287' title='bbox 1141 3735 1340 3789; x_wconf 91' lang='lat' dir='ltr'><strong>nostris</strong></span> <span class='ocrx_word' id='word_1_288' title='bbox 1373 3733 1554 3790; x_wconf 88' lang='lat' dir='ltr'><strong>verbis</strong></span> <span class='ocrx_word' id='word_1_289' title='bbox 1583 3746 1719 3802; x_wconf 83' lang='lat' dir='ltr'><strong>npns</strong></span> <span class='ocrx_word' id='word_1_290' title='bbox 1766 3737 1868 3795; x_wconf 91' lang='lat' dir='ltr'><strong>est,</strong></span> <span class='ocrx_word' id='word_1_291' title='bbox 1896 3744 2016 3783; x_wconf 89' lang='lat' dir='ltr'><strong>cum</strong></span> 
     </span>
    </p>
   </div>
   <div class='ocr_carea' id='block_1_38' title="bbox 426 3825 2018 3900">
    <p class='ocr_par' dir='ltr' id='par_1_38' title="bbox 426 3825 2018 3900">
     <span class='ocr_line' id='line_1_38' title="bbox 426 3825 2018 3900; baseline -0.004 -15"><span class='ocrx_word' id='word_1_292' title='bbox 426 3831 544 3900; x_wconf 89' lang='lat' dir='ltr'><strong>ipse</strong></span> <span class='ocrx_word' id='word_1_293' title='bbox 571 3829 686 3884; x_wconf 80' lang='lat' dir='ltr'><strong>haec</strong></span> <span class='ocrx_word' id='word_1_294' title='bbox 728 3829 885 3884; x_wconf 90' lang='lat' dir='ltr'><strong>nobis</strong></span> <span class='ocrx_word' id='word_1_295' title='bbox 915 3838 1179 3898; x_wconf 86' lang='lat' dir='ltr'><strong>tamquam</strong></span> <span class='ocrx_word' id='word_1_296' title='bbox 1225 3827 1277 3881; x_wconf 94' lang='lat' dir='ltr'><strong>in</strong></span> <span class='ocrx_word' id='word_1_297' title='bbox 1324 3826 1551 3896; x_wconf 89' lang='lat' dir='ltr'><strong>imagine</strong></span> <span class='ocrx_word' id='word_1_298' title='bbox 1577 3825 1866 3896; x_wconf 81' lang='lat' dir='ltr'><strong>depingat?</strong></span> <span class='ocrx_word' id='word_1_299' title='bbox 1893 3825 2018 3882; x_wconf 85' lang='lat' dir='ltr'><strong>lleri</strong></span> 
     </span>
    </p>
   </div>
   <div class='ocr_carea' id='block_1_39' title="bbox 433 3915 2019 3990">
    <p class='ocr_par' dir='ltr' id='par_1_39' title="bbox 433 3915 2019 3990">
     <span class='ocr_line' id='line_1_39' title="bbox 433 3915 2019 3990; baseline 0 -16"><span class='ocrx_word' id='word_1_300' title='bbox 433 3935 667 3989; x_wconf 87' lang='lat' dir='ltr'><strong>namque</strong></span> <span class='ocrx_word' id='word_1_301' title='bbox 689 3919 866 3973; x_wconf 90' lang='lat' dir='ltr'><strong>missis</strong></span> <span class='ocrx_word' id='word_1_302' title='bbox 887 3919 953 3972; x_wconf 89' lang='lat' dir='ltr'><strong>ad</strong></span> <span class='ocrx_word' id='word_1_303' title='bbox 985 3935 1106 3972; x_wconf 91' lang='lat' dir='ltr'><strong>eum</strong></span> <span class='ocrx_word' id='word_1_304' title='bbox 1134 3917 1202 3972; x_wconf 90' lang='lat' dir='ltr'><strong>ab</strong></span> <span class='ocrx_word' id='word_1_305' title='bbox 1231 3917 1558 3988; x_wconf 90' lang='lat' dir='ltr'><strong>lmperatore</strong></span> <span class='ocrx_word' id='word_1_306' title='bbox 1579 3915 1668 3988; x_wconf 82' lang='lat' dir='ltr'><strong>qui</strong></span> <span class='ocrx_word' id='word_1_307' title='bbox 1689 3920 1770 3974; x_wconf 85' lang='lat' dir='ltr'><strong>vel</strong></span> <span class='ocrx_word' id='word_1_308' title='bbox 1793 3935 1887 3990; x_wconf 87' lang='lat' dir='ltr'><strong>per</strong></span> <span class='ocrx_word' id='word_1_309' title='bbox 1912 3920 2019 3974; x_wconf 92' lang='lat' dir='ltr'><strong>vim</strong></span> 
     </span>
    </p>
   </div>
   <div class='ocr_carea' id='block_1_40' title="bbox 427 4009 2021 4082">
    <p class='ocr_par' dir='ltr' id='par_1_40' title="bbox 427 4009 2021 4082">
     <span class='ocr_line' id='line_1_40' title="bbox 427 4009 2021 4082; baseline 0.001 -16"><span class='ocrx_word' id='word_1_310' title='bbox 427 4013 701 4066; x_wconf 86' lang='lat' dir='ltr'><strong>hominem</strong></span> <span class='ocrx_word' id='word_1_311' title='bbox 735 4009 1107 4081; x_wconf 87' lang='lat' dir='ltr'><strong>pertraherent</strong></span> <span class='ocrx_word' id='word_1_312' title='bbox 1135 4051 1150 4072; x_wconf 90' lang='lat'><strong>.</strong></span> <span class='ocrx_word' id='word_1_313' title='bbox 1187 4026 1307 4066; x_wconf 90' lang='lat' dir='ltr'><strong>cum</strong></span> <span class='ocrx_word' id='word_1_314' title='bbox 1337 4011 1402 4065; x_wconf 89' lang='lat' dir='ltr'><strong>ad</strong></span> <span class='ocrx_word' id='word_1_315' title='bbox 1432 4011 1724 4066; x_wconf 88' lang='lat' dir='ltr'><strong>sacrarium</strong></span> <span class='ocrx_word' id='word_1_316' title='bbox 1752 4011 2021 4082; x_wconf 88' lang='lat' dir='ltr'><strong>confugis-</strong></span> 
     </span>
    </p>
   </div>
   <div class='ocr_carea' id='block_1_41' title="bbox 425 4103 2052 4176">
    <p class='ocr_par' dir='ltr' id='par_1_41' title="bbox 425 4103 2052 4176">
     <span class='ocr_line' id='line_1_41' title="bbox 425 4103 2052 4176; baseline -0.001 -16"><span class='ocrx_word' id='word_1_317' title='bbox 425 4115 513 4160; x_wconf 88' lang='lat' dir='ltr'><strong>set</strong></span> <span class='ocrx_word' id='word_1_318' title='bbox 535 4103 631 4176; x_wconf 92' lang='lat' dir='ltr'><strong>(a),</strong></span> <span class='ocrx_word' id='word_1_319' title='bbox 650 4105 818 4159; x_wconf 88' lang='lat' dir='ltr'><strong>nihilo</strong></span> <span class='ocrx_word' id='word_1_320' title='bbox 843 4105 1138 4170; x_wconf 90' lang='lat' dir='ltr'><strong>meliorem,</strong></span> <span class='ocrx_word' id='word_1_321' title='bbox 1163 4112 1221 4158; x_wconf 90' lang='lat' dir='ltr'><strong>ut</strong></span> <span class='ocrx_word' id='word_1_322' title='bbox 1237 4118 1376 4158; x_wconf 92' lang='lat' dir='ltr'><strong>nunc</strong></span> <span class='ocrx_word' id='word_1_323' title='bbox 1393 4118 1626 4174; x_wconf 85' lang='lat' dir='ltr'><strong>quoque,</strong></span> <span class='ocrx_word' id='word_1_324' title='bbox 1650 4119 1807 4174; x_wconf 90' lang='lat' dir='ltr'><strong>quam</strong></span> <span class='ocrx_word' id='word_1_325' title='bbox 1829 4103 2021 4158; x_wconf 81' lang='lat' dir='ltr'><strong>mortui</strong></span> <span class='ocrx_word' id='word_1_326' title='bbox 2049 4118 2052 4119; x_wconf 69' lang='lat'><strong><em>&#39;</em></strong></span> 
     </span>
    </p>
   </div>
   <div class='ocr_carea' id='block_1_42' title="bbox 427 4193 2024 4272">
    <p class='ocr_par' dir='ltr' id='par_1_42' title="bbox 427 4193 2024 4272">
     <span class='ocr_line' id='line_1_42' title="bbox 427 4193 2024 4272; baseline -0.001 -21"><span class='ocrx_word' id='word_1_327' title='bbox 427 4196 674 4272; x_wconf 80' lang='lat' dir='ltr'><strong>colorem</strong></span> <span class='ocrx_word' id='word_1_328' title='bbox 720 4196 996 4251; x_wconf 88' lang='lat' dir='ltr'><strong>obtinebat</strong></span> <span class='ocrx_word' id='word_1_329' title='bbox 1031 4213 1042 4248; x_wconf 92' lang='lat'>:</span> <span class='ocrx_word' id='word_1_330' title='bbox 1074 4204 1199 4250; x_wconf 91' lang='lat' dir='ltr'><strong>tunc</strong></span> <span class='ocrx_word' id='word_1_331' title='bbox 1251 4195 1488 4249; x_wconf 91' lang='lat' dir='ltr'><strong>dentium</strong></span> <span class='ocrx_word' id='word_1_332' title='bbox 1527 4193 1764 4262; x_wconf 89' lang='lat' dir='ltr'><strong>stridor,</strong></span> <span class='ocrx_word' id='word_1_333' title='bbox 1823 4204 2024 4250; x_wconf 87' lang='lat' dir='ltr'><strong>tremor</strong></span> 
     </span>
    </p>
   </div>
   <div class='ocr_carea' id='block_1_43' title="bbox 429 4285 2021 4356">
    <p class='ocr_par' dir='ltr' id='par_1_43' title="bbox 429 4285 2021 4356">
     <span class='ocr_line' id='line_1_43' title="bbox 429 4285 2021 4356; baseline -0.001 -14"><span class='ocrx_word' id='word_1_334' title='bbox 429 4288 599 4342; x_wconf 85' lang='lat' dir='ltr'><strong>totius</strong></span> <span class='ocrx_word' id='word_1_335' title='bbox 627 4287 892 4356; x_wconf 90' lang='lat' dir='ltr'><strong>corporis,</strong></span> <span class='ocrx_word' id='word_1_336' title='bbox 915 4301 1018 4340; x_wconf 89' lang='lat' dir='ltr'><strong>vox</strong></span> <span class='ocrx_word' id='word_1_337' title='bbox 1047 4286 1359 4354; x_wconf 81' lang='lat' dir='ltr'><strong>singultiens</strong></span> <span class='ocrx_word' id='word_1_338' title='bbox 1384 4295 1437 4340; x_wconf 93' lang='lat' dir='ltr'><strong>et</strong></span> <span class='ocrx_word' id='word_1_339' title='bbox 1485 4285 1660 4356; x_wconf 81' lang='lat' dir='ltr'><strong>lingua</strong></span> <span class='ocrx_word' id='word_1_340' title='bbox 1691 4285 1942 4350; x_wconf 89' lang='lat' dir='ltr'><strong>titubans,</strong></span> <span class='ocrx_word' id='word_1_341' title='bbox 1970 4290 2021 4340; x_wconf 90' lang='lat' dir='ltr'><strong>in</strong></span> 
     </span>
    </p>
   </div>
   <div class='ocr_carea' id='block_1_44' title="bbox 429 4375 2024 4447">
    <p class='ocr_par' dir='ltr' id='par_1_44' title="bbox 429 4375 2024 4447">
     <span class='ocr_line' id='line_1_44' title="bbox 429 4375 2024 4447; baseline -0.001 -14"><span class='ocrx_word' id='word_1_342' title='bbox 429 4393 640 4433; x_wconf 87' lang='lat' dir='ltr'><strong>summa</strong></span> <span class='ocrx_word' id='word_1_343' title='bbox 692 4377 812 4432; x_wconf 85' lang='lat' dir='ltr'><strong>talis</strong></span> <span class='ocrx_word' id='word_1_344' title='bbox 857 4377 1088 4441; x_wconf 90' lang='lat' dir='ltr'><strong>habitus,</strong></span> <span class='ocrx_word' id='word_1_345' title='bbox 1120 4378 1328 4447; x_wconf 89' lang='lat' dir='ltr'><strong>qualem</strong></span> <span class='ocrx_word' id='word_1_346' title='bbox 1356 4376 1637 4447; x_wconf 83' lang='lat' dir='ltr'><strong>Oportebat</strong></span> <span class='ocrx_word' id='word_1_347' title='bbox 1666 4375 1863 4432; x_wconf 88' lang='lat' dir='ltr'><strong>habere</strong></span> <span class='ocrx_word' id='word_1_348' title='bbox 1903 4377 2024 4431; x_wconf 88' lang='lat' dir='ltr'><strong>ani-</strong></span> 
     </span>
    </p>
   </div>
   <div class='ocr_carea' id='block_1_45' title="bbox 431 4468 1145 4538">
    <p class='ocr_par' dir='ltr' id='par_1_45' title="bbox 431 4468 1145 4538">
     <span class='ocr_line' id='line_1_45' title="bbox 431 4468 1145 4538; baseline -0.006 -14"><span class='ocrx_word' id='word_1_349' title='bbox 431 4485 576 4525; x_wconf 84' lang='lat' dir='ltr'><strong>mam</strong></span> <span class='ocrx_word' id='word_1_350' title='bbox 605 4485 724 4538; x_wconf 65' lang='lat' dir='ltr'><strong>qua:</strong></span> <span class='ocrx_word' id='word_1_351' title='bbox 753 4468 957 4537; x_wconf 83' lang='lat' dir='ltr'><strong>lapidea</strong></span> <span class='ocrx_word' id='word_1_352' title='bbox 985 4477 1145 4523; x_wconf 87' lang='lat' dir='ltr'><strong>esset.</strong></span> 
     </span>
    </p>
   </div>
   <div class='ocr_carea' id='block_1_46' title="bbox 509 4552 2025 4630">
    <p class='ocr_par' dir='ltr' id='par_1_46' title="bbox 509 4552 2025 4630">
     <span class='ocr_line' id='line_1_46' title="bbox 509 4552 2025 4630; baseline 0 -14"><span class='ocrx_word' id='word_1_353' title='bbox 509 4562 560 4616; x_wconf 76' lang='grc' dir='ltr'><strong>ὃ.</strong></span> <span class='ocrx_word' id='word_1_354' title='bbox 589 4560 718 4616; x_wconf 59' lang='lat' dir='ltr'><strong>Haec</strong></span> <span class='ocrx_word' id='word_1_355' title='bbox 742 4552 863 4615; x_wconf 78' lang='lat' dir='ltr'><strong>dico</strong></span> <span class='ocrx_word' id='word_1_356' title='bbox 908 4577 1014 4616; x_wconf 94' lang='lat' dir='ltr'><strong>non</strong></span> <span class='ocrx_word' id='word_1_357' title='bbox 1059 4557 1416 4630; x_wconf 82' lang='lat' dir='ltr'><strong>exprobrandi</strong></span> <span class='ocrx_word' id='word_1_358' title='bbox 1445 4575 1626 4625; x_wconf 90' lang='lat' dir='ltr'><strong>causa,</strong></span> <span class='ocrx_word' id='word_1_359' title='bbox 1659 4575 1831 4630; x_wconf 90' lang='lat' dir='ltr'><strong>neque</strong></span> <span class='ocrx_word' id='word_1_360' title='bbox 1855 4559 2025 4616; x_wconf 84' lang='lat' dir='ltr'><strong>insul-</strong></span> 
     </span>
    </p>
   </div>
   <div class='ocr_carea' id='block_1_47' title="bbox 435 4651 2023 4722">
    <p class='ocr_par' dir='ltr' id='par_1_47' title="bbox 435 4651 2023 4722">
     <span class='ocr_line' id='line_1_47' title="bbox 435 4651 2023 4722; baseline 0 -15"><span class='ocrx_word' id='word_1_361' title='bbox 435 4661 558 4707; x_wconf 82' lang='lat' dir='ltr'><strong>tsns</strong></span> <span class='ocrx_word' id='word_1_362' title='bbox 579 4652 696 4722; x_wconf 86' lang='lat' dir='ltr'><strong>ejus</strong></span> <span class='ocrx_word' id='word_1_363' title='bbox 720 4651 1028 4718; x_wconf 90' lang='lat' dir='ltr'><strong>infortunio,</strong></span> <span class='ocrx_word' id='word_1_364' title='bbox 1052 4651 1148 4707; x_wconf 91' lang='lat' dir='ltr'><strong>sed</strong></span> <span class='ocrx_word' id='word_1_365' title='bbox 1172 4661 1228 4705; x_wconf 92' lang='lat' dir='ltr'><strong>nt</strong></span> <span class='ocrx_word' id='word_1_366' title='bbox 1253 4661 1486 4706; x_wconf 89' lang='lat' dir='ltr'><strong>vestrum</strong></span> <span class='ocrx_word' id='word_1_367' title='bbox 1508 4652 1744 4706; x_wconf 89' lang='lat' dir='ltr'><strong>animum</strong></span> <span class='ocrx_word' id='word_1_368' title='bbox 1767 4652 2023 4718; x_wconf 85' lang='lat' dir='ltr'><strong>molliam,</strong></span> 
     </span>
    </p>
   </div>
   <div class='ocr_carea' id='block_1_48' title="bbox 434 4744 2026 4815">
    <p class='ocr_par' dir='ltr' id='par_1_48' title="bbox 434 4744 2026 4815">
     <span class='ocr_line' id='line_1_48' title="bbox 434 4744 2026 4815; baseline -0.001 -15"><span class='ocrx_word' id='word_1_369' title='bbox 434 4753 497 4800; x_wconf 86' lang='lat' dir='ltr'><strong>et</strong></span> <span class='ocrx_word' id='word_1_370' title='bbox 524 4745 588 4800; x_wconf 90' lang='lat' dir='ltr'><strong>ad</strong></span> <span class='ocrx_word' id='word_1_371' title='bbox 638 4745 1159 4800; x_wconf 87' lang='lat' dir='ltr'><strong>commiserationem</strong></span> <span class='ocrx_word' id='word_1_372' title='bbox 1194 4745 1497 4814; x_wconf 87' lang='lat' dir='ltr'><strong>pertraham</strong></span> <span class='ocrx_word' id='word_1_373' title='bbox 1518 4786 1535 4810; x_wconf 92' lang='lat'><strong>,</strong></span> <span class='ocrx_word' id='word_1_374' title='bbox 1565 4759 1736 4815; x_wconf 90' lang='lat' dir='ltr'><strong>eoque</strong></span> <span class='ocrx_word' id='word_1_375' title='bbox 1781 4744 2026 4800; x_wconf 87' lang='lat' dir='ltr'><strong>inducam</strong></span> 
     </span>
    </p>
   </div>
   <div class='ocr_carea' id='block_1_49' title="bbox 434 4835 2026 4907">
    <p class='ocr_par' dir='ltr' id='par_1_49' title="bbox 434 4835 2026 4907">
     <span class='ocr_line' id='line_1_49' title="bbox 434 4835 2026 4907; baseline -0.001 -15"><span class='ocrx_word' id='word_1_376' title='bbox 434 4846 499 4892; x_wconf 72' lang='lat' dir='ltr'><strong>ut</strong></span> <span class='ocrx_word' id='word_1_377' title='bbox 538 4838 790 4907; x_wconf 69' lang='lat' dir='ltr'><strong>praesenti</strong></span> <span class='ocrx_word' id='word_1_378' title='bbox 834 4836 1068 4890; x_wconf 90' lang='lat' dir='ltr'><strong>hominis</strong></span> <span class='ocrx_word' id='word_1_379' title='bbox 1110 4850 1265 4906; x_wconf 66' lang='lat' dir='ltr'><strong>paena</strong></span> <span class='ocrx_word' id='word_1_380' title='bbox 1320 4836 1392 4890; x_wconf 88' lang='lat' dir='ltr'><strong>sit</strong></span> <span class='ocrx_word' id='word_1_381' title='bbox 1434 4845 1736 4890; x_wconf 92' lang='lat' dir='ltr'><strong>contentus.</strong></span> <span class='ocrx_word' id='word_1_382' title='bbox 1763 4835 2026 4902; x_wconf 86' lang='lat' dir='ltr'><strong>Quoniam</strong></span> 
     </span>
    </p>
   </div>
   <div class='ocr_carea' id='block_1_50' title="bbox 434 4926 2024 4994">
    <p class='ocr_par' dir='ltr' id='par_1_50' title="bbox 434 4926 2024 4994">
     <span class='ocr_line' id='line_1_50' title="bbox 434 4926 2024 4994; baseline -0.002 -9"><span class='ocrx_word' id='word_1_383' title='bbox 434 4929 582 4985; x_wconf 85' lang='lat' dir='ltr'><strong>enim</strong></span> <span class='ocrx_word' id='word_1_384' title='bbox 604 4929 756 4984; x_wconf 92' lang='lat' dir='ltr'><strong>multi</strong></span> <span class='ocrx_word' id='word_1_385' title='bbox 780 4938 903 4983; x_wconf 89' lang='lat' dir='ltr'><strong>sunt</strong></span> <span class='ocrx_word' id='word_1_386' title='bbox 930 4943 960 4984; x_wconf 90' lang='lat' dir='ltr'><strong>e</strong></span> <span class='ocrx_word' id='word_1_387' title='bbox 982 4928 1178 4982; x_wconf 90' lang='lat' dir='ltr'><strong>nostris</strong></span> <span class='ocrx_word' id='word_1_388' title='bbox 1203 4927 1337 4982; x_wconf 88' lang='lat' dir='ltr'><strong>adeo</strong></span> <span class='ocrx_word' id='word_1_389' title='bbox 1359 4926 1655 4994; x_wconf 87' lang='lat' dir='ltr'><strong>inhumani,</strong></span> <span class='ocrx_word' id='word_1_390' title='bbox 1676 4936 1733 4981; x_wconf 92' lang='lat' dir='ltr'><strong>ut</strong></span> <span class='ocrx_word' id='word_1_391' title='bbox 1752 4943 1850 4982; x_wconf 93' lang='lat' dir='ltr'><strong>nos</strong></span> <span class='ocrx_word' id='word_1_392' title='bbox 1866 4927 2024 4983; x_wconf 90' lang='lat' dir='ltr'><strong>etiam</strong></span> 
     </span>
    </p>
   </div>
   <div class='ocr_carea' id='block_1_51' title="bbox 433 5017 2028 5090">
    <p class='ocr_par' dir='ltr' id='par_1_51' title="bbox 433 5017 2028 5090">
     <span class='ocr_line' id='line_1_51' title="bbox 433 5017 2028 5090; baseline -0.001 -16"><span class='ocrx_word' id='word_1_393' title='bbox 433 5021 705 5088; x_wconf 74' lang='lat' dir='ltr'><strong>incusem,</strong></span> <span class='ocrx_word' id='word_1_394' title='bbox 739 5021 831 5090; x_wconf 91' lang='lat' dir='ltr'><strong>qui</strong></span> <span class='ocrx_word' id='word_1_395' title='bbox 856 5035 978 5075; x_wconf 90' lang='lat' dir='ltr'><strong>eum</strong></span> <span class='ocrx_word' id='word_1_396' title='bbox 1003 5019 1238 5073; x_wconf 90' lang='lat' dir='ltr'><strong>sacrario</strong></span> <span class='ocrx_word' id='word_1_397' title='bbox 1271 5017 1661 5087; x_wconf 87' lang='lat' dir='ltr'><strong>exceperimus,</strong></span> <span class='ocrx_word' id='word_1_398' title='bbox 1695 5017 1907 5073; x_wconf 90' lang='lat' dir='ltr'><strong>illorum</strong></span> <span class='ocrx_word' id='word_1_399' title='bbox 1930 5019 2028 5073; x_wconf 85' lang='lat' dir='ltr'><strong>du-</strong></span> 
     </span>
    </p>
   </div>
   <div class='ocr_carea' id='block_1_52' title="bbox 437 5111 2028 5176">
    <p class='ocr_par' dir='ltr' id='par_1_52' title="bbox 437 5111 2028 5176">
     <span class='ocr_line' id='line_1_52' title="bbox 437 5111 2028 5176; baseline -0.001 -7"><span class='ocrx_word' id='word_1_400' title='bbox 437 5115 619 5170; x_wconf 89' lang='lat' dir='ltr'><strong>ritiem</strong></span> <span class='ocrx_word' id='word_1_401' title='bbox 649 5114 848 5169; x_wconf 88' lang='lat' dir='ltr'><strong>nostris</strong></span> <span class='ocrx_word' id='word_1_402' title='bbox 887 5111 1229 5168; x_wconf 88' lang='lat' dir='ltr'><strong>sermonibus</strong></span> <span class='ocrx_word' id='word_1_403' title='bbox 1281 5112 1490 5167; x_wconf 91' lang='lat' dir='ltr'><strong>mollire</strong></span> <span class='ocrx_word' id='word_1_404' title='bbox 1528 5111 1736 5176; x_wconf 88' lang='lat' dir='ltr'><strong>volens,</strong></span> <span class='ocrx_word' id='word_1_405' title='bbox 1783 5113 2028 5168; x_wconf 90' lang='lat' dir='ltr'><strong>miserias</strong></span> 
     </span>
    </p>
   </div>
   <div class='ocr_carea' id='block_1_53' title="bbox 440 5205 867 5261">
    <p class='ocr_par' dir='ltr' id='par_1_53' title="bbox 440 5205 867 5261">
     <span class='ocr_line' id='line_1_53' title="bbox 440 5205 867 5261; baseline -0.005 -1"><span class='ocrx_word' id='word_1_406' title='bbox 440 5207 596 5261; x_wconf 80' lang='lat' dir='ltr'><strong>istius</strong></span> <span class='ocrx_word' id='word_1_407' title='bbox 625 5205 867 5261; x_wconf 88' lang='lat' dir='ltr'><strong>traduco.</strong></span> 
     </span>
    </p>
   </div>
   <div class='ocr_carea' id='block_1_54' title="bbox 511 5295 2027 5366">
    <p class='ocr_par' dir='ltr' id='par_1_54' title="bbox 511 5295 2027 5366">
     <span class='ocr_line' id='line_1_54' title="bbox 511 5295 2027 5366; baseline -0.002 -14"><span class='ocrx_word' id='word_1_408' title='bbox 511 5296 793 5366; x_wconf 70' lang='lat' dir='ltr'><strong>Eutropius</strong></span> <span class='ocrx_word' id='word_1_409' title='bbox 818 5296 870 5350; x_wconf 83' lang='lat' dir='ltr'><strong>in</strong></span> <span class='ocrx_word' id='word_1_410' title='bbox 891 5295 1172 5360; x_wconf 74' lang='lat' dir='ltr'><strong>ecclesiam,</strong></span> <span class='ocrx_word' id='word_1_411' title='bbox 1187 5295 1336 5364; x_wconf 84' lang='lat' dir='ltr'><strong>cujus</strong></span> <span class='ocrx_word' id='word_1_412' title='bbox 1356 5295 1718 5349; x_wconf 85' lang='lat' dir='ltr'><strong>immunitatem</strong></span> <span class='ocrx_word' id='word_1_413' title='bbox 1735 5295 2027 5364; x_wconf 75' lang='lat' dir='ltr'><strong>violaverat,</strong></span> 
     </span>
    </p>
   </div>
   <div class='ocr_carea' id='block_1_55' title="bbox 442 5387 2028 5460">
    <p class='ocr_par' dir='ltr' id='par_1_55' title="bbox 442 5387 2028 5460">
     <span class='ocr_line' id='line_1_55' title="bbox 442 5387 2028 5460; baseline 0.001 -19"><span class='ocrx_word' id='word_1_414' title='bbox 442 5393 711 5460; x_wconf 74' lang='lat' dir='ltr'><strong>confugere</strong></span> <span class='ocrx_word' id='word_1_415' title='bbox 735 5397 940 5442; x_wconf 85' lang='lat' dir='ltr'><strong>coactus</strong></span> <span class='ocrx_word' id='word_1_416' title='bbox 967 5398 1060 5442; x_wconf 84' lang='lat' dir='ltr'><strong>est.</strong></span> <span class='ocrx_word' id='word_1_417' title='bbox 1092 5415 1162 5426; x_wconf 94' lang='lat'><strong>—</strong></span> <span class='ocrx_word' id='word_1_418' title='bbox 1185 5387 1324 5453; x_wconf 88' lang='lat' dir='ltr'><strong>Quid</strong></span> <span class='ocrx_word' id='word_1_419' title='bbox 1353 5387 1496 5440; x_wconf 86' lang='lat' dir='ltr'><strong>enim</strong></span> <span class='ocrx_word' id='word_1_420' title='bbox 1527 5395 1630 5451; x_wconf 90' lang='lat' dir='ltr'><strong>est,</strong></span> <span class='ocrx_word' id='word_1_421' title='bbox 1655 5402 1859 5456; x_wconf 66' lang='lat' dir='ltr'><strong>quaeso,</strong></span> <span class='ocrx_word' id='word_1_422' title='bbox 1889 5387 2028 5442; x_wconf 59' lang='lat' dir='ltr'><strong>dilea</strong></span> 
     </span>
    </p>
   </div>
   <div class='ocr_carea' id='block_1_56' title="bbox 440 5477 2027 5550">
    <p class='ocr_par' dir='ltr' id='par_1_56' title="bbox 440 5477 2027 5550">
     <span class='ocr_line' id='line_1_56' title="bbox 440 5477 2027 5550; baseline -0.001 -14"><span class='ocrx_word' id='word_1_423' title='bbox 440 5490 547 5549; x_wconf 84' lang='lat' dir='ltr'><strong>cte,</strong></span> <span class='ocrx_word' id='word_1_424' title='bbox 597 5479 740 5550; x_wconf 89' lang='lat' dir='ltr'><strong>quod</strong></span> <span class='ocrx_word' id='word_1_425' title='bbox 781 5480 998 5550; x_wconf 81' lang='lat' dir='ltr'><strong>indigne</strong></span> <span class='ocrx_word' id='word_1_426' title='bbox 1039 5477 1186 5534; x_wconf 78' lang='lat' dir='ltr'><strong>fers?</strong></span> <span class='ocrx_word' id='word_1_427' title='bbox 1235 5478 1422 5545; x_wconf 90' lang='lat' dir='ltr'><strong>Dices,</strong></span> <span class='ocrx_word' id='word_1_428' title='bbox 1469 5477 1604 5544; x_wconf 90' lang='lat' dir='ltr'><strong>Quia</strong></span> <span class='ocrx_word' id='word_1_429' title='bbox 1647 5480 1698 5532; x_wconf 92' lang='lat' dir='ltr'><strong>in</strong></span> <span class='ocrx_word' id='word_1_430' title='bbox 1747 5479 2027 5535; x_wconf 86' lang='lat' dir='ltr'><strong>ecclesiam</strong></span> 
     </span>
    </p>
   </div>
   <div class='ocr_carea' id='block_1_57' title="bbox 505 5680 2030 5744">
    <p class='ocr_par' dir='ltr' id='par_1_57' title="bbox 505 5680 2030 5744">
     <span class='ocr_line' id='line_1_57' title="bbox 505 5680 2030 5744; baseline -0.003 -8"><span class='ocrx_word' id='word_1_431' title='bbox 505 5685 577 5744; x_wconf 81' lang='lat' dir='ltr'><strong>fa)</strong></span> <span class='ocrx_word' id='word_1_432' title='bbox 612 5684 682 5733; x_wconf 78' lang='lat' dir='ltr'><strong>Ad</strong></span> <span class='ocrx_word' id='word_1_433' title='bbox 707 5685 900 5734; x_wconf 83' lang='lat' dir='ltr'><strong>literam</strong></span> <span class='ocrx_word' id='word_1_434' title='bbox 925 5683 1214 5736; x_wconf 87' lang='lat' dir='ltr'><strong>vertendum</strong></span> <span class='ocrx_word' id='word_1_435' title='bbox 1241 5687 1392 5738; x_wconf 79' lang='lat' dir='ltr'><strong>esset.</strong></span> <span class='ocrx_word' id='word_1_436' title='bbox 1420 5694 1530 5730; x_wconf 80' lang='lat' dir='ltr'><strong>cum</strong></span> <span class='ocrx_word' id='word_1_437' title='bbox 1547 5680 1613 5730; x_wconf 86' lang='lat' dir='ltr'><strong>ad</strong></span> <span class='ocrx_word' id='word_1_438' title='bbox 1628 5694 1770 5732; x_wconf 75' lang='lat' dir='ltr'><strong>sacra</strong></span> <span class='ocrx_word' id='word_1_439' title='bbox 1794 5695 1906 5731; x_wconf 75' lang='lat' dir='ltr'><strong>rasa</strong></span> <span class='ocrx_word' id='word_1_440' title='bbox 1921 5695 2030 5731; x_wconf 81' lang='lat' dir='ltr'><strong>con-</strong></span> 
     </span>
    </p>
   </div>
   <div class='ocr_carea' id='block_1_58' title="bbox 443 5745 2028 5809">
    <p class='ocr_par' dir='ltr' id='par_1_58' title="bbox 443 5745 2028 5809">
     <span class='ocr_line' id='line_1_58' title="bbox 443 5745 2028 5809; baseline -0.003 -13"><span class='ocrx_word' id='word_1_441' title='bbox 443 5746 656 5806; x_wconf 79' lang='lat' dir='ltr'><strong>fugisset.</strong></span> <span class='ocrx_word' id='word_1_442' title='bbox 682 5748 774 5796; x_wconf 82' lang='lat' dir='ltr'><strong>sed</strong></span> <span class='ocrx_word' id='word_1_443' title='bbox 797 5760 908 5809; x_wconf 67' lang='lat' dir='ltr'><strong>quae</strong></span> <span class='ocrx_word' id='word_1_444' title='bbox 931 5747 1008 5809; x_wconf 81' lang='lat' dir='ltr'><strong>hic</strong></span> <span class='ocrx_word' id='word_1_445' title='bbox 1030 5759 1154 5806; x_wconf 71' lang='grc' dir='ltr'><strong>αιὺη,</strong></span> <span class='ocrx_word' id='word_1_446' title='bbox 1180 5749 1285 5798; x_wconf 82' lang='lat' dir='ltr'><strong>sive</strong></span> <span class='ocrx_word' id='word_1_447' title='bbox 1309 5757 1442 5793; x_wconf 81' lang='lat' dir='ltr'><strong>sacra</strong></span> <span class='ocrx_word' id='word_1_448' title='bbox 1480 5757 1590 5809; x_wconf 75' lang='lat' dir='ltr'><strong>vasa</strong></span> <span class='ocrx_word' id='word_1_449' title='bbox 1618 5745 1869 5809; x_wconf 78' lang='lat' dir='ltr'><strong>dicuntur,</strong></span> <span class='ocrx_word' id='word_1_450' title='bbox 1897 5757 2028 5800; x_wconf 82' lang='lat' dir='ltr'><strong>mox.</strong></span> 
     </span>
    </p>
   </div>
   <div class='ocr_carea' id='block_1_59' title="bbox 445 5805 2030 5870">
    <p class='ocr_par' dir='ltr' id='par_1_59' title="bbox 445 5805 2030 5870">
     <span class='ocr_line' id='line_1_59' title="bbox 445 5805 2030 5870; baseline -0.001 -13"><span class='ocrx_word' id='word_1_451' title='bbox 592 5810 696 5857; x_wconf 84' lang='lat' dir='ltr'><strong>sive</strong></span> <span class='ocrx_word' id='word_1_452' title='bbox 731 5805 829 5870; x_wconf 78' lang='lat' dir='ltr'><strong>ara&#39;</strong></span> <span class='ocrx_word' id='word_1_453' title='bbox 853 5805 1236 5870; x_wconf 80' lang='lat' dir='ltr'><strong>appellabuntur.</strong></span> <span class='ocrx_word' id='word_1_454' title='bbox 1275 5815 1452 5870; x_wconf 65' lang='lat' dir='ltr'><strong>Verum</strong></span> <span class='ocrx_word' id='word_1_455' title='bbox 1482 5808 1547 5858; x_wconf 88' lang='lat' dir='ltr'><strong>de</strong></span> <span class='ocrx_word' id='word_1_456' title='bbox 1581 5806 1656 5856; x_wconf 86' lang='lat' dir='ltr'><strong>bis</strong></span> <span class='ocrx_word' id='word_1_457' title='bbox 1688 5805 1855 5856; x_wconf 88' lang='lat' dir='ltr'><strong>ultimo</strong></span> <span class='ocrx_word' id='word_1_458' title='bbox 1886 5813 2030 5857; x_wconf 84' lang='lat' dir='ltr'><strong>Temo</strong></span> 
     </span>
    </p>
   </div>
   <div class='ocr_carea' id='block_1_60' title="bbox 444 5869 1474 5936">
    <p class='ocr_par' dir='ltr' id='par_1_60' title="bbox 444 5869 1474 5936">
     <span class='ocr_line' id='line_1_60' title="bbox 444 5869 1474 5936; baseline 0.002 -21"><span class='ocrx_word' id='word_1_459' title='bbox 444 5878 638 5928; x_wconf 78' lang='lat' dir='ltr'><strong>agetur,</strong></span> <span class='ocrx_word' id='word_1_460' title='bbox 663 5871 743 5919; x_wconf 88' lang='lat' dir='ltr'><strong>ubi</strong></span> <span class='ocrx_word' id='word_1_461' title='bbox 769 5869 832 5919; x_wconf 86' lang='lat' dir='ltr'><strong>de</strong></span> <span class='ocrx_word' id='word_1_462' title='bbox 855 5869 1098 5936; x_wconf 73' lang='lat' dir='ltr'><strong>disciplina</strong></span> <span class='ocrx_word' id='word_1_463' title='bbox 1124 5869 1474 5925; x_wconf 79' lang='lat' dir='ltr'><strong>Ecclesiastics.</strong></span> 
     </span>
    </p>
   </div>
   <div class='ocr_carea' id='block_1_61' title="bbox 1802 411 2311 478">
    <p class='ocr_par' dir='ltr' id='par_1_61' title="bbox 1802 411 2311 478">
     <span class='ocr_line' id='line_1_61' title="bbox 1802 411 2311 478; baseline -0.018 -1"><span class='ocrx_word' id='word_1_464' title='bbox 1802 417 1867 478; x_wconf 79' lang='grc' dir='ltr'><strong>ΙΝ</strong></span> <span class='ocrx_word' id='word_1_465' title='bbox 1903 411 2311 474; x_wconf 77' lang='lat' dir='ltr'><strong>EUTROPIUM.</strong></span> 
     </span>
    </p>
   </div>
   <div class='ocr_carea' id='block_1_62' title="bbox 3579 408 3685 463">
    <p class='ocr_par' dir='ltr' id='par_1_62' title="bbox 3579 408 3685 463">
     <span class='ocr_line' id='line_1_62' title="bbox 3579 408 3685 463; baseline -0.009 0"><span class='ocrx_word' id='word_1_466' title='bbox 3579 408 3685 463; x_wconf 63' lang='lat'><strong>305</strong></span> 
     </span>
    </p>
   </div>
   <div class='ocr_carea' id='block_1_63' title="bbox 2111 519 3684 596">
    <p class='ocr_par' dir='ltr' id='par_1_63' title="bbox 2111 519 3684 596">
     <span class='ocr_line' id='line_1_63' title="bbox 2111 519 3684 596; baseline -0.002 -13"><span class='ocrx_word' id='word_1_467' title='bbox 2111 525 2369 595; x_wconf 85' lang='lat' dir='ltr'><strong>confugit,</strong></span> <span class='ocrx_word' id='word_1_468' title='bbox 2419 521 2509 593; x_wconf 90' lang='lat' dir='ltr'><strong>qui</strong></span> <span class='ocrx_word' id='word_1_469' title='bbox 2547 534 2666 578; x_wconf 88' lang='lat' dir='ltr'><strong>eam</strong></span> <span class='ocrx_word' id='word_1_470' title='bbox 2710 519 3070 577; x_wconf 85' lang='lat' dir='ltr'><strong>indesinenter</strong></span> <span class='ocrx_word' id='word_1_471' title='bbox 3114 519 3478 593; x_wconf 86' lang='lat' dir='ltr'><strong>impugnabat.</strong></span> <span class='ocrx_word' id='word_1_472' title='bbox 3524 527 3684 596; x_wconf 74' lang='lat' dir='ltr'><strong>Atqui</strong></span> 
     </span>
    </p>
   </div>
   <div class='ocr_carea' id='block_1_64' title="bbox 2103 613 3684 688">
    <p class='ocr_par' dir='ltr' id='par_1_64' title="bbox 2103 613 3684 688">
     <span class='ocr_line' id='line_1_64' title="bbox 2103 613 3684 688; baseline -0.001 -14"><span class='ocrx_word' id='word_1_473' title='bbox 2103 619 2205 674; x_wconf 91' lang='lat' dir='ltr'><strong>hoc</strong></span> <span class='ocrx_word' id='word_1_474' title='bbox 2233 616 2564 688; x_wconf 89' lang='lat' dir='ltr'><strong>potissimum</strong></span> <span class='ocrx_word' id='word_1_475' title='bbox 2592 615 2809 672; x_wconf 89' lang='lat' dir='ltr'><strong>nomine</strong></span> <span class='ocrx_word' id='word_1_476' title='bbox 2831 613 3209 685; x_wconf 84' lang='lat' dir='ltr'><strong>glorificandus</strong></span> <span class='ocrx_word' id='word_1_477' title='bbox 3227 625 3341 670; x_wconf 92' lang='lat' dir='ltr'><strong>erat</strong></span> <span class='ocrx_word' id='word_1_478' title='bbox 3359 614 3517 682; x_wconf 85' lang='lat' dir='ltr'><strong>Deus,</strong></span> <span class='ocrx_word' id='word_1_479' title='bbox 3541 618 3684 687; x_wconf 88' lang='lat' dir='ltr'><strong>quod</strong></span> 
     </span>
    </p>
   </div>
   <div class='ocr_carea' id='block_1_65' title="bbox 2101 707 3740 782">
    <p class='ocr_par' dir='ltr' id='par_1_65' title="bbox 2101 707 3740 782">
     <span class='ocr_line' id='line_1_65' title="bbox 2101 707 3740 782; baseline 0 -17"><span class='ocrx_word' id='word_1_480' title='bbox 2101 711 2345 782; x_wconf 87' lang='lat' dir='ltr'><strong>permisit</strong></span> <span class='ocrx_word' id='word_1_481' title='bbox 2371 725 2494 766; x_wconf 91' lang='lat' dir='ltr'><strong>eum</strong></span> <span class='ocrx_word' id='word_1_482' title='bbox 2522 709 2575 764; x_wconf 93' lang='lat' dir='ltr'><strong>in</strong></span> <span class='ocrx_word' id='word_1_483' title='bbox 2602 716 2745 764; x_wconf 89' lang='lat' dir='ltr'><strong>tanta</strong></span> <span class='ocrx_word' id='word_1_484' title='bbox 2766 707 3015 764; x_wconf 88' lang='lat' dir='ltr'><strong>constitui</strong></span> <span class='ocrx_word' id='word_1_485' title='bbox 3061 707 3399 774; x_wconf 88' lang='lat' dir='ltr'><strong>necessitate,</strong></span> <span class='ocrx_word' id='word_1_486' title='bbox 3431 719 3491 767; x_wconf 86' lang='lat' dir='ltr'><strong>ut</strong></span> <span class='ocrx_word' id='word_1_487' title='bbox 3513 720 3686 780; x_wconf 86' lang='lat' dir='ltr'><strong>etpo-</strong></span> <span class='ocrx_word' id='word_1_488' title='bbox 3735 734 3740 782; x_wconf 57' lang='grc' dir='ltr'><em>ς</em></span> 
     </span>
    </p>
   </div>
   <div class='ocr_carea' id='block_1_66' title="bbox 2103 783 3739 870">
    <p class='ocr_par' dir='ltr' id='par_1_66' title="bbox 2103 783 3739 870">
     <span class='ocr_line' id='line_1_66' title="bbox 2103 783 3739 870; baseline -0.002 -13"><span class='ocrx_word' id='word_1_489' title='bbox 2103 803 2318 857; x_wconf 89' lang='lat' dir='ltr'><strong>tentiam</strong></span> <span class='ocrx_word' id='word_1_490' title='bbox 2349 801 2604 856; x_wconf 65' lang='lat' dir='ltr'><strong>Ecclesiae</strong></span> <span class='ocrx_word' id='word_1_491' title='bbox 2625 808 2682 855; x_wconf 88' lang='lat' dir='ltr'><strong>et</strong></span> <span class='ocrx_word' id='word_1_492' title='bbox 2704 799 3038 855; x_wconf 90' lang='lat' dir='ltr'><strong>clementiam</strong></span> <span class='ocrx_word' id='word_1_493' title='bbox 3056 783 3288 854; x_wconf 81' lang='lat' dir='ltr'><strong>disceret</strong></span> <span class='ocrx_word' id='word_1_494' title='bbox 3316 815 3330 854; x_wconf 94' lang='lat'>:</span> <span class='ocrx_word' id='word_1_495' title='bbox 3363 801 3682 870; x_wconf 87' lang='lat' dir='ltr'><strong>potentiam,</strong></span> <span class='ocrx_word' id='word_1_496' title='bbox 3733 791 3739 853; x_wconf 76' lang='grc' dir='ltr'>ἶ</span> 
     </span>
    </p>
   </div>
   <div class='ocr_carea' id='block_1_67' title="bbox 2102 889 3688 962">
    <p class='ocr_par' dir='ltr' id='par_1_67' title="bbox 2102 889 3688 962">
     <span class='ocr_line' id='line_1_67' title="bbox 2102 889 3688 962; baseline -0.001 -15"><span class='ocrx_word' id='word_1_497' title='bbox 2102 907 2168 947; x_wconf 89' lang='lat' dir='ltr'><strong>eo</strong></span> <span class='ocrx_word' id='word_1_498' title='bbox 2193 891 2334 962; x_wconf 86' lang='lat' dir='ltr'><strong>quod</strong></span> <span class='ocrx_word' id='word_1_499' title='bbox 2362 891 2415 945; x_wconf 92' lang='lat' dir='ltr'><strong>in</strong></span> <span class='ocrx_word' id='word_1_500' title='bbox 2445 899 2645 945; x_wconf 90' lang='lat' dir='ltr'><strong>tantam</strong></span> <span class='ocrx_word' id='word_1_501' title='bbox 2667 889 2910 944; x_wconf 90' lang='lat' dir='ltr'><strong>inciderit</strong></span> <span class='ocrx_word' id='word_1_502' title='bbox 2939 889 3288 944; x_wconf 89' lang='lat' dir='ltr'><strong>mutationem</strong></span> <span class='ocrx_word' id='word_1_503' title='bbox 3318 889 3386 946; x_wconf 92' lang='lat' dir='ltr'><strong>ob</strong></span> <span class='ocrx_word' id='word_1_504' title='bbox 3412 891 3548 946; x_wconf 86' lang='lat' dir='ltr'><strong>bella</strong></span> <span class='ocrx_word' id='word_1_505' title='bbox 3567 908 3688 962; x_wconf 65' lang='lat' dir='ltr'><strong>quae</strong></span> 
     </span>
    </p>
   </div>
   <div class='ocr_carea' id='block_1_68' title="bbox 2104 980 3690 1053">
    <p class='ocr_par' dir='ltr' id='par_1_68' title="bbox 2104 980 3690 1053">
     <span class='ocr_line' id='line_1_68' title="bbox 2104 980 3690 1053; baseline 0.001 -17"><span class='ocrx_word' id='word_1_506' title='bbox 2104 983 2203 1051; x_wconf 84' lang='lat' dir='ltr'><strong>ipsi</strong></span> <span class='ocrx_word' id='word_1_507' title='bbox 2231 981 2484 1036; x_wconf 86' lang='lat' dir='ltr'><strong>intulerat</strong></span> <span class='ocrx_word' id='word_1_508' title='bbox 2512 999 2524 1035; x_wconf 91' lang='lat'><strong>:</strong></span> <span class='ocrx_word' id='word_1_509' title='bbox 2557 980 2896 1036; x_wconf 89' lang='lat' dir='ltr'><strong>clementiam</strong></span> <span class='ocrx_word' id='word_1_510' title='bbox 2934 994 3082 1046; x_wconf 90' lang='lat' dir='ltr'><strong>vero,</strong></span> <span class='ocrx_word' id='word_1_511' title='bbox 3106 980 3248 1050; x_wconf 90' lang='lat' dir='ltr'><strong>quod</strong></span> <span class='ocrx_word' id='word_1_512' title='bbox 3279 981 3450 1051; x_wconf 92' lang='lat' dir='ltr'><strong>ipsum</strong></span> <span class='ocrx_word' id='word_1_513' title='bbox 3475 982 3690 1053; x_wconf 90' lang='lat' dir='ltr'><strong>objecto</strong></span> 
     </span>
    </p>
   </div>
   <div class='ocr_carea' id='block_1_69' title="bbox 2106 1071 3690 1144">
    <p class='ocr_par' dir='ltr' id='par_1_69' title="bbox 2106 1071 3690 1144">
     <span class='ocr_line' id='line_1_69' title="bbox 2106 1071 3690 1144; baseline 0.002 -18"><span class='ocrx_word' id='word_1_514' title='bbox 2106 1088 2243 1128; x_wconf 88' lang='lat' dir='ltr'><strong>nunc</strong></span> <span class='ocrx_word' id='word_1_515' title='bbox 2272 1083 2424 1129; x_wconf 91' lang='lat' dir='ltr'><strong>scuto</strong></span> <span class='ocrx_word' id='word_1_516' title='bbox 2451 1081 2710 1143; x_wconf 84' lang='lat' dir='ltr'><strong>protegat,</strong></span> <span class='ocrx_word' id='word_1_517' title='bbox 2737 1081 2793 1128; x_wconf 90' lang='lat' dir='ltr'><strong>et</strong></span> <span class='ocrx_word' id='word_1_518' title='bbox 2819 1071 3021 1126; x_wconf 90' lang='lat' dir='ltr'><strong>alarum</strong></span> <span class='ocrx_word' id='word_1_519' title='bbox 3051 1071 3269 1127; x_wconf 89' lang='lat' dir='ltr'><strong>obtentu</strong></span> <span class='ocrx_word' id='word_1_520' title='bbox 3299 1081 3532 1139; x_wconf 89' lang='lat' dir='ltr'><strong>tueatur,</strong></span> <span class='ocrx_word' id='word_1_521' title='bbox 3561 1090 3690 1144; x_wconf 79' lang='lat' dir='ltr'><strong>pra:-</strong></span> 
     </span>
    </p>
   </div>
   <div class='ocr_carea' id='block_1_70' title="bbox 2107 1164 3692 1236">
    <p class='ocr_par' dir='ltr' id='par_1_70' title="bbox 2107 1164 3692 1236">
     <span class='ocr_line' id='line_1_70' title="bbox 2107 1164 3692 1236; baseline 0.001 -16"><span class='ocrx_word' id='word_1_522' title='bbox 2107 1168 2485 1236; x_wconf 90' lang='lat' dir='ltr'><strong>teritarumque</strong></span> <span class='ocrx_word' id='word_1_523' title='bbox 2510 1165 2820 1235; x_wconf 87' lang='lat' dir='ltr'><strong>injuriarum</strong></span> <span class='ocrx_word' id='word_1_524' title='bbox 2859 1165 3040 1230; x_wconf 86' lang='lat' dir='ltr'><strong>oblita,</strong></span> <span class='ocrx_word' id='word_1_525' title='bbox 3071 1164 3221 1221; x_wconf 90' lang='lat' dir='ltr'><strong>sinus</strong></span> <span class='ocrx_word' id='word_1_526' title='bbox 3245 1165 3292 1220; x_wconf 90' lang='lat' dir='ltr'><strong>ei</strong></span> <span class='ocrx_word' id='word_1_527' title='bbox 3323 1167 3692 1222; x_wconf 88' lang='lat' dir='ltr'><strong>amantissime</strong></span> 
     </span>
    </p>
   </div>
   <div class='ocr_carea' id='block_1_71' title="bbox 2106 1257 3692 1331">
    <p class='ocr_par' dir='ltr' id='par_1_71' title="bbox 2106 1257 3692 1331">
     <span class='ocr_line' id='line_1_71' title="bbox 2106 1257 3692 1331; baseline 0.001 -17"><span class='ocrx_word' id='word_1_528' title='bbox 2106 1259 2321 1330; x_wconf 87' lang='lat' dir='ltr'><strong>pandat.</strong></span> <span class='ocrx_word' id='word_1_529' title='bbox 2347 1259 2459 1314; x_wconf 85' lang='lat' dir='ltr'><strong>lloc</strong></span> <span class='ocrx_word' id='word_1_530' title='bbox 2487 1259 2626 1314; x_wconf 89' lang='lat' dir='ltr'><strong>enim</strong></span> <span class='ocrx_word' id='word_1_531' title='bbox 2655 1258 2843 1328; x_wconf 91' lang='lat' dir='ltr'><strong>quovis</strong></span> <span class='ocrx_word' id='word_1_532' title='bbox 2869 1266 3070 1327; x_wconf 65' lang='lat' dir='ltr'><strong>tropaeo</strong></span> <span class='ocrx_word' id='word_1_533' title='bbox 3109 1257 3457 1327; x_wconf 80' lang='lat' dir='ltr'><strong>Splendidius,</strong></span> <span class='ocrx_word' id='word_1_534' title='bbox 3502 1261 3692 1331; x_wconf 89' lang='lat' dir='ltr'><strong>quavis</strong></span> 
     </span>
    </p>
   </div>
   <div class='ocr_carea' id='block_1_72' title="bbox 2107 1349 3692 1424">
    <p class='ocr_par' dir='ltr' id='par_1_72' title="bbox 2107 1349 3692 1424">
     <span class='ocr_line' id='line_1_72' title="bbox 2107 1349 3692 1424; baseline 0.002 -22"><span class='ocrx_word' id='word_1_535' title='bbox 2107 1353 2322 1424; x_wconf 84' lang='lat' dir='ltr'><strong>victoria</strong></span> <span class='ocrx_word' id='word_1_536' title='bbox 2345 1351 2621 1416; x_wconf 89' lang='lat' dir='ltr'><strong>illustrius,</strong></span> <span class='ocrx_word' id='word_1_537' title='bbox 2653 1349 2756 1405; x_wconf 91' lang='lat' dir='ltr'><strong>hoc</strong></span> <span class='ocrx_word' id='word_1_538' title='bbox 2775 1349 3039 1413; x_wconf 88' lang='lat' dir='ltr'><strong>ethnicos,</strong></span> <span class='ocrx_word' id='word_1_539' title='bbox 3067 1349 3168 1404; x_wconf 91' lang='lat' dir='ltr'><strong>hoc</strong></span> <span class='ocrx_word' id='word_1_540' title='bbox 3210 1349 3424 1405; x_wconf 78' lang='lat' dir='ltr'><strong>Judaeos</strong></span> <span class='ocrx_word' id='word_1_541' title='bbox 3473 1350 3692 1420; x_wconf 86' lang='lat' dir='ltr'><strong>pudefa-</strong></span> 
     </span>
    </p>
   </div>
   <div class='ocr_carea' id='block_1_73' title="bbox 2105 1440 3687 1513">
    <p class='ocr_par' dir='ltr' id='par_1_73' title="bbox 2105 1440 3687 1513">
     <span class='ocr_line' id='line_1_73' title="bbox 2105 1440 3687 1513; baseline -0.001 -16"><span class='ocrx_word' id='word_1_542' title='bbox 2105 1444 2197 1508; x_wconf 90' lang='lat' dir='ltr'><strong>cit,</strong></span> <span class='ocrx_word' id='word_1_543' title='bbox 2230 1443 2330 1497; x_wconf 90' lang='lat' dir='ltr'><strong>hoc</strong></span> <span class='ocrx_word' id='word_1_544' title='bbox 2356 1442 2710 1512; x_wconf 84' lang='lat' dir='ltr'><strong>placiditatem</strong></span> <span class='ocrx_word' id='word_1_545' title='bbox 2734 1440 2912 1495; x_wconf 91' lang='lat' dir='ltr'><strong>vultus</strong></span> <span class='ocrx_word' id='word_1_546' title='bbox 2932 1443 3049 1509; x_wconf 82' lang='lat' dir='ltr'><strong>ejus</strong></span> <span class='ocrx_word' id='word_1_547' title='bbox 3075 1449 3305 1496; x_wconf 88' lang='lat' dir='ltr'><strong>ostentat</strong></span> <span class='ocrx_word' id='word_1_548' title='bbox 3335 1462 3348 1496; x_wconf 89' lang='lat'><strong>:</strong></span> <span class='ocrx_word' id='word_1_549' title='bbox 3379 1444 3520 1513; x_wconf 88' lang='lat' dir='ltr'><strong>quod</strong></span> <span class='ocrx_word' id='word_1_550' title='bbox 3549 1443 3687 1498; x_wconf 92' lang='lat' dir='ltr'><strong>hosti</strong></span> 
     </span>
    </p>
   </div>
   <div class='ocr_carea' id='block_1_74' title="bbox 2106 1533 3687 1606">
    <p class='ocr_par' dir='ltr' id='par_1_74' title="bbox 2106 1533 3687 1606">
     <span class='ocr_line' id='line_1_74' title="bbox 2106 1533 3687 1606; baseline -0.003 -14"><span class='ocrx_word' id='word_1_551' title='bbox 2106 1539 2314 1606; x_wconf 87' lang='lat' dir='ltr'><strong>captivo</strong></span> <span class='ocrx_word' id='word_1_552' title='bbox 2358 1546 2562 1605; x_wconf 88' lang='lat' dir='ltr'><strong>parcat,</strong></span> <span class='ocrx_word' id='word_1_553' title='bbox 2592 1544 2646 1590; x_wconf 91' lang='lat' dir='ltr'><strong>et</strong></span> <span class='ocrx_word' id='word_1_554' title='bbox 2672 1536 2740 1590; x_wconf 91' lang='lat' dir='ltr'><strong>ab</strong></span> <span class='ocrx_word' id='word_1_555' title='bbox 2765 1533 3014 1589; x_wconf 90' lang='lat' dir='ltr'><strong>omnibus</strong></span> <span class='ocrx_word' id='word_1_556' title='bbox 3061 1533 3328 1589; x_wconf 90' lang='lat' dir='ltr'><strong>desertum</strong></span> <span class='ocrx_word' id='word_1_557' title='bbox 3355 1550 3418 1589; x_wconf 90' lang='lat' dir='ltr'><strong>ac</strong></span> <span class='ocrx_word' id='word_1_558' title='bbox 3443 1545 3687 1589; x_wconf 87' lang='lat' dir='ltr'><strong>contem-</strong></span> 
     </span>
    </p>
   </div>
   <div class='ocr_carea' id='block_1_75' title="bbox 2107 1627 3689 1698">
    <p class='ocr_par' dir='ltr' id='par_1_75' title="bbox 2107 1627 3689 1698">
     <span class='ocr_line' id='line_1_75' title="bbox 2107 1627 3689 1698; baseline 0.001 -16"><span class='ocrx_word' id='word_1_559' title='bbox 2107 1637 2252 1698; x_wconf 85' lang='lat' dir='ltr'><strong>ptum</strong></span> <span class='ocrx_word' id='word_1_560' title='bbox 2271 1629 2382 1683; x_wconf 92' lang='lat' dir='ltr'><strong>sola</strong></span> <span class='ocrx_word' id='word_1_561' title='bbox 2400 1638 2454 1682; x_wconf 93' lang='lat' dir='ltr'><strong>ut</strong></span> <span class='ocrx_word' id='word_1_562' title='bbox 2472 1627 2833 1682; x_wconf 89' lang='lat' dir='ltr'><strong>amantissima</strong></span> <span class='ocrx_word' id='word_1_563' title='bbox 2851 1635 3019 1682; x_wconf 81' lang='lat' dir='ltr'><strong>mater</strong></span> <span class='ocrx_word' id='word_1_564' title='bbox 3043 1627 3154 1682; x_wconf 77' lang='lat' dir='ltr'><strong>suis</strong></span> <span class='ocrx_word' id='word_1_565' title='bbox 3177 1627 3488 1683; x_wconf 85' lang='lat' dir='ltr'><strong>velamentis</strong></span> <span class='ocrx_word' id='word_1_566' title='bbox 3509 1629 3658 1683; x_wconf 87' lang='lat' dir='ltr'><strong>occul</strong></span> <span class='ocrx_word' id='word_1_567' title='bbox 3674 1660 3689 1668; x_wconf 86' lang='lat'><em>-</em></span> 
     </span>
    </p>
   </div>
   <div class='ocr_carea' id='block_1_76' title="bbox 2109 1719 3689 1790">
    <p class='ocr_par' dir='ltr' id='par_1_76' title="bbox 2109 1719 3689 1790">
     <span class='ocr_line' id='line_1_76' title="bbox 2109 1719 3689 1790; baseline 0.001 -16"><span class='ocrx_word' id='word_1_568' title='bbox 2109 1728 2201 1783; x_wconf 87' lang='lat' dir='ltr'><strong>tet,</strong></span> <span class='ocrx_word' id='word_1_569' title='bbox 2226 1720 2565 1789; x_wconf 87' lang='lat' dir='ltr'><strong>Imperatoris</strong></span> <span class='ocrx_word' id='word_1_570' title='bbox 2587 1720 2744 1774; x_wconf 90' lang='lat' dir='ltr'><strong>simul</strong></span> <span class='ocrx_word' id='word_1_571' title='bbox 2777 1721 2868 1774; x_wconf 72' lang='lat' dir='ltr'><strong>inc</strong></span> <span class='ocrx_word' id='word_1_572' title='bbox 2894 1728 2948 1774; x_wconf 91' lang='lat' dir='ltr'><strong>et</strong></span> <span class='ocrx_word' id='word_1_573' title='bbox 2978 1719 3295 1774; x_wconf 88' lang='lat' dir='ltr'><strong>intolerabili</strong></span> <span class='ocrx_word' id='word_1_574' title='bbox 3319 1721 3495 1790; x_wconf 92' lang='lat' dir='ltr'><strong>populi</strong></span> <span class='ocrx_word' id='word_1_575' title='bbox 3525 1719 3689 1776; x_wconf 89' lang='lat' dir='ltr'><strong>furori</strong></span> 
     </span>
    </p>
   </div>
   <div class='ocr_carea' id='block_1_77' title="bbox 2108 1810 3694 1881">
    <p class='ocr_par' dir='ltr' id='par_1_77' title="bbox 2108 1810 3694 1881">
     <span class='ocr_line' id='line_1_77' title="bbox 2108 1810 3694 1881; baseline 0.003 -19"><span class='ocrx_word' id='word_1_576' title='bbox 2108 1825 2170 1866; x_wconf 89' lang='lat' dir='ltr'><strong>ac</strong></span> <span class='ocrx_word' id='word_1_577' title='bbox 2197 1810 2322 1865; x_wconf 91' lang='lat' dir='ltr'><strong>odio</strong></span> <span class='ocrx_word' id='word_1_578' title='bbox 2351 1826 2409 1866; x_wconf 89' lang='lat' dir='ltr'><strong>se</strong></span> <span class='ocrx_word' id='word_1_579' title='bbox 2441 1826 2718 1881; x_wconf 80' lang='lat' dir='ltr'><strong>Opponens</strong></span> <span class='ocrx_word' id='word_1_580' title='bbox 2751 1829 2764 1866; x_wconf 89' lang='lat'><strong>:</strong></span> <span class='ocrx_word' id='word_1_581' title='bbox 2791 1811 2890 1865; x_wconf 89' lang='lat' dir='ltr'><strong>hoc</strong></span> <span class='ocrx_word' id='word_1_582' title='bbox 2922 1811 3093 1880; x_wconf 88' lang='lat' dir='ltr'><strong>ipsum</strong></span> <span class='ocrx_word' id='word_1_583' title='bbox 3120 1819 3202 1865; x_wconf 89' lang='lat' dir='ltr'><strong>est</strong></span> <span class='ocrx_word' id='word_1_584' title='bbox 3227 1812 3480 1866; x_wconf 84' lang='lat' dir='ltr'><strong>eximium</strong></span> <span class='ocrx_word' id='word_1_585' title='bbox 3509 1813 3694 1868; x_wconf 83' lang='lat' dir='ltr'><strong>altaris</strong></span> 
     </span>
    </p>
   </div>
   <div class='ocr_carea' id='block_1_78' title="bbox 2108 1902 3691 1970">
    <p class='ocr_par' dir='ltr' id='par_1_78' title="bbox 2108 1902 3691 1970">
     <span class='ocr_line' id='line_1_78' title="bbox 2108 1902 3691 1970; baseline 0.004 -15"><span class='ocrx_word' id='word_1_586' title='bbox 2108 1911 2501 1958; x_wconf 86' lang='lat' dir='ltr'><strong>ornamentum.</strong></span> <span class='ocrx_word' id='word_1_587' title='bbox 2532 1904 2706 1970; x_wconf 88' lang='lat' dir='ltr'><strong>Dices,</strong></span> <span class='ocrx_word' id='word_1_588' title='bbox 2734 1902 2968 1958; x_wconf 74' lang='lat' dir='ltr'><strong>Haecine</strong></span> <span class='ocrx_word' id='word_1_589' title='bbox 2995 1913 3388 1969; x_wconf 85' lang='lat' dir='ltr'><strong>ornamentum,</strong></span> <span class='ocrx_word' id='word_1_590' title='bbox 3421 1905 3691 1961; x_wconf 88' lang='lat' dir='ltr'><strong>hominem</strong></span> 
     </span>
    </p>
   </div>
   <div class='ocr_carea' id='block_1_79' title="bbox 2107 1994 3694 2067">
    <p class='ocr_par' dir='ltr' id='par_1_79' title="bbox 2107 1994 3694 2067">
     <span class='ocr_line' id='line_1_79' title="bbox 2107 1994 3694 2067; baseline 0.003 -19"><span class='ocrx_word' id='word_1_591' title='bbox 2107 1995 2411 2060; x_wconf 87' lang='lat' dir='ltr'><strong>scelestum,</strong></span> <span class='ocrx_word' id='word_1_592' title='bbox 2437 2009 2678 2060; x_wconf 89' lang='lat' dir='ltr'><strong>avarum,</strong></span> <span class='ocrx_word' id='word_1_593' title='bbox 2704 2009 2970 2064; x_wconf 89' lang='lat' dir='ltr'><strong>rapacem,</strong></span> <span class='ocrx_word' id='word_1_594' title='bbox 2993 1994 3157 2048; x_wconf 87' lang='lat' dir='ltr'><strong>altare</strong></span> <span class='ocrx_word' id='word_1_595' title='bbox 3180 1997 3530 2067; x_wconf 87' lang='lat' dir='ltr'><strong>contingere?</strong></span> <span class='ocrx_word' id='word_1_596' title='bbox 3552 1996 3694 2052; x_wconf 85' lang='lat' dir='ltr'><strong>Cave</strong></span> 
     </span>
    </p>
   </div>
   <div class='ocr_carea' id='block_1_80' title="bbox 2109 2086 3695 2158">
    <p class='ocr_par' dir='ltr' id='par_1_80' title="bbox 2109 2086 3695 2158">
     <span class='ocr_line' id='line_1_80' title="bbox 2109 2086 3695 2158; baseline 0.001 -18"><span class='ocrx_word' id='word_1_597' title='bbox 2109 2087 2233 2140; x_wconf 90' lang='lat' dir='ltr'><strong>talia</strong></span> <span class='ocrx_word' id='word_1_598' title='bbox 2259 2086 2458 2142; x_wconf 87' lang='lat' dir='ltr'><strong>dixeris</strong></span> <span class='ocrx_word' id='word_1_599' title='bbox 2488 2106 2501 2142; x_wconf 88' lang='lat'>:</span> <span class='ocrx_word' id='word_1_600' title='bbox 2533 2087 2962 2157; x_wconf 81' lang='lat' dir='ltr'><strong>quandoquidmn</strong></span> <span class='ocrx_word' id='word_1_601' title='bbox 2987 2096 3040 2141; x_wconf 88' lang='lat' dir='ltr'><strong>et</strong></span> <span class='ocrx_word' id='word_1_602' title='bbox 3061 2089 3310 2142; x_wconf 80' lang='lat' dir='ltr'><strong>meretrix</strong></span> <span class='ocrx_word' id='word_1_603' title='bbox 3340 2087 3504 2157; x_wconf 87' lang='lat' dir='ltr'><strong>pedes</strong></span> <span class='ocrx_word' id='word_1_604' title='bbox 3527 2089 3695 2158; x_wconf 87' lang='lat' dir='ltr'><strong>ipsius</strong></span> 
     </span>
    </p>
   </div>
   <div class='ocr_carea' id='block_1_81' title="bbox 2108 2176 3692 2248">
    <p class='ocr_par' dir='ltr' id='par_1_81' title="bbox 2108 2176 3692 2248">
     <span class='ocr_line' id='line_1_81' title="bbox 2108 2176 3692 2248; baseline 0.001 -16"><span class='ocrx_word' id='word_1_605' title='bbox 2108 2178 2304 2233; x_wconf 85' lang='lat' dir='ltr'><strong>Christi</strong></span> <span class='ocrx_word' id='word_1_606' title='bbox 2345 2178 2584 2248; x_wconf 84' lang='lat' dir='ltr'><strong>contigit,</strong></span> <span class='ocrx_word' id='word_1_607' title='bbox 2631 2181 2830 2232; x_wconf 89' lang='lat' dir='ltr'><strong>incesta</strong></span> <span class='ocrx_word' id='word_1_608' title='bbox 2869 2176 2956 2232; x_wconf 88' lang='lat' dir='ltr'><strong>illa</strong></span> <span class='ocrx_word' id='word_1_609' title='bbox 2995 2188 3050 2231; x_wconf 89' lang='lat' dir='ltr'><strong>et</strong></span> <span class='ocrx_word' id='word_1_610' title='bbox 3089 2177 3295 2248; x_wconf 89' lang='lat' dir='ltr'><strong>impura</strong></span> <span class='ocrx_word' id='word_1_611' title='bbox 3331 2196 3343 2231; x_wconf 90' lang='lat'>:</span> <span class='ocrx_word' id='word_1_612' title='bbox 3377 2193 3476 2233; x_wconf 88' lang='lat' dir='ltr'><strong>nec</strong></span> <span class='ocrx_word' id='word_1_613' title='bbox 3517 2188 3692 2234; x_wconf 90' lang='lat' dir='ltr'><strong>tamen</strong></span> 
     </span>
    </p>
   </div>
   <div class='ocr_carea' id='block_1_82' title="bbox 2111 2267 3694 2334">
    <p class='ocr_par' dir='ltr' id='par_1_82' title="bbox 2111 2267 3694 2334">
     <span class='ocr_line' id='line_1_82' title="bbox 2111 2267 3694 2334; baseline 0.001 -10"><span class='ocrx_word' id='word_1_614' title='bbox 2111 2268 2214 2326; x_wconf 89' lang='lat' dir='ltr'><strong>hoc</strong></span> <span class='ocrx_word' id='word_1_615' title='bbox 2240 2271 2292 2324; x_wconf 92' lang='lat' dir='ltr'><strong>in</strong></span> <span class='ocrx_word' id='word_1_616' title='bbox 2312 2270 2517 2325; x_wconf 91' lang='lat' dir='ltr'><strong>crimen</strong></span> <span class='ocrx_word' id='word_1_617' title='bbox 2544 2270 2768 2324; x_wconf 90' lang='lat' dir='ltr'><strong>Domino</strong></span> <span class='ocrx_word' id='word_1_618' title='bbox 2787 2267 2912 2326; x_wconf 85' lang='lat' dir='ltr'><strong>Jesu</strong></span> <span class='ocrx_word' id='word_1_619' title='bbox 2939 2269 3118 2334; x_wconf 88' lang='lat' dir='ltr'><strong>cessit,</strong></span> <span class='ocrx_word' id='word_1_620' title='bbox 3145 2268 3238 2325; x_wconf 90' lang='lat' dir='ltr'><strong>sed</strong></span> <span class='ocrx_word' id='word_1_621' title='bbox 3264 2269 3317 2323; x_wconf 92' lang='lat' dir='ltr'><strong>in</strong></span> <span class='ocrx_word' id='word_1_622' title='bbox 3344 2269 3550 2325; x_wconf 89' lang='lat' dir='ltr'><strong>laudem</strong></span> <span class='ocrx_word' id='word_1_623' title='bbox 3583 2285 3694 2325; x_wconf 86' lang='lat' dir='ltr'><strong>ma-</strong></span> 
     </span>
    </p>
   </div>
   <div class='ocr_carea' id='block_1_83' title="bbox 2109 2361 3698 2434">
    <p class='ocr_par' dir='ltr' id='par_1_83' title="bbox 2109 2361 3698 2434">
     <span class='ocr_line' id='line_1_83' title="bbox 2109 2361 3698 2434; baseline 0 -18"><span class='ocrx_word' id='word_1_624' title='bbox 2109 2377 2266 2433; x_wconf 92' lang='lat' dir='ltr'><strong>gnam</strong></span> <span class='ocrx_word' id='word_1_625' title='bbox 2291 2371 2346 2417; x_wconf 90' lang='lat' dir='ltr'><strong>et</strong></span> <span class='ocrx_word' id='word_1_626' title='bbox 2377 2361 2783 2418; x_wconf 82' lang='lat' dir='ltr'><strong>admirationem</strong></span> <span class='ocrx_word' id='word_1_627' title='bbox 2810 2379 2824 2416; x_wconf 90' lang='lat'>:</span> <span class='ocrx_word' id='word_1_628' title='bbox 2851 2375 3022 2431; x_wconf 89' lang='lat' dir='ltr'><strong>neque</strong></span> <span class='ocrx_word' id='word_1_629' title='bbox 3066 2361 3208 2428; x_wconf 86' lang='lat' dir='ltr'><strong>enim</strong></span> <span class='ocrx_word' id='word_1_630' title='bbox 3255 2377 3445 2431; x_wconf 92' lang='lat' dir='ltr'><strong>purum</strong></span> <span class='ocrx_word' id='word_1_631' title='bbox 3491 2362 3698 2434; x_wconf 86' lang='lat' dir='ltr'><strong>impura</strong></span> 
     </span>
    </p>
   </div>
   <div class='ocr_carea' id='block_1_84' title="bbox 2111 2451 3700 2523">
    <p class='ocr_par' dir='ltr' id='par_1_84' title="bbox 2111 2451 3700 2523">
     <span class='ocr_line' id='line_1_84' title="bbox 2111 2451 3700 2523; baseline -0.001 -16"><span class='ocrx_word' id='word_1_632' title='bbox 2111 2453 2354 2520; x_wconf 77' lang='lat' dir='ltr'><strong>offendit,</strong></span> <span class='ocrx_word' id='word_1_633' title='bbox 2382 2453 2478 2509; x_wconf 88' lang='lat' dir='ltr'><strong>sed</strong></span> <span class='ocrx_word' id='word_1_634' title='bbox 2508 2452 2791 2510; x_wconf 87' lang='lat' dir='ltr'><strong>scelestam</strong></span> <span class='ocrx_word' id='word_1_635' title='bbox 2831 2452 3166 2508; x_wconf 87' lang='lat' dir='ltr'><strong>meretricem</strong></span> <span class='ocrx_word' id='word_1_636' title='bbox 3197 2466 3358 2522; x_wconf 85' lang='lat' dir='ltr'><strong>purus</strong></span> <span class='ocrx_word' id='word_1_637' title='bbox 3383 2461 3437 2507; x_wconf 90' lang='lat' dir='ltr'><strong>et</strong></span> <span class='ocrx_word' id='word_1_638' title='bbox 3463 2451 3700 2523; x_wconf 89' lang='lat' dir='ltr'><strong>inculpa-</strong></span> 
     </span>
    </p>
   </div>
   <div class='ocr_carea' id='block_1_85' title="bbox 2111 2543 3699 2614">
    <p class='ocr_par' dir='ltr' id='par_1_85' title="bbox 2111 2543 3699 2614">
     <span class='ocr_line' id='line_1_85' title="bbox 2111 2543 3699 2614; baseline 0.001 -15"><span class='ocrx_word' id='word_1_639' title='bbox 2111 2545 2232 2600; x_wconf 92' lang='lat' dir='ltr'><strong>bilis</strong></span> <span class='ocrx_word' id='word_1_640' title='bbox 2260 2560 2356 2600; x_wconf 92' lang='lat' dir='ltr'><strong>suo</strong></span> <span class='ocrx_word' id='word_1_641' title='bbox 2381 2552 2628 2600; x_wconf 90' lang='lat' dir='ltr'><strong>contactu</strong></span> <span class='ocrx_word' id='word_1_642' title='bbox 2656 2543 2970 2614; x_wconf 88' lang='lat' dir='ltr'><strong>purificavit.</strong></span> <span class='ocrx_word' id='word_1_643' title='bbox 3004 2544 3143 2600; x_wconf 88' lang='lat' dir='ltr'><strong>Cave</strong></span> <span class='ocrx_word' id='word_1_644' title='bbox 3171 2544 3483 2614; x_wconf 90' lang='lat' dir='ltr'><strong>injuriarum</strong></span> <span class='ocrx_word' id='word_1_645' title='bbox 3511 2546 3699 2600; x_wconf 88' lang='lat' dir='ltr'><strong>memi-</strong></span> 
     </span>
    </p>
   </div>
   <div class='ocr_carea' id='block_1_86' title="bbox 2113 2635 3698 2702">
    <p class='ocr_par' dir='ltr' id='par_1_86' title="bbox 2113 2635 3698 2702">
     <span class='ocr_line' id='line_1_86' title="bbox 2113 2635 3698 2702; baseline 0.002 -11"><span class='ocrx_word' id='word_1_646' title='bbox 2113 2641 2275 2702; x_wconf 85' lang='lat' dir='ltr'><strong>neris,</strong></span> <span class='ocrx_word' id='word_1_647' title='bbox 2305 2652 2338 2691; x_wconf 92' lang='grc' dir='ltr'>ο</span> <span class='ocrx_word' id='word_1_648' title='bbox 2366 2637 2543 2692; x_wconf 91' lang='lat' dir='ltr'><strong>homo.</strong></span> <span class='ocrx_word' id='word_1_649' title='bbox 2571 2637 2821 2692; x_wconf 85' lang='lat' dir='ltr'><strong>Crucilixi</strong></span> <span class='ocrx_word' id='word_1_650' title='bbox 2848 2635 2990 2690; x_wconf 88' lang='lat' dir='ltr'><strong>illius</strong></span> <span class='ocrx_word' id='word_1_651' title='bbox 3018 2636 3154 2690; x_wconf 89' lang='lat' dir='ltr'><strong>servi</strong></span> <span class='ocrx_word' id='word_1_652' title='bbox 3203 2651 3389 2691; x_wconf 90' lang='lat' dir='ltr'><strong>sumus</strong></span> <span class='ocrx_word' id='word_1_653' title='bbox 3427 2637 3651 2692; x_wconf 88' lang='lat' dir='ltr'><strong>dicentis</strong></span> <span class='ocrx_word' id='word_1_654' title='bbox 3682 2657 3698 2694; x_wconf 70' lang='grc' dir='ltr'>ε</span> 
     </span>
    </p>
   </div>
   <div class='ocr_carea' id='block_1_87' title="bbox 2115 2727 3693 2800">
    <p class='ocr_par' dir='ltr' id='par_1_87' title="bbox 2115 2727 3693 2800">
     <span class='ocr_line' id='line_1_87' title="bbox 2115 2727 3693 2800; baseline 0.001 -17"><span class='ocrx_word' id='word_1_655' title='bbox 2115 2727 2332 2784; x_wconf 79' lang='lat' dir='ltr'><strong>Remitte</strong></span> <span class='ocrx_word' id='word_1_656' title='bbox 2365 2730 2498 2795; x_wconf 82' lang='lat' dir='ltr'><strong>illis,</strong></span> <span class='ocrx_word' id='word_1_657' title='bbox 2544 2747 2645 2784; x_wconf 81' lang='lat' dir='ltr'><strong>non</strong></span> <span class='ocrx_word' id='word_1_658' title='bbox 2687 2730 2819 2784; x_wconf 88' lang='lat' dir='ltr'><strong>enim</strong></span> <span class='ocrx_word' id='word_1_659' title='bbox 2848 2730 3010 2784; x_wconf 86' lang='lat' dir='ltr'><strong>sciunt</strong></span> <span class='ocrx_word' id='word_1_660' title='bbox 3055 2728 3177 2798; x_wconf 84' lang='lat' dir='ltr'><strong>quid</strong></span> <span class='ocrx_word' id='word_1_661' title='bbox 3205 2730 3400 2800; x_wconf 80' lang='lat' dir='ltr'><strong>faciunt</strong></span> <span class='ocrx_word' id='word_1_662' title='bbox 3427 2729 3580 2800; x_wconf 86' lang='lat' dir='ltr'><strong>(Luc.</strong></span> <span class='ocrx_word' id='word_1_663' title='bbox 3601 2730 3693 2788; x_wconf 69' lang='lat'><strong>25.</strong></span> 
     </span>
    </p>
   </div>
   <div class='ocr_carea' id='block_1_88' title="bbox 2115 2821 3702 2895">
    <p class='ocr_par' dir='ltr' id='par_1_88' title="bbox 2115 2821 3702 2895">
     <span class='ocr_line' id='line_1_88' title="bbox 2115 2821 3702 2895; baseline 0.001 -19"><span class='ocrx_word' id='word_1_664' title='bbox 2115 2821 2227 2892; x_wconf 73' lang='grc'><strong>54).</strong></span> <span class='ocrx_word' id='word_1_665' title='bbox 2270 2823 2424 2877; x_wconf 91' lang='lat' dir='ltr'><strong>Dices</strong></span> <span class='ocrx_word' id='word_1_666' title='bbox 2453 2840 2466 2876; x_wconf 90' lang='lat'><strong>:</strong></span> <span class='ocrx_word' id='word_1_667' title='bbox 2498 2824 2566 2876; x_wconf 86' lang='lat' dir='ltr'><strong>At</strong></span> <span class='ocrx_word' id='word_1_668' title='bbox 2591 2822 2853 2892; x_wconf 74' lang='lat' dir='ltr'><strong>pra-clusit</strong></span> <span class='ocrx_word' id='word_1_669' title='bbox 2883 2821 3036 2892; x_wconf 86' lang='lat' dir='ltr'><strong>lmjus</strong></span> <span class='ocrx_word' id='word_1_670' title='bbox 3065 2822 3163 2877; x_wconf 92' lang='lat' dir='ltr'><strong>loci</strong></span> <span class='ocrx_word' id='word_1_671' title='bbox 3195 2821 3452 2892; x_wconf 83' lang='lat' dir='ltr'><strong>refugium</strong></span> <span class='ocrx_word' id='word_1_672' title='bbox 3499 2823 3702 2895; x_wconf 88' lang='lat' dir='ltr'><strong>legibus</strong></span> 
     </span>
    </p>
   </div>
   <div class='ocr_carea' id='block_1_89' title="bbox 2114 2911 3699 2982">
    <p class='ocr_par' dir='ltr' id='par_1_89' title="bbox 2114 2911 3699 2982">
     <span class='ocr_line' id='line_1_89' title="bbox 2114 2911 3699 2982; baseline 0.002 -15"><span class='ocrx_word' id='word_1_673' title='bbox 2114 2913 2344 2981; x_wconf 90' lang='lat' dir='ltr'><strong>scriptis,</strong></span> <span class='ocrx_word' id='word_1_674' title='bbox 2393 2912 2584 2982; x_wconf 89' lang='lat' dir='ltr'><strong>quibus</strong></span> <span class='ocrx_word' id='word_1_675' title='bbox 2623 2912 2723 2966; x_wconf 90' lang='lat' dir='ltr'><strong>hoc</strong></span> <span class='ocrx_word' id='word_1_676' title='bbox 2768 2912 2972 2967; x_wconf 87' lang='lat' dir='ltr'><strong>irritum</strong></span> <span class='ocrx_word' id='word_1_677' title='bbox 3013 2911 3186 2967; x_wconf 88' lang='lat' dir='ltr'><strong>facere</strong></span> <span class='ocrx_word' id='word_1_678' title='bbox 3231 2923 3456 2968; x_wconf 90' lang='lat' dir='ltr'><strong>conatus</strong></span> <span class='ocrx_word' id='word_1_679' title='bbox 3497 2923 3598 2970; x_wconf 77' lang='lat' dir='ltr'><strong>est.</strong></span> <span class='ocrx_word' id='word_1_680' title='bbox 3627 2915 3699 2970; x_wconf 79' lang='lat' dir='ltr'><strong>At</strong></span> 
     </span>
    </p>
   </div>
   <div class='ocr_carea' id='block_1_90' title="bbox 2117 3001 3703 3072">
    <p class='ocr_par' dir='ltr' id='par_1_90' title="bbox 2117 3001 3703 3072">
     <span class='ocr_line' id='line_1_90' title="bbox 2117 3001 3703 3072; baseline 0.003 -16"><span class='ocrx_word' id='word_1_681' title='bbox 2117 3017 2256 3058; x_wconf 92' lang='lat' dir='ltr'><strong>nunc</strong></span> <span class='ocrx_word' id='word_1_682' title='bbox 2303 3003 2480 3072; x_wconf 87' lang='lat' dir='ltr'><strong>reipsa</strong></span> <span class='ocrx_word' id='word_1_683' title='bbox 2519 3001 2722 3067; x_wconf 91' lang='lat' dir='ltr'><strong>didicit,</strong></span> <span class='ocrx_word' id='word_1_684' title='bbox 2770 3003 2928 3071; x_wconf 86' lang='lat' dir='ltr'><strong>quale</strong></span> <span class='ocrx_word' id='word_1_685' title='bbox 2965 3002 3030 3056; x_wconf 90' lang='lat' dir='ltr'><strong>sit</strong></span> <span class='ocrx_word' id='word_1_686' title='bbox 3053 3001 3193 3072; x_wconf 90' lang='lat' dir='ltr'><strong>quod</strong></span> <span class='ocrx_word' id='word_1_687' title='bbox 3220 3001 3383 3058; x_wconf 86' lang='lat' dir='ltr'><strong>fecit:</strong></span> <span class='ocrx_word' id='word_1_688' title='bbox 3413 3013 3468 3058; x_wconf 91' lang='lat' dir='ltr'><strong>et</strong></span> <span class='ocrx_word' id='word_1_689' title='bbox 3491 3013 3703 3060; x_wconf 87' lang='lat' dir='ltr'><strong>suomet</strong></span> 
     </span>
    </p>
   </div>
   <div class='ocr_carea' id='block_1_91' title="bbox 2117 3094 3699 3166">
    <p class='ocr_par' dir='ltr' id='par_1_91' title="bbox 2117 3094 3699 3166">
     <span class='ocr_line' id='line_1_91' title="bbox 2117 3094 3699 3166; baseline 0.003 -18"><span class='ocrx_word' id='word_1_690' title='bbox 2117 3094 2254 3148; x_wconf 89' lang='lat' dir='ltr'><strong>facto</strong></span> <span class='ocrx_word' id='word_1_691' title='bbox 2283 3095 2451 3166; x_wconf 86' lang='lat' dir='ltr'><strong>legem</strong></span> <span class='ocrx_word' id='word_1_692' title='bbox 2479 3109 2627 3148; x_wconf 86' lang='lat' dir='ltr'><strong>suam</strong></span> <span class='ocrx_word' id='word_1_693' title='bbox 2670 3095 2871 3165; x_wconf 88' lang='lat' dir='ltr'><strong>primus</strong></span> <span class='ocrx_word' id='word_1_694' title='bbox 2918 3094 3209 3165; x_wconf 86' lang='lat' dir='ltr'><strong>abrogavit,</strong></span> <span class='ocrx_word' id='word_1_695' title='bbox 3240 3095 3409 3151; x_wconf 88' lang='lat' dir='ltr'><strong>factus</strong></span> <span class='ocrx_word' id='word_1_696' title='bbox 3445 3097 3590 3153; x_wconf 88' lang='lat' dir='ltr'><strong>orbis</strong></span> <span class='ocrx_word' id='word_1_697' title='bbox 3615 3107 3699 3153; x_wconf 87' lang='lat' dir='ltr'><strong>to-</strong></span> 
     </span>
    </p>
   </div>
   <div class='ocr_carea' id='block_1_92' title="bbox 2117 3182 3700 3257">
    <p class='ocr_par' dir='ltr' id='par_1_92' title="bbox 2117 3182 3700 3257">
     <span class='ocr_line' id='line_1_92' title="bbox 2117 3182 3700 3257; baseline 0.001 -15"><span class='ocrx_word' id='word_1_698' title='bbox 2117 3182 2221 3242; x_wconf 83' lang='lat' dir='ltr'><strong>tius</strong></span> <span class='ocrx_word' id='word_1_699' title='bbox 2243 3187 2597 3257; x_wconf 89' lang='lat' dir='ltr'><strong>spectaculum</strong></span> <span class='ocrx_word' id='word_1_700' title='bbox 2628 3204 2643 3242; x_wconf 89' lang='lat'><strong>:</strong></span> <span class='ocrx_word' id='word_1_701' title='bbox 2675 3196 2726 3242; x_wconf 91' lang='lat' dir='ltr'><strong>et</strong></span> <span class='ocrx_word' id='word_1_702' title='bbox 2753 3188 2908 3242; x_wconf 88' lang='lat' dir='ltr'><strong>sileat</strong></span> <span class='ocrx_word' id='word_1_703' title='bbox 2932 3187 3076 3253; x_wconf 86' lang='lat' dir='ltr'><strong>licet,</strong></span> <span class='ocrx_word' id='word_1_704' title='bbox 3098 3203 3286 3244; x_wconf 91' lang='lat' dir='ltr'><strong>omnes</strong></span> <span class='ocrx_word' id='word_1_705' title='bbox 3316 3197 3492 3244; x_wconf 86' lang='lat' dir='ltr'><strong>tamen</strong></span> <span class='ocrx_word' id='word_1_706' title='bbox 3512 3188 3700 3244; x_wconf 89' lang='lat' dir='ltr'><strong>admo-</strong></span> 
     </span>
    </p>
   </div>
   <div class='ocr_carea' id='block_1_93' title="bbox 2116 3278 3701 3356">
    <p class='ocr_par' dir='ltr' id='par_1_93' title="bbox 2116 3278 3701 3356">
     <span class='ocr_line' id='line_1_93' title="bbox 2116 3278 3701 3356; baseline 0.002 -22"><span class='ocrx_word' id='word_1_707' title='bbox 2116 3289 2226 3342; x_wconf 88' lang='lat' dir='ltr'><strong>net,</strong></span> <span class='ocrx_word' id='word_1_708' title='bbox 2260 3279 2436 3334; x_wconf 85' lang='lat' dir='ltr'><strong>Nolite</strong></span> <span class='ocrx_word' id='word_1_709' title='bbox 2481 3278 2596 3356; x_wconf 68' lang='lat' dir='ltr'><strong>hrec</strong></span> <span class='ocrx_word' id='word_1_710' title='bbox 2625 3278 2821 3345; x_wconf 88' lang='lat' dir='ltr'><strong>facere,</strong></span> <span class='ocrx_word' id='word_1_711' title='bbox 2852 3295 2920 3336; x_wconf 91' lang='lat' dir='ltr'><strong>ne</strong></span> <span class='ocrx_word' id='word_1_712' title='bbox 2941 3280 3114 3350; x_wconf 88' lang='lat' dir='ltr'><strong>qualia</strong></span> <span class='ocrx_word' id='word_1_713' title='bbox 3143 3295 3243 3350; x_wconf 85' lang='lat' dir='ltr'><strong>ego</strong></span> <span class='ocrx_word' id='word_1_714' title='bbox 3267 3281 3562 3350; x_wconf 88' lang='lat' dir='ltr'><strong>patiamini.</strong></span> <span class='ocrx_word' id='word_1_715' title='bbox 3593 3281 3701 3337; x_wconf 89' lang='lat' dir='ltr'><strong>Sua</strong></span> 
     </span>
    </p>
   </div>
   <div class='ocr_carea' id='block_1_94' title="bbox 2117 3369 3704 3442">
    <p class='ocr_par' dir='ltr' id='par_1_94' title="bbox 2117 3369 3704 3442">
     <span class='ocr_line' id='line_1_94' title="bbox 2117 3369 3704 3442; baseline 0.003 -17"><span class='ocrx_word' id='word_1_716' title='bbox 2117 3369 2418 3425; x_wconf 85' lang='lat' dir='ltr'><strong>calamitate</strong></span> <span class='ocrx_word' id='word_1_717' title='bbox 2447 3370 2580 3423; x_wconf 90' lang='lat' dir='ltr'><strong>alios</strong></span> <span class='ocrx_word' id='word_1_718' title='bbox 2609 3369 2784 3434; x_wconf 87' lang='lat' dir='ltr'><strong>docet,</strong></span> <span class='ocrx_word' id='word_1_719' title='bbox 2809 3381 2862 3425; x_wconf 91' lang='lat' dir='ltr'><strong>et</strong></span> <span class='ocrx_word' id='word_1_720' title='bbox 2885 3371 3054 3424; x_wconf 85' lang='lat' dir='ltr'><strong>altare</strong></span> <span class='ocrx_word' id='word_1_721' title='bbox 3086 3371 3185 3427; x_wconf 89' lang='lat' dir='ltr'><strong>hoc</strong></span> <span class='ocrx_word' id='word_1_722' title='bbox 3213 3373 3326 3442; x_wconf 87' lang='lat' dir='ltr'><strong>ipso</strong></span> <span class='ocrx_word' id='word_1_723' title='bbox 3350 3373 3614 3429; x_wconf 89' lang='lat' dir='ltr'><strong>illustrem</strong></span> <span class='ocrx_word' id='word_1_724' title='bbox 3637 3389 3704 3431; x_wconf 87' lang='lat' dir='ltr'><strong>ex</strong></span> 
     </span>
    </p>
   </div>
   <div class='ocr_carea' id='block_1_95' title="bbox 2117 3461 3705 3533">
    <p class='ocr_par' dir='ltr' id='par_1_95' title="bbox 2117 3461 3705 3533">
     <span class='ocr_line' id='line_1_95' title="bbox 2117 3461 3705 3533; baseline 0.004 -16"><span class='ocrx_word' id='word_1_725' title='bbox 2117 3477 2177 3517; x_wconf 90' lang='lat' dir='ltr'><strong>se</strong></span> <span class='ocrx_word' id='word_1_726' title='bbox 2201 3461 2542 3533; x_wconf 88' lang='lat' dir='ltr'><strong>splendorem</strong></span> <span class='ocrx_word' id='word_1_727' title='bbox 2575 3462 2789 3528; x_wconf 85' lang='lat' dir='ltr'><strong>emittit,</strong></span> <span class='ocrx_word' id='word_1_728' title='bbox 2822 3477 2886 3517; x_wconf 90' lang='lat' dir='ltr'><strong>ac</strong></span> <span class='ocrx_word' id='word_1_729' title='bbox 2913 3463 2996 3518; x_wconf 89' lang='lat' dir='ltr'><strong>vel</strong></span> <span class='ocrx_word' id='word_1_730' title='bbox 3025 3463 3150 3518; x_wconf 82' lang='lat' dir='ltr'><strong>hinc</strong></span> <span class='ocrx_word' id='word_1_731' title='bbox 3173 3465 3510 3522; x_wconf 89' lang='lat' dir='ltr'><strong>tremendum</strong></span> <span class='ocrx_word' id='word_1_732' title='bbox 3551 3467 3705 3524; x_wconf 83' lang='lat' dir='ltr'><strong>vide-</strong></span> 
     </span>
    </p>
   </div>
   <div class='ocr_carea' id='block_1_96' title="bbox 2121 3558 3702 3632">
    <p class='ocr_par' dir='ltr' id='par_1_96' title="bbox 2121 3558 3702 3632">
     <span class='ocr_line' id='line_1_96' title="bbox 2121 3558 3702 3632; baseline 0.003 -20"><span class='ocrx_word' id='word_1_733' title='bbox 2121 3568 2224 3625; x_wconf 87' lang='lat' dir='ltr'><strong>tur,</strong></span> <span class='ocrx_word' id='word_1_734' title='bbox 2248 3558 2387 3628; x_wconf 90' lang='lat' dir='ltr'><strong>quod</strong></span> <span class='ocrx_word' id='word_1_735' title='bbox 2419 3559 2626 3612; x_wconf 89' lang='lat' dir='ltr'><strong>leonem</strong></span> <span class='ocrx_word' id='word_1_736' title='bbox 2659 3559 2889 3614; x_wconf 80' lang='lat' dir='ltr'><strong>vinctum</strong></span> <span class='ocrx_word' id='word_1_737' title='bbox 2921 3559 3195 3613; x_wconf 76' lang='lat' dir='ltr'><strong>contineat</strong></span> <span class='ocrx_word' id='word_1_738' title='bbox 3227 3577 3240 3613; x_wconf 90' lang='lat'><strong>:</strong></span> <span class='ocrx_word' id='word_1_739' title='bbox 3273 3561 3702 3632; x_wconf 86' lang='lat' dir='ltr'><strong>quandoquidem</strong></span> 
     </span>
    </p>
   </div>
   <div class='ocr_carea' id='block_1_97' title="bbox 2121 3650 3702 3724">
    <p class='ocr_par' dir='ltr' id='par_1_97' title="bbox 2121 3650 3702 3724">
     <span class='ocr_line' id='line_1_97' title="bbox 2121 3650 3702 3724; baseline 0.001 -18"><span class='ocrx_word' id='word_1_740' title='bbox 2121 3660 2174 3706; x_wconf 91' lang='lat' dir='ltr'><strong>et</strong></span> <span class='ocrx_word' id='word_1_741' title='bbox 2201 3651 2359 3722; x_wconf 73' lang='lat' dir='ltr'><strong>regia:</strong></span> <span class='ocrx_word' id='word_1_742' title='bbox 2385 3650 2579 3722; x_wconf 80' lang='lat' dir='ltr'><strong>effigiei</strong></span> <span class='ocrx_word' id='word_1_743' title='bbox 2609 3665 2711 3705; x_wconf 93' lang='lat' dir='ltr'><strong>non</strong></span> <span class='ocrx_word' id='word_1_744' title='bbox 2741 3659 2943 3706; x_wconf 88' lang='lat' dir='ltr'><strong>tantum</strong></span> <span class='ocrx_word' id='word_1_745' title='bbox 2979 3659 3197 3706; x_wconf 79' lang='lat' dir='ltr'><strong>ornatus</strong></span> <span class='ocrx_word' id='word_1_746' title='bbox 3227 3666 3290 3706; x_wconf 85' lang='lat' dir='ltr'><strong>ex</strong></span> <span class='ocrx_word' id='word_1_747' title='bbox 3320 3667 3386 3706; x_wconf 90' lang='lat' dir='ltr'><strong>eo</strong></span> <span class='ocrx_word' id='word_1_748' title='bbox 3410 3653 3702 3724; x_wconf 85' lang='lat' dir='ltr'><strong>contingat,</strong></span> 
     </span>
    </p>
   </div>
   <div class='ocr_carea' id='block_1_98' title="bbox 2121 3741 3707 3813">
    <p class='ocr_par' dir='ltr' id='par_1_98' title="bbox 2121 3741 3707 3813">
     <span class='ocr_line' id='line_1_98' title="bbox 2121 3741 3707 3813; baseline 0.001 -15"><span class='ocrx_word' id='word_1_749' title='bbox 2121 3745 2166 3798; x_wconf 89' lang='lat' dir='ltr'><strong>si</strong></span> <span class='ocrx_word' id='word_1_750' title='bbox 2195 3743 2329 3800; x_wconf 90' lang='lat' dir='ltr'><strong>solio</strong></span> <span class='ocrx_word' id='word_1_751' title='bbox 2363 3758 2454 3798; x_wconf 82' lang='lat' dir='ltr'><strong>rex</strong></span> <span class='ocrx_word' id='word_1_752' title='bbox 2500 3742 2714 3797; x_wconf 90' lang='lat' dir='ltr'><strong>sublimi</strong></span> <span class='ocrx_word' id='word_1_753' title='bbox 2762 3741 2947 3798; x_wconf 87' lang='lat' dir='ltr'><strong>sedeat</strong></span> <span class='ocrx_word' id='word_1_754' title='bbox 2987 3753 3307 3813; x_wconf 80' lang='lat' dir='ltr'><strong>purpuratus</strong></span> <span class='ocrx_word' id='word_1_755' title='bbox 3336 3753 3390 3799; x_wconf 90' lang='lat' dir='ltr'><strong>et</strong></span> <span class='ocrx_word' id='word_1_756' title='bbox 3408 3743 3707 3801; x_wconf 88' lang='lat' dir='ltr'><strong>diademate</strong></span> 
     </span>
    </p>
   </div>
   <div class='ocr_carea' id='block_1_99' title="bbox 2122 3817 3712 3908">
    <p class='ocr_par' dir='ltr' id='par_1_99' title="bbox 2122 3817 3712 3908">
     <span class='ocr_line' id='line_1_99' title="bbox 2122 3817 3712 3908; baseline 0 -16"><span class='ocrx_word' id='word_1_757' title='bbox 2122 3817 2422 3901; x_wconf 73' lang='lat' dir='ltr'><strong>redimitus,</strong></span> <span class='ocrx_word' id='word_1_758' title='bbox 2453 3845 2706 3906; x_wconf 86' lang='lat' dir='ltr'><strong>quantum</strong></span> <span class='ocrx_word' id='word_1_759' title='bbox 2726 3836 2768 3890; x_wconf 92' lang='lat' dir='ltr'><strong>si</strong></span> <span class='ocrx_word' id='word_1_760' title='bbox 2797 3835 2897 3891; x_wconf 89' lang='lat' dir='ltr'><strong>sub</strong></span> <span class='ocrx_word' id='word_1_761' title='bbox 2923 3835 3144 3906; x_wconf 89' lang='lat' dir='ltr'><strong>pedibus</strong></span> <span class='ocrx_word' id='word_1_762' title='bbox 3175 3851 3384 3906; x_wconf 91' lang='lat' dir='ltr'><strong>quoque</strong></span> <span class='ocrx_word' id='word_1_763' title='bbox 3408 3837 3567 3908; x_wconf 86' lang='lat' dir='ltr'><strong>regiis</strong></span> <span class='ocrx_word' id='word_1_764' title='bbox 3587 3837 3712 3894; x_wconf 85' lang='lat' dir='ltr'><strong>bar-</strong></span> 
     </span>
    </p>
   </div>
   <div class='ocr_carea' id='block_1_100' title="bbox 2123 3928 3712 3999">
    <p class='ocr_par' dir='ltr' id='par_1_100' title="bbox 2123 3928 3712 3999">
     <span class='ocr_line' id='line_1_100' title="bbox 2123 3928 3712 3999; baseline 0.001 -15"><span class='ocrx_word' id='word_1_765' title='bbox 2123 3930 2236 3985; x_wconf 90' lang='lat' dir='ltr'><strong>bari</strong></span> <span class='ocrx_word' id='word_1_766' title='bbox 2268 3929 2512 3984; x_wconf 91' lang='lat' dir='ltr'><strong>manibus</strong></span> <span class='ocrx_word' id='word_1_767' title='bbox 2551 3937 2668 3999; x_wconf 85' lang='lat' dir='ltr'><strong>post</strong></span> <span class='ocrx_word' id='word_1_768' title='bbox 2711 3937 2856 3999; x_wconf 89' lang='lat' dir='ltr'><strong>terga</strong></span> <span class='ocrx_word' id='word_1_769' title='bbox 2891 3928 3145 3983; x_wconf 90' lang='lat' dir='ltr'><strong>revinctis</strong></span> <span class='ocrx_word' id='word_1_770' title='bbox 3187 3928 3342 3999; x_wconf 88' lang='lat' dir='ltr'><strong>proni</strong></span> <span class='ocrx_word' id='word_1_771' title='bbox 3380 3928 3608 3999; x_wconf 79' lang='lat' dir='ltr'><strong>iaceant.</strong></span> <span class='ocrx_word' id='word_1_772' title='bbox 3643 3929 3712 3986; x_wconf 84' lang='lat' dir='ltr'><strong>Et</strong></span> 
     </span>
    </p>
   </div>
   <div class='ocr_carea' id='block_1_101' title="bbox 2123 4011 3708 4084">
    <p class='ocr_par' dir='ltr' id='par_1_101' title="bbox 2123 4011 3708 4084">
     <span class='ocr_line' id='line_1_101' title="bbox 2123 4011 3708 4084; baseline 0.001 -17"><span class='ocrx_word' id='word_1_773' title='bbox 2123 4012 2265 4084; x_wconf 93' lang='lat' dir='ltr'><strong>quod</strong></span> <span class='ocrx_word' id='word_1_774' title='bbox 2291 4013 2470 4068; x_wconf 86' lang='lat' dir='ltr'><strong>verbis</strong></span> <span class='ocrx_word' id='word_1_775' title='bbox 2493 4028 2601 4066; x_wconf 91' lang='lat' dir='ltr'><strong>non</strong></span> <span class='ocrx_word' id='word_1_776' title='bbox 2623 4012 2693 4066; x_wconf 89' lang='lat' dir='ltr'><strong>sit</strong></span> <span class='ocrx_word' id='word_1_777' title='bbox 2738 4027 2866 4066; x_wconf 92' lang='lat' dir='ltr'><strong>usus</strong></span> <span class='ocrx_word' id='word_1_778' title='bbox 2904 4011 2970 4066; x_wconf 91' lang='lat' dir='ltr'><strong>ad</strong></span> <span class='ocrx_word' id='word_1_779' title='bbox 3017 4011 3440 4082; x_wconf 87' lang='lat' dir='ltr'><strong>persuadendum</strong></span> <span class='ocrx_word' id='word_1_780' title='bbox 3490 4015 3708 4081; x_wconf 88' lang='lat' dir='ltr'><strong>paratis,</strong></span> 
     </span>
    </p>
   </div>
   <div class='ocr_carea' id='block_1_102' title="bbox 2126 4105 3712 4164">
    <p class='ocr_par' dir='ltr' id='par_1_102' title="bbox 2126 4105 3712 4164">
     <span class='ocr_line' id='line_1_102' title="bbox 2126 4105 3712 4164; baseline 0.004 -6"><span class='ocrx_word' id='word_1_781' title='bbox 2126 4114 2332 4162; x_wconf 87' lang='lat' dir='ltr'><strong>vosmet</strong></span> <span class='ocrx_word' id='word_1_782' title='bbox 2377 4105 2714 4161; x_wconf 89' lang='lat' dir='ltr'><strong>festinatione</strong></span> <span class='ocrx_word' id='word_1_783' title='bbox 2752 4113 2930 4160; x_wconf 91' lang='lat' dir='ltr'><strong>vestra</strong></span> <span class='ocrx_word' id='word_1_784' title='bbox 2957 4120 3021 4160; x_wconf 91' lang='lat' dir='ltr'><strong>ac</strong></span> <span class='ocrx_word' id='word_1_785' title='bbox 3056 4120 3319 4160; x_wconf 90' lang='lat' dir='ltr'><strong>concursu</strong></span> <span class='ocrx_word' id='word_1_786' title='bbox 3363 4107 3712 4164; x_wconf 88' lang='lat' dir='ltr'><strong>attestamini.</strong></span> 
     </span>
    </p>
   </div>
   <div class='ocr_carea' id='block_1_103' title="bbox 2130 4196 3713 4269">
    <p class='ocr_par' dir='ltr' id='par_1_103' title="bbox 2130 4196 3713 4269">
     <span class='ocr_line' id='line_1_103' title="bbox 2130 4196 3713 4269; baseline 0.001 -16"><span class='ocrx_word' id='word_1_787' title='bbox 2130 4199 2334 4254; x_wconf 81' lang='lat' dir='ltr'><strong>Etenim</strong></span> <span class='ocrx_word' id='word_1_788' title='bbox 2369 4199 2680 4269; x_wconf 74' lang='lat' dir='ltr'><strong>prmclarum</strong></span> <span class='ocrx_word' id='word_1_789' title='bbox 2704 4197 2863 4253; x_wconf 88' lang='lat' dir='ltr'><strong>hodie</strong></span> <span class='ocrx_word' id='word_1_790' title='bbox 2891 4196 3045 4252; x_wconf 92' lang='lat' dir='ltr'><strong>nobis</strong></span> <span class='ocrx_word' id='word_1_791' title='bbox 3069 4198 3429 4268; x_wconf 90' lang='lat' dir='ltr'><strong>spectaculum</strong></span> <span class='ocrx_word' id='word_1_792' title='bbox 3453 4207 3509 4254; x_wconf 87' lang='lat' dir='ltr'><strong>et</strong></span> <span class='ocrx_word' id='word_1_793' title='bbox 3529 4198 3713 4256; x_wconf 89' lang='lat' dir='ltr'><strong>hilaris</strong></span> 
     </span>
    </p>
   </div>
   <div class='ocr_carea' id='block_1_104' title="bbox 2128 4290 3712 4362">
    <p class='ocr_par' dir='ltr' id='par_1_104' title="bbox 2128 4290 3712 4362">
     <span class='ocr_line' id='line_1_104' title="bbox 2128 4290 3712 4362; baseline 0.001 -18"><span class='ocrx_word' id='word_1_794' title='bbox 2128 4300 2419 4345; x_wconf 86' lang='lat' dir='ltr'><strong>conventus</strong></span> <span class='ocrx_word' id='word_1_795' title='bbox 2448 4291 2707 4361; x_wconf 86' lang='lat' dir='ltr'><strong>contingit</strong></span> <span class='ocrx_word' id='word_1_796' title='bbox 2733 4309 2745 4345; x_wconf 92' lang='lat'><strong>:</strong></span> <span class='ocrx_word' id='word_1_797' title='bbox 2771 4305 2869 4346; x_wconf 89' lang='lat' dir='ltr'><strong>nec</strong></span> <span class='ocrx_word' id='word_1_798' title='bbox 2894 4291 3157 4345; x_wconf 89' lang='lat' dir='ltr'><strong>minorem</strong></span> <span class='ocrx_word' id='word_1_799' title='bbox 3186 4305 3326 4344; x_wconf 92' lang='lat' dir='ltr'><strong>nunc</strong></span> <span class='ocrx_word' id='word_1_800' title='bbox 3353 4290 3508 4346; x_wconf 90' lang='lat' dir='ltr'><strong>video</strong></span> <span class='ocrx_word' id='word_1_801' title='bbox 3535 4292 3712 4362; x_wconf 88' lang='lat' dir='ltr'><strong>populi</strong></span> 
     </span>
    </p>
   </div>
   <div class='ocr_carea' id='block_1_105' title="bbox 2064 4382 3714 4454">
    <p class='ocr_par' dir='ltr' id='par_1_105' title="bbox 2064 4382 3714 4454">
     <span class='ocr_line' id='line_1_105' title="bbox 2064 4382 3714 4454; baseline -0.003 -11"><span class='ocrx_word' id='word_1_802' title='bbox 2064 4436 2070 4443; x_wconf 95' lang='lat'><strong>.</strong></span> <span class='ocrx_word' id='word_1_803' title='bbox 2129 4383 2679 4454; x_wconf 88' lang='lat' dir='ltr'><strong>frequentiam,quam</strong></span> <span class='ocrx_word' id='word_1_804' title='bbox 2707 4384 2759 4437; x_wconf 92' lang='lat' dir='ltr'><strong>in</strong></span> <span class='ocrx_word' id='word_1_805' title='bbox 2790 4398 2941 4438; x_wconf 89' lang='lat' dir='ltr'><strong>sacra</strong></span> <span class='ocrx_word' id='word_1_806' title='bbox 2972 4382 3189 4439; x_wconf 69' lang='lat' dir='ltr'><strong>Pascha:</strong></span> <span class='ocrx_word' id='word_1_807' title='bbox 3213 4383 3554 4439; x_wconf 82' lang='lat' dir='ltr'><strong>celebritate:</strong></span> <span class='ocrx_word' id='word_1_808' title='bbox 3578 4383 3714 4438; x_wconf 88' lang='lat' dir='ltr'><strong>adeo</strong></span> 
     </span>
    </p>
   </div>
   <div class='ocr_carea' id='block_1_106' title="bbox 2129 4473 3715 4544">
    <p class='ocr_par' dir='ltr' id='par_1_106' title="bbox 2129 4473 3715 4544">
     <span class='ocr_line' id='line_1_106' title="bbox 2129 4473 3715 4544; baseline -0.001 -15"><span class='ocrx_word' id='word_1_809' title='bbox 2129 4473 2285 4530; x_wconf 80' lang='lat' dir='ltr'><strong>exciti</strong></span> <span class='ocrx_word' id='word_1_810' title='bbox 2313 4473 2444 4528; x_wconf 73' lang='lat' dir='ltr'><strong>estis</strong></span> <span class='ocrx_word' id='word_1_811' title='bbox 2473 4474 2625 4527; x_wconf 91' lang='lat' dir='ltr'><strong>istius</strong></span> <span class='ocrx_word' id='word_1_812' title='bbox 2651 4473 2883 4539; x_wconf 89' lang='lat' dir='ltr'><strong>silentio,</strong></span> <span class='ocrx_word' id='word_1_813' title='bbox 2908 4473 3046 4544; x_wconf 91' lang='lat' dir='ltr'><strong>quod</strong></span> <span class='ocrx_word' id='word_1_814' title='bbox 3077 4473 3556 4544; x_wconf 76' lang='lat' dir='ltr'><strong>imprzesentiarutn</strong></span> <span class='ocrx_word' id='word_1_815' title='bbox 3578 4489 3715 4544; x_wconf 85' lang='lat' dir='ltr'><strong>qna-</strong></span> 
     </span>
    </p>
   </div>
   <div class='ocr_carea' id='block_1_107' title="bbox 2130 4563 3714 4634">
    <p class='ocr_par' dir='ltr' id='par_1_107' title="bbox 2130 4563 3714 4634">
     <span class='ocr_line' id='line_1_107' title="bbox 2130 4563 3714 4634; baseline 0 -14"><span class='ocrx_word' id='word_1_816' title='bbox 2130 4567 2211 4620; x_wconf 91' lang='lat' dir='ltr'><strong>vis</strong></span> <span class='ocrx_word' id='word_1_817' title='bbox 2241 4565 2364 4621; x_wconf 88' lang='lat' dir='ltr'><strong>tuba</strong></span> <span class='ocrx_word' id='word_1_818' title='bbox 2391 4565 2672 4620; x_wconf 88' lang='lat' dir='ltr'><strong>clariorem</strong></span> <span class='ocrx_word' id='word_1_819' title='bbox 2698 4579 2887 4619; x_wconf 89' lang='lat' dir='ltr'><strong>sonum</strong></span> <span class='ocrx_word' id='word_1_820' title='bbox 2932 4563 3145 4620; x_wconf 83' lang='lat' dir='ltr'><strong>emittit.</strong></span> <span class='ocrx_word' id='word_1_821' title='bbox 3179 4565 3245 4618; x_wconf 86' lang='lat' dir='ltr'><strong>Et</strong></span> <span class='ocrx_word' id='word_1_822' title='bbox 3265 4565 3498 4634; x_wconf 80' lang='lat' dir='ltr'><strong>virgines</strong></span> <span class='ocrx_word' id='word_1_823' title='bbox 3545 4564 3714 4620; x_wconf 87' lang='lat' dir='ltr'><strong>thala-</strong></span> 
     </span>
    </p>
   </div>
   <div class='ocr_carea' id='block_1_108' title="bbox 2133 4654 3717 4726">
    <p class='ocr_par' dir='ltr' id='par_1_108' title="bbox 2133 4654 3717 4726">
     <span class='ocr_line' id='line_1_108' title="bbox 2133 4654 3717 4726; baseline -0.001 -15"><span class='ocrx_word' id='word_1_824' title='bbox 2133 4657 2254 4722; x_wconf 91' lang='lat' dir='ltr'><strong>mis,</strong></span> <span class='ocrx_word' id='word_1_825' title='bbox 2286 4666 2340 4712; x_wconf 90' lang='lat' dir='ltr'><strong>et</strong></span> <span class='ocrx_word' id='word_1_826' title='bbox 2366 4656 2614 4711; x_wconf 91' lang='lat' dir='ltr'><strong>mulieres</strong></span> <span class='ocrx_word' id='word_1_827' title='bbox 2642 4655 2906 4726; x_wconf 73' lang='lat' dir='ltr'><strong>gynmceis</strong></span> <span class='ocrx_word' id='word_1_828' title='bbox 2933 4655 3178 4719; x_wconf 83' lang='lat' dir='ltr'><strong>desertis,</strong></span> <span class='ocrx_word' id='word_1_829' title='bbox 3203 4665 3255 4708; x_wconf 89' lang='lat' dir='ltr'><strong>et</strong></span> <span class='ocrx_word' id='word_1_830' title='bbox 3280 4654 3378 4708; x_wconf 88' lang='lat' dir='ltr'><strong>viri</strong></span> <span class='ocrx_word' id='word_1_831' title='bbox 3405 4654 3523 4709; x_wconf 89' lang='lat' dir='ltr'><strong>foro</strong></span> <span class='ocrx_word' id='word_1_832' title='bbox 3547 4669 3717 4711; x_wconf 88' lang='lat' dir='ltr'><strong>vacuo</strong></span> 
     </span>
    </p>
   </div>
   <div class='ocr_carea' id='block_1_109' title="bbox 2134 4746 3718 4812">
    <p class='ocr_par' dir='ltr' id='par_1_109' title="bbox 2134 4746 3718 4812">
     <span class='ocr_line' id='line_1_109' title="bbox 2134 4746 3718 4812; baseline -0.002 -8"><span class='ocrx_word' id='word_1_833' title='bbox 2134 4750 2341 4812; x_wconf 90' lang='lat' dir='ltr'><strong>relicto,</strong></span> <span class='ocrx_word' id='word_1_834' title='bbox 2372 4749 2603 4803; x_wconf 89' lang='lat' dir='ltr'><strong>universi</strong></span> <span class='ocrx_word' id='word_1_835' title='bbox 2634 4747 2736 4802; x_wconf 91' lang='lat' dir='ltr'><strong>huc</strong></span> <span class='ocrx_word' id='word_1_836' title='bbox 2759 4747 3124 4812; x_wconf 83' lang='lat' dir='ltr'><strong>concurristis,</strong></span> <span class='ocrx_word' id='word_1_837' title='bbox 3157 4755 3213 4800; x_wconf 89' lang='lat' dir='ltr'><strong>ut</strong></span> <span class='ocrx_word' id='word_1_838' title='bbox 3239 4746 3524 4801; x_wconf 83' lang='lat' dir='ltr'><strong>humanam</strong></span> <span class='ocrx_word' id='word_1_839' title='bbox 3558 4756 3718 4802; x_wconf 85' lang='lat' dir='ltr'><strong>natu-</strong></span> 
     </span>
    </p>
   </div>
   <div class='ocr_carea' id='block_1_110' title="bbox 2133 4839 3715 4911">
    <p class='ocr_par' dir='ltr' id='par_1_110' title="bbox 2133 4839 3715 4911">
     <span class='ocr_line' id='line_1_110' title="bbox 2133 4839 3715 4911; baseline -0.001 -15"><span class='ocrx_word' id='word_1_840' title='bbox 2133 4857 2244 4896; x_wconf 88' lang='lat' dir='ltr'><strong>ram</strong></span> <span class='ocrx_word' id='word_1_841' title='bbox 2276 4840 2478 4897; x_wconf 88' lang='lat' dir='ltr'><strong>traduci</strong></span> <span class='ocrx_word' id='word_1_842' title='bbox 2500 4841 2768 4906; x_wconf 90' lang='lat' dir='ltr'><strong>videretis,</strong></span> <span class='ocrx_word' id='word_1_843' title='bbox 2800 4851 2853 4896; x_wconf 90' lang='lat' dir='ltr'><strong>et</strong></span> <span class='ocrx_word' id='word_1_844' title='bbox 2879 4839 3210 4895; x_wconf 58' lang='lat' dir='ltr'><strong>saecularium</strong></span> <span class='ocrx_word' id='word_1_845' title='bbox 3240 4839 3574 4911; x_wconf 88' lang='lat' dir='ltr'><strong>negotiorum</strong></span> <span class='ocrx_word' id='word_1_846' title='bbox 3597 4856 3715 4896; x_wconf 78' lang='lat' dir='ltr'><strong>mo-</strong></span> 
     </span>
    </p>
   </div>
   <div class='ocr_carea' id='block_1_111' title="bbox 2135 4929 3716 5001">
    <p class='ocr_par' dir='ltr' id='par_1_111' title="bbox 2135 4929 3716 5001">
     <span class='ocr_line' id='line_1_111' title="bbox 2135 4929 3716 5001; baseline -0.001 -15"><span class='ocrx_word' id='word_1_847' title='bbox 2135 4943 2473 4987; x_wconf 87' lang='lat' dir='ltr'><strong>mentaneam</strong></span> <span class='ocrx_word' id='word_1_848' title='bbox 2501 4929 2907 4986; x_wconf 88' lang='lat' dir='ltr'><strong>mutabilitatem</strong></span> <span class='ocrx_word' id='word_1_849' title='bbox 2954 4930 3150 5000; x_wconf 87' lang='lat' dir='ltr'><strong>detegi,</strong></span> <span class='ocrx_word' id='word_1_850' title='bbox 3182 4929 3429 5001; x_wconf 87' lang='lat' dir='ltr'><strong>illamque</strong></span> <span class='ocrx_word' id='word_1_851' title='bbox 3468 4932 3716 4987; x_wconf 90' lang='lat' dir='ltr'><strong>meretri-</strong></span> 
     </span>
    </p>
   </div>
   <div class='ocr_carea' id='block_1_112' title="bbox 2133 5022 3717 5094">
    <p class='ocr_par' dir='ltr' id='par_1_112' title="bbox 2133 5022 3717 5094">
     <span class='ocr_line' id='line_1_112' title="bbox 2133 5022 3717 5094; baseline -0.001 -12"><span class='ocrx_word' id='word_1_852' title='bbox 2133 5029 2269 5082; x_wconf 90' lang='lat' dir='ltr'><strong>ciam</strong></span> <span class='ocrx_word' id='word_1_853' title='bbox 2328 5025 2516 5081; x_wconf 89' lang='lat' dir='ltr'><strong>faciem</strong></span> <span class='ocrx_word' id='word_1_854' title='bbox 2579 5024 2692 5078; x_wconf 87' lang='lat' dir='ltr'><strong>heri</strong></span> <span class='ocrx_word' id='word_1_855' title='bbox 2733 5037 2796 5078; x_wconf 91' lang='lat' dir='ltr'><strong>ac</strong></span> <span class='ocrx_word' id='word_1_856' title='bbox 2836 5022 3026 5078; x_wconf 89' lang='lat' dir='ltr'><strong>nudius</strong></span> <span class='ocrx_word' id='word_1_857' title='bbox 3076 5025 3263 5077; x_wconf 90' lang='lat' dir='ltr'><strong>tertius</strong></span> <span class='ocrx_word' id='word_1_858' title='bbox 3308 5022 3717 5094; x_wconf 71' lang='lat' dir='ltr'><strong>przeclarissime</strong></span> 
     </span>
    </p>
   </div>
   <div class='ocr_carea' id='block_1_113' title="bbox 2134 5113 3721 5190">
    <p class='ocr_par' dir='ltr' id='par_1_113' title="bbox 2134 5113 3721 5190">
     <span class='ocr_line' id='line_1_113' title="bbox 2134 5113 3721 5190; baseline -0.002 -18"><span class='ocrx_word' id='word_1_859' title='bbox 2134 5117 2503 5190; x_wconf 89' lang='lat' dir='ltr'><strong>splendentem</strong></span> <span class='ocrx_word' id='word_1_860' title='bbox 2531 5115 2676 5186; x_wconf 90' lang='lat' dir='ltr'><strong>(talis</strong></span> <span class='ocrx_word' id='word_1_861' title='bbox 2704 5114 2846 5171; x_wconf 89' lang='lat' dir='ltr'><strong>enim</strong></span> <span class='ocrx_word' id='word_1_862' title='bbox 2875 5121 2959 5169; x_wconf 90' lang='lat' dir='ltr'><strong>est</strong></span> <span class='ocrx_word' id='word_1_863' title='bbox 2983 5127 3048 5168; x_wconf 83' lang='lat' dir='ltr'><strong>ex</strong></span> <span class='ocrx_word' id='word_1_864' title='bbox 3071 5113 3258 5170; x_wconf 86' lang='lat' dir='ltr'><strong>alienis</strong></span> <span class='ocrx_word' id='word_1_865' title='bbox 3299 5114 3508 5184; x_wconf 87' lang='lat' dir='ltr'><strong>injuriis</strong></span> <span class='ocrx_word' id='word_1_866' title='bbox 3553 5114 3721 5170; x_wconf 74' lang='lat' dir='ltr'><strong>felici-</strong></span> 
     </span>
    </p>
   </div>
   <div class='ocr_carea' id='block_1_114' title="bbox 2138 5205 3719 5278">
    <p class='ocr_par' dir='ltr' id='par_1_114' title="bbox 2138 5205 3719 5278">
     <span class='ocr_line' id='line_1_114' title="bbox 2138 5205 3719 5278; baseline -0.003 -15"><span class='ocrx_word' id='word_1_867' title='bbox 2138 5221 2238 5272; x_wconf 89' lang='lat' dir='ltr'><strong>tas,</strong></span> <span class='ocrx_word' id='word_1_868' title='bbox 2270 5224 2388 5278; x_wconf 69' lang='lat' dir='ltr'><strong>qua:</strong></span> <span class='ocrx_word' id='word_1_869' title='bbox 2415 5220 2606 5277; x_wconf 88' lang='lat' dir='ltr'><strong>rugosa</strong></span> <span class='ocrx_word' id='word_1_870' title='bbox 2644 5205 2832 5276; x_wconf 91' lang='lat' dir='ltr'><strong>quavis</strong></span> <span class='ocrx_word' id='word_1_871' title='bbox 2866 5205 3072 5260; x_wconf 87' lang='lat' dir='ltr'><strong>anicula</strong></span> <span class='ocrx_word' id='word_1_872' title='bbox 3119 5205 3408 5260; x_wconf 79' lang='lat' dir='ltr'><strong>deformior</strong></span> <span class='ocrx_word' id='word_1_873' title='bbox 3443 5206 3719 5276; x_wconf 74' lang='lat' dir='ltr'><strong>apparet),</strong></span> 
     </span>
    </p>
   </div>
   <div class='ocr_carea' id='block_1_115' title="bbox 2137 5299 3720 5372">
    <p class='ocr_par' dir='ltr' id='par_1_115' title="bbox 2137 5299 3720 5372">
     <span class='ocr_line' id='line_1_115' title="bbox 2137 5299 3720 5372; baseline -0.002 -14"><span class='ocrx_word' id='word_1_874' title='bbox 2137 5318 2313 5359; x_wconf 90' lang='lat' dir='ltr'><strong>rerum</strong></span> <span class='ocrx_word' id='word_1_875' title='bbox 2364 5302 2654 5357; x_wconf 89' lang='lat' dir='ltr'><strong>mutatione</strong></span> <span class='ocrx_word' id='word_1_876' title='bbox 2697 5311 2966 5370; x_wconf 90' lang='lat' dir='ltr'><strong>tamquam</strong></span> <span class='ocrx_word' id='word_1_877' title='bbox 3004 5300 3222 5372; x_wconf 86' lang='lat' dir='ltr'><strong>spongia</strong></span> <span class='ocrx_word' id='word_1_878' title='bbox 3242 5299 3469 5371; x_wconf 82' lang='lat' dir='ltr'><strong>quadam</strong></span> <span class='ocrx_word' id='word_1_879' title='bbox 3499 5301 3720 5356; x_wconf 81' lang='lat' dir='ltr'><strong>tectoria</strong></span> 
     </span>
    </p>
   </div>
   <div class='ocr_carea' id='block_1_116' title="bbox 2137 5391 2752 5462">
    <p class='ocr_par' dir='ltr' id='par_1_116' title="bbox 2137 5391 2752 5462">
     <span class='ocr_line' id='line_1_116' title="bbox 2137 5391 2752 5462; baseline -0.007 -14"><span class='ocrx_word' id='word_1_880' title='bbox 2137 5394 2388 5462; x_wconf 87' lang='lat' dir='ltr'><strong>fucosqne</strong></span> <span class='ocrx_word' id='word_1_881' title='bbox 2418 5391 2752 5447; x_wconf 89' lang='lat' dir='ltr'><strong>abstersissc.</strong></span> 
     </span>
    </p>
   </div>
   <div class='ocr_carea' id='block_1_117' title="bbox 2208 5480 3721 5554">
    <p class='ocr_par' dir='ltr' id='par_1_117' title="bbox 2208 5480 3721 5554">
     <span class='ocr_line' id='line_1_117' title="bbox 2208 5480 3721 5554; baseline -0.001 -14"><span class='ocrx_word' id='word_1_882' title='bbox 2208 5486 2261 5540; x_wconf 68' lang='grc'><strong>4.</strong></span> <span class='ocrx_word' id='word_1_883' title='bbox 2289 5484 2457 5538; x_wconf 85' lang='lat' dir='ltr'><strong>Tanta</strong></span> <span class='ocrx_word' id='word_1_884' title='bbox 2503 5497 2695 5551; x_wconf 90' lang='lat' dir='ltr'><strong>nempe</strong></span> <span class='ocrx_word' id='word_1_885' title='bbox 2735 5489 2822 5537; x_wconf 88' lang='lat' dir='ltr'><strong>est</strong></span> <span class='ocrx_word' id='word_1_886' title='bbox 2865 5480 3020 5552; x_wconf 88' lang='lat' dir='ltr'><strong>hujus</strong></span> <span class='ocrx_word' id='word_1_887' title='bbox 3063 5480 3334 5538; x_wconf 89' lang='lat' dir='ltr'><strong>infortunii</strong></span> <span class='ocrx_word' id='word_1_888' title='bbox 3362 5484 3466 5548; x_wconf 83' lang='lat' dir='ltr'><strong>vis,</strong></span> <span class='ocrx_word' id='word_1_889' title='bbox 3494 5498 3615 5554; x_wconf 64' lang='lat' dir='ltr'><strong>quae</strong></span> <span class='ocrx_word' id='word_1_890' title='bbox 3642 5483 3721 5538; x_wconf 89' lang='lat' dir='ltr'><strong>vi-</strong></span> 
     </span>
    </p>
   </div>
   <div class='ocr_carea' id='block_1_118' title="bbox 2137 5575 3722 5648">
    <p class='ocr_par' dir='ltr' id='par_1_118' title="bbox 2137 5575 3722 5648">
     <span class='ocr_line' id='line_1_118' title="bbox 2137 5575 3722 5648; baseline -0.003 -14"><span class='ocrx_word' id='word_1_891' title='bbox 2137 5596 2253 5634; x_wconf 86' lang='lat' dir='ltr'><strong>rum</strong></span> <span class='ocrx_word' id='word_1_892' title='bbox 2285 5578 2489 5633; x_wconf 89' lang='lat' dir='ltr'><strong>felicem</strong></span> <span class='ocrx_word' id='word_1_893' title='bbox 2509 5591 2571 5631; x_wconf 91' lang='lat' dir='ltr'><strong>ac</strong></span> <span class='ocrx_word' id='word_1_894' title='bbox 2601 5575 2969 5646; x_wconf 85' lang='lat' dir='ltr'><strong>conspicuum,</strong></span> <span class='ocrx_word' id='word_1_895' title='bbox 2991 5591 3131 5632; x_wconf 77' lang='lat' dir='ltr'><strong>nunc</strong></span> <span class='ocrx_word' id='word_1_896' title='bbox 3157 5578 3396 5632; x_wconf 89' lang='lat' dir='ltr'><strong>omnium</strong></span> <span class='ocrx_word' id='word_1_897' title='bbox 3423 5576 3722 5648; x_wconf 87' lang='lat' dir='ltr'><strong>abjeetissi-</strong></span> 
     </span>
    </p>
   </div>
   <div class='ocr_carea' id='block_1_119' title="bbox 2139 5667 3722 5738">
    <p class='ocr_par' dir='ltr' id='par_1_119' title="bbox 2139 5667 3722 5738">
     <span class='ocr_line' id='line_1_119' title="bbox 2139 5667 3722 5738; baseline -0.004 -12"><span class='ocrx_word' id='word_1_898' title='bbox 2139 5688 2282 5726; x_wconf 88' lang='lat' dir='ltr'><strong>mum</strong></span> <span class='ocrx_word' id='word_1_899' title='bbox 2337 5669 2587 5726; x_wconf 85' lang='lat' dir='ltr'><strong>reddidit.</strong></span> <span class='ocrx_word' id='word_1_900' title='bbox 2637 5668 2871 5724; x_wconf 84' lang='lat' dir='ltr'><strong>lntroeat</strong></span> <span class='ocrx_word' id='word_1_901' title='bbox 2915 5667 3068 5725; x_wconf 90' lang='lat' dir='ltr'><strong>dives</strong></span> <span class='ocrx_word' id='word_1_902' title='bbox 3104 5668 3329 5738; x_wconf 88' lang='lat' dir='ltr'><strong>aliquis,</strong></span> <span class='ocrx_word' id='word_1_903' title='bbox 3374 5677 3432 5724; x_wconf 91' lang='lat' dir='ltr'><strong>et</strong></span> <span class='ocrx_word' id='word_1_904' title='bbox 3459 5681 3722 5738; x_wconf 81' lang='lat' dir='ltr'><strong>magnam</strong></span> 
     </span>
    </p>
   </div>
   <div class='ocr_carea' id='block_1_120' title="bbox 2138 5755 3724 5832">
    <p class='ocr_par' dir='ltr' id='par_1_120' title="bbox 2138 5755 3724 5832">
     <span class='ocr_line' id='line_1_120' title="bbox 2138 5755 3724 5832; baseline -0.009 -13"><span class='ocrx_word' id='word_1_905' title='bbox 2138 5763 2418 5819; x_wconf 90' lang='lat' dir='ltr'><strong>utilitatem</strong></span> <span class='ocrx_word' id='word_1_906' title='bbox 2450 5759 2708 5832; x_wconf 83' lang='lat' dir='ltr'><strong>percipiet</strong></span> <span class='ocrx_word' id='word_1_907' title='bbox 2738 5776 2752 5812; x_wconf 88' lang='lat'><strong>:</strong></span> <span class='ocrx_word' id='word_1_908' title='bbox 2782 5758 2967 5815; x_wconf 82' lang='lat' dir='ltr'><strong>videns</strong></span> <span class='ocrx_word' id='word_1_909' title='bbox 2997 5760 3139 5816; x_wconf 86' lang='lat' dir='ltr'><strong>enim</strong></span> <span class='ocrx_word' id='word_1_910' title='bbox 3173 5769 3279 5815; x_wconf 91' lang='lat' dir='ltr'><strong>tam</strong></span> <span class='ocrx_word' id='word_1_911' title='bbox 3323 5761 3471 5817; x_wconf 87' lang='lat' dir='ltr'><strong>celso</strong></span> <span class='ocrx_word' id='word_1_912' title='bbox 3515 5755 3724 5823; x_wconf 81' lang='lat' dir='ltr'><strong>fastigio</strong></span> 
     </span>
    </p>
   </div>
   <div class='ocr_carea' id='block_1_121' title="bbox 2141 5841 3727 5928">
    <p class='ocr_par' dir='ltr' id='par_1_121' title="bbox 2141 5841 3727 5928">
     <span class='ocr_line' id='line_1_121' title="bbox 2141 5841 3727 5928; baseline -0.009 -14"><span class='ocrx_word' id='word_1_913' title='bbox 2141 5856 2416 5928; x_wconf 88' lang='lat' dir='ltr'><strong>delapsum</strong></span> <span class='ocrx_word' id='word_1_914' title='bbox 2448 5869 2569 5911; x_wconf 88' lang='lat' dir='ltr'><strong>eum</strong></span> <span class='ocrx_word' id='word_1_915' title='bbox 2612 5853 2703 5926; x_wconf 87' lang='lat' dir='ltr'><strong>qui</strong></span> <span class='ocrx_word' id='word_1_916' title='bbox 2753 5859 2920 5908; x_wconf 90' lang='lat' dir='ltr'><strong>totum</strong></span> <span class='ocrx_word' id='word_1_917' title='bbox 2971 5853 3152 5910; x_wconf 84' lang='lat' dir='ltr'><strong>orbem</strong></span> <span class='ocrx_word' id='word_1_918' title='bbox 3196 5860 3324 5906; x_wconf 94' lang='lat' dir='ltr'><strong>nutu</strong></span> <span class='ocrx_word' id='word_1_919' title='bbox 3383 5841 3727 5906; x_wconf 80' lang='lat' dir='ltr'><strong>concutiebst</strong></span> 
     </span>
    </p>
   </div>
  </div>
