4100 6196
433 396 537 463 ωδ

429 531 494 573 ac
522 515 804 572 formidine
828 521 1180 578 contractum,
1210 511 1501 582 quavisque
1535 522 1662 562 rana
1692 516 1784 562 aut
1828 508 2012 578 lepore

432 610 780 676 timidiorem,
811 616 866 663 et
892 605 1098 676 absque
1121 601 1346 659 vinculis
1373 601 1634 655 columnm
1661 598 1784 654 huic
1807 599 2012 654 haeren-

431 709 572 767 tem,
605 709 660 756 et
686 699 802 754 vice
837 706 1038 752 catena:
1085 692 1274 748 timore
1308 690 1525 746 aﬂixum
1574 698 2012 760 trementemquc,

433 791 690 862 reprimet
734 788 1088 857 arrogantiam
1113 823 1132 852 ,
1157 781 1351 837 fastum
1386 789 1564 844 exuet.
1589 790 1642 836 et
1669 780 2016 836 consideratis

427 897 550 952 quae
579 882 637 937 in
667 878 913 936 humanis
955 874 1166 931 casibus
1191 871 1577 929 consideranda
1605 879 1749 937 sunt,
1779 870 2017 925 discedet

433 989 491 1029 re
517 974 631 1043 ipsa
659 971 869 1036 doctus,
901 985 1021 1040 qua:
1046 967 1334 1037 Scriptura:
1360 981 1456 1021 nos
1481 966 1673 1021 docent
1699 980 1714 1018 :
1742 965 1899 1033 quale
1935 972 2018 1020 est

434 1063 562 1120 illud
589 1081 602 1116 :
640 1061 818 1116 Omnis
857 1076 976 1114 caro
1003 1063 1214 1131 frenum,
1244 1067 1290 1112 et
1315 1058 1478 1112 omnis
1517 1056 1680 1127 gloria
1721 1055 1936 1108 hominis
1961 1064 2016 1109 ut

434 1158 526 1224 (los
549 1154 670 1226 [cui
697 1164 719 1208 .°
746 1151 879 1204 aruit
899 1154 1112 1221 frenum,
1143 1158 1192 1202 et
1219 1150 1315 1218 [los
1353 1149 1461 1217 ejus
1494 1147 1676 1200 decidit
1704 1145 1902 1216 (Hesai.
1923 1144 2014 1200 40.

433 1248 485 1301 6.
511 1248 564 1315 7)
597 1263 610 1298 :
645 1245 772 1300 item
812 1242 943 1298 illud
976 1261 989 1296 :
1020 1243 1163 1298 Sicut
1191 1246 1378 1313 [mnum
1420 1240 1651 1294 velociter
1684 1248 1927 1305 arescent,
1970 1247 2018 1293 et

431 1339 558 1392 sicut
599 1337 737 1390 olera
784 1335 1052 1388 herbarum
1090 1333 1188 1387 cito
1235 1332 1462 1386 decident
1495 1328 1664 1402 (Psal.
1706 1330 1796 1384 36.
1840 1329 1932 1401 2);
1965 1339 2018 1384 et

434 1430 690 1495 Quoniam
712 1428 839 1481 sicut
877 1427 1048 1494 fumus
1086 1425 1194 1479 dies
1216 1425 1326 1495 ejus
1359 1432 1475 1476 sunt
1504 1421 1674 1492 (Psal.
1708 1421 1829 1476 101.
1857 1422 1937 1491 4),
1963 1430 2017 1475 et

435 1523 636 1592 reliqua
679 1520 893 1576 similia.
920 1519 1118 1574 Contra
1163 1533 1364 1588 pauper
1401 1517 1775 1587 introgressus,
1825 1524 1880 1569 et
1914 1514 2017 1568 hoc

431 1612 795 1683 spectaculum
841 1609 1291 1674 animadvertens,
1337 1622 1444 1662 non
1487 1607 1731 1676 displicet
1755 1605 1854 1660 sibi
1881 1604 2012 1673 ipse,

431 1718 606 1773 neque
653 1711 852 1758 sortem
905 1716 1054 1755 suam
1099 1699 1372 1769 deplorat;
1424 1698 1518 1754 sed
1563 1698 1759 1769 gratias
1801 1697 2017 1766 insuper

432 1796 730 1866 paupertati
761 1793 941 1857 habet,
973 1807 1091 1861 quae
1118 1790 1217 1845 sibi
1245 1797 1299 1845 et
1324 1789 1454 1861 asyli
1484 1790 1599 1844 vice
1627 1789 1697 1842 sit
1743 1787 2011 1853 tutissimi,

431 1896 486 1942 et
522 1895 709 1956 portus
753 1881 1194 1953 tranquillissimi,
1250 1888 1304 1935 et
1343 1881 1481 1934 arcis
1524 1879 1891 1932 munitissima:
1924 1885 2017 1931 :et

435 1980 517 2032 his
559 1977 710 2042 visis,
740 1979 783 2030 si
810 1976 966 2030 detur
1002 1975 1168 2042 Optio,
1202 1973 1384 2027 mallet
1423 1972 1670 2041 praesenti
1711 1969 2016 2025 conditione

432 2075 714 2123 cantemus
739 2079 877 2127 esse,
911 2079 1068 2134 quam
1096 2063 1335 2118 onmium
1367 2061 1708 2117 facultatibus
1747 2059 2017 2130 paulisper

432 2158 725 2228 occupatis,
759 2171 880 2210 mox
908 2157 958 2208 iu
983 2155 1181 2224 proprii
1203 2153 1474 2224 sanguinis
1492 2151 1788 2222 periculum
1810 2151 2012 2206 venire.

435 2247 596 2306 Vides
610 2265 712 2306 non
735 2263 952 2318 parvam
970 2248 1244 2301 utilitatem
1263 2244 1514 2300 divitibus
1532 2256 1585 2299 et
1603 2243 1942 2313 pauperibus,
1963 2251 2017 2298 et

433 2343 592 2399 celsis
609 2351 662 2397 et
682 2340 994 2405 humilibus,
1013 2339 1180 2393 servis
1198 2347 1250 2394 et
1267 2337 1528 2408 ingenuis,
1553 2351 1621 2392 ex
1643 2337 1742 2391 hoc
1765 2336 1913 2390 istius
1937 2350 2017 2390 re-

433 2433 578 2504 fugio
601 2441 809 2487 enatam
831 2431 989 2486 esse?
1008 2429 1154 2483 vides
1168 2435 1226 2482 ut
1243 2443 1362 2484 cum
1387 2427 1623 2482 remedio
1653 2427 1873 2496 quisque
1894 2425 2016 2480 hinc

435 2526 610 2590 abeat,
630 2523 786 2593 hujus
815 2522 892 2577 rei
917 2521 1222 2592 spectacqu
1239 2519 1456 2576 allectus
1482 2533 1674 2574 curans
1697 2519 1854 2573 suos?
1877 2517 2013 2572 Num

434 2618 593 2687 igitur
618 2614 818 2670 mollivi
851 2623 1056 2668 vestros
1085 2611 1312 2677 animos,
1343 2619 1435 2664 aut
1471 2609 1882 2680 indignationem
1913 2623 2010 2662 ex-

436 2707 580 2778 puli?
610 2722 736 2760 num
769 2704 1212 2760 inhumanitalem
1254 2700 1517 2756 exstinxi?
1548 2716 1673 2753 nunt
1697 2699 1762 2754 ad
1784 2699 2014 2754 commi-

433 2798 750 2853 serationem
779 2795 1012 2850 adduxi?
1038 2792 1298 2863 Equidem
1341 2791 1624 2846 adduxisse
1651 2805 1738 2845 me
1778 2789 1970 2857 Opinor
1998 2806 2013 2846 :

433 2891 592 2960 idque
615 2899 680 2943 ex
707 2887 938 2942 vultibus
959 2885 1150 2941 vestris
1169 2900 1232 2940 ac
1250 2883 1501 2955 lacrymis
1526 2882 1740 2953 colligo.
1761 2881 2012 2948 Quando-

434 2981 649 3052 quidem
676 2977 832 3050 igitur
858 2987 1002 3048 petra
1035 2975 1211 3031 cordis
1236 2975 1395 3030 vestri
1425 2975 1480 3028 in
1508 2973 1754 3044 pinguem
1784 2983 1836 3026 et
1864 2972 2014 3026 ferti-

434 3073 540 3128 lem
568 3085 750 3141 agrum
779 3083 932 3122 versa
959 3075 1059 3130 est,
1088 3080 1183 3136 age
1208 3065 1318 3135 jam
1350 3064 1574 3119 fructum
1614 3077 1824 3134 quoque
1855 3062 2015 3117 mise-

435 3163 676 3219 ricordia:
706 3159 1058 3232 proferentes,
1077 3159 1372 3227 uberesqtte
1395 3151 1872 3210 commiserationis
1900 3153 2016 3224 spi-

432 3271 525 3311 cas
553 3270 660 3325 prae
685 3253 840 3308 nobis
869 3250 1120 3317 ferentes,
1150 3247 1559 3319 procumbamus
1600 3248 1911 3317 Imperatori
1943 3246 2011 3301 ad

431 3364 604 3421 genua
633 3364 648 3403 :
678 3347 760 3402 vel
786 3347 961 3417 potius
984 3345 1334 3415 deprecemur
1360 3341 1796 3412 benignissimum
1824 3341 2011 3402 Deum,

433 3453 493 3499 ut
521 3441 724 3497 molliat
747 3441 880 3495 iram
926 3437 1284 3507 imperatoris,
1304 3443 1358 3490 et
1385 3451 1478 3490 cor
1503 3435 1577 3488 illi
1610 3444 1846 3489 tenerum
1885 3431 2014 3487 dare

433 3539 701 3607 dignetur,
731 3550 838 3605 quo
863 3534 1000 3588 hanc
1027 3532 1249 3603 gratiam
1282 3531 1542 3600 integram
1572 3528 1639 3582 ab
1669 3528 1784 3598 ipso
1804 3525 2012 3581 auferre

434 3632 716 3700 possimus.
745 3629 863 3684 Jam
886 3627 1028 3682 enim
1055 3643 1122 3681 ex
1148 3625 1237 3680 illo
1260 3625 1348 3679 die
1370 3638 1476 3694 quo
1501 3624 1604 3676 huc
1630 3619 1866 3690 confugit
1890 3619 2011 3682 istc,

432 3739 536 3777 non
575 3715 735 3791 parva
775 3731 856 3775 est
883 3718 1018 3773 facta
1049 3717 1270 3794 mutatio
1299 3734 1312 3770 :
1345 3723 1622 3785 postquam
1652 3712 1793 3767 enim
1819 3725 2014 3776 cogno—

431 3815 505 3868 vit
536 3814 829 3883 Imperator
857 3826 976 3866 eum
1005 3809 1069 3863 ad
1096 3808 1301 3880 asylum
1334 3807 1436 3862 hoc
1458 3821 1516 3860 se
1545 3804 1828 3874 recepisse,
1856 3802 2011 3856 θωυ-

431 3914 555 3961 ente
581 3905 816 3960 exercitu
847 3913 902 3958 et
926 3902 1192 3957 concitato
1217 3899 1286 3955 ob
1309 3901 1423 3970 ejus
1448 3897 1688 3962 crimina,
1720 3896 2013 3966 deposcen-

431 4009 587 4067 teque
613 3997 884 4050 hominem
911 3993 978 4049 ad
1007 3988 1346 4066 supplieidm,
1370 3992 1581 4062 longam
1611 3987 1795 4046 habuit
1817 3987 2011 4041 oratio-

430 4104 574 4152 nem,
607 4103 707 4154 qna
735 4087 1013 4140 militarem
1044 4085 1457 4155 indignationem
1487 4088 1880 4151 compesceret,
1908 4091 2009 4147 po-

428 4179 705 4232 stulansut
733 4192 836 4230 non
864 4176 1134 4245 culparum
1166 4175 1348 4239 modo,
1366 4174 1458 4229 sed
1486 4174 1646 4229 etiam
1673 4180 1814 4226 recte
1842 4173 2007 4224 facto-

429 4286 546 4323 rmn
578 4269 835 4322 rationem
868 4267 1124 4322 haberent
1154 4284 1167 4320 :
1200 4275 1259 4320 ut
1284 4265 1372 4336 qui
1405 4279 1499 4335 pro
1529 4263 1633 4317 illis
1659 4261 1879 4332 gratiam
1911 4259 2005 4312 ha-

428 4361 596 4423 beret,
629 4360 752 4414 etsi
782 4359 906 4428 quid
952 4373 1108 4413 secus
1147 4357 1448 4423 accidisset,
1496 4365 1763 4424 tamquam
1807 4351 2006 4406 homini

425 4450 806 4522 ignoscendum
851 4449 1092 4504 duceret.
1154 4447 1286 4503 Cum
1330 4458 1506 4502 autem
1566 4445 1640 4500 illi
1687 4443 1754 4498 de
1800 4444 2006 4512 integro

425 4550 680 4612 urgerent
707 4540 774 4596 ad
813 4541 1099 4596 vindictam
1131 4541 1242 4594 1ωεὶ
1267 4538 1641 4608 Imperatoris,
1675 4537 1964 4592 clamantes
1987 4575 2002 4600 ,

425 4636 750 4700 exsilientes,
772 4635 837 4690 ad
859 4645 1083 4690 mortem
1103 4621 1475 4705 deposcent‘cs,
1498 4631 1678 4686 hastas
1702 4629 2000 4683 vibrantes:

425 4737 536 4782 tum
551 4743 679 4783 vero
698 4727 873 4783 fontes
902 4727 1253 4799 lacrymarum
1285 4721 1712 4779 clementissimis
1738 4719 1846 4773 suis
1872 4733 2002 4770 ocu-

424 4818 491 4874 lis
517 4819 814 4888 ell'undens,
847 4831 902 4876 et
925 4829 1275 4876 sacrosanctze
1302 4832 1518 4880 mensae,
1549 4815 1614 4869 ad
1645 4828 1800 4882 quam
1821 4809 2002 4881 perfu-

1146 398 1206 455 S.
1243 396 1522 455 JOANNIS
1557 391 2026 452 CIIRYSOSTOMI
2064 391 2379 452 ARCﬂiEP.
2418 390 2950 450 CONSTANTINOP.

3603 394 3710 452 306

2118 519 2287 580 gerat,
2316 509 2624 579 religionem
2653 509 2756 564 illis
2803 507 3086 572 incutiens,
3129 523 3271 579 mgre
3314 508 3528 566 tandem
3572 511 3705 570 iram

2119 615 2302 654 eorum
2332 599 2553 655 sedavit.

2192 693 2246 748 5.
2278 691 2664 747 Admoveamus
2694 691 2851 762 igitur
2873 707 2970 746 nos
2995 705 3206 762 quoque
3231 708 3353 762 qua:
3377 708 3407 746 a
3433 695 3588 749 nobis
3610 696 3707 750 ad-

2122 781 2290 838 hiberi
2320 798 2413 853 par
2442 792 2541 838 est.
2579 783 2688 849 Qua
2720 782 2862 838 enim
2893 784 2991 852 ipsi
3017 784 3172 838 venia
3201 784 3348 854 digni
3376 788 3591 852 essetis,
3624 790 3706 855 si,

2123 873 2446 942 lmpcratore
2477 875 2742 943 propriam
2781 873 3027 942 injuriam
3054 874 3392 930 condonaute
3419 885 3472 932 et
3501 879 3670 932 oblito
3689 921 3701 944 ,

2120 979 2215 1018 vos
2247 964 2375 1018 nihil
2417 965 2518 1019 tale
2557 965 2700 1035 passi
2729 965 2782 1018 in
2829 966 2908 1020 ira
2933 965 3200 1021 obstinata
3241 967 3576 1036 pergeretis?
3614 978 3710 1025 aut

2121 1057 2390 1127 quomodo
2416 1057 2517 1112 hoc
2548 1058 2850 1129 spectaculo
2891 1058 3069 1112 soluto
3113 1071 3446 1114 sacramenta
3491 1071 3707 1116 contre-

2120 1150 2360 1213 ctabitis,
2392 1157 2447 1206 et
2477 1151 2832 1219 precationem
2860 1151 3003 1204 illam
3031 1149 3239 1215 dicetis,
3269 1165 3373 1221 qua
3397 1168 3586 1223 rogare
3613 1157 3704 1222 ju-

2120 1241 2310 1298 bemur
2340 1260 2355 1298 :
2393 1243 2595 1298 Dimitte
2633 1243 2774 1297 nobis
2798 1244 2928 1296 sicut
2968 1253 3014 1296 et
3040 1259 3131 1297 nos
3171 1244 3469 1298 dimittimus
3507 1246 3704 1298 debito-

2121 1333 2260 1387 ribus
2313 1335 2500 1387 nostris
2561 1334 2774 1400 (Matth.
2815 1333 2868 1388 6.
2916 1333 3041 1403 12),
3093 1334 3138 1388 si
3176 1349 3208 1388 a
3245 1334 3489 1390 debitore
3523 1347 3707 1391 vestro

2120 1438 2304 1493 poenas
2344 1425 2599 1494 exigatis?
2631 1423 2842 1494 injuriis
2879 1438 2976 1479 vos
3005 1424 3139 1479 forte
3183 1425 3391 1495 magnis
3433 1425 3611 1482 affecit
3644 1443 3706 1484 ac

2121 1517 2499 1571 contumeliis?
2541 1517 2619 1572 Ne
2665 1533 2763 1571 nos
2804 1517 3018 1587 quidem
3060 1517 3200 1571 istud
3243 1518 3449 1573 inficias
3489 1521 3702 1575 ibimus.

2120 1610 2223 1665 Sed
2256 1625 2361 1664 non
2395 1611 2670 1665 tribunalis
2698 1619 2780 1666 est
2816 1624 3052 1680 praesens
3093 1618 3336 1679 tempus,
3364 1612 3460 1667 sed
3492 1613 3704 1668 miseri-

2121 1702 2320 1756 cordia:
2358 1701 2534 1772 potius
2565 1720 2579 1758 :
2609 1718 2714 1756 non
2743 1702 3183 1772 repetundarum,
3213 1703 3309 1757 sed
3357 1703 3658 1760 clementiae
3689 1723 3703 1760 :

2121 1808 2226 1848 non
2263 1795 2544 1860 examinis,
2581 1793 2675 1848 sed
2713 1793 3120 1848 condonationis
3154 1809 3305 1853 :non
3332 1795 3706 1866 suffragiorum

2121 1901 2184 1941 ac
2211 1885 2536 1946 calculorum
2555 1926 2570 1947 ,
2601 1884 2695 1939 sed
2725 1885 3084 1939 miserationis
3123 1900 3187 1939 ac
3211 1886 3420 1955 gratim.
3445 1887 3523 1941 Ne
3550 1888 3709 1957 igitur

2120 1978 2240 2047 quis
2261 1986 2493 2031 vestrum
2523 1975 2864 2039 accendatur,
2890 1990 3026 2030 neve
3051 1991 3194 2044 aegre
3219 1974 3375 2042 ferat,
3409 1977 3502 2032 sed
3532 1978 3706 2046 potius

2120 2071 2459 2125 mitissimum
2487 2070 2654 2124 Deum
2695 2068 3080 2137 deprecemur,
3110 2079 3171 2122 ut
3195 2083 3291 2123 reo
3329 2069 3491 2123 vitam
3517 2085 3704 2138 proro-

2120 2169 2229 2232 get,
2261 2176 2491 2230 eumque
2518 2175 2584 2214 ex
2615 2159 2952 2228 impendente
2979 2157 3124 2213 cmde
3156 2159 3364 2229 eripiat,
3392 2168 3449 2212 ut
3478 2159 3590 2226 ipse
3613 2174 3701 2212 ere

2121 2263 2234 2307 rata
2277 2267 2369 2306 sua
2401 2251 2633 2322 corrigat
2663 2268 2677 2303 :
2707 2259 2762 2304 et
2799 2249 3068 2304 communi
3098 2264 3258 2318 opera
3303 2249 3699 2318 interpellemus

2121 2343 2602 2400 clementissimum
2635 2343 3011 2412 Imperatorem
3047 2357 3140 2410 pro
3167 2341 3403 2395 Ecclesia
3426 2350 3480 2395 ct
3508 2341 3660 2394 altari
3683 2381 3697 2402 ,

2123 2451 2286 2492 unum
2336 2434 2606 2490 hominem
2653 2443 3007 2488 sacrosanctae
3055 2447 3255 2488 mens:e
3299 2433 3488 2486 donari
3545 2433 3704 2488 obse‘

2122 2535 2354 2582 orantes.
2380 2523 2531 2592 Quod
2562 2524 2606 2578 si
2636 2523 2940 2587 fecerimus,
2969 2532 3024 2578 et
3056 2522 3367 2592 Imperatori
3396 2531 3602 2592 gratum
3631 2521 3706 2576 fa-

2121 2619 2346 2683 ciemus,
2377 2626 2431 2672 et
2477 2616 2623 2672 Deus
2650 2614 2796 2685 prius
2820 2628 2976 2685 quam
3028 2614 3325 2685 Imperator
3366 2614 3563 2669 factum
3607 2630 3706 2670 no-

2120 2721 2288 2766 strum
2317 2707 2652 2778 approbabit,
2687 2721 3036 2776 magnamque
3067 2707 3222 2761 nobis
3261 2705 3418 2776 hujus
3458 2706 3706 2760 humani-

2123 2803 2245 2856 tatis
2288 2798 2591 2856 mercedem
2633 2799 2909 2854 retribuet.
2953 2798 3102 2853 Sicut
3145 2799 3288 2853 enim
3339 2800 3608 2854 crudelem
3651 2809 3705 2854 et

2122 2893 2468 2947 inhumanum
2503 2899 2780 2946 aversatur
2808 2897 2858 2944 et
2899 2889 3012 2944 odit
3043 2907 3058 2943 :
3092 2891 3164 2944 ita
3209 2890 3610 2944 misericordem
3651 2899 3705 2944 et

2123 2983 2412 3038 humanum
2453 2983 2790 3052 amplectitur
2830 2990 2886 3037 et
2929 2990 3116 3036 amat:
3161 2982 3340 3052 eique,
3380 2984 3495 3037 sive
3528 2983 3704 3051 justus

2121 3077 2211 3140 sit,
2258 3073 2647 3145 Splendidiores
2702 3073 2885 3143 plectit
2931 3087 3198 3134 coronas;
3251 3074 3366 3128 sive
3419 3082 3701 3143 peccator,

2124 3177 2338 3237 peccata
2380 3166 2497 3236 ejus
2539 3164 2858 3230 dissimulat,
2901 3164 3382 3219 commiserationis
3418 3179 3541 3234 erga
3570 3180 3703 3218 cona

2120 3273 2334 3314 servum
2365 3258 2614 3311 talionem
2646 3257 2719 3310 illi
2747 3256 3049 3310 retribuens
3075 3272 3092 3311 :
3123 3255 3530 3309 Misericordia»:
3559 3258 3698 3321 volo,

2122 3351 2314 3422 inquit,
2365 3360 2411 3404 et
2449 3367 2550 3404 non
2593 3349 2901 3418 sacriﬁcium
2946 3348 3099 3420 (Osee
3150 3349 3203 3404 6.
3248 3349 3426 3416 6);et
3453 3363 3551 3419 per
3580 3349 3696 3401 uni-

2121 3458 2332 3498 versam
2361 3442 2691 3512 Scripturam
2717 3440 2865 3496 vides
2893 3455 3013 3494 eum
3035 3455 3248 3510 semper
3274 3440 3376 3495 hoc
3405 3441 3700 3510 requirere,

2120 3544 2278 3606 atque
2297 3535 2434 3590 hanc
2451 3549 2569 3590 esse
2589 3535 2768 3589 dicere
2791 3542 3130 3602 peccatorum
3158 3531 3443 3587 medelam.
3471 3531 3700 3586 Proinde

2122 3643 2220 3682 nos
2261 3642 2472 3698 quoque
2509 3626 2576 3681 ad
2619 3626 2760 3680 hunc
2807 3626 3021 3680 modum
3059 3626 3208 3680 illum
3249 3626 3537 3695 propitium
3577 3625 3701 3679 red-

2119 3719 2330 3785 demus,
2360 3719 2437 3772 sic
2465 3726 2678 3789 peccata
2700 3726 2885 3772 nostra
2916 3717 3262 3781 redimemus,
3296 3718 3374 3774 sic
3403 3717 3696 3771 Ecclesiam

2121 3811 2468 3875 ornabimus,
2518 3811 2596 3864 sic
2649 3819 2702 3865 et
2751 3810 3048 3879 Imperator
3105 3809 3588 3872 clementissimus,
3643 3817 3700 3862 nt

2119 3904 2252 3967 dixi,
2284 3919 2382 3957 nos
2425 3902 2696 3957 laudabit:
2726 3903 2795 3955 ita
2826 3901 2915 3955 fiet
2944 3910 3000 3954 ut
3042 3901 3322 3955 universus
3351 3901 3575 3970 populus
3603 3917 3700 3953 no-

2119 3995 2201 4049 bis
2227 3994 2534 4064 applaudat,
2565 4004 2618 4048 et
2665 4008 2834 4062 usque
2859 3992 2923 4046 ad
2973 3991 3105 4046 ﬁnes
3139 3993 3283 4046 orbis
3328 4002 3483 4046 terra:
3515 3992 3698 4045 huma-

2119 4090 2299 4144 nitatis
2328 4099 2382 4146 et
2412 4089 2710 4143 clementia:
2741 4096 2935 4141 nostrae
2967 4086 3101 4139 fama
3141 4086 3475 4152 celebretur,
3504 4096 3559 4139 et
3597 4085 3697 4138 hoc

2117 4194 2392 4253 Comperto
2415 4182 2606 4250 ubique
2633 4191 2891 4235 terrarum
2915 4179 3071 4235 laude
3098 4178 3411 4233 afﬁciamur.
3447 4179 3515 4234 Ut
3543 4179 3695 4248 igitur

2118 4277 2310 4331 talibus
2339 4276 2494 4330 bonis
2521 4273 2619 4328 frui
2656 4274 2960 4342 contingat,
2997 4273 3333 4343 procidantus
3377 4273 3442 4327 ad
3481 4287 3649 4342 genua
3678 4313 3692 4335 ,

2116 4369 2483 4431 obtestemur,
2555 4364 2906 4434 deprecemur
2970 4381 2983 4416 :
3034 4366 3324 4434 eripiamus
3368 4379 3399 4418 e
3445 4364 3695 4433 periculis

2116 4459 2404 4529 captivum,
2455 4455 2755 4526 profugum,
2809 4455 3126 4527 supplicem,
3165 4465 3222 4509 ut
3265 4465 3319 4511 ct
3363 4456 3459 4525 ipsi
3517 4454 3691 4508 futura

2114 4553 2250 4606 bona
2301 4565 2726 4620 consequamur,
2785 4552 2951 4619 gratia
3007 4559 3061 4603 et
3109 4549 3435 4620 benignitate
3484 4550 3690 4603 Domini

2116 4643 2284 4699 nostri
2309 4641 2438 4698 Iesu
2482 4641 2700 4703 Christi,
2743 4641 2826 4695 cui
2866 4641 3030 4708 gloria
3072 4652 3125 4694 et
3152 4641 3434 4710 imperium
3479 4657 3616 4695 nunc
3639 4650 3693 4696 et

2117 4752 2326 4805 semper
2355 4748 2408 4792 et
2439 4736 2489 4790 in
2517 4734 2706 4788 srecula
2734 4733 3071 4788 saeculorum.
3103 4736 3293 4788 Amen.

420 4929 3692 4964 ΜΝ

1841 5027 2305 5118 HOMILIA

424 5210 553 5256 CUI!
581 5210 788 5253 ΕΧἸἬΔ
821 5207 1162 5253 ECCLESIAM
1194 5206 1638 5252 DEPBEHENSUS
1685 5199 2031 5248 EUTBOPIUS
2062 5155 2382 5243 ASBEPTUS
2409 5195 2581 5241 FUIT.
2616 5197 2697 5239 DE
2726 5196 3033 5243 PARADISO
3061 5195 3174 5239 SEU
3212 5193 3448 5249 HORTO,
3488 5195 3568 5237 ET
3614 5196 3690 5237 ΡΒ

561 5308 970 5364 scnrrrunts;
1015 5308 1224 5360 noua
1267 5309 1332 5350 IN
1376 5307 1588 5362 ILLUD,
1633 5303 1929 5349 ADSTITIT
1970 5297 2204 5341 πεπυ
2248 5297 2286 5338 Δ
2329 5297 2602 5340 naxrats
2646 5298 2790 5342 τοις
2838 5280 3062 5360 (Psal.
3109 5279 3210 5339 Ut.
3245 5282 3363 5362 10)
3412 5279 3525 5364 (a).

1809 5450 2005 5462 _-——-—

493 5571 544 5627 i.
584 5570 832 5626 Lectionis
878 5571 1262 5641 Scripturantm
1297 5570 1518 5624 utilitas.
1549 5599 1620 5609 —
1653 5569 1828 5623 Suave
1877 5580 1999 5636 pra-

422 5671 557 5727 tunt,
593 5665 771 5718 suavis
815 5674 897 5718 est
927 5663 1136 5726 hortus,
1163 5670 1219 5715 at
1256 5661 1411 5731 longe
1440 5661 1653 5716 suavior
1700 5663 1996 5717 divinarum

481 5778 553 5838 (a)
585 5777 758 5828 Collum
783 5790 890 5826 cum
913 5783 1021 5825 Mss.
1047 5779 1164 5837 Reg.
1214 5775 1350 5834 1935.
1376 5772 1510 5836 1965,
1541 5775 1676 5836 1963,
1698 5775 1839 5825 εδιδ.
1868 5779 1992 5827 Titu-

429 5846 531 5895 lum
557 5847 726 5896 damus
753 5855 780 5889 ε
808 5839 958 5890 Savil.
987 5847 1041 5889 et
1066 5841 1178 5893 Mss.

2087 5537 2502 5625 “Scripturarum
2527 5555 2702 5611 lectio.
2735 5555 2842 5610 Illic
2862 5557 3056 5627 quippe
3085 5570 3479 5615 marcescentes
3505 5562 3689 5625 ﬂoros,

2111 5649 2197 5706 hic
2224 5649 2503 5703 sententize
2529 5647 2717 5703 vividae
2755 5648 2907 5714 :jllic
2936 5651 3199 5722 zephyros
3226 5654 3417 5722 spirat,
3449 5655 3533 5710 hic
3559 5672 3686 5710 auri

2106 5743 2378 5814 Spiritus:
2423 5741 2533 5796 illic
2579 5740 2746 5810 spina:
2797 5743 3040 5810 scpiunt,
3093 5745 3176 5799 hic
3208 5748 3543 5816 providentia
3597 5751 3686 5803 Dei

2101 5846 2299 5891 tutatur
2331 5851 2345 5889 :
2380 5833 2484 5888 illic
2515 5833 2710 5888 cicadae
2748 5836 3034 5902 cantitant,
3069 5837 3150 5892 hic
3187 5839 3465 5908 propheta:
3495 5842 3687 5896 modu-
