4100 6196
465 435 571 492 397

465 567 580 605 νοια
629 549 764 604 Θεοῦ
814 550 849 622 ἡ
897 549 1337 620 ἀσφαλιςομένη·
1367 548 1484 601 ἐκεῖ
1507 546 1749 613 τέττιγες
1796 542 2031 615 ᾅδοντες,

466 635 703 690 ἐνταῦθα
748 635 805 689 δέ
852 635 1131 707 προφῆται
1159 632 1508 695 κελαδοῦντες
1526 648 1540 662 ·
1571 634 1688 685 ἐκεῖ
1714 631 1903 701 τέρψις
1931 628 2039 682 ἀπὸ

464 721 569 792 τῆς
588 722 793 792 δψεως,
811 721 1045 789 ἐνταῦθα
1066 720 1121 772 δέ
1148 720 1384 789 ὠφέλεια
1404 719 1513 773 ἀπὸ
1538 718 1637 788 τῆς
1656 715 2035 780 ἀναγνώσεως.

480 808 539 861 Ὀ
572 808 897 879 παράδεισος
930 807 987 859 ἐν
1016 806 1097 859 ἐνὶ
1120 806 1322 876 χωρίῳ,
1352 807 1417 857 -αί
1442 804 1500 857 δέ
1524 803 1737 876 Γραφαὶ
1763 799 2037 869 πανταχοῦ

468 894 567 962 τῆς
595 894 916 963 οἰκουμένης
935 909 947 923 ’
974 893 1003 945 6
1029 893 1352 963 παράδεισος
1374 890 1611 945 δουλεύει
1645 888 1852 958 καιρῶν
1872 887 2039 955 ἀνάγ-

469 999 618 1047 καις,
648 983 703 1035 αί
730 981 787 1034 δέ
830 982 1044 1050 Γραφαὶ
1079 981 1174 1034 καὶ
1205 984 1262 1034 ἐν
1287 980 1514 1051 χειμῶνι
1542 980 1637 1032 καὶ
1673 979 1731 1030 ὲν
1772 976 1919 1048 θέρει
1946 992 2037 1028 κο-

475 1067 617 1139 μῶσι
644 1070 757 1129 τοῖς
800 1066 1038 1136 φύλλοις,
1070 1067 1312 1137 βρίθουσι
1336 1069 1447 1129 τοῖς
1468 1067 1718 1136 καρποῖς.
1753 1061 2037 1133 Προσέχω-

473 1168 573 1224 μεν
608 1152 789 1206 τοίνυν
827 1155 892 1223 τῇ
936 1152 1043 1206 τῶν
1072 1152 1303 1222 Γραφῶν
1342 1151 1641 1220 ἀναγνώσει
1663 1168 1675 1184 ·
1701 1150 1796 1204 ἐάν
1825 1147 1934 1218 γὰρ
1966 1150 2034 1218 τῇ

469 1240 658 1312 Γραφῇ
683 1240 974 1312 προσέχῃς,
1007 1239 1256 1293 ἐκϐάλλει
1279 1257 1371 1292 σου
1400 1238 1498 1308 τὴν
1527 1236 1783 1307 ἀθυμίαν,
1815 1234 2034 1304 φυτεύει

472 1344 566 1381 σου
593 1327 692 1399 τὴν
734 1327 945 1398 ἡδονὴν,
983 1328 1194 1398 ἀναιρεῖ
1222 1327 1321 1398 τὴν
1353 1325 1570 1387 κακίαν,
1607 1323 1747 1395 ῥιζοῖ
1776 1323 1875 1392 τὴν
1901 1322 2033 1392 ἀρεο

469 1414 588 1485 τὴν,
622 1414 723 1468 ούκ
747 1413 970 1484 ἀφίησιν
993 1416 1050 1467 ἐν
1084 1412 1295 1485 θορύϐῳ
1319 1412 1657 1485 πραγμάτων
1679 1409 1746 1463 τά
1765 1408 1874 1461 τῶν
1902 1408 2033 1460 κλυ-

468 1499 836 1570 δωνιζομένων
868 1499 1115 1570 πάσχειν.
1158 1501 1223 1553 Ἦ
1262 1499 1507 1553 θάλασσα
1553 1497 1823 1568 μαίνεται,
1874 1495 1938 1547 σὺ
1974 1493 2032 1547 δὲ

472 1585 611 1655 μετά
640 1586 883 1657 γαλήνης
929 1586 1148 1648 πλέεις·
1195 1585 1339 1656 ἔχεις
1386 1585 1497 1655 γάρ
1541 1583 1877 1654 κυϐερνήτην
1925 1581 2034 1633 τῶν

471 1672 700 1743 Γραφῶν
730 1675 827 1742 τὴν
879 1673 1209 1740 ἀνάγνωσιν·
1256 1673 1413 1726 τοῦτο
1459 1670 1569 1742 γάρ
1609 1670 1671 1724 τὸ
1714 1668 1942 1740 σχοινίον
1971 1669 2032 1721 οὐ

469 1758 823 1830 δωρῤἡγνυσι
852 1758 958 1811 τῶν
996 1759 1334 1829 πραγμάτων
1370 1759 1401 1810 ό
1440 1757 1762 1828 πειρασμὸς.
1798 1756 1907 1808 Καὶ
1950 1755 2033 1807 ὃτι

470 1848 530 1900 οὐ
562 1847 846 1918 ψεύδομαι,
872 1851 1140 1919 μαρτυρεῖ
1162 1848 1230 1900 τὰ
1257 1847 1556 1919 πράγματα
1578 1847 1734 1899 αὐτά.
1761 1843 2036 1914 Ἐπολιορ-

470 1932 610 2003 κὴθη
635 1934 669 2002 ἡ
743 1932 1008 2003 ἐκκλησία
1035 1933 1141 2004 πρὸ
1177 1933 1372 2002 ὀλίγων
1411 1934 1661 2004 ἡμερῶν·
1699 1927 1829 2001 ἦλθε
1871 1946 2037 2000 στρα-

469 2016 710 2079 τόπεδον,
740 2018 834 2069 καὶ
867 2017 977 2087 πῦρ
1005 2018 1115 2072 ἀπὸ
1158 2019 1266 2071 τῶν
1295 2017 1591 2088 ὀφθαλμῶν
1622 2018 1794 2086 ἡφίει,
1816 2016 1911 2069 καὶ
1937 2016 2035 2087 τὴν

470 2102 651 2156 ἐλαίαν
676 2103 793 2156 σῦκ’
826 2103 1098 2174 ἐμάρανε·
1134 2102 1260 2175 ξίφη
1315 2104 1709 2173 γεγύμνωντο,
1736 2103 1831 2155 καὶ
1878 2101 2037 2172 τραύ-

470 2206 618 2262 ματα
643 2190 815 2252 οὐδεὶς
843 2191 1087 2257 ἐδέξατο·
1121 2194 1177 2244 αἱ
1224 2193 1496 2261 βασιλικαὶ
1529 2190 1692 2244 πύλαι
1719 2190 1778 2242 ἐν
1805 2180 2031 2261 ἀγωνίᾳ,

470 2277 565 2329 καὶ
588 2278 621 2345 ἡ
688 2277 948 2346 ἐκκλησία
991 2278 1048 2329 ἐν
1087 2278 1381 2348 ἀσφαλείᾳ·
1415 2277 1586 2331 καίτοι
1625 2294 1688 2345 γε
1729 2280 1758 2330 6
1804 2277 2035 2347 πόλεμος

470 2361 701 2416 ἐνταῦθα
721 2362 1000 2434 ἐῤῥευσεν.
1042 2364 1300 2417 Ἐνταῦθα
1322 2364 1429 2436 γὰρ
1456 2364 1697 2434 ἐζητεῖτο
1733 2364 1762 2415 ό
1792 2380 2034 2432 καταφυ-

471 2449 605 2518 γὼν,
624 2450 718 2503 καὶ
740 2450 1123 2522 παριστάμεθα
1148 2451 1229 2522 μὴ
1256 2452 1550 2513 δεδοικότες
1567 2451 1658 2504 τὸν
1695 2451 1915 2504 ἐκείνων
1944 2451 2038 2504 θυ-

476 2536 595 2607 μόν.
629 2536 694 2589 Τί
726 2536 953 2608 δήποτες
997 2540 1229 2610 Εὲχομεν
1279 2540 1530 2609 ἐνέχυρον
1559 2537 1797 2606 ἀσφαλὲς
1837 2538 1920 2602 τὸ,
1952 2540 2036 2593 Σὺ

470 2619 529 2677 εἷ
551 2624 794 2692 Πέτρος,
822 2625 923 2679 καί
965 2626 1064 2680 ἐπὶ
1106 2628 1289 2696 ταύτῃ
1330 2625 1404 2695 τῇ
1440 2627 1624 2694 πέτρᾳ
1667 2625 2039 2695 οἰκοδομήσω

467 2727 586 2781 μου
609 2709 724 2779 τὴν
749 2712 1135 2781 Ἐκκλησίαν·
1164 2713 1264 2767 καὶ
1291 2715 1475 2768 πύλαι
1500 2713 1648 2781 ᾅδου
1671 2716 1743 2768 οὐ
1763 2715 2041 2782 κατισχύ-

470 2811 699 2851 σουσιν
718 2796 926 2865 αὐτῆς.
967 2799 1297 2870 Ἐκκλησίαν
1311 2799 1367 2853 δέ
1388 2800 1549 2869 λέγω,
1572 2800 1633 2853 ού
1666 2800 1830 2854 τόπον
1855 2801 2034 2871 μόνον,

472 2881 609 2936 ἀλλά
629 2884 725 2936 καὶ
752 2883 978 2955 τρόπον·
1013 2886 1073 2938 οὐ
1099 2886 1307 2957 τοίχους
1332 2887 1647 2957 ἐκκλησίας,
1680 2887 1814 2940 ἀλλά
1840 2887 2039 2959 νόμους

486 2967 833 3039 Ἑκκλησίας.
862 2971 1027 3025 Ὅταν
1042 2973 1387 3044 καταφεύγῃς
1411 2976 1468 3029 ἐν
1492 2975 1776 3046 ἐκκλησία,
1796 2974 1871 3046 μὴ
1890 2975 2042 3046 τόπῳ

476 3055 820 3130 καταφύγῃς,
854 3056 988 3111 ἀλλὰ
1023 3059 1236 3131 γνώμῃ.
1273 3060 1568 3131 Ἐκκλησία
1603 3061 1714 3133 γάρ
1756 3062 1819 3115 οὑ
1850 3064 2030 3133 τοῖχος

478 3143 573 3196 καὶ
602 3143 817 3215 ὄροφος,
854 3144 987 3199 ἀλλά
1010 3146 1189 3210 πίστις
1210 3148 1304 3200 καὶ
1326 3147 1458 3217 βίος.

546 3229 640 3301 Μὴ
686 3229 835 3299 λέγε,
864 3232 946 3286 δτι
991 3233 1252 3306 προεδόθη
1297 3235 1407 3289 ἀπὸ
1442 3234 1766 3306 Ἐκκλησίας
1791 3236 1820 3289 6
1843 3235 2039 3306 προδο⁴

478 3316 590 3379 θείς
608 3332 622 3346 ·
649 3317 699 3369 εί
728 3317 802 3389 μὴ
822 3317 1000 3390 ἀφῆκε
1032 3321 1131 3390 τὴν
1160 3320 1474 3393 ἐκκλησίαν,
1493 3322 1593 3375 οὐκ
1622 3322 1689 3376 ἂν
1712 3322 2038 3393 προεδίδοτο.

478 3402 570 3474 Μὴ
598 3403 744 3473 λέγε.
778 3406 859 3459 δτι
887 3407 980 3460 καὶ
1009 3408 1280 3477 κατέφυγε
1308 3410 1400 3463 καὶ
1426 3409 1686 3482 προεδόθη
1706 3424 1720 3438 ·
1737 3412 1834 3480 οὐχ
1854 3414 1888 3480 ἡ
1917 3411 2042 3465 Ἐκ-

480 3492 687 3568 κλησίαλ
703 3492 863 3546 αὑτὸν
891 3494 1120 3564 ἀφῆκεν,
1146 3495 1259 3549 ἀλλ’
1284 3495 1446 3561 αὐτὸς
1463 3498 1559 3567 τὴν
1582 3497 1873 3568 ἐκκλησίαν
1899 3498 2042 3567 ἀφῆ-

480 3596 596 3634 κεν.
626 3580 738 3634 Οὐκ
768 3579 975 3634 ἔνδοθεν
998 3582 1288 3653 παρεδόθη,
1312 3583 1425 3637 ἀλλ’
1456 3583 1672 3649 ἔξωθεν.
1694 3585 1794 3637 Διά
1815 3583 1867 3637 τί
1893 3585 2042 3638 κατέ-

478 3666 645 3721 λιπε·
667 3666 764 3739 τὴν
794 3668 1114 3739 ἐκκλησίαν;
1158 3669 1407 3724 Ἐϐούλου
1460 3670 1756 3736 σώζεσθαις
1794 3671 2041 3741 Ὠφειλες

480 3756 731 3826 κατέχειν
756 3756 819 3810 τὸ
1026 3757 1428 3830 θυσιαστήριον.
1461 3761 1577 3813 Οὐκ
1620 3755 1761 3832 ἦσαν
1810 3760 2044 3815 ἐνταῦθα

478 3846 667 3914 τοῖχοι,
692 3843 832 3911 ,ἀλλά
868 3845 1005 3899 Θεοῦ
1044 3847 1268 3919 πρόνοια
1306 3849 1339 3917 ἡ
1374 3846 1796 3920 ἀσφαλιζομένη.
1839 3849 2045 3922 Ἄμαρ-

477 3930 646 3995 τωλὸς
672 3927 774 4004 ἧςς
810 3934 925 3988 Οὐκ
967 3934 1358 4006 ἀποπέμπεται
1401 3951 1462 3989 σε
1505 3937 1536 3989 ό
1582 3935 1748 4000 Θεός·
1779 3937 1880 3991 οὐκ
1912 3933 2044 4008 ἦλθε
2088 3962 2113 3985 ο

476 4019 589 4090 γὰρ
636 4020 864 4075 καλέσαι
905 4021 1168 4088 δικαίους,
1195 4021 1331 4076 ἀλλά
1367 4024 1723 4093 ἁμαρτωλοὺς
1770 4026 1849 4089 είς
1879 4026 2045 4096 μετά-

477 4124 645 4160 νοιαν.
682 4107 862 4179 Πόρνη
890 4106 1090 4179 ἐσώθη,
1121 4110 1308 4182 ἐπειδὴ
1328 4112 1494 4175 πόδας
1534 4112 1812 4182 κατέσχεν.
1856 4115 2046 4168 Ἠκού-

479 4212 609 4250 σατε
632 4196 726 4250 τοῦ
757 4197 992 4267 σήμερον
1014 4197 1424 4268 ἀνεγνωσμένου
1443 4217 1458 4265 ;
1480 4199 1662 4257 Ταῦτα
1684 4201 1742 4255 δέ
1771 4200 1932 4270 λέγω,
1957 4203 2047 4258 ἴνα

480 4281 749 4354 μηδέποτε
807 4286 887 4347 είς
940 4283 1266 4355 Ἐκκλησίαν
1310 4286 1667 4355 καταφεύγων
1708 4289 2043 4360 ἀμφιϐάλῃς,

479 4366 625 4422 Μένε
641 4368 721 4429 είς
749 4368 1096 4440 Ἐκκλησίαν,
1116 4371 1208 4424 καὶ
1235 4370 1296 4423 ού
1327 4372 1632 4442 προδίδοσαι
1656 4374 1764 4427 ἀπὺ
1791 4375 1890 4445 τῆς
1922 4376 2046 4429 Ἑκ-

480 4453 726 4525 κλησῖας.
760 4455 885 4510 Ἐάν
902 4457 958 4510 δὲ
988 4455 1165 4528 φύγῃς
1191 4457 1298 4510 ἀπὸ
1340 4458 1683 4529 Ἐκκλησίας,
1715 4461 1815 4514 οὐκ
1838 4462 1985 4516 αἰτία
2008 4465 2041 4534 ἡ

491 4539 806 4614 Ἐκκλησία.
856 4544 983 4597 Ἐάν
1006 4545 1102 4617 μὲν
1122 4544 1230 4615 γάρ
1253 4540 1319 4617 ᾖς
1355 4545 1481 4610 ἔσω,
1505 4547 1535 4598 6
1556 4547 1714 4612 λύκος
1735 4549 1836 4601 οὐκ
1868 4550 2045 4621 εἰσέρ-

478 4649 660 4706 χεται·
691 4634 786 4687 ἐάν
808 4633 865 4686 δὲ
912 4631 1134 4705 ἐξέλθῃς
1171 4632 1296 4699 ἔξω,
1344 4632 1675 4704 θηριάλωτος
1728 4636 1888 4709 γίνῃ·
1932 4636 2045 4690 ἀλλ’

477 4722 540 4775 οὐ
572 4720 722 4792 παρά
738 4721 837 4792 τὴν
865 4720 1103 4792 μάνδραν
1128 4720 1303 4783 τοῦτο,
1348 4721 1483 4776 ἀλλά
1515 4722 1666 4793 παρὰ
1693 4722 1790 4794 τὴν
1828 4724 1926 4793 σὴν
1957 4743 2047 4795 μι-

480 4808 795 4880 κροψυχίαν.
841 4809 1164 4880 Ἐκκλησίας
1188 4810 1340 4865 οὐδὲν
1379 4810 1513 4863 ἴσον.
1549 4812 1639 4882 Μή
1671 4828 1761 4881 μοι
1784 4810 1909 4871 λέγε
1933 4812 2047 4866 τεί-

480 4910 551 4963 χη
586 4894 681 4946 καὶ
712 4894 878 4946 ὅπλα·
905 4894 1056 4964 τείχη
1095 4895 1193 4964 μὲν
1228 4896 1337 4966 γάρ
1361 4894 1439 4966 τῷ
1465 4894 1641 4966 χρόνῳ
1677 4893 2046 4960 παλαιοῦνται,

482 4977 517 5045 ἡ
558 4974 853 5044 Ἐκκλησία
872 4975 929 5028 δὲ
958 4977 1212 5030 οὐδέποτε
1238 4979 1403 5049 γηρᾷ.
1430 4978 1597 5048 Τείχη
1642 4976 1905 5049 βάρϐαροι
1952 4996 2051 5031 κα-

482 5056 793 5121 ταλύουσιν,
834 5057 1159 5128 Ἐκκλησίας
1192 5061 1249 5114 δέ
1288 5061 1407 5115 οὐδὲ
1453 5060 1706 5132 δαίμονες
1738 5060 2048 5131 περιγίνον-

480 5160 592 5197 ται.
623 5142 734 5195 Καὶ
785 5142 868 5194 ὃτι
912 5142 975 5193 ού
1029 5142 1236 5212 κόμπος
1290 5144 1358 5199 τὰ
1416 5147 1657 5215 ῥήματα,
1690 5145 2051 5215 μαρτυρεῖτά

483 5227 802 5296 πράγματα,
855 5225 1020 5278 Πόσοι
1053 5226 1398 5297 ἐπολέμησαν
1440 5229 1540 5298 τὴν
1579 5228 1925 5298 Ἐκκλησίαν,
1954 5229 2050 5281 καὶ

481 5310 530 5361 οἱ
562 5308 965 5378 πολεμήσαντες
997 5307 1303 5373 ἀπώλοντο;
1334 5310 1470 5381 αῦτη
1503 5311 1561 5363 δέ
1592 5312 1732 5381 ὑπὲρ
1751 5311 1857 5361 τῶν
1886 5311 2050 5379 οὐρα-

481 5390 589 5445 νῶν
608 5391 934 5462 ἀναϐέϐηκε.
973 5391 1222 5445 Τοιοῦτον
1244 5392 1355 5461 ἔχει
1391 5392 1617 5462 μέγεθος
1646 5395 1679 5463 ἡ
1721 5391 2011 5459 Ἐκκλησία
2032 5408 2048 5422 ·

336 5516 341 5523 .
422 5548 429 5555 Ι
484 5475 863 5544 πολεμουμένῃ
880 5477 1025 5547 νικᾷ·
1044 5475 1498 5546 ἐπιϐουλευομένη
1522 5477 1859 5547 περιγίνεται
1875 5493 1887 5504 ·
1906 5475 2050 5545 ὑϐρι-

479 5555 703 5629 ζομένη,
734 5557 1087 5630 λαμπροτέρα
1131 5557 1477 5613 καθίσταται·
1504 5558 1715 5627 δέχεται
1739 5558 2049 5627 τραύματα,

485 5641 580 5695 καὶ
604 5641 666 5695 ού
692 5642 1017 5696 καταπίπτει
1044 5641 1144 5697 ὑπὸ
1160 5640 1267 5693 τῶν
1284 5640 1456 5693 ἐλκῶν
1477 5659 1490 5671 ·
1517 5641 1917 5705 κλυδωνίζεται,
1938 5642 2051 5695 ἀλλ’

550 5770 579 5800 ⁸
577 5770 702 5883 “Alii
730 5782 839 5819 cum
862 5769 996 5819 Savil
1052 5769 1172 5818 διότι
1191 5769 1429 5819 κατέλιπε·
1455 5767 1539 5819 alii
1560 5782 1669 5818 cum
1694 5767 1866 5818 ﬂore].
1892 5768 1970 5816 διὰ
2006 5768 2052 5817 τί

552 5848 573 5879 ι
630 5847 724 5881 ια.

486 5847 724 5881 κατέλιπε.

1182 430 1243 488 S.
1277 429 1563 487 JOANNIS
1593 422 2079 486 CHRYSOSTOMI
2119 422 2437 481 ARCHIEP.
2477 428 3032 491 CONSTANTIROP.

3619 429 3732 486 398

2141 539 2204 592 οὐ
2232 541 2677 605 καταποντίζεται
2698 561 2711 573 ·
2770 544 3114 613 χειμάζεται,
3147 538 3286 594 άλλά
3337 537 3598 608 ναυάγιον
3629 543 3729 612 οὐχ

2139 623 2401 694 ὑπομένει
2418 639 2436 656 ·
2481 626 2717 689 παλαίει,
2748 626 2862 679 ἀλλ’
2885 629 2986 696 οὐχ
3006 628 3274 697 ἡττᾶται·
3300 622 3583 689 πυκτεύει,
3606 625 3726 679 ἀλλ’

2135 706 2196 758 οὐ
2217 708 2453 763 νικᾶται.
2487 708 2585 762 Διά
2614 710 2667 762 τί
2698 706 2794 764 οὖν
2816 711 3166 780 συνεχώρησε
3195 708 3289 761 τὸν
3310 708 3581 779 πόλεμον;
3608 710 3727 763 Ἵνα

2134 787 2328 862 δείξῃδ
2370 790 2747 864 λαμπρότερον
2783 794 2843 846 τὺ
2876 795 3162 865 τρόπαιον.
3199 792 3424 863 Παρῆτε
3455 791 3600 845 κατά
3623 792 3727 863 τὴν

2136 874 2353 943 ἡμέραν
2373 874 2609 944 ἐκείνην,
2635 876 2730 928 καὶ
2755 874 3019 928 ἐϐλέπετε
3046 876 3151 929 ὅσα
3175 877 3408 928 ἐκινεῖτο
3438 874 3603 936 ὅπλα,
3627 875 3725 929 καὶ

2135 956 2306 1027 θυμὸς
2341 959 2729 1027 στρατιωτικὸς
2775 959 2947 1029 πυρὸς
2995 958 3379 1029 σφοδρότερος.
3415 958 3511 1011 καὶ
3555 959 3723 1029 ἡμεῖς

2134 1042 2228 1094 ἐπὶ
2261 1039 2362 1104 τάς
2397 1041 2680 1110 βασιλικάς
2700 1041 2871 1104 αὐλὰς
2893 1037 3273 1112 ἐπειγόμεθαξ
3301 1040 3463 1095 Ἀλλά
3490 1041 3576 1110 τί;
3610 1042 3722 1096 Τοῦ

2133 1121 2267 1175 Θεοῦ
2287 1124 2467 1193 χάριτι
2498 1125 2649 1178 οὐδὲν
2671 1125 2818 1195 ἡμᾶς
2849 1124 3078 1177 ἐκείνων
3105 1122 3439 1193 κατέπληξε.

2206 1205 2272 1275 β’.
2296 1206 2482 1261 Ταῦτα
2502 1205 2560 1260 δὲ
2589 1206 2750 1276 λέγω,
2772 1207 2859 1261 ῖνα
2885 1209 2981 1261 καὶ
3007 1209 3167 1277 ὑμεῖς
3191 1207 3451 1278 μιμῆσθε.
3474 1207 3573 1261 Διά
3591 1206 3646 1261 τί
3660 1206 3719 1263 δέ

2133 1291 2196 1343 ού
2225 1291 2687 1361 κατεπλάγημεν;
2720 1293 2841 1346 Ὅτι
2873 1292 3028 1345 οὐδὲν
3070 1291 3178 1345 τῶν
3208 1292 3490 1361 παρόντων
3525 1292 3716 1346 δεινῶν

2134 1372 2495 1441 ἐδεδοίκαμεν,
2522 1372 2590 1424 Τί
2615 1373 2725 1444 γάρ
2767 1376 2884 1427 ἐστι
2910 1375 3118 1441 δεινόν;
3150 1374 3422 1439 Θάνατος;
3456 1375 3571 1427 Ούκ
3599 1373 3715 1430 ἐστι

2135 1454 2296 1508 τοῦτο
2319 1455 2519 1509 δείνον·
2554 1456 2762 1527 ταχέως
2782 1457 2892 1528 γὰρ
2925 1459 3021 1510 ἐπὶ
3046 1458 3139 1511 τὸν
3169 1458 3368 1528 λιμένα
3399 1458 3713 1528 ἀπερχόμε-

2134 1537 2203 1590 θα
2232 1538 2325 1592 τδν
2345 1536 2680 1608 ἀκύμαντον.
2726 1539 2885 1593 Ἀλλά
2920 1540 3248 1610 δημεύσεις;
3276 1540 3517 1610 Γυμνός
3534 1539 3715 1608 ἐξῆλ-

2134 1621 2327 1675 θονὲκ
2359 1621 2593 1686 κοιλίας
2625 1624 2849 1689 μητρός
2881 1640 3024 1690 μου.
3050 1623 3292 1695 ⁶γυμναῖς
3334 1623 3429 1677 καί
3460 1623 3715 1677 ἀπελεύ-

2134 1720 2333 1773 σομαι.
2376 1705 2517 1758 Ἀλλ’
2542 1704 2780 1775 ἐξορίαι;
2814 1707 2924 1761 Τοῦ
2942 1709 3160 1774 Κιιοίου
3176 1708 3214 1774 ἠ
3240 1707 3319 1776 τῆ
3347 1708 3446 1762 καί
3471 1710 3538 1761 τὸ
3557 1708 3712 1777 πλή-

2126 1804 2297 1855 ρωμα
2345 1788 2556 1855 αὐτῆς.
2617 1785 2779 1843 Ἀλλά
2854 1792 3246 1861 συκοφαντίαις
3301 1793 3543 1861 Χαίρετε
3614 1795 3710 1847 καί

2133 1870 2525 1939 ἀγαλλιᾶσθε.
2544 1872 2690 1927 ὅταν
2712 1876 2927 1929 εἴπωσι
2952 1875 3078 1931 πᾶν
3101 1877 3373 1944 πονηρὸν
3392 1876 3559 1945 ῥῆμα
3585 1880 3713 1933 καθ’

2132 1952 2300 2022 ὑμῶν
2335 1955 2713 2025 ψευδόμενοι,
2752 1958 2844 2010 ὅτι
2894 1961 2929 2012 ό
2970 1960 3190 2026 μισθὸς
3230 1958 3400 2028 ὑμῶν
3426 1961 3619 2027 πολὺς
3646 1960 3717 2014 ἐν

2133 2039 2257 2105 τοῖς
2314 2041 2613 2107 οὐρανοῖς.
2657 2042 2876 2113 Ἐώρων
2916 2043 2987 2097 τὰ
3020 2042 3170 2111 ξίφη,
3209 2046 3304 2098 καὶ
3351 2046 3443 2099 τὸν
3487 2045 3716 2118 οὐρανὸν

2135 2126 2459 2195 ἐλογιζόμην
2478 2143 2493 2156 ·
2521 2129 2867 2198 προσεδόκων
2898 2129 2990 2181 τὸν
3038 2129 3287 2192 θάνατον,
3315 2132 3407 2184 καί
3444 2133 3543 2201 τὴν
3579 2134 3711 2186 ἀνά-

2138 2224 2326 2260 στασιν
2349 2210 2590 2262 ἐνενόουν
2609 2227 2624 2240 ·
2664 2210 2854 2280 ἐώρων
2876 2212 2945 2264 τὰ
2966 2213 3114 2265 κάτω
3138 2213 3303 2281 πάθη,
3323 2214 3415 2266 καὶ
3441 2213 3707 2282 ἡρίθμουν

2133 2292 2203 2345 τὰ
2242 2290 2356 2344 ἀνω
2388 2291 2650 2362 βραϐεῖα·
2690 2292 2918 2346 ἔϐλεπον
2949 2294 3046 2357 τὰς
3070 2295 3378 2359 ἐπιϐουλὰς,
3411 2295 3505 2347 καὶ
3531 2295 3708 2361 ἐλογι-

2138 2374 2315 2444 ζόμην
2334 2374 2426 2427 τὸν
2446 2374 2558 2429 ἀνω
2581 2375 2843 2445 στέφανον
2861 2396 2875 2410 ·
2889 2380 2922 2447 ἡ
2951 2376 3057 2447 γὰρ
3082 2377 3334 2441 ὑπόθεσις
3356 2377 3464 2431 τῶν
3485 2376 3710 2447 ἀγώνων

2136 2457 2382 2523 ἀρκοῦσα
2405 2454 2473 2526 ἦν
2499 2459 2578 2521 είς
2598 2460 2942 2530 παράκλησιν
2966 2461 3061 2514 καλ⁵
3090 2449 3459 2531 παραμυθίαν.
3477 2461 3711 2531 Ἀπηγό-

2142 2559 2249 2611 μην
2274 2542 2353 2606 δὲ,
2384 2542 2499 2596 ἀλλ’
2519 2543 2621 2596 οὐκ
2649 2540 2719 2614 ἦν
2749 2544 2909 2614 ὕϐρις
2952 2546 3076 2615 ἐμοὶ
3118 2546 3180 2597 τὸ
3215 2546 3527 2615 γινόμενον·
3558 2546 3717 2617 ῦϐρις

2139 2625 2250 2694 γὰρ
2298 2626 2355 2678 ἐν
2404 2626 2565 2696 μόνον
2618 2627 2786 2691 ἐστὶν,
2819 2629 2854 2697 ἡ
2884 2628 3145 2699 ἁμαρτία.
3182 2628 3296 2682 Κάν
3332 2627 3441 2699 γὰρ
3472 2632 3505 2699 ἡ
3538 2630 3713 2684 οἰκου-

2146 2708 2279 2777 μένη
2304 2710 2454 2763 πᾶσά
2481 2726 2541 2762 σε
2570 2708 2788 2781 ὑϐρίζῃ.
2814 2712 2879 2764 σὺ
2908 2711 2965 2765 δὲ
2991 2711 3189 2765 σαυτὸν
3238 2712 3315 2783 μὴ
3342 2713 3590 2784 ὑϐρίσῃς,
3616 2715 3716 2785 οὐχ

2141 2790 2425 2861 ὑϐρίσθης.
2453 2792 2719 2862 Προδοσία
2762 2794 2898 2863 μόνη
2927 2796 2961 2864 ἡ
2988 2795 3083 2848 τοῦ
3106 2796 3425 2860 συνειδότος.
3457 2796 3549 2868 Μὴ
3585 2814 3714 2869 προ-

2137 2872 2248 2942 δῷς
2274 2890 2370 2927 σου
2390 2874 2452 2927 τὺ
2481 2875 2737 2939 συνειδὸς,
2768 2876 2864 2929 καὶ
2879 2876 3054 2940 οὐδείς
3080 2895 3141 2931 σε
3174 2877 3511 2949 προδίδωσιν.
3549 2879 3712 2949 Ἀπη-

2138 2956 2338 3028 γόμην,
2371 2958 2466 3012 καὶ
2496 2957 2685 3029 ἐώρων
2712 2959 2781 3013 τά
2801 2960 3123 3032 πράγπατα,
3175 2961 3375 3030 μᾶλλον
3416 2960 3474 3014 δὲ
3516 2960 3586 3015 τά
3618 2961 3712 3030 ρἡ

2142 3040 2289 3110 ματά
2324 3058 2423 3111 μου
2451 3040 2752 3112 πράγματα
2786 3043 3065 3113 γινόμενα,
3091 3043 3189 3114 τὴν
3215 3043 3435 3113 ὁμιλίαν
3466 3059 3589 3112 μου,
3613 3042 3713 3112 τὴν

2137 3121 2227 3176 διά
2250 3123 2359 3176 τῶν
2394 3123 2675 3194 ῥημάτων,
2707 3125 2800 3177 ἐπὶ
2828 3126 2927 3195 τῆς
2969 3127 3175 3197 ἀγορᾶς
3204 3126 3292 3180 διὰ
3315 3127 3427 3180 τῶν
3454 3124 3711 3197 πραγμά-

2139 3223 2248 3259 των
2278 3204 2431 3277 [588]
2464 3208 2891 3279 κηρυττομένην.
2926 3209 3093 3262 Ποίαν
3118 3208 3367 3278 ὁμιλίαν;
3395 3210 3497 3261 Ἦν
3530 3209 3710 3277 ἐλεγον

2144 3289 2253 3345 ἀεί.
2276 3292 2509 3361 Ἄνεμος
2527 3290 2775 3352 ἔπνευσε,
2790 3292 2885 3344 καὶ
2905 3290 2975 3344 τά
2998 3291 3172 3361 φύλλα
3190 3291 3506 3346 κατέϐαλεν.
3539 3293 3709 3360 Ἐξη-

2135 3373 2332 3442 ρὰνθη
2372 3376 2405 3426 ό
2428 3373 2660 3441 χόρτος,
2698 3372 2795 3427 καὶ
2832 3372 2899 3426 τὸ
2930 3373 3114 3438 ἄνθος
3143 3372 3456 3437 ἐξέπεσεν.
3508 3374 3710 3444 ’Δπῆλο

2142 3456 2289 3527 θενὴ
2318 3455 2434 3520 νὺξ,
2466 3456 2561 3508 καὶ
2583 3456 2753 3526 ἐφάνη
2789 3456 2822 3526 ἡ
2853 3455 3037 3526 ἡμέρα
3057 3471 3071 3484 ·
3103 3455 3342 3527 ἠλέγχθη
3374 3457 3407 3526 ἡ
3447 3456 3593 3520 σκιά,
3619 3460 3713 3512 καὶ

2142 3538 2318 3607 ἐφάνη
2355 3540 2388 3607 ἡ
2419 3537 2663 3609 ἀλήθεια.
2708 3536 3005 3607 ’Δνέϐησαν
3046 3537 3151 3597 ἕως
3175 3537 3283 3590 τῶν
3309 3539 3572 3609 οὐρανῶν,
3617 3540 3713 3593 καὶ

2144 3620 2454 3689 κατέϐησαν
2501 3621 2605 3684 ἕως
2646 3619 2757 3673 τῶν
2801 3619 3018 3672 πεδίων.
3061 3618 3142 3672 Τά
3175 3618 3393 3690 κύματα
3441 3620 3550 3691 γάρ
3601 3623 3713 3676 ἄνω

2147 3703 2449 3774 κατεστάλη
2494 3701 2582 3757 διὰ
2610 3701 3119 3771 τῶν’άνθρωπίνων
3148 3702 3505 3773 πραγμάτων.
3548 3703 3706 3769 Πῶς;

2145 3785 2473 3839 Διδασκαλία
2498 3781 2566 3855 ἦν
2603 3783 2674 3838 τὰ
2707 3784 2986 3853 γινόμενα.
3019 3784 3130 3837 Καὶ
3156 3783 3339 3851 ἔλεγον
3369 3784 3503 3855 πρὸς
3531 3786 3708 3853 ἐμαυ-

2147 3869 2268 3924 τόν·
2291 3863 2441 3938 *Δρα
2466 3864 2884 3937 σωφρονίσονται
2904 3863 2955 3916 οἱ
2974 3866 3114 3937 μετά
3142 3865 3350 3932 ταῦτα;
3385 3863 3493 3940 ἆρα
3515 3868 3576 3922 οὗ
3604 3886 3711 3922 πα-

2151 3952 2432 4025 ρέρχονται
2459 3950 2553 4004 δύο
2594 3951 2819 4023 ἡμέραι,
2856 3948 2952 4002 καὶ
2981 3949 3120 4022 λήθῃ
3148 3950 3216 4003 τά
3242 3952 3501 4021 γινόμενα
3533 3969 3714 4024 παραο

2142 4035 2344 4089 δίδοται
2360 4033 2655 4109 ςεἜναυλα
2693 4033 2765 4087 τά
2815 4034 3179 4104 ὑπομνήματα
3207 4028 3297 4104 ἦν.
3336 4034 3504 4087 Πάλιν
3550 4037 3709 4099 εἴπω,

2149 4117 2335 4188 πάλινζ
2357 4117 2599 4188 λαλήσω.
2635 4117 2701 4170 Τί
2753 4116 2975 4185 δφελοςς
3002 4116 3218 4169 Μᾶλλον
3249 4115 3307 4168 δὲ
3347 4117 3557 4185 ϐφελος.
3593 4119 3710 4172 Κᾶν

2144 4200 2255 4272 γὰρ
2278 4200 2351 4270 μη
2371 4200 2570 4263 πάντες
2596 4199 2887 4264 ἀκούσωσι,
2910 4202 2960 4251 οί
2988 4199 3205 4269 ἡμίσεις
3232 4199 3581 4254 ἀκούσονται·
3607 4201 3711 4255 κᾶν

2147 4283 2223 4354 μὴ
2256 4285 2305 4335 οἱ
2336 4284 2556 4353 ἡμίσεις
2586 4280 2878 4345 ἀκούσωσι,
2894 4281 2973 4335 υτὸ
2998 4282 3177 4352 τρίτον
3203 4284 3368 4354 μέρος
3386 4298 3401 4313 ·
3422 4283 3525 4337 κᾶν
3556 4285 3631 4356 μὴ
3651 4284 3714 4337 τὸ

2141 4367 2347 4438 τρίτον,
2403 4366 2464 4421 τὸ
2520 4366 2774 4434 τέταρτον
2803 4381 2818 4395 ·
2880 4364 2981 4418 κᾶν
3015 4366 3092 4438 μὴ
3147 4368 3209 4419 τὸ
3255 4366 3546 4438 τέταρτον,
3608 4369 3713 4423 κᾶν

2144 4451 2309 4507 δέκα·
2344 4448 2447 4504 κᾶν
2487 4449 2560 4520 μὴ
2604 4449 2760 4510 δέκα,
2791 4448 2894 4502 κᾶν
2921 4450 3115 4503 πέντε·
3152 4450 3256 4504 κᾶν
3284 4451 3361 4521 μὴ
3394 4451 3579 4518 πέντε,
3608 4453 3714 4506 κᾶν

2146 4532 2256 4600 εἷς·
2287 4534 2391 4589 κᾶν
2425 4534 2499 4606 μὴ
2529 4529 2609 4596 εἷς
2629 4533 2803 4601 ε,ἐγὼ
2824 4534 2916 4586 τὸν
2941 4532 3131 4604 μισθὸν
3150 4534 3555 4603 ἀπηρτισμένον
3583 4535 3710 4604 ἔχω.

2158 4617 2491 4688 Ἐξηρὰνθη
2519 4621 2552 4672 ὁ
2577 4617 2803 4686 χόρτος,
2830 4616 2921 4668 καὶ
2953 4614 3018 4668 τὸ
3050 4616 3232 4681 ἄνθος
3252 4615 3505 4679 ἐξέπεσε
3524 4634 3537 4647 ·
3561 4618 3627 4671 τὸ
3647 4617 3715 4670 δὲ

2136 4702 2308 4773 ῥῆμα
2341 4701 2447 4756 τοῦ
2485 4699 2632 4754 Θεοῦ
2661 4698 2826 4768 μένει
2858 4705 2949 4763 εις
2970 4698 3077 4749 τὸν
3104 4697 3308 4750 αἰῶνα.

2207 4794 2257 4856 γ’
2264 4782 2467 4841 ,Εῖδετε
2479 4784 2585 4838 τῶν
2598 4782 2947 4855 ἀνθρωπίνων
2960 4781 3297 4852 πραγμάτων
3308 4781 3405 4851 τὴν
3417 4781 3717 4849 εὐτέλειαν,

2146 4870 2316 4926 εἴδετε
2341 4870 2441 4939 τῆς
2470 4866 2788 4929 δυναστείας
2822 4864 2883 4917 τὸ
2901 4864 3197 4934 ἐπίκηρονς
3226 4863 3393 4915 εἴδετε
3420 4864 3513 4916 τὸν
3554 4864 3717 4918 πλοῦ-

2148 4972 2260 5018 τον,
2290 4955 2349 5009 δν
2377 4955 2465 5008 ἀεὶ
2491 4950 2766 5023 δραπέτην
2796 4948 3042 5011 ἐκάλουν,
3066 4947 3126 4999 ού
3150 4946 3424 5017 δραπέτην
3446 4946 3502 4999 δέ
3532 4948 3716 5017 μόνον,

2149 5038 2284 5092 ἀλλά
2327 5039 2422 5092 καὶ
2471 5035 2826 5103 ἀνδροφόνον;
2860 5033 2936 5085 Οὐ
2980 5029 3090 5101 γὰρ
3136 5028 3533 5098 καταλιμπάνει
3590 5032 3716 5095 τοὺς

2150 5123 2371 5192 ἔχοντας
2397 5121 2575 5192 μόνον,
2602 5118 2738 5171 ἀλλὰ
2759 5117 2852 5169 καὶ
2878 5114 3071 5185 σφάζει
3100 5112 3294 5175 αὐτούς
3311 5130 3325 5144 ·
3358 5113 3485 5166 ὅταν
3505 5114 3614 5184 γάρ
3634 5130 3719 5177 τις

2150 5203 2317 5258 αὑτὸν
2362 5200 2663 5273 θεραπεύῃ,
2695 5201 2815 5251 τότε
2868 5198 3103 5268 μάλιστα
3151 5196 3315 5249 αὐτὸν
3360 5196 3715 5265 παραδίδωσι.

2149 5286 2216 5338 Τί
2249 5285 2570 5355 θεραπεύεις
2599 5283 2691 5333 τὸν
2720 5280 2945 5334 πλοῦτον
2977 5280 3067 5331 τὸν
3094 5280 3330 5348 σήμερον
3350 5280 3487 5348 πρός
3516 5294 3595 5342 σε,
3623 5277 3719 5330 καὶ

2151 5366 2343 5438 αὔριον
2380 5367 2512 5438 πρὸς
2546 5364 2733 5429 ἄλλως
2772 5365 2824 5417 τί
2848 5361 3172 5433 θεραπεύεις
3202 5359 3444 5423 πλοῦτον,
3484 5359 3575 5413 τὸν
3612 5377 3719 5430 μη-

2146 5450 2340 5503 δέποτε
2370 5447 2768 5517 κατασχεθῆναι
2801 5446 3122 5516 δυνάμενον;
3153 5442 3342 5496 Βούλει
3385 5441 3719 5513 θεραπεῦσαι

2151 5534 2348 5597 αὑτόνς
2381 5532 2558 5603 βούλει
2605 5531 2767 5584 αύτδν
2818 5530 3139 5599 κατασχεῖν;
3170 5528 3262 5598 Μὴ
3294 5526 3600 5599 κατορύξῃς
3624 5526 3723 5579 αύ-

2213 5698 2241 5736 ιο
2263 5699 2360 5747 Alii
2381 5703 2433 5746 et
2455 5696 2604 5745 Savil.
2771 5696 2852 5747 alii
2874 5696 3016 5756 δείξῃ.

2217 5765 2239 5791 ε
2266 5764 2365 5809 Κάν
2394 5761 2458 5819 μή
2496 5760 2559 5807 εἰς
2598 5754 2773 5808 dcem
2814 5762 2863 5808 in
2910 5754 3044 5807 edito
3083 5756 3280 5816 Iorel..
3322 5754 3411 5804 eod
3443 5754 3652 5804 habolur
3676 5760 3726 5807 in

2154 5838 2267 5875 nus.
2295 5830 2345 5872 el
2370 5822 2419 5870 in
2444 5824 2575 5870 Sam
