  <div class='ocr_page' id='page_1' title='image "/cluster/home/n/w/nwhite01/storage/ocr_20150623/52/hvd.32044073501918/024.png"; bbox 0 0 4100 6196; ppageno 0'>
   <div class='ocr_carea' id='block_1_1' title="bbox 301 441 412 496">
    <p class='ocr_par' dir='ltr' id='par_1_1' title="bbox 301 441 412 496">
     <span class='ocr_line' id='line_1_1' title="bbox 301 441 412 496; baseline 0 -1"><span class='ocrx_word' id='word_1_1' title='bbox 301 441 412 496; x_wconf 78' lang='grc'><strong>397</strong></span> 
     </span>
    </p>
   </div>
   <div class='ocr_carea' id='block_1_2' title="bbox 307 553 1895 625">
    <p class='ocr_par' dir='ltr' id='par_1_2' title="bbox 307 553 1895 625">
     <span class='ocr_line' id='line_1_2' title="bbox 307 553 1895 625; baseline 0.002 -18"><span class='ocrx_word' id='word_1_2' title='bbox 307 554 531 608; x_wconf 88' lang='lat' dir='ltr'><strong>lantur:</strong></span> <span class='ocrx_word' id='word_1_3' title='bbox 581 553 689 608; x_wconf 92' lang='lat' dir='ltr'><strong>illic</strong></span> <span class='ocrx_word' id='word_1_4' title='bbox 714 568 778 609; x_wconf 82' lang='lat' dir='ltr'><strong>ex</strong></span> <span class='ocrx_word' id='word_1_5' title='bbox 825 565 1045 624; x_wconf 87' lang='lat' dir='ltr'><strong>aspectu</strong></span> <span class='ocrx_word' id='word_1_6' title='bbox 1086 556 1363 625; x_wconf 75' lang='lat' dir='ltr'><strong>voluptas,</strong></span> <span class='ocrx_word' id='word_1_7' title='bbox 1412 556 1500 611; x_wconf 90' lang='lat' dir='ltr'><strong>hic</strong></span> <span class='ocrx_word' id='word_1_8' title='bbox 1547 571 1610 611; x_wconf 81' lang='lat' dir='ltr'><strong>ex</strong></span> <span class='ocrx_word' id='word_1_9' title='bbox 1663 556 1895 611; x_wconf 87' lang='lat' dir='ltr'><strong>lectione</strong></span> 
     </span>
    </p>
   </div>
   <div class='ocr_carea' id='block_1_3' title="bbox 305 644 1896 718">
    <p class='ocr_par' dir='ltr' id='par_1_3' title="bbox 305 644 1896 718">
     <span class='ocr_line' id='line_1_3' title="bbox 305 644 1896 718; baseline 0 -18"><span class='ocrx_word' id='word_1_10' title='bbox 305 645 538 700; x_wconf 84' lang='lat' dir='ltr'><strong>utilitas.</strong></span> <span class='ocrx_word' id='word_1_11' title='bbox 576 644 773 700; x_wconf 86' lang='lat' dir='ltr'><strong>llortus</strong></span> <span class='ocrx_word' id='word_1_12' title='bbox 795 661 900 700; x_wconf 91' lang='lat' dir='ltr'><strong>uno</strong></span> <span class='ocrx_word' id='word_1_13' title='bbox 919 646 972 700; x_wconf 90' lang='lat' dir='ltr'><strong>in</strong></span> <span class='ocrx_word' id='word_1_14' title='bbox 1001 647 1118 700; x_wconf 90' lang='lat' dir='ltr'><strong>loco</strong></span> <span class='ocrx_word' id='word_1_15' title='bbox 1139 689 1153 714; x_wconf 94' lang='lat'><strong>,</strong></span> <span class='ocrx_word' id='word_1_16' title='bbox 1182 647 1472 717; x_wconf 73' lang='lat' dir='ltr'><strong>Scriptura:</strong></span> <span class='ocrx_word' id='word_1_17' title='bbox 1502 647 1700 718; x_wconf 88' lang='lat' dir='ltr'><strong>ubique</strong></span> <span class='ocrx_word' id='word_1_18' title='bbox 1727 656 1896 701; x_wconf 88' lang='lat' dir='ltr'><strong>terra-</strong></span> 
     </span>
    </p>
   </div>
   <div class='ocr_carea' id='block_1_4' title="bbox 306 735 1894 806">
    <p class='ocr_par' dir='ltr' id='par_1_4' title="bbox 306 735 1894 806">
     <span class='ocr_line' id='line_1_4' title="bbox 306 735 1894 806; baseline 0.003 -18"><span class='ocrx_word' id='word_1_19' title='bbox 306 749 465 797; x_wconf 87' lang='lat' dir='ltr'><strong>rum;</strong></span> <span class='ocrx_word' id='word_1_20' title='bbox 501 735 690 790; x_wconf 89' lang='lat' dir='ltr'><strong>hortus</strong></span> <span class='ocrx_word' id='word_1_21' title='bbox 732 747 1110 806; x_wconf 90' lang='lat' dir='ltr'><strong>tempestatum</strong></span> <span class='ocrx_word' id='word_1_22' title='bbox 1151 737 1454 793; x_wconf 84' lang='lat' dir='ltr'><strong>necessitati</strong></span> <span class='ocrx_word' id='word_1_23' title='bbox 1496 739 1740 793; x_wconf 91' lang='lat' dir='ltr'><strong>subditus</strong></span> <span class='ocrx_word' id='word_1_24' title='bbox 1780 749 1894 805; x_wconf 91' lang='lat' dir='ltr'><strong>est,</strong></span> 
     </span>
    </p>
   </div>
   <div class='ocr_carea' id='block_1_5' title="bbox 301 825 1894 898">
    <p class='ocr_par' dir='ltr' id='par_1_5' title="bbox 301 825 1894 898">
     <span class='ocr_line' id='line_1_5' title="bbox 301 825 1894 898; baseline 0.001 -18"><span class='ocrx_word' id='word_1_25' title='bbox 301 825 601 896; x_wconf 83' lang='lat' dir='ltr'><strong>Scriptura:</strong></span> <span class='ocrx_word' id='word_1_26' title='bbox 641 837 695 881; x_wconf 90' lang='lat' dir='ltr'><strong>et</strong></span> <span class='ocrx_word' id='word_1_27' title='bbox 727 830 918 898; x_wconf 84' lang='lat' dir='ltr'><strong>hyeme</strong></span> <span class='ocrx_word' id='word_1_28' title='bbox 947 839 1001 882; x_wconf 94' lang='lat' dir='ltr'><strong>et</strong></span> <span class='ocrx_word' id='word_1_29' title='bbox 1043 839 1228 883; x_wconf 66' lang='lat' dir='ltr'><strong>aestate</strong></span> <span class='ocrx_word' id='word_1_30' title='bbox 1265 841 1539 885; x_wconf 81' lang='lat' dir='ltr'><strong>comantes</strong></span> <span class='ocrx_word' id='word_1_31' title='bbox 1583 829 1753 892; x_wconf 87' lang='lat' dir='ltr'><strong>foliis,</strong></span> <span class='ocrx_word' id='word_1_32' title='bbox 1783 830 1894 882; x_wconf 78' lang='lat' dir='ltr'><strong>fru-</strong></span> 
     </span>
    </p>
   </div>
   <div class='ocr_carea' id='block_1_6' title="bbox 301 908 1893 991">
    <p class='ocr_par' dir='ltr' id='par_1_6' title="bbox 301 908 1893 991">
     <span class='ocr_line' id='line_1_6' title="bbox 301 908 1893 991; baseline 0.003 -22"><span class='ocrx_word' id='word_1_33' title='bbox 301 917 490 971; x_wconf 89' lang='lat' dir='ltr'><strong>ctibus</strong></span> <span class='ocrx_word' id='word_1_34' title='bbox 519 927 724 972; x_wconf 80' lang='lat' dir='ltr'><strong>onusta:</strong></span> <span class='ocrx_word' id='word_1_35' title='bbox 753 928 897 972; x_wconf 89' lang='lat' dir='ltr'><strong>sunt.</strong></span> <span class='ocrx_word' id='word_1_36' title='bbox 930 921 1284 975; x_wconf 87' lang='lat' dir='ltr'><strong>Attendamus</strong></span> <span class='ocrx_word' id='word_1_37' title='bbox 1313 908 1473 991; x_wconf 78' lang='lat' dir='ltr'><strong>igitur</strong></span> <span class='ocrx_word' id='word_1_38' title='bbox 1499 921 1893 991; x_wconf 70' lang='lat' dir='ltr'><strong>Scripturarum</strong></span> 
     </span>
    </p>
   </div>
   <div class='ocr_carea' id='block_1_7' title="bbox 302 1009 1896 1084">
    <p class='ocr_par' dir='ltr' id='par_1_7' title="bbox 302 1009 1896 1084">
     <span class='ocr_line' id='line_1_7' title="bbox 302 1009 1896 1084; baseline 0.004 -20"><span class='ocrx_word' id='word_1_39' title='bbox 302 1009 524 1064; x_wconf 87' lang='lat' dir='ltr'><strong>lectioni</strong></span> <span class='ocrx_word' id='word_1_40' title='bbox 554 1028 569 1065; x_wconf 89' lang='lat'><strong>:</strong></span> <span class='ocrx_word' id='word_1_41' title='bbox 601 1027 724 1064; x_wconf 90' lang='lat' dir='ltr'><strong>nam</strong></span> <span class='ocrx_word' id='word_1_42' title='bbox 757 1013 802 1066; x_wconf 92' lang='lat' dir='ltr'><strong>si</strong></span> <span class='ocrx_word' id='word_1_43' title='bbox 835 1013 1128 1083; x_wconf 73' lang='lat' dir='ltr'><strong>Scriptum</strong></span> <span class='ocrx_word' id='word_1_44' title='bbox 1154 1015 1423 1080; x_wconf 89' lang='lat' dir='ltr'><strong>attendas,</strong></span> <span class='ocrx_word' id='word_1_45' title='bbox 1453 1015 1617 1084; x_wconf 81' lang='lat' dir='ltr'><strong>abigit</strong></span> <span class='ocrx_word' id='word_1_46' title='bbox 1644 1015 1732 1070; x_wconf 92' lang='lat' dir='ltr'><strong>illa</strong></span> <span class='ocrx_word' id='word_1_47' title='bbox 1762 1029 1896 1070; x_wconf 79' lang='lat' dir='ltr'><strong>ma:-</strong></span> 
     </span>
    </p>
   </div>
   <div class='ocr_carea' id='block_1_8' title="bbox 301 1105 1896 1175">
    <p class='ocr_par' dir='ltr' id='par_1_8' title="bbox 301 1105 1896 1175">
     <span class='ocr_line' id='line_1_8' title="bbox 301 1105 1896 1175; baseline 0.001 -16"><span class='ocrx_word' id='word_1_48' title='bbox 301 1120 506 1170; x_wconf 91' lang='lat' dir='ltr'><strong>rorem,</strong></span> <span class='ocrx_word' id='word_1_49' title='bbox 537 1105 873 1175; x_wconf 85' lang='lat' dir='ltr'><strong>voluptatem</strong></span> <span class='ocrx_word' id='word_1_50' title='bbox 913 1107 1103 1162; x_wconf 86' lang='lat' dir='ltr'><strong>inserit</strong></span> <span class='ocrx_word' id='word_1_51' title='bbox 1136 1108 1262 1172; x_wconf 91' lang='lat' dir='ltr'><strong>tibi,</strong></span> <span class='ocrx_word' id='word_1_52' title='bbox 1305 1108 1558 1162; x_wconf 85' lang='lat' dir='ltr'><strong>malitiam</strong></span> <span class='ocrx_word' id='word_1_53' title='bbox 1593 1109 1762 1173; x_wconf 90' lang='lat' dir='ltr'><strong>tollit,</strong></span> <span class='ocrx_word' id='word_1_54' title='bbox 1787 1108 1896 1161; x_wconf 86' lang='lat' dir='ltr'><strong>vir-</strong></span> 
     </span>
    </p>
   </div>
   <div class='ocr_carea' id='block_1_9' title="bbox 308 1195 1896 1269">
    <p class='ocr_par' dir='ltr' id='par_1_9' title="bbox 308 1195 1896 1269">
     <span class='ocr_line' id='line_1_9' title="bbox 308 1195 1896 1269; baseline 0.002 -22"><span class='ocrx_word' id='word_1_55' title='bbox 308 1195 437 1249; x_wconf 87' lang='lat' dir='ltr'><strong>tutis</strong></span> <span class='ocrx_word' id='word_1_56' title='bbox 487 1195 700 1250; x_wconf 89' lang='lat' dir='ltr'><strong>radices</strong></span> <span class='ocrx_word' id='word_1_57' title='bbox 745 1196 998 1262; x_wconf 78' lang='lat' dir='ltr'><strong>roborat,</strong></span> <span class='ocrx_word' id='word_1_58' title='bbox 1041 1211 1139 1251; x_wconf 92' lang='lat' dir='ltr'><strong>nec</strong></span> <span class='ocrx_word' id='word_1_59' title='bbox 1185 1198 1312 1251; x_wconf 91' lang='lat' dir='ltr'><strong>sinit</strong></span> <span class='ocrx_word' id='word_1_60' title='bbox 1338 1198 1390 1251; x_wconf 93' lang='lat' dir='ltr'><strong>in</strong></span> <span class='ocrx_word' id='word_1_61' title='bbox 1439 1199 1773 1269; x_wconf 82' lang='lat' dir='ltr'><strong>negotiorum</strong></span> <span class='ocrx_word' id='word_1_62' title='bbox 1817 1205 1896 1251; x_wconf 93' lang='lat' dir='ltr'><strong>tu-</strong></span> 
     </span>
    </p>
   </div>
   <div class='ocr_carea' id='block_1_10' title="bbox 309 1286 1890 1358">
    <p class='ocr_par' dir='ltr' id='par_1_10' title="bbox 309 1286 1890 1358">
     <span class='ocr_line' id='line_1_10' title="bbox 309 1286 1890 1358; baseline 0.001 -20"><span class='ocrx_word' id='word_1_63' title='bbox 309 1286 472 1338; x_wconf 90' lang='lat' dir='ltr'><strong>multu</strong></span> <span class='ocrx_word' id='word_1_64' title='bbox 518 1286 890 1340; x_wconf 83' lang='lat' dir='ltr'><strong>fluctuantium</strong></span> <span class='ocrx_word' id='word_1_65' title='bbox 948 1303 1095 1342; x_wconf 90' lang='lat' dir='ltr'><strong>more</strong></span> <span class='ocrx_word' id='word_1_66' title='bbox 1149 1288 1370 1342; x_wconf 89' lang='lat' dir='ltr'><strong>turbari.</strong></span> <span class='ocrx_word' id='word_1_67' title='bbox 1427 1287 1579 1342; x_wconf 89' lang='lat' dir='ltr'><strong>Furit</strong></span> <span class='ocrx_word' id='word_1_68' title='bbox 1633 1289 1890 1358; x_wconf 79' lang='lat' dir='ltr'><strong>pelagus,</strong></span> 
     </span>
    </p>
   </div>
   <div class='ocr_carea' id='block_1_11' title="bbox 309 1378 1890 1448">
    <p class='ocr_par' dir='ltr' id='par_1_11' title="bbox 309 1378 1890 1448">
     <span class='ocr_line' id='line_1_11' title="bbox 309 1378 1890 1448; baseline 0.001 -20"><span class='ocrx_word' id='word_1_69' title='bbox 309 1384 360 1429; x_wconf 91' lang='lat' dir='ltr'><strong>tu</strong></span> <span class='ocrx_word' id='word_1_70' title='bbox 393 1391 521 1430; x_wconf 87' lang='lat' dir='ltr'><strong>vero</strong></span> <span class='ocrx_word' id='word_1_71' title='bbox 551 1393 674 1431; x_wconf 91' lang='lat' dir='ltr'><strong>cum</strong></span> <span class='ocrx_word' id='word_1_72' title='bbox 709 1378 1093 1448; x_wconf 91' lang='lat' dir='ltr'><strong>tranquillitate</strong></span> <span class='ocrx_word' id='word_1_73' title='bbox 1120 1379 1376 1448; x_wconf 83' lang='lat' dir='ltr'><strong>navigas;</strong></span> <span class='ocrx_word' id='word_1_74' title='bbox 1403 1380 1522 1434; x_wconf 92' lang='lat' dir='ltr'><strong>vice</strong></span> <span class='ocrx_word' id='word_1_75' title='bbox 1543 1393 1770 1448; x_wconf 79' lang='lat' dir='ltr'><strong>namque</strong></span> <span class='ocrx_word' id='word_1_76' title='bbox 1790 1392 1890 1447; x_wconf 83' lang='lat' dir='ltr'><strong>gu-</strong></span> 
     </span>
    </p>
   </div>
   <div class='ocr_carea' id='block_1_12' title="bbox 301 1465 1889 1537">
    <p class='ocr_par' dir='ltr' id='par_1_12' title="bbox 301 1465 1889 1537">
     <span class='ocr_line' id='line_1_12' title="bbox 301 1465 1889 1537; baseline -0.001 -16"><span class='ocrx_word' id='word_1_77' title='bbox 301 1465 602 1521; x_wconf 85' lang='lat' dir='ltr'><strong>bernatoris</strong></span> <span class='ocrx_word' id='word_1_78' title='bbox 624 1466 790 1522; x_wconf 87' lang='lat' dir='ltr'><strong>babes</strong></span> <span class='ocrx_word' id='word_1_79' title='bbox 815 1467 1204 1537; x_wconf 88' lang='lat' dir='ltr'><strong>Scripturarum</strong></span> <span class='ocrx_word' id='word_1_80' title='bbox 1228 1469 1512 1524; x_wconf 90' lang='lat' dir='ltr'><strong>lectionem</strong></span> <span class='ocrx_word' id='word_1_81' title='bbox 1541 1487 1556 1524; x_wconf 88' lang='lat'><strong>:</strong></span> <span class='ocrx_word' id='word_1_82' title='bbox 1585 1469 1724 1522; x_wconf 91' lang='lat' dir='ltr'><strong>hunc</strong></span> <span class='ocrx_word' id='word_1_83' title='bbox 1747 1469 1889 1522; x_wconf 90' lang='lat' dir='ltr'><strong>enim</strong></span> 
     </span>
    </p>
   </div>
   <div class='ocr_carea' id='block_1_13' title="bbox 306 1555 1889 1629">
    <p class='ocr_par' dir='ltr' id='par_1_13' title="bbox 306 1555 1889 1629">
     <span class='ocr_line' id='line_1_13' title="bbox 306 1555 1889 1629; baseline 0.003 -20"><span class='ocrx_word' id='word_1_84' title='bbox 306 1555 603 1611; x_wconf 82' lang='lat' dir='ltr'><strong>funiculum</strong></span> <span class='ocrx_word' id='word_1_85' title='bbox 631 1573 740 1612; x_wconf 88' lang='lat' dir='ltr'><strong>non</strong></span> <span class='ocrx_word' id='word_1_86' title='bbox 781 1558 1050 1628; x_wconf 88' lang='lat' dir='ltr'><strong>abrumpit</strong></span> <span class='ocrx_word' id='word_1_87' title='bbox 1094 1560 1428 1629; x_wconf 83' lang='lat' dir='ltr'><strong>negotiorum</strong></span> <span class='ocrx_word' id='word_1_88' title='bbox 1470 1561 1708 1614; x_wconf 88' lang='lat' dir='ltr'><strong>tentatio.</strong></span> <span class='ocrx_word' id='word_1_89' title='bbox 1738 1559 1889 1626; x_wconf 85' lang='lat' dir='ltr'><strong>Qtlud</strong></span> 
     </span>
    </p>
   </div>
   <div class='ocr_carea' id='block_1_14' title="bbox 302 1651 1889 1719">
    <p class='ocr_par' dir='ltr' id='par_1_14' title="bbox 302 1651 1889 1719">
     <span class='ocr_line' id='line_1_14' title="bbox 302 1651 1889 1719; baseline 0.003 -19"><span class='ocrx_word' id='word_1_90' title='bbox 302 1657 486 1702; x_wconf 79' lang='lat' dir='ltr'><strong>autem</strong></span> <span class='ocrx_word' id='word_1_91' title='bbox 515 1665 621 1703; x_wconf 92' lang='lat' dir='ltr'><strong>non</strong></span> <span class='ocrx_word' id='word_1_92' title='bbox 654 1651 905 1717; x_wconf 89' lang='lat' dir='ltr'><strong>mentiar,</strong></span> <span class='ocrx_word' id='word_1_93' title='bbox 939 1666 1024 1705; x_wconf 83' lang='lat' dir='ltr'><strong>res</strong></span> <span class='ocrx_word' id='word_1_94' title='bbox 1055 1652 1180 1719; x_wconf 79' lang='lat' dir='ltr'><strong>ipsa:</strong></span> <span class='ocrx_word' id='word_1_95' title='bbox 1206 1651 1571 1706; x_wconf 78' lang='lat' dir='ltr'><strong>testificantur.</strong></span> <span class='ocrx_word' id='word_1_96' title='bbox 1607 1653 1748 1706; x_wconf 87' lang='lat' dir='ltr'><strong>Ante</strong></span> <span class='ocrx_word' id='word_1_97' title='bbox 1776 1652 1889 1705; x_wconf 89' lang='lat' dir='ltr'><strong>dies</strong></span> 
     </span>
    </p>
   </div>
   <div class='ocr_carea' id='block_1_15' title="bbox 300 1739 1887 1812">
    <p class='ocr_par' dir='ltr' id='par_1_15' title="bbox 300 1739 1887 1812">
     <span class='ocr_line' id='line_1_15' title="bbox 300 1739 1887 1812; baseline 0.001 -20"><span class='ocrx_word' id='word_1_98' title='bbox 300 1739 508 1808; x_wconf 82' lang='lat' dir='ltr'><strong>aliquot</strong></span> <span class='ocrx_word' id='word_1_99' title='bbox 544 1741 765 1795; x_wconf 88' lang='lat' dir='ltr'><strong>obsessa</strong></span> <span class='ocrx_word' id='word_1_100' title='bbox 806 1741 906 1794; x_wconf 83' lang='lat' dir='ltr'><strong>fuit</strong></span> <span class='ocrx_word' id='word_1_101' title='bbox 955 1742 1232 1796; x_wconf 84' lang='lat' dir='ltr'><strong>Ecclesia:</strong></span> <span class='ocrx_word' id='word_1_102' title='bbox 1267 1742 1413 1796; x_wconf 86' lang='lat' dir='ltr'><strong>venit</strong></span> <span class='ocrx_word' id='word_1_103' title='bbox 1459 1743 1752 1808; x_wconf 80' lang='lat' dir='ltr'><strong>exercitus,</strong></span> <span class='ocrx_word' id='word_1_104' title='bbox 1798 1742 1887 1812; x_wconf 91' lang='lat' dir='ltr'><strong>qui</strong></span> 
     </span>
    </p>
   </div>
   <div class='ocr_carea' id='block_1_16' title="bbox 302 1833 1884 1904">
    <p class='ocr_par' dir='ltr' id='par_1_16' title="bbox 302 1833 1884 1904">
     <span class='ocr_line' id='line_1_16' title="bbox 302 1833 1884 1904; baseline 0.001 -18"><span class='ocrx_word' id='word_1_105' title='bbox 302 1833 488 1902; x_wconf 83' lang='lat' dir='ltr'><strong>ignem</strong></span> <span class='ocrx_word' id='word_1_106' title='bbox 517 1835 683 1887; x_wconf 90' lang='lat' dir='ltr'><strong>oculis</strong></span> <span class='ocrx_word' id='word_1_107' title='bbox 721 1834 1027 1901; x_wconf 84' lang='lat' dir='ltr'><strong>emittebat,</strong></span> <span class='ocrx_word' id='word_1_108' title='bbox 1076 1841 1247 1904; x_wconf 70' lang='lat' dir='ltr'><strong>ireque</strong></span> <span class='ocrx_word' id='word_1_109' title='bbox 1293 1843 1470 1889; x_wconf 90' lang='lat' dir='ltr'><strong>tamen</strong></span> <span class='ocrx_word' id='word_1_110' title='bbox 1499 1835 1691 1889; x_wconf 89' lang='lat' dir='ltr'><strong>olivam</strong></span> <span class='ocrx_word' id='word_1_111' title='bbox 1739 1850 1884 1888; x_wconf 92' lang='lat' dir='ltr'><strong>mar-</strong></span> 
     </span>
    </p>
   </div>
   <div class='ocr_carea' id='block_1_17' title="bbox 304 1924 1886 1995">
    <p class='ocr_par' dir='ltr' id='par_1_17' title="bbox 304 1924 1886 1995">
     <span class='ocr_line' id='line_1_17' title="bbox 304 1924 1886 1995; baseline 0.001 -17"><span class='ocrx_word' id='word_1_112' title='bbox 304 1925 489 1978; x_wconf 83' lang='lat' dir='ltr'><strong>cidam</strong></span> <span class='ocrx_word' id='word_1_113' title='bbox 509 1924 734 1978; x_wconf 80' lang='lat' dir='ltr'><strong>reddidit</strong></span> <span class='ocrx_word' id='word_1_114' title='bbox 761 1943 774 1978; x_wconf 91' lang='lat'><strong>:</strong></span> <span class='ocrx_word' id='word_1_115' title='bbox 817 1925 1150 1979; x_wconf 85' lang='lat' dir='ltr'><strong>nudabantur</strong></span> <span class='ocrx_word' id='word_1_116' title='bbox 1189 1940 1374 1992; x_wconf 88' lang='lat' dir='ltr'><strong>enses,</strong></span> <span class='ocrx_word' id='word_1_117' title='bbox 1407 1940 1670 1995; x_wconf 88' lang='lat' dir='ltr'><strong>nemoque</strong></span> <span class='ocrx_word' id='word_1_118' title='bbox 1696 1925 1886 1979; x_wconf 87' lang='lat' dir='ltr'><strong>vulnus</strong></span> 
     </span>
    </p>
   </div>
   <div class='ocr_carea' id='block_1_18' title="bbox 313 2012 1880 2083">
    <p class='ocr_par' dir='ltr' id='par_1_18' title="bbox 313 2012 1880 2083">
     <span class='ocr_line' id='line_1_18' title="bbox 313 2012 1880 2083; baseline 0.002 -18"><span class='ocrx_word' id='word_1_119' title='bbox 313 2013 528 2082; x_wconf 86' lang='lat' dir='ltr'><strong>accepit</strong></span> <span class='ocrx_word' id='word_1_120' title='bbox 559 2031 572 2064; x_wconf 91' lang='lat'><strong>:</strong></span> <span class='ocrx_word' id='word_1_121' title='bbox 605 2012 929 2083; x_wconf 81' lang='lat' dir='ltr'><strong>imperatoria</strong></span> <span class='ocrx_word' id='word_1_122' title='bbox 957 2017 1091 2069; x_wconf 92' lang='lat' dir='ltr'><strong>ostia</strong></span> <span class='ocrx_word' id='word_1_123' title='bbox 1125 2015 1176 2069; x_wconf 93' lang='lat' dir='ltr'><strong>in</strong></span> <span class='ocrx_word' id='word_1_124' title='bbox 1205 2016 1472 2070; x_wconf 80' lang='lat' dir='ltr'><strong>anxietate</strong></span> <span class='ocrx_word' id='word_1_125' title='bbox 1503 2015 1880 2080; x_wconf 85' lang='lat' dir='ltr'><strong>versabantur,</strong></span> 
     </span>
    </p>
   </div>
   <div class='ocr_carea' id='block_1_19' title="bbox 315 2105 1885 2176">
    <p class='ocr_par' dir='ltr' id='par_1_19' title="bbox 315 2105 1885 2176">
     <span class='ocr_line' id='line_1_19' title="bbox 315 2105 1885 2176; baseline 0.001 -18"><span class='ocrx_word' id='word_1_126' title='bbox 315 2113 371 2158; x_wconf 89' lang='lat' dir='ltr'><strong>et</strong></span> <span class='ocrx_word' id='word_1_127' title='bbox 413 2105 647 2159; x_wconf 76' lang='lat' dir='ltr'><strong>Ecclesia</strong></span> <span class='ocrx_word' id='word_1_128' title='bbox 679 2107 726 2159; x_wconf 89' lang='lat' dir='ltr'><strong>in</strong></span> <span class='ocrx_word' id='word_1_129' title='bbox 769 2116 880 2160; x_wconf 93' lang='lat' dir='ltr'><strong>tuto</strong></span> <span class='ocrx_word' id='word_1_130' title='bbox 913 2109 1080 2176; x_wconf 85' lang='lat' dir='ltr'><strong>pesita</strong></span> <span class='ocrx_word' id='word_1_131' title='bbox 1121 2118 1270 2174; x_wconf 91' lang='lat' dir='ltr'><strong>erat,</strong></span> <span class='ocrx_word' id='word_1_132' title='bbox 1301 2108 1510 2162; x_wconf 88' lang='lat' dir='ltr'><strong>etiamsi</strong></span> <span class='ocrx_word' id='word_1_133' title='bbox 1556 2107 1660 2161; x_wconf 92' lang='lat' dir='ltr'><strong>huc</strong></span> <span class='ocrx_word' id='word_1_134' title='bbox 1685 2107 1885 2162; x_wconf 92' lang='lat' dir='ltr'><strong>bellum</strong></span> 
     </span>
    </p>
   </div>
   <div class='ocr_carea' id='block_1_20' title="bbox 301 2194 1882 2269">
    <p class='ocr_par' dir='ltr' id='par_1_20' title="bbox 301 2194 1882 2269">
     <span class='ocr_line' id='line_1_20' title="bbox 301 2194 1882 2269; baseline 0.004 -23"><span class='ocrx_word' id='word_1_135' title='bbox 301 2195 561 2262; x_wconf 81' lang='lat' dir='ltr'><strong>eruperit.</strong></span> <span class='ocrx_word' id='word_1_136' title='bbox 606 2194 703 2250; x_wconf 83' lang='lat' dir='ltr'><strong>Hie</strong></span> <span class='ocrx_word' id='word_1_137' title='bbox 739 2199 1076 2266; x_wconf 72' lang='lat' dir='ltr'><strong>quazrebatur</strong></span> <span class='ocrx_word' id='word_1_138' title='bbox 1118 2199 1189 2263; x_wconf 90' lang='lat' dir='ltr'><strong>is,</strong></span> <span class='ocrx_word' id='word_1_139' title='bbox 1245 2199 1336 2269; x_wconf 90' lang='lat' dir='ltr'><strong>qui</strong></span> <span class='ocrx_word' id='word_1_140' title='bbox 1384 2197 1488 2254; x_wconf 89' lang='lat' dir='ltr'><strong>huc</strong></span> <span class='ocrx_word' id='word_1_141' title='bbox 1527 2199 1882 2269; x_wconf 79' lang='lat' dir='ltr'><strong>confugerat:</strong></span> 
     </span>
    </p>
   </div>
   <div class='ocr_carea' id='block_1_21' title="bbox 293 2283 1882 2356">
    <p class='ocr_par' dir='ltr' id='par_1_21' title="bbox 293 2283 1882 2356">
     <span class='ocr_line' id='line_1_21' title="bbox 293 2283 1882 2356; baseline 0.004 -20"><span class='ocrx_word' id='word_1_142' title='bbox 293 2283 620 2356; x_wconf 91' lang='lat' dir='ltr'><strong>illorumque</strong></span> <span class='ocrx_word' id='word_1_143' title='bbox 682 2287 919 2343; x_wconf 90' lang='lat' dir='ltr'><strong>furorem</strong></span> <span class='ocrx_word' id='word_1_144' title='bbox 980 2305 1086 2343; x_wconf 92' lang='lat' dir='ltr'><strong>non</strong></span> <span class='ocrx_word' id='word_1_145' title='bbox 1149 2289 1496 2344; x_wconf 83' lang='lat' dir='ltr'><strong>formidantes</strong></span> <span class='ocrx_word' id='word_1_146' title='bbox 1563 2290 1882 2344; x_wconf 90' lang='lat' dir='ltr'><strong>adstitimus.</strong></span> 
     </span>
    </p>
   </div>
   <div class='ocr_carea' id='block_1_22' title="bbox 292 2373 1880 2450">
    <p class='ocr_par' dir='ltr' id='par_1_22' title="bbox 292 2373 1880 2450">
     <span class='ocr_line' id='line_1_22' title="bbox 292 2373 1880 2450; baseline 0.003 -21"><span class='ocrx_word' id='word_1_147' title='bbox 292 2373 507 2440; x_wconf 84' lang='lat' dir='ltr'><strong>Quare?</strong></span> <span class='ocrx_word' id='word_1_148' title='bbox 528 2377 728 2432; x_wconf 84' lang='lat' dir='ltr'><strong>Aderat</strong></span> <span class='ocrx_word' id='word_1_149' title='bbox 753 2379 908 2434; x_wconf 90' lang='lat' dir='ltr'><strong>nobis</strong></span> <span class='ocrx_word' id='word_1_150' title='bbox 933 2381 1251 2434; x_wconf 90' lang='lat' dir='ltr'><strong>tutissimum</strong></span> <span class='ocrx_word' id='word_1_151' title='bbox 1276 2381 1480 2450; x_wconf 87' lang='lat' dir='ltr'><strong>pignus,</strong></span> <span class='ocrx_word' id='word_1_152' title='bbox 1506 2396 1696 2450; x_wconf 86' lang='lat' dir='ltr'><strong>nempe</strong></span> <span class='ocrx_word' id='word_1_153' title='bbox 1718 2380 1844 2434; x_wconf 91' lang='lat' dir='ltr'><strong>illud</strong></span> <span class='ocrx_word' id='word_1_154' title='bbox 1867 2397 1880 2434; x_wconf 93' lang='lat'><strong>:</strong></span> 
     </span>
    </p>
   </div>
   <div class='ocr_carea' id='block_1_23' title="bbox 296 2465 1884 2542">
    <p class='ocr_par' dir='ltr' id='par_1_23' title="bbox 296 2465 1884 2542">
     <span class='ocr_line' id='line_1_23' title="bbox 296 2465 1884 2542; baseline 0.003 -22"><span class='ocrx_word' id='word_1_155' title='bbox 296 2465 373 2520; x_wconf 81' lang='lat' dir='ltr'><strong>Tu</strong></span> <span class='ocrx_word' id='word_1_156' title='bbox 393 2484 446 2521; x_wconf 83' lang='lat' dir='ltr'><strong>es</strong></span> <span class='ocrx_word' id='word_1_157' title='bbox 473 2467 683 2537; x_wconf 88' lang='lat' dir='ltr'><strong>Petrus,</strong></span> <span class='ocrx_word' id='word_1_158' title='bbox 706 2479 750 2522; x_wconf 89' lang='lat' dir='ltr'><strong>et</strong></span> <span class='ocrx_word' id='word_1_159' title='bbox 775 2487 926 2541; x_wconf 84' lang='lat' dir='ltr'><strong>super</strong></span> <span class='ocrx_word' id='word_1_160' title='bbox 945 2472 1074 2525; x_wconf 85' lang='lat' dir='ltr'><strong>lianc</strong></span> <span class='ocrx_word' id='word_1_161' title='bbox 1095 2481 1286 2542; x_wconf 83' lang='lat' dir='ltr'><strong>petram</strong></span> <span class='ocrx_word' id='word_1_162' title='bbox 1315 2471 1576 2540; x_wconf 79' lang='lat' dir='ltr'><strong>wdi/icabo</strong></span> <span class='ocrx_word' id='word_1_163' title='bbox 1602 2471 1884 2526; x_wconf 78' lang='lat' dir='ltr'><strong>Ecclesium</strong></span> 
     </span>
    </p>
   </div>
   <div class='ocr_carea' id='block_1_24' title="bbox 295 2563 1881 2634">
    <p class='ocr_par' dir='ltr' id='par_1_24' title="bbox 295 2563 1881 2634">
     <span class='ocr_line' id='line_1_24' title="bbox 295 2563 1881 2634; baseline 0.003 -24"><span class='ocrx_word' id='word_1_164' title='bbox 295 2575 459 2611; x_wconf 83' lang='lat' dir='ltr'><strong>meum</strong></span> <span class='ocrx_word' id='word_1_165' title='bbox 480 2602 496 2626; x_wconf 92' lang='lat'><strong>,</strong></span> <span class='ocrx_word' id='word_1_166' title='bbox 527 2571 573 2614; x_wconf 83' lang='lat' dir='ltr'><strong>et</strong></span> <span class='ocrx_word' id='word_1_167' title='bbox 605 2572 768 2630; x_wconf 68' lang='lat' dir='ltr'><strong>porta:</strong></span> <span class='ocrx_word' id='word_1_168' title='bbox 795 2564 947 2634; x_wconf 80' lang='lat' dir='ltr'><strong>inferi</strong></span> <span class='ocrx_word' id='word_1_169' title='bbox 975 2580 1076 2617; x_wconf 86' lang='lat' dir='ltr'><strong>non</strong></span> <span class='ocrx_word' id='word_1_170' title='bbox 1121 2563 1459 2634; x_wconf 74' lang='lat' dir='ltr'><strong>prwvalebunt</strong></span> <span class='ocrx_word' id='word_1_171' title='bbox 1491 2563 1732 2634; x_wconf 77' lang='lat' dir='ltr'><strong>adversus</strong></span> <span class='ocrx_word' id='word_1_172' title='bbox 1772 2579 1881 2617; x_wconf 85' lang='lat' dir='ltr'><strong>eam</strong></span> 
     </span>
    </p>
   </div>
   <div class='ocr_carea' id='block_1_25' title="bbox 299 2652 1878 2727">
    <p class='ocr_par' dir='ltr' id='par_1_25' title="bbox 299 2652 1878 2727">
     <span class='ocr_line' id='line_1_25' title="bbox 299 2652 1878 2727; baseline 0.002 -22"><span class='ocrx_word' id='word_1_173' title='bbox 299 2652 518 2720; x_wconf 76' lang='lat' dir='ltr'><strong>(Matth.</strong></span> <span class='ocrx_word' id='word_1_174' title='bbox 549 2656 638 2709; x_wconf 81' lang='grc'><strong>16.</strong></span> <span class='ocrx_word' id='word_1_175' title='bbox 671 2653 781 2727; x_wconf 75' lang='grc'><strong>18).</strong></span> <span class='ocrx_word' id='word_1_176' title='bbox 810 2657 1103 2711; x_wconf 90' lang='lat' dir='ltr'><strong>Ecclesiam</strong></span> <span class='ocrx_word' id='word_1_177' title='bbox 1141 2656 1281 2721; x_wconf 93' lang='lat' dir='ltr'><strong>dico,</strong></span> <span class='ocrx_word' id='word_1_178' title='bbox 1315 2670 1418 2710; x_wconf 92' lang='lat' dir='ltr'><strong>non</strong></span> <span class='ocrx_word' id='word_1_179' title='bbox 1445 2656 1617 2710; x_wconf 90' lang='lat' dir='ltr'><strong>locum</strong></span> <span class='ocrx_word' id='word_1_180' title='bbox 1647 2664 1878 2720; x_wconf 89' lang='lat' dir='ltr'><strong>tantum,</strong></span> 
     </span>
    </p>
   </div>
   <div class='ocr_carea' id='block_1_26' title="bbox 294 2744 1878 2819">
    <p class='ocr_par' dir='ltr' id='par_1_26' title="bbox 294 2744 1878 2819">
     <span class='ocr_line' id='line_1_26' title="bbox 294 2744 1878 2819; baseline 0 -18"><span class='ocrx_word' id='word_1_181' title='bbox 294 2744 392 2801; x_wconf 82' lang='lat' dir='ltr'><strong>sed</strong></span> <span class='ocrx_word' id='word_1_182' title='bbox 420 2761 639 2801; x_wconf 90' lang='lat' dir='ltr'><strong>mores:</strong></span> <span class='ocrx_word' id='word_1_183' title='bbox 673 2764 778 2803; x_wconf 92' lang='lat' dir='ltr'><strong>non</strong></span> <span class='ocrx_word' id='word_1_184' title='bbox 808 2764 989 2803; x_wconf 91' lang='lat' dir='ltr'><strong>muros</strong></span> <span class='ocrx_word' id='word_1_185' title='bbox 1019 2749 1282 2816; x_wconf 72' lang='lat' dir='ltr'><strong>ecclesiae,</strong></span> <span class='ocrx_word' id='word_1_186' title='bbox 1315 2748 1408 2804; x_wconf 89' lang='lat' dir='ltr'><strong>sed</strong></span> <span class='ocrx_word' id='word_1_187' title='bbox 1436 2749 1580 2819; x_wconf 81' lang='lat' dir='ltr'><strong>leges</strong></span> <span class='ocrx_word' id='word_1_188' title='bbox 1606 2749 1878 2804; x_wconf 72' lang='lat' dir='ltr'><strong>Ecclesiae.</strong></span> 
     </span>
    </p>
   </div>
   <div class='ocr_carea' id='block_1_27' title="bbox 291 2838 1880 2912">
    <p class='ocr_par' dir='ltr' id='par_1_27' title="bbox 291 2838 1880 2912">
     <span class='ocr_line' id='line_1_27' title="bbox 291 2838 1880 2912; baseline 0.003 -20"><span class='ocrx_word' id='word_1_189' title='bbox 291 2838 425 2892; x_wconf 89' lang='lat' dir='ltr'><strong>Cum</strong></span> <span class='ocrx_word' id='word_1_190' title='bbox 458 2839 765 2910; x_wconf 85' lang='lat' dir='ltr'><strong>confugeris</strong></span> <span class='ocrx_word' id='word_1_191' title='bbox 803 2842 856 2895; x_wconf 90' lang='lat' dir='ltr'><strong>in</strong></span> <span class='ocrx_word' id='word_1_192' title='bbox 899 2842 1213 2910; x_wconf 87' lang='lat' dir='ltr'><strong>ecclesiam,</strong></span> <span class='ocrx_word' id='word_1_193' title='bbox 1257 2857 1360 2896; x_wconf 92' lang='lat' dir='ltr'><strong>non</strong></span> <span class='ocrx_word' id='word_1_194' title='bbox 1390 2841 1565 2897; x_wconf 88' lang='lat' dir='ltr'><strong>locum</strong></span> <span class='ocrx_word' id='word_1_195' title='bbox 1609 2851 1758 2912; x_wconf 90' lang='lat' dir='ltr'><strong>pete,</strong></span> <span class='ocrx_word' id='word_1_196' title='bbox 1785 2842 1880 2898; x_wconf 91' lang='lat' dir='ltr'><strong>sed</strong></span> 
     </span>
    </p>
   </div>
   <div class='ocr_carea' id='block_1_28' title="bbox 291 2929 1876 3003">
    <p class='ocr_par' dir='ltr' id='par_1_28' title="bbox 291 2929 1876 3003">
     <span class='ocr_line' id='line_1_28' title="bbox 291 2929 1876 3003; baseline 0.004 -20"><span class='ocrx_word' id='word_1_197' title='bbox 291 2929 476 2983; x_wconf 85' lang='lat' dir='ltr'><strong>animo</strong></span> <span class='ocrx_word' id='word_1_198' title='bbox 501 2929 790 3002; x_wconf 86' lang='lat' dir='ltr'><strong>transfuge.</strong></span> <span class='ocrx_word' id='word_1_199' title='bbox 820 2932 1061 2988; x_wconf 87' lang='lat' dir='ltr'><strong>Ecclesia</strong></span> <span class='ocrx_word' id='word_1_200' title='bbox 1088 2934 1230 2988; x_wconf 86' lang='lat' dir='ltr'><strong>enim</strong></span> <span class='ocrx_word' id='word_1_201' title='bbox 1251 2948 1358 2989; x_wconf 92' lang='lat' dir='ltr'><strong>non</strong></span> <span class='ocrx_word' id='word_1_202' title='bbox 1377 2949 1560 2990; x_wconf 88' lang='lat' dir='ltr'><strong>murus</strong></span> <span class='ocrx_word' id='word_1_203' title='bbox 1579 2943 1634 2990; x_wconf 87' lang='lat' dir='ltr'><strong>et</strong></span> <span class='ocrx_word' id='word_1_204' title='bbox 1658 2943 1876 3003; x_wconf 86' lang='lat' dir='ltr'><strong>tectum,</strong></span> 
     </span>
    </p>
   </div>
   <div class='ocr_carea' id='block_1_29' title="bbox 289 3019 1062 3080">
    <p class='ocr_par' dir='ltr' id='par_1_29' title="bbox 289 3019 1062 3080">
     <span class='ocr_line' id='line_1_29' title="bbox 289 3019 1062 3080; baseline 0.008 -7"><span class='ocrx_word' id='word_1_205' title='bbox 289 3019 384 3074; x_wconf 81' lang='lat' dir='ltr'><strong>sed</strong></span> <span class='ocrx_word' id='word_1_206' title='bbox 414 3019 548 3075; x_wconf 82' lang='lat' dir='ltr'><strong>fides</strong></span> <span class='ocrx_word' id='word_1_207' title='bbox 569 3032 624 3076; x_wconf 91' lang='lat' dir='ltr'><strong>et</strong></span> <span class='ocrx_word' id='word_1_208' title='bbox 647 3024 771 3077; x_wconf 83' lang='lat' dir='ltr'><strong>vita:</strong></span> <span class='ocrx_word' id='word_1_209' title='bbox 797 3024 932 3078; x_wconf 90' lang='lat' dir='ltr'><strong>ratio</strong></span> <span class='ocrx_word' id='word_1_210' title='bbox 959 3033 1062 3080; x_wconf 91' lang='lat' dir='ltr'><strong>est.</strong></span> 
     </span>
    </p>
   </div>
   <div class='ocr_carea' id='block_1_30' title="bbox 362 3109 1877 3190">
    <p class='ocr_par' dir='ltr' id='par_1_30' title="bbox 362 3109 1877 3190">
     <span class='ocr_line' id='line_1_30' title="bbox 362 3109 1877 3190; baseline 0.007 -27"><span class='ocrx_word' id='word_1_211' title='bbox 362 3109 647 3180; x_wconf 80' lang='lat' dir='ltr'><strong>Eutropius</strong></span> <span class='ocrx_word' id='word_1_212' title='bbox 690 3115 943 3183; x_wconf 87' lang='lat' dir='ltr'><strong>quomodo</strong></span> <span class='ocrx_word' id='word_1_213' title='bbox 971 3126 1172 3185; x_wconf 85' lang='lat' dir='ltr'><strong>captus.</strong></span> <span class='ocrx_word' id='word_1_214' title='bbox 1199 3146 1270 3156; x_wconf 95' lang='lat'><strong>—</strong></span> <span class='ocrx_word' id='word_1_215' title='bbox 1298 3115 1376 3172; x_wconf 88' lang='lat' dir='ltr'><strong>Ne</strong></span> <span class='ocrx_word' id='word_1_216' title='bbox 1417 3116 1566 3173; x_wconf 90' lang='lat' dir='ltr'><strong>dicas</strong></span> <span class='ocrx_word' id='word_1_217' title='bbox 1611 3133 1756 3187; x_wconf 91' lang='lat' dir='ltr'><strong>eum,</strong></span> <span class='ocrx_word' id='word_1_218' title='bbox 1788 3119 1877 3190; x_wconf 91' lang='lat' dir='ltr'><strong>qui</strong></span> 
     </span>
    </p>
   </div>
   <div class='ocr_carea' id='block_1_31' title="bbox 290 3203 1878 3278">
    <p class='ocr_par' dir='ltr' id='par_1_31' title="bbox 290 3203 1878 3278">
     <span class='ocr_line' id='line_1_31' title="bbox 290 3203 1878 3278; baseline 0.007 -22"><span class='ocrx_word' id='word_1_219' title='bbox 290 3203 537 3273; x_wconf 89' lang='lat' dir='ltr'><strong>proditus</strong></span> <span class='ocrx_word' id='word_1_220' title='bbox 582 3215 683 3273; x_wconf 89' lang='lat' dir='ltr'><strong>est,</strong></span> <span class='ocrx_word' id='word_1_221' title='bbox 715 3207 783 3263; x_wconf 91' lang='lat' dir='ltr'><strong>ab</strong></span> <span class='ocrx_word' id='word_1_222' title='bbox 818 3207 1061 3263; x_wconf 88' lang='lat' dir='ltr'><strong>Ecclesia</strong></span> <span class='ocrx_word' id='word_1_223' title='bbox 1094 3209 1362 3278; x_wconf 89' lang='lat' dir='ltr'><strong>proditum</strong></span> <span class='ocrx_word' id='word_1_224' title='bbox 1389 3225 1507 3265; x_wconf 88' lang='lat' dir='ltr'><strong>esse</strong></span> <span class='ocrx_word' id='word_1_225' title='bbox 1535 3229 1549 3265; x_wconf 93' lang='lat'><strong>:</strong></span> <span class='ocrx_word' id='word_1_226' title='bbox 1579 3212 1678 3266; x_wconf 91' lang='lat' dir='ltr'><strong>nisi</strong></span> <span class='ocrx_word' id='word_1_227' title='bbox 1720 3213 1878 3268; x_wconf 87' lang='lat' dir='ltr'><strong>dese-</strong></span> 
     </span>
    </p>
   </div>
   <div class='ocr_carea' id='block_1_32' title="bbox 287 3297 1874 3374">
    <p class='ocr_par' dir='ltr' id='par_1_32' title="bbox 287 3297 1874 3374">
     <span class='ocr_line' id='line_1_32' title="bbox 287 3297 1874 3374; baseline 0.006 -24"><span class='ocrx_word' id='word_1_228' title='bbox 287 3297 490 3351; x_wconf 86' lang='lat' dir='ltr'><strong>ruisset</strong></span> <span class='ocrx_word' id='word_1_229' title='bbox 514 3299 817 3365; x_wconf 90' lang='lat' dir='ltr'><strong>ecclesiam,</strong></span> <span class='ocrx_word' id='word_1_230' title='bbox 846 3311 1033 3370; x_wconf 86' lang='lat' dir='ltr'><strong>captus</strong></span> <span class='ocrx_word' id='word_1_231' title='bbox 1059 3317 1165 3356; x_wconf 95' lang='lat' dir='ltr'><strong>non</strong></span> <span class='ocrx_word' id='word_1_232' title='bbox 1194 3302 1396 3357; x_wconf 89' lang='lat' dir='ltr'><strong>fuisset.</strong></span> <span class='ocrx_word' id='word_1_233' title='bbox 1423 3303 1501 3358; x_wconf 88' lang='lat' dir='ltr'><strong>Ne</strong></span> <span class='ocrx_word' id='word_1_234' title='bbox 1528 3303 1676 3358; x_wconf 89' lang='lat' dir='ltr'><strong>dicas</strong></span> <span class='ocrx_word' id='word_1_235' title='bbox 1703 3304 1874 3374; x_wconf 90' lang='lat' dir='ltr'><strong>ipsum</strong></span> 
     </span>
    </p>
   </div>
   <div class='ocr_carea' id='block_1_33' title="bbox 287 3392 1875 3467">
    <p class='ocr_par' dir='ltr' id='par_1_33' title="bbox 287 3392 1875 3467">
     <span class='ocr_line' id='line_1_33' title="bbox 287 3392 1875 3467; baseline 0.004 -22"><span class='ocrx_word' id='word_1_236' title='bbox 287 3392 596 3462; x_wconf 87' lang='lat' dir='ltr'><strong>confugisse</strong></span> <span class='ocrx_word' id='word_1_237' title='bbox 628 3401 684 3447; x_wconf 93' lang='lat' dir='ltr'><strong>et</strong></span> <span class='ocrx_word' id='word_1_238' title='bbox 729 3394 996 3462; x_wconf 91' lang='lat' dir='ltr'><strong>proditum</strong></span> <span class='ocrx_word' id='word_1_239' title='bbox 1045 3395 1244 3451; x_wconf 91' lang='lat' dir='ltr'><strong>fuisse:</strong></span> <span class='ocrx_word' id='word_1_240' title='bbox 1286 3413 1392 3450; x_wconf 88' lang='lat' dir='ltr'><strong>non</strong></span> <span class='ocrx_word' id='word_1_241' title='bbox 1420 3396 1656 3451; x_wconf 86' lang='lat' dir='ltr'><strong>Ecclesia</strong></span> <span class='ocrx_word' id='word_1_242' title='bbox 1702 3399 1875 3467; x_wconf 91' lang='lat' dir='ltr'><strong>ipsum</strong></span> 
     </span>
    </p>
   </div>
   <div class='ocr_carea' id='block_1_34' title="bbox 283 3489 1877 3562">
    <p class='ocr_par' dir='ltr' id='par_1_34' title="bbox 283 3489 1877 3562">
     <span class='ocr_line' id='line_1_34' title="bbox 283 3489 1877 3562; baseline 0.004 -21"><span class='ocrx_word' id='word_1_243' title='bbox 283 3489 516 3553; x_wconf 89' lang='lat' dir='ltr'><strong>dimisit,</strong></span> <span class='ocrx_word' id='word_1_244' title='bbox 549 3490 642 3544; x_wconf 88' lang='lat' dir='ltr'><strong>sed</strong></span> <span class='ocrx_word' id='word_1_245' title='bbox 690 3490 804 3562; x_wconf 91' lang='lat' dir='ltr'><strong>ipse</strong></span> <span class='ocrx_word' id='word_1_246' title='bbox 838 3491 1121 3546; x_wconf 90' lang='lat' dir='ltr'><strong>ecclesiam</strong></span> <span class='ocrx_word' id='word_1_247' title='bbox 1167 3492 1386 3546; x_wconf 92' lang='lat' dir='ltr'><strong>dimisit.</strong></span> <span class='ocrx_word' id='word_1_248' title='bbox 1434 3490 1550 3546; x_wconf 87' lang='lat' dir='ltr'><strong>Non</strong></span> <span class='ocrx_word' id='word_1_249' title='bbox 1585 3492 1727 3546; x_wconf 92' lang='lat' dir='ltr'><strong>intus</strong></span> <span class='ocrx_word' id='word_1_250' title='bbox 1755 3507 1877 3562; x_wconf 90' lang='lat' dir='ltr'><strong>pro-</strong></span> 
     </span>
    </p>
   </div>
   <div class='ocr_carea' id='block_1_35' title="bbox 283 3577 1874 3650">
    <p class='ocr_par' dir='ltr' id='par_1_35' title="bbox 283 3577 1874 3650">
     <span class='ocr_line' id='line_1_35' title="bbox 283 3577 1874 3650; baseline 0.006 -20"><span class='ocrx_word' id='word_1_251' title='bbox 283 3577 432 3631; x_wconf 89' lang='lat' dir='ltr'><strong>ditus</strong></span> <span class='ocrx_word' id='word_1_252' title='bbox 456 3588 564 3643; x_wconf 88' lang='lat' dir='ltr'><strong>est,</strong></span> <span class='ocrx_word' id='word_1_253' title='bbox 597 3580 689 3633; x_wconf 91' lang='lat' dir='ltr'><strong>sed</strong></span> <span class='ocrx_word' id='word_1_254' title='bbox 733 3580 884 3634; x_wconf 93' lang='lat' dir='ltr'><strong>foris.</strong></span> <span class='ocrx_word' id='word_1_255' title='bbox 912 3580 1021 3635; x_wconf 84' lang='lat' dir='ltr'><strong>Cur</strong></span> <span class='ocrx_word' id='word_1_256' title='bbox 1053 3581 1266 3650; x_wconf 91' lang='lat' dir='ltr'><strong>reliquit</strong></span> <span class='ocrx_word' id='word_1_257' title='bbox 1301 3582 1618 3636; x_wconf 84' lang='lat' dir='ltr'><strong>ecclesiam?</strong></span> <span class='ocrx_word' id='word_1_258' title='bbox 1644 3582 1720 3638; x_wconf 93' lang='lat' dir='ltr'><strong>Te</strong></span> <span class='ocrx_word' id='word_1_259' title='bbox 1758 3599 1874 3638; x_wconf 84' lang='lat' dir='ltr'><strong>ser-</strong></span> 
     </span>
    </p>
   </div>
   <div class='ocr_carea' id='block_1_36' title="bbox 283 3671 1873 3743">
    <p class='ocr_par' dir='ltr' id='par_1_36' title="bbox 283 3671 1873 3743">
     <span class='ocr_line' id='line_1_36' title="bbox 283 3671 1873 3743; baseline 0.006 -24"><span class='ocrx_word' id='word_1_260' title='bbox 283 3680 473 3724; x_wconf 84' lang='lat' dir='ltr'><strong>vatum</strong></span> <span class='ocrx_word' id='word_1_261' title='bbox 504 3671 760 3726; x_wconf 66' lang='lat' dir='ltr'><strong>volebas?</strong></span> <span class='ocrx_word' id='word_1_262' title='bbox 792 3672 972 3726; x_wconf 88' lang='lat' dir='ltr'><strong>Altare</strong></span> <span class='ocrx_word' id='word_1_263' title='bbox 1010 3673 1290 3743; x_wconf 88' lang='lat' dir='ltr'><strong>complecti</strong></span> <span class='ocrx_word' id='word_1_264' title='bbox 1331 3673 1630 3743; x_wconf 81' lang='lat' dir='ltr'><strong>oportebat.</strong></span> <span class='ocrx_word' id='word_1_265' title='bbox 1665 3675 1777 3729; x_wconf 88' lang='lat' dir='ltr'><strong>Non</strong></span> <span class='ocrx_word' id='word_1_266' title='bbox 1821 3675 1873 3728; x_wconf 92' lang='lat' dir='ltr'><strong>hi</strong></span> 
     </span>
    </p>
   </div>
   <div class='ocr_carea' id='block_1_37' title="bbox 286 3761 1871 3836">
    <p class='ocr_par' dir='ltr' id='par_1_37' title="bbox 286 3761 1871 3836">
     <span class='ocr_line' id='line_1_37' title="bbox 286 3761 1871 3836; baseline 0.005 -24"><span class='ocrx_word' id='word_1_267' title='bbox 286 3761 452 3827; x_wconf 87' lang='lat' dir='ltr'><strong>muri,</strong></span> <span class='ocrx_word' id='word_1_268' title='bbox 481 3761 575 3814; x_wconf 90' lang='lat' dir='ltr'><strong>sed</strong></span> <span class='ocrx_word' id='word_1_269' title='bbox 607 3762 697 3816; x_wconf 91' lang='lat' dir='ltr'><strong>Dei</strong></span> <span class='ocrx_word' id='word_1_270' title='bbox 725 3762 1056 3832; x_wconf 85' lang='lat' dir='ltr'><strong>providentia</strong></span> <span class='ocrx_word' id='word_1_271' title='bbox 1080 3773 1130 3819; x_wconf 92' lang='lat' dir='ltr'><strong>te</strong></span> <span class='ocrx_word' id='word_1_272' title='bbox 1159 3773 1329 3819; x_wconf 91' lang='lat' dir='ltr'><strong>tutum</strong></span> <span class='ocrx_word' id='word_1_273' title='bbox 1362 3775 1616 3834; x_wconf 84' lang='lat' dir='ltr'><strong>praestare</strong></span> <span class='ocrx_word' id='word_1_274' title='bbox 1648 3776 1871 3836; x_wconf 88' lang='lat' dir='ltr'><strong>poterat.</strong></span> 
     </span>
    </p>
   </div>
   <div class='ocr_carea' id='block_1_38' title="bbox 285 3851 1872 3928">
    <p class='ocr_par' dir='ltr' id='par_1_38' title="bbox 285 3851 1872 3928">
     <span class='ocr_line' id='line_1_38' title="bbox 285 3851 1872 3928; baseline 0.006 -24"><span class='ocrx_word' id='word_1_275' title='bbox 285 3851 550 3907; x_wconf 80' lang='lat' dir='ltr'><strong>Peccator</strong></span> <span class='ocrx_word' id='word_1_276' title='bbox 578 3857 733 3908; x_wconf 82' lang='lat' dir='ltr'><strong>eras?</strong></span> <span class='ocrx_word' id='word_1_277' title='bbox 762 3854 877 3908; x_wconf 89' lang='lat' dir='ltr'><strong>Non</strong></span> <span class='ocrx_word' id='word_1_278' title='bbox 917 3867 967 3910; x_wconf 92' lang='lat' dir='ltr'><strong>te</strong></span> <span class='ocrx_word' id='word_1_279' title='bbox 999 3855 1139 3910; x_wconf 90' lang='lat' dir='ltr'><strong>Deus</strong></span> <span class='ocrx_word' id='word_1_280' title='bbox 1170 3856 1290 3911; x_wconf 86' lang='lat' dir='ltr'><strong>ideo</strong></span> <span class='ocrx_word' id='word_1_281' title='bbox 1320 3857 1522 3928; x_wconf 87' lang='lat' dir='ltr'><strong>respuit</strong></span> <span class='ocrx_word' id='word_1_282' title='bbox 1552 3875 1564 3911; x_wconf 90' lang='lat'><strong>:</strong></span> <span class='ocrx_word' id='word_1_283' title='bbox 1595 3873 1698 3913; x_wconf 90' lang='lat' dir='ltr'><strong>non</strong></span> <span class='ocrx_word' id='word_1_284' title='bbox 1727 3860 1872 3914; x_wconf 92' lang='lat' dir='ltr'><strong>enim</strong></span> 
     </span>
    </p>
   </div>
   <div class='ocr_carea' id='block_1_39' title="bbox 284 3943 1872 4018">
    <p class='ocr_par' dir='ltr' id='par_1_39' title="bbox 284 3943 1872 4018">
     <span class='ocr_line' id='line_1_39' title="bbox 284 3943 1872 4018; baseline 0.007 -24"><span class='ocrx_word' id='word_1_285' title='bbox 284 3943 433 3996; x_wconf 89' lang='lat' dir='ltr'><strong>venit</strong></span> <span class='ocrx_word' id='word_1_286' title='bbox 465 3958 656 3998; x_wconf 85' lang='lat' dir='ltr'><strong>vocare</strong></span> <span class='ocrx_word' id='word_1_287' title='bbox 687 3945 880 4012; x_wconf 83' lang='lat' dir='ltr'><strong>justus,</strong></span> <span class='ocrx_word' id='word_1_288' title='bbox 921 3945 1016 4000; x_wconf 91' lang='lat' dir='ltr'><strong>sed</strong></span> <span class='ocrx_word' id='word_1_289' title='bbox 1048 3957 1356 4016; x_wconf 90' lang='lat' dir='ltr'><strong>peccatores</strong></span> <span class='ocrx_word' id='word_1_290' title='bbox 1400 3948 1466 4002; x_wconf 91' lang='lat' dir='ltr'><strong>ad</strong></span> <span class='ocrx_word' id='word_1_291' title='bbox 1508 3951 1872 4018; x_wconf 79' lang='lat' dir='ltr'><strong>pamitentiam</strong></span> 
     </span>
    </p>
   </div>
   <div class='ocr_carea' id='block_1_40' title="bbox 287 4032 1870 4111">
    <p class='ocr_par' dir='ltr' id='par_1_40' title="bbox 287 4032 1870 4111">
     <span class='ocr_line' id='line_1_40' title="bbox 287 4032 1870 4111; baseline 0.007 -25"><span class='ocrx_word' id='word_1_292' title='bbox 287 4032 506 4096; x_wconf 69' lang='lat' dir='ltr'><strong>(Matth.</strong></span> <span class='ocrx_word' id='word_1_293' title='bbox 554 4036 610 4090; x_wconf 87' lang='lat'><strong>9.</strong></span> <span class='ocrx_word' id='word_1_294' title='bbox 658 4034 766 4108; x_wconf 79' lang='grc'><strong>15).</strong></span> <span class='ocrx_word' id='word_1_295' title='bbox 813 4037 1063 4092; x_wconf 83' lang='lat' dir='ltr'><strong>Meretrix</strong></span> <span class='ocrx_word' id='word_1_296' title='bbox 1103 4039 1326 4094; x_wconf 90' lang='lat' dir='ltr'><strong>salutem</strong></span> <span class='ocrx_word' id='word_1_297' title='bbox 1382 4051 1705 4111; x_wconf 89' lang='lat' dir='ltr'><strong>consequuta</strong></span> <span class='ocrx_word' id='word_1_298' title='bbox 1755 4053 1870 4107; x_wconf 87' lang='lat' dir='ltr'><strong>est,</strong></span> 
     </span>
    </p>
   </div>
   <div class='ocr_carea' id='block_1_41' title="bbox 284 4125 1873 4198">
    <p class='ocr_par' dir='ltr' id='par_1_41' title="bbox 284 4125 1873 4198">
     <span class='ocr_line' id='line_1_41' title="bbox 284 4125 1873 4198; baseline 0.007 -20"><span class='ocrx_word' id='word_1_299' title='bbox 284 4125 412 4193; x_wconf 85' lang='lat' dir='ltr'><strong>quia</strong></span> <span class='ocrx_word' id='word_1_300' title='bbox 451 4126 620 4198; x_wconf 89' lang='lat' dir='ltr'><strong>pedes</strong></span> <span class='ocrx_word' id='word_1_301' title='bbox 661 4129 1028 4198; x_wconf 88' lang='lat' dir='ltr'><strong>apprehendit.</strong></span> <span class='ocrx_word' id='word_1_302' title='bbox 1064 4130 1371 4186; x_wconf 89' lang='lat' dir='ltr'><strong>Audistisne</strong></span> <span class='ocrx_word' id='word_1_303' title='bbox 1415 4131 1724 4186; x_wconf 85' lang='lat' dir='ltr'><strong>hodiernam</strong></span> <span class='ocrx_word' id='word_1_304' title='bbox 1762 4134 1873 4189; x_wconf 89' lang='lat' dir='ltr'><strong>‘ec-</strong></span> 
     </span>
    </p>
   </div>
   <div class='ocr_carea' id='block_1_42' title="bbox 286 4219 1869 4291">
    <p class='ocr_par' dir='ltr' id='par_1_42' title="bbox 286 4219 1869 4291">
     <span class='ocr_line' id='line_1_42' title="bbox 286 4219 1869 4291; baseline 0.006 -22"><span class='ocrx_word' id='word_1_305' title='bbox 286 4219 528 4272; x_wconf 85' lang='lat' dir='ltr'><strong>tionem?</strong></span> <span class='ocrx_word' id='word_1_306' title='bbox 573 4219 698 4274; x_wconf 60' lang='lat' dir='ltr'><strong>llaec</strong></span> <span class='ocrx_word' id='word_1_307' title='bbox 747 4235 904 4289; x_wconf 91' lang='lat' dir='ltr'><strong>porro</strong></span> <span class='ocrx_word' id='word_1_308' title='bbox 951 4221 1092 4285; x_wconf 89' lang='lat' dir='ltr'><strong>dico,</strong></span> <span class='ocrx_word' id='word_1_309' title='bbox 1123 4230 1181 4275; x_wconf 90' lang='lat' dir='ltr'><strong>ut</strong></span> <span class='ocrx_word' id='word_1_310' title='bbox 1227 4238 1514 4291; x_wconf 88' lang='lat' dir='ltr'><strong>numquam</strong></span> <span class='ocrx_word' id='word_1_311' title='bbox 1558 4223 1772 4279; x_wconf 88' lang='lat' dir='ltr'><strong>dubites</strong></span> <span class='ocrx_word' id='word_1_312' title='bbox 1817 4225 1869 4279; x_wconf 91' lang='lat' dir='ltr'><strong>in</strong></span> 
     </span>
    </p>
   </div>
   <div class='ocr_carea' id='block_1_43' title="bbox 285 4310 1871 4386">
    <p class='ocr_par' dir='ltr' id='par_1_43' title="bbox 285 4310 1871 4386">
     <span class='ocr_line' id='line_1_43' title="bbox 285 4310 1871 4386; baseline 0.004 -22"><span class='ocrx_word' id='word_1_313' title='bbox 285 4310 588 4366; x_wconf 83' lang='lat' dir='ltr'><strong>Ecclesiam</strong></span> <span class='ocrx_word' id='word_1_314' title='bbox 629 4311 936 4382; x_wconf 81' lang='lat' dir='ltr'><strong>confugere.</strong></span> <span class='ocrx_word' id='word_1_315' title='bbox 969 4312 1121 4367; x_wconf 84' lang='lat' dir='ltr'><strong>Mane</strong></span> <span class='ocrx_word' id='word_1_316' title='bbox 1149 4314 1199 4367; x_wconf 95' lang='lat' dir='ltr'><strong>in</strong></span> <span class='ocrx_word' id='word_1_317' title='bbox 1228 4314 1465 4368; x_wconf 85' lang='lat' dir='ltr'><strong>Ecclesia</strong></span> <span class='ocrx_word' id='word_1_318' title='bbox 1485 4355 1501 4380; x_wconf 93' lang='lat'><strong>,</strong></span> <span class='ocrx_word' id='word_1_319' title='bbox 1533 4322 1588 4369; x_wconf 90' lang='lat' dir='ltr'><strong>et</strong></span> <span class='ocrx_word' id='word_1_320' title='bbox 1612 4329 1716 4369; x_wconf 92' lang='lat' dir='ltr'><strong>non</strong></span> <span class='ocrx_word' id='word_1_321' title='bbox 1746 4331 1871 4386; x_wconf 84' lang='lat' dir='ltr'><strong>pro-</strong></span> 
     </span>
    </p>
   </div>
   <div class='ocr_carea' id='block_1_44' title="bbox 282 4400 1873 4474">
    <p class='ocr_par' dir='ltr' id='par_1_44' title="bbox 282 4400 1873 4474">
     <span class='ocr_line' id='line_1_44' title="bbox 282 4400 1873 4474; baseline 0.004 -19"><span class='ocrx_word' id='word_1_322' title='bbox 282 4400 434 4457; x_wconf 84' lang='lat' dir='ltr'><strong>deris</strong></span> <span class='ocrx_word' id='word_1_323' title='bbox 461 4403 529 4457; x_wconf 90' lang='lat' dir='ltr'><strong>ab</strong></span> <span class='ocrx_word' id='word_1_324' title='bbox 560 4402 818 4457; x_wconf 87' lang='lat' dir='ltr'><strong>Ecclesia.</strong></span> <span class='ocrx_word' id='word_1_325' title='bbox 848 4402 1000 4470; x_wconf 86' lang='lat' dir='ltr'><strong>Quod</strong></span> <span class='ocrx_word' id='word_1_326' title='bbox 1030 4403 1075 4458; x_wconf 89' lang='lat' dir='ltr'><strong>si</strong></span> <span class='ocrx_word' id='word_1_327' title='bbox 1109 4403 1306 4474; x_wconf 88' lang='lat' dir='ltr'><strong>fugeris</strong></span> <span class='ocrx_word' id='word_1_328' title='bbox 1343 4404 1411 4459; x_wconf 89' lang='lat' dir='ltr'><strong>ab</strong></span> <span class='ocrx_word' id='word_1_329' title='bbox 1448 4405 1716 4472; x_wconf 88' lang='lat' dir='ltr'><strong>Ecclesia,</strong></span> <span class='ocrx_word' id='word_1_330' title='bbox 1748 4417 1873 4464; x_wconf 90' lang='lat' dir='ltr'><strong>tunc</strong></span> 
     </span>
    </p>
   </div>
   <div class='ocr_carea' id='block_1_45' title="bbox 284 4494 1872 4570">
    <p class='ocr_par' dir='ltr' id='par_1_45' title="bbox 284 4494 1872 4570">
     <span class='ocr_line' id='line_1_45' title="bbox 284 4494 1872 4570; baseline 0.004 -21"><span class='ocrx_word' id='word_1_331' title='bbox 284 4494 532 4549; x_wconf 85' lang='lat' dir='ltr'><strong>Ecclesia</strong></span> <span class='ocrx_word' id='word_1_332' title='bbox 563 4495 613 4548; x_wconf 92' lang='lat' dir='ltr'><strong>in</strong></span> <span class='ocrx_word' id='word_1_333' title='bbox 644 4509 802 4549; x_wconf 89' lang='lat' dir='ltr'><strong>causa</strong></span> <span class='ocrx_word' id='word_1_334' title='bbox 825 4511 929 4550; x_wconf 91' lang='lat' dir='ltr'><strong>non</strong></span> <span class='ocrx_word' id='word_1_335' title='bbox 955 4497 1077 4550; x_wconf 92' lang='lat' dir='ltr'><strong>erit.</strong></span> <span class='ocrx_word' id='word_1_336' title='bbox 1104 4495 1235 4550; x_wconf 89' lang='lat' dir='ltr'><strong>Nam</strong></span> <span class='ocrx_word' id='word_1_337' title='bbox 1261 4497 1304 4551; x_wconf 91' lang='lat' dir='ltr'><strong>si</strong></span> <span class='ocrx_word' id='word_1_338' title='bbox 1336 4497 1477 4570; x_wconf 87' lang='lat' dir='ltr'><strong>intus</strong></span> <span class='ocrx_word' id='word_1_339' title='bbox 1500 4496 1684 4564; x_wconf 86' lang='lat' dir='ltr'><strong>fueris,</strong></span> <span class='ocrx_word' id='word_1_340' title='bbox 1718 4498 1872 4568; x_wconf 91' lang='lat' dir='ltr'><strong>lupus</strong></span> 
     </span>
    </p>
   </div>
   <div class='ocr_carea' id='block_1_46' title="bbox 285 4586 1869 4658">
    <p class='ocr_par' dir='ltr' id='par_1_46' title="bbox 285 4586 1869 4658">
     <span class='ocr_line' id='line_1_46' title="bbox 285 4586 1869 4658; baseline 0.003 -18"><span class='ocrx_word' id='word_1_341' title='bbox 285 4600 396 4640; x_wconf 88' lang='lat' dir='ltr'><strong>non</strong></span> <span class='ocrx_word' id='word_1_342' title='bbox 425 4586 758 4656; x_wconf 86' lang='lat' dir='ltr'><strong>ingreditur;</strong></span> <span class='ocrx_word' id='word_1_343' title='bbox 791 4587 875 4641; x_wconf 92' lang='lat' dir='ltr'><strong>sin</strong></span> <span class='ocrx_word' id='word_1_344' title='bbox 898 4587 1112 4651; x_wconf 79' lang='lat' dir='ltr'><strong>exieris,</strong></span> <span class='ocrx_word' id='word_1_345' title='bbox 1139 4602 1168 4640; x_wconf 89' lang='lat' dir='ltr'><strong>a</strong></span> <span class='ocrx_word' id='word_1_346' title='bbox 1198 4587 1371 4642; x_wconf 89' lang='lat' dir='ltr'><strong>bellua</strong></span> <span class='ocrx_word' id='word_1_347' title='bbox 1401 4589 1656 4658; x_wconf 89' lang='lat' dir='ltr'><strong>capieris;</strong></span> <span class='ocrx_word' id='word_1_348' title='bbox 1685 4605 1869 4644; x_wconf 88' lang='lat' dir='ltr'><strong>verum</strong></span> 
     </span>
    </p>
   </div>
   <div class='ocr_carea' id='block_1_47' title="bbox 287 4679 1870 4750">
    <p class='ocr_par' dir='ltr' id='par_1_47' title="bbox 287 4679 1870 4750">
     <span class='ocr_line' id='line_1_47' title="bbox 287 4679 1870 4750; baseline 0.003 -18"><span class='ocrx_word' id='word_1_349' title='bbox 287 4693 396 4732; x_wconf 92' lang='lat' dir='ltr'><strong>non</strong></span> <span class='ocrx_word' id='word_1_350' title='bbox 427 4679 600 4743; x_wconf 89' lang='lat' dir='ltr'><strong>caula,</strong></span> <span class='ocrx_word' id='word_1_351' title='bbox 630 4679 724 4734; x_wconf 90' lang='lat' dir='ltr'><strong>sed</strong></span> <span class='ocrx_word' id='word_1_352' title='bbox 752 4679 1162 4750; x_wconf 86' lang='lat' dir='ltr'><strong>pusillanimitas</strong></span> <span class='ocrx_word' id='word_1_353' title='bbox 1194 4689 1279 4734; x_wconf 93' lang='lat' dir='ltr'><strong>tua</strong></span> <span class='ocrx_word' id='word_1_354' title='bbox 1312 4681 1362 4734; x_wconf 93' lang='lat' dir='ltr'><strong>in</strong></span> <span class='ocrx_word' id='word_1_355' title='bbox 1391 4696 1548 4736; x_wconf 92' lang='lat' dir='ltr'><strong>causa</strong></span> <span class='ocrx_word' id='word_1_356' title='bbox 1579 4682 1698 4736; x_wconf 92' lang='lat' dir='ltr'><strong>erit.</strong></span> <span class='ocrx_word' id='word_1_357' title='bbox 1730 4683 1870 4737; x_wconf 83' lang='lat' dir='ltr'><strong>Nihil</strong></span> 
     </span>
    </p>
   </div>
   <div class='ocr_carea' id='block_1_48' title="bbox 288 4769 1870 4840">
    <p class='ocr_par' dir='ltr' id='par_1_48' title="bbox 288 4769 1870 4840">
     <span class='ocr_line' id='line_1_48' title="bbox 288 4769 1870 4840; baseline 0.003 -16"><span class='ocrx_word' id='word_1_358' title='bbox 288 4769 546 4825; x_wconf 77' lang='lat' dir='ltr'><strong>Ecclesia:</strong></span> <span class='ocrx_word' id='word_1_359' title='bbox 588 4785 683 4840; x_wconf 87' lang='lat' dir='ltr'><strong>par</strong></span> <span class='ocrx_word' id='word_1_360' title='bbox 730 4779 831 4824; x_wconf 90' lang='lat' dir='ltr'><strong>est.</strong></span> <span class='ocrx_word' id='word_1_361' title='bbox 877 4769 953 4824; x_wconf 87' lang='lat' dir='ltr'><strong>Ne</strong></span> <span class='ocrx_word' id='word_1_362' title='bbox 999 4771 1126 4824; x_wconf 90' lang='lat' dir='ltr'><strong>mihi</strong></span> <span class='ocrx_word' id='word_1_363' title='bbox 1156 4785 1547 4826; x_wconf 89' lang='lat' dir='ltr'><strong>commemores</strong></span> <span class='ocrx_word' id='word_1_364' title='bbox 1585 4788 1766 4827; x_wconf 86' lang='lat' dir='ltr'><strong>muros</strong></span> <span class='ocrx_word' id='word_1_365' title='bbox 1815 4782 1870 4829; x_wconf 89' lang='lat' dir='ltr'><strong>et</strong></span> 
     </span>
    </p>
   </div>
   <div class='ocr_carea' id='block_1_49' title="bbox 259 4852 1869 4932">
    <p class='ocr_par' dir='ltr' id='par_1_49' title="bbox 259 4852 1869 4932">
     <span class='ocr_line' id='line_1_49' title="bbox 259 4852 1869 4932; baseline 0.003 -18"><span class='ocrx_word' id='word_1_366' title='bbox 259 4852 434 4914; x_wconf 69' lang='lat' dir='ltr'><strong>arma</strong></span> <span class='ocrx_word' id='word_1_367' title='bbox 469 4877 486 4916; x_wconf 83' lang='lat'><strong>:</strong></span> <span class='ocrx_word' id='word_1_368' title='bbox 516 4861 656 4915; x_wconf 89' lang='lat' dir='ltr'><strong>muri</strong></span> <span class='ocrx_word' id='word_1_369' title='bbox 683 4862 825 4916; x_wconf 89' lang='lat' dir='ltr'><strong>enim</strong></span> <span class='ocrx_word' id='word_1_370' title='bbox 857 4869 1094 4932; x_wconf 88' lang='lat' dir='ltr'><strong>tempore</strong></span> <span class='ocrx_word' id='word_1_371' title='bbox 1124 4862 1454 4930; x_wconf 89' lang='lat' dir='ltr'><strong>deteruntur,</strong></span> <span class='ocrx_word' id='word_1_372' title='bbox 1484 4864 1720 4919; x_wconf 82' lang='lat' dir='ltr'><strong>Ecclesia</strong></span> <span class='ocrx_word' id='word_1_373' title='bbox 1739 4881 1869 4919; x_wconf 90' lang='lat' dir='ltr'><strong>vero</strong></span> 
     </span>
    </p>
   </div>
   <div class='ocr_carea' id='block_1_50' title="bbox 283 4953 1866 5022">
    <p class='ocr_par' dir='ltr' id='par_1_50' title="bbox 283 4953 1866 5022">
     <span class='ocr_line' id='line_1_50' title="bbox 283 4953 1866 5022; baseline 0.003 -16"><span class='ocrx_word' id='word_1_374' title='bbox 283 4967 577 5021; x_wconf 85' lang='lat' dir='ltr'><strong>numquam</strong></span> <span class='ocrx_word' id='word_1_375' title='bbox 602 4953 855 5008; x_wconf 90' lang='lat' dir='ltr'><strong>senescit.</strong></span> <span class='ocrx_word' id='word_1_376' title='bbox 885 4953 1068 5007; x_wconf 79' lang='lat' dir='ltr'><strong>Muros</strong></span> <span class='ocrx_word' id='word_1_377' title='bbox 1101 4954 1309 5008; x_wconf 89' lang='lat' dir='ltr'><strong>barbari</strong></span> <span class='ocrx_word' id='word_1_378' title='bbox 1339 4953 1732 5022; x_wconf 91' lang='lat' dir='ltr'><strong>demoliuntur,</strong></span> <span class='ocrx_word' id='word_1_379' title='bbox 1763 4957 1866 5011; x_wconf 86' lang='lat' dir='ltr'><strong>Ec-</strong></span> 
     </span>
    </p>
   </div>
   <div class='ocr_carea' id='block_1_51' title="bbox 283 5045 1865 5116">
    <p class='ocr_par' dir='ltr' id='par_1_51' title="bbox 283 5045 1865 5116">
     <span class='ocr_line' id='line_1_51' title="bbox 283 5045 1865 5116; baseline 0.003 -17"><span class='ocrx_word' id='word_1_380' title='bbox 283 5046 510 5099; x_wconf 84' lang='lat' dir='ltr'><strong>elesiam</strong></span> <span class='ocrx_word' id='word_1_381' title='bbox 536 5061 604 5099; x_wconf 91' lang='lat' dir='ltr'><strong>ne</strong></span> <span class='ocrx_word' id='word_1_382' title='bbox 632 5045 904 5101; x_wconf 65' lang='lat' dir='ltr'><strong>dmmoncs</strong></span> <span class='ocrx_word' id='word_1_383' title='bbox 931 5046 1144 5116; x_wconf 91' lang='lat' dir='ltr'><strong>quidem</strong></span> <span class='ocrx_word' id='word_1_384' title='bbox 1174 5047 1412 5101; x_wconf 89' lang='lat' dir='ltr'><strong>vincunt.</strong></span> <span class='ocrx_word' id='word_1_385' title='bbox 1441 5046 1592 5114; x_wconf 89' lang='lat' dir='ltr'><strong>Quod</strong></span> <span class='ocrx_word' id='word_1_386' title='bbox 1618 5048 1732 5103; x_wconf 69' lang='lat' dir='ltr'><strong>brec</strong></span> <span class='ocrx_word' id='word_1_387' title='bbox 1759 5065 1865 5104; x_wconf 92' lang='lat' dir='ltr'><strong>non</strong></span> 
     </span>
    </p>
   </div>
   <div class='ocr_carea' id='block_1_52' title="bbox 279 5138 1870 5208">
    <p class='ocr_par' dir='ltr' id='par_1_52' title="bbox 279 5138 1870 5208">
     <span class='ocr_line' id='line_1_52' title="bbox 279 5138 1870 5208; baseline 0.001 -16"><span class='ocrx_word' id='word_1_388' title='bbox 279 5139 392 5192; x_wconf 83' lang='lat' dir='ltr'><strong>sint</strong></span> <span class='ocrx_word' id='word_1_389' title='bbox 421 5138 689 5207; x_wconf 80' lang='lat' dir='ltr'><strong>jactantia:</strong></span> <span class='ocrx_word' id='word_1_390' title='bbox 716 5140 902 5205; x_wconf 87' lang='lat' dir='ltr'><strong>verba,</strong></span> <span class='ocrx_word' id='word_1_391' title='bbox 933 5154 1022 5205; x_wconf 75' lang='lat' dir='ltr'><strong>res</strong></span> <span class='ocrx_word' id='word_1_392' title='bbox 1053 5140 1180 5208; x_wconf 78' lang='lat' dir='ltr'><strong>ipsa:</strong></span> <span class='ocrx_word' id='word_1_393' title='bbox 1209 5150 1486 5194; x_wconf 87' lang='lat' dir='ltr'><strong>testantur.</strong></span> <span class='ocrx_word' id='word_1_394' title='bbox 1513 5141 1656 5207; x_wconf 93' lang='lat' dir='ltr'><strong>Quot</strong></span> <span class='ocrx_word' id='word_1_395' title='bbox 1685 5141 1870 5196; x_wconf 87' lang='lat' dir='ltr'><strong>Eccle-</strong></span> 
     </span>
    </p>
   </div>
   <div class='ocr_carea' id='block_1_53' title="bbox 279 5232 1867 5303">
    <p class='ocr_par' dir='ltr' id='par_1_53' title="bbox 279 5232 1867 5303">
     <span class='ocr_line' id='line_1_53' title="bbox 279 5232 1867 5303; baseline 0.004 -19"><span class='ocrx_word' id='word_1_396' title='bbox 279 5232 417 5284; x_wconf 87' lang='lat' dir='ltr'><strong>siam</strong></span> <span class='ocrx_word' id='word_1_397' title='bbox 448 5242 854 5301; x_wconf 82' lang='lat' dir='ltr'><strong>Oppugnarunt,</strong></span> <span class='ocrx_word' id='word_1_398' title='bbox 885 5233 1091 5303; x_wconf 88' lang='lat' dir='ltr'><strong>ipsique</strong></span> <span class='ocrx_word' id='word_1_399' title='bbox 1135 5233 1438 5302; x_wconf 87' lang='lat' dir='ltr'><strong>perierunt?</strong></span> <span class='ocrx_word' id='word_1_400' title='bbox 1469 5235 1702 5289; x_wconf 82' lang='lat' dir='ltr'><strong>Ecclesia</strong></span> <span class='ocrx_word' id='word_1_401' title='bbox 1740 5250 1867 5290; x_wconf 86' lang='lat' dir='ltr'><strong>vero</strong></span> 
     </span>
    </p>
   </div>
   <div class='ocr_carea' id='block_1_54' title="bbox 279 5322 1863 5397">
    <p class='ocr_par' dir='ltr' id='par_1_54' title="bbox 279 5322 1863 5397">
     <span class='ocr_line' id='line_1_54' title="bbox 279 5322 1863 5397; baseline 0.004 -22"><span class='ocrx_word' id='word_1_402' title='bbox 279 5322 450 5375; x_wconf 72' lang='lat' dir='ltr'><strong>caelos</strong></span> <span class='ocrx_word' id='word_1_403' title='bbox 492 5323 838 5377; x_wconf 86' lang='lat' dir='ltr'><strong>transcendit.</strong></span> <span class='ocrx_word' id='word_1_404' title='bbox 889 5325 1032 5378; x_wconf 86' lang='lat' dir='ltr'><strong>Talis</strong></span> <span class='ocrx_word' id='word_1_405' title='bbox 1072 5335 1156 5379; x_wconf 84' lang='lat' dir='ltr'><strong>est</strong></span> <span class='ocrx_word' id='word_1_406' title='bbox 1204 5324 1457 5380; x_wconf 78' lang='lat' dir='ltr'><strong>Ecclesia:</strong></span> <span class='ocrx_word' id='word_1_407' title='bbox 1500 5327 1807 5397; x_wconf 87' lang='lat' dir='ltr'><strong>magnitudo</strong></span> <span class='ocrx_word' id='word_1_408' title='bbox 1849 5347 1863 5382; x_wconf 93' lang='lat'><strong>:</strong></span> 
     </span>
    </p>
   </div>
   <div class='ocr_carea' id='block_1_55' title="bbox 279 5407 1864 5486">
    <p class='ocr_par' dir='ltr' id='par_1_55' title="bbox 279 5407 1864 5486">
     <span class='ocr_line' id='line_1_55' title="bbox 279 5407 1864 5486; baseline 0.004 -19"><span class='ocrx_word' id='word_1_409' title='bbox 279 5416 451 5471; x_wconf 87' lang='lat' dir='ltr'><strong>vincit</strong></span> <span class='ocrx_word' id='word_1_410' title='bbox 490 5411 820 5486; x_wconf 74' lang='lat' dir='ltr'><strong>ilIIPIIgnata;</strong></span> <span class='ocrx_word' id='word_1_411' title='bbox 868 5416 1077 5472; x_wconf 92' lang='lat' dir='ltr'><strong>insidiis</strong></span> <span class='ocrx_word' id='word_1_412' title='bbox 1114 5415 1344 5486; x_wconf 88' lang='lat' dir='ltr'><strong>appetita</strong></span> <span class='ocrx_word' id='word_1_413' title='bbox 1391 5407 1632 5486; x_wconf 89' lang='lat' dir='ltr'><strong>superat;</strong></span> <span class='ocrx_word' id='word_1_414' title='bbox 1674 5429 1864 5473; x_wconf 82' lang='lat' dir='ltr'><strong>contu-</strong></span> 
     </span>
    </p>
   </div>
   <div class='ocr_carea' id='block_1_56' title="bbox 280 5508 1862 5580">
    <p class='ocr_par' dir='ltr' id='par_1_56' title="bbox 280 5508 1862 5580">
     <span class='ocr_line' id='line_1_56' title="bbox 280 5508 1862 5580; baseline 0.003 -20"><span class='ocrx_word' id='word_1_415' title='bbox 280 5509 459 5563; x_wconf 83' lang='lat' dir='ltr'><strong>meliis</strong></span> <span class='ocrx_word' id='word_1_416' title='bbox 509 5510 694 5566; x_wconf 81' lang='lat' dir='ltr'><strong>aﬂ‘ecta</strong></span> <span class='ocrx_word' id='word_1_417' title='bbox 741 5508 1072 5580; x_wconf 88' lang='lat' dir='ltr'><strong>splendidior</strong></span> <span class='ocrx_word' id='word_1_418' title='bbox 1119 5508 1334 5573; x_wconf 86' lang='lat' dir='ltr'><strong>evadit;</strong></span> <span class='ocrx_word' id='word_1_419' title='bbox 1383 5509 1602 5564; x_wconf 87' lang='lat' dir='ltr'><strong>vulnera</strong></span> <span class='ocrx_word' id='word_1_420' title='bbox 1647 5511 1862 5580; x_wconf 78' lang='lat' dir='ltr'><strong>excipit,</strong></span> 
     </span>
    </p>
   </div>
   <div class='ocr_carea' id='block_1_57' title="bbox 282 5599 1864 5672">
    <p class='ocr_par' dir='ltr' id='par_1_57' title="bbox 282 5599 1864 5672">
     <span class='ocr_line' id='line_1_57' title="bbox 282 5599 1864 5672; baseline 0.002 -18"><span class='ocrx_word' id='word_1_421' title='bbox 282 5616 385 5655; x_wconf 85' lang='lat' dir='ltr'><strong>nec</strong></span> <span class='ocrx_word' id='word_1_422' title='bbox 432 5601 698 5658; x_wconf 87' lang='lat' dir='ltr'><strong>ulceribus</strong></span> <span class='ocrx_word' id='word_1_423' title='bbox 738 5601 920 5668; x_wconf 90' lang='lat' dir='ltr'><strong>cadit;</strong></span> <span class='ocrx_word' id='word_1_424' title='bbox 970 5601 1164 5672; x_wconf 85' lang='lat' dir='ltr'><strong>agitata</strong></span> <span class='ocrx_word' id='word_1_425' title='bbox 1210 5599 1457 5656; x_wconf 84' lang='lat' dir='ltr'><strong>ﬂuctibus</strong></span> <span class='ocrx_word' id='word_1_426' title='bbox 1501 5617 1606 5656; x_wconf 91' lang='lat' dir='ltr'><strong>non</strong></span> <span class='ocrx_word' id='word_1_427' title='bbox 1648 5601 1864 5657; x_wconf 87' lang='lat' dir='ltr'><strong>demer-</strong></span> 
     </span>
    </p>
   </div>
   <div class='ocr_carea' id='block_1_58' title="bbox 279 5692 1864 5766">
    <p class='ocr_par' dir='ltr' id='par_1_58' title="bbox 279 5692 1864 5766">
     <span class='ocr_line' id='line_1_58' title="bbox 279 5692 1864 5766; baseline 0.002 -21"><span class='ocrx_word' id='word_1_428' title='bbox 279 5694 454 5762; x_wconf 77' lang='lat' dir='ltr'><strong>gitur;</strong></span> <span class='ocrx_word' id='word_1_429' title='bbox 486 5694 736 5763; x_wconf 90' lang='lat' dir='ltr'><strong>procellis</strong></span> <span class='ocrx_word' id='word_1_430' title='bbox 765 5694 1004 5764; x_wconf 88' lang='lat' dir='ltr'><strong>impctita</strong></span> <span class='ocrx_word' id='word_1_431' title='bbox 1033 5692 1362 5766; x_wconf 87' lang='lat' dir='ltr'><strong>naufragium</strong></span> <span class='ocrx_word' id='word_1_432' title='bbox 1390 5707 1492 5747; x_wconf 92' lang='lat' dir='ltr'><strong>non</strong></span> <span class='ocrx_word' id='word_1_433' title='bbox 1521 5693 1750 5764; x_wconf 87' lang='lat' dir='ltr'><strong>patitur;</strong></span> <span class='ocrx_word' id='word_1_434' title='bbox 1784 5695 1864 5748; x_wconf 83' lang='lat' dir='ltr'><strong>lu-</strong></span> 
     </span>
    </p>
   </div>
   <div class='ocr_carea' id='block_1_59' title="bbox 280 5787 1866 5861">
    <p class='ocr_par' dir='ltr' id='par_1_59' title="bbox 280 5787 1866 5861">
     <span class='ocr_line' id='line_1_59' title="bbox 280 5787 1866 5861; baseline 0.004 -27"><span class='ocrx_word' id='word_1_435' title='bbox 280 5795 478 5849; x_wconf 81' lang='lat' dir='ltr'><strong>ctatur,</strong></span> <span class='ocrx_word' id='word_1_436' title='bbox 525 5802 623 5841; x_wconf 91' lang='lat' dir='ltr'><strong>nec</strong></span> <span class='ocrx_word' id='word_1_437' title='bbox 669 5787 1052 5856; x_wconf 83' lang='lat' dir='ltr'><strong>prosternitur;</strong></span> <span class='ocrx_word' id='word_1_438' title='bbox 1094 5789 1328 5861; x_wconf 81' lang='lat' dir='ltr'><strong>pugilatu</strong></span> <span class='ocrx_word' id='word_1_439' title='bbox 1371 5796 1557 5849; x_wconf 89' lang='lat' dir='ltr'><strong>certat,</strong></span> <span class='ocrx_word' id='word_1_440' title='bbox 1611 5802 1707 5842; x_wconf 91' lang='lat' dir='ltr'><strong>nec</strong></span> <span class='ocrx_word' id='word_1_441' title='bbox 1746 5789 1866 5841; x_wconf 62' lang='lat' dir='ltr'><strong>vin.</strong></span> 
     </span>
    </p>
   </div>
   <div class='ocr_carea' id='block_1_60' title="bbox 283 5876 1860 5952">
    <p class='ocr_par' dir='ltr' id='par_1_60' title="bbox 283 5876 1860 5952">
     <span class='ocr_line' id='line_1_60' title="bbox 283 5876 1860 5952; baseline 0.002 -21"><span class='ocrx_word' id='word_1_442' title='bbox 283 5877 447 5933; x_wconf 81' lang='lat' dir='ltr'><strong>citur.</strong></span> <span class='ocrx_word' id='word_1_443' title='bbox 476 5876 582 5932; x_wconf 81' lang='lat' dir='ltr'><strong>Cur</strong></span> <span class='ocrx_word' id='word_1_444' title='bbox 624 5893 751 5950; x_wconf 81' lang='lat' dir='ltr'><strong>ergo</strong></span> <span class='ocrx_word' id='word_1_445' title='bbox 779 5880 973 5935; x_wconf 90' lang='lat' dir='ltr'><strong>bellum</strong></span> <span class='ocrx_word' id='word_1_446' title='bbox 1018 5883 1294 5952; x_wconf 83' lang='lat' dir='ltr'><strong>permisit?</strong></span> <span class='ocrx_word' id='word_1_447' title='bbox 1316 5879 1384 5936; x_wconf 82' lang='lat' dir='ltr'><strong>Ut</strong></span> <span class='ocrx_word' id='word_1_448' title='bbox 1415 5879 1500 5935; x_wconf 86' lang='lat' dir='ltr'><strong>illa</strong></span> <span class='ocrx_word' id='word_1_449' title='bbox 1533 5879 1860 5949; x_wconf 77' lang='lat' dir='ltr'><strong>splendidius</strong></span> 
     </span>
    </p>
   </div>
   <div class='ocr_carea' id='block_1_61' title="bbox 851 438 3020 504">
    <p class='ocr_par' dir='ltr' id='par_1_61' title="bbox 851 438 3020 504">
     <span class='ocr_line' id='line_1_61' title="bbox 851 438 3020 504; baseline 0.001 -6"><span class='ocrx_word' id='word_1_450' title='bbox 851 441 1132 499; x_wconf 80' lang='lat' dir='ltr'><strong>HOMILIA</strong></span> <span class='ocrx_word' id='word_1_451' title='bbox 1171 438 1262 496; x_wconf 84' lang='lat' dir='ltr'><strong>DE</strong></span> <span class='ocrx_word' id='word_1_452' title='bbox 1301 442 1527 500; x_wconf 83' lang='lat' dir='ltr'><strong>CAPTO</strong></span> <span class='ocrx_word' id='word_1_453' title='bbox 1569 442 1910 500; x_wconf 78' lang='lat' dir='ltr'><strong>EUTROPIO</strong></span> <span class='ocrx_word' id='word_1_454' title='bbox 1949 445 2038 500; x_wconf 84' lang='lat' dir='ltr'><strong>ET</strong></span> <span class='ocrx_word' id='word_1_455' title='bbox 2081 445 2168 500; x_wconf 82' lang='lat' dir='ltr'><strong>DE</strong></span> <span class='ocrx_word' id='word_1_456' title='bbox 2211 445 2611 502; x_wconf 76' lang='lat' dir='ltr'><strong>DIVITIARUM</strong></span> <span class='ocrx_word' id='word_1_457' title='bbox 2652 446 3020 504; x_wconf 81' lang='lat' dir='ltr'><strong>VANITATE.</strong></span> 
     </span>
    </p>
   </div>
   <div class='ocr_carea' id='block_1_62' title="bbox 3473 450 3578 506">
    <p class='ocr_par' dir='ltr' id='par_1_62' title="bbox 3473 450 3578 506">
     <span class='ocr_line' id='line_1_62' title="bbox 3473 450 3578 506; baseline 0.019 -2"><span class='ocrx_word' id='word_1_458' title='bbox 3473 450 3578 506; x_wconf 78' lang='lat'><strong>398</strong></span> 
     </span>
    </p>
   </div>
   <div class='ocr_carea' id='block_1_63' title="bbox 2007 559 3577 632">
    <p class='ocr_par' dir='ltr' id='par_1_63' title="bbox 2007 559 3577 632">
     <span class='ocr_line' id='line_1_63' title="bbox 2007 559 3577 632; baseline 0.005 -20"><span class='ocrx_word' id='word_1_459' title='bbox 2007 567 2262 628; x_wconf 80' lang='lat' dir='ltr'><strong>tropaeum</strong></span> <span class='ocrx_word' id='word_1_460' title='bbox 2288 559 2533 629; x_wconf 87' lang='lat' dir='ltr'><strong>erigeret.</strong></span> <span class='ocrx_word' id='word_1_461' title='bbox 2558 560 2805 616; x_wconf 81' lang='lat' dir='ltr'><strong>Aderatis</strong></span> <span class='ocrx_word' id='word_1_462' title='bbox 2829 563 2917 616; x_wconf 93' lang='lat' dir='ltr'><strong>illo</strong></span> <span class='ocrx_word' id='word_1_463' title='bbox 2938 562 3041 628; x_wconf 91' lang='lat' dir='ltr'><strong>die,</strong></span> <span class='ocrx_word' id='word_1_464' title='bbox 3072 577 3134 617; x_wconf 87' lang='lat' dir='ltr'><strong>ac</strong></span> <span class='ocrx_word' id='word_1_465' title='bbox 3158 561 3361 618; x_wconf 88' lang='lat' dir='ltr'><strong>vidistis</strong></span> <span class='ocrx_word' id='word_1_466' title='bbox 3385 575 3577 632; x_wconf 85' lang='lat' dir='ltr'><strong>quanta</strong></span> 
     </span>
    </p>
   </div>
   <div class='ocr_carea' id='block_1_64' title="bbox 2003 653 3578 726">
    <p class='ocr_par' dir='ltr' id='par_1_64' title="bbox 2003 653 3578 726">
     <span class='ocr_line' id='line_1_64' title="bbox 2003 653 3578 726; baseline 0.003 -23"><span class='ocrx_word' id='word_1_467' title='bbox 2003 662 2344 706; x_wconf 80' lang='lat' dir='ltr'><strong>moverentur</strong></span> <span class='ocrx_word' id='word_1_468' title='bbox 2399 668 2587 707; x_wconf 89' lang='lat' dir='ltr'><strong>arma:</strong></span> <span class='ocrx_word' id='word_1_469' title='bbox 2638 654 2887 709; x_wconf 88' lang='lat' dir='ltr'><strong>militaris</strong></span> <span class='ocrx_word' id='word_1_470' title='bbox 2934 653 3082 709; x_wconf 85' lang='lat' dir='ltr'><strong>furor</strong></span> <span class='ocrx_word' id='word_1_471' title='bbox 3107 656 3244 726; x_wconf 81' lang='lat' dir='ltr'><strong>igne</strong></span> <span class='ocrx_word' id='word_1_472' title='bbox 3295 655 3578 710; x_wconf 85' lang='lat' dir='ltr'><strong>vehemen-</strong></span> 
     </span>
    </p>
   </div>
   <div class='ocr_carea' id='block_1_65' title="bbox 2003 740 3578 816">
    <p class='ocr_par' dir='ltr' id='par_1_65' title="bbox 2003 740 3578 816">
     <span class='ocr_line' id='line_1_65' title="bbox 2003 740 3578 816; baseline 0.006 -24"><span class='ocrx_word' id='word_1_473' title='bbox 2003 740 2107 794; x_wconf 90' lang='lat' dir='ltr'><strong>tior</strong></span> <span class='ocrx_word' id='word_1_474' title='bbox 2142 751 2269 796; x_wconf 84' lang='lat' dir='ltr'><strong>erat</strong></span> <span class='ocrx_word' id='word_1_475' title='bbox 2306 759 2319 796; x_wconf 91' lang='lat'><strong>:</strong></span> <span class='ocrx_word' id='word_1_476' title='bbox 2370 758 2572 813; x_wconf 90' lang='lat' dir='ltr'><strong>nosque</strong></span> <span class='ocrx_word' id='word_1_477' title='bbox 2618 745 2684 798; x_wconf 92' lang='lat' dir='ltr'><strong>ad</strong></span> <span class='ocrx_word' id='word_1_478' title='bbox 2726 746 2898 798; x_wconf 90' lang='lat' dir='ltr'><strong>aulam</strong></span> <span class='ocrx_word' id='word_1_479' title='bbox 2940 747 3334 815; x_wconf 90' lang='lat' dir='ltr'><strong>imperatoriam</strong></span> <span class='ocrx_word' id='word_1_480' title='bbox 3385 763 3578 816; x_wconf 83' lang='lat' dir='ltr'><strong>prope-</strong></span> 
     </span>
    </p>
   </div>
   <div class='ocr_carea' id='block_1_66' title="bbox 2001 833 3580 909">
    <p class='ocr_par' dir='ltr' id='par_1_66' title="bbox 2001 833 3580 909">
     <span class='ocr_line' id='line_1_66' title="bbox 2001 833 3580 909; baseline 0.005 -23"><span class='ocrx_word' id='word_1_481' title='bbox 2001 833 2269 888; x_wconf 90' lang='lat' dir='ltr'><strong>rabamus.</strong></span> <span class='ocrx_word' id='word_1_482' title='bbox 2303 834 2407 890; x_wconf 88' lang='lat' dir='ltr'><strong>Sed</strong></span> <span class='ocrx_word' id='word_1_483' title='bbox 2429 837 2586 906; x_wconf 90' lang='lat' dir='ltr'><strong>quid?</strong></span> <span class='ocrx_word' id='word_1_484' title='bbox 2617 837 2720 892; x_wconf 86' lang='lat' dir='ltr'><strong>Per</strong></span> <span class='ocrx_word' id='word_1_485' title='bbox 2747 838 2835 892; x_wconf 87' lang='lat' dir='ltr'><strong>Dei</strong></span> <span class='ocrx_word' id='word_1_486' title='bbox 2860 839 3082 909; x_wconf 83' lang='lat' dir='ltr'><strong>gratiam</strong></span> <span class='ocrx_word' id='word_1_487' title='bbox 3111 839 3238 892; x_wconf 87' lang='lat' dir='ltr'><strong>nihil</strong></span> <span class='ocrx_word' id='word_1_488' title='bbox 3268 855 3453 895; x_wconf 90' lang='lat' dir='ltr'><strong>eorum</strong></span> <span class='ocrx_word' id='word_1_489' title='bbox 3482 854 3580 894; x_wconf 88' lang='lat' dir='ltr'><strong>nos</strong></span> 
     </span>
    </p>
   </div>
   <div class='ocr_carea' id='block_1_67' title="bbox 2001 927 2206 980">
    <p class='ocr_par' dir='ltr' id='par_1_67' title="bbox 2001 927 2206 980">
     <span class='ocr_line' id='line_1_67' title="bbox 2001 927 2206 980; baseline 0 -2"><span class='ocrx_word' id='word_1_490' title='bbox 2001 927 2206 980; x_wconf 86' lang='lat' dir='ltr'><strong>terruit.</strong></span> 
     </span>
    </p>
   </div>
   <div class='ocr_carea' id='block_1_68' title="bbox 2068 1015 3574 1092">
    <p class='ocr_par' dir='ltr' id='par_1_68' title="bbox 2068 1015 3574 1092">
     <span class='ocr_line' id='line_1_68' title="bbox 2068 1015 3574 1092; baseline 0.006 -24"><span class='ocrx_word' id='word_1_491' title='bbox 2068 1015 2122 1068; x_wconf 75' lang='grc'><strong>2.</strong></span> <span class='ocrx_word' id='word_1_492' title='bbox 2165 1016 2292 1072; x_wconf 87' lang='lat' dir='ltr'><strong>Vero</strong></span> <span class='ocrx_word' id='word_1_493' title='bbox 2336 1017 2622 1074; x_wconf 84' lang='lat' dir='ltr'><strong>Christiano</strong></span> <span class='ocrx_word' id='word_1_494' title='bbox 2663 1020 2790 1074; x_wconf 83' lang='lat' dir='ltr'><strong>nihil</strong></span> <span class='ocrx_word' id='word_1_495' title='bbox 2833 1021 3368 1077; x_wconf 66' lang='lat' dir='ltr'><strong>timendum—Haec</strong></span> <span class='ocrx_word' id='word_1_496' title='bbox 3413 1037 3574 1092; x_wconf 88' lang='lat' dir='ltr'><strong>porro</strong></span> 
     </span>
    </p>
   </div>
   <div class='ocr_carea' id='block_1_69' title="bbox 1997 1109 3572 1183">
    <p class='ocr_par' dir='ltr' id='par_1_69' title="bbox 1997 1109 3572 1183">
     <span class='ocr_line' id='line_1_69' title="bbox 1997 1109 3572 1183; baseline 0.003 -21"><span class='ocrx_word' id='word_1_497' title='bbox 1997 1109 2139 1173; x_wconf 89' lang='lat' dir='ltr'><strong>dico,</strong></span> <span class='ocrx_word' id='word_1_498' title='bbox 2175 1119 2226 1163; x_wconf 91' lang='lat' dir='ltr'><strong>ut</strong></span> <span class='ocrx_word' id='word_1_499' title='bbox 2255 1123 2307 1166; x_wconf 90' lang='lat' dir='ltr'><strong>et</strong></span> <span class='ocrx_word' id='word_1_500' title='bbox 2348 1128 2441 1167; x_wconf 85' lang='lat' dir='ltr'><strong>vos</strong></span> <span class='ocrx_word' id='word_1_501' title='bbox 2471 1115 2768 1167; x_wconf 90' lang='lat' dir='ltr'><strong>imitemini.</strong></span> <span class='ocrx_word' id='word_1_502' title='bbox 2801 1113 2909 1168; x_wconf 88' lang='lat' dir='ltr'><strong>Cur</strong></span> <span class='ocrx_word' id='word_1_503' title='bbox 2931 1129 3034 1167; x_wconf 90' lang='lat' dir='ltr'><strong>non</strong></span> <span class='ocrx_word' id='word_1_504' title='bbox 3065 1115 3331 1183; x_wconf 89' lang='lat' dir='ltr'><strong>perterriti</strong></span> <span class='ocrx_word' id='word_1_505' title='bbox 3355 1115 3572 1169; x_wconf 87' lang='lat' dir='ltr'><strong>sumus?</strong></span> 
     </span>
    </p>
   </div>
   <div class='ocr_carea' id='block_1_70' title="bbox 1997 1199 3570 1272">
    <p class='ocr_par' dir='ltr' id='par_1_70' title="bbox 1997 1199 3570 1272">
     <span class='ocr_line' id='line_1_70' title="bbox 1997 1199 3570 1272; baseline 0.004 -20"><span class='ocrx_word' id='word_1_506' title='bbox 1997 1199 2146 1266; x_wconf 91' lang='lat' dir='ltr'><strong>Quod</strong></span> <span class='ocrx_word' id='word_1_507' title='bbox 2195 1202 2394 1255; x_wconf 91' lang='lat' dir='ltr'><strong>nullum</strong></span> <span class='ocrx_word' id='word_1_508' title='bbox 2442 1205 2780 1272; x_wconf 84' lang='lat' dir='ltr'><strong>praesentium</strong></span> <span class='ocrx_word' id='word_1_509' title='bbox 2831 1206 3089 1258; x_wconf 89' lang='lat' dir='ltr'><strong>malorum</strong></span> <span class='ocrx_word' id='word_1_510' title='bbox 3145 1205 3570 1258; x_wconf 87' lang='lat' dir='ltr'><strong>formidaremus.</strong></span> 
     </span>
    </p>
   </div>
   <div class='ocr_carea' id='block_1_71' title="bbox 1995 1291 3572 1366">
    <p class='ocr_par' dir='ltr' id='par_1_71' title="bbox 1995 1291 3572 1366">
     <span class='ocr_line' id='line_1_71' title="bbox 1995 1291 3572 1366; baseline 0.003 -22"><span class='ocrx_word' id='word_1_511' title='bbox 1995 1291 2132 1356; x_wconf 87' lang='lat' dir='ltr'><strong>Quid</strong></span> <span class='ocrx_word' id='word_1_512' title='bbox 2177 1299 2316 1347; x_wconf 91' lang='lat' dir='ltr'><strong>enim</strong></span> <span class='ocrx_word' id='word_1_513' title='bbox 2344 1311 2504 1365; x_wconf 84' lang='lat' dir='ltr'><strong>grave</strong></span> <span class='ocrx_word' id='word_1_514' title='bbox 2538 1297 2660 1350; x_wconf 83' lang='lat' dir='ltr'><strong>est?</strong></span> <span class='ocrx_word' id='word_1_515' title='bbox 2693 1298 2773 1351; x_wconf 82' lang='lat' dir='ltr'><strong>An</strong></span> <span class='ocrx_word' id='word_1_516' title='bbox 2801 1297 2985 1350; x_wconf 87' lang='lat' dir='ltr'><strong>mors?</strong></span> <span class='ocrx_word' id='word_1_517' title='bbox 3020 1295 3359 1366; x_wconf 89' lang='lat' dir='ltr'><strong>Nequaquam</strong></span> <span class='ocrx_word' id='word_1_518' title='bbox 3397 1296 3572 1366; x_wconf 80' lang='lat' dir='ltr'><strong>gravis</strong></span> 
     </span>
    </p>
   </div>
   <div class='ocr_carea' id='block_1_72' title="bbox 1994 1385 3572 1458">
    <p class='ocr_par' dir='ltr' id='par_1_72' title="bbox 1994 1385 3572 1458">
     <span class='ocr_line' id='line_1_72' title="bbox 1994 1385 3572 1458; baseline 0.002 -21"><span class='ocrx_word' id='word_1_519' title='bbox 1994 1392 2077 1437; x_wconf 90' lang='lat' dir='ltr'><strong>est</strong></span> <span class='ocrx_word' id='word_1_520' title='bbox 2108 1385 2195 1438; x_wconf 85' lang='lat' dir='ltr'><strong>illa</strong></span> <span class='ocrx_word' id='word_1_521' title='bbox 2231 1403 2244 1436; x_wconf 93' lang='lat'><strong>:</strong></span> <span class='ocrx_word' id='word_1_522' title='bbox 2274 1387 2428 1441; x_wconf 89' lang='lat' dir='ltr'><strong>citius</strong></span> <span class='ocrx_word' id='word_1_523' title='bbox 2458 1389 2598 1441; x_wconf 89' lang='lat' dir='ltr'><strong>enim</strong></span> <span class='ocrx_word' id='word_1_524' title='bbox 2647 1388 2712 1442; x_wconf 91' lang='lat' dir='ltr'><strong>ad</strong></span> <span class='ocrx_word' id='word_1_525' title='bbox 2759 1388 3101 1458; x_wconf 91' lang='lat' dir='ltr'><strong>tranquillum</strong></span> <span class='ocrx_word' id='word_1_526' title='bbox 3156 1397 3365 1457; x_wconf 92' lang='lat' dir='ltr'><strong>portum</strong></span> <span class='ocrx_word' id='word_1_527' title='bbox 3413 1387 3572 1441; x_wconf 86' lang='lat' dir='ltr'><strong>deve-</strong></span> 
     </span>
    </p>
   </div>
   <div class='ocr_carea' id='block_1_73' title="bbox 1995 1475 3570 1550">
    <p class='ocr_par' dir='ltr' id='par_1_73' title="bbox 1995 1475 3570 1550">
     <span class='ocr_line' id='line_1_73' title="bbox 1995 1475 3570 1550; baseline 0 -23"><span class='ocrx_word' id='word_1_528' title='bbox 1995 1475 2222 1529; x_wconf 90' lang='lat' dir='ltr'><strong>niemus.</strong></span> <span class='ocrx_word' id='word_1_529' title='bbox 2260 1477 2338 1535; x_wconf 85' lang='lat' dir='ltr'><strong>An</strong></span> <span class='ocrx_word' id='word_1_530' title='bbox 2381 1478 2639 1532; x_wconf 87' lang='lat' dir='ltr'><strong>bonorum</strong></span> <span class='ocrx_word' id='word_1_531' title='bbox 2672 1478 3088 1548; x_wconf 89' lang='lat' dir='ltr'><strong>publicationes?</strong></span> <span class='ocrx_word' id='word_1_532' title='bbox 3119 1476 3308 1530; x_wconf 86' lang='lat' dir='ltr'><strong>Nudus</strong></span> <span class='ocrx_word' id='word_1_533' title='bbox 3342 1491 3570 1550; x_wconf 71' lang='lat' dir='ltr'><strong>egressus</strong></span> 
     </span>
    </p>
   </div>
   <div class='ocr_carea' id='block_1_74' title="bbox 1991 1565 3566 1639">
    <p class='ocr_par' dir='ltr' id='par_1_74' title="bbox 1991 1565 3566 1639">
     <span class='ocr_line' id='line_1_74' title="bbox 1991 1565 3566 1639; baseline 0.003 -23"><span class='ocrx_word' id='word_1_534' title='bbox 1991 1581 2102 1616; x_wconf 88' lang='lat' dir='ltr'><strong>sum</strong></span> <span class='ocrx_word' id='word_1_535' title='bbox 2128 1565 2191 1620; x_wconf 91' lang='lat' dir='ltr'><strong>de</strong></span> <span class='ocrx_word' id='word_1_536' title='bbox 2205 1577 2339 1620; x_wconf 82' lang='lat' dir='ltr'><strong>utero</strong></span> <span class='ocrx_word' id='word_1_537' title='bbox 2363 1570 2536 1622; x_wconf 83' lang='lat' dir='ltr'><strong>matris</strong></span> <span class='ocrx_word' id='word_1_538' title='bbox 2559 1585 2680 1623; x_wconf 75' lang='lat' dir='ltr'><strong>mete</strong></span> <span class='ocrx_word' id='word_1_539' title='bbox 2696 1611 2709 1635; x_wconf 93' lang='lat'><strong>,</strong></span> <span class='ocrx_word' id='word_1_540' title='bbox 2737 1580 2780 1623; x_wconf 88' lang='lat' dir='ltr'><strong>et</strong></span> <span class='ocrx_word' id='word_1_541' title='bbox 2797 1570 2961 1622; x_wconf 85' lang='lat' dir='ltr'><strong>nudus</strong></span> <span class='ocrx_word' id='word_1_542' title='bbox 2982 1579 3201 1622; x_wconf 83' lang='lat' dir='ltr'><strong>revertar</strong></span> <span class='ocrx_word' id='word_1_543' title='bbox 3217 1567 3338 1637; x_wconf 78' lang='lat' dir='ltr'><strong>(Job</strong></span> <span class='ocrx_word' id='word_1_544' title='bbox 3379 1570 3426 1621; x_wconf 87' lang='grc'><strong>1.</strong></span> <span class='ocrx_word' id='word_1_545' title='bbox 3449 1568 3566 1639; x_wconf 70' lang='grc'><strong>21).</strong></span> 
     </span>
    </p>
   </div>
   <div class='ocr_carea' id='block_1_75' title="bbox 1990 1655 3569 1729">
    <p class='ocr_par' dir='ltr' id='par_1_75' title="bbox 1990 1655 3569 1729">
     <span class='ocr_line' id='line_1_75' title="bbox 1990 1655 3569 1729; baseline 0.001 -21"><span class='ocrx_word' id='word_1_546' title='bbox 1990 1655 2124 1709; x_wconf 86' lang='lat' dir='ltr'><strong>Num</strong></span> <span class='ocrx_word' id='word_1_547' title='bbox 2179 1660 2404 1712; x_wconf 75' lang='lat' dir='ltr'><strong>exsilia?</strong></span> <span class='ocrx_word' id='word_1_548' title='bbox 2453 1659 2662 1713; x_wconf 83' lang='lat' dir='ltr'><strong>Domini</strong></span> <span class='ocrx_word' id='word_1_549' title='bbox 2713 1672 2786 1714; x_wconf 87' lang='lat' dir='ltr'><strong>est</strong></span> <span class='ocrx_word' id='word_1_550' title='bbox 2840 1671 3004 1722; x_wconf 77' lang='lat' dir='ltr'><strong>terra,</strong></span> <span class='ocrx_word' id='word_1_551' title='bbox 3057 1669 3100 1713; x_wconf 89' lang='lat' dir='ltr'><strong>et</strong></span> <span class='ocrx_word' id='word_1_552' title='bbox 3155 1658 3414 1728; x_wconf 80' lang='lat' dir='ltr'><strong>plenitudo</strong></span> <span class='ocrx_word' id='word_1_553' title='bbox 3461 1659 3569 1729; x_wconf 82' lang='lat' dir='ltr'><strong>ejus</strong></span> 
     </span>
    </p>
   </div>
   <div class='ocr_carea' id='block_1_76' title="bbox 1993 1747 3566 1823">
    <p class='ocr_par' dir='ltr' id='par_1_76' title="bbox 1993 1747 3566 1823">
     <span class='ocr_line' id='line_1_76' title="bbox 1993 1747 3566 1823; baseline 0 -23"><span class='ocrx_word' id='word_1_554' title='bbox 1993 1747 2212 1814; x_wconf 83' lang='lat' dir='ltr'><strong>(Psalm.</strong></span> <span class='ocrx_word' id='word_1_555' title='bbox 2240 1751 2329 1806; x_wconf 71' lang='lat'><strong>23.</strong></span> <span class='ocrx_word' id='word_1_556' title='bbox 2355 1751 2434 1823; x_wconf 73' lang='grc' dir='ltr'><strong>Ξ).</strong></span> <span class='ocrx_word' id='word_1_557' title='bbox 2463 1751 2600 1806; x_wconf 89' lang='lat' dir='ltr'><strong>Num</strong></span> <span class='ocrx_word' id='word_1_558' title='bbox 2631 1751 2952 1806; x_wconf 86' lang='lat' dir='ltr'><strong>calumniae?</strong></span> <span class='ocrx_word' id='word_1_559' title='bbox 2983 1750 3207 1805; x_wconf 86' lang='lat' dir='ltr'><strong>Gaudete</strong></span> <span class='ocrx_word' id='word_1_560' title='bbox 3235 1761 3280 1804; x_wconf 88' lang='lat' dir='ltr'><strong>et</strong></span> <span class='ocrx_word' id='word_1_561' title='bbox 3302 1749 3566 1813; x_wconf 74' lang='lat' dir='ltr'><strong>exsatiate,</strong></span> 
     </span>
    </p>
   </div>
   <div class='ocr_carea' id='block_1_77' title="bbox 1989 1841 3568 1896">
    <p class='ocr_par' dir='ltr' id='par_1_77' title="bbox 1989 1841 3568 1896">
     <span class='ocr_line' id='line_1_77' title="bbox 1989 1841 3568 1896; baseline 0.001 -6"><span class='ocrx_word' id='word_1_562' title='bbox 1989 1853 2105 1891; x_wconf 86' lang='lat' dir='ltr'><strong>cum</strong></span> <span class='ocrx_word' id='word_1_563' title='bbox 2131 1841 2353 1895; x_wconf 77' lang='lat' dir='ltr'><strong>dixerint</strong></span> <span class='ocrx_word' id='word_1_564' title='bbox 2393 1860 2540 1896; x_wconf 88' lang='lat' dir='ltr'><strong>omne</strong></span> <span class='ocrx_word' id='word_1_565' title='bbox 2566 1844 2754 1895; x_wconf 86' lang='lat' dir='ltr'><strong>malum</strong></span> <span class='ocrx_word' id='word_1_566' title='bbox 2780 1845 2977 1896; x_wconf 85' lang='lat' dir='ltr'><strong>verbum</strong></span> <span class='ocrx_word' id='word_1_567' title='bbox 3023 1841 3287 1894; x_wconf 84' lang='lat' dir='ltr'><strong>adversum</strong></span> <span class='ocrx_word' id='word_1_568' title='bbox 3315 1854 3400 1893; x_wconf 77' lang='lat' dir='ltr'><strong>vos</strong></span> <span class='ocrx_word' id='word_1_569' title='bbox 3427 1855 3568 1892; x_wconf 82' lang='lat' dir='ltr'><strong>men-</strong></span> 
     </span>
    </p>
   </div>
   <div class='ocr_carea' id='block_1_78' title="bbox 1989 1930 3568 2001">
    <p class='ocr_par' dir='ltr' id='par_1_78' title="bbox 1989 1930 3568 2001">
     <span class='ocr_line' id='line_1_78' title="bbox 1989 1930 3568 2001; baseline -0.001 -17"><span class='ocrx_word' id='word_1_570' title='bbox 1989 1933 2204 1997; x_wconf 85' lang='lat' dir='ltr'><strong>tientes,</strong></span> <span class='ocrx_word' id='word_1_571' title='bbox 2259 1935 2499 2001; x_wconf 84' lang='lat' dir='ltr'><strong>quoniam</strong></span> <span class='ocrx_word' id='word_1_572' title='bbox 2552 1951 2740 1988; x_wconf 77' lang='lat' dir='ltr'><strong>merces</strong></span> <span class='ocrx_word' id='word_1_573' title='bbox 2787 1943 2951 1988; x_wconf 80' lang='lat' dir='ltr'><strong>vestra</strong></span> <span class='ocrx_word' id='word_1_574' title='bbox 2999 1932 3161 1986; x_wconf 85' lang='lat' dir='ltr'><strong>multa</strong></span> <span class='ocrx_word' id='word_1_575' title='bbox 3210 1941 3282 1986; x_wconf 83' lang='lat' dir='ltr'><strong>est</strong></span> <span class='ocrx_word' id='word_1_576' title='bbox 3328 1933 3381 1984; x_wconf 88' lang='lat' dir='ltr'><strong>in</strong></span> <span class='ocrx_word' id='word_1_577' title='bbox 3431 1930 3568 1984; x_wconf 74' lang='lat' dir='ltr'><strong>cwlis</strong></span> 
     </span>
    </p>
   </div>
   <div class='ocr_carea' id='block_1_79' title="bbox 1991 2021 3564 2094">
    <p class='ocr_par' dir='ltr' id='par_1_79' title="bbox 1991 2021 3564 2094">
     <span class='ocr_line' id='line_1_79' title="bbox 1991 2021 3564 2094; baseline 0 -22"><span class='ocrx_word' id='word_1_578' title='bbox 1991 2021 2200 2094; x_wconf 81' lang='lat' dir='ltr'><strong>(Matth.</strong></span> <span class='ocrx_word' id='word_1_579' title='bbox 2247 2023 2300 2076; x_wconf 75' lang='grc' dir='ltr'><strong>ὅ.</strong></span> <span class='ocrx_word' id='word_1_580' title='bbox 2345 2023 2453 2093; x_wconf 73' lang='grc'><strong>12).</strong></span> <span class='ocrx_word' id='word_1_581' title='bbox 2509 2023 2762 2078; x_wconf 87' lang='lat' dir='ltr'><strong>Videbam</strong></span> <span class='ocrx_word' id='word_1_582' title='bbox 2801 2025 3037 2094; x_wconf 85' lang='lat' dir='ltr'><strong>gladios,</strong></span> <span class='ocrx_word' id='word_1_583' title='bbox 3093 2032 3148 2077; x_wconf 90' lang='lat' dir='ltr'><strong>et</strong></span> <span class='ocrx_word' id='word_1_584' title='bbox 3185 2021 3372 2076; x_wconf 68' lang='lat' dir='ltr'><strong>crelum</strong></span> <span class='ocrx_word' id='word_1_585' title='bbox 3417 2021 3564 2088; x_wconf 85' lang='lat' dir='ltr'><strong>cogi-</strong></span> 
     </span>
    </p>
   </div>
   <div class='ocr_carea' id='block_1_80' title="bbox 1990 2110 3566 2182">
    <p class='ocr_par' dir='ltr' id='par_1_80' title="bbox 1990 2110 3566 2182">
     <span class='ocr_line' id='line_1_80' title="bbox 1990 2110 3566 2182; baseline -0.003 -16"><span class='ocrx_word' id='word_1_586' title='bbox 1990 2113 2163 2167; x_wconf 89' lang='lat' dir='ltr'><strong>tabam</strong></span> <span class='ocrx_word' id='word_1_587' title='bbox 2193 2129 2205 2165; x_wconf 90' lang='lat'><strong>:</strong></span> <span class='ocrx_word' id='word_1_588' title='bbox 2235 2113 2612 2182; x_wconf 83' lang='lat' dir='ltr'><strong>exspectabam</strong></span> <span class='ocrx_word' id='word_1_589' title='bbox 2637 2124 2882 2177; x_wconf 90' lang='lat' dir='ltr'><strong>mortem,</strong></span> <span class='ocrx_word' id='word_1_590' title='bbox 2912 2123 2965 2168; x_wconf 92' lang='lat' dir='ltr'><strong>et</strong></span> <span class='ocrx_word' id='word_1_591' title='bbox 2989 2115 3040 2166; x_wconf 91' lang='lat' dir='ltr'><strong>in</strong></span> <span class='ocrx_word' id='word_1_592' title='bbox 3064 2121 3292 2167; x_wconf 92' lang='lat' dir='ltr'><strong>mentem</strong></span> <span class='ocrx_word' id='word_1_593' title='bbox 3320 2110 3566 2164; x_wconf 89' lang='lat' dir='ltr'><strong>veniebat</strong></span> 
     </span>
    </p>
   </div>
   <div class='ocr_carea' id='block_1_81' title="bbox 1987 2187 3564 2278">
    <p class='ocr_par' dir='ltr' id='par_1_81' title="bbox 1987 2187 3564 2278">
     <span class='ocr_line' id='line_1_81' title="bbox 1987 2187 3564 2278; baseline -0.003 -22"><span class='ocrx_word' id='word_1_594' title='bbox 1987 2187 2309 2257; x_wconf 86' lang='lat' dir='ltr'><strong>resurrectio</strong></span> <span class='ocrx_word' id='word_1_595' title='bbox 2335 2221 2348 2256; x_wconf 87' lang='lat'><strong>:</strong></span> <span class='ocrx_word' id='word_1_596' title='bbox 2385 2203 2480 2278; x_wconf 85' lang='lat' dir='ltr'><strong>has</strong></span> <span class='ocrx_word' id='word_1_597' title='bbox 2505 2202 2716 2256; x_wconf 87' lang='lat' dir='ltr'><strong>infimas</strong></span> <span class='ocrx_word' id='word_1_598' title='bbox 2745 2217 3010 2256; x_wconf 62' lang='lat' dir='ltr'><strong>mrumnas</strong></span> <span class='ocrx_word' id='word_1_599' title='bbox 3044 2200 3358 2262; x_wconf 88' lang='lat' dir='ltr'><strong>cernebam,</strong></span> <span class='ocrx_word' id='word_1_600' title='bbox 3390 2208 3445 2252; x_wconf 91' lang='lat' dir='ltr'><strong>et</strong></span> <span class='ocrx_word' id='word_1_601' title='bbox 3471 2214 3564 2252; x_wconf 89' lang='lat' dir='ltr'><strong>su-</strong></span> 
     </span>
    </p>
   </div>
   <div class='ocr_carea' id='block_1_82' title="bbox 1985 2291 3567 2364">
    <p class='ocr_par' dir='ltr' id='par_1_82' title="bbox 1985 2291 3567 2364">
     <span class='ocr_line' id='line_1_82' title="bbox 1985 2291 3567 2364; baseline -0.003 -17"><span class='ocrx_word' id='word_1_602' title='bbox 1985 2307 2150 2364; x_wconf 89' lang='lat' dir='ltr'><strong>perna</strong></span> <span class='ocrx_word' id='word_1_603' title='bbox 2181 2295 2396 2362; x_wconf 62' lang='lat' dir='ltr'><strong>praemia</strong></span> <span class='ocrx_word' id='word_1_604' title='bbox 2438 2294 2781 2349; x_wconf 89' lang='lat' dir='ltr'><strong>numerabam</strong></span> <span class='ocrx_word' id='word_1_605' title='bbox 2809 2311 2821 2346; x_wconf 93' lang='lat'><strong>:</strong></span> <span class='ocrx_word' id='word_1_606' title='bbox 2856 2293 3073 2347; x_wconf 92' lang='lat' dir='ltr'><strong>insidias</strong></span> <span class='ocrx_word' id='word_1_607' title='bbox 3103 2291 3480 2355; x_wconf 81' lang='lat' dir='ltr'><strong>Observabam,</strong></span> <span class='ocrx_word' id='word_1_608' title='bbox 3511 2301 3567 2344; x_wconf 88' lang='lat' dir='ltr'><strong>et</strong></span> 
     </span>
    </p>
   </div>
   <div class='ocr_carea' id='block_1_83' title="bbox 1986 2385 3564 2453">
    <p class='ocr_par' dir='ltr' id='par_1_83' title="bbox 1986 2385 3564 2453">
     <span class='ocr_line' id='line_1_83' title="bbox 1986 2385 3564 2453; baseline -0.001 -17"><span class='ocrx_word' id='word_1_609' title='bbox 1986 2397 2274 2453; x_wconf 84' lang='lat' dir='ltr'><strong>supernam</strong></span> <span class='ocrx_word' id='word_1_610' title='bbox 2325 2400 2578 2441; x_wconf 89' lang='lat' dir='ltr'><strong>coronam</strong></span> <span class='ocrx_word' id='word_1_611' title='bbox 2626 2386 2958 2448; x_wconf 90' lang='lat' dir='ltr'><strong>meditabar;</strong></span> <span class='ocrx_word' id='word_1_612' title='bbox 3011 2385 3358 2439; x_wconf 88' lang='lat' dir='ltr'><strong>certaminum</strong></span> <span class='ocrx_word' id='word_1_613' title='bbox 3404 2397 3564 2453; x_wconf 84' lang='lat' dir='ltr'><strong>argu-</strong></span> 
     </span>
    </p>
   </div>
   <div class='ocr_carea' id='block_1_84' title="bbox 1985 2473 3564 2548">
    <p class='ocr_par' dir='ltr' id='par_1_84' title="bbox 1985 2473 3564 2548">
     <span class='ocr_line' id='line_1_84' title="bbox 1985 2473 3564 2548; baseline -0.001 -20"><span class='ocrx_word' id='word_1_614' title='bbox 1985 2484 2222 2530; x_wconf 90' lang='lat' dir='ltr'><strong>mentum</strong></span> <span class='ocrx_word' id='word_1_615' title='bbox 2252 2477 2382 2530; x_wconf 92' lang='lat' dir='ltr'><strong>satis</strong></span> <span class='ocrx_word' id='word_1_616' title='bbox 2407 2476 2610 2548; x_wconf 89' lang='lat' dir='ltr'><strong>eratad</strong></span> <span class='ocrx_word' id='word_1_617' title='bbox 2641 2476 3081 2530; x_wconf 89' lang='lat' dir='ltr'><strong>consolationem.</strong></span> <span class='ocrx_word' id='word_1_618' title='bbox 3110 2473 3426 2529; x_wconf 89' lang='lat' dir='ltr'><strong>Abduccbar</strong></span> <span class='ocrx_word' id='word_1_619' title='bbox 3456 2473 3564 2526; x_wconf 83' lang='lat' dir='ltr'><strong>uti-</strong></span> 
     </span>
    </p>
   </div>
   <div class='ocr_carea' id='block_1_85' title="bbox 1984 2567 3564 2637">
    <p class='ocr_par' dir='ltr' id='par_1_85' title="bbox 1984 2567 3564 2637">
     <span class='ocr_line' id='line_1_85' title="bbox 1984 2567 3564 2637; baseline -0.003 -16"><span class='ocrx_word' id='word_1_620' title='bbox 1984 2583 2117 2637; x_wconf 91' lang='lat' dir='ltr'><strong>que;</strong></span> <span class='ocrx_word' id='word_1_621' title='bbox 2148 2569 2246 2623; x_wconf 88' lang='lat' dir='ltr'><strong>sed</strong></span> <span class='ocrx_word' id='word_1_622' title='bbox 2277 2569 2329 2623; x_wconf 93' lang='lat' dir='ltr'><strong>id</strong></span> <span class='ocrx_word' id='word_1_623' title='bbox 2373 2569 2503 2624; x_wconf 93' lang='lat' dir='ltr'><strong>mihi</strong></span> <span class='ocrx_word' id='word_1_624' title='bbox 2530 2570 2867 2624; x_wconf 82' lang='lat' dir='ltr'><strong>contumelia:</strong></span> <span class='ocrx_word' id='word_1_625' title='bbox 2908 2584 3013 2622; x_wconf 92' lang='lat' dir='ltr'><strong>non</strong></span> <span class='ocrx_word' id='word_1_626' title='bbox 3040 2580 3152 2622; x_wconf 89' lang='lat' dir='ltr'><strong>erat</strong></span> <span class='ocrx_word' id='word_1_627' title='bbox 3185 2567 3340 2621; x_wconf 79' lang='lat' dir='ltr'><strong>:‘ima</strong></span> <span class='ocrx_word' id='word_1_628' title='bbox 3367 2567 3564 2636; x_wconf 89' lang='lat' dir='ltr'><strong>quippe</strong></span> 
     </span>
    </p>
   </div>
   <div class='ocr_carea' id='block_1_86' title="bbox 1984 2657 3563 2731">
    <p class='ocr_par' dir='ltr' id='par_1_86' title="bbox 1984 2657 3563 2731">
     <span class='ocr_line' id='line_1_86' title="bbox 1984 2657 3563 2731; baseline -0.001 -17"><span class='ocrx_word' id='word_1_629' title='bbox 1984 2660 2302 2715; x_wconf 89' lang='lat' dir='ltr'><strong>contumelia</strong></span> <span class='ocrx_word' id='word_1_630' title='bbox 2335 2669 2444 2725; x_wconf 88' lang='lat' dir='ltr'><strong>est,</strong></span> <span class='ocrx_word' id='word_1_631' title='bbox 2479 2671 2773 2731; x_wconf 87' lang='lat' dir='ltr'><strong>peccatum.</strong></span> <span class='ocrx_word' id='word_1_632' title='bbox 2813 2660 2963 2715; x_wconf 89' lang='lat' dir='ltr'><strong>Licet</strong></span> <span class='ocrx_word' id='word_1_633' title='bbox 2990 2660 3130 2715; x_wconf 90' lang='lat' dir='ltr'><strong>enim</strong></span> <span class='ocrx_word' id='word_1_634' title='bbox 3168 2668 3218 2714; x_wconf 89' lang='lat' dir='ltr'><strong>te</strong></span> <span class='ocrx_word' id='word_1_635' title='bbox 3248 2667 3389 2712; x_wconf 87' lang='lat' dir='ltr'><strong>totus</strong></span> <span class='ocrx_word' id='word_1_636' title='bbox 3416 2657 3563 2712; x_wconf 80' lang='lat' dir='ltr'><strong>orbis</strong></span> 
     </span>
    </p>
   </div>
   <div class='ocr_carea' id='block_1_87' title="bbox 1984 2747 3558 2824">
    <p class='ocr_par' dir='ltr' id='par_1_87' title="bbox 1984 2747 3558 2824">
     <span class='ocr_line' id='line_1_87' title="bbox 1984 2747 3558 2824; baseline -0.002 -20"><span class='ocrx_word' id='word_1_637' title='bbox 1984 2753 2304 2806; x_wconf 89' lang='lat' dir='ltr'><strong>contumelia</strong></span> <span class='ocrx_word' id='word_1_638' title='bbox 2333 2752 2587 2817; x_wconf 80' lang='lat' dir='ltr'><strong>affecerit,</strong></span> <span class='ocrx_word' id='word_1_639' title='bbox 2622 2753 2664 2806; x_wconf 90' lang='lat' dir='ltr'><strong>si</strong></span> <span class='ocrx_word' id='word_1_640' title='bbox 2696 2767 2812 2824; x_wconf 77' lang='lat' dir='ltr'><strong>eam</strong></span> <span class='ocrx_word' id='word_1_641' title='bbox 2844 2761 2896 2806; x_wconf 92' lang='lat' dir='ltr'><strong>tu</strong></span> <span class='ocrx_word' id='word_1_642' title='bbox 2929 2751 3020 2804; x_wconf 87' lang='lat' dir='ltr'><strong>tibi</strong></span> <span class='ocrx_word' id='word_1_643' title='bbox 3055 2751 3167 2820; x_wconf 89' lang='lat' dir='ltr'><strong>ipse</strong></span> <span class='ocrx_word' id='word_1_644' title='bbox 3196 2765 3298 2802; x_wconf 91' lang='lat' dir='ltr'><strong>non</strong></span> <span class='ocrx_word' id='word_1_645' title='bbox 3329 2747 3558 2812; x_wconf 86' lang='lat' dir='ltr'><strong>inferas,</strong></span> 
     </span>
    </p>
   </div>
   <div class='ocr_carea' id='block_1_88' title="bbox 1984 2839 3559 2912">
    <p class='ocr_par' dir='ltr' id='par_1_88' title="bbox 1984 2839 3559 2912">
     <span class='ocr_line' id='line_1_88' title="bbox 1984 2839 3559 2912; baseline -0.001 -16"><span class='ocrx_word' id='word_1_646' title='bbox 1984 2857 2312 2912; x_wconf 89' lang='lat' dir='ltr'><strong>nequaquam</strong></span> <span class='ocrx_word' id='word_1_647' title='bbox 2339 2844 2658 2898; x_wconf 85' lang='lat' dir='ltr'><strong>contumelia</strong></span> <span class='ocrx_word' id='word_1_648' title='bbox 2685 2842 2906 2899; x_wconf 72' lang='lat' dir='ltr'><strong>affectus</strong></span> <span class='ocrx_word' id='word_1_649' title='bbox 2930 2858 3010 2898; x_wconf 88' lang='lat' dir='ltr'><strong>es.</strong></span> <span class='ocrx_word' id='word_1_650' title='bbox 3040 2841 3273 2897; x_wconf 90' lang='lat' dir='ltr'><strong>Pruditio</strong></span> <span class='ocrx_word' id='word_1_651' title='bbox 3298 2857 3358 2896; x_wconf 92' lang='lat' dir='ltr'><strong>ea</strong></span> <span class='ocrx_word' id='word_1_652' title='bbox 3388 2839 3559 2895; x_wconf 89' lang='lat' dir='ltr'><strong>solum</strong></span> 
     </span>
    </p>
   </div>
   <div class='ocr_carea' id='block_1_89' title="bbox 1988 2931 3562 3006">
    <p class='ocr_par' dir='ltr' id='par_1_89' title="bbox 1988 2931 3562 3006">
     <span class='ocr_line' id='line_1_89' title="bbox 1988 2931 3562 3006; baseline -0.002 -16"><span class='ocrx_word' id='word_1_653' title='bbox 1988 2945 2092 3003; x_wconf 91' lang='lat' dir='ltr'><strong>est,</strong></span> <span class='ocrx_word' id='word_1_654' title='bbox 2122 2951 2240 3005; x_wconf 81' lang='lat' dir='ltr'><strong>qua:</strong></span> <span class='ocrx_word' id='word_1_655' title='bbox 2269 2952 2336 2992; x_wconf 82' lang='lat' dir='ltr'><strong>ex</strong></span> <span class='ocrx_word' id='word_1_656' title='bbox 2381 2937 2703 2991; x_wconf 90' lang='lat' dir='ltr'><strong>conscientia</strong></span> <span class='ocrx_word' id='word_1_657' title='bbox 2749 2934 3006 3006; x_wconf 90' lang='lat' dir='ltr'><strong>procedit.</strong></span> <span class='ocrx_word' id='word_1_658' title='bbox 3054 2934 3131 2989; x_wconf 82' lang='lat' dir='ltr'><strong>Ne</strong></span> <span class='ocrx_word' id='word_1_659' title='bbox 3177 2944 3318 2988; x_wconf 91' lang='lat' dir='ltr'><strong>tuam</strong></span> <span class='ocrx_word' id='word_1_660' title='bbox 3367 2931 3562 3003; x_wconf 85' lang='lat' dir='ltr'><strong>prodas</strong></span> 
     </span>
    </p>
   </div>
   <div class='ocr_carea' id='block_1_90' title="bbox 1980 3023 3558 3097">
    <p class='ocr_par' dir='ltr' id='par_1_90' title="bbox 1980 3023 3558 3097">
     <span class='ocr_line' id='line_1_90' title="bbox 1980 3023 3558 3097; baseline -0.003 -16"><span class='ocrx_word' id='word_1_661' title='bbox 1980 3028 2360 3082; x_wconf 90' lang='lat' dir='ltr'><strong>conscientiam</strong></span> <span class='ocrx_word' id='word_1_662' title='bbox 2393 3039 2444 3084; x_wconf 91' lang='lat' dir='ltr'><strong>et</strong></span> <span class='ocrx_word' id='word_1_663' title='bbox 2474 3043 2632 3082; x_wconf 91' lang='lat' dir='ltr'><strong>nemo</strong></span> <span class='ocrx_word' id='word_1_664' title='bbox 2663 3035 2713 3081; x_wconf 91' lang='lat' dir='ltr'><strong>te</strong></span> <span class='ocrx_word' id='word_1_665' title='bbox 2742 3027 2952 3097; x_wconf 88' lang='lat' dir='ltr'><strong>prodet.</strong></span> <span class='ocrx_word' id='word_1_666' title='bbox 2999 3025 3352 3092; x_wconf 88' lang='lat' dir='ltr'><strong>Abduccbar,</strong></span> <span class='ocrx_word' id='word_1_667' title='bbox 3378 3034 3434 3078; x_wconf 93' lang='lat' dir='ltr'><strong>et</strong></span> <span class='ocrx_word' id='word_1_668' title='bbox 3475 3023 3558 3078; x_wconf 81' lang='lat' dir='ltr'><strong>vi-</strong></span> 
     </span>
    </p>
   </div>
   <div class='ocr_carea' id='block_1_91' title="bbox 1981 3117 3558 3191">
    <p class='ocr_par' dir='ltr' id='par_1_91' title="bbox 1981 3117 3558 3191">
     <span class='ocr_line' id='line_1_91' title="bbox 1981 3117 3558 3191; baseline -0.003 -16"><span class='ocrx_word' id='word_1_669' title='bbox 1981 3119 2170 3175; x_wconf 89' lang='lat' dir='ltr'><strong>debam</strong></span> <span class='ocrx_word' id='word_1_670' title='bbox 2198 3121 2439 3191; x_wconf 87' lang='lat' dir='ltr'><strong>negotia;</strong></span> <span class='ocrx_word' id='word_1_671' title='bbox 2472 3121 2578 3174; x_wconf 92' lang='lat' dir='ltr'><strong>imo</strong></span> <span class='ocrx_word' id='word_1_672' title='bbox 2603 3120 2777 3190; x_wconf 89' lang='lat' dir='ltr'><strong>potius</strong></span> <span class='ocrx_word' id='word_1_673' title='bbox 2807 3119 2966 3173; x_wconf 90' lang='lat' dir='ltr'><strong>verba</strong></span> <span class='ocrx_word' id='word_1_674' title='bbox 2987 3133 3104 3173; x_wconf 90' lang='lat' dir='ltr'><strong>mea</strong></span> <span class='ocrx_word' id='word_1_675' title='bbox 3131 3118 3181 3172; x_wconf 92' lang='lat' dir='ltr'><strong>in</strong></span> <span class='ocrx_word' id='word_1_676' title='bbox 3207 3117 3414 3187; x_wconf 89' lang='lat' dir='ltr'><strong>negotia</strong></span> <span class='ocrx_word' id='word_1_677' title='bbox 3432 3131 3558 3170; x_wconf 87' lang='lat' dir='ltr'><strong>con-</strong></span> 
     </span>
    </p>
   </div>
   <div class='ocr_carea' id='block_1_92' title="bbox 1982 3209 3557 3284">
    <p class='ocr_par' dir='ltr' id='par_1_92' title="bbox 1982 3209 3557 3284">
     <span class='ocr_line' id='line_1_92' title="bbox 1982 3209 3557 3284; baseline -0.001 -20"><span class='ocrx_word' id='word_1_678' title='bbox 1982 3229 2156 3278; x_wconf 87' lang='lat' dir='ltr'><strong>versa,</strong></span> <span class='ocrx_word' id='word_1_679' title='bbox 2199 3228 2392 3284; x_wconf 90' lang='lat' dir='ltr'><strong>nempe</strong></span> <span class='ocrx_word' id='word_1_680' title='bbox 2427 3215 2738 3268; x_wconf 91' lang='lat' dir='ltr'><strong>concionem</strong></span> <span class='ocrx_word' id='word_1_681' title='bbox 2795 3227 2989 3276; x_wconf 90' lang='lat' dir='ltr'><strong>meam,</strong></span> <span class='ocrx_word' id='word_1_682' title='bbox 3032 3225 3192 3280; x_wconf 91' lang='lat' dir='ltr'><strong>quam</strong></span> <span class='ocrx_word' id='word_1_683' title='bbox 3240 3209 3415 3263; x_wconf 90' lang='lat' dir='ltr'><strong>verbis</strong></span> <span class='ocrx_word' id='word_1_684' title='bbox 3458 3209 3557 3262; x_wconf 84' lang='lat' dir='ltr'><strong>ha-</strong></span> 
     </span>
    </p>
   </div>
   <div class='ocr_carea' id='block_1_93' title="bbox 1981 3301 3555 3375">
    <p class='ocr_par' dir='ltr' id='par_1_93' title="bbox 1981 3301 3555 3375">
     <span class='ocr_line' id='line_1_93' title="bbox 1981 3301 3555 3375; baseline -0.006 -14"><span class='ocrx_word' id='word_1_685' title='bbox 1981 3306 2222 3372; x_wconf 90' lang='lat' dir='ltr'><strong>bueram,</strong></span> <span class='ocrx_word' id='word_1_686' title='bbox 2272 3306 2325 3360; x_wconf 92' lang='lat' dir='ltr'><strong>in</strong></span> <span class='ocrx_word' id='word_1_687' title='bbox 2363 3307 2477 3360; x_wconf 93' lang='lat' dir='ltr'><strong>foro</strong></span> <span class='ocrx_word' id='word_1_688' title='bbox 2516 3320 2610 3375; x_wconf 91' lang='lat' dir='ltr'><strong>per</strong></span> <span class='ocrx_word' id='word_1_689' title='bbox 2646 3319 2734 3359; x_wconf 92' lang='lat' dir='ltr'><strong>res</strong></span> <span class='ocrx_word' id='word_1_690' title='bbox 2780 3304 2920 3374; x_wconf 90' lang='lat' dir='ltr'><strong>ipsas</strong></span> <span class='ocrx_word' id='word_1_691' title='bbox 2949 3302 3341 3357; x_wconf 89' lang='lat' dir='ltr'><strong>deuunciatam.</strong></span> <span class='ocrx_word' id='word_1_692' title='bbox 3387 3301 3555 3366; x_wconf 93' lang='lat' dir='ltr'><strong>Quam</strong></span> 
     </span>
    </p>
   </div>
   <div class='ocr_carea' id='block_1_94' title="bbox 1979 3391 3561 3467">
    <p class='ocr_par' dir='ltr' id='par_1_94' title="bbox 1979 3391 3561 3467">
     <span class='ocr_line' id='line_1_94' title="bbox 1979 3391 3561 3467; baseline -0.005 -11"><span class='ocrx_word' id='word_1_693' title='bbox 1979 3400 2333 3456; x_wconf 89' lang='lat' dir='ltr'><strong>concionem?</strong></span> <span class='ocrx_word' id='word_1_694' title='bbox 2361 3400 2490 3454; x_wconf 89' lang='lat' dir='ltr'><strong>Eam</strong></span> <span class='ocrx_word' id='word_1_695' title='bbox 2537 3415 2695 3467; x_wconf 87' lang='lat' dir='ltr'><strong>quam</strong></span> <span class='ocrx_word' id='word_1_696' title='bbox 2735 3411 2948 3466; x_wconf 89' lang='lat' dir='ltr'><strong>semper</strong></span> <span class='ocrx_word' id='word_1_697' title='bbox 2978 3394 3239 3450; x_wconf 86' lang='lat' dir='ltr'><strong>dicebam.</strong></span> <span class='ocrx_word' id='word_1_698' title='bbox 3268 3391 3561 3448; x_wconf 85' lang='lat' dir='ltr'><strong>lnsuftlavit</strong></span> 
     </span>
    </p>
   </div>
   <div class='ocr_carea' id='block_1_95' title="bbox 1912 3484 3557 3560">
    <p class='ocr_par' dir='ltr' id='par_1_95' title="bbox 1912 3484 3557 3560">
     <span class='ocr_line' id='line_1_95' title="bbox 1912 3484 3557 3560; baseline -0.005 -13"><span class='ocrx_word' id='word_1_699' title='bbox 1912 3497 1914 3504; x_wconf 80' lang='grc'><em>’</em></span> <span class='ocrx_word' id='word_1_700' title='bbox 1979 3503 2188 3558; x_wconf 87' lang='lat' dir='ltr'><strong>ventus,</strong></span> <span class='ocrx_word' id='word_1_701' title='bbox 2218 3501 2271 3545; x_wconf 90' lang='lat' dir='ltr'><strong>et</strong></span> <span class='ocrx_word' id='word_1_702' title='bbox 2298 3490 2422 3546; x_wconf 90' lang='lat' dir='ltr'><strong>folia</strong></span> <span class='ocrx_word' id='word_1_703' title='bbox 2457 3489 2670 3560; x_wconf 90' lang='lat' dir='ltr'><strong>dejecit.</strong></span> <span class='ocrx_word' id='word_1_704' title='bbox 2697 3484 3018 3542; x_wconf 76' lang='lat' dir='ltr'><strong>Exsiccatum</strong></span> <span class='ocrx_word' id='word_1_705' title='bbox 3049 3495 3122 3540; x_wconf 84' lang='lat' dir='ltr'><strong>est</strong></span> <span class='ocrx_word' id='word_1_706' title='bbox 3149 3489 3358 3556; x_wconf 76' lang='lat' dir='ltr'><strong>faenum,</strong></span> <span class='ocrx_word' id='word_1_707' title='bbox 3389 3495 3435 3537; x_wconf 86' lang='lat' dir='ltr'><strong>et</strong></span> <span class='ocrx_word' id='word_1_708' title='bbox 3459 3484 3557 3554; x_wconf 77' lang='lat' dir='ltr'><strong>ﬂos</strong></span> 
     </span>
    </p>
   </div>
   <div class='ocr_carea' id='block_1_96' title="bbox 1979 3575 3553 3654">
    <p class='ocr_par' dir='ltr' id='par_1_96' title="bbox 1979 3575 3553 3654">
     <span class='ocr_line' id='line_1_96' title="bbox 1979 3575 3553 3654; baseline -0.006 -17"><span class='ocrx_word' id='word_1_709' title='bbox 1979 3583 2381 3654; x_wconf 80' lang='lat' dir='ltr'><strong>decidit(llesai.</strong></span> <span class='ocrx_word' id='word_1_710' title='bbox 2405 3583 2492 3638; x_wconf 73' lang='grc'><strong>40.</strong></span> <span class='ocrx_word' id='word_1_711' title='bbox 2510 3580 2587 3654; x_wconf 83' lang='grc'><strong>8).</strong></span> <span class='ocrx_word' id='word_1_712' title='bbox 2606 3581 2750 3636; x_wconf 85' lang='lat' dir='ltr'><strong>Abiit</strong></span> <span class='ocrx_word' id='word_1_713' title='bbox 2775 3595 2899 3646; x_wconf 81' lang='lat' dir='ltr'><strong>nox,</strong></span> <span class='ocrx_word' id='word_1_714' title='bbox 2923 3588 2971 3633; x_wconf 91' lang='lat' dir='ltr'><strong>et</strong></span> <span class='ocrx_word' id='word_1_715' title='bbox 2998 3577 3168 3631; x_wconf 73' lang='lat' dir='ltr'><strong>illuxit</strong></span> <span class='ocrx_word' id='word_1_716' title='bbox 3195 3575 3336 3640; x_wconf 91' lang='lat' dir='ltr'><strong>dies;</strong></span> <span class='ocrx_word' id='word_1_717' title='bbox 3359 3575 3553 3644; x_wconf 86' lang='lat' dir='ltr'><strong>rejecta</strong></span> 
     </span>
    </p>
   </div>
   <div class='ocr_carea' id='block_1_97' title="bbox 1978 3667 3554 3746">
    <p class='ocr_par' dir='ltr' id='par_1_97' title="bbox 1978 3667 3554 3746">
     <span class='ocr_line' id='line_1_97' title="bbox 1978 3667 3554 3746; baseline -0.01 -12"><span class='ocrx_word' id='word_1_718' title='bbox 1978 3689 2060 3734; x_wconf 92' lang='lat' dir='ltr'><strong>est</strong></span> <span class='ocrx_word' id='word_1_719' title='bbox 2081 3678 2288 3741; x_wconf 90' lang='lat' dir='ltr'><strong>umbra,</strong></span> <span class='ocrx_word' id='word_1_720' title='bbox 2312 3684 2366 3731; x_wconf 92' lang='lat' dir='ltr'><strong>et</strong></span> <span class='ocrx_word' id='word_1_721' title='bbox 2393 3677 2636 3746; x_wconf 91' lang='lat' dir='ltr'><strong>apparuit</strong></span> <span class='ocrx_word' id='word_1_722' title='bbox 2657 3673 2872 3728; x_wconf 89' lang='lat' dir='ltr'><strong>veritas.</strong></span> <span class='ocrx_word' id='word_1_723' title='bbox 2901 3671 3269 3726; x_wconf 83' lang='lat' dir='ltr'><strong>Ascenderunt</strong></span> <span class='ocrx_word' id='word_1_724' title='bbox 3298 3683 3463 3736; x_wconf 90' lang='lat' dir='ltr'><strong>usque</strong></span> <span class='ocrx_word' id='word_1_725' title='bbox 3488 3667 3554 3728; x_wconf 79' lang='lat' dir='ltr'><strong>ad</strong></span> 
     </span>
    </p>
   </div>
   <div class='ocr_carea' id='block_1_98' title="bbox 1978 3758 3556 3837">
    <p class='ocr_par' dir='ltr' id='par_1_98' title="bbox 1978 3758 3556 3837">
     <span class='ocr_line' id='line_1_98' title="bbox 1978 3758 3556 3837; baseline -0.01 -11"><span class='ocrx_word' id='word_1_726' title='bbox 1978 3771 2159 3837; x_wconf 62' lang='lat' dir='ltr'><strong>ca‘los,</strong></span> <span class='ocrx_word' id='word_1_727' title='bbox 2190 3779 2243 3825; x_wconf 92' lang='lat' dir='ltr'><strong>et</strong></span> <span class='ocrx_word' id='word_1_728' title='bbox 2277 3767 2670 3823; x_wconf 88' lang='lat' dir='ltr'><strong>descenderunt</strong></span> <span class='ocrx_word' id='word_1_729' title='bbox 2701 3778 2868 3833; x_wconf 89' lang='lat' dir='ltr'><strong>usque</strong></span> <span class='ocrx_word' id='word_1_730' title='bbox 2902 3763 2967 3816; x_wconf 86' lang='lat' dir='ltr'><strong>ad</strong></span> <span class='ocrx_word' id='word_1_731' title='bbox 3017 3760 3307 3831; x_wconf 89' lang='lat' dir='ltr'><strong>planitiem.</strong></span> <span class='ocrx_word' id='word_1_732' title='bbox 3336 3758 3556 3812; x_wconf 84' lang='lat' dir='ltr'><strong>Fluctus</strong></span> 
     </span>
    </p>
   </div>
   <div class='ocr_carea' id='block_1_99' title="bbox 1978 3850 3553 3930">
    <p class='ocr_par' dir='ltr' id='par_1_99' title="bbox 1978 3850 3553 3930">
     <span class='ocr_line' id='line_1_99' title="bbox 1978 3850 3553 3930; baseline -0.009 -14"><span class='ocrx_word' id='word_1_733' title='bbox 1978 3862 2144 3926; x_wconf 91' lang='lat' dir='ltr'><strong>enim,</strong></span> <span class='ocrx_word' id='word_1_734' title='bbox 2175 3861 2264 3930; x_wconf 90' lang='lat' dir='ltr'><strong>qui</strong></span> <span class='ocrx_word' id='word_1_735' title='bbox 2293 3875 2350 3915; x_wconf 90' lang='lat' dir='ltr'><strong>se</strong></span> <span class='ocrx_word' id='word_1_736' title='bbox 2394 3860 2446 3914; x_wconf 92' lang='lat' dir='ltr'><strong>in</strong></span> <span class='ocrx_word' id='word_1_737' title='bbox 2493 3859 2656 3912; x_wconf 89' lang='lat' dir='ltr'><strong>altum</strong></span> <span class='ocrx_word' id='word_1_738' title='bbox 2698 3856 3017 3915; x_wconf 82' lang='lat' dir='ltr'><strong>extulerant,</strong></span> <span class='ocrx_word' id='word_1_739' title='bbox 3047 3867 3142 3921; x_wconf 92' lang='lat' dir='ltr'><strong>per</strong></span> <span class='ocrx_word' id='word_1_740' title='bbox 3180 3850 3407 3904; x_wconf 92' lang='lat' dir='ltr'><strong>humana</strong></span> <span class='ocrx_word' id='word_1_741' title='bbox 3454 3863 3553 3902; x_wconf 89' lang='lat' dir='ltr'><strong>ne-</strong></span> 
     </span>
    </p>
   </div>
   <div class='ocr_carea' id='block_1_100' title="bbox 1976 3941 3550 4023">
    <p class='ocr_par' dir='ltr' id='par_1_100' title="bbox 1976 3941 3550 4023">
     <span class='ocr_line' id='line_1_100' title="bbox 1976 3941 3550 4023; baseline -0.009 -15"><span class='ocrx_word' id='word_1_742' title='bbox 1976 3954 2118 4023; x_wconf 83' lang='lat' dir='ltr'><strong>gotia</strong></span> <span class='ocrx_word' id='word_1_743' title='bbox 2159 3951 2398 4022; x_wconf 89' lang='lat' dir='ltr'><strong>depressi</strong></span> <span class='ocrx_word' id='word_1_744' title='bbox 2448 3958 2590 4003; x_wconf 92' lang='lat' dir='ltr'><strong>sunt.</strong></span> <span class='ocrx_word' id='word_1_745' title='bbox 2625 3944 2941 4014; x_wconf 84' lang='lat' dir='ltr'><strong>Quomodo?</strong></span> <span class='ocrx_word' id='word_1_746' title='bbox 2970 3941 3216 3996; x_wconf 90' lang='lat' dir='ltr'><strong>Doctrina</strong></span> <span class='ocrx_word' id='word_1_747' title='bbox 3256 3947 3411 3994; x_wconf 89' lang='lat' dir='ltr'><strong>erant</strong></span> <span class='ocrx_word' id='word_1_748' title='bbox 3451 3955 3550 4005; x_wconf 89' lang='lat' dir='ltr'><strong>ea,</strong></span> 
     </span>
    </p>
   </div>
   <div class='ocr_carea' id='block_1_101' title="bbox 1977 4031 3552 4114">
    <p class='ocr_par' dir='ltr' id='par_1_101' title="bbox 1977 4031 3552 4114">
     <span class='ocr_line' id='line_1_101' title="bbox 1977 4031 3552 4114; baseline -0.01 -15"><span class='ocrx_word' id='word_1_749' title='bbox 1977 4059 2096 4114; x_wconf 83' lang='lat' dir='ltr'><strong>qua:</strong></span> <span class='ocrx_word' id='word_1_750' title='bbox 2150 4050 2296 4113; x_wconf 88' lang='lat' dir='ltr'><strong>gesta</strong></span> <span class='ocrx_word' id='word_1_751' title='bbox 2337 4049 2480 4094; x_wconf 90' lang='lat' dir='ltr'><strong>sunt.</strong></span> <span class='ocrx_word' id='word_1_752' title='bbox 2525 4039 2592 4092; x_wconf 90' lang='lat' dir='ltr'><strong>Et</strong></span> <span class='ocrx_word' id='word_1_753' title='bbox 2640 4036 2879 4090; x_wconf 78' lang='lat' dir='ltr'><strong>dicebam</strong></span> <span class='ocrx_word' id='word_1_754' title='bbox 2931 4033 3068 4087; x_wconf 92' lang='lat' dir='ltr'><strong>intra</strong></span> <span class='ocrx_word' id='word_1_755' title='bbox 3113 4031 3373 4102; x_wconf 91' lang='lat' dir='ltr'><strong>meipsum</strong></span> <span class='ocrx_word' id='word_1_756' title='bbox 3411 4047 3424 4083; x_wconf 91' lang='lat'><strong>:</strong></span> <span class='ocrx_word' id='word_1_757' title='bbox 3470 4031 3552 4083; x_wconf 92' lang='lat' dir='ltr'><strong>An</strong></span> 
     </span>
    </p>
   </div>
   <div class='ocr_carea' id='block_1_102' title="bbox 1976 4120 3554 4205">
    <p class='ocr_par' dir='ltr' id='par_1_102' title="bbox 1976 4120 3554 4205">
     <span class='ocr_line' id='line_1_102' title="bbox 1976 4120 3554 4205; baseline -0.011 -15"><span class='ocrx_word' id='word_1_758' title='bbox 1976 4134 2176 4205; x_wconf 90' lang='lat' dir='ltr'><strong>posteri</strong></span> <span class='ocrx_word' id='word_1_759' title='bbox 2208 4132 2334 4187; x_wconf 89' lang='lat' dir='ltr'><strong>hinc</strong></span> <span class='ocrx_word' id='word_1_760' title='bbox 2377 4127 2723 4185; x_wconf 82' lang='lat' dir='ltr'><strong>erudientur?</strong></span> <span class='ocrx_word' id='word_1_761' title='bbox 2749 4141 2815 4179; x_wconf 92' lang='lat' dir='ltr'><strong>an</strong></span> <span class='ocrx_word' id='word_1_762' title='bbox 2867 4123 3073 4178; x_wconf 91' lang='lat' dir='ltr'><strong>duobus</strong></span> <span class='ocrx_word' id='word_1_763' title='bbox 3120 4136 3226 4175; x_wconf 89' lang='lat' dir='ltr'><strong>non</strong></span> <span class='ocrx_word' id='word_1_764' title='bbox 3274 4120 3554 4174; x_wconf 81' lang='lat' dir='ltr'><strong>transactis</strong></span> 
     </span>
    </p>
   </div>
   <div class='ocr_carea' id='block_1_103' title="bbox 1976 4209 3554 4292">
    <p class='ocr_par' dir='ltr' id='par_1_103' title="bbox 1976 4209 3554 4292">
     <span class='ocr_line' id='line_1_103' title="bbox 1976 4209 3554 4292; baseline -0.013 -11"><span class='ocrx_word' id='word_1_765' title='bbox 1976 4225 2163 4281; x_wconf 89' lang='lat' dir='ltr'><strong>diebus</strong></span> <span class='ocrx_word' id='word_1_766' title='bbox 2187 4222 2324 4288; x_wconf 77' lang='lat' dir='ltr'><strong>brec,</strong></span> <span class='ocrx_word' id='word_1_767' title='bbox 2353 4235 2470 4292; x_wconf 77' lang='lat' dir='ltr'><strong>qua:</strong></span> <span class='ocrx_word' id='word_1_768' title='bbox 2506 4229 2655 4289; x_wconf 87' lang='lat' dir='ltr'><strong>gesta</strong></span> <span class='ocrx_word' id='word_1_769' title='bbox 2693 4225 2837 4282; x_wconf 91' lang='lat' dir='ltr'><strong>sunt,</strong></span> <span class='ocrx_word' id='word_1_770' title='bbox 2873 4213 3124 4269; x_wconf 87' lang='lat' dir='ltr'><strong>oblivioni</strong></span> <span class='ocrx_word' id='word_1_771' title='bbox 3165 4220 3288 4266; x_wconf 89' lang='lat' dir='ltr'><strong>sunt</strong></span> <span class='ocrx_word' id='word_1_772' title='bbox 3328 4209 3554 4264; x_wconf 89' lang='lat' dir='ltr'><strong>tradita?</strong></span> 
     </span>
    </p>
   </div>
   <div class='ocr_carea' id='block_1_104' title="bbox 1978 4301 3550 4373">
    <p class='ocr_par' dir='ltr' id='par_1_104' title="bbox 1978 4301 3550 4373">
     <span class='ocr_line' id='line_1_104' title="bbox 1978 4301 3550 4373; baseline -0.013 0"><span class='ocrx_word' id='word_1_773' title='bbox 1978 4319 2244 4373; x_wconf 88' lang='lat' dir='ltr'><strong>Manentia</strong></span> <span class='ocrx_word' id='word_1_774' title='bbox 2293 4322 2446 4368; x_wconf 90' lang='lat' dir='ltr'><strong>erant</strong></span> <span class='ocrx_word' id='word_1_775' title='bbox 2482 4311 2570 4366; x_wconf 90' lang='lat' dir='ltr'><strong>illa</strong></span> <span class='ocrx_word' id='word_1_776' title='bbox 2614 4309 2834 4363; x_wconf 87' lang='lat' dir='ltr'><strong>monita.</strong></span> <span class='ocrx_word' id='word_1_777' title='bbox 2876 4306 3082 4361; x_wconf 85' lang='lat' dir='ltr'><strong>Rursus</strong></span> <span class='ocrx_word' id='word_1_778' title='bbox 3123 4303 3316 4365; x_wconf 89' lang='lat' dir='ltr'><strong>dicam,</strong></span> <span class='ocrx_word' id='word_1_779' title='bbox 3360 4301 3550 4354; x_wconf 91' lang='lat' dir='ltr'><strong>iterum</strong></span> 
     </span>
    </p>
   </div>
   <div class='ocr_carea' id='block_1_105' title="bbox 1976 4391 3552 4480">
    <p class='ocr_par' dir='ltr' id='par_1_105' title="bbox 1976 4391 3552 4480">
     <span class='ocr_line' id='line_1_105' title="bbox 1976 4391 3552 4480; baseline -0.014 -13"><span class='ocrx_word' id='word_1_780' title='bbox 1976 4413 2180 4480; x_wconf 87' lang='lat' dir='ltr'><strong>loquar.</strong></span> <span class='ocrx_word' id='word_1_781' title='bbox 2214 4408 2343 4475; x_wconf 83' lang='lat' dir='ltr'><strong>Quae</strong></span> <span class='ocrx_word' id='word_1_782' title='bbox 2373 4405 2499 4460; x_wconf 91' lang='lat' dir='ltr'><strong>hinc</strong></span> <span class='ocrx_word' id='word_1_783' title='bbox 2534 4401 2768 4457; x_wconf 89' lang='lat' dir='ltr'><strong>utilitas?</strong></span> <span class='ocrx_word' id='word_1_784' title='bbox 2796 4399 2907 4453; x_wconf 88' lang='lat' dir='ltr'><strong>lmo</strong></span> <span class='ocrx_word' id='word_1_785' title='bbox 2949 4396 3151 4450; x_wconf 85' lang='lat' dir='ltr'><strong>utilitas</strong></span> <span class='ocrx_word' id='word_1_786' title='bbox 3180 4392 3371 4447; x_wconf 89' lang='lat' dir='ltr'><strong>aderit.</strong></span> <span class='ocrx_word' id='word_1_787' title='bbox 3405 4391 3552 4446; x_wconf 89' lang='lat' dir='ltr'><strong>Licet</strong></span> 
     </span>
    </p>
   </div>
   <div class='ocr_carea' id='block_1_106' title="bbox 1978 4481 3549 4562">
    <p class='ocr_par' dir='ltr' id='par_1_106' title="bbox 1978 4481 3549 4562">
     <span class='ocr_line' id='line_1_106' title="bbox 1978 4481 3549 4562; baseline -0.015 -5"><span class='ocrx_word' id='word_1_788' title='bbox 1978 4503 2121 4558; x_wconf 87' lang='lat' dir='ltr'><strong>enim</strong></span> <span class='ocrx_word' id='word_1_789' title='bbox 2150 4516 2254 4555; x_wconf 92' lang='lat' dir='ltr'><strong>non</strong></span> <span class='ocrx_word' id='word_1_790' title='bbox 2281 4511 2468 4554; x_wconf 91' lang='lat' dir='ltr'><strong>omnes</strong></span> <span class='ocrx_word' id='word_1_791' title='bbox 2488 4494 2723 4557; x_wconf 88' lang='lat' dir='ltr'><strong>audiant,</strong></span> <span class='ocrx_word' id='word_1_792' title='bbox 2752 4505 2874 4562; x_wconf 88' lang='lat' dir='ltr'><strong>pars</strong></span> <span class='ocrx_word' id='word_1_793' title='bbox 2894 4488 3080 4542; x_wconf 86' lang='lat' dir='ltr'><strong>saltem</strong></span> <span class='ocrx_word' id='word_1_794' title='bbox 3103 4484 3318 4539; x_wconf 91' lang='lat' dir='ltr'><strong>dimidia</strong></span> <span class='ocrx_word' id='word_1_795' title='bbox 3343 4481 3549 4544; x_wconf 88' lang='lat' dir='ltr'><strong>audiet;</strong></span> 
     </span>
    </p>
   </div>
   <div class='ocr_carea' id='block_1_107' title="bbox 1976 4573 3548 4658">
    <p class='ocr_par' dir='ltr' id='par_1_107' title="bbox 1976 4573 3548 4658">
     <span class='ocr_line' id='line_1_107' title="bbox 1976 4573 3548 4658; baseline -0.017 -9"><span class='ocrx_word' id='word_1_796' title='bbox 1976 4594 2018 4649; x_wconf 93' lang='lat' dir='ltr'><strong>si</strong></span> <span class='ocrx_word' id='word_1_797' title='bbox 2048 4607 2145 4647; x_wconf 90' lang='lat' dir='ltr'><strong>nec</strong></span> <span class='ocrx_word' id='word_1_798' title='bbox 2171 4589 2386 4646; x_wconf 90' lang='lat' dir='ltr'><strong>dimidia</strong></span> <span class='ocrx_word' id='word_1_799' title='bbox 2417 4603 2560 4658; x_wconf 90' lang='lat' dir='ltr'><strong>pars,</strong></span> <span class='ocrx_word' id='word_1_800' title='bbox 2593 4587 2781 4640; x_wconf 90' lang='lat' dir='ltr'><strong>saltem</strong></span> <span class='ocrx_word' id='word_1_801' title='bbox 2831 4581 3022 4646; x_wconf 91' lang='lat' dir='ltr'><strong>tertia;</strong></span> <span class='ocrx_word' id='word_1_802' title='bbox 3053 4579 3096 4632; x_wconf 93' lang='lat' dir='ltr'><strong>si</strong></span> <span class='ocrx_word' id='word_1_803' title='bbox 3146 4591 3319 4646; x_wconf 90' lang='lat' dir='ltr'><strong>neque</strong></span> <span class='ocrx_word' id='word_1_804' title='bbox 3361 4573 3511 4628; x_wconf 89' lang='lat' dir='ltr'><strong>tertia</strong></span> <span class='ocrx_word' id='word_1_805' title='bbox 3533 4613 3548 4636; x_wconf 92' lang='lat'><strong>,</strong></span> 
     </span>
    </p>
   </div>
   <div class='ocr_carea' id='block_1_108' title="bbox 1975 4664 3548 4754">
    <p class='ocr_par' dir='ltr' id='par_1_108' title="bbox 1975 4664 3548 4754">
     <span class='ocr_line' id='line_1_108' title="bbox 1975 4664 3548 4754; baseline -0.016 -15"><span class='ocrx_word' id='word_1_806' title='bbox 1975 4692 2198 4754; x_wconf 89' lang='lat' dir='ltr'><strong>quarta;</strong></span> <span class='ocrx_word' id='word_1_807' title='bbox 2227 4685 2271 4736; x_wconf 92' lang='lat' dir='ltr'><strong>si</strong></span> <span class='ocrx_word' id='word_1_808' title='bbox 2309 4695 2413 4734; x_wconf 93' lang='lat' dir='ltr'><strong>non</strong></span> <span class='ocrx_word' id='word_1_809' title='bbox 2461 4685 2648 4749; x_wconf 84' lang='lat' dir='ltr'><strong>quarta</strong></span> <span class='ocrx_word' id='word_1_810' title='bbox 2692 4689 2837 4745; x_wconf 90' lang='lat' dir='ltr'><strong>pars,</strong></span> <span class='ocrx_word' id='word_1_811' title='bbox 2873 4671 3061 4726; x_wconf 85' lang='lat' dir='ltr'><strong>saltem</strong></span> <span class='ocrx_word' id='word_1_812' title='bbox 3109 4667 3326 4729; x_wconf 90' lang='lat' dir='ltr'><strong>decem;</strong></span> <span class='ocrx_word' id='word_1_813' title='bbox 3357 4664 3399 4718; x_wconf 92' lang='lat' dir='ltr'><strong>si</strong></span> <span class='ocrx_word' id='word_1_814' title='bbox 3443 4676 3548 4754; x_wconf 82' lang='lat' dir='ltr'><strong>non</strong></span> 
     </span>
    </p>
   </div>
   <div class='ocr_carea' id='block_1_109' title="bbox 1975 4752 3550 4842">
    <p class='ocr_par' dir='ltr' id='par_1_109' title="bbox 1975 4752 3550 4842">
     <span class='ocr_line' id='line_1_109' title="bbox 1975 4752 3550 4842; baseline -0.013 -13"><span class='ocrx_word' id='word_1_815' title='bbox 1975 4752 2184 4836; x_wconf 84' lang='lat' dir='ltr'><strong>decem,</strong></span> <span class='ocrx_word' id='word_1_816' title='bbox 2228 4772 2495 4842; x_wconf 88' lang='lat' dir='ltr'><strong>quinque;</strong></span> <span class='ocrx_word' id='word_1_817' title='bbox 2540 4768 2584 4822; x_wconf 91' lang='lat' dir='ltr'><strong>si</strong></span> <span class='ocrx_word' id='word_1_818' title='bbox 2631 4781 2735 4821; x_wconf 93' lang='lat' dir='ltr'><strong>non</strong></span> <span class='ocrx_word' id='word_1_819' title='bbox 2777 4763 3035 4834; x_wconf 92' lang='lat' dir='ltr'><strong>quinque,</strong></span> <span class='ocrx_word' id='word_1_820' title='bbox 3079 4757 3266 4810; x_wconf 89' lang='lat' dir='ltr'><strong>saltem</strong></span> <span class='ocrx_word' id='word_1_821' title='bbox 3310 4769 3478 4817; x_wconf 91' lang='lat' dir='ltr'><strong>unus;</strong></span> <span class='ocrx_word' id='word_1_822' title='bbox 3506 4752 3550 4808; x_wconf 90' lang='lat' dir='ltr'><strong>si</strong></span> 
     </span>
    </p>
   </div>
   <div class='ocr_carea' id='block_1_110' title="bbox 1977 4846 3552 4937">
    <p class='ocr_par' dir='ltr' id='par_1_110' title="bbox 1977 4846 3552 4937">
     <span class='ocr_line' id='line_1_110' title="bbox 1977 4846 3552 4937; baseline -0.017 -14"><span class='ocrx_word' id='word_1_823' title='bbox 1977 4883 2150 4937; x_wconf 88' lang='lat' dir='ltr'><strong>neque</strong></span> <span class='ocrx_word' id='word_1_824' title='bbox 2179 4880 2334 4929; x_wconf 89' lang='lat' dir='ltr'><strong>unus,</strong></span> <span class='ocrx_word' id='word_1_825' title='bbox 2365 4877 2463 4933; x_wconf 86' lang='lat' dir='ltr'><strong>ego</strong></span> <span class='ocrx_word' id='word_1_826' title='bbox 2494 4868 2732 4931; x_wconf 85' lang='lat' dir='ltr'><strong>paratam</strong></span> <span class='ocrx_word' id='word_1_827' title='bbox 2763 4853 3061 4910; x_wconf 85' lang='lat' dir='ltr'><strong>mercedem</strong></span> <span class='ocrx_word' id='word_1_828' title='bbox 3093 4849 3278 4903; x_wconf 88' lang='lat' dir='ltr'><strong>habeo.</strong></span> <span class='ocrx_word' id='word_1_829' title='bbox 3311 4846 3552 4901; x_wconf 72' lang='lat' dir='ltr'><strong>Exsicca-</strong></span> 
     </span>
    </p>
   </div>
   <div class='ocr_carea' id='block_1_111' title="bbox 1975 4940 3553 5030">
    <p class='ocr_par' dir='ltr' id='par_1_111' title="bbox 1975 4940 3553 5030">
     <span class='ocr_line' id='line_1_111' title="bbox 1975 4940 3553 5030; baseline -0.015 -16"><span class='ocrx_word' id='word_1_830' title='bbox 1975 4971 2079 5014; x_wconf 89' lang='lat' dir='ltr'><strong>tum</strong></span> <span class='ocrx_word' id='word_1_831' title='bbox 2101 4968 2170 5012; x_wconf 82' lang='lat' dir='ltr'><strong>est</strong></span> <span class='ocrx_word' id='word_1_832' title='bbox 2195 4962 2400 5030; x_wconf 67' lang='lat' dir='ltr'><strong>(renum,</strong></span> <span class='ocrx_word' id='word_1_833' title='bbox 2431 4964 2477 5007; x_wconf 88' lang='lat' dir='ltr'><strong>et</strong></span> <span class='ocrx_word' id='word_1_834' title='bbox 2497 4955 2594 5024; x_wconf 79' lang='lat' dir='ltr'><strong>ﬂos</strong></span> <span class='ocrx_word' id='word_1_835' title='bbox 2619 4949 2800 5004; x_wconf 86' lang='lat' dir='ltr'><strong>decidit</strong></span> <span class='ocrx_word' id='word_1_836' title='bbox 2824 4964 2842 5002; x_wconf 91' lang='lat'><strong>:</strong></span> <span class='ocrx_word' id='word_1_837' title='bbox 2865 4945 3061 5001; x_wconf 74' lang='lat' dir='ltr'><strong>verbum</strong></span> <span class='ocrx_word' id='word_1_838' title='bbox 3086 4953 3250 4996; x_wconf 88' lang='lat' dir='ltr'><strong>autem</strong></span> <span class='ocrx_word' id='word_1_839' title='bbox 3271 4940 3368 4995; x_wconf 89' lang='lat' dir='ltr'><strong>Dei</strong></span> <span class='ocrx_word' id='word_1_840' title='bbox 3388 4949 3553 4994; x_wconf 84' lang='lat' dir='ltr'><strong>manet</strong></span> 
     </span>
    </p>
   </div>
   <div class='ocr_carea' id='block_1_112' title="bbox 1973 5041 2751 5118">
    <p class='ocr_par' dir='ltr' id='par_1_112' title="bbox 1973 5041 2751 5118">
     <span class='ocr_line' id='line_1_112' title="bbox 1973 5041 2751 5118; baseline -0.014 -13"><span class='ocrx_word' id='word_1_841' title='bbox 1973 5052 2026 5104; x_wconf 87' lang='lat' dir='ltr'><strong>in</strong></span> <span class='ocrx_word' id='word_1_842' title='bbox 2054 5059 2297 5104; x_wconf 81' lang='lat' dir='ltr'><strong>teternum</strong></span> <span class='ocrx_word' id='word_1_843' title='bbox 2325 5045 2527 5118; x_wconf 80' lang='lat' dir='ltr'><strong>(llesai.</strong></span> <span class='ocrx_word' id='word_1_844' title='bbox 2559 5043 2647 5099; x_wconf 68' lang='grc'><strong>40.</strong></span> <span class='ocrx_word' id='word_1_845' title='bbox 2674 5041 2751 5111; x_wconf 88' lang='lat'><strong>8).</strong></span> 
     </span>
    </p>
   </div>
   <div class='ocr_carea' id='block_1_113' title="bbox 2043 5127 3550 5208">
    <p class='ocr_par' dir='ltr' id='par_1_113' title="bbox 2043 5127 3550 5208">
     <span class='ocr_line' id='line_1_113' title="bbox 2043 5127 3550 5208; baseline -0.014 -10"><span class='ocrx_word' id='word_1_846' title='bbox 2043 5145 2098 5198; x_wconf 77' lang='grc' dir='ltr'><strong>ὃ.</strong></span> <span class='ocrx_word' id='word_1_847' title='bbox 2143 5140 2444 5194; x_wconf 79' lang='lat' dir='ltr'><strong>Diuitiarum</strong></span> <span class='ocrx_word' id='word_1_848' title='bbox 2471 5138 2580 5208; x_wconf 86' lang='lat' dir='ltr'><strong>quis</strong></span> <span class='ocrx_word' id='word_1_849' title='bbox 2609 5151 2748 5189; x_wconf 85' lang='lat' dir='ltr'><strong>usus.</strong></span> <span class='ocrx_word' id='word_1_850' title='bbox 2779 5161 2851 5174; x_wconf 92' lang='lat'><strong>-—</strong></span> <span class='ocrx_word' id='word_1_851' title='bbox 2880 5130 3164 5186; x_wconf 75' lang='lat' dir='ltr'><strong>Vidistisne</strong></span> <span class='ocrx_word' id='word_1_852' title='bbox 3203 5127 3550 5182; x_wconf 87' lang='lat' dir='ltr'><strong>humanarum</strong></span> 
     </span>
    </p>
   </div>
   <div class='ocr_carea' id='block_1_114' title="bbox 1972 5215 3553 5293">
    <p class='ocr_par' dir='ltr' id='par_1_114' title="bbox 1972 5215 3553 5293">
     <span class='ocr_line' id='line_1_114' title="bbox 1972 5215 3553 5293; baseline -0.012 -6"><span class='ocrx_word' id='word_1_853' title='bbox 1972 5247 2148 5287; x_wconf 90' lang='lat' dir='ltr'><strong>rerum</strong></span> <span class='ocrx_word' id='word_1_854' title='bbox 2174 5229 2466 5293; x_wconf 82' lang='lat' dir='ltr'><strong>vilitatem?</strong></span> <span class='ocrx_word' id='word_1_855' title='bbox 2493 5226 2768 5281; x_wconf 88' lang='lat' dir='ltr'><strong>vidistisne</strong></span> <span class='ocrx_word' id='word_1_856' title='bbox 2797 5223 3042 5290; x_wconf 80' lang='lat' dir='ltr'><strong>potentia:</strong></span> <span class='ocrx_word' id='word_1_857' title='bbox 3071 5215 3448 5287; x_wconf 85' lang='lat' dir='ltr'><strong>fragilitatem?</strong></span> <span class='ocrx_word' id='word_1_858' title='bbox 3477 5216 3553 5268; x_wconf 79' lang='lat' dir='ltr'><strong>vi—</strong></span> 
     </span>
    </p>
   </div>
   <div class='ocr_carea' id='block_1_115' title="bbox 1973 5313 3550 5391">
    <p class='ocr_par' dir='ltr' id='par_1_115' title="bbox 1973 5313 3550 5391">
     <span class='ocr_line' id='line_1_115' title="bbox 1973 5313 3550 5391; baseline -0.011 -11"><span class='ocrx_word' id='word_1_859' title='bbox 1973 5327 2192 5380; x_wconf 90' lang='lat' dir='ltr'><strong>distisne</strong></span> <span class='ocrx_word' id='word_1_860' title='bbox 2218 5321 2446 5388; x_wconf 86' lang='lat' dir='ltr'><strong>divitias,</strong></span> <span class='ocrx_word' id='word_1_861' title='bbox 2475 5335 2608 5391; x_wconf 89' lang='lat' dir='ltr'><strong>quas</strong></span> <span class='ocrx_word' id='word_1_862' title='bbox 2633 5333 2844 5385; x_wconf 85' lang='lat' dir='ltr'><strong>semper</strong></span> <span class='ocrx_word' id='word_1_863' title='bbox 2870 5317 3110 5386; x_wconf 74' lang='lat' dir='ltr'><strong>fugitives</strong></span> <span class='ocrx_word' id='word_1_864' title='bbox 3131 5313 3375 5368; x_wconf 76' lang='lat' dir='ltr'><strong>dixeram</strong></span> <span class='ocrx_word' id='word_1_865' title='bbox 3398 5351 3413 5376; x_wconf 93' lang='lat'><strong>,</strong></span> <span class='ocrx_word' id='word_1_866' title='bbox 3447 5327 3550 5362; x_wconf 90' lang='lat' dir='ltr'><strong>non</strong></span> 
     </span>
    </p>
   </div>
   <div class='ocr_carea' id='block_1_116' title="bbox 1973 5401 3550 5484">
    <p class='ocr_par' dir='ltr' id='par_1_116' title="bbox 1973 5401 3550 5484">
     <span class='ocr_line' id='line_1_116' title="bbox 1973 5401 3550 5484; baseline -0.012 -13"><span class='ocrx_word' id='word_1_867' title='bbox 1973 5416 2131 5472; x_wconf 90' lang='lat' dir='ltr'><strong>modo</strong></span> <span class='ocrx_word' id='word_1_868' title='bbox 2159 5413 2400 5484; x_wconf 86' lang='lat' dir='ltr'><strong>fugitivas</strong></span> <span class='ocrx_word' id='word_1_869' title='bbox 2424 5453 2438 5478; x_wconf 96' lang='lat'><strong>,</strong></span> <span class='ocrx_word' id='word_1_870' title='bbox 2469 5410 2562 5466; x_wconf 85' lang='lat' dir='ltr'><strong>sed</strong></span> <span class='ocrx_word' id='word_1_871' title='bbox 2593 5410 2750 5465; x_wconf 90' lang='lat' dir='ltr'><strong>etiam</strong></span> <span class='ocrx_word' id='word_1_872' title='bbox 2781 5405 3114 5462; x_wconf 83' lang='lat' dir='ltr'><strong>homicidas?</strong></span> <span class='ocrx_word' id='word_1_873' title='bbox 3143 5401 3257 5458; x_wconf 85' lang='lat' dir='ltr'><strong>Non</strong></span> <span class='ocrx_word' id='word_1_874' title='bbox 3289 5401 3431 5457; x_wconf 90' lang='lat' dir='ltr'><strong>enim</strong></span> <span class='ocrx_word' id='word_1_875' title='bbox 3459 5414 3550 5454; x_wconf 85' lang='lat' dir='ltr'><strong>so-</strong></span> 
     </span>
    </p>
   </div>
   <div class='ocr_carea' id='block_1_117' title="bbox 1973 5493 3552 5576">
    <p class='ocr_par' dir='ltr' id='par_1_117' title="bbox 1973 5493 3552 5576">
     <span class='ocr_line' id='line_1_117' title="bbox 1973 5493 3552 5576; baseline -0.011 -14"><span class='ocrx_word' id='word_1_876' title='bbox 1973 5508 2080 5562; x_wconf 93' lang='lat' dir='ltr'><strong>lum</strong></span> <span class='ocrx_word' id='word_1_877' title='bbox 2105 5521 2163 5562; x_wconf 90' lang='lat' dir='ltr'><strong>se</strong></span> <span class='ocrx_word' id='word_1_878' title='bbox 2189 5503 2522 5576; x_wconf 78' lang='lat' dir='ltr'><strong>possidentes</strong></span> <span class='ocrx_word' id='word_1_879' title='bbox 2543 5501 2817 5563; x_wconf 89' lang='lat' dir='ltr'><strong>deserunt,</strong></span> <span class='ocrx_word' id='word_1_880' title='bbox 2843 5496 2936 5552; x_wconf 91' lang='lat' dir='ltr'><strong>sed</strong></span> <span class='ocrx_word' id='word_1_881' title='bbox 2957 5495 3115 5553; x_wconf 90' lang='lat' dir='ltr'><strong>etiam</strong></span> <span class='ocrx_word' id='word_1_882' title='bbox 3129 5493 3408 5566; x_wconf 74' lang='lat' dir='ltr'><strong>iugulant:</strong></span> <span class='ocrx_word' id='word_1_883' title='bbox 3432 5507 3552 5546; x_wconf 90' lang='lat' dir='ltr'><strong>cum</strong></span> 
     </span>
    </p>
   </div>
   <div class='ocr_carea' id='block_1_118' title="bbox 1972 5586 3552 5670">
    <p class='ocr_par' dir='ltr' id='par_1_118' title="bbox 1972 5586 3552 5670">
     <span class='ocr_line' id='line_1_118' title="bbox 1972 5586 3552 5670; baseline -0.009 -17"><span class='ocrx_word' id='word_1_884' title='bbox 1972 5599 2113 5654; x_wconf 89' lang='lat' dir='ltr'><strong>enim</strong></span> <span class='ocrx_word' id='word_1_885' title='bbox 2140 5599 2257 5670; x_wconf 90' lang='lat' dir='ltr'><strong>quis</strong></span> <span class='ocrx_word' id='word_1_886' title='bbox 2285 5611 2375 5651; x_wconf 87' lang='lat' dir='ltr'><strong>eas</strong></span> <span class='ocrx_word' id='word_1_887' title='bbox 2403 5595 2637 5650; x_wconf 90' lang='lat' dir='ltr'><strong>studiose</strong></span> <span class='ocrx_word' id='word_1_888' title='bbox 2665 5593 2826 5658; x_wconf 90' lang='lat' dir='ltr'><strong>colit,</strong></span> <span class='ocrx_word' id='word_1_889' title='bbox 2858 5601 2968 5646; x_wconf 91' lang='lat' dir='ltr'><strong>tum</strong></span> <span class='ocrx_word' id='word_1_890' title='bbox 2997 5589 3223 5645; x_wconf 80' lang='lat' dir='ltr'><strong>maxime</strong></span> <span class='ocrx_word' id='word_1_891' title='bbox 3253 5587 3354 5641; x_wconf 76' lang='lat' dir='ltr'><strong>illa:</strong></span> <span class='ocrx_word' id='word_1_892' title='bbox 3380 5586 3552 5641; x_wconf 83' lang='lat' dir='ltr'><strong>culto-</strong></span> 
     </span>
    </p>
   </div>
   <div class='ocr_carea' id='block_1_119' title="bbox 1973 5680 3553 5760">
    <p class='ocr_par' dir='ltr' id='par_1_119' title="bbox 1973 5680 3553 5760">
     <span class='ocr_line' id='line_1_119' title="bbox 1973 5680 3553 5760; baseline -0.011 -12"><span class='ocrx_word' id='word_1_893' title='bbox 1973 5708 2084 5748; x_wconf 85' lang='lat' dir='ltr'><strong>rem</strong></span> <span class='ocrx_word' id='word_1_894' title='bbox 2115 5707 2264 5747; x_wconf 90' lang='lat' dir='ltr'><strong>suum</strong></span> <span class='ocrx_word' id='word_1_895' title='bbox 2297 5689 2546 5760; x_wconf 89' lang='lat' dir='ltr'><strong>produnt.</strong></span> <span class='ocrx_word' id='word_1_896' title='bbox 2578 5687 2683 5744; x_wconf 91' lang='lat' dir='ltr'><strong>Cur</strong></span> <span class='ocrx_word' id='word_1_897' title='bbox 2707 5685 2919 5740; x_wconf 86' lang='lat' dir='ltr'><strong>divitias</strong></span> <span class='ocrx_word' id='word_1_898' title='bbox 2942 5683 3094 5750; x_wconf 91' lang='lat' dir='ltr'><strong>colis,</strong></span> <span class='ocrx_word' id='word_1_899' title='bbox 3125 5698 3242 5752; x_wconf 82' lang='lat' dir='ltr'><strong>quae</strong></span> <span class='ocrx_word' id='word_1_900' title='bbox 3271 5680 3432 5735; x_wconf 89' lang='lat' dir='ltr'><strong>hodie</strong></span> <span class='ocrx_word' id='word_1_901' title='bbox 3459 5695 3553 5747; x_wconf 71' lang='lat' dir='ltr'><strong>pe—</strong></span> 
     </span>
    </p>
   </div>
   <div class='ocr_carea' id='block_1_120' title="bbox 1974 5763 3548 5852">
    <p class='ocr_par' dir='ltr' id='par_1_120' title="bbox 1974 5763 3548 5852">
     <span class='ocr_line' id='line_1_120' title="bbox 1974 5763 3548 5852; baseline -0.007 -17"><span class='ocrx_word' id='word_1_902' title='bbox 1974 5799 2069 5838; x_wconf 87' lang='lat' dir='ltr'><strong>nes</strong></span> <span class='ocrx_word' id='word_1_903' title='bbox 2100 5797 2152 5841; x_wconf 91' lang='lat' dir='ltr'><strong>te</strong></span> <span class='ocrx_word' id='word_1_904' title='bbox 2176 5793 2316 5849; x_wconf 87' lang='lat' dir='ltr'><strong>sunt,</strong></span> <span class='ocrx_word' id='word_1_905' title='bbox 2345 5799 2464 5840; x_wconf 86' lang='lat' dir='ltr'><strong>cras</strong></span> <span class='ocrx_word' id='word_1_906' title='bbox 2495 5796 2656 5852; x_wconf 90' lang='lat' dir='ltr'><strong>penes</strong></span> <span class='ocrx_word' id='word_1_907' title='bbox 2680 5779 2880 5846; x_wconf 79' lang='lat' dir='ltr'><strong>alium?</strong></span> <span class='ocrx_word' id='word_1_908' title='bbox 2905 5793 2999 5832; x_wconf 90' lang='lat' dir='ltr'><strong>cur</strong></span> <span class='ocrx_word' id='word_1_909' title='bbox 3019 5775 3225 5828; x_wconf 89' lang='lat' dir='ltr'><strong>divitias</strong></span> <span class='ocrx_word' id='word_1_910' title='bbox 3252 5773 3405 5836; x_wconf 88' lang='lat' dir='ltr'><strong>colis,</strong></span> <span class='ocrx_word' id='word_1_911' title='bbox 3428 5763 3548 5841; x_wconf 73' lang='grc' dir='ltr'><strong>(μιεὸ</strong></span> 
     </span>
    </p>
   </div>
   <div class='ocr_carea' id='block_1_121' title="bbox 1975 5857 3552 5949">
    <p class='ocr_par' dir='ltr' id='par_1_121' title="bbox 1975 5857 3552 5949">
     <span class='ocr_line' id='line_1_121' title="bbox 1975 5857 3552 5949; baseline -0.013 -19"><span class='ocrx_word' id='word_1_912' title='bbox 1975 5889 2260 5949; x_wconf 84' lang='lat' dir='ltr'><strong>numquam</strong></span> <span class='ocrx_word' id='word_1_913' title='bbox 2301 5874 2516 5932; x_wconf 88' lang='lat' dir='ltr'><strong>retineri</strong></span> <span class='ocrx_word' id='word_1_914' title='bbox 2550 5870 2810 5944; x_wconf 85' lang='lat' dir='ltr'><strong>possunt?</strong></span> <span class='ocrx_word' id='word_1_915' title='bbox 2840 5869 2930 5924; x_wconf 81' lang='lat' dir='ltr'><strong>V&#39;is</strong></span> <span class='ocrx_word' id='word_1_916' title='bbox 2960 5883 3050 5924; x_wconf 86' lang='lat' dir='ltr'><strong>eas</strong></span> <span class='ocrx_word' id='word_1_917' title='bbox 3076 5862 3294 5920; x_wconf 87' lang='lat' dir='ltr'><strong>colere?</strong></span> <span class='ocrx_word' id='word_1_918' title='bbox 3321 5861 3405 5914; x_wconf 79' lang='lat' dir='ltr'><strong>vis</strong></span> <span class='ocrx_word' id='word_1_919' title='bbox 3425 5857 3552 5915; x_wconf 83' lang='lat' dir='ltr'><strong>reti-</strong></span> 
     </span>
    </p>
   </div>
  </div>
