4100 6196
478 405 582 462 399

478 530 645 586 nere?
664 528 742 585 Ne
760 526 997 585 defodias
1012 540 1124 589 eas,
1149 524 1243 582 sed
1266 525 1317 579 in
1343 539 1629 594 pauperum
1654 538 1842 578 manus
1860 514 2059 576 tradas.

479 620 630 678 Ferae
672 628 797 676 sunt
841 619 1081 675 divitia):
1121 617 1166 672 si
1197 615 1561 680 retineantur,
1600 614 1843 685 fugiunt;
1887 615 1931 669 si
1975 614 2060 668 di-

477 719 812 781 apergantur,
844 718 1077 762 manent.
1106 706 1236 760 Nam
1257 704 1528 776 Dispersit,
1558 705 1741 775 inquit,
1768 704 1905 759 dedit
1931 720 2061 775 pau-

478 801 712 870 peribus,
741 800 933 865 iustitia
958 799 1066 869 ejus
1091 806 1255 850 manet
1283 797 1337 850 in
1362 796 1603 850 διεσκίδνη
1632 794 1802 869 (Psal.
1833 796 1953 850 lli.
1977 796 2057 863 9).

481 893 754 962 Disperge,
788 901 841 945 ut
874 897 1160 944 maneant:
1195 904 1262 943 ne
1291 887 1549 953 defodias,
1583 904 1651 943 ne
1682 888 1899 958 fugiant.
1930 886 2059 943 Ubi-

481 997 602 1035 nam
631 988 756 1036 sunt
796 978 1044 1033 divitiae?
1085 987 1145 1033 ut
1189 978 1394 1048 placide
1438 979 1759 1049 interrogem
1804 993 1934 1044 eos,
1970 978 2060 1048 qtti

479 1079 606 1125 tunc
631 1069 1020 1124 abscesserunt.
1054 1068 1178 1123 Ha:c
1204 1077 1382 1123 autem
1414 1082 1520 1129 nou
1546 1069 1875 1137 exprobrans
1899 1068 2019 1122 dico
2043 1109 2059 1135 ,

482 1176 654 1231 neque
678 1161 857 1216 ulcera
886 1160 1164 1227 refricans,
1195 1161 1355 1227 absit,
1382 1160 1473 1217 sed
1502 1168 1561 1215 ut
1589 1162 1813 1215 aliorum
1849 1159 2063 1215 naufra-

480 1254 564 1323 gia
604 1252 656 1307 in
700 1261 910 1323 portum
939 1252 1089 1308 vobis
1129 1262 1455 1307 convertam.
1488 1252 1621 1307 Cum
1669 1252 1903 1319 milites,
1943 1267 2063 1307 cum

481 1344 641 1415 gladii
662 1344 883 1399 aderant
905 1359 1052 1411 ,cum
1072 1342 1198 1398 urbs
1220 1343 1620 1410 incendebatur,
1642 1358 1761 1398 cum
1786 1343 2027 1397 diadema
2046 1342 2063 1373 ¹

483 1434 611 1489 nihil
643 1442 886 1504 poterat,
914 1449 1034 1489 cum
1074 1449 1303 1504 purpura
1341 1424 1676 1491 contumeliis
1716 1433 2064 1497 afﬁciebatur,

483 1542 605 1580 cum
633 1527 810 1581 omnia
853 1524 1031 1581 furore
1070 1525 1223 1602 plena
1250 1533 1402 1581 erant
1421 1566 1436 1590 ,
1468 1525 1683 1581 ubinam
1712 1525 1951 1581 divitiae?
1978 1525 2067 1580 ubi

486 1630 607 1670 vasa
636 1615 932 1687 argentea?
958 1615 1045 1669 ubi
1074 1615 1310 1685 argentei
1337 1614 1499 1671 let-ti?
1526 1616 1611 1671 ubi
1654 1615 1932 1671 domestici
1957 1615 1982 1669 ?
2009 1615 2068 1671 In

487 1706 607 1778 fuga
635 1721 841 1762 omnes.
866 1706 965 1765 Ubi
993 1706 1270 1762 eunuchi?
1297 1708 1494 1763 Omnes
1520 1722 1639 1764 sese
1669 1709 2067 1778 proripuerunt.

408 1782 413 1787 ’
487 1799 584 1857 Ubi
612 1798 806 1853 amici?
829 1798 1026 1853 Larvas
1051 1798 1339 1868 ponebant.
1363 1797 1466 1854 Ubi
1491 1797 1718 1853 domus?
1737 1797 2071 1854 Claudeban—

488 1901 590 1945 tur.
627 1889 725 1946 Ubi
763 1889 1047 1959 pecuniae?
1077 1889 1271 1943 Earum
1316 1902 1595 1958 possessor
1630 1887 1853 1960 aufugit.
1883 1889 1950 1944 Et
1977 1889 2069 1944 ubi

488 1979 698 2035 tandem
727 1981 964 2048 pecunia:
985 1978 1009 2030 ?
1034 1977 1269 2034 Defossae
1296 1986 1443 2033 sunt.
1474 1976 1701 2034 Ubinam
1741 1977 2070 2033 reconditae?

487 2067 620 2124 Num
644 2070 899 2123 molestus
922 2067 1071 2124 vobis
1091 2082 1229 2133 sum,
1254 2082 1383 2122 num
1402 2082 1684 2134 onerosus,
1710 2067 1837 2123 dum
1862 2083 2075 2138 semper

487 2162 627 2226 dico,
659 2162 870 2218 divitias
893 2178 986 2218 eos
1013 2205 1028 2230 ,
1063 2163 1153 2234 qui
1185 2163 1314 2234 ipsis
1349 2162 1488 2219 male
1514 2170 1753 2228 utuntur,
1802 2161 2075 2232 prodere?

489 2251 643 2307 Venit
691 2261 898 2323 tempus
923 2295 939 2320 ,
985 2268 1092 2324 quo
1131 2250 1415 2309 verborum
1457 2253 1656 2310 veritas
1685 2252 2072 2308 ostenderetur.

488 2342 624 2408 Quid
651 2357 742 2398 eas
766 2342 1004 2409 retines;
1046 2358 1165 2414 qua:
1203 2341 1258 2398 in
1301 2344 1591 2400 tentatione
1628 2344 1760 2399 nihil
1800 2354 1853 2399 te
1887 2346 2076 2414 juvare

489 2434 754 2504 possunt?
780 2434 836 2489 Si
865 2433 988 2505 quid
1033 2434 1231 2490 habent
1255 2435 1466 2503 virium,
1514 2436 1690 2491 adsint
1730 2436 1823 2491 tibi
1860 2450 1980 2491 cum
2021 2436 2072 2490 in

491 2524 873 2599 necessitatem
912 2524 1163 2580 incideris
1193 2543 1206 2580 :
1239 2525 1284 2580 si
1328 2534 1454 2581 tunc
1491 2527 1773 2597 diffugiunt
1798 2567 1813 2592 ,
1858 2527 2070 2582 cuinam

493 2614 588 2669 tibi
619 2616 736 2669 usui
766 2616 930 2670 sunt?
959 2616 1092 2686 Ipsa:
1120 2631 1208 2672 res
1234 2618 1603 2674 testificantur.
1634 2620 1889 2686 Quaenam
1914 2634 1978 2673 ex
2011 2617 2076 2672 iis

494 2706 737 2762 utilitas?
765 2707 937 2764 Gladii
963 2707 1104 2764 acuti
1122 2750 1137 2776 ,
1168 2724 1314 2765 mors
1342 2708 1625 2766 imminens
1650 2751 1665 2777 ,
1695 2711 1964 2766 exercitus
1988 2709 2078 2765 fu-

495 2813 639 2864 rens,
667 2808 743 2853 tot
770 2799 1029 2854 minarum
1050 2800 1378 2869 exSpectatio
1403 2818 1416 2854 :
1439 2800 1642 2867 divitiae
1664 2816 1790 2856 vero
1815 2815 2075 2871 nusquam

490 2898 820 2959 comparent.
850 2890 966 2957 Quo
994 2904 1054 2946 se
1093 2891 1462 2947 subduxerunt
1500 2892 1604 2948 illa:
1640 2891 1917 2963 fugitivre?
1945 2893 2080 2964 Ipsae

494 2980 589 3035 tibi
617 2979 731 3035 hate
751 2981 928 3035 omnia
958 2981 1094 3035 mala
1120 2992 1512 3051 procurarunt,
1553 2991 1609 3039 et
1637 2983 1688 3037 in
1717 2991 1957 3054 tempore
1983 2998 2082 3039 nc-

493 3071 759 3127 cessitatis‘
786 3071 1009 3141 fugiunt.
1040 3071 1368 3143 Quamquam
1398 3089 1484 3129 me
1509 3074 1660 3128 multi
1686 3089 1901 3145 semper
1924 3088 2082 3129 aecu—

494 3170 614 3215 sant
637 3202 653 3227 ,
684 3161 826 3231 quod
851 3161 1041 3216 divites
1066 3162 1326 3218 incessam
1358 3180 1372 3218 :
1399 3173 1452 3218 at
1479 3164 1554 3217 illi
1582 3179 1843 3234 pauperes
1868 3179 2085 3233 semper

496 3251 788 3305 incessunt.
830 3250 940 3321 Ego
982 3267 1109 3306 vero
1150 3267 1362 3322 semper
1403 3252 1613 3308 incesso
1656 3253 1888 3318 divites;
1932 3269 2038 3310 non
2064 3296 2081 3321 ,

499 3341 712 3410 inquam
736 3381 751 3405 ,
780 3340 972 3396 divites
994 3382 1008 3408 ,
1042 3340 1134 3397 sed
1166 3355 1258 3396 eos
1281 3382 1298 3409 ,
1329 3342 1416 3412 qui
1443 3342 1582 3398 male
1609 3342 1812 3397 divitiis
1840 3351 2085 3399 utuntur.

498 3432 725 3503 Semper
763 3434 904 3488 enim
953 3432 1073 3489 dico
1116 3449 1202 3489 me
1244 3449 1349 3490 non
1398 3435 1665 3490 criminari
1703 3435 1921 3491 divitem
1947 3476 1962 3501 ,
1992 3435 2088 3491 sed

500 3540 769 3594 rapacem.
799 3526 954 3581 Aliud
982 3526 1131 3581 dives
1153 3567 1168 3590 ,
1198 3526 1340 3582 aliud
1366 3543 1527 3598 rapax
1559 3544 1574 3594 ;
1605 3529 1747 3583 aliud
1775 3530 2081 3599 opulentus,

500 3614 642 3668 aliud
682 3629 896 3668 avarus.
950 3614 1057 3671 Res
1084 3615 1348 3687 distingue
1367 3632 1483 3684 ,-ne
1508 3617 1803 3673 confundas
1829 3634 1889 3674 ea
1916 3659 1931 3683 ,
1962 3634 2085 3689 quae

500 3705 831 3761 commisceri
878 3721 982 3759 non
1026 3715 1262 3776 possunt.
1314 3708 1467 3763 Dives
1510 3710 1614 3764 es?
1659 3708 1773 3763 Non
1804 3709 2085 3778 prohibeo.

504 3796 684 3867 Rapax
714 3796 817 3852 es?
845 3796 956 3851 l‘loc
977 3797 1046 3851 do
1068 3797 1295 3852 crimini.
1325 3797 1433 3852 Tua
1465 3798 1746 3869 possides?
1775 3800 1863 3853 llis
1891 3799 2088 3854 fruare.

507 3890 690 3945 Aliena
734 3890 921 3960 rapis?
964 3888 1077 3944 Non
1124 3890 1280 3945 sileo.
1310 3889 1400 3945 Vis
1428 3906 1515 3946 me
1554 3892 1836 3963 lapidare?
1868 3892 2091 3948 Paratus

504 3994 620 4034 smn
649 3980 958 4050 sanguinem
981 3980 1319 4051 profundere,
1343 3992 1617 4053 peccatum
1643 3985 1918 4040 dumtaxat
1943 3994 2090 4040 tuum

509 4071 784 4139 prohibeo.
812 4071 928 4126 Non
954 4088 1082 4127 curo
1103 4074 1220 4128 odia
1247 4116 1262 4142 ,
1296 4090 1400 4129 non
1430 4075 1660 4131 bellum:
1685 4091 1784 4131 una
1811 4077 1936 4131 mihi
1965 4081 2093 4133 cura

508 4169 591 4216 est
635 4161 937 4215 auditorum
966 4162 1254 4232 profectus.
1283 4165 1400 4220 Filii
1429 4169 1531 4223 mei
1562 4179 1683 4223 sunt
1708 4171 1928 4240 perinde
1952 4171 2093 4225 divi.

510 4258 592 4305 tes
634 4258 794 4321 atque
841 4266 1138 4323 pauperes:
1173 4255 1359 4311 ambos
1396 4258 1536 4311 enim
1578 4259 1765 4314 eadem
1815 4264 2096 4331 parturivit

509 4340 661 4395 alvus
681 4381 695 4403 ,
725 4339 909 4396 iisdem
937 4343 1095 4397 ambo
1120 4343 1392 4400 doloribus
1419 4347 1547 4401 nati.
1577 4347 1636 4402 Si
1675 4348 1854 4420 itaque
1896 4366 2094 4421 paupe-

514 4447 625 4487 rem
656 4432 908 4498 incessas,
936 4441 986 4487 te
1007 4448 1172 4504 arguo
1192 4452 1206 4489 :
1230 4449 1335 4490 non
1359 4444 1560 4491 tantum
1581 4447 1664 4493 est
1683 4439 1933 4494 damnum
1963 4457 2094 4511 pau-

513 4522 689 4594 peris,
717 4531 967 4592 quantum
995 4522 1191 4579 divitis.
1221 4524 1351 4579 Nam
1387 4541 1590 4597 pauper
1613 4544 1718 4583 non
1749 4531 1971 4584 multum
1994 4532 2062 4587 de
2080 4564 2092 4575 -

513 4616 750 4672 trituenti
799 4618 994 4686 patitur
1025 4634 1038 4681 ;
1070 4618 1120 4671 in
1167 4619 1405 4687 pecuniis
1429 4621 1569 4676 enim
1600 4621 1845 4678 laeditur:
1872 4632 1933 4691 tu
1958 4641 2089 4681 vero

500 4707 567 4761 'in
592 4709 766 4762 anima
798 4708 1025 4763 hederis.
1057 4707 1155 4775 Qui
1185 4709 1314 4772 vult,
1347 4710 1534 4778 caedat,
1565 4712 1826 4782 lapidibus
1855 4714 2097 4784 impetat,

516 4799 642 4855 odio
666 4801 857 4856 habeat
882 4820 893 4855 ε
919 4802 1137 4857 materia
1165 4803 1358 4874 quippe
1382 4818 1697 4859 coronarum
1727 4805 1932 4862 insidia:
1951 4817 2096 4876 sunt,

519 4894 857 4962 praemiorum
888 4894 1025 4949 idem
1053 4911 1307 4951 numerus
1326 4937 1341 4961 ,
1367 4896 1453 4966 qui
1483 4886 1779 4952 vulnerum.

591 4980 645 5035 4.
678 4980 858 5036 Solum
887 4995 1145 5053 peccatum
1173 4986 1356 5040 laedere
1379 4997 1559 5058 potest.
1588 5017 1659 5028 —
1685 4988 1910 5046 Insidias
1939 4990 2100 5061 igitur

520 5088 626 5127 non
654 5074 815 5127 timeo
841 5091 854 5126 :
885 5090 1045 5128 unum
1075 5077 1256 5141 timeo,
1288 5090 1585 5150 peccatum.
1616 5080 1691 5136 Ne
1722 5098 1809 5139 me
1831 5085 1949 5152 quis
1977 5101 2103 5155 pec-

518 5170 624 5221 cati
655 5181 876 5237 arguere
908 5168 1108 5236 possit,
1150 5178 1203 5223 et
1232 5179 1374 5226 totus
1397 5173 1542 5228 orbis
1570 5190 1655 5229 tne
1687 5173 1830 5230 bello
1857 5175 2098 5247 impetat.

526 5261 637 5313 lloc
665 5260 859 5330 quippe
904 5259 1098 5314 bellum
1138 5276 1223 5315 me
1269 5263 1684 5329 Splendidiorem
1727 5266 1911 5322 efficit.
1942 5269 2017 5323 Ita
2046 5278 2101 5324 et

525 5366 624 5407 vos
652 5351 926 5407 instituere
951 5349 1093 5406 volo.
1139 5350 1216 5408 Ne
1254 5353 1482 5410 linteatis
1527 5355 1744 5413 insidias
1780 5359 1876 5414 viri
1917 5368 2106 5431 poten-

527 5443 593 5498 tis
621 5444 640 5474 ²
665 5482 681 5509 ,
714 5442 807 5498 sed
843 5443 1028 5499 timete
1067 5443 1174 5497 vim
1209 5446 1435 5514 peccati.
1465 5446 1636 5502 Homo
1675 5458 1725 5505 te
1765 5465 1872 5505 non
1903 5449 2098 5516 laedet,

592 5648 616 5704 '_
648 5648 776 5691 unus
797 5642 866 5691 sic
887 5640 1054 5704 habet.
1081 5653 1188 5690 cum
1212 5640 1327 5704 urbs
1363 5640 1724 5704 incendebatur,
1749 5660 1858 5697 cum
1880 5647 2107 5699 intolera-

538 5699 640 5771 lilt’a
673 5704 822 5766 furor,
857 5714 966 5771 cunt
982 5701 1129 5771 jnges
1161 5703 1489 5767 calcabantur,
1520 5719 1630 5756 cum
1673 5699 1811 5771 reges
1843 5720 2109 5763 contemne-

530 5762 719 5821 ftttntttr,
743 5779 851 5815 cum
874 5762 1117 5814 diadema.

593 5833 613 5864 ι
646 5827 761 5876 llam
791 5825 956 5886 verba,
982 5837 1040 5874 ne
1071 5825 1275 5877 timearis
1307 5825 1509 5880 insidias
1550 5828 1642 5882 viri
1680 5832 1877 5885 umentis
1896 5869 1910 5889 .
1946 5844 1995 5884 ct
2029 5849 2109 5884 se-

1236 411 1300 470 S.
1335 407 1613 469 JOANNIS
1649 399 2119 463 CllleSOSTOlil
2157 400 2473 459 ARCHIEP.
2516 401 3053 485 CONSTANTINOP.

3644 407 3746 466 ιω

2167 520 2265 576 nisi
2290 530 2344 576 tu
2372 519 2617 592 teipsum.
2641 523 2696 578 Si
2725 533 2997 594 peccatum
3027 537 3131 579 non
3161 521 3380 593 habeas,
3403 532 3458 580 et
3484 523 3750 584 innumeri

2165 611 2341 667 adsint
2365 612 2545 682 gladii,
2575 623 2628 669 te
2652 614 2789 669 Deus
2814 614 3039 685 eripiet;
3071 614 3114 668 si
3145 624 3419 693 peccatum
3447 614 3666 681 habeas,
3693 628 3750 674 et

2167 702 2220 757 in
2248 703 2495 772 paradiso
2537 703 2740 770 fueris,
2779 704 2904 761 inde
2944 704 3181 761 excides.
3236 705 3293 761 ln
3339 707 3588 776 paradiso
3629 719 3747 764 erat

2168 792 2358 855 Adam,
2385 803 2440 848 et
2475 795 2702 861 cecidit;
2734 795 2786 849 in
2818 794 2942 850 limo
2975 796 3198 851 sedebat
3235 796 3358 864 Job,
3387 808 3441 854 et
3469 808 3753 857 coronatus

2167 893 2269 939 est.
2293 884 2429 953 Quid
2454 885 2528 940 illi
2552 886 2748 954 profuit
2766 887 3066 959 paradisus,
3089 887 3215 958 quid
3234 887 3359 945 huic
3374 889 3545 946 obfuit
3564 892 3753 948 fimus?

2169 974 2252 1030 Illi
2282 989 2438 1031 nemo
2468 976 2838 1046 insidiabatur,
2859 986 2915 1033 et
2939 979 3312 1049 supplantatus
3339 989 3453 1047 est;
3485 981 3609 1037 huic
3633 983 3752 1038 dia-

2168 1065 2323 1121 bolus
2369 1065 2751 1136 insidiabatur,
2787 1076 2842 1123 et
2869 1077 3161 1125 coronatus
3184 1080 3285 1125 est.
3328 1068 3517 1127 Nonne
3542 1071 3757 1127 faculta-

2171 1164 2251 1213 tes
2274 1157 2391 1225 ejus
2416 1157 2673 1213 abstulit?
2707 1157 2814 1215 Sed
2857 1158 3103 1229 pietatem
3148 1175 3253 1215 non
3296 1161 3517 1232 eripuit.
3564 1162 3758 1219 Nonne

2173 1249 2312 1307 filios
2337 1250 2455 1321 ejus
2477 1251 2731 1307 sustulit?
2754 1250 2860 1307 Sed
2898 1251 3059 1307 tidem
3101 1267 3207 1307 non
3246 1254 3524 1310 successit.
3567 1254 3757 1312 Nonne

2172 1355 2366 1411 corpus
2410 1341 2527 1411 ejus
2561 1341 2867 1397 sauciarit?
2904 1341 3008 1398 Sed
3038 1342 3345 1397 thesaurum
3382 1361 3486 1398 non
3530 1345 3753 1400 invenit.

2172 1432 2360 1507 Nonne
2380 1449 2601 1491 uxorem
2622 1434 2740 1506 ejus
2766 1435 2931 1491 armis
2952 1435 3239 1491 instruxit?
3264 1435 3371 1492 Sed
3398 1437 3619 1493 militem
3647 1453 3755 1494 non

2173 1525 2480 1594 prostravit.
2512 1525 2701 1581 Nonne
2746 1526 2847 1581 tela
2888 1527 3211 1598 sagittasque
3252 1527 3474 1584 emisit?
3514 1527 3621 1585 Sed
3667 1530 3757 1585 ille

2172 1615 2390 1669 vulnera
2415 1629 2521 1670 non
2546 1617 2771 1688 accepit.
2813 1616 3085 1672 Machinas
3121 1618 3396 1687 admovit,
3439 1604 3534 1674 sed
3569 1621 3756 1675 turrim

2174 1721 2281 1762 non
2308 1709 2612 1777 quassavit;
2643 1708 2834 1765 fluetus
2872 1709 3117 1777 induxit,
3157 1712 3252 1767 sed
3292 1727 3479 1768 navem
3528 1728 3633 1768 non
3662 1714 3759 1769 de-

2175 1800 2380 1854 mersit.
2415 1800 2561 1856 llane
2587 1801 2716 1855 mihi
2747 1801 2916 1872 legem
2946 1811 3157 1857 servate
3179 1843 3195 1868 ,
3224 1819 3408 1875 quaeso
3429 1845 3447 1868 ,
3476 1814 3757 1876 vestraque

2177 1900 2335 1965 tango
2352 1908 2541 1961 genua,
2561 1898 2661 1950 etsi
2691 1909 2797 1949 non
2827 1909 3007 1962 manu,
3038 1894 3223 1951 saltem
3252 1897 3451 1963 animo,
3471 1897 3762 1969 lacrymas—

2176 1999 2281 2056 que
2326 1984 2510 2040 fundo.
2553 1985 2700 2041 lianc
2737 1984 2869 2040 mihi
2908 1996 3117 2041 servate
3146 1984 3315 2057 legem
3340 2026 3356 2053 ,
3387 1994 3442 2043 et
3481 2000 3640 2043 nemo
3667 2001 3762 2042 vos

2177 2075 2356 2132 lzedet.
2384 2075 2683 2146 Numquam
2721 2075 2936 2132 beatum
2967 2076 3266 2146 prmdicetis
3301 2077 3557 2145 divitem;
3591 2078 3764 2133 nemi-

2179 2184 2301 2225 nem
2344 2170 2597 2247 miserum
2623 2168 2812 2225 dicatis
2855 2170 2958 2225 nisi
2992 2185 3114 2226 eum
3154 2170 3244 2241 qui
3289 2170 3341 2225 in
3386 2179 3605 2240 peccato
3644 2171 3760 2223 sit:

2179 2262 2395 2317 beatum
2424 2261 2708 2332 praedicata
2736 2276 2856 2317 eum
2887 2261 2975 2331 qui
3007 2261 3057 2315 in
3083 2261 3307 2332 justitia.
3339 2259 3453 2315 Non
3479 2258 3621 2314 enim
3657 2273 3758 2311 na-

2183 2360 2298 2408 tura
2325 2367 2504 2408 rerum
2528 2394 2543 2419 ,
2574 2352 2670 2408 sed
2701 2367 2853 2408 mens
2878 2351 3150 2409 hominum
3180 2362 3234 2407 et
3262 2350 3403 2407 hunc
3427 2363 3479 2406 et
3500 2350 3645 2407 illum
3676 2358 3760 2404 ta-

2183 2443 2287 2499 lem
2310 2443 2491 2499 efﬁcit.
2520 2442 2815 2513 Numquam
2840 2443 3042 2515 gladios
3072 2444 3279 2508 timeas,
3307 2443 3409 2498 nisi
3437 2441 3763 2497 conscientia

2186 2545 2238 2590 te
2261 2542 2475 2590 accuset
2507 2553 2520 2590 :
2560 2549 2846 2606 numquam
2875 2535 3061 2589 timeas
3088 2534 3141 2589 in
3169 2534 3332 2602 bello,
3366 2533 3409 2588 si
3439 2530 3765 2589 conscientia

2187 2633 2271 2680 tua
2302 2640 2432 2696 pura
2458 2627 2546 2681 sit.
2574 2624 2801 2681 Ubinam
2828 2634 2953 2681 sunt
2982 2625 3053 2692 ii,
3085 2626 3175 2696 qui
3202 2625 3325 2680 hinc
3352 2621 3767 2679 abscesserunt?

2184 2716 2371 2772 Nonne
2396 2730 2585 2772 omnes
2611 2715 2826 2772 demissi
2856 2715 3108 2771 stabant?
3138 2731 3314 2771 nonne
3338 2714 3428 2786 qui
3453 2714 3506 2769 in
3537 2714 3765 2769 maxima

2185 2807 2443 2879 dignitate
2470 2807 2746 2861 constituti
2771 2816 2945 2873 erant,
2976 2806 3275 2863 tremebant
3304 2806 3458 2860 illos?
3485 2819 3660 2860 nonne
3685 2820 3769 2857 ve.

2188 2899 2556 2955 nerabantur?
2587 2897 2691 2954 Sed
2720 2900 2864 2952 venit
2891 2908 3187 2970 peccatum,
3218 2907 3273 2955 et
3299 2899 3477 2953 omnia
3507 2906 3765 2967 prostrata

2192 3000 2361 3057 sunt;
2409 2990 2593 3046 famuli
2637 2991 2884 3060 judices,
2928 2989 3233 3045 adulatores
3280 2990 3558 3045 carnifices
3598 2987 3768 3043 effecti

2189 3092 2314 3140 sunt
2340 3099 2355 3149 ;
2386 3083 2476 3154 qui
2510 3096 2699 3138 manus
2723 3080 2837 3153 ejus
2860 3081 3258 3148 osculabantur,
3297 3082 3469 3150 ipsum
3499 3079 3565 3133 ab
3594 3080 3769 3134 eccle-

2189 3173 2268 3230 sia
2313 3174 2661 3244 abripuerunt
2685 3189 2699 3238 ;
2723 3173 2812 3243 qui
2854 3172 2967 3229 heri
3008 3188 3221 3228 manttm
3260 3172 3377 3241 ejus
3412 3171 3769 3237 osculabatur,

2191 3265 2349 3322 hodie
2387 3266 2632 3321 inimicus
2662 3264 2804 3319 illius
2830 3272 2932 3319 est.
2960 3262 3182 3331 Quare?
3207 3262 3341 3330 Quia
3369 3262 3483 3317 heri
3512 3276 3615 3317 non
3647 3276 3773 3317 vere

2191 3358 2339 3413 illum
2362 3356 2631 3428 diligebat.
2658 3355 2812 3411 Venit
2841 3363 3049 3425 tempus
3071 3395 3087 3422 ,
3128 3364 3183 3410 et
3226 3354 3384 3439 larva:
3424 3351 3774 3422 deprehensae

2192 3459 2337 3511 sunt.
2366 3450 2560 3505 Annon
2586 3449 2701 3505 lteri
2730 3462 2920 3504 manus
2945 3446 3273 3502 osculabaris
3296 3487 3311 3511 ,
3338 3459 3567 3513 eumque
3591 3457 3776 3499 serva-

2196 3554 2385 3608 torem,
2415 3550 2716 3597 curatorem
2743 3549 2797 3596 et
2829 3539 3122 3596 beneficum
3150 3536 3423 3594 vocabas?
3450 3550 3625 3590 nonne
3661 3535 3777 3589 lau—

2194 3634 2291 3688 des
2339 3632 2555 3687 texebas
2596 3630 2953 3686 innumeras?
2988 3629 3093 3685 Cur
3135 3628 3294 3683 hodie
3338 3626 3603 3683 accusas”?
3648 3623 3775 3679 Heri

2196 3723 2456 3788 laudator,
2485 3721 2643 3776 hodie
2663 3719 2982 3776 accusator?
3003 3721 3113 3775 heri
3144 3718 3347 3785 laudes,
3378 3716 3533 3773 hodie
3553 3715 3776 3771 crimina

2196 3816 2399 3872 offers?
2425 3819 2553 3882 Quae
2583 3814 2844 3869 mutatio?
2868 3828 2987 3885 qure
3020 3811 3332 3867 translatio?

2268 3911 2322 3966 5.
2364 3909 2432 3963 At
2459 3922 2562 3962 non
2593 3921 2692 3978 ego
2719 3906 2836 3960 talis
2865 3922 2877 3958 :
2910 3905 3000 3976 qui
3027 3905 3233 3959 insidiis
3254 3902 3562 3974 appetebar,
3594 3902 3777 3971 pa’tro-

2199 4016 2299 4055 nus
2324 3999 2545 4055 effectus
2573 4014 2711 4054 sum.
2758 3996 3039 4051 lnnumera
3079 3997 3256 4067 gravia
3291 4009 3479 4065 passus
3503 4035 3517 4058 ,
3550 4008 3654 4046 non
3684 4006 3780 4061 me

2201 4092 2315 4165 pari
2354 4092 2530 4148 retuli.
2571 4090 2853 4146 Dominum
2892 4104 3066 4144 meum
3096 4088 3295 4150 imitor,
3326 4076 3415 4156 qui
3442 4085 3492 4140 in
3519 4098 3675 4139 cruce
3699 4082 3782 4137 dic

2201 4185 2276 4239 xit
2307 4202 2322 4238 :
2354 4183 2559 4238 Dimitte
2584 4183 2654 4236 eis
2686 4197 2705 4236 :
2733 4198 2833 4235 non
2860 4180 2992 4235 enim
3020 4179 3185 4234 sciunt
3220 4177 3342 4249 quid
3385 4176 3576 4249 faciunt
3610 4172 3777 4246 (Luc.

2198 4277 2288 4332 25.
2312 4276 2438 4345 54).
2469 4274 2590 4328 llaec
2617 4281 2792 4327 autem
2821 4270 2943 4325 dico
2966 4311 2982 4336 ,
3023 4285 3091 4325 ue
3130 4270 3387 4323 malorum
3415 4281 3511 4321 vos
3551 4265 3786 4335 suSpicio

2202 4374 2525 4434 corrumpat.
2555 4364 2697 4430 Quot
2723 4363 3039 4416 mutationes
3063 4361 3400 4423 exstiterunt,
3430 4374 3493 4413 ex
3525 4373 3627 4428 quo
3656 4356 3786 4411 civi-

2205 4458 2294 4512 tati
2326 4457 2450 4511 huic
2481 4453 2687 4525 przefni,
2720 4461 2773 4509 et
2797 4466 2957 4508 nemo
2984 4451 3051 4506 ad
3079 4452 3352 4506 meliorem
3382 4464 3441 4504 se
3468 4447 3672 4518 frugem
3701 4462 3785 4500 re-

2204 4552 2373 4619 cipit?
2395 4549 2527 4606 Ctun
2552 4555 2730 4604 autem
2753 4546 2893 4614 dico,
2923 4559 3102 4607 nemo,
3125 4558 3231 4599 non
3256 4558 3443 4598 omnes
3463 4540 3785 4602 condemno,

2204 4643 2361 4698 absit.
2396 4639 2511 4696 Non
2539 4640 2681 4695 enim
2722 4637 2837 4692 ﬁeri
2879 4643 3094 4707 potest,
3124 4644 3182 4689 ut
3210 4635 3309 4689 hoc
3334 4634 3529 4704 pingue
3556 4643 3744 4686 arvum
3774 4667 3791 4695 ,

2207 4745 2499 4792 sementem
2530 4734 2792 4804 recipiens
2816 4774 2830 4797 ,
2860 4740 3095 4803 segetem
3127 4745 3245 4786 non
3262 4726 3498 4799 proferat
3525 4743 3538 4780 :
3567 4723 3659 4778 sed
3687 4738 3789 4792 ego

2207 4825 2518 4882 insatiabilis
2538 4838 2677 4892 sum,
2702 4823 2824 4878 nolo
2854 4837 3068 4894 paucos,
3092 4819 3187 4877 sed
3208 4831 3392 4873 omnes
3413 4816 3638 4872 salutem
3663 4828 3792 4870 con-

2203 4919 2378 4990 sequi.
2404 4918 2459 4975 Si
2489 4918 2572 4972 vel
2603 4932 2737 4972 nnns
2765 4924 2985 4987 pereat,
3013 4929 3111 4984 ego
3142 4911 3272 4983 perii
3296 4928 3311 4964 :
3345 4919 3472 4980 puto
3496 4924 3583 4964 me
3609 4914 3792 4978 pasto-

2209 5028 2324 5068 rem
2355 5012 2500 5067 illum
2526 5010 2718 5065 imitari
2746 5049 2758 5072 ,
2787 5008 2874 5078 qui
2901 5022 3021 5062 cum
3046 5004 3328 5072 nonaginta
3355 5016 3545 5056 novem
3572 4999 3792 5053 haberet

2210 5119 2339 5158 oves
2364 5146 2380 5170 ,
2404 5102 2470 5157 ad
2497 5117 2652 5156 uuam
2679 5116 2796 5171 qua:
2821 5105 3091 5154 erraverat
3126 5094 3353 5150 accurrit
3378 5090 3546 5164 (Luc.
3575 5090 3661 5146 15.
3693 5090 3728 5143 4
3752 5089 3792 5160 ).

2211 5196 2498 5267 Quousque
2536 5193 2816 5265 pecuniae?
2839 5205 3118 5262 quousque
3160 5198 3437 5259 argentum
3463 5227 3478 5253 ,
3518 5199 3797 5256 quousque

2210 5304 2397 5343 aurum
2421 5330 2435 5351 ,
2464 5301 2739 5356 quousque
2768 5284 2949 5338 vinum
2981 5281 3248 5337 effusum?
3278 5293 3553 5351 quousque
3578 5276 3794 5331 famulo-

2212 5398 2328 5439 rum
2354 5376 2723 5436 adulationes?
2743 5388 3018 5447 quousque
3045 5383 3280 5429 crateres
3307 5370 3581 5429 coronati?
3601 5381 3797 5438 quons~

2215 5488 2319 5544 que
2342 5472 2575 5528 satanica
2602 5467 2863 5533 convivia,
2891 5466 3152 5521 diabolica
3179 5465 3487 5536 operatione
3513 5459 3702 5532 plena?

2211 5648 2430 5712 quentia,
2453 5655 2611 5712 usque
2633 5641 2691 5691 ad
2699 5676 2713 5712 ε
2738 5638 2780 5693 si
2793 5639 3082 5712 gementia
3098 5645 3186 5712 tua
3209 5652 3335 5712 pura
3354 5639 3432 5712 sit,
3463 5647 3573 5712 quae
3589 5630 3799 5712 mediani

2212 5696 2651 5772 circiter-paginam
2672 5696 2950 5772 absolvunt,
2975 5704 3027 5753 in
3050 5696 3274 5772 editiset
3294 5703 3367 5772 _in
3386 5696 3494 5772 tussi
3523 5696 3798 5772 beneut'nul:

2215 5759 2280 5821 tis
2301 5759 2639 5819 desiderantur
2666 5779 2679 5815 :
2721 5766 2808 5815 sed
2834 5759 3080 5815 habentur
3104 5767 3153 5815 in
3192 5764 3338 5827 Regio
3374 5763 3547 5812 Codice
3586 5759 3721 5815 l965,
3745 5760 3797 5805 et

2214 5835 2397 5896 optime
2421 5829 2656 5882 ouadrant
2680 5829 2736 5876 ad
2759 5841 2974 5877 sensum.
