4100 6196
324 232 433 287 599

325 348 444 411 τὸν,
492 344 642 425 ἀλλὰ.
671 344 761 410 δὸς
805 345 968 401 αὑτὸν
1013 347 1093 411 είς
1121 346 1220 411 τὰς
1270 349 1461 419 χεῖρας
1499 347 1610 403 τῶν
1639 349 1909 418 πενήτων.

326 433 532 506 Θηρίον
559 433 709 486 ἐστὶν
733 433 763 487 0
796 432 1054 496 πλοῦτος
1090 432 1156 487 ἂν
1205 434 1306 505 μὲν
1338 434 1656 507 κατέχηται,
1688 435 1878 505 φεύγει
1898 449 1913 465 °

326 527 399 581 ἂν
428 526 488 580 δὲ
522 524 910 597 σκορπίζηται,
943 525 1113 595 μένει.
1162 526 1525 594 Ἐσκόρπισε
1566 526 1698 599 γὰρ,
1726 526 1912 597 φησὶν,

321 613 513 667 ἔδωκε
539 611 664 678 τοῖς
690 610 969 679 πένησιν,
1003 612 1042 679 ἠ
1059 611 1415 681 δικαιοσύνη
1439 613 1623 668 αὐτοῦ
1636 614 1802 683 μένει
1827 616 1916 680 είς

320 702 436 755 τὸν
456 702 665 755 αίῶνα.
696 699 1018 771 Σκόρπισον,
1046 700 1131 754 ἵνα
1156 700 1343 775 μείνῃ·
1374 702 1449 773 μὴ
1473 702 1800 777 κατορύξῃς,
1825 703 1913 757 ἴνα

324 789 406 863 μὴ
456 789 624 861 φύγῃ.
673 787 783 841 Ποῦ
836 789 865 843 0
912 786 1176 853 πλοῦτοςς
1208 789 1380 859 ἡδέως
1425 790 1491 844 ἂν
1534 790 1761 863 ἐροίμην
1788 791 1914 855 τοὺς

319 875 682 937 ἀπελθόντας.
713 875 875 942 Λέγω
910 875 967 929 δὲ
1002 874 1175 930 ταῦτα
1226 877 1327 931 οὐκ
1377 877 1671 944 ὀνειδίζων,
1705 876 1780 950 μὴ
1822 878 1914 948 γέ-

317 981 489 1019 νοιτο.
527 963 648 1017 οὐδὲ
693 961 998 1027 ἀναξαίνων
1054 962 1125 1017 τά
1183 964 1355 1036 ἐλκη,
1409 964 1547 1020 ἀλλά
1589 966 1659 1020 τὰ
1708 966 1911 1038 ἐτέρων

316 1052 558 1120 ναυάγια
588 1050 721 1121 ὑμῖν
749 1049 943 1121 λιμένα
978 1052 1426 1118 κατασκευάζων.
1453 1054 1583 1107 Ὅτε
1628 1054 1679 1107 οἱ
1743 1071 1909 1126 στρα-

317 1138 531 1203 τιῶται,
558 1137 657 1192 καὶ
684 1135 757 1189 τὰ
778 1134 927 1211 ξίφη,
950 1138 1038 1192 ὅτε
1068 1139 1223 1203 πόλις
1245 1140 1480 1207 ἐκαίετο,
1515 1141 1603 1195 ὅτε
1629 1141 1865 1213 διάδημα
1882 1153 1910 1183 ι

320 1228 420 1282 οὐκ
438 1229 647 1298 ἴσχυεν,
676 1226 768 1280 ὅτε
799 1225 1058 1298 πορφύρα
1089 1225 1361 1299 ὑϐρίζετο,
1389 1228 1479 1282 ὅτε
1511 1229 1708 1299 μανίας
1726 1230 1907 1285 πάντα

320 1315 509 1386 ἔγεμε,
536 1313 642 1368 ποῦ
680 1316 709 1369 0
749 1313 1011 1379 πλοῦτοςς
1035 1313 1141 1368 ποῦ
1166 1315 1233 1369 τά
1262 1314 1667 1388 ἀργυρώματας
1694 1317 1796 1373 ποῦ
1849 1320 1907 1374 αί

317 1401 501 1456 κλίναι
532 1403 589 1455 αἱ
617 1402 893 1474 ἀργυραῖς
921 1400 1027 1455 ποῦ
1060 1404 1110 1455 οἰ
1140 1402 1389 1470 οἰκέταις
1419 1402 1629 1466 Πάντες
1651 1405 1710 1458 ἐν
1735 1408 1901 1478 φυγῇ.

317 1488 433 1544 Ποῦ
452 1490 503 1542 οί
526 1487 807 1560 εὐνοῦχοις
839 1488 1049 1554 Πάντες
1073 1488 1497 1561 ἐδραπέτευσαν.
1526 1490 1637 1544 Ποῦ
1660 1494 1708 1545 οί
1729 1493 1904 1561 φίλοις

318 1574 404 1631 Τά
434 1578 762 1647 προσωπεῖα
793 1575 1082 1647 ἦλλασσον.
1113 1575 1224 1629 Ποῦ
1253 1578 1306 1630 αί
1333 1576 1533 1643 οίκίαις
1570 1576 1908 1632 Ἀπεκλείον-

315 1681 400 1717 το·
435 1662 547 1718 Ποῦ
581 1662 651 1716 τᾶι
689 1663 987 1733 χρήματας
1022 1661 1264 1733 Ἕφυγεν
1289 1664 1319 1717 0
1344 1662 1483 1734 ἔχων
1509 1664 1670 1720 αὐτά.
1700 1666 1810 1718 Καὶ
1842 1668 1909 1720 τὰ

316 1751 580 1822 χρήματα
610 1748 752 1815 ποῦς
791 1747 1121 1820 Κατωρύγη.
1169 1750 1282 1803 Ποῦ
1334 1740 1541 1822 ἐκρύϐη
1563 1750 1721 1805 τοῦτο
1756 1752 1905 1817 δλονς

315 1838 415 1908 Μὴ
459 1836 716 1908 φορτικός
766 1836 905 1906 εἰμι,
961 1836 1036 1907 μὴ
1084 1834 1351 1908 ἐπαχθὴς,
1395 1837 1483 1890 ἀεὶ
1523 1836 1717 1907 λέγων,
1768 1838 1850 1891 ὅτι
1878 1839 1907 1890 0

320 1922 559 1986 πλοῦτος
585 1924 706 1987 τοὺς
725 1921 909 1986 κακῶς
931 1921 1303 1993 κεχρημένους
1325 1923 1647 1993 προδίδωσιν
1666 1943 1681 1993 ς
1704 1920 1906 1980 Ἦλθεν

325 2010 358 2062 0
390 2009 584 2080 καιρὸς
607 2010 807 2073 δεικνὺς
836 2008 947 2063 τῶν
976 2009 1240 2082 ῥημάτων
1266 2011 1365 2083 τὴν
1396 2010 1677 2082 ἀλήθειαν.
1710 2012 1776 2065 Τί
1810 2030 1908 2067 κα-

327 2096 514 2167 τέχεις
540 2096 713 2163 αὑτὸν,
752 2100 810 2151 ἐν
844 2097 1144 2169 πειρασμῷ
1169 2114 1230 2150 σε
1262 2095 1430 2169 μηδὲν
1462 2096 1811 2166 ὠφελοῦντας
1842 2100 1905 2154 Et

317 2166 434 2252 ἔχει
451 2184 623 2253 ἰσχὺν,
640 2184 767 2237 ὅταν
781 2166 1029 2256 ἐμπέσῃς
1044 2166 1125 2247 είς
1144 2166 1413 2256 ἀνάγκην,
1431 2184 1692 2257 παρέστω
1716 2203 1797 2240 σοι
1820 2202 1833 2216 ·
1856 2187 1905 2240 εί

303 2270 366 2325 δὲ
391 2271 519 2325 τότε
554 2272 770 2341 φεύγει,
786 2272 841 2326 τί
871 2276 1062 2345 χρείαν
1079 2272 1242 2326 αὐτοῦ
1258 2272 1403 2345 ἐχεις
1422 2273 1601 2340 ςΔύτά
1624 2274 1692 2328 τά
1723 2276 1903 2344 πράγ-

310 2374 463 2430 ματα
496 2363 788 2433 μαρτυρεῖ.
821 2360 887 2412 Τί
917 2359 976 2413 τὸ
1019 2357 1246 2430 δφελοςς
1279 2359 1423 2431 Ξίφη
1451 2361 1787 2432 ἠκονημένα,
1808 2362 1905 2419 θά-

306 2466 474 2513 νατος
500 2448 912 2520 ἀπειλούμενος,
942 2450 1303 2522 στρατόπεδον
1347 2451 1695 2522 μαινόμενον,
1736 2469 1904 2525 προσ-

304 2535 468 2591 δοκία
490 2535 728 2607 ἀπειλῆς
755 2535 906 2608 [589]
938 2536 1235 2610 τοσαύτης·
1281 2538 1377 2592 καὶ
1411 2538 1441 2591 0
1487 2537 1714 2602 πλοῦτος
1744 2539 1904 2593 οὐδα-

313 2624 442 2695 μοῦ.
473 2623 586 2677 Ποῦ
612 2624 815 2694 ἐφογεν
830 2627 858 2678 0
878 2624 1188 2697 δραπέτηςς
1216 2625 1387 2690 Δύτός
1410 2643 1496 2680 σοι
1520 2624 1896 2681 κατεσκεύασε

307 2710 490 2766 ταῦτα
519 2710 722 2776 πάντα,
760 2712 856 2765 καὶ
878 2714 936 2765 ἐν
965 2712 1144 2784 καιρῷ
1176 2713 1426 2785 ἀνάγκης
1465 2712 1683 2783 φεύγει.
1710 2715 1902 2768 Καίτοι

310 2799 505 2854 πολλοὶ
545 2799 843 2869 ἐγκαλοῦσί
871 2816 963 2871 μοι
1008 2801 1095 2854 ἀεὶ
1134 2800 1407 2870 λέγοντες,
1426 2800 1768 2873 Κεκὸλλησαι
1792 2805 1904 2866 τοῖς

307 2886 592 2953 πλουσίοις
611 2905 624 2919 ’
661 2889 759 2942 καὶ
789 2887 900 2959 7&9
951 2888 1045 2942 καὶ
1077 2890 1273 2943 ἐκεῖνοι
1299 2888 1387 2943 ἀεὶ
1416 2888 1772 2960 κεκόλληνται
1791 2891 1903 2955 τοῖς

310 2975 568 3045 πένησιν.
608 2974 752 3044 Ἐγὼ
776 2975 833 3029 δέ
868 2974 1206 3048 κεκόλλημαι
1232 2979 1343 3041 τοῖς
1366 2975 1673 3041 πλουσίοις·
1702 2976 1763 3030 οὐ
1790 2979 1905 3041 τοῖς

308 3062 594 3126 πλουσίοις
614 3062 692 3128 δέ,
728 3062 864 3119 ἀλλά
894 3064 1008 3127 τοῖς
1048 3062 1232 3126 κακῶς
1262 3063 1340 3135 τῷ
1386 3063 1599 3135 πλούτῳ
1624 3064 1901 3135 κεχρημέ-

309 3167 445 3213 νοις.
495 3150 606 3203 ’Δεὶ
630 3150 739 3222 7&9
790 3150 954 3220 λέγω,
985 3151 1067 3203 ὃτι
1094 3152 1155 3205 ού
1186 3151 1277 3205 τὸν
1311 3151 1564 3205 πλούσιον
1610 3151 1900 3216 διαϐάλλω,

306 3236 451 3292 ἀλλά
488 3236 579 3291 τὸν
620 3237 868 3312 ἅρπαγα.
905 3236 1068 3293 ’Δλλο
1095 3238 1152 3292 δὲ
1197 3238 1473 3305 πλούσιος,
1508 3240 1605 3294 καὶ
1641 3239 1771 3294 ἀλλο
1803 3238 1903 3311 ἆρ-

307 3324 456 3393 παξο
498 3324 627 3381 ἀλλο
653 3323 907 3397 εύπορος,
929 3326 1024 3379 καὶ
1048 3325 1177 3381 ἄλλο
1211 3326 1560 3397 πλεονέκτης.
1601 3325 1810 3400 Διαίρει
1833 3327 1902 3382 τὰ

306 3413 639 3486 πράγματα,
670 3413 769 3477 καίι
809 3412 885 3484 μή
923 3411 1118 3485 σύγχεε
1149 3412 1219 3467 τά
1268 3415 1493 3486 ἄμικτα.
1525 3415 1785 3479 Πλούσιος
1815 3410 1897 3483 εἷς

307 3503 389 3557 Οὐ
433 3500 650 3559 κωλύω.
689 3502 909 3575 Ἅρπαξ
942 3497 1024 3570 εἷς
1068 3503 1399 3573 Κατηγορῶ.
1437 3504 1621 3576 Ἔχεις
1666 3503 1736 3559 τὰ
1801 3504 1897 3570 σάς

319 3589 614 3645 ’Δπόλαυε.
640 3589 958 3660 Λαμϐἀνεις
992 3589 1060 3644 τά
1088 3590 1376 3663 ἀλλότριας
1407 3590 1484 3648 Ού
1525 3593 1683 3662 σιγῶ.
1715 3591 1901 3656 Θέλεις

306 3694 382 3749 με
416 3676 670 3742 λιθάσαις
707 3676 966 3747 Ἕτοιμός
995 3678 1110 3748 είμι
1137 3677 1199 3731 τὸ
1224 3673 1365 3748 αἷμά
1399 3696 1504 3749 μου
1536 3678 1769 3750 ἐκχέειν,
1802 3679 1900 3749 μό-

307 3782 401 3819 νον
427 3764 531 3835 τὴν
566 3764 843 3835 ἁμαρτίαν
878 3781 973 3817 σου
1006 3763 1221 3819 κωλύω.
1272 3766 1513 3837 Ἐμοὶοῦ
1536 3765 1687 3836 μέλει
1722 3768 1896 3837 μῖσος,

304 3855 372 3909 οὐ
408 3853 568 3926 μέλει
602 3870 693 3925 μοι
722 3853 955 3923 πόλεμος
976 3869 989 3884 ·
1027 3853 1142 3917 ἐνὸς
1174 3852 1232 3907 δέ
1263 3870 1356 3925 μοι
1391 3854 1550 3924 μόνον
1596 3851 1769 3924 μέλει,
1799 3853 1899 3924 τῆς

307 3941 601 4015 προκοπῆς
628 3938 737 3995 τῶν
764 3940 1091 3995 ἀκουόντων.
1125 3940 1239 3995 Καὶ
1265 3941 1317 3994 οί
1347 3940 1593 3994 πλούσιοι
1632 3940 1743 4011 ἐμὰ
1779 3940 1901 3995 τέκο

307 4046 399 4093 να,
428 4029 528 4085 καὶ
561 4029 613 4082 οί
640 4028 872 4099 πένητες
905 4028 1015 4099 ἐμὰ
1061 4026 1254 4082 τέκνα’
1287 4028 1321 4099 ή
1372 4026 1512 4098 αὐτὴ
1561 4025 1774 4099 γαστὴρ
1802 4027 1903 4097 ἀμ·

308 4118 579 4190 ςκατέρους
609 4115 799 4170 ὤδινεν
820 4133 836 4148 ο
872 4117 926 4169 αἱ
958 4115 1120 4170 αὑταὶ
1168 4114 1360 4178 ὠδῖνες
1401 4113 1744 4185 ἀμφοτέρους
1794 4111 1903 4165 ἐτε-

306 4223 429 4262 κον.
463 4206 564 4258 Ἂν
609 4204 792 4258 τοίνυν
836 4202 1166 4273 κεκόλλησαι
1213 4200 1292 4273 τῷ
1337 4201 1554 4273 πένητι,
1609 4199 1901 4272 κατηγορῶ

312 4308 442 4347 σου’
480 4292 542 4345 ού
588 4290 697 4363 γάρ
744 4288 838 4343 τοῦ
888 4290 1126 4361 πένητος
1170 4288 1407 4360 τοσαύτη
1442 4288 1635 4361 ζημία,
1668 4287 1766 4360 ὅση
1804 4286 1900 4341 τοῦ

310 4379 576 4435 πλουσίου
598 4380 647 4433 δ.
696 4378 756 4435 '0
786 4379 885 4450 μὲν
914 4379 1025 4449 7&9
1058 4379 1228 4451 πένης
1255 4378 1407 4433 οὐδὲν
1444 4378 1585 4449 μέγα
1612 4377 1895 4431 ἀδικεῖταιο

310 4469 397 4533 είς
424 4469 689 4541 χρήματα
715 4466 826 4539 γὰρ
863 4467 1161 4538 βλάπτεται
1181 4481 1197 4497 ⁸
1232 4468 1296 4520 σὺ
1315 4467 1373 4521 δέ
1408 4468 1488 4530 είς
1513 4466 1692 4538 ψυχὴν
1728 4466 1901 4537 βλάπ-

311 4572 404 4631 τῃ.
422 4557 485 4609 '0
502 4556 821 4627 βουλόμενος
841 4557 1008 4610 ἀποτε
1017 4556 1217 4627 μνέτω,
1234 4558 1262 4610 0
1280 4554 1600 4626 βουλόμενος
1613 4554 1897 4621 λιθαζέτω,

310 4648 343 4698 0
372 4643 696 4714 βουλόμενος
734 4643 962 4715 μισείτω
981 4661 995 4676 ·
1035 4642 1307 4715 ὑποθῆκαι
1337 4642 1444 4713 7&9
1470 4643 1596 4713 ἐμοὶ
1624 4643 1902 4712 στεφάνων

310 4731 372 4784 al
399 4729 701 4795 ἐπιϐουλαὶ,
733 4731 829 4785 καὶ
859 4729 1091 4802 ἀριθμὸς
1127 4728 1393 4801 βραϐείων
1423 4729 1491 4783 τά
1521 4729 1832 4803 τραύματα.

384 4816 449 4871 δ’.
493 4816 569 4869 Οὐ
599 4817 816 4871 δέδοικα
842 4817 1018 4872 τοίνυν
1049 4816 1342 4887 ἐπιϐουλήν
1359 4832 1372 4847 ο
1405 4815 1462 4869 ἐν
1486 4816 1697 4871 δέδοικα
1722 4818 1900 4887 μόνον,

316 4899 616 4971 ἁμαρτίαν.
670 4900 754 4974 Μὴ
808 4902 876 4972 μέ
921 4919 1006 4964 τις
1053 4900 1248 4974 ἐλέγξῃ
1297 4901 1697 4971 ἁμαρτάνοντα,
1742 4901 1838 4954 καὶ
1868 4903 1901 4971 ἡ

315 4982 614 5055 οὺιουμένη
638 4986 787 5039 πᾶσα
806 4986 1115 5056 πολεμείτω
1148 5003 1256 5056 μοι.
1293 4985 1350 5039 'U
1370 4984 1479 5055 7&9
1499 4984 1732 5055 πόλεμος
1750 4978 1903 5048 οὗτος

316 5066 700 5139 λαμπρότερόν
718 5085 785 5139 με
806 5067 1120 5139 ἐργάζεται.
1146 5066 1303 5121 Οὕτω
1323 5068 1418 5122 καὶ
1437 5068 1582 5138 ὑμᾶς
1617 5065 1903 5120 παιδεῦσαι

317 5146 607 5220 βούλομαι.
629 5149 743 5223 [Μὴ
781 5151 1056 5223 φοϐηθῆτε
1077 5149 1370 5223 ἐπιϐουλὴν
1399 5149 1656 5204 δυνάστου
1682 5159 1731 5215 ε,
1766 5147 1903 5203 ἀλλὰ

381 5262 410 5293 ⁸
438 5261 578 5313 Unus
592 5262 665 5313 sic
687 5264 947 5317 habet.0n
966 5267 997 5321 ἡ
1016 5264 1151 5318 πόλις
1170 5261 1375 5321 ἐκαίετο,
1397 5261 1478 5323 ὅτε
1491 5258 1634 5323 μανία
1648 5259 1900 5323 ἀφόρητος,

313 5324 403 5394 ὅτε
420 5324 845 5394 νόμοιέπατοῦντο.
857 5326 937 5373 ὅτε
958 5325 1165 5394 βασιλεῖς
1166 5321 1565 5394 κατεφρονοῦςςτο,
1577 5321 1898 5394 ὅτε-διάδημα.

386 5385 417 5425 b
445 5379 672 5447 SicAunus
708 5387 895 5447 Regips
933 5379 1136 5447 o'plime.
1156 5379 1377 5447 Ειιιιὶίὲι
1413 5380 1497 5431 atii
1518 5382 1572 5431 οὐ
1592 5379 1678 5431 τοῦ
1703 5379 1901 5439 πένητος

322 5447 379 5496 δὲ
394 5445 626 5496 τοσοῦτον
643 5449 755 5496 ὅσον
775 5444 862 5495 τοῦ
881 5444 1113 5495 πλουσίου
1149 5448 1206 5494 τὸ
1244 5444 1470 5506 ἀδίκημα.

388 5509 412 5540 ε
440 5507 554 5557 Ητιιο
581 5507 749 5569 verba,
792 5509 863 5571 μή
884 5509 1138 5571 ,φοϐηθῆτε
1164 5503 1426 5571 ἐπιϐουλήν
1454 5503 1703 5571 δυνάστου,
1733 5508 1787 5553 εί
1809 5516 1901 5571 ⁸εαξ-

324 5572 547 5637 ιςυοιιιίει,
572 5564 745 5637 υωυε
763 5564 825 5620 ad
850 5564 1241 5637 ἐὰνπὸξσυνειδρς
1260 5584 1348 5617 σου
1383 5566 1587 5637 καθαρόν
1628 5564 1680 5637 ᾖ..
1708 5565 1901 5615 uncinis

329 5628 837 5693 melusimnsfulpote
877 5632 1059 5693 συκέη
1103 5630 1273 5683 multis
1314 5641 1425 5681 cum
1467 5628 1618 5679 editis
1654 5632 1758 5676 tum
1791 5641 1898 5678 Ina-

320 5694 588 5755 μυδετὶριιε
621 5690 957 5743 ιιοιιέιειεοι.
985 5690 1120 5744 Em.

891 228 1175 287 IIOMILIA
1212 228 1301 290 DE
1338 227 1565 286 CAPTO
1605 226 1956 285 EUTROPIO
1994 226 2085 284 ΕΤ
2125 229 2213 285 DE
2251 230 2661 293 DIVITIARUM
2697 235 3075 301 VANITATE.

3492 249 3597 305 400

2016 367 2290 457 φοϐήθητε
2313 371 2586 444 ἁμαρτίας
2608 373 2862 447 δύναμιν.
2882 376 3208 449 Ἄνθρωπός
3226 397 3285 434 σε
3303 382 3364 437 ού
3383 382 3599 457 βλάψει,

2015 455 2113 547 ἐάν
2143 457 2216 529 μὴ
2263 460 2333 547 σὺ
2388 460 2613 516 σεαυτὸν
2654 463 2883 538 πλήξῃς.
2935 467 3061 520 Ἐὰν
3109 468 3184 540 μὴ
3233 455 3598 547 ἐχῃςνάμαρ-

2013 542 2157 609 τίαν,
2192 545 2286 598 καὶ
2337 547 2507 620 μυρία
2553 548 2682 621 ξίφη
2733 554 2906 623 παρῇ,
2966 553 3204 625 ἁρπάζει
3261 542 3320 609 σε
3366 558 3396 610 0
3431 542 3595 625 Θεός·

2014 631 2110 685 ἐάν
2152 631 2209 685 δὲ
2257 632 2383 708 ἔχῃς
2419 636 2690 709 ἁμαρτίαν
2730 638 2823 692 καὶ
2871 641 2928 692 ἐν
2977 640 3287 715 παραδείσῳ
3316 639 3402 719 ᾗς,
3438 647 3594 702 ἐκπίο

2013 734 2189 787 πτεις.
2223 721 2313 777 Ἐν
2344 725 2656 798 παραδείσῳ
2683 723 2749 799 ἧν
2770 730 2798 782 0
2828 728 3022 800 Ἀδὰμ,
3046 731 3140 783 καὶ
3158 732 3382 787 ἔπεσεν·
3415 736 3473 788 ἐν
3500 753 3595 790 κο-

2013 810 2151 882 πρίᾳ
2180 805 2248 882 ἦν
2282 811 2311 864 0
2351 811 2491 880 Ἰὼϐ,
2528 814 2623 868 καὶ
2650 814 3020 887 ἐστεφανώθη.
3052 818 3117 869 Τί
3141 819 3424 892 ὠφέλησεν
3452 822 3597 876 ἐκεῖ·

2013 914 2102 952 νον
2132 901 2160 954 0
2195 901 2551 973 παράδεισοςς
2604 903 2637 976 ἢ
2680 903 2735 957 τί
2784 904 2981 974 ἔϐλαψε
3026 907 3214 961 τοῦτον
3264 910 3297 981 ή
3353 912 3590 984 κοπρίας

2024 986 2249 1060 Ἐκείνῳ
2272 990 2447 1055 οὐδεὶς
2461 992 2870 1061 ἐπεϐούλευσεν,
2898 995 2990 1047 καὶ
3010 995 3373 1070 ύπεσκελίσθη
3392 1017 3403 1029 ·
3417 999 3594 1072 τούτῳ

2010 1078 2039 1129 0
2067 1075 2329 1141 διάϐολος,
2361 1078 2457 1132 καὶ
2487 1080 2858 1152 ἐστεφανώθη.
2898 1082 2973 1135 Οὐ
3021 1082 3090 1135 τὰ
3121 1084 3382 1156 χρήματα
3424 1086 3591 1141 αὑτοῦ

2011 1162 2202 1218 ἔλαϐεν
2227 1181 2241 1230 ς
2286 1165 2448 1219 Ἀλλὰ
2477 1168 2577 1238 τὴν
2610 1168 2894 1222 εὐσέϐειαν
2923 1171 3025 1223 οὐκ
3052 1170 3336 1242 ἐσύλησεν.
3361 1176 3436 1230 Οὐ
3466 1177 3594 1242 τοὺς

2010 1251 2206 1315 παῖδας
2253 1252 2419 1306 αὐτοῦ
2449 1254 2733 1325 ἥρπασενς
2784 1256 2945 1310 Ἀλλὰ
2976 1257 3077 1327 τὴν
3107 1259 3288 1313 πίστιν
3322 1262 3422 1316 οὐκ
3466 1264 3594 1317 ἐσά-

2010 1337 2222 1395 λευσεν.
2252 1340 2326 1393 Ού
2349 1339 2431 1423 τδᾼ
2448 1340 2606 1413 σῶμα
2625 1342 2791 1397 αὐτοῦ
2825 1342 3110 1417 διέρρηξεν
3132 1364 3147 1413 ς
3189 1347 3349 1403 Ἀλλά
3373 1351 3462 1404 τὸν
3497 1351 3593 1423 θη·

2011 1427 2209 1499 σαυρδν
2241 1428 2339 1499 οὐχ
2375 1420 2551 1500 εὗρεν.
2581 1430 2658 1482 Οὐ
2702 1430 2803 1501 τὴν
2840 1435 3075 1500 γυναῖκα
3108 1434 3274 1489 αὑτοῦ
3323 1420 3587 1504 ὥπλισενς
3644 1436 3660 1477 \

2024 1516 2187 1571 Ἀλλά
2216 1517 2311 1572 τὸν
2354 1519 2694 1591 στρατιώτην
2726 1521 2825 1590 οὐχ
2868 1516 3250 1579 ύπεσκέλισεν.
3283 1524 3398 1578 Ούκ
3429 1524 3588 1579 ἔϐαλε

2008 1603 2139 1670 τόξα
2169 1606 2263 1659 καὶ⁵
2298 1605 2464 1676 βέλης
2512 1606 2673 1659 Ἀλλά
2693 1607 2984 1679 τραύματα
3008 1610 3108 1663 οὐκ
3136 1609 3372 1687 ἐδέξατο.
3414 1613 3592 1685 Προσ-

2009 1693 2183 1764 ήγαγε
2227 1694 2441 1764 μηχανή
2453 1710 2617 1764 ματα,
2672 1694 2807 1749 ἀλλά
2860 1695 2953 1748 τὸν
3018 1695 3229 1768 πύργον
3290 1698 3392 1752 ούκ
3448 1698 3591 1753 ἔσει-

2010 1796 2102 1833 σεν
2127 1797 2140 1812 ο
2174 1780 2421 1850 ἐπήγαγε
2448 1780 2690 1852 κύματα,
2723 1780 2859 1835 ἀλλὰ
2890 1782 2953 1835 τὸ
2979 1782 3164 1837 πλοῖον
3212 1784 3275 1838 ού
3320 1786 3588 1841 κατεπόν-

2007 1884 2146 1922 τισε.
2187 1867 2389 1921 Τοῦτόν
2440 1885 2530 1936 μοι
2568 1870 2660 1921 τὸν
2696 1870 2860 1940 νόμον
2894 1874 3171 1943 τηρήσατε
3199 1912 3214 1935 ,
3257 1875 3583 1947 παρακαλῶ,

2007 1953 2105 2004 καὶ
2144 1950 2254 2003 τῶν
2287 1951 2528 2018 γονάτων
2573 1952 2727 2020 ὑμῶν
2763 1953 3042 2024 ἅπτομαι,
3081 1959 3130 2008 εί
3163 1958 3257 2010 καὶ
3304 1958 3379 2030 μὴ
3418 1960 3584 2031 χειρὶ,

2006 2032 2141 2086 ἀλλά
2169 2035 2234 2104 τῇ
2265 2031 2459 2105 γνώμῃ
2482 2073 2497 2097 ,
2527 2034 2622 2087 καὶ
2648 2034 2859 2105 δάκρυα
2888 2036 3081 2105 ἐκχέω.
3111 2037 3312 2092 Τοῦτόν
3343 2056 3435 2110 μοι
3483 2057 3585 2112 τη-

2011 2117 2213 2187 ρήσατε
2239 2116 2330 2169 τὸν
2376 2115 2540 2187 νόμον
2567 2158 2582 2182 ,
2614 2117 2709 2170 καὶ
2740 2117 2921 2182 οὐδεὶς
2951 2119 3097 2189 ὑμᾶς
3132 2118 3378 2189 βλάπτει.
3405 2122 3587 2194 Μηδέ-

2007 2219 2137 2256 ποτε
2162 2200 2499 2274 μακαρίζετε
2531 2200 2786 2255 πλούσιον
2809 2216 2822 2229 ·
2860 2202 3128 2273 μηδέποτε
3166 2203 3478 2271 ταλανίζετε
3514 2204 3586 2279 [εί

2009 2283 2085 2357 μὴ
2108 2283 2225 2357 τὸν]
2256 2286 2313 2338 ἐν
2342 2282 2587 2355 ἁμαρτίᾳ
2608 2300 2623 2314 ’
2652 2282 2984 2356 μακαρίζετε
3016 2285 3107 2339 τὸν
3146 2288 3204 2341 ἐν
3244 2286 3584 2362 δικαιοσύνῃ.

2006 2370 2082 2423 Οὐ
2108 2368 2218 2442 γὰρ
2245 2370 2279 2441 ή
2309 2368 2470 2439 φύσις
2496 2367 2606 2421 τῶν
2631 2367 3004 2439 πραγμάτων,
3044 2370 3159 2423 ἀλλ’
3199 2372 3233 2441 ή
3259 2370 3452 2443 γνώμη
3477 2372 3587 2427 τῶν

2005 2454 2310 2523 ἀνθρώπων
2336 2453 2431 2508 καὶ
2455 2452 2644 2506 τοῦτον
2685 2452 2939 2506 κάκεῖνον
2968 2458 3133 2509 ποιεί.
3168 2454 3450 2526 Μηδέποτε
3485 2473 3587 2527 φο-

2004 2539 2181 2611 ϐηθῇς
2208 2536 2364 2607 ξίφη,
2394 2537 2490 2589 ἐὰν
2537 2535 2611 2607 μὴ
2654 2535 2715 2588 τὸ
2747 2534 2988 2599 συνειδός
3037 2552 3132 2589 σου
3182 2539 3539 2611 κατηγορήσῃ
3567 2557 3584 2573 ·

2004 2621 2158 2696 [590]
2194 2620 2462 2692 μηδέποτε
2491 2618 2736 2690 φοϐηθῇς
2763 2620 2822 2671 ἐν
2849 2618 3102 2690 πολέμῳ,
3130 2618 3226 2674 ἐὰν
3258 2620 3321 2673 τὸ
3350 2621 3587 2685 συνειδός

2005 2723 2101 2759 σου
2136 2699 2483 2776 καθαρὸν
2521 2701 2631 2756 Ποῦ
2672 2701 3112 2766 οίάπελθόντεςς
3146 2702 3269 2756 είπέ
3302 2719 3413 2773 μοι.
3449 2704 3586 2774 οὐχὶ

2005 2789 2206 2852 πάντες
2241 2787 2598 2852 ὑπέκυπτονς
2632 2786 2755 2855 οὐχὶ
2805 2787 2854 2839 οί
2908 2788 2967 2839 ἐν
3006 2786 3148 2857 ἀρχῇ
3197 2786 3349 2850 ὄντες
3400 2788 3584 2857 μεῖζον

2003 2873 2233 2945 ἔτρεμον
2282 2871 2525 2936 αύτούςς
2577 2870 2677 2923 οὐκ
2727 2869 3100 2941 ἐθεράπευονς
3155 2869 3297 2923 Ἀλλ’
3339 2866 3503 2942 ἦλθεν
3548 2871 3583 2941 ή

2004 2957 2269 3029 ἁμαρτία,
2298 2957 2394 3009 καὶ
2420 2954 2596 3009 πάντα
2635 2953 2874 3025 ἠλέγχθη
2896 2971 2909 2986 ·
2945 2956 3040 3009 καὶ
3073 2956 3124 3008 οί
3151 2953 3482 3026 θεράποντες
3510 2955 3585 3009 δι-

2002 3041 2202 3095 κασταὶ
2239 3038 2487 3108 ἐγένοντο
2513 3077 2529 3099 ,
2560 3038 2609 3091 οἱ
2658 3037 3046 3102 κολακεύοντες
3096 3038 3283 3109 δήμιοι
3316 3054 3330 3069 ο
3389 3041 3439 3093 οί
3484 3037 3585 3102 τὰς

2001 3127 2192 3195 χεῖρας
2217 3121 2670 3191 καταφιλοῦντες,
2716 3122 2871 3175 αὐτοὶ
2904 3122 3066 3176 αὐτὸν
3101 3117 3282 3177 εἷλκον
3332 3122 3441 3177 ἀπὸ
3483 3123 3584 3194 τῆς

2001 3206 2300 3278 ἐκκλησίας
2319 3245 2334 3270 ,
2366 3205 2461 3258 καὶ
2484 3205 2513 3257 0
2541 3203 2669 3275 χθὲς
2699 3204 2798 3276 τήν
2838 3207 2996 3275 χεῖρα
3035 3204 3307 3274 καταφιλᾶ
3320 3222 3378 3269 ν,
3410 3206 3583 3276 σήμε-

2006 3308 2096 3363 ρον
2127 3289 2404 3360 πολέμιος.
2433 3286 2531 3341 Διὰ
2568 3287 2621 3339 τί
2645 3304 2659 3353 ς
2680 3288 2802 3341 Ὅτι
2828 3286 2951 3340 οὔτε
2993 3288 3119 3358 χθὲς
3153 3288 3292 3359 μετὰ
3324 3287 3583 3359 ἀληθείας

2002 3372 2198 3445 ἐφίλει.
2223 3369 2395 3425 Ἦλθε
2423 3369 2534 3442 γὰρ
2568 3371 2597 3423 0
2623 3370 2844 3440 καιρὸς,
2875 3370 2970 3424 καὶ
2996 3370 3234 3443 ἠλέγχθη
3275 3371 3342 3424 τά
3369 3388 3584 3443 προσω-

2003 3461 2152 3512 πεία.
2190 3456 2263 3510 Οὐ
2303 3450 2431 3527 χθὲς
2479 3453 2578 3517 τὰς
2625 3456 2813 3526 χεῖρας
2857 3454 3169 3522 κατεφίλεις
3192 3494 3206 3519 ,
3234 3454 3330 3509 καὶ
3363 3457 3585 3526 σωτῆρα

2001 3538 2317 3611 ὠνόμαζες,
2364 3537 2459 3592 καὶ
2490 3536 2765 3608 κηδεμόνα
2791 3577 2807 3601 ,
2857 3538 2952 3591 καὶ
2987 3538 3319 3610 εὐεργέτηνς
3349 3538 3450 3592 οὐκ
3491 3540 3586 3610 ἐγ-

2001 3624 2186 3694 κώμια
2233 3621 2457 3692 ὕφαινες
2504 3620 2704 3692 μυρίας
2735 3620 2832 3674 Διά
2868 3619 2923 3673 τί
2957 3622 3194 3692 σήμερον
3218 3624 3580 3693 κατηγορετςς

2000 3706 2145 3770 Χθές
2173 3706 2463 3777 ἐπαινέτης
2488 3745 2503 3768 ,
2534 3704 2627 3757 καὶ
2678 3706 2917 3777 σήμερον
2962 3707 3299 3775 κατήγοροςς
3335 3704 3462 3775 χθὲς
3490 3708 3586 3775 ἐγ.

2002 3788 2207 3860 κώμια,
2239 3790 2335 3841 καὶ
2366 3789 2604 3859 σήμερον
2629 3785 2948 3858 ἐγκλήματα
2972 3786 3217 3857 μιγνύεις
3243 3802 3258 3851 ς
3287 3787 3383 3850 Τίς
3417 3790 3450 3859 ή
3483 3804 3584 3859 με-

2000 3874 2239 3946 ταϐολής
2269 3873 2354 3936 τίς
2380 3874 2415 3944 ἡ
2446 3870 2809 3943 μετάστασιςς

2072 3990 2112 4038 ε’
2122 4025 2134 4037 .
2153 3979 2294 4035 Ἀλλ’
2308 3981 2408 4035 οὐκ
2425 3980 2535 4049 ἐγὼ
2545 3978 2804 4042 τοιοῦτος’
2822 3978 2936 4033 ἀλλ’
2952 3976 3063 4048 ἐγὼ
3076 3978 3579 4052 ἐπιϐουλευόμενος,

2001 4069 2316 4143 προστάτης
2348 4067 2633 4138 ἐγενόμην.
2677 4065 2863 4138 Μυρία
2895 4066 3093 4121 ἔπαθον
3132 4066 3315 4134 δεινὰ,
3358 4068 3453 4123 καὶ
3481 4070 3583 4126 οὐκ

2001 4157 2349 4231 ἠμειψάμην.
2380 4155 2484 4209 Τὸν
2528 4154 2637 4226 γὰρ
2666 4154 2942 4226 Δεσπότην
2974 4154 3069 4207 τὸν
3097 4154 3334 4226 ἐμαυτοῦ
3388 4156 3582 4229 μιμοῦ-

2007 4265 2125 4319 μαι,
2148 4246 2206 4310 δς
2227 4246 2284 4298 ἐν
2305 4243 2384 4316 τῷ
2411 4242 2629 4315 σταυρῴ
2659 4242 2842 4311 ἔλεγεν
2862 4257 2877 4272 ’
2905 4244 3079 4312 Ἄφες
3108 4243 3313 4309 αὐτοῖς
3334 4259 3349 4275 ο
3375 4249 3447 4301 οὐ
3467 4248 3581 4317 γὰρ

2002 4334 2202 4391 οἴδασι
2230 4335 2287 4388 τί
2314 4331 2615 4386 ποιοῦσιν.
2636 4330 2823 4384 Ταῦτα
2853 4329 2909 4384 δὲ
2932 4330 3094 4399 λέγω,
3124 4330 3213 4385 ἵνα
3240 4332 3315 4404 μή
3345 4334 3413 4403 τῇ
3444 4332 3578 4385 ὑπο-

2002 4423 2121 4496 νοίᾳ
2146 4422 2254 4477 τῶν
2284 4419 2534 4491 πονηρῶν
2563 4416 3033 4490 παραφθείρησθε.
3062 4417 3232 4470 Πόσαι
3282 4418 3576 4486 μεταϐολαὶ

2003 4512 2307 4581 γεγόνασιν,
2337 4507 2397 4574 ἐξ
2427 4500 2489 4561 οὗ
2516 4506 2616 4576 τῆς
2645 4505 2851 4569 πόλεως
2876 4504 3129 4576 ἐπέστην,
3153 4505 3248 4558 καὶ
3268 4505 3437 4569 οὐδεὶς
3470 4522 3577 4560 σω·

2004 4599 2319 4673 φρονίξεται
2343 4614 2358 4663 ς
2390 4594 2578 4659 Οὐδεὶς
2612 4594 2669 4648 δέ
2701 4594 2829 4648 ὅταν
2862 4594 3001 4648 εἴπω
3025 4633 3040 4657 ,
3068 4592 3131 4646 οὐ
3160 4593 3377 4648 πάντων
3404 4611 3574 4649 κατα-

2003 4685 2288 4757 γινώσκω’
2316 4684 2393 4755 μὴ
2420 4682 2646 4752 γένοιτο.
2676 4682 2749 4735 Ού
2774 4678 2884 4752 7&9
2919 4677 3033 4734 έῖτι
3058 4680 3157 4751 τὴν
3184 4681 3424 4753 ἄρουραν
3448 4681 3580 4736 ταύ-

2003 4793 2103 4846 την
2125 4775 2222 4846 τὴν
2243 4770 2479 4843 λιπαρὰν
2502 4810 2516 4833 ,
2540 4769 2840 4839 δεξαμένην
2869 4767 3178 4840 σπέρματα,
3222 4766 3297 4840 μὴ
3329 4768 3425 4823 καὶ
3450 4770 3577 4824 στά-

2003 4880 2103 4935 χυν
2131 4864 2373 4930 ἐνεγκεῖν
2390 4876 2403 4889 ·
2432 4859 2549 4912 ἀλλ’
2573 4857 2685 4926 ἐγὼ
2711 4856 3005 4928 ἀκόρεστός
3044 4858 3188 4926 εἰμι,
3220 4857 3282 4910 οὐ
3318 4856 3576 4928 βούλομαι

2003 4951 2214 5019 ὀλίγους
2258 4948 2517 5020 σωθῆναι,
2553 4944 2688 5000 ἀλλά
2724 4943 2951 5007 πάντας.
2986 4942 3106 4997 Κᾶν
3155 4936 3237 5007 εἷς
3274 4944 3574 5016 ἀπολειφθῇ

2003 5037 2372 5109 ἀπολλύμενος
2390 5076 2404 5100 ,
2434 5033 2545 5104 ἐγὼ
2569 5033 2899 5104 ἀπόλλυμαι,
2935 5032 3029 5087 καὶ
3057 5027 3213 5103 οἶμαι
3235 5031 3327 5086 τὸν
3347 5032 3579 5103 ποιμένα

2006 5129 2210 5181 ἐκεῖνον
2237 5124 2540 5197 μιμεῖσθαι,
2557 5121 2616 5186 ὃς
2638 5122 2962 5192 ἐνενήκοντα
2983 5120 3138 5174 ἐννέα
3162 5116 3277 5191 εἶχε
3307 5119 3573 5191 πρόϐατα,

2003 5214 2098 5268 καὶ
2129 5215 2219 5267 ἐπὶ
2255 5212 2317 5266 τὸ
2363 5211 2421 5265 ἐν
2473 5208 2891 5282 πεπλανημένον
2936 5208 3187 5280 ἔδραμεν.
3232 5206 3409 5278 Μέχρι
3444 5206 3576 5261 πότε

1998 5303 2299 5373 χρήματας
2331 5300 2492 5372 μέχρι
2522 5298 2649 5352 πότε
2680 5298 2942 5369 ἄργυρος·
2980 5297 3141 5367 μέχρι
3178 5295 3305 5349 πότε
3339 5296 3574 5365 χρυσόςς

2007 5391 2168 5464 μέχρι
2199 5389 2329 5444 πότε
2362 5385 2502 5453 οἶνος
2539 5389 2896 5459 ἐκχεόμενοςς
2940 5384 3101 5458 μέχρι
3134 5383 3262 5437 πότε
3296 5383 3576 5437 κολακείαι

2002 5478 2258 5545 οἱκετῶνς
2315 5476 2476 5549 μέχρι
2508 5474 2639 5528 πότε
2687 5476 2962 5547 κρατῆρες
3011 5470 3368 5544 ἐστεμμένςις
3415 5471 3575 5544 μέχρι

2003 5565 2134 5619 πότε
2177 5564 2451 5635 συμπόσια
2493 5561 2755 5618 σατανικὰ
2780 5601 2796 5629 ,
2840 5561 2935 5616 καὶ
2975 5560 3285 5631 διαϐολικῆς
3336 5559 3573 5632 γέμοντα

2007 5653 2282 5725 ἐνεργείας
2298 5669 2315 5720 ς
