4100 6196
316 240 419 296 401

390 352 519 407 Haec
544 350 648 405 vita
679 351 1034 419 peregrinatio.
1065 378 1136 390 —
1160 348 1294 403 Num
1323 348 1459 402 nosti
1485 348 1643 401 vitam
1677 357 1908 414 praesen-

318 454 426 500 tem
457 455 580 497 esse
609 440 1091 510 peregrinationem
1115 438 1138 492 ?
1162 438 1421 493 Numnam
1451 446 1502 492 tu
1527 435 1701 492 civis?
1728 433 1909 489 Viator

313 550 396 592 es.
425 532 743 592 Intellexisti
767 531 893 602 quid
923 531 1149 586 dixerim
1171 530 1196 585 ἲ
1219 530 1336 585 Non
1357 545 1416 586 es
1441 531 1593 596 civis,
1625 528 1717 583 sed
1742 529 1910 582 viator
1936 581 1943 594 ,

313 635 369 680 et
415 624 754 693 peregrinus.
801 621 877 676 Ne
917 621 1116 676 dixeris
1147 640 1160 676 :
1189 622 1336 676 Hanc
1361 630 1416 676 et
1455 621 1599 676 illam
1643 621 1907 675 civitatem

314 714 512 771 habeo.
531 712 700 768 Nemo
718 711 987 766 civitatem
1009 711 1191 767 habet.
1213 712 1409 766 Civitas
1424 726 1633 765 sursum
1657 719 1755 765 est.
1777 709 1912 764 Prte-

297 807 494 874 isentia
509 805 594 860 via
615 811 757 859 sunt.
781 804 1030 870 Quotidie
1057 803 1214 874 igitur
1238 803 1338 858 iter
1363 801 1605 869 facimus,
1625 801 1798 855 donec
1817 815 1910 853 na-

316 849 494 861 mu...
521 849 594 860 ..-
615 849 757 859 νη.-.
788 849 1030 870 ,νη-η
1057 849 1202 874 τη-.
1238 849 1327 858 .---
1363 849 1605 869 ----.----,
1628 849 1796 855 _-__--

290 849 438 952 itura
458 911 670 952 cursum
695 895 923 966 perﬁcit.
947 895 1043 950 Est
1065 896 1154 966 qui
1173 895 1224 950 in
1248 895 1329 948 via
1351 894 1600 965 pecunias
1617 891 1868 948 recondat
1893 910 1906 946 :

316 999 408 1046 est
431 991 521 1060 qui
548 991 599 1044 in
632 988 716 1043 via
737 1004 926 1043 aurum
953 987 1205 1044 defodiat.
1236 989 1508 1059 Ingressus
1533 985 1907 1050 diversorium,

311 1082 518 1138 illudne
546 1083 817 1138 exornas?
841 1081 1077 1150 Minime,
1094 1083 1195 1138 sed
1227 1082 1464 1138 comedis
1490 1091 1542 1138 et
1561 1082 1720 1148 bibis,
1752 1091 1910 1150 atque

317 1175 443 1230 hinc
465 1175 648 1245 egredi
673 1175 912 1230 festinas.
933 1175 1290 1230 Diversorium
1312 1183 1392 1229 est
1414 1175 1516 1228 vita
1541 1163 1796 1244 praesens.
1825 1173 1910 1227 In-

319 1266 485 1338 gressi
504 1281 716 1330 sumus,
739 1275 1059 1336 praesentem
1082 1267 1242 1322 vitam
1267 1266 1506 1322 ﬁnimus:
1523 1279 1766 1321 curemus
1787 1277 1908 1319 cum

317 1359 453 1414 bona
472 1373 569 1429 spe
581 1357 786 1427 egredi,
806 1358 938 1412 nihil
960 1358 1047 1414 hic
1061 1359 1441 1429 relinquamus.
1457 1374 1524 1414 ne
1540 1358 1645 1413 illic
1658 1357 1810 1413 nobis
1827 1372 1912 1426 pe-

314 1461 449 1507 reat.
467 1453 748 1521 Ingressus
761 1452 810 1505 in
829 1465 1122 1520 cauponam
1144 1449 1266 1520 quid
1289 1466 1452 1520 puero
1472 1450 1641 1506 dicis?
1660 1449 1790 1505 Vide
1804 1464 1909 1520 quo

315 1543 432 1598 loco
462 1557 550 1597 res
581 1552 794 1597 nostras
819 1541 1044 1613 deponis
1067 1584 1082 1609 ,
1116 1557 1183 1598 ne
1207 1543 1332 1612 quid
1360 1542 1444 1598 hic
1468 1542 1815 1613 relinquatur,
1842 1557 1908 1597 nc

313 1634 439 1702 quid
468 1634 812 1703 quantumvis
843 1633 958 1688 leve
984 1634 1065 1688 vel
1097 1633 1346 1704 exiguum
1379 1642 1597 1704 pereat,
1631 1642 1689 1688 ut
1727 1633 1907 1686 omnia

313 1726 533 1780 domum
563 1739 919 1796 reportemus.
948 1727 1038 1782 Sic
1061 1735 1114 1782 et
1142 1741 1239 1782 nos
1265 1728 1315 1782 in
1343 1727 1588 1798 praesenti
1616 1727 1722 1782 vita
1747 1745 1760 1781 :
1788 1721 1904 1782 eam

313 1818 468 1886 quasi
499 1831 795 1886 cauponam
835 1818 1183 1887 respiciamus
1203 1859 1217 1884 ,
1248 1819 1482 1890 nihilque
1520 1819 1607 1874 hic
1635 1820 1906 1890 relinqua-

319 1923 467 1984 mus,
486 1908 582 1961 sed
607 1907 780 1961 omnia
809 1907 861 1961 in
892 1909 1227 1979 metropolim
1255 1919 1608 1980 reportemus.
1639 1910 1821 1966 Viator
1847 1925 1906 1964 es

321 2011 391 2052 ac
420 1998 746 2066 peregrinus,
773 1999 881 2053 imo
910 2000 1114 2056 viatore
1137 2000 1313 2056 vilior.
1343 2001 1663 2068 Quomodo?
1691 2016 1790 2072 ego
1819 2001 1904 2055 di-

323 2102 469 2144 cam.
500 2087 677 2142 Viator
712 2090 810 2143 scit
851 2090 1064 2160 quando
1103 2093 1397 2162 ingreditur
1421 2093 1772 2148 diversorium
1794 2134 1809 2159 ,
1852 2101 1906 2146 et

318 2178 532 2248 quando
555 2179 825 2248 egreditur
853 2199 865 2234 :
896 2181 946 2235 in
973 2181 1089 2252 ejus
1113 2183 1252 2237 enim
1281 2183 1500 2238 arbitrio
1526 2193 1609 2238 est
1634 2198 1900 2253 egressus,

310 2270 761 2340 quemadmodum
793 2281 845 2326 et
887 2272 1191 2342 ingressus;
1220 2291 1319 2345 ego
1344 2285 1518 2330 autem
1550 2276 1820 2346 ingressus
1851 2276 1901 2330 in

308 2362 667 2419 diversorium
697 2407 710 2428 ,
754 2365 857 2421 hoc
894 2376 978 2421 est
1014 2373 1066 2422 tn
1113 2378 1427 2436 prtesentem
1456 2371 1616 2424 vitam
1649 2412 1662 2434 ,
1691 2370 1902 2440 quando

307 2469 630 2524 egressurus
671 2457 773 2510 sim
816 2457 1021 2527 ignoro.
1073 2460 1246 2529 Atque
1292 2460 1553 2515 interdum
1598 2477 1695 2531 pro
1744 2461 1902 2530 longo

309 2554 554 2617 tempore
574 2549 822 2603 alimenta
846 2566 996 2619 paro,
1016 2559 1068 2606 et
1086 2551 1342 2606 Dominus
1361 2562 1584 2622 repente
1607 2570 1691 2609 me
1710 2567 1863 2609 vocat
1884 2573 1898 2611 :

310 2638 502 2706 Stulte,
537 2656 654 2710 qua:
682 2643 871 2710 parasti
895 2645 1042 2714 cujus
1072 2644 1257 2698 erunt?
1286 2642 1403 2697 Hac
1431 2647 1562 2698 enim
1592 2655 1735 2700 nocte
1761 2647 1899 2699 acci-

308 2731 447 2800 pient
473 2731 696 2784 animam
726 2741 862 2786 tuam
893 2731 1049 2803 (Luc.
1081 2733 1306 2804 I120).
1334 2734 1572 2791 Incertus
1597 2737 1790 2802 exitus,
1822 2739 1900 2790 iu-

306 2823 517 2877 stabilis
545 2825 834 2891 possessio,
871 2835 1126 2880 sexcenta
1157 2825 1444 2896 praecipitia
1466 2868 1480 2892 ,
1511 2827 1742 2897 undique
1770 2843 1898 2896 pro-

302 2913 480 2967 eellaz.
511 2913 620 2968 Cur
646 2915 846 2969 insanis
871 2916 1010 2970 circa
1042 2915 1302 2971 umbras?
1329 2931 1425 2972 cur
1454 2917 1636 2974 relicta
1679 2919 1900 2974 veritate

303 3007 373 3061 ad
403 3007 618 3062 umbras
643 3007 917 3080 confugis?

377 3142 431 3197 6.
479 3142 602 3198 Haec
629 3143 752 3198 dico
775 3185 792 3211 ,
827 3159 926 3200 nec
949 3144 1128 3202 dicere
1153 3145 1390 3202 desinam
1419 3186 1435 3213 ,
1479 3146 1717 3203 dolorem
1757 3145 1895 3202 infe-

303 3250 434 3290 rens
455 3277 471 3300 ,
502 3246 552 3290 et
579 3237 795 3292 vulnera
821 3240 1211 3308 comprimens;
1243 3240 1400 3310 idque
1426 3255 1530 3294 non
1563 3250 1779 3310 propter
1802 3255 1897 3294 eos

302 3327 394 3396 qui
441 3327 786 3393 ceciderunt,
833 3329 928 3383 sed
975 3339 1193 3399 propter
1219 3345 1311 3385 eos
1349 3331 1437 3400 qui
1481 3339 1786 3399 supersunt.
1819 3329 1893 3383 Illi

305 3433 541 3487 namque
567 3419 959 3486 abscesserunt,
990 3420 1252 3490 ﬁnemque
1281 3433 1600 3492 acceperunt
1624 3440 1636 3475 :
1660 3422 1747 3492 qui
1769 3435 1895 3476 vero

298 3517 596 3578 supersunt
620 3550 635 3575 ,
670 3524 857 3564 eorum
885 3510 1272 3566 calamitatibus
1292 3513 1557 3567 cautiores
1582 3521 1890 3567 evaserunt.

300 3601 367 3654 Et
396 3600 547 3670 quid,
577 3600 807 3670 inquies,
843 3601 1136 3657 faciemus?
1165 3602 1335 3658 Unutn
1367 3603 1469 3659 hoc
1499 3602 1658 3658 facito
1679 3645 1694 3668 ,
1728 3619 1892 3673 pecu-

299 3693 421 3744 nias
467 3691 593 3745 odio
631 3691 827 3747 habeas
849 3734 864 3758 ,
902 3702 958 3748 et
998 3694 1159 3748 vitam
1195 3703 1336 3748 tuam
1362 3693 1570 3765 diligas.
1599 3694 1782 3764 Abjice
1812 3697 1892 3749 fa-

300 3783 532 3838 cultates
555 3823 572 3848 ,
621 3797 727 3837 non
767 3782 888 3838 dico
926 3799 1113 3840 omnes
1140 3825 1156 3851 ,
1203 3784 1298 3840 sed
1338 3785 1637 3856 superﬂuas
1687 3799 1888 3841 reseca.

298 3878 492 3931 Aliena
520 3892 589 3932 ne
615 3877 966 3947 concupiscas
989 3918 1005 3945 ,
1035 3877 1246 3933 viduam
1278 3894 1344 3933 ne
1373 3879 1639 3950 exspolies
1657 3921 1672 3946 ,
1705 3879 1891 3949 pupilli

300 3968 443 4021 bona
486 3982 554 4022 ne
595 3969 770 4039 rapias
793 4008 808 4034 ,
851 3967 1069 4024 domum
1100 3984 1166 4025 ne
1194 3971 1420 4039 accipias
1455 3985 1470 4026 :
1502 3985 1607 4026 non
1637 3986 1892 4040 personas

297 4057 422 4112 dico
442 4098 460 4123 ,
506 4057 602 4113 sed
644 4074 752 4114 res.
797 4057 852 4116 Si
881 4074 1038 4130 quem
1064 4061 1386 4115 conscientia
1416 4061 1624 4116 mordet
1649 4101 1666 4128 ,
1697 4062 1810 4130 ipse
1837 4063 1889 4115 in

299 4163 464 4204 causa
494 4158 581 4204 est
602 4191 617 4216 ,
648 4165 754 4205 non
783 4166 935 4207 meus
963 4166 1162 4208 sermo.
1192 4151 1300 4207 Cur
1327 4153 1468 4224 rapis
1491 4194 1506 4220 ,
1535 4152 1624 4208 ubi
1652 4153 1890 4208 invidia?

302 4238 472 4309 Rape,
500 4240 592 4294 ubi
618 4255 834 4296 corona.
861 4241 940 4298 Ne
961 4242 1135 4312 rapias
1159 4251 1379 4309 terram,
1407 4243 1501 4298 sed
1527 4243 1736 4298 caelum.
1770 4241 1893 4297 Vio-

299 4330 556 4384 lentorum
585 4340 656 4385 est
683 4347 890 4402 regnum
915 4333 1174 4399 calorum,
1201 4343 1251 4386 et
1279 4335 1481 4388 violenti
1512 4335 1715 4406 rapiunt
1761 4335 1892 4389 illud

298 4422 320 4492 (
344 4422 538 4478 Hattlt.
569 4425 656 4479 II.
689 4424 758 4480 I2
780 4426 819 4496 ).
847 4426 984 4494 Quid
1015 4427 1160 4497 rapis
1190 4443 1477 4498 pauperem
1507 4430 1891 4484 accusantem?

302 4515 453 4584 Rape
497 4515 765 4572 Christum
813 4517 1136 4574 laudantem.
1164 4518 1352 4574 Vidisti
1398 4519 1789 4589 improbitatem
1835 4529 1892 4575 et

301 4605 605 4662 insaniam?
627 4607 789 4678 Rapis
811 4624 1094 4678 pauperem
1122 4624 1285 4680 pauca
1309 4611 1707 4680 possidentem?
1733 4610 1890 4666 Chri-

299 4707 417 4752 stus
447 4699 596 4762 dicit,
628 4697 711 4752 Me
739 4701 933 4770 rapito,
961 4701 1162 4770 rapinze
1194 4701 1286 4755 tibi
1311 4703 1534 4771 gratiam
1562 4701 1734 4758 habeo
1764 4721 1776 4756 :
1806 4720 1891 4759 re-

300 4802 463 4856 gnum
490 4803 668 4842 meum
700 4791 895 4859 rapito,
924 4799 976 4844 et
999 4791 1105 4845 vim
1137 4790 1315 4846 facito.
1344 4791 1637 4847 Terrenum
1669 4810 1886 4865 regnum

299 4878 348 4931 si
380 4893 569 4947 rapere
594 4880 829 4934 volueris
848 4923 864 4949 ,
897 4880 1004 4936 imo
1027 4881 1071 4936 si
1103 4881 1156 4936 id
1182 4882 1267 4937 vel
1294 4883 1610 4954 cogitaveris
1631 4925 1646 4952 ,
1683 4885 1888 4955 suppli-

296 4970 441 5025 cium
482 4971 641 5026 lues:
669 4987 959 5043 supernum
999 4989 1128 5029 vero
1171 4974 1217 5030 si
1261 4990 1366 5032 non
1399 4977 1636 5047 rapueris
1660 5018 1675 5044 ,
1704 4993 1890 5047 poenas

297 5061 434 5118 lues.
463 5062 563 5119 Ubi
595 5067 886 5131 mundana,
914 5065 985 5120 ibi
1013 5065 1210 5123 invidia
1238 5085 1252 5122 :
1281 5069 1368 5124 ubi
1397 5085 1524 5124 vero
1551 5072 1842 5140 spiritualia
1869 5113 1886 5139 ,

298 5155 372 5209 ibi
401 5158 615 5211 caritas.
649 5157 773 5212 Hmc
815 5158 1038 5228 singulis
1084 5158 1273 5214 diebus
1317 5161 1613 5228 meditare;
1658 5177 1726 5216 ne
1769 5171 1892 5232 post

298 5245 517 5300 biduum
545 5263 771 5304 cernens
795 5250 957 5304 alium
984 5265 1144 5306 curru
1172 5261 1381 5307 vectum
1406 5293 1420 5318 ,
1451 5254 1622 5308 serico
1647 5253 1887 5309 indutum

291 5337 646 5401 vestimento,
671 5354 788 5394 sese
810 5339 1146 5407 etl‘erentem,
1171 5343 1504 5397 conturberis
1533 5352 1623 5397 aut
1649 5354 1885 5412 stupeas.

295 5425 378 5482 Ne
428 5425 612 5482 laudes
646 5429 660 5459 '
689 5430 908 5490 divitem
932 5473 949 5500 ,
980 5432 1076 5488 sed
1105 5447 1228 5488 eum
1259 5443 1458 5489 tantum
1487 5435 1576 5506 qui
1606 5435 1656 5490 in
1683 5435 1898 5508 justitia.

369 5648 386 5680 ί
423 5648 514 5710 Sic,
532 5656 600 5702 Ne
619 5649 806 5715 Iaudes,
831 5655 1003 5703 omnes
1027 5660 1079 5704 et
1100 5653 1236 5706 Savll.
1251 5668 1268 5720 ;
1294 5655 1470 5710 ﬂoret.
1493 5672 1629 5719 vero,
1646 5661 1690 5707 et
1715 5653 1879 5708 lauda.

943 233 1220 290 IlOMlLlA
1261 231 1350 288 DE
1388 228 1613 286 CAPTO
1651 222 1997 282 EUTIIOPIO
2036 221 2124 277 ET
2165 220 2252 278 DE
2294 219 2695 277 DlVITIARUM
2736 217 3101 278 VANITATE.

3496 210 3601 266 4οΞ

2015 337 2161 391 vivit.
2194 335 2484 408 Pauperem
2526 351 2592 392 ne
2631 337 2937 406 vituperes,
2969 335 3063 391 sed
3104 335 3244 394 circa
3285 347 3372 391 res
3413 349 3604 391 omnes

2014 427 2159 482 disce
2189 437 2335 482 recto
2360 436 2412 484 et
2444 428 2751 497 incorrupto
2783 429 2854 481 uti
2881 427 3102 496 judicio.

2085 516 2323 571 Ecclesite
2345 518 2538 572 laudes.
2571 547 2641 556 —
2669 517 2751 571 Ab
2775 518 3000 572 ecclesia
3029 533 3096 572 ne
3123 516 3392 573 abstineas
3417 534 3430 571 :
3459 515 3594 572 nihil

2011 611 2155 663 enim
2196 609 2384 664 fortius
2426 609 2686 663 Ecclesia.
2737 609 2872 678 Spes
2917 617 3002 662 tua
3049 608 3311 674 Ecclesia,
3337 607 3597 678 refugium

2017 710 2162 754 tuum
2195 700 2454 754 Ecclesia.
2483 699 2626 753 leo
2654 699 2917 754 excelsior
2941 709 2995 752 et
3025 708 3162 752 terra
3195 699 3350 753 latior
3378 707 3460 753 est
3486 698 3596 752 illa.

2012 791 2308 860 Numquam
2347 787 2613 855 senescit,
2654 789 2748 844 sed
2790 804 3003 858 semper
3043 790 3201 858 viget.
3242 791 3596 857 Quamobrem

2013 883 2126 952 ejus
2153 882 2452 937 firmitatem
2475 882 2918 951 stabilitatemque
2938 881 3308 936 demonstrans
3324 880 3598 951 Scriptura

2014 982 2246 1026 montem
2279 972 2420 1026 illam
2446 981 2635 1035 vocat;
2685 971 2802 1040 ejus
2831 971 3378 1040 incorruptibilitatem
3407 972 3596 1041 appel-

2013 1063 2086 1116 lat
2115 1063 2407 1133 virginem;
2441 1062 2884 1132 magniliccntiam
2913 1062 3028 1131 ejus
3055 1062 3250 1132 reginae
3269 1063 3483 1118 nomine
3503 1062 3599 1119 do—

2013 1155 2215 1218 clarat;
2262 1155 2664 1224 cognationem,
2712 1169 2870 1223 quam
2914 1168 3033 1208 cum
3081 1153 3190 1208 Deo
3235 1153 3426 1222 habet,
3473 1155 3597 1210 ﬁliae

2013 1261 2143 1300 voce
2181 1246 2410 1300 indicat:
2450 1258 2667 1316 prapter
2692 1261 3029 1300 numerosam
3061 1247 3264 1316 prolem
3290 1247 3434 1302 illam
3465 1247 3593 1302 olim

2012 1337 2249 1392 sterilem
2272 1379 2288 1404 ,
2313 1352 2456 1392 nunc
2484 1347 2639 1392 vocat
2665 1353 2781 1391 eam
2803 1379 2818 1404 ,
2844 1353 2962 1407 qua:
2986 1339 3187 1407 peperit
3209 1349 3410 1408 septem
3437 1356 3450 1394 :
3473 1353 3597 1393 sex-

2011 1439 2163 1481 centa
2203 1428 2439 1495 nomina,
2485 1437 2542 1481 ut
2576 1427 2690 1497 ejus
2725 1429 3057 1483 nobilitatem
3087 1428 3300 1484 indicet.
3327 1429 3595 1496 Quemad-

2013 1518 2230 1573 modum
2280 1519 2420 1573 enim
2467 1519 2723 1573 Dominus
2766 1520 2882 1588 ejus
2925 1520 3090 1574 multa
3132 1519 3291 1574 habet
3331 1520 3593 1574 nomina:

2011 1624 2134 1664 nam
2176 1617 2326 1680 pater
2365 1619 2614 1674 vocatur,
2647 1611 2727 1663 via
2749 1652 2763 1678 ,
2797 1611 2902 1665 vita
2925 1653 2939 1679 ,
2970 1614 3087 1676 lux,
3127 1611 3436 1678 brachium,
3466 1627 3595 1682 pro-

2013 1703 2236 1772 pitiatio,
2263 1702 2659 1758 fundamentum
2680 1743 2696 1770 ,
2725 1707 2939 1772 ostium,
2970 1705 3350 1774 impeccabilis,
3378 1705 3596 1762 thesau-

2011 1809 2136 1861 rus,
2165 1794 2446 1860 domiuus,
2480 1795 2618 1849 Deus
2638 1834 2654 1860 ,
2683 1795 2821 1849 ﬁlius
2840 1837 2854 1860 ,
2884 1796 3186 1866 unigenitus
3207 1837 3223 1864 ,
3257 1795 3428 1852 forma
3458 1797 3551 1852 Dei
3577 1839 3594 1864 ,

2011 1889 2184 1957 imago
2216 1887 2307 1940 Dei
2337 1903 2348 1938 :
2383 1902 2450 1940 an
2473 1887 2667 1941 sufﬁcit
2697 1901 2891 1941 nomen
2919 1903 3082 1942 unum
3108 1887 3174 1942 ad
3203 1897 3368 1943 totum
3391 1903 3595 1958 reprae-

2008 1977 2324 2033 sentaudum
2345 1978 2368 2030 ?
2389 1978 2540 2033 Nullo
2570 1978 2729 2032 modo
2761 1996 2776 2032 :
2807 1979 3034 2049 ideoque
3056 1980 3333 2033 innumera
3353 1989 3477 2034 sunt
3499 1994 3594 2032 nos

2009 2068 2182 2134 mina,
2224 2079 2281 2123 ut
2306 2069 2371 2124 de
2403 2069 2515 2124 Deo
2537 2069 2617 2124 vel
2649 2069 2912 2123 tantillum
2939 2069 3259 2123 ediscamus.
3289 2069 3377 2124 Sic
3403 2079 3457 2123 et
3486 2069 3592 2123 Ec-

2007 2161 2168 2216 clesia
2210 2161 2392 2215 multis
2436 2171 2656 2214 vocatur
2695 2160 3020 2213 nominibus.
3062 2158 3225 2228 Virgo
3262 2160 3590 2229 appellatur,

2007 2267 2126 2321 qua:
2155 2261 2330 2306 tamen
2352 2253 2500 2320 prius
2526 2250 2777 2305 meretrix
2800 2259 2915 2304 erat
2943 2267 2956 2303 :
2991 2265 3134 2317 nam,
3157 2249 3300 2314 quod
3322 2251 3375 2304 in
3395 2265 3592 2320 sponso

2007 2343 2250 2398 mirabile
2275 2352 2388 2397 est:
2419 2342 2623 2412 accepit
2650 2339 3008 2406 meretricem,
3036 2349 3091 2394 et
3115 2339 3292 2396 effecit
3311 2341 3591 2411 virginem.

2005 2434 2050 2488 0
2083 2449 2194 2488 rem
2233 2449 2420 2488 novam
2445 2442 2498 2488 et
2524 2432 2890 2487 admirabilem
2917 2435 2931 2485 ι
2960 2431 3168 2500 Nuptize
3191 2430 3333 2502 apud
3362 2446 3459 2486 nos
3484 2433 3594 2487 vir-

2003 2525 2274 2594 giaitatem
2321 2525 2571 2588 solvunt,
2615 2523 2812 2591 nuptis:
2850 2521 2991 2591 apud
3031 2523 3197 2581 locum
3235 2523 3590 2592 virginitatem

2004 2615 2343 2671 resuscitant.
2368 2615 2520 2686 Apud
2554 2629 2651 2669 nos
2679 2629 2796 2683 qua:
2818 2613 2967 2683 virgo
2995 2621 3143 2677 erat,
3174 2621 3355 2682 nupta,
3383 2627 3486 2668 nou
3509 2623 3592 2668 est

2003 2709 2152 2779 virgo
2176 2723 2191 2774 ;
2214 2707 2354 2778 apud
2375 2707 2643 2764 Christum
2665 2721 2784 2776 qua;
2806 2705 3058 2760 meretrix
3083 2713 3217 2772 erat,
3240 2714 3422 2774 nupta,
3442 2704 3591 2776 virgo

2001 2801 2249 2856 cﬂicitur.

2074 2893 2126 2946 7.
2178 2891 2290 2946 Iloe
2334 2890 2508 2945 solum
2549 2889 2705 2946 velim
2750 2888 3132 2959 interpretetur
3167 2885 3474 2952 haereticus,
3499 2888 3586 2956 qui

2000 2983 2069 3039 de
2103 2997 2333 3052 superna
2369 2982 2717 3052 generatione
2757 2981 3021 3036 curiosius
3047 2979 3305 3050 inquirit,
3336 2994 3399 3034 ac
3424 2978 3586 3045 dicit,

2000 3075 2278 3145 Quomodo
2306 3076 2491 3147 genuit
2527 3076 2723 3131 Pater?
2753 3077 2848 3130 Dic
2873 3075 2980 3142 illi,
3007 3074 3287 3143 Quomodo
3315 3075 3548 3130 Ecclesia
3570 3115 3586 3140 ,

1999 3185 2120 3240 quae
2145 3169 2398 3223 meretrix
2426 3176 2540 3222 erat
2561 3208 2575 3232 ,
2609 3168 2758 3236 virgo
2789 3166 2978 3222 effecta
3009 3167 3132 3222 est?
3161 3166 3430 3237 quomodo
3461 3167 3542 3220 illa
3569 3207 3585 3230 ,

1999 3277 2117 3332 quae
2140 3261 2324 3330 genuit
2345 3299 2361 3325 ,
2389 3259 2541 3328 virgo
2579 3258 2912 3328 permansit?
2944 3256 3018 3310 1E
3026 3260 3190 3310 mutor
3215 3259 3344 3312 enim
3375 3275 3460 3312 vos
3493 3255 3587 3310 Dei

1998 3352 2339 3414 wmulatione,
2365 3352 2534 3420 inquit
2560 3350 2790 3416 Paulus;
2821 3349 3066 3420 despondi
3090 3351 3224 3404 enim
3245 3366 3330 3405 vos
3351 3351 3437 3404 uni
3457 3349 3585 3417 viro,

1998 3445 2237 3514 virginem
2267 3454 2456 3497 castam
2475 3443 2704 3497 exhibere
2729 3442 2930 3498 Christo
2960 3441 3035 3508 (2.
3068 3442 3184 3498 Cor.
3214 3445 3302 3500 Il.
3329 3443 3408 3516 2).
3435 3442 3478 3498 Ο
3497 3458 3587 3498 sa-

1998 3536 2284 3606 pientiam,
2329 3545 2383 3588 et
2429 3535 2872 3604 intelligentiam!
2917 3534 3164 3588 Ᾱίηηιιον
3203 3537 3332 3588 enim
3371 3552 3457 3588 vos
3492 3533 3586 3588 Det'

1995 3628 2335 3682 remutatione.
2367 3626 2502 3694 Quid
2525 3625 2627 3680 hoc
2653 3637 2733 3680 est
2756 3627 2779 3679 ?
2807 3625 3054 3680 zEmulor
3077 3667 3092 3691 ,
3125 3626 3314 3696 inquit.
3345 3625 3588 3680 rEmula-

1997 3719 2073 3772 ris
2116 3727 2170 3771 tu
2191 3757 2204 3782 ,
2247 3715 2338 3785 qui
2377 3716 2668 3786 spiritualis
2694 3730 2752 3771 es
2773 3715 2798 3767 ?
2828 3714 3073 3768 As‘mulor
3095 3715 3229 3768 enim
3248 3755 3263 3780 ,
3293 3716 3496 3800 inquit,
3527 3723 3586 3772 ut

2000 3810 2162 3874 Deus.
2214 3808 2425 3879 Ergone
2469 3808 2608 3864 Deus
2647 3807 2967 3862 mmulatur?
3013 3807 3220 3872 Etiam,
3263 3807 3582 3874 armulatur,

1997 3919 2103 3958 non
2133 3903 2297 3958 animi
2321 3903 2508 3956 morbo
2532 3941 2548 3966 ,
2579 3901 2672 3956 sed
2700 3901 2921 3956 caritate
2942 3911 2995 3956 ct
3021 3899 3307 3971 zelotypia.
3338 3897 3583 3954 .Emulor

1995 3996 2126 4049 enim
2153 4011 2240 4048 vos
2264 3993 2360 4048 Dei
2385 3993 2730 4047 wnmlatione.

2065 4085 2288 4154 Affectus
2338 4087 2391 4139 in
2440 4083 2549 4138 Deo
2596 4083 2870 4152 quomodo.
2926 4083 3082 4138 Varia
3126 4081 3310 4140 Christi
3355 4083 3581 4139 nomina.

1993 4179 2246 4234 —Dicam
2279 4177 2370 4233 tibi
2397 4176 2664 4247 quomodo
2685 4177 3006 4231 annulatur?
3032 4175 3176 4231 Vidit
3209 4185 3404 4231 terram
3427 4191 3456 4230 a
3476 4175 3582 4232 dte-

1995 4272 2242 4327 mouibus
2276 4278 2580 4339 corruptam
2606 4311 2622 4336 ,
2662 4277 2716 4324 et
2744 4268 2935 4322 Filium
2961 4282 3114 4324 suum
3141 4269 3375 4324 tradidit.
3407 4267 3581 4324 Verba

1995 4364 2191 4432 quippe
2233 4360 2300 4416 de
2346 4359 2456 4415 Deo
2501 4359 2642 4414 dicta
2688 4373 2791 4412 non
2837 4357 3024 4413 eadem
3068 4367 3191 4413 sunt
3232 4359 3283 4414 vi
3311 4359 3580 4429 prtedita:

1994 4452 2222 4521 exempli
2253 4464 2410 4506 causa
2433 4493 2448 4518 ,
2481 4449 2761 4505 :emulatur
2792 4449 2936 4504 Deus
2958 4491 2974 4517 ,
3005 4449 3281 4516 irascitur,
3316 4450 3582 4520 ptrniten-

1997 4546 2067 4599 tia
2113 4553 2388 4609 mcvctur,
2431 4543 2562 4598 odit.
2601 4542 2771 4598 Verba
2801 4551 2928 4597 sunt
2953 4542 3212 4606 humana,
3244 4542 3338 4596 sed
3366 4557 3580 4598 sensum

1996 4637 2193 4693 habent
2224 4635 2332 4691 Deo
2359 4643 2760 4706 congruentem.
2789 4633 3066 4702 Quomodo
3094 4634 3371 4689 azmulatur
3402 4635 3581 4689 Deus?

1996 4729 2240 4783 Αῐηιιιιον
2259 4730 2392 4782 enim
2414 4743 2497 4782 vos
2527 4725 2624 4781 Dei
2650 4726 2988 4780 wmulatione.
3013 4725 3262 4779 Irascitur
3279 4725 3416 4781 Deus
3429 4725 3454 4778 ἳ
3469 4723 3580 4779 Do-

1997 4821 2129 4874 mine
2148 4861 2164 4886 ,
2207 4836 2268 4873 ne
2301 4821 2353 4874 in
2380 4821 2552 4888 furore
2576 4829 2661 4872 tuo
2686 4834 2872 4888 arguas
2902 4833 2981 4870 me
3003 4814 3174 4886 (Psal.
3205 4816 3258 4870 6.
3291 4817 3366 4888 1).
3401 4817 3585 4886 Itaque

1995 4913 2155 4967 etiam
2201 4911 2400 4966 dormit
2441 4910 2624 4966 Deus?
2664 4908 2930 4984 Exsurge,
2955 4924 3112 4976 quare
3147 4908 3434 4973 obdormis,
3469 4907 3579 4962 Do-

1996 5004 2128 5056 mine
2160 5001 2331 5072 (Psat.
2371 5002 2460 5057 43.
2492 5001 2606 5071 25).
2643 4999 2959 5055 Poenitentia
2985 5007 3229 5056 movetur
3258 5000 3435 5054 Deus?
3460 4997 3581 5053 Pa:-

1995 5096 2152 5161 nitet,
2197 5095 2392 5164 inquit,
2441 5109 2518 5146 me
2564 5093 2738 5164 fecisse
2777 5092 3028 5144 hominem
3065 5089 3218 5162 (Gen.
3261 5091 3314 5146 6.
3338 5091 3413 5163 7).
3443 5088 3580 5146 Odio

1997 5185 2155 5241 habet
2184 5185 2363 5240 Deus?
2395 5184 2750 5238 Solemnitates
2771 5193 2958 5237 vestras
2977 5191 3024 5236 et
3044 5182 3328 5236 neomenias
3347 5181 3451 5235 odit
3469 5182 3579 5234 ani-

1996 5294 2079 5330 ma
2108 5293 2217 5330 mea
2246 5274 2446 5348 (Ilesai.
2482 5274 2528 5327 l.
2558 5274 2665 5344 II).
2690 5271 2884 5328 Verum
2916 5288 2984 5328 ne
3007 5271 3293 5328 verborum
3324 5271 3577 5325 vilitatem

1996 5376 2241 5437 spectes,
2288 5366 2384 5421 sed
2421 5365 2746 5428 sententias,
2792 5373 2847 5418 ut
2883 5364 3048 5418 Deum
3093 5363 3278 5430 decet,
3320 5363 3577 5432 intellige.

1997 5461 2301 5517 Etuulatur
2331 5460 2472 5514 Deus
2492 5499 2508 5526 ,
2543 5459 2737 5528 quippe
2762 5461 2850 5528 qui
2881 5457 3089 5527 diligat.
3117 5457 3362 5512 Irascitur
3393 5455 3534 5512 Deus
3561 5497 3578 5522 ,

1997 5566 2104 5606 non
2141 5551 2303 5606 animi
2342 5560 2520 5616 motu,
2556 5548 2651 5604 sed
2692 5547 2890 5604 ultione
2927 5557 2982 5603 et
3007 5547 3286 5618 supplicio.
3319 5545 3577 5600 Somnum

1995 5646 2138 5715 capit
2179 5645 2351 5712 Deus,
2387 5657 2493 5703 non
2516 5640 2820 5712 dormiens,
2850 5643 2944 5697 sed
2972 5643 3169 5697 diutius
3195 5646 3448 5695 tolerans.
3491 5637 3577 5694 Di-
