4100 6196
597 210 703 266 403

595 330 800 376 ctiones
839 335 962 377 cum
1002 319 1216 377 delectu
1253 321 1456 391 accipe.
1497 320 1585 374 Sic
1610 333 1731 373 cum
1761 317 1990 371 audieris
2012 318 2175 372 Deum

594 416 832 483 gignere,
851 428 917 468 ne
935 414 1200 468 sectiones
1210 412 1432 480 cogites,
1451 409 1544 464 sed
1558 408 2178 463 consubstantialitatem.

596 503 768 558 Verba
803 504 946 558 enim
976 503 1138 558 multa
1165 502 1357 556 similia
1384 517 1414 554 a
1442 501 1594 554 nobis
1623 508 1891 554 mutuatus
1919 509 2001 553 est
2019 500 2178 564 Deus,

596 604 650 647 ut
674 605 726 647 et
752 609 850 649 nos
871 595 1047 648 abillo
1073 593 1293 646 mutuati
1319 607 1523 655 sumus,
1551 599 1605 644 ut
1627 590 1677 644 id
1701 590 1851 644 nobis
1870 590 1938 644 sit
1970 589 2178 642 honori.

668 685 720 738 8.
756 683 1066 738 Intellexisti
1093 681 1219 751 quid
1246 681 1510 736 dixerim?
1540 681 1770 734 Attende
1793 679 1978 734 sedulo
2001 721 2016 744 ,
2042 679 2178 733 dile-

595 786 698 830 cte.
736 776 919 829 Divina
946 783 1069 828 sunt
1094 776 1308 828 nomina
1333 815 1348 840 ,
1375 782 1430 828 et
1456 772 1684 827 humana
1715 782 1840 828 sunt
1870 773 2103 844 nomina.
2135 771 2178 824 A

597 883 681 921 me
707 867 948 935 accepit,
983 875 1035 918 et
1064 867 1191 919 mihi
1221 864 1369 920 dedit
1397 865 1530 935 ipse.
1560 865 1632 919 Da
1661 864 1788 918 mihi
1821 872 1905 916 tua
1930 903 1946 928 ,
1975 862 2178 931 inquit,

595 969 647 1011 et
685 957 868 1026 accipe
911 971 1050 1011 mea.
1083 956 1318 1011 bleorum
1360 971 1494 1025 opus
1535 955 1701 1010 habes
1724 953 2006 1008 verborum
2035 970 2046 1004 :
2076 966 2179 1006 non

596 1063 730 1116 opus
779 1047 949 1102 habeo
993 1063 1123 1119 ego,
1171 1047 1264 1102 sed
1293 1056 1349 1102 tu
1377 1063 1391 1100 :
1424 1047 1546 1117 quia
1572 1047 1713 1101 enim
1742 1044 2035 1100 substantia
2063 1058 2182 1097 mea

599 1145 903 1211 incorrupta
925 1149 1007 1196 est
1027 1181 1041 1206 ,
1076 1151 1130 1194 tu
1157 1147 1332 1194 autem
1363 1139 1523 1192 homo
1551 1152 1630 1204 es,
1652 1137 1862 1206 corpori
1885 1149 2179 1203 connexus,

597 1247 883 1303 corporeas
929 1245 1174 1301 quaerens
1217 1229 1520 1296 dictiones,
1566 1239 1623 1283 ut
1665 1236 1751 1295 tu,
1800 1226 2012 1296 corpori
2055 1240 2184 1280 con-

599 1343 799 1394 nexus,
834 1341 862 1380 a
895 1325 1032 1379 notis
1065 1324 1158 1378 tibi
1185 1323 1361 1378 verbis
1389 1322 1681 1377 sententias
1707 1336 1824 1390 qua:
1856 1329 1907 1373 te
1930 1307 2184 1388 superant

601 1416 885 1485 intelligas.
917 1415 1170 1483 Quaenam
1199 1414 1404 1483 accepit
1424 1428 1452 1466 a
1484 1427 1590 1476 me,
1619 1424 1861 1480 quaenam
1887 1409 2033 1464 dedit
2053 1409 2184 1464 mihi

601 1506 859 1561 nomina?
889 1506 1004 1575 ipse
1038 1505 1175 1558 Deus
1197 1512 1279 1558 est
1305 1544 1320 1570 ,
1349 1513 1403 1558 et
1423 1502 1582 1556 deum
1607 1516 1691 1555 me
1714 1501 1921 1556 vocavit
1947 1517 1959 1552 :
1989 1500 2058 1554 ibi
2084 1513 2183 1553 na-

603 1609 718 1652 tura
753 1599 826 1652 rei
852 1640 866 1665 ,
905 1597 991 1651 hic
1029 1596 1202 1650 honor
1229 1595 1479 1649 nominis.
1509 1592 1621 1664 Ego
1649 1592 1756 1646 dixi
1791 1607 1810 1646 :
1840 1591 1927 1646 Dii
1955 1592 2071 1646 estis
2095 1630 2108 1657 ,
2138 1601 2183 1644 et

602 1691 698 1760 ﬁlii
741 1689 944 1743 Επειδὶ
985 1704 1152 1742 omnes
1177 1685 1346 1755 (Psal.
1379 1685 1466 1741 81.
1495 1683 1568 1757 6).
1599 1685 1696 1740 Hic
1720 1684 1878 1738 verba
1904 1692 2050 1752 sunt,
2079 1683 2185 1738 illic

602 1796 776 1837 rerum
821 1789 1027 1834 natura.
1061 1776 1282 1832 Vocavit
1322 1790 1408 1831 me
1445 1774 1630 1840 deum,
1666 1773 1767 1828 hoc
1795 1774 1938 1828 enim
1969 1788 2056 1828 me
2084 1774 2184 1828 ho-

605 1888 732 1927 nore
757 1870 1000 1942 dignatus
1021 1878 1102 1924 est
1133 1885 1148 1922 :
1178 1869 1265 1922 ille
1288 1875 1503 1922 vocatus
1523 1875 1607 1920 est
1632 1866 1790 1920 homo
1809 1905 1824 1930 ,
1856 1872 2074 1919 vocatus
2102 1873 2185 1918 est

609 1963 744 2018 ﬁlius
786 1960 1036 2024 hominis,
1070 1968 1285 2014 vocatus
1313 1966 1396 2013 est
1421 1957 1527 2023 via,
1559 1956 1778 2022 ostium,
1807 1963 1975 2024 petra.
2003 1955 2127 2009 Haec
2152 1969 2183 2008 a

605 2068 690 2108 me
718 2053 952 2122 accepit,
983 2050 1072 2104 illa
1100 2064 1226 2105 vero
1256 2049 1354 2103 sibi
1384 2048 1595 2121 prepria
1623 2048 1835 2101 nomina
1856 2046 2002 2101 dedit
2029 2045 2180 2102 mihi.

610 2146 709 2197 llnr
757 2152 974 2197 vocatus
1025 2151 1108 2197 est
1143 2141 1266 2195 via?
1313 2140 1384 2196 Ut
1423 2139 1596 2194 discas
1661 2153 1758 2193 nos
1810 2153 1906 2208 per
1946 2153 2067 2193 eum
2117 2138 2183 2192 ad

604 2236 814 2291 Patrem
873 2234 1177 2290 ascendere.
1232 2233 1340 2288 Cur
1378 2243 1593 2289 vocatus
1633 2242 1714 2288 est
1750 2232 1934 2301 petra?
1973 2232 2042 2288 Ut
2074 2230 2186 2286 edi-

605 2345 722 2384 scas
787 2331 1053 2384 sinceram
1096 2327 1249 2382 simul
1310 2333 1363 2382 et
1417 2327 1785 2382 inconcussam
1845 2325 2023 2382 tidem.
2079 2323 2185 2379 Cur

608 2428 823 2474 vocatus
886 2429 967 2474 est
1019 2418 1464 2474 fundamentum?
1516 2416 1585 2472 Ut
1638 2417 1776 2471 scias
1827 2431 1948 2471 eum
2007 2417 2186 2472 omnia

607 2519 840 2581 put-tare.
881 2510 986 2565 Cur
1014 2518 1230 2565 vocatus
1252 2519 1332 2565 est
1359 2508 1506 2563 radix
1528 2509 1551 2562 ‘t
1572 2508 1640 2564 Ut
1664 2508 1838 2564 discas
1867 2521 1964 2562 nos
1993 2508 2044 2561 in
2072 2508 2186 2576 ipso

608 2603 819 2658 ﬂorere.
847 2601 956 2657 Cur
981 2611 1201 2656 vocatus
1230 2608 1313 2656 est
1343 2599 1559 2670 pastor?
1580 2599 1710 2667 Quia
1735 2614 1832 2653 nos
1864 2599 2048 2669 pascit.
2079 2598 2188 2652 Cur

607 2705 824 2750 vucatus
859 2705 941 2750 est
975 2694 1127 2750 ovis?
1172 2695 1302 2762 Quia
1346 2707 1444 2763 pro
1470 2692 1622 2748 nobis
1648 2693 1984 2756 immolatus,
2019 2691 2188 2745 factus

608 2797 688 2842 est
709 2789 1031 2858 propitiatio.
1055 2787 1161 2841 Cur
1187 2787 1334 2841 vita?
1358 2786 1490 2854 Quia
1513 2800 1611 2840 nos
1633 2796 1870 2840 mortuos
1891 2783 2186 2840 suscitavit.

609 2881 784 2948 Quare
827 2880 960 2934 lux?
1001 2879 1132 2955 Quia
1176 2893 1323 2932 nosa
1368 2877 1601 2933 tenebris
1643 2875 1903 2932 liberavit.
1928 2875 2038 2930 Cur
2063 2877 2188 2930 bra-

609 2973 784 3027 chium
807 2972 1034 3026 dicitur?
1055 2971 1185 3037 Quia
1211 2969 1673 3026 consubstantialis
1694 2969 1856 3023 Patri.
1880 2969 2053 3036 Quare
2072 2982 2189 3022 ver-

611 3065 772 3119 bum?
815 3065 947 3132 Quia
997 3079 1026 3118 a
1078 3063 1234 3119 Patre
1279 3063 1505 3133 genitus.
1548 3059 2002 3129 Quemadmodum
2046 3057 2188 3112 enim

610 3158 827 3213 verbum
860 3173 1035 3211 meum
1063 3154 1130 3209 ab
1154 3156 1326 3208 anima
1357 3169 1473 3208 mea
1501 3151 1758 3222 gignitur,
1789 3151 1865 3205 sic
1892 3159 1944 3205 et
1969 3150 2132 3204 Filius
2157 3164 2188 3203 a

611 3250 767 3304 l‘atre
819 3249 1028 3319 genitus
1078 3256 1178 3302 est.
1234 3246 1342 3301 Cur
1389 3255 1604 3300 voratus
1651 3252 1732 3299 est
1777 3243 2189 3299 vestimentum?

611 3340 740 3408 Quia
804 3339 919 3408 ipso
965 3338 1180 3392 indutus
1231 3352 1348 3391 sum
1393 3337 1445 3390 in
1485 3335 1784 3405 baptismo?
1823 3335 1928 3389 Cur
1969 3334 2190 3388 mensa?

612 3432 743 3499 Quia
774 3431 942 3500 ipsum
971 3428 1196 3484 comedo
1219 3467 1234 3494 ,
1266 3428 1390 3482 dum
1415 3425 1563 3480 fruor
1583 3424 1872 3496 mysteriis.
1901 3424 2075 3494 Quare
2095 3423 2190 3477 du-

613 3521 770 3576 mus?
815 3520 945 3588 Quia
994 3520 1045 3572 in
1091 3519 1204 3588 ipso
1230 3517 1426 3572 habito.
1476 3517 1583 3571 Cur
1619 3515 1920 3571 inhabitans
1960 3514 2190 3568 dicitur?

613 3612 744 3678 Quia
781 3612 1032 3679 templum
1069 3609 1182 3679 ejus
1208 3607 1490 3665 efﬁcimur.
1513 3607 1619 3662 Cur
1644 3606 1839 3676 caput?
1864 3606 1998 3672 Quia
2027 3620 2191 3659 ngem-

613 3705 765 3759 brutn
819 3703 934 3773 ejus
983 3718 1098 3758 sum
1148 3701 1484 3756 constitutus.
1533 3699 1708 3768 Quare
1762 3713 1986 3768 sponsus
2037 3712 2194 3751 voca-

615 3806 699 3851 tus
720 3797 836 3852 est?
853 3796 983 3863 Quia
1005 3795 1057 3851 in
1081 3809 1328 3865 sponsam
1348 3808 1431 3848 me
1449 3793 1800 3847 concinnavit.
1824 3793 1996 3858 Quare
2015 3800 2192 3846 castus

615 3887 849 3942 dicitur?
874 3886 1005 3952 Quia
1037 3901 1122 3940 me
1147 3884 1402 3955 virginem
1446 3882 1614 3938 duxit.
1641 3883 1748 3938 Cur
1766 3881 2010 3938 dominus
2030 3895 2192 3938 voea-

617 3979 739 4032 tur?
764 3977 895 4042 Quia
919 3977 1105 4031 ancilla
1133 3975 1247 4046 ejus
1275 3990 1413 4029 sum.

686 4067 739 4122 9.
789 4068 918 4122 Vide
961 4069 1100 4123 extim
1143 4067 1466 4133 Ecelesiam,
1513 4075 1570 4122 ut
1607 4067 1878 4134 dicebam,
1925 4067 2199 4136 quomodo

621 4160 906 4230 aliquando
957 4173 1150 4230 sponsa
1171 4160 1255 4224 sit,
1280 4159 1560 4229 aliquando
1587 4158 1712 4224 ﬁlia,
1736 4157 2000 4214 interdum
2022 4157 2190 4228 virgo,

620 4267 1018 4322 nonnumquam
1057 4251 1274 4316 ancilla,
1325 4251 1482 4306 modo
1529 4251 1738 4320 regina,
1775 4250 1934 4304 modo
1961 4250 2190 4317 sterilis,

619 4343 901 4414 aliquatth
949 4357 1102 4398 mons
1130 4382 1146 4411 ,
1192 4341 1383 4397 deinde
1426 4341 1699 4410 paradisus
1730 4379 1744 4406 ,
1797 4339 2059 4395 interdum
2110 4338 2195 4394 fe—

620 4435 812 4499 cunda,
830 4431 991 4487 modo
1009 4430 1202 4497 lilium,
1216 4431 1503 4500 aliquando
1520 4430 1671 4489 fons:
1691 4429 1873 4489 omnia
1884 4439 1984 4484 est.
2001 4430 2195 4497 Quam-

631 4531 821 4586 obrem
871 4526 960 4584 his
1036 4524 1227 4580 auditis
1248 4562 1266 4592 ,
1311 4538 1438 4578 cave
1462 4531 1616 4591 putes
1641 4535 1894 4590 corporea
1924 4520 2011 4574 illa
2034 4534 2152 4574 esse
2181 4535 2196 4573 :

627 4621 719 4676 sed
747 4627 975 4675 mentem
1003 4628 1144 4671 tuam
1167 4615 1232 4670 ad
1261 4628 1476 4685 scopum
1499 4612 1700 4682 dirige;
1729 4627 1984 4683 corporea
2007 4611 2202 4682 quippe

628 4715 750 4768 talia
795 4726 913 4768 esse
951 4726 1055 4764 non
1098 4715 1337 4779 possunt.
1369 4706 1528 4762 Verbi
1566 4705 1734 4776 gratia
1766 4725 1780 4761 :
1810 4719 1962 4760 mons
1992 4720 2095 4758 non
2123 4711 2204 4758 est

628 4807 811 4876 virgo;
843 4804 991 4873 virgo
1021 4817 1125 4856 non
1155 4807 1238 4855 est
1262 4813 1453 4869 sponsa
1479 4815 1493 4863 ;
1524 4798 1706 4866 regina
1733 4812 1840 4850 non
1869 4805 1951 4850 est
1975 4795 2200 4860 ancilla;

579 4914 599 4928 κ
632 4895 870 4951 Ecclesia
910 4893 1025 4947 hmc
1069 4892 1245 4944 omnia
1293 4898 1391 4945 est.
1444 4887 1658 4955 Quare?
1698 4886 1831 4952 Quia
1867 4885 1981 4940 haec
2017 4886 2206 4939 nonin

631 5000 851 5055 corpore
875 5024 891 5050 ,
935 4983 1026 5038 sed
1071 4983 1121 5036 in
1159 4983 1353 5036 anima.
1397 4979 1527 5035 Nam
1567 4980 1617 5033 in
1648 4991 1868 5048 corpore
1891 4976 2003 5031 haec
2031 4977 2205 5032 conti-

633 5077 743 5132 neri
788 5081 1056 5144 nequeunt
1103 5090 1116 5127 :
1162 5073 1214 5125 in
1242 5072 1415 5127 anima
1439 5085 1567 5126 vero
1593 5084 1838 5140 magnum
1864 5077 1945 5122 est
1970 5069 2203 5138 pelagus.

636 5167 837 5222 Adstitit
879 5164 1052 5235 regina
1091 5179 1123 5216 a
1164 5163 1350 5215 dextris
1387 5164 1482 5216 tuis
1511 5161 1679 5233 (Psal.
1709 5162 1797 5216 44.
1829 5159 1935 5230 10).
1969 5158 2209 5228 Regina?

636 5260 723 5315 illa
769 5256 1073 5313 conculcata
1121 5263 1174 5309 et
1214 5253 1364 5321 ineps
1384 5292 1396 5315 ,
1425 5252 1689 5320 quomodo
1717 5251 1850 5304 facta
1875 5259 1957 5304 est
1982 5251 2160 5318 regina
2185 5246 2211 5299 ?

634 5367 739 5422 quo
763 5347 1043 5404 ascendit?
1065 5345 1284 5401 Sursum
1315 5342 1517 5398 adstitit
1538 5340 1650 5396 hzec
1670 5341 1872 5412 regina.
1894 5336 2209 5408 Quomodo?

637 5443 767 5510 Quia
799 5455 888 5494 res
920 5439 1086 5492 tactus
1107 5444 1188 5491 est
1213 5449 1400 5490 servus
1433 5450 1447 5486 :
1474 5447 1578 5487 non
1603 5440 1753 5496 erat,
1787 5430 1882 5485 sed
1913 5431 2080 5484 tactus
2103 5435 2206 5481 est.

641 5533 793 5589 Disce
830 5531 987 5601 igitur
1023 5543 1140 5600 qua:
1181 5536 1305 5583 sunt
1349 5525 1664 5588 divinitatis.
1693 5533 1745 5580 et
1770 5523 2035 5593 sapienter
2059 5521 2212 5576 intel-

647 5626 749 5698 lige
786 5639 902 5697 quae
941 5623 1010 5679 ad
1050 5621 1399 5682 teconomiam
1441 5627 1700 5689 spectant.
1735 5616 1887 5673 Disce
1912 5615 2030 5686 quis
2057 5623 2206 5684 erat,

1303 209 1360 265 8.
1400 207 1677 266 JOANNIS
1713 203 2186 262 CHRYSOSTOMI
2226 203 2536 260 ARCIIIEP.
2577 206 3114 269 CONSTANTINOP.

3762 226 3858 282 404

2287 327 2336 371 et
2378 320 2495 389 quis
2532 331 2746 391 prepter
2778 332 2831 378 te
2868 323 3035 380 factus
3063 327 3129 380 sit
3162 345 3175 380 :
3209 343 3277 384 ne
3303 344 3388 385 res
3418 333 3748 401 confundas,
3775 356 3862 394 ne-

2286 422 2390 478 que
2430 410 2546 479 ejus
2586 427 2711 482 erga
2742 429 2842 468 nos
2863 415 3201 486 benignitatis
3227 433 3593 490 argumentum
3623 427 3866 499 blaSphe-

2287 500 2410 554 mite
2435 503 2770 557 occasionem
2797 504 3016 561 elﬁcias.
3039 507 3296 564 Sublimis
3316 520 3429 566 erat
3447 554 3464 580 ,
3493 524 3548 569 et
3567 516 3682 572 haze
3702 517 3869 574 humi-

2289 591 2394 657 lis;
2437 592 2678 647 sublimis
2726 612 2831 650 non
2878 598 3027 662 loco,
3071 599 3166 655 sed
3212 611 3427 656 natura.
3474 605 3783 680 lncorrupta
3818 623 3866 667 et

2287 681 2605 740 immortalis
2643 695 2757 740 erat
2782 689 3108 758 substantia,
3141 691 3448 764 incorrupta
3475 706 3693 766 natura,
3722 700 3868 757 inco-

2285 777 2516 846 gitabilis
2535 819 2548 841 ,
2579 778 2889 846 invisibilis,
2914 776 3463 852 incomprehensibilis
3481 829 3498 854 ,
3527 804 3742 859 semper
3763 794 3870 848 exi-

2288 879 2438 922 stens
2459 911 2473 934 ,
2505 869 2695 924 eodem
2727 872 2886 926 modo
2913 874 3148 928 existens
3169 918 3184 942 ,
3209 879 3593 936 transcenderis
3619 883 3833 953 angelos
3857 877 3904 951 ,ξ

2287 963 2532 1030 supernis
2577 963 2865 1018 virtutibus
2910 967 3191 1035 superior,
3248 971 3523 1027 ratiocinia
3569 989 3830 1046 superans
3857 961 3900 1044 ,ξ

2288 1061 2519 1108 mentem
2570 1055 2948 1111 transcendens
2981 1073 2996 1111 :
3031 1058 3198 1114 videri
3245 1076 3351 1114 non
3374 1072 3584 1131 potest,
3615 1065 3763 1121 credi
3790 1081 3872 1120 so-

2288 1142 2397 1197 lum
2427 1155 2621 1213 potest.
2649 1146 2837 1215 Angeli
2868 1147 3117 1203 videbant
3142 1159 3195 1204 et
3222 1153 3550 1218 tremebant,
3580 1154 3870 1213 Cherubim

2288 1235 2399 1288 alas
2437 1236 2797 1290 obtendebant
2841 1253 2954 1307 pra:
2998 1249 3163 1294 metu.
3193 1241 3529 1312 Respiciebat
3557 1253 3754 1301 terram
3777 1289 3791 1314 ,
3821 1259 3872 1303 et

2288 1316 2515 1372 faciebat
2537 1333 2655 1373 eam
2682 1329 2912 1375 tremere
2935 1339 2948 1373 :
2975 1323 3272 1378 minabatur
3299 1327 3465 1392 mari,
3493 1337 3546 1382 et
3570 1329 3872 1386 exsiccabat

2288 1407 2440 1463 iilud.
2478 1409 2694 1464 Fluvios
2718 1426 2782 1465 ex
2813 1411 3029 1466 deserto
3052 1413 3350 1481 educebat;
3377 1428 3587 1472 montes
3611 1421 3794 1475 statuit
3819 1423 3868 1475 in

2288 1499 2540 1568 pondere,
2566 1510 2620 1554 et
2639 1502 2806 1556 saltus
2837 1503 2889 1556 in
2911 1511 3127 1558 statera.
3150 1505 3428 1572 Quomodo
3448 1508 3716 1563 narrabo?
3736 1526 3868 1580 quo.

2289 1590 2448 1645 modo
2476 1591 2797 1648 declarabo?
2817 1594 3189 1663 Magnitudinis
3213 1597 3329 1664 ejus
3353 1613 3459 1652 non
3480 1610 3560 1654 est
3581 1601 3834 1657 terminus
3849 1645 3866 1670 ,

2289 1684 2563 1752 Sapientia:
2588 1685 2705 1754 ejus
2732 1701 2836 1740 non
2864 1695 2945 1740 est
2971 1703 3222 1743 numerus
3243 1730 3259 1754 ,
3281 1689 3480 1758 judicia
3507 1691 3622 1761 ejus
3649 1692 3866 1750 investi-

2289 1776 2476 1845 gabilia
2503 1819 2518 1840 ,
2543 1778 2644 1832 via:
2671 1777 2788 1847 ejus
2815 1778 3205 1833 inscrutabiles.
3230 1781 3300 1834 At
3327 1781 3414 1836 ille
3441 1791 3619 1838 tantus
3637 1793 3690 1839 et
3709 1785 3824 1839 talis
3845 1825 3860 1851 ,

2289 1869 2337 1922 si
2387 1877 2563 1924 tamen
2613 1870 2728 1924 sine
2769 1871 3006 1939 periculo
3041 1871 3144 1925 dici
3189 1880 3396 1941 potest,
3440 1881 3617 1928 tantus
3645 1882 3700 1930 et
3730 1876 3862 1930 talis.

2290 1959 2487 2015 Verum
2513 1961 2639 2032 quid
2685 1961 2916 2017 faciam?
2948 1963 3104 2019 homo
3127 1979 3278 2030 sum,
3305 1974 3358 2020 et
3388 1964 3619 2022 humane
3647 1968 3868 2038 loquor;

2290 2054 2487 2110 luteam
2529 2056 2778 2126 possideo
2803 2057 3035 2127 linguam
3053 2099 3066 2122 ,
3096 2058 3307 2112 veniam
3335 2073 3365 2112 a
3392 2059 3616 2114 Domino
3641 2060 3875 2129 postulo.

2289 2144 2406 2199 Non
2435 2147 2577 2200 enim
2603 2161 2668 2202 ex
2691 2148 2991 2217 arrogantia
3015 2149 3096 2202 his
3119 2149 3335 2203 vocibus
3360 2164 3490 2203 usus
3517 2164 3658 2216 sum,
3687 2149 3782 2204 sed
3805 2166 3874 2205 ex

2290 2236 2615 2294 inﬁrmitatis
2642 2240 2880 2310 penuria,
2911 2248 2966 2296 et
2986 2257 3051 2295 ex
3078 2241 3267 2312 lingua:
3288 2250 3482 2296 nostra:
3512 2251 3718 2296 natura.
3745 2242 3883 2298 Pro-

2290 2330 2451 2399 pitius
2485 2341 2631 2397 esto,
2678 2332 2932 2398 Domine,
2963 2348 3068 2387 non
3094 2333 3235 2388 enim
3264 2347 3327 2386 ex
3359 2347 3546 2402 arroga
3569 2333 3659 2386 itia
3689 2333 3884 2403 hujus-

2290 2423 2434 2478 modi
2474 2437 2632 2478 voces
2678 2438 2906 2493 usurpo,
2954 2423 3046 2477 sed
3089 2422 3231 2492 quod
3273 2423 3390 2477 alia:
3423 2438 3527 2477 non
3567 2433 3878 2492 suppetant.

2291 2515 2475 2585 Neque
2521 2523 2696 2569 tamen
2745 2515 2796 2569 in
2846 2515 3094 2570 dictionis
3132 2517 3333 2571 vilitate
3362 2515 3626 2582 consisto,
3657 2516 3751 2571 sed
3774 2516 3879 2572 alis

2292 2606 2654 2676 intelligentia:
2677 2605 2932 2662 ascendo.
2957 2606 3159 2662 Tantus
3196 2618 3252 2661 et
3301 2607 3437 2662 talis.
3473 2607 3597 2662 llaec
3623 2607 3746 2662 dico
3773 2649 3787 2674 ,
3821 2618 3881 2662 ut

2293 2713 2362 2754 ne
2402 2697 2724 2752 dictionibus
2766 2698 2849 2751 vel
2894 2696 3154 2752 dictorum
3209 2698 3400 2768 inopia:
3446 2697 3772 2764 immoraus,
3819 2705 3880 2751 tu

2291 2803 2504 2858 quoque
2544 2787 2772 2857 idipsum
2814 2788 2990 2842 facere
3017 2786 3210 2842 discas.
3243 2787 3378 2855 Quid
3400 2787 3607 2841 miraris
3627 2788 3671 2842 si
3697 2787 3750 2842 id
3777 2803 3884 2857 ego

2295 2881 2430 2936 facio
2451 2921 2464 2945 ,
2493 2880 2634 2950 quod
2661 2891 2713 2934 et
2741 2881 2853 2949 ipse
2878 2878 3038 2946 facit,
3067 2880 3277 2949 quando
3300 2879 3413 2932 vult
3438 2879 3704 2948 quidpiam
3735 2880 3884 2934 indi-

2293 2989 2416 3028 care
2436 2971 2573 3041 quod
2598 2971 2826 3025 humana
2853 2970 3232 3024 transcendat?
3251 2969 3512 3035 Quoniam
3535 2969 3777 3023 homines
3797 2970 3892 3023 al-

2292 3066 2557 3134 loquitur,
2599 3061 2842 3115 humanis
2871 3061 3031 3115 utitur
3057 3060 3375 3129 imaginibus
3395 3099 3409 3123 ,
3437 3074 3555 3128 qua:
3580 3058 3719 3127 quod
3745 3059 3891 3114 dici—

2296 3167 2380 3211 tur
2406 3155 2534 3210 satis
2557 3154 2767 3224 quidem
2797 3153 3168 3207 demonstrare
3195 3164 3298 3203 non
3327 3159 3568 3218 possunt,
3598 3163 3768 3216 neque
3791 3159 3888 3201 to-

2295 3256 2400 3301 tam
2431 3245 2506 3300 rei
2539 3258 2840 3298 mensuram
2868 3243 2919 3296 in
2951 3241 3182 3295 medium
3213 3238 3497 3303 adducere,
3525 3236 3617 3292 sed
3639 3236 3704 3292 ad
3724 3237 3895 3292 audi-

2296 3347 2471 3393 torum
2501 3335 2861 3392 inﬁrmitatem
2889 3331 3176 3389 sufﬁciunt.

2353 3507 2441 3564 l0.
2463 3505 2581 3562 .Hic
2622 3505 2818 3559 mentis
2843 3501 3239 3558 contentionem
3268 3497 3462 3553 adhibe
3485 3537 3499 3562 ,
3534 3511 3633 3552 nec
3656 3510 3878 3552 sermo-

2281 3599 2366 3653 nis
2414 3596 2716 3666 prolixitate
2741 3593 2974 3647 fatiscas.
3005 3592 3152 3645 Sicut
3179 3588 3320 3643 enim
3348 3605 3468 3644 cum
3491 3596 3728 3658 apparet,
3755 3605 3874 3644 non

2281 3699 2340 3744 ut
2362 3698 2444 3744 est
2467 3687 2695 3750 videtur,
2729 3697 2898 3754 neque
2925 3683 3065 3737 nuda
3089 3681 3380 3736 substantia
3402 3691 3656 3750 apparet:
3681 3682 3879 3751 (nemo

2281 3782 2423 3836 enim
2444 3779 2574 3834 vidit
2595 3778 2780 3842 Deum,
2807 3775 2907 3829 hoc
2929 3776 3100 3843 ipsum
3121 3773 3322 3828 scilicet
3341 3772 3479 3843 quod
3509 3771 3595 3826 ille
3614 3781 3712 3836 est;
3742 3787 3878 3828 nam

2284 3873 2408 3928 licet
2451 3866 2892 3938 attemperatione
2935 3865 3161 3934 quadam
3207 3873 3529 3933 appareret,
3575 3861 3881 3918 Cherubim

2285 3963 2628 4027 tremebant;
2665 3964 3016 4028 attemperate
3042 3953 3358 4021 descendit,
3387 3961 3441 4008 et
3471 3961 3678 4007 montes
3703 3951 3882 4006 lumi-

2284 4063 2411 4125 gant
2441 4071 2456 4120 ;
2497 4061 2846 4122 attemperate
2887 4045 3188 4111 descendit,
3220 4053 3275 4099 et
3303 4058 3449 4098 mare
3477 4043 3708 4096 siccatur
3739 4051 3882 4107 ;at-

2289 4155 2578 4218 temperate
2626 4141 2929 4207 descendit,
2975 4147 3028 4194 et
3078 4139 3264 4193 cadum
3310 4140 3672 4191 commovetur
3729 4149 3744 4184 :
3802 4147 3888 4188 ac

2288 4240 2388 4294 nisi
2440 4243 2786 4305 attemperate
2837 4229 3236 4293 descendisset,
3287 4225 3404 4294 quis
3469 4221 3609 4277 ferre
3662 4221 3894 4292 potuis-

2289 4329 2462 4390 set?)
2511 4337 2569 4381 ut
2621 4326 2762 4380 enim
2817 4339 2922 4377 non
2968 4329 3185 4392 apparet
3234 4318 3285 4370 id
3327 4314 3467 4386 quod
3497 4323 3614 4379 est,
3645 4312 3740 4368 sed
3771 4327 3894 4383 pro

2289 4422 2537 4478 facultate
2579 4417 2693 4488 ejus
2740 4416 2830 4487 qui
2875 4414 3090 4484 respicit
3134 4429 3148 4464 :
3196 4409 3316 4465 ideo
3365 4405 3650 4476 aliquando
3705 4419 3896 4461 senex

2291 4521 2544 4583 apparet,
2599 4506 2878 4578 aliquando
2926 4504 3138 4575 juvenis
3163 4545 3176 4568 ,
3215 4499 3478 4555 interdum
3509 4498 3561 4552 in
3593 4498 3712 4567 igne
3733 4536 3750 4562 ,
3787 4496 3899 4551 iri-

2293 4606 2497 4662 terdum
2550 4604 2602 4658 in
2639 4616 2797 4667 aura,
2833 4599 2992 4655 modo
3028 4598 3079 4652 in
3107 4611 3238 4667 aqua
3259 4637 3273 4663 ,
3303 4593 3461 4648 modo
3483 4592 3533 4645 in
3554 4590 3738 4655 armis,
3769 4604 3901 4644 non

2293 4705 2505 4751 mutans
2551 4691 2922 4756 substantiam,
2953 4687 3047 4744 sed
3078 4689 3250 4742 visum
3279 4684 3620 4741 conformans
3643 4680 3708 4734 ad
3741 4680 3904 4735 sub-

2291 4790 2552 4861 jectorum
2599 4785 2928 4840 varietatem.
2979 4781 3067 4836 Sic
3115 4778 3322 4850 quoties
3371 4775 3481 4828 vult
3507 4770 3778 4843 quidpiam
3811 4771 3910 4829 de

2296 4881 2474 4950 seipso
2513 4877 2691 4932 dicere
2713 4918 2729 4944 ,
2778 4873 3027 4929 humanis
3073 4871 3238 4925 utitur
3267 4865 3602 4934 imaginibus.
3633 4863 3907 4933 Exempli

2296 4987 2454 5029 causa
2488 4991 2500 5025 :
2533 4969 2771 5025 ascendit
2798 4968 2849 5021 in
2881 4973 3142 5024 montem,
3169 4957 3234 5010 Et
3256 4955 3645 5025 transﬁguratus
3668 4963 3740 5007 est
3758 4965 3912 5010 ante

2297 5080 2410 5130 eos,
2439 5073 2484 5116 et
2511 5058 2821 5130 resplenduit
2849 5054 3002 5121 [acies
3027 5052 3135 5119 ejns
3162 5048 3287 5100 sicut
3315 5046 3433 5110 lux,
3463 5045 3755 5098 vestimenta
3786 5059 3916 5098 au-

2299 5166 2396 5210 tem
2434 5154 2542 5223 ejus
2572 5153 2705 5220 facta
2733 5155 2849 5202 sunt
2877 5144 2991 5196 alba
3017 5141 3144 5195 sicut
3173 5139 3260 5193 nia:
3293 5136 3501 5209 (Matth.
3533 5137 3620 5191 17.
3651 5135 3726 5202 2).
3762 5135 3918 5190 Ali-

2298 5254 2559 5314 quatenus
2603 5239 2732 5305 ipsis
2783 5232 3110 5289 divinitatem
3157 5242 3304 5282 suam
3343 5225 3590 5294 aperuit,
3643 5225 3925 5284 ostendis

2299 5333 2378 5388 eis
2401 5329 2778 5386 inhabitautcm
2803 5324 2966 5380 Deum
2993 5363 3008 5390 ,
3037 5321 3102 5375 Et
3131 5317 3522 5387 transﬁguratus
3546 5323 3616 5368 est
3640 5321 3757 5366 ante
3772 5330 3923 5371 eos.

2301 5421 2570 5478 Attendite
2595 5417 2826 5474 sermoni
2856 5415 3158 5485 diligenter.
3187 5411 3322 5466 Dicit
3354 5427 3366 5462 :
3400 5407 3466 5461 Et
3487 5407 3926 5475 transﬁguratus

2300 5524 2371 5568 est
2418 5521 2533 5566 ante
2578 5527 2693 5575 eos,
2742 5517 2787 5562 et
2823 5504 3235 5573 reSplenduerunt
3273 5499 3561 5554 vestimenta
3602 5495 3710 5564 ejus
3747 5493 3929 5553 sicug

2300 5609 2421 5673 lux,
2464 5614 2510 5659 et
2546 5603 2710 5657 rullus
2747 5601 2856 5670 ejus
2884 5598 3012 5654 sicut
3037 5596 3133 5652 sot.
3169 5591 3392 5662 Quando
3420 5586 3561 5656 dixi,
3593 5584 3799 5641 Tantus
3840 5599 3928 5646 es
