4100 6196
288 278 394 337 8θὸ

276 399 464 462 λέξεις.
495 392 653 448 Οὕτω
677 392 770 446 καὶ
798 393 924 446 ὅταν
961 394 1227 468 ἀκούσῃς,
1257 396 1339 448 ὅτι
1378 397 1539 467 γεννᾷ
1570 396 1735 461 Θεὸς,
1772 395 1846 465 μή

272 489 475 560 τμῆσιν
506 481 727 554 νόμιζε,
770 482 906 560 ἀλλά
941 484 1003 536 τὸ
1036 484 1339 555 όμοούσιον.
1374 486 1457 539 Τὰ
1485 486 1594 556 γὰρ
1628 487 1849 558 ῥήματα

277 556 445 654 ταῦτα
470 573 645 628 πολλά
675 556 813 645 παρ’⁵
834 571 990 643 ήμῶν
1022 575 1293 645 ἐχρήσατο
1317 576 1345 628 ό
1378 574 1510 639 Θεὸς
1527 615 1543 642 ,
1569 556 1663 629 καὶ
1691 576 1849 645 ⁴ίιμεῖς

270 669 404 743 παρ’
430 665 596 721 αὑτοῦ
616 705 632 731 ,
669 665 755 718 ἵνα
785 664 1129 737 τιμηθῶμεν.

355 779 393 831 η
414 767 449 814 ’.
485 758 733 828 Συνῆκας
760 756 814 809 τί
848 752 1040 822 εἵπονς
1073 759 1323 830 Πρόσεχε
1362 759 1497 830 μετά
1528 761 1814 830 ἐκριϐείας
1837 801 1851 823 ,

275 841 549 913 ἀγαπητέ.
574 841 845 909 Ὀνόματά
860 840 975 893 ἐστι
993 840 1129 909 θεῖα,
1146 844 1240 895 καὶ
1258 844 1497 913 ὀνόματα
1514 843 1611 896 ἀνθ
1618 843 1848 914 ρώπινα.

282 927 484 983 Ἔλαϐε
513 924 640 994 παρ’
664 924 801 994 ἐμοῦ
823 963 839 986 ,
866 924 963 977 καὶ
995 924 1166 979 ἔδωκέ
1200 943 1291 996 μοι
1315 926 1496 990 αὑτός.
1525 926 1622 990 Δός
1658 944 1747 998 μοι
1785 926 1854 979 τὰ

280 1013 370 1068 σὰ.
404 1011 494 1063 καὶ
518 1007 649 1060 λάϐε
672 1010 746 1060 τὰ
774 1008 903 1077 ἐμὰ,
935 1007 1104 1076 λέγει.
1132 1009 1253 1062 Τῶν
1287 1010 1437 1080 ἐμῶν
1463 1010 1850 1080 χρείανοέχειςο

272 1096 373 1147 οὐκ
405 1091 513 1159 ἐγὼ
541 1090 735 1162 χρείαν
760 1089 866 1160 ἔχω
887 1128 903 1155 ,
936 1089 1073 1143 ἀλλά
1121 1090 1185 1144 σύ
1211 1107 1228 1123 ο
1259 1092 1446 1163 ἐπειδή
1487 1092 1594 1163 γὰρ
1626 1094 1659 1163 ή
1699 1092 1853 1145 ούσία

281 1196 379 1249 μου
410 1174 690 1245 ἁκήρατός
714 1176 851 1237 ἐστι,
889 1178 954 1228 σὺ
983 1174 1040 1228 δέ
1073 1174 1357 1246 ἄνθρωπος
1386 1173 1453 1241 εἴ,
1479 1175 1692 1247 σώματι
1717 1193 1854 1245 συμ-

276 1259 660 1328 πεπλεγμένης
682 1298 696 1323 ,
729 1256 1048 1326 σωματικὰς
1076 1257 1257 1329 ζητῶν
1286 1260 1380 1311 καὶ
1414 1258 1586 1322 λέξεις
1611 1296 1623 1320 ,
1656 1259 1741 1310 ἵνα
1766 1259 1852 1320 σὺ,

274 1346 301 1397 ό
326 1344 546 1413 σώματι
582 1340 1095 1411 συμπεπλεγμένος,
1121 1341 1299 1394 λαϐὼν
1323 1343 1432 1396 ἀπὸ
1463 1341 1573 1394 τῶν
1599 1341 1750 1412 παρά
1773 1342 1855 1394 σοὶ

273 1428 572 1498 γνωρίμων
591 1425 874 1497 ῥημάτων,
901 1424 1099 1495 νοήσῃς
1124 1424 1193 1477 τὰ
1223 1423 1620 1493 ὑπερϐαίνοντα
1649 1441 1709 1478 σε
1741 1426 1859 1494 νοή-

278 1527 445 1582 ξλατα.
484 1510 617 1561 Ποῖα
645 1506 805 1562 ἔλαϐε
835 1506 964 1577 παρ’
1001 1506 1156 1578 ἐμοῦ,
1190 1508 1317 1560 ποῖα
1347 1508 1404 1561 δέ
1428 1507 1596 1561 ἔδωκέ
1627 1525 1716 1578 μοι
1743 1505 1859 1559 όνό⁴

279 1610 427 1664 ματα
451 1612 466 1660 ;
491 1592 662 1655 Αύτὸς
688 1591 822 1654 Θεός
853 1593 987 1654 ἐστι,
1021 1593 1112 1644 καὶ
1137 1592 1237 1663 ἐμὲ
1267 1591 1389 1645 θεὸν
1414 1592 1673 1645 ἐκάλεσεν
1700 1610 1712 1623 ·
1742 1593 1859 1646 ἐκεῖ

275 1679 440 1746 φύσις
492 1676 849 1747 πράγματος,
904 1673 1139 1727 ἐνταῦθα
1192 1674 1329 1745 τιμὴ
1378 1674 1662 1742 ὀνόματος
1710 1673 1859 1743 Ἐγὼ

272 1759 442 1815 εἶπα·
468 1759 604 1812 Θεοί
637 1759 797 1818 ἐστε,
825 1756 922 1809 καί
967 1756 1084 1809 υἱοί
1128 1758 1407 1824 Ὑψίστου
1442 1757 1685 1823 πάντες.
1737 1758 1859 1827 Ῥήο

279 1843 431 1914 ματά
460 1841 611 1913 [5931
635 1843 780 1893 ἐστιν
807 1838 1062 1902 ἐνταῦθα,
1084 1841 1201 1893 ἐκεῖ
1219 1840 1275 1892 δὲ
1306 1841 1650 1911 πραγμάτων
1674 1840 1855 1910 φύσις.

289 1925 557 1979 Ἐκάλεσέ
587 1942 652 1993 με
680 1922 823 1983 θεὸν,
857 1922 1123 1993 ἐτιμήθην
1152 1923 1281 1993 γάρ.
1314 1923 1547 1995 Ἐκλήθη
1578 1923 1739 1987 αὐτὸς
1766 1925 1860 1977 ἄν·

283 2009 543 2075 θρωπος,
578 2006 771 2076 ἐκλήθη
802 2005 965 2068 αὐτὸς
997 2005 1127 2069 Υἱὸς
1147 2006 1468 2077 ἀνθρώπου,
1516 2005 1719 2076 ἐκλήθη
1759 2008 1857 2059 αύ-

288 2094 383 2153 τὸς
410 2090 525 2151 ὁδὸς
548 2128 563 2151 ,
592 2088 791 2159 ἐκλήθη
826 2089 991 2151 αὐτὸς
1022 2087 1160 2159 θύρα
1186 2129 1201 2153 ,
1236 2088 1439 2158 ἐκλήθη
1468 2087 1631 2150 αὐτὸς
1660 2089 1854 2159 πέτρα.

288 2173 472 2227 Ταῦτα
502 2172 630 2243 παρ’
657 2172 791 2242 ἐμοῦ
821 2171 1035 2232 ἐλαϐεν,
1059 2173 1243 2224 ἐκεῖνα
1275 2172 1404 2241 παρ’
1432 2171 1628 2224 ἐαυτοῦ
1663 2171 1730 2225 τά
1757 2172 1859 2243 ῥή-

279 2258 428 2328 ματά
465 2273 555 2326 μοι
587 2255 781 2312 ἔδωκε.
815 2255 914 2308 Διά
958 2255 1011 2308 τί
1057 2254 1263 2326 ἐκλήθη
1311 2256 1465 2321 όδόςς
1509 2256 1628 2309 ’Ἱνα
1658 2256 1855 2329 μάθῃς,

275 2342 357 2394 ὅτι
393 2339 458 2393 δι’
489 2337 657 2391 αὐτοῦ
704 2337 844 2410 πρὸς
894 2338 986 2392 τὸν
1031 2339 1252 2409 Πατέρα
1284 2338 1645 2411 ἀνερχόμεθα.
1681 2338 1778 2392 Διὰ
1806 2340 1858 2392 τί

275 2424 486 2495 ἐκλήθη
523 2421 740 2494 πέτρας
775 2422 894 2476 ’Ὶνα
930 2421 1110 2495 μάθῃς
1146 2420 1207 2474 τὸ
1245 2422 1545 2492 ἐπιτήδειον
1597 2422 1692 2474 καὶ
1726 2423 1859 2475 ὁ.σά-

274 2507 464 2560 ὶευτον
509 2506 608 2576 τῆς
646 2506 904 2569 πίστεως.
939 2505 1039 2558 Διά
1088 2505 1141 2557 τί
1187 2504 1391 2576 ἐκλήθη
1422 2505 1671 2576 θεμέλιος
1698 2522 1712 2570 ;
1744 2507 1858 2559 Ἵνα

239 2608 248 2616 “
278 2591 489 2663 μάθῃς,
514 2591 597 2643 ὅτι
624 2589 801 2642 πάντα
826 2588 1106 2658 βαστάζει.
1128 2588 1225 2642 Διὰ
1252 2588 1304 2641 τί
1333 2588 1538 2659 ἐκλήθη
1564 2588 1687 2659 ῥίζα
1709 2606 1723 2653 ;
1746 2591 1859 2643 Ἵνα

278 2674 461 2745 μάθῃς
482 2713 498 2737 ,
529 2676 612 2726 ὅτι
636 2674 693 2725 ἐν
715 2672 865 2742 αύτῷ
886 2672 1177 2741 ἁνθοῦμεν.
1197 2670 1297 2724 Διά
1321 2673 1375 2725 τί
1402 2671 1606 2744 ἐκλήθη
1633 2672 1856 2743 ποιμήν;

280 2759 407 2810 Ὅτι
436 2757 586 2826 ἡμᾶς
611 2756 783 2827 νέμει.
809 2754 907 2808 Διά
934 2755 988 2807 τί
1018 2754 1222 2825 ἐκλήθη
1245 2754 1516 2825 πρόϐατον
1538 2772 1552 2819 ;
1572 2756 1693 2808 ’Ότι
1721 2757 1858 2826 ὑπὲρ

275 2840 437 2912 ήμῶν
477 2839 643 2907 ἐτύθη
668 2877 682 2901 ,
738 2839 833 2891 καὶ
880 2837 1108 2908 ίλασμὸς
1143 2838 1379 2907 ἐγένετο.
1412 2838 1511 2892 Διά
1558 2838 1609 2892 τί
1654 2838 1859 2908 ἐκλήθη

270 2919 431 2993 (mf);
481 2922 606 2975 ὐτι
646 2922 873 2992 νεκροὺς
919 2921 1078 2984 ὄντας
1126 2921 1277 2991 ήμᾶς
1327 2920 1612 2992 ἀνέστησε.
1666 2922 1763 2974 Διά
1806 2922 1860 2974 τί

276 3006 485 3077 ἐκλήθη
519 3005 669 3073 φῶςς
705 3005 826 3058 Ὀτι
877 3003 1101 3065 σκότους
1150 3005 1297 3073 ἡμᾶς
1341 3004 1638 3075 ἀπήλλαξε.
1683 3003 1780 3059 Διά
1808 3004 1860 3056 τί

277 3089 481 3160 ἐκλήθη
505 3087 787 3158 βραχίωνς
818 3086 940 3140 Ὅτι
966 3085 1253 3156 ὁμοούσιός
1286 3088 1402 3140 ἐστι
1431 3086 1508 3157 τῷ
1538 3087 1732 3158 Πατρί.
1763 3086 1861 3140 Διά

276 3168 334 3221 τί
390 3166 593 3238 ἐκλήθη
629 3165 845 3234 Λόγοςς
882 3164 1007 3220 Ὀτι
1062 3166 1174 3219 ἀπὸ
1230 3164 1324 3219 τοῦ
1377 3165 1591 3238 Πατρὸς
1643 3166 1855 3237 ἐτέχθη.

280 3252 494 3323 Ὥσπερ
515 3248 626 3321 γὰρ
664 3252 692 3303 ό
720 3249 877 3318 λόγος
922 3250 951 3301 ό
979 3247 1111 3318 ἐμὸς
1134 3248 1244 3301 ἀπὸ
1279 3248 1377 3319 τῆς
1404 3248 1581 3319 ψυχῆς
1613 3266 1712 3319 μου
1737 3266 1861 3317 γεν-

276 3337 462 3399 νᾶται,
496 3334 640 3387 οὕτω
668 3334 765 3386 καὶ
787 3333 816 3385 ό
845 3332 974 3395 Υἱὸς
1005 3332 1115 3386 ἀπὸ
1138 3331 1230 3385 τοῦ
1272 3332 1484 3404 Πατρὸς
1511 3332 1728 3403 ἐτέχθη.
1761 3332 1861 3386 Διά

276 3418 331 3471 τί
353 3417 563 3488 ἐκλήθη
592 3418 841 3487 ίμάτιον;
874 3415 997 3469 Ὅτι
1020 3414 1306 3485 ἐνδέδυμαι
1332 3415 1495 3468 αὑτὸν
1524 3416 1856 3485 βαπτισθείς.

276 3502 378 3554 Διά
407 3502 462 3555 τί
495 3500 697 3571 ἐκλήθη
747 3498 1027 3570 τράπεζα;
1064 3497 1187 3551 Ὀτι
1231 3497 1397 3550 ἐσθίω
1434 3497 1596 3550 αὑτὸν
1626 3497 1861 3551 ἀπολαύ-

276 3601 379 3648 σας
397 3584 509 3638 τῶν
537 3584 874 3655 μυστηρίων.
910 3581 1008 3636 Διά
1028 3581 1081 3634 τί
1111 3580 1314 3653 ἐκλήθη
1336 3575 1485 3644 οἶκος
1511 3597 1525 3645 ;
1561 3580 1684 3635 Ὀτι
1727 3582 1860 3636 οἰκῶ

276 3670 337 3722 ἐν
367 3667 538 3738 αὐτῷ.
566 3666 663 3721 Διά
685 3666 739 3719 τί
776 3666 983 3728 ἔνδικος
1009 3681 1024 3730 ;
1062 3665 1187 3717 ὐτι
1225 3663 1352 3727 ναὸς
1381 3664 1547 3718 αὑτοῦ
1575 3665 1856 3735 γινόμεθα.

277 3750 382 3805 Διά
417 3752 473 3804 τί
503 3750 709 3821 ἐκλήθη
743 3748 953 3818 κεςαλή
979 3764 994 3813 ;
1025 3749 1147 3801 Ὅτι
1181 3747 1343 3818 μέλος
1375 3746 1540 3801 αὐτοῦ
1571 3749 1858 3820 κατέστην.

276 3831 381 3887 Διά
411 3834 466 3887 τί
509 3832 715 3903 ἐκλήθη
750 3831 981 3903 νυμφίος
1008 3832 1166 3896 ;”Οτι
1190 3830 1408 3900 νύμφην
1454 3847 1519 3900 με
1552 3832 1858 3901 ἡρμόσατο.

274 3917 380 3970 Διά
425 3917 480 3970 τί
525 3914 728 3987 ἐκλήθη
774 3916 977 3983 ἀγνός;
1010 3916 1132 3969 Ὀτι
1160 3913 1428 3985 παρθένον
1461 3931 1527 3982 με
1554 3915 1732 3970 ἔλαϐε.
1763 3918 1861 3971 Διά

273 4001 330 4054 τί
357 3999 569 4072 ἐκλήθη
588 3995 1050 4067 .Δεσπότης;”οτι
1087 3996 1246 4068 δούλη
1271 3996 1435 4050 αύτοῦ
1459 3999 1592 4067 εἰμι.

347 4153 415 4207 θ’.
436 4154 582 4223 Ὅρα
610 4152 719 4224 γάρ
750 4152 848 4223 τὴν
876 4150 1222 4222 Ἐκκλησίαν,
1240 4149 1375 4221 ὅπερ
1397 4148 1597 4219 ἔλεγον,
1627 4149 1708 4203 ὅτι
1732 4151 1861 4204 ποτέ

274 4240 467 4307 νύμφη
493 4237 631 4300 ἐστὶ,
668 4236 797 4288 ποτέ
844 4234 1090 4304 θυγάτηρ
1114 4233 1252 4297 ἐστὶ,
1277 4233 1406 4286 ποτέ
1425 4232 1693 4304 παρθένος
1722 4235 1862 4297 ἐστὶ,

276 4319 414 4372 ποτὶ
440 4317 603 4390 δούλη
638 4318 786 4380 ἐστὶ,
816 4317 946 4370 ποτὲ
987 4315 1277 4386 βασίλισσά
1318 4317 1462 4380 ἐστι,
1501 4315 1631 4370 ποτὲ
1675 4317 1863 4387 στείρά

274 4409 421 4466 ἐστι.
454 4404 586 4461 ποτὲ
606 4404 729 4476 ὅρος
764 4404 904 4467 ἐστὶ,
936 4403 1069 4457 ποτέ
1090 4402 1419 4474 παραδεισός
1444 4404 1578 4466 ἐστι,
1608 4403 1739 4455 ποτὲ
1765 4420 1862 4455 πο⁴

272 4488 503 4551 λυτάκος
543 4487 700 4552 ἐστὶ,
736 4488 867 4540 ποτέ
919 4486 1101 4559 κρίνον
1141 4486 1259 4539 ἐστὶ
1283 4526 1298 4550 ,
1335 4486 1465 4539 ποτὲ
1515 4486 1666 4557 πηγή
1721 4487 1857 4539 ἐστι·

275 4572 464 4626 πάντα
495 4570 633 4625 ἐστί.
682 4570 784 4626 Διά
808 4570 969 4624 τοῦτο
1012 4568 1251 4634 ἀκούσας
1297 4568 1499 4633 ταῦτα,
1556 4570 1630 4641 μὴ
1672 4566 1860 4639 νόμιζε

278 4654 575 4724 σωματικά
604 4649 764 4716 εἶναι,
789 4654 1094 4725 παρακαλῶ
1120 4671 1132 4685 ⁸
1173 4653 1311 4708 ἀλλά
1340 4652 1612 4707 σύντεινόν
1642 4670 1734 4706 σου
1762 4652 1861 4724 τήν

271 4737 521 4793 διάνοιαν
544 4754 558 4769 ⁸
584 4737 655 4792 τά
682 4738 792 4809 γὰρ
832 4737 1121 4808 σωματικά
1151 4737 1376 4791 τοιαῦτα
1406 4731 1546 4790 εἶναι
1576 4735 1638 4789 ού
1671 4736 1861 4790 δύναν-

271 4840 389 4876 ται.
423 4820 551 4877 Οἷόν
581 4840 634 4875 τι
667 4821 840 4890 λέγω·
887 4821 949 4873 τὸ
986 4821 1111 4891 δρος
1145 4820 1416 4891 παρθένος
1469 4820 1568 4873 ούκ
1615 4820 1792 4874 ἐστιν’
1824 4821 1857 4890 ή

277 4905 551 4978 παρθένος
581 4903 768 4975 νύμφη
794 4905 896 4957 οὐκ
934 4901 1080 4956 ἐστιν
1106 4920 1119 4933 ·
1165 4905 1198 4974 ή
1235 4902 1515 4972 βασίλισσα
1553 4902 1714 4973 δούλη
1761 4904 1861 4957 οὐκ

268 4992 428 5043 ἐστιν
452 5007 465 5019 ’
496 4991 531 5059 ή
590 4987 889 5059 Ἐκκλησία
928 4986 1108 5039 πάντα
1147 4986 1286 5041 ἐστί.
1339 4986 1437 5038 Διά
1482 4986 1564 5050 τίς
1609 4988 1729 5041 Ὅτι
1761 4988 1861 5041 οὐκ

266 5074 332 5125 ἐν
363 5070 585 5141 σώματι
611 5070 805 5136 ταῦτα,
840 5070 960 5124 ἀλλ’
989 5073 1047 5124 ἐν
1072 5069 1239 5141 ψυχῇ.
1271 5070 1358 5121 Ἐν
1390 5071 1489 5138 μὲν
1511 5068 1620 5142 γὰρ
1647 5070 1861 5141 σώματι

265 5155 453 5211 ταῦτα
480 5154 946 5227 ἐστενοχώρηται’
984 5154 1041 5205 ἐν
1073 5152 1130 5205 δὲ
1168 5152 1314 5222 ψυχῇ
1340 5151 1477 5205 πολὺ
1515 5153 1629 5223 ἔχει
1667 5154 1728 5206 τὸ
1762 5155 1861 5207 πέ-

264 5240 461 5307 λαγος.
496 5239 769 5306 Παρέστη
812 5239 849 5305 ἡ
874 5237 1225 5301 βασίλισσα
1245 5236 1317 5290 ἐκ
1342 5235 1556 5301 δεξιῶν
1582 5252 1718 5291 σου.
1764 5237 1864 5290 Βα-

266 5323 498 5376 σίλισσα
525 5338 541 5387 ;
579 5322 643 5374 Ἡ
667 5319 1032 5391 πεπατημένη
1052 5360 1066 5380 ,
1103 5320 1138 5390 ή
1166 5318 1354 5389 πτωχὴ
1377 5359 1392 5382 ,
1428 5320 1545 5381 πῶς
1578 5318 1863 5387 βασίλισσα

266 5403 537 5471 ἐγένετος
567 5402 657 5455 καὶ
698 5402 797 5456 πού
819 5403 1027 5466 ἀνέϐη;
1063 5402 1210 5454 "Avo;
1240 5401 1485 5473 παρέστη
1514 5402 1547 5472 ή
1573 5401 1863 5471 βασίλισσα

266 5487 441 5557 αὐτή.
483 5484 644 5551 Dig;
683 5486 897 5556 Ἐπειδὴ
925 5488 954 5539 ό
994 5482 1258 5548 Βασιλεὺς
1280 5485 1495 5553 ἐγένετο
1526 5484 1737 5551 δοῦλος.
1761 5488 1862 5543 οὐκ

266 5565 342 5639 ἦν
360 5610 378 5633 ,
408 5568 526 5622 ἀλλ’
551 5569 787 5638 ἐγένετο.
818 5568 973 5623 mea
999 5565 1095 5623 οὖν
1115 5569 1183 5621 τά
1210 5568 1313 5640 τῆς
1334 5567 1589 5640 θεότητος
1610 5611 1625 5636 ,
1648 5570 1744 5624 καὶ
1774 5588 1859 5625 σο-

270 5652 442 5721 φίζου
478 5652 546 5706 τὰ
579 5653 679 5723 τῆς
708 5653 1044 5721 οἰκονομίας·
1087 5653 1225 5723 μάθε
1253 5653 1338 5717 τίς
1366 5648 1454 5725 ἦν,
1500 5655 1591 5707 καὶ
1614 5653 1698 5719 τίς
1742 5656 1853 5723 ἐγέι

270 5751 400 5792 um
428 5734 516 5789 διὰ
543 5736 621 5801 σέ,
648 5736 741 5788 καὶ
776 5735 851 5805 μή
883 5736 1079 5806 σύγχεε
1114 5739 1180 5792 τὰ
1220 5738 1521 5810 πράγματα
1546 5780 1561 5806 ,
1597 5738 1730 5809 μηδὲ
1760 5740 1858 5807 τήν

577 5830 843 5888 ΡΑτιιοι..
875 5828 921 5887 (ἶ
935 5848 966 5887 ιι
980 5876 993 5890 .
1024 5832 1142 5897 Ui.

826 278 1107 336 IIOMXLHX
1147 281 1235 336 DE
1275 281 1501 337 (ΞΜ)Το
1541 279 1857 337 Ευτιιοριι

1968 254 2021 333 ζτ
2060 280 2146 335 DE
2190 281 2594 351 DIVITIARUM
2631 283 3014 359 νΑΝιτΑτΕ.
3423 284 3531 341 κίοι

1962 398 2217 452 ὑπόθεσιν
2249 398 2351 467 τῆς
2374 397 2784 470 φιλανθρωπίας
2809 396 3063 468 ἀφορμήν
3096 396 3249 451 ποιοῦ
3291 398 3531 473 βλαστη-

1963 480 2112 549 μίας.
2132 481 2362 553 Ὑψηλὸς
2375 478 2462 552 ἦν,
2487 482 2581 535 καὶ
2601 480 2740 552 αὕτη
2762 482 2989 551 ταπεινή
3014 498 3027 510 '
3052 480 3251 551 ὑψηλὸς
3273 483 3333 535 οὐ
3361 483 3533 555 τόπῳ,

1961 562 2096 617 ἀλλὰ
2145 565 2326 634 φύσει,
2395 566 2695 637 Ἀκήρατος
2752 560 2857 636 ἦν,
2896 564 3197 634 ἀνώλεθρος
3255 566 3287 636 ή
3340 565 3534 632 οὐσία,

1961 647 2235 719 ἄφθαρτος
2259 644 2378 720 ἦνή
2412 647 2593 716 φύσις,
2610 649 2986 719 ἀπερινόητος,
3003 648 3528 721 ἁόρατος,ἀκατάλη-

1963 746 2094 793 πτος
2114 772 2128 795 ,
2161 732 2246 784 ἀεὶ
2273 731 2348 784 ῶν
2368 772 2381 796 ,
2417 732 2676 797 ὡσαύτως
2709 731 2784 783 ὢν
2812 771 2826 795 ,
2862 731 3204 800 ὑπερϐαίνων
3247 732 3535 799 ἀγγέλους,

1962 813 2232 885 ἁνώτερος
2263 816 2370 868 τῶν
2402 816 2513 870 ἄνω
2542 816 2844 885 δυνάμεων,
2868 815 3033 868 νικῶν
3060 815 3338 885 λογισμὸν,
3368 817 3536 886 ὑπερ-

1964 894 2163 948 ϐαίνων
2189 895 2445 957 διάνοιαν,
2469 895 2701 965 ὀφθῆναι
2732 897 2805 965 μή
2830 895 3126 965 δυνάμενος
3144 935 3159 956 ,
3185 895 3538 965 πιστευθῆναι

1962 976 2019 1030 δὲ
2055 978 2235 1047 μόνον.
2281 980 2537 1048 Ἄγγελοι
2571 978 2796 1032 ἔϐλεπον
2819 980 2911 1032 καὶ
2945 979 3193 1050 ἔτρεμον,
3228 980 3297 1031 τά
3331 978 3505 1048 Χερου
3525 1008 3540 1017 -

1963 1059 2064 1130 ϐὶμ
2091 1061 2189 1124 τὰς
2215 1062 2491 1134 πτέρυγας
2522 1062 2837 1127 ἐπέϐαλλον,
2878 1062 3053 1115 πάντα
3080 1064 3136 1115 ἐν
3165 1060 3333 1130 φόϐῳ.
3378 1061 3538 1113 Ἐπέ-

1965 1144 2163 1198 6λεπεν
2193 1146 2284 1198 ἐπὶ
2315 1145 2411 1215 τὴν
2434 1147 2557 1216 γῆν,
2594 1145 2741 1217 1594]
2774 1146 2865 1199 καὶ
2892 1142 3061 1198 ἐποίει
3093 1145 3262 1215 αὐτὴν
3286 1145 3535 1215 τρέμειν·

1964 1226 2178 1295 ἠπείλει
2199 1232 2265 1296 τῇ
2296 1228 2569 1300 θαλάσσῃ,
2604 1229 2694 1282 καὶ
2725 1230 3009 1299 ἐξήραινεν
3035 1229 3201 1296 αὐτήν
3223 1243 3234 1253 ·
3262 1229 3541 1297 ποταμοὺς

1966 1309 2244 1381 ἐξηρήμου
2270 1329 2284 1342 ⁸
2337 1312 2404 1364 τὰ
2449 1313 2549 1383 όρη
2598 1311 2791 1385 ἔστησε
2846 1312 3068 1383 σταθμῷ
3110 1313 3332 1376 καὶτὰς
3364 1314 3542 1373 νάπας

1967 1393 2133 1463 ζυγῷ.
2166 1395 2287 1459 Πῶς
2326 1396 2462 1448 εἴπω
2490 1414 2503 1461 ;
2535 1396 2650 1460 πῶς
2673 1398 3035 1469 παραστήσω;
3084 1398 3147 1449 ’Π
3181 1396 3540 1467 μεγαλωσύνη

1966 1476 2129 1530 αὐτοῦ
2162 1477 2334 1548 πέρας
2385 1480 2485 1532 οὐκ
2527 1479 2674 1549 ἔχει,
2708 1482 2740 1549 ἡ
2777 1479 2937 1548 σοφία
2985 1481 3150 1532 αὑτοῦ
3181 1480 3412 1550 ἀριθμὸν
3442 1479 3543 1531 οὐκ

1968 1557 2102 1629 ἔχει,
2132 1559 2203 1612 τὰ
2233 1561 2478 1631 κρίματα
2507 1562 2674 1614 αὐτοῦ
2710 1562 3106 1631 ἀνεξιχνίαστα,
3144 1563 3201 1615 αί
3249 1561 3541 1615 1ίνδοὶαύτού

1967 1640 2399 1714 ἀνεξερεύνητοι.
2432 1643 2569 1697 Ἀλλ’
2591 1638 2744 1707 οὗτος
2772 1648 2800 1699 ὁ
2820 1645 3069 1708 τοσοῦτος
3090 1646 3184 1699 καλ
3204 1644 3540 1715 τηλικοῦτος,

1968 1728 2017 1779 εί
2045 1728 2283 1798 ἀσφαλὲς
2307 1731 2577 1784 καὶτοῦτο
2603 1733 2797 1799 εἰπεῖν,
2816 1732 3067 1795 τοσοῦτος
3093 1734 3186 1786 καὶ
3208 1729 3542 1802 τηλικοῦτος.

1981 1811 2140 1865 Ἀλλὰ
2167 1814 2220 1866 τί
2249 1814 2437 1880 παθω;
2460 1815 2746 1888 ἄνθρωπός
2776 1820 2909 1887 εἰμι,
2938 1820 3029 1871 καὶ
3052 1817 3412 1889 ἀνθρωπικῶς
3433 1815 3546 1868 διαο·

1968 1893 2195 1965 λέγομαι
2220 1913 2234 1927 ο
2280 1898 2512 1968 πηλίνην
2565 1900 2835 1970 κέκτημαι
2888 1901 3169 1968 γλῶσσαν,
3215 1899 3545 1969 συγγνώμην

1968 1979 2104 2031 αἰτῶ
2144 1981 2294 2051 παρά
2328 1981 2422 2034 τοῦ
2468 1984 2758 2036 Δεσπότου.
2794 1985 2870 2036 Ού
2904 1984 3011 2053 γὰρ
3046 1984 3105 2049 ἐξ
3143 1985 3401 2047 ἀπονοίας
3424 1986 3546 2046 ταῖς

1968 2060 2145 2129 λέξεσι
2173 2063 2397 2129 ταύταις
2427 2065 2722 2136 κέχρημαι,
2742 2066 2875 2120 ἀλλά
2914 2067 2979 2120 δι’
3010 2067 3242 2135 ἀπορίαν
3266 2066 3363 2136 τῆς
3388 2066 3543 2119 ἀσθεο

1968 2147 2115 2210 νείας
2145 2189 2160 2213 ,
2204 2150 2297 2202 καὶ
2328 2152 2425 2220 τῆς
2456 2151 2670 2217 φύσεως
2701 2150 2798 2220 τῆς
2833 2151 3076 2222 γλώττης
3118 2152 3216 2221 τῆς
3248 2151 3543 2222 ἡμετέρας.

1970 2230 2156 2295 Ἶλεως
2205 2231 2329 2295 ἔσο,
2376 2234 2655 2299 Δέσποτα,
2704 2235 2765 2288 ού
2802 2235 2910 2305 γὰρ
2952 2235 3179 2304 ἀπονοία
3208 2235 3545 2305 κεχρημένος

1967 2312 2172 2377 ταύτας
2202 2314 2345 2383 λέγω
2377 2315 2473 2380 τάς
2496 2316 2666 2380 λέξεις
2686 2356 2701 2378 ,
2730 2316 2842 2371 ἀλλ’
2867 2317 2967 2370 οὐκ
2995 2317 3104 2387 ἔχω
3126 2318 3291 2378 ἄλλας
3311 2335 3323 2349 ’
3353 2318 3414 2371 οὐ
3442 2318 3547 2388 μὴν

1969 2398 2090 2450 ούδέ
2129 2399 2355 2468 ἵσταμαι
2387 2401 2444 2452 ἐν
2467 2403 2531 2470 τῇ
2565 2400 2807 2471 εὐτελείᾳ
2840 2401 2939 2471 τῆς
2973 2401 3168 2465 λέξεως
3192 2442 3207 2465 ,
3235 2401 3370 2456 ἀλλά
3411 2404 3547 2456 ἀνα-

1971 2481 2137 2535 ϐαίνω
2166 2481 2241 2552 τῷ
2274 2483 2458 2554 πτερῷ
2487 2484 2579 2536 τοῦ
2617 2487 2905 2556 νοήματος.
2946 2487 3002 2539 Ὀ
3040 2485 3291 2551 τοσοῦτος
3327 2487 3421 2541 καὶ
3453 2504 3551 2558 τη-

1969 2564 2234 2630 λικοῦτος.
2264 2566 2447 2620 Ταῦτα
2488 2567 2663 2638 λέγω,
2707 2570 2795 2623 ἵνα
2844 2570 2920 2641 μὴ
2970 2574 3091 2634 ταῖς·
3131 2570 3308 2635 λέξεσι
3372 2589 3550 2643 παρα-

1973 2648 2181 2718 μένων,
2219 2650 2355 2720 μηδὲ
2388 2654 2453 2722 τῇ
2483 2652 2848 2725 πτωχείατῶν
2882 2652 3211 2724 λεγομένων,
3251 2653 3429 2726 μάθῃς
3456 2656 3551 2708 καὶ

1969 2732 2132 2796 αὐτὸς
2162 2733 2319 2787 τοῦτο
2344 2737 2538 2788 ποιεῖν.
2566 2736 2631 2789 Τί
2654 2735 2973 2807 θαυμάζεις,
2997 2740 3046 2790 εἰ
3069 2737 3181 2807 ἐγὼ
3200 2738 3360 2791 τοῦτο
3385 2740 3546 2804 ποιῶ,

1969 2816 2170 2884 ὃπουγε
2221 2817 2315 2871 καὶ
2362 2818 2566 2883 αὐτὸς,
2616 2819 2744 2872 ὃταν
2788 2819 3048 2891 βούληταί
3096 2838 3150 2873 τι
3201 2822 3551 2893 παραστῆσαι

1971 2899 2296 2971 ύπερϐαἶνον
2337 2899 2406 2954 τά
2437 2901 2790 2973 ἀνθρώπινας
2832 2902 3049 2975 Ἐπειδὴ
3098 2903 3407 2975 ἀνθρώποις
3432 2904 3551 2957 διαο

1969 2981 2185 3051 λέγεται
2208 3024 2223 3050 ,
2250 2983 2344 3038 καὶ
2375 2984 2746 3058 ἀνθρωπίναις
2775 2986 3039 3058 κέχρηται
3067 2988 3295 3051 εἰκόσιν,
3327 2984 3427 3040 οὐκ
3450 2987 3551 3058 ἀρ-

1970 3066 2194 3132 κούσαις
2224 3069 2322 3139 μὲν
2351 3070 2699 3141 παραστῆσαι
2730 3070 2789 3123 τὸ
2817 3070 3125 3141 λεγόμενον,
3162 3070 3285 3125 ούδέ
3316 3071 3553 3143 δυναμέα-

1969 3168 2088 3216 ναις
2119 3151 2239 3206 ὅλον
2270 3152 2333 3206 τὸ
2360 3154 2558 3225 μέτρον
2589 3156 2816 3223 ἀγαγεῖν
2850 3156 2929 3218 είς
2950 3154 3009 3207 τὸ
3049 3155 3232 3226 μέσον,
3254 3154 3552 3227 ἀρχούσαις

1968 3235 2026 3288 δὲ
2056 3238 2122 3308 τῇ
2155 3236 2410 3308 ἀσθενείᾳ
2438 3238 2547 3291 τῶν
2585 3238 2916 3291 ἀκουόντων.

2045 3334 2098 3380 ι’.
2132 3326 2408 3383 Σύντεινον
2431 3331 2646 3395 σαυτὸν,
2671 3330 2746 3403 μή
2765 3331 3045 3401 ἀπόκαμνε
3069 3331 3124 3384 δὲ
3146 3330 3239 3385 τοῦ
3265 3332 3423 3401 λόγου
3449 3351 3554 3404 μη-

1970 3418 2289 3491 κυνομένου.
2308 3421 2517 3494 ’Ὠσπερ
2542 3420 2652 3492 γὰρ
2677 3422 2805 3475 ὅταν
2834 3422 3111 3493 φαίνηται,
3143 3424 3239 3494 ούχ
3270 3425 3407 3494 ὅπερ
3434 3424 3553 3477 ἐστὶ

1971 3511 2257 3580 φαίνεται,
2287 3513 2411 3567 ούδέ
2440 3513 2626 3585 γυμνὴ
2660 3515 2692 3585 ή
2722 3514 2878 3566 ούσία
2907 3514 3211 3583 φαίνεταϋ(
3236 3515 3410 3579 οὐδεὶς
3443 3516 3553 3586 γὰρ

1970 3598 2075 3656 εἶδε
2099 3602 2254 3670 Θεὸν,
2276 3605 2409 3660 αὐτὸ
2429 3607 2456 3660 ὃ
2483 3607 2631 3661 ἐστιν
2651 3623 2664 3637 ⁸
2688 3608 2753 3677 ’τῇ
2778 3606 2885 3678 γάρ
2917 3608 3340 3676 συγκαταϐασει,
3366 3608 3458 3663 καὶ
3483 3608 3553 3663 τὰ

1970 3696 2253 3768 Χερουϐὶμ
2281 3698 2511 3770 ἐτρεμεν
2538 3718 2551 3729 θ
2582 3699 2922 3771 σνγκατέϐη,
2949 3701 3041 3754 καὶ
3066 3700 3134 3753 τά
3164 3701 3265 3771 ὅρη
3295 3701 3554 3764 καπνίζεο

1968 3804 2062 3840 ται
2081 3805 2094 3818 ·
2122 3789 2431 3861 συγκατέϐη
2451 3832 2467 3856 ,
2503 3791 2595 3843 καὶ
2627 3793 2659 3861 ή
2693 3790 2934 3844 θάλασσα
2963 3789 3277 3861 ξηραίνεται
3299 3808 3311 3820 ·
3357 3809 3556 3859 συγκα-

1969 3878 2102 3950 τέϐη
2127 3920 2142 3943 ,
2194 3880 2289 3933 καὶ
2332 3882 2360 3934 ό
2392 3882 2619 3952 οὐρανὸς
2667 3881 2952 3935 σαλεύεται
2978 3899 2990 3912 ’
3020 3883 3119 3935 καὶ
3150 3884 3198 3935 εί
3234 3882 3308 3953 μή
3351 3900 3553 3950 συγκα-

1969 3971 2102 4041 τέϐῃ
2126 4014 2140 4039 ,
2174 3972 2253 4037 τίς
2287 3974 2355 4028 ἂν
2378 3974 2607 4044 ήνεγκεν
2629 3991 2643 4039 ;
2664 3975 2682 4041 )
2707 3973 2896 4045 ὥσπερ
2920 3970 3013 4028 οὖν
3036 3975 3095 4027 ού
3134 3975 3381 4045 φαίνεται
3414 3976 3551 4047 ὅπερ

1971 4064 2118 4116 ἐστὶν
2142 4106 2157 4129 ,
2191 4065 2306 4118 ἀλλ’
2334 4065 2363 4118 δ
2384 4064 2607 4118 δύναται
2644 4066 2675 4118 ό
2720 4066 2861 4137 δρῶν
2903 4067 3029 4120 ἰδεῖν
3057 4083 3070 4096 ·
3101 4066 3187 4122 διά
3217 4066 3375 4121 τοῦτο
3420 4068 3552 4123 ποτέ

1976 4156 2073 4227 μὲν
2100 4156 2326 4220 παλαιὸς
2350 4156 2618 4226 φαίνεται.
2652 4159 2779 4211 ποτὲ
2806 4157 2861 4211 δὲ
2907 4159 3052 4223 νέος,
3085 4161 3213 4214 ποτὲ
3235 4159 3290 4213 δέ
3314 4158 3372 4213 ἐν
3397 4162 3550 4232 πυρὶ,

1972 4252 2102 4305 ποτέ
2132 4251 2188 4304 δέ
2220 4252 2278 4304 ἐν
2302 4249 2466 4324 αὔρα,
2504 4251 2631 4305 ποτέ
2661 4250 2717 4305 δέ
2746 4254 2803 4305 ἐν
2829 4250 3000 4317 ὕδατι,
3031 4251 3161 4306 ποτέ
3183 4252 3238 4305 δὲ
3264 4254 3320 4306 ἐν
3343 4251 3549 4316 ὅπλοις,

1971 4342 2032 4395 οὐ
2072 4342 2420 4413 μεταϐάλλων
2468 4343 2569 4414 τὴν
2612 4343 2830 4409 ούσίαν,
2877 4343 3010 4396 ἀλλά
3058 4342 3406 4414 σχηματίζων
3450 4346 3552 4414 τὴν

1971 4433 2093 4503 ὄψιν
2137 4433 2269 4505 πρὸς
2302 4434 2399 4504 τὴν
2432 4432 2705 4488 ποικιλίαν
2735 4434 2844 4488 τῶν
2870 4434 3267 4506 ὑποκειμένων.
3298 4435 3453 4490 Οὕτω
3487 4436 3554 4509 δὴ

1972 4528 2067 4581 καὶ
2095 4527 2221 4579 ὅταν
2262 4524 2516 4596 βούληταί
2559 4544 2612 4579 τι
2658 4527 2787 4597 περὶ
2838 4525 3004 4580 αὑτοῦ
3032 4530 3204 4581 εἰπεῖν
3231 4569 3244 4589 ,
3277 4526 3554 4599 ἀνθρωπίο

1970 4637 2091 4683 ναις
2140 4619 2311 4673 εἰκόσι
2352 4619 2635 4690 κέχρηται.
2666 4613 2790 4671 Οίόν
2834 4636 2886 4672 τι
2919 4619 3101 4687 λέγω·
3154 4619 3320 4690 ἀνέϐη
3372 4622 3453 4682 είς
3491 4620 3552 4673 τὸ

1971 4712 2096 4784 ὅρος
2123 4752 2139 4775 ,
2192 4710 2301 4765 Καὶ
2352 4708 2783 4781 μετεμορφώθη
2812 4709 3152 4776 ἔμπροσθεν
3186 4706 3415 4775 αὐτῶν,
3451 4709 3552 4763 καὶ

1969 4805 2204 4873 ἔλαμψε
2235 4802 2302 4857 τὸ
2351 4804 2677 4870 πρόσωπον
2722 4800 2910 4855 αὑτοῦ
2953 4801 3035 4865 ὡς
3075 4798 3139 4853 τὸ
3187 4799 3346 4869 φῶς,
3379 4801 3449 4855 τὰ
3482 4799 3552 4854 δὲ

1971 4895 2172 4968 ἱμάτια
2214 4896 2401 4951 αὐτοῦ
2434 4896 2712 4965 ἐγένοντο
2755 4894 2947 4949 λευκὰ
2979 4893 3119 4947 ὡσεὶ
3162 4893 3327 4961 χιὼν.
3364 4895 3551 4964 Παρή-

1968 4988 2114 5053 νοιξε
2137 5028 2150 5051 ,
2202 4988 2366 5058 φησιν
2391 5029 2405 5052 ,
2451 4986 2631 5054 ὀλίγον
2669 4985 2766 5053 τῆς
2798 4984 3050 5054 θεότητος
3080 5025 3093 5047 ,
3129 4985 3328 5051 ἔδειξεν
3367 4986 3551 5049 αὐτοῖς

1969 5081 2062 5135 τὸν
2096 5078 2410 5133 ἐνοικοῦντα
2441 5076 2604 5144 Θεὸν,
2631 5078 2742 5130 Καὶ
2763 5077 3183 5146 μετεμορςπίιθη
3210 5077 3540 5147 ἔμπροσθεν

1969 5171 2186 5226 αὐτῶν.
2219 5169 2523 5241 Προσέχετε
2572 5168 2711 5240 μετά
2739 5169 3027 5241 ἀκριϐείας
3056 5170 3132 5242 τῷ
3160 5169 3321 5242 λόγῳ.
3362 5172 3545 5241 Λέγει,

1970 5264 2079 5319 Καὶ
2104 5260 2522 5333 μετεμορφώθη
2549 5262 2890 5331 ἔμπροσθεν
2923 5259 3144 5328 αὐτῶν,
3185 5266 3281 5319 καί
3311 5265 3550 5335 ἔλαμψε

1969 5357 2043 5411 τὰ
2081 5356 2283 5426 ἱμάτια
2328 5354 2518 5411 αὐτοῦ
2550 5356 2631 5422 ὡς
2686 5353 2753 5408 τὸ
2796 5352 2958 5423 φῶς,
2992 5355 3089 5408 καί
3138 5353 3176 5422 ἡ
3225 5357 3364 5424 ὄψις
3392 5354 3472 5424 ὡς
3516 5360 3549 5405 (ς

1970 5447 2166 5514 ἥλιος.
2209 5446 2429 5518 Ἐπειδὴ
2454 5441 2630 5509 εἷπον,
2649 5443 2918 5509 Τοσοῦτος
2943 5445 3038 5500 καὶ
3069 5445 3387 5516 τηλικοῦτος
3410 5489 3425 5513 ,
3455 5466 3485 5499 ει
3504 5448 3549 5501 λὶ

1970 5535 2122 5593 εἷπον
2147 5553 2191 5603 ω,
2222 5536 2408 5605 Ἵλεώς
2429 5556 2516 5610 μοι
2557 5536 2718 5608 γενοῦ
2742 5579 2757 5605 ,
2792 5538 3041 5592 Δέσποτα
3080 5537 3176 5609 (ού
3209 5537 3316 5608 γὰρ
3353 5540 3549 5593 ἐναπο-

2033 5682 2056 5709 ¹¹
2086 5679 2241 5727 Vorha
2281 5676 2547 5734 τοσούτος..
2611 5679 2759 5739 εἶπον,
2803 5692 2827 5726 a
2871 5677 3079 5728 Morcllu
3104 5679 3299 5731 omissa,
3339 5688 3406 5727 ex
3433 5693 3543 5727 ωδε.

1968 5745 2278 5805 ειῳιιιριξιυν.
3082 5786 3121 5846 2
