4100 6196
254 5804 273 5835 ι

279 290 383 341 ιςῖὸ

274 404 432 467 talis,
473 410 528 454 et
563 399 672 453 dixi
699 401 861 454 etiam
891 400 1237 469 ','Propitius
1287 410 1406 454 esto
1459 400 1608 466 tuihi,
1639 399 1861 453 Domine

282 495 413 559 (non
440 492 586 545 enim
617 491 668 544 in
699 489 799 544 hac
823 490 1058 546 dictione
1086 500 1283 560 persto,
1311 489 1403 545 sed
1429 489 1628 553 haareo,
1651 504 1753 544 nec
1775 488 1864 543 ba-

275 585 379 639 ben
416 584 578 637 aliam
621 583 970 652 compositam
1018 581 1266 652 loquendi
1308 581 1592 651 formam),
1631 582 1753 636 volo
1779 580 1863 634 di-

277 690 433 740 scas,
465 690 553 728 me
578 688 608 727 a
647 671 922 742 Scriptura
960 672 1063 727 hoc
1102 672 1347 728 edoctum
1390 686 1530 729 esse.
1578 672 1705 741 Ejus
1737 686 1866 742 ergo

280 765 628 828 Splendorem
667 764 945 819 declarare
982 764 1150 820 voluit
1188 764 1510 835 evangelista
1533 805 1548 830 ,
1591 762 1823 832 dicitque
1846 802 1861 827 ,

289 857 636 926 llesplenduit.
667 856 947 926 Quomodo
987 855 1315 926 respleuduit
1334 897 1350 922 ,
1381 855 1469 911 dic
1506 854 1656 910 mihi.
1688 853 1864 908 Vehe-

287 959 513 1004 menter.
542 948 659 1015 Quo
689 958 841 1016 pacto
867 946 1038 1002 dicis?
1066 948 1211 1002 Sicut
1246 945 1345 1002 sol.
1378 946 1525 1003 Sicut
1558 946 1665 1010 sol,
1691 944 1866 1000 dicis?

286 1041 478 1094 Etiam.
510 1038 728 1108 Quare?
750 1038 883 1107 Quia
914 1039 1115 1093 nullum
1141 1038 1282 1093 aliud
1309 1037 1636 1107 splendidius
1664 1047 1868 1092 astrum

279 1130 568 1185 dicendum
624 1129 814 1185 habeo.
864 1128 936 1183 Et
979 1130 1131 1183 albus
1170 1139 1285 1184 erat
1325 1129 1472 1184 Sicut
1516 1129 1624 1183 uix.
1669 1128 1865 1195 Quare,

284 1222 433 1275 Sicut
463 1222 555 1275 nix
573 1223 598 1276 ?
618 1221 753 1289 Quia
785 1222 927 1276 nulla
957 1221 1060 1275 alia
1081 1223 1313 1292 suppetit
1331 1222 1604 1276 candidior
1623 1222 1863 1275 materia.

285 1312 417 1366 Nam
456 1311 603 1382 quod
642 1328 749 1366 non
791 1312 857 1365 ad
887 1326 1009 1365 eum
1050 1313 1262 1366 modum
1291 1310 1650 1381 splenduerit,
1682 1326 1749 1365 ex
1778 1326 1869 1365 sc—

284 1405 576 1474 quentibus
603 1404 920 1458 ostenditur.
963 1404 1031 1458 Et
1073 1404 1375 1459 ceciderunt
1403 1404 1454 1458 in
1484 1413 1678 1458 terram
1706 1404 1866 1459 disci-

287 1496 420 1565 puli.
453 1496 511 1550 Si
548 1494 964 1562 restilenduissct
1005 1496 1137 1548 sicut
1166 1493 1246 1548 sol
1267 1535 1282 1561 ,
1320 1509 1425 1548 non
1445 1494 1767 1549 cecidissent
1789 1496 1870 1549 di-

282 1588 470 1657 scipuli
500 1586 713 1660 (Matt/4.
748 1587 835 1641 l7.
859 1587 913 1657 6)
949 1603 962 1642 :
990 1602 1114 1640 nam
1144 1586 1310 1640 solem
1332 1587 1567 1656 qu0tidie
1595 1586 1865 1651 videbant,

288 1695 464 1751 neque
488 1682 750 1737 cadebant
793 1699 805 1734 :
845 1681 939 1736 sed
987 1680 1108 1749 quia
1151 1681 1270 1750 plus
1309 1697 1467 1751 quam
1512 1682 1634 1748 δοιι,
1668 1693 1720 1736 et
1748 1682 1868 1752 plus

286 1788 446 1842 quam
472 1774 562 1828 nix
599 1775 963 1845 resplenduit,
994 1777 1115 1833 ideo
1139 1777 1477 1846 splendorem
1507 1793 1613 1832 non
1636 1776 1868 1832 ferentes

284 1865 619 1920 ceciderunt.

373 1955 460 2008 ιι.
486 1955 722 2026 Exempla
749 1958 894 2011 nulla
923 1958 1030 2012 Deo
1058 1959 1234 2030 digna.
1263 1988 1333 2000 -
1361 1961 1454 2014 Dic
1476 1974 1603 2029 ergo
1628 1959 1755 2033 mihi
1777 1999 1792 2024 ,
1837 1973 1870 2013 0

293 2045 615 2114 evangelista
632 2087 647 2113 ,
680 2047 796 2117 plus
816 2064 974 2118 quam
999 2050 1077 2103 sol
1098 2051 1343 2116 refulsit,
1362 2061 1413 2104 et
1436 2060 1500 2104 tu
1526 2050 1692 2117 dicis,
1722 2050 1869 2115 Sicut

289 2137 374 2189 sol
389 2136 419 2188 .9
439 2138 640 2203 Etiam;
668 2153 791 2193 cum
821 2140 914 2195 tibi
940 2141 1112 2196 lucem
1133 2142 1271 2196 illam
1303 2152 1692 2211 repraesentare
1716 2144 1865 2209 volo,

287 2229 491 2284 nullum
545 2241 747 2286 astrum
780 2232 950 2303 majus
977 2233 1182 2298 habeo,
1226 2249 1336 2288 non
1380 2234 1537 2289 aliam
1584 2234 1868 2306 imaginem

287 2323 427 2377 inter
451 2332 596 2378 astra
645 2334 975 2394 regnantem.
1016 2325 1142 2380 llaec
1172 2326 1319 2390 dixi,
1351 2336 1409 2381 ut
1449 2341 1517 2381 ne
1543 2325 1595 2381 in
1623 2326 1871 2382 dictionis

287 2416 545 2470 tenuitate
559 2417 845 2473 consistas.
865 2416 1091 2487 Lapsum
1113 2417 1492 2487 discipulorum
1519 2417 1747 2473 ostendi.
1771 2418 1870 2473 Ce-

286 2506 535 2561 ciderunt
563 2507 618 2561 in
647 2516 863 2573 terram,
882 2523 1075 2579 sopore
1095 2509 1335 2580 oppressi
1362 2518 1415 2569 et
1442 2510 1710 2579 aggravati
1723 2518 1865 2563 sunt.

289 2597 498 2669 Surgite
519 2598 625 2667 (Ib.
661 2613 709 2652 υ.
734 2599 811 2669 7),
844 2599 1043 2667 inquit,
1068 2609 1125 2655 et
1152 2599 1402 2655 excit-ivit
1425 2615 1518 2654 eos
1541 2639 1556 2666 ,
1608 2613 1870 2670 aggrava-

287 2689 434 2759 tique
457 2699 631 2745 erant.
657 2688 967 2759 Splendoris
993 2691 1189 2760 quippe
1210 2689 1600 2757 vehementiam
1644 2706 1752 2744 non
1783 2702 1869 2744 tu-

287 2783 495 2847 lerant,
537 2782 631 2837 sed
679 2798 843 2853 sopor
885 2793 1240 2854 occupaverat
1285 2784 1469 2840 oculos
1505 2799 1691 2839 eorum
1739 2801 1754 2837 :
1800 2785 1870 2837 ita

286 2889 482 2943 nempe
502 2872 593 2930 lux
612 2873 698 2929 illa
720 2874 1005 2944 splendens
1023 2874 1190 2930 solem
1216 2874 1517 2945 superabat.
1544 2875 1601 2928 Di
1611 2879 1869 2928 sitau‘tetn

284 2964 651 3035 evangelista,
676 2965 822 3020 Sicut
846 2966 925 3021 sol
941 3007 957 3033 ,
985 2965 1105 3036 quia
1137 2966 1238 3021 hoc
1265 2974 1465 3021 astrum
1504 2976 1689 3020 notum
1717 2964 1873 3019 nobis

286 3065 406 3124 est,
428 3066 487 3111 ut
514 3057 620 3112 alia
646 3066 792 3112 astra
816 3072 1094 3127 superans.
1124 3057 1321 3113 Verum
1343 3098 1357 3121 ,
1388 3066 1449 3112 ut
1473 3057 1714 3113 dicebam
1735 3096 1750 3122 ,
1781 3057 1874 3113 ille

287 3160 468 3205 tantus
485 3161 542 3205 et
562 3150 683 3205 talis
709 3152 1044 3207 meretricem
1071 3152 1390 3222 concupivit.
1421 3152 1503 3207 An
1535 3152 1870 3207 meretricem

286 3242 623 3311 concupiscit
651 3242 792 3297 Dens
817 3243 841 3296 ἲ
867 3243 1038 3298 Etiam
1068 3244 1400 3298 meretricem
1434 3260 1449 3299 :
1476 3251 1716 3298 naturam
1753 3243 1874 3305 dico

290 3340 551 3386 nostram.
606 3330 1007 3388 Meretricemne
1054 3332 1384 3402 concupiscit
1446 3333 1587 3387 Dens
1626 3333 1650 3387 ?
1704 3332 1874 3388 liomo

289 3427 509 3495 quidem
561 3425 607 3481 si
648 3427 984 3481 meretricem
1026 3426 1396 3495 concupiscat,
1445 3427 1765 3492 damnatur,
1819 3435 1874 3481 et

291 3519 435 3574 Deus
454 3519 792 3575 meretricem
818 3519 1145 3590 concupiscit
1180 3520 1204 3573 ἲ
1242 3519 1381 3575 Sane
1425 3519 1656 3590 quidem.
1703 3519 1875 3574 Homo

292 3611 632 3665 meretricem
683 3608 1043 3679 concupiscit,
1101 3618 1159 3664 ut
1210 3609 1526 3665 fornicarius
1575 3608 1871 3675 efﬁciatur;

294 3700 436 3755 Deus
462 3715 594 3755 vero
616 3701 949 3756 meretricem
978 3701 1337 3770 concupiscit,
1368 3709 1427 3755 ut
1461 3716 1579 3756 eam
1617 3702 1874 3771 virginem

293 3792 492 3846 efﬁciat
520 3809 534 3844 :
566 3792 741 3860 itaque
787 3792 1213 3861 concupiscentia
1257 3790 1526 3852 hominis.
1580 3792 1876 3862 concupita:

296 3882 563 3951 pernicies
611 3891 735 3941 est:
786 3883 1213 3952 concupiscentia
1258 3897 1386 3937 vero
1440 3874 1572 3949 Dei,
1621 3892 1703 3938 est
1743 3899 1875 3938 con-

295 3974 491 4045 cupitze
541 3972 706 4027 salus.
759 3972 960 4028 Tantus
1007 3988 1072 4029 ac
1132 3974 1252 4027 talis
1302 3977 1636 4028 meretricem
1680 3990 1879 4028 concu-

297 4066 476 4136 pivit?
510 4065 734 4134 Quare?
763 4065 832 4121 Ut
860 4066 1013 4120 ﬁeret
1050 4080 1297 4134 sponsus.
1349 4066 1484 4132 Quid
1529 4080 1656 4120 vero
1703 4065 1876 4120 facit?

296 4158 411 4213 Non
442 4159 607 4213 mittit
631 4157 697 4212 ad
723 4171 840 4213 eam
870 4158 1100 4229 aliquem
1127 4172 1431 4223 servorum,
1462 4172 1568 4213 non
1595 4158 1757 4212 mittit
1782 4174 1879 4213 an-

296 4250 473 4319 gelum
498 4249 567 4303 ad
598 4251 964 4314 meretricem,
987 4265 1092 4304 non
1118 4249 1490 4320 archangelum
1507 4291 1523 4317 ,
1549 4265 1654 4304 non
1676 4248 1881 4306 Cheru-

299 4342 405 4396 bim
434 4341 520 4396 vel
551 4341 829 4410 Serapliim
863 4358 877 4395 :
907 4340 1001 4397 sed
1027 4344 1140 4411 ipse
1162 4349 1370 4396 amator
1395 4341 1624 4397 accedit.
1646 4342 1876 4397 Rursum

299 4448 417 4486 cum
454 4432 610 4487 audis
638 4447 910 4503 amorem,
940 4448 1008 4488 ne
1037 4442 1190 4503 putes
1218 4447 1341 4487 eum
1368 4447 1488 4488 esse
1515 4437 1603 4504 qni
1632 4435 1733 4487 sub
1752 4449 1879 4488 scn-

300 4538 416 4577 sunt
442 4523 606 4578 cadit.
640 4523 918 4578 Delectum
947 4522 1086 4579 habe
1133 4524 1512 4578 sententiarum
1561 4525 1613 4578 in
1660 4525 1876 4591 verbis,

301 4611 746 4682 quemadmodum
768 4613 964 4683 optima
994 4614 1110 4682 apis
1131 4653 1148 4680 ,
1173 4628 1294 4684 qute
1324 4613 1389 4667 ad
1435 4614 1591 4669 ﬁeres
1635 4615 1877 4682 advolat,

304 4714 355 4759 et
399 4705 581 4759 favum
620 4706 843 4775 accipit,
891 4705 1185 4775 herbasque
1236 4707 1502 4774 relinquit.
1548 4706 1880 4763 Meretricem

302 4796 609 4865 concupivit
636 4813 652 4851 '.
679 4806 732 4850 et
777 4796 904 4866 quid
951 4795 1260 4851 iacit?Non
1303 4812 1515 4851 sursum
1553 4812 1670 4853 eam
1697 4798 1878 4853 ducit:

305 4887 469 4941 nollet
496 4886 643 4942 enim
670 4889 1004 4942 meretricem
1036 4887 1089 4941 in
1115 4887 1302 4943 etelum
1338 4887 1637 4955 adducere,
1668 4888 1763 4944 sed
1795 4890 1884 4946 ille

304 4979 598 5034 descendit.
640 4978 773 5047 Quia
806 4979 892 5034 illa
932 4994 1049 5041 non.
1068 4989 1280 5050 poterat
1314 4976 1842 5037 snrsnm'asceudere
1865 5022 1881 5047 ,

304 5070 416 5138 ipse
461 5070 715 5125 deorsum
762 5082 1030 5141 properat.
1081 5071 1163 5125 Ad
1195 5073 1529 5127 meretricem
1560 5072 1880 5142 ingreditur,

305 5178 399 5217 nec
425 5163 697 5217 erubescit
725 5180 738 5215 :
770 5163 823 5217 in
871 5163 989 5231 ejus
1035 5162 1308 5217 latibulum
1361 5165 1537 5218 intrat.
1572 5164 1729 5220 Videt
1765 5180 1884 5220 eam

304 5252 528 5307 ebriam.
578 5254 645 5307 Et
684 5255 953 5324 quomodo
999 5255 1146 5309 venit
1182 5255 1205 5309 ἲ
1239 5255 1351 5308 Non
1382 5256 1517 5309 nuda
1557 5257 1882 5323 substantia;

306 5346 395 5395 sed
425 5344 480 5395 id
505 5345 562 5397 ei
563 5345 750 5400 ﬁcitur.
772 5346 911 5414 quod
940 5355 1054 5399 erat
1091 5348 1342 5400 meretrix
1368 5387 1382 5408 ,
1413 5363 1516 5401 non
1539 5349 1806 5402 voluntate
1831 5359 1887 5404 et

310 5439 600 5506 ptoposito,
629 5438 720 5491 scd
747 5449 957 5503 natura,
990 5454 1059 5493 ne
1086 5438 1269 5493 videns
1298 5456 1421 5493 eum
1462 5443 1883 5510 perturbaretnr,

308 5540 372 5579 ne
402 5526 664 5595 resiliret,
690 5537 781 5582 aut
803 5528 1022 5598 fugeret.
1050 5529 1206 5585 Venit
1233 5530 1298 5585 ad
1322 5533 1655 5587 meretricem
1676 5573 1693 5600 ,
1721 5543 1767 5587 et
1801 5534 1884 5588 ei-

374 5659 389 5689 ι
420 5656 595 5708 Morel.
617 5659 725 5709 bace
749 5661 917 5728 verba.
942 5667 1101 5728 tantus
1135 5669 1181 5711 ct
1219 5663 1347 5728 talis,
1372 5669 1416 5714 et
1449 5663 1558 5717 diri
1581 5663 1745 5727 etiam,
1769 5667 1887 5715 omi-

306 5727 470 5783 serat;
495 5734 559 5772 ex
580 5728 690 5771 ltus.
716 5732 768 5774 et
788 5723 927 5774 Savil.
952 5736 1057 5787 sum
1075 5725 1253 5775 lentur.

927 284 1198 343 HOilllJA
1241 285 1328 341 DE
1368 285 1590 342 CAl'TO
1628 281 1969 342 EUTROPIO
2010 284 2097 339 ET
2138 284 2223 339 DE
2266 280 2663 339 DlVlTlAi‘tUM
2706 278 3066 334 VANITATE.

3462 289 3558 348 ltili

1972 398 2145 451 licitnr
2165 398 2345 451 homo.
2378 397 2444 450 Et
2465 394 2733 466 quomodo
2746 392 3013 449 efﬁcitur?
3029 392 3277 447 Gestatur
3297 394 3348 448 in
3371 405 3548 463 utero,

1971 490 2219 559 paulatim
2242 490 2468 555 crescit,
2496 487 2812 557 venitquein
2838 488 2976 541 viam
3001 486 3174 540 :ctatis
3201 501 3357 555 meat.
3388 486 3548 554 Quis-

1971 595 2092 634 nam
2118 580 2140 634 ?
2167 578 2526 643 (Economia,
2561 592 2667 633 non
2713 577 2996 632 divinitas:
3023 576 3163 631 servi
3207 575 3407 639 forma,
3440 592 3547 630 non

1973 671 2181 725 Domini
2207 686 2220 723 :
2248 684 2372 724 caro
2396 684 2510 724 mea
2530 710 2546 734 ,
2576 684 2683 724 non
2704 666 3001 723 substantia
3031 668 3148 736 ejus
3169 685 3185 721 :
3210 667 3401 723 crescit
3420 682 3550 736 pau-

1972 763 2149 828 latim,
2175 772 2230 817 ct
2254 776 2373 816 cum
2402 761 2705 815 hominibus
2731 760 2986 813 miscetur
3015 775 3028 813 :
3061 758 3160 813 etsi
3189 757 3391 813 invenit
3429 773 3547 811 eam

1971 856 2237 910 ulceribus
2265 856 2497 924 plenam,
2516 853 2808 917 efferatam,
2833 868 2861 906 a
2883 852 3215 907 daemonibus
3236 861 3509 908 oneratam
3533 871 3547 903 ;

1973 948 2162 1018 ecquid
2193 948 2363 1003 facit?
2392 947 2610 1002 Accedit
2633 946 2699 1000 ad
2739 960 2878 999 eam.
2906 943 3045 998 Vidit
3076 943 3160 997 illa
3184 955 3241 999 et
3266 941 3415 1013 fugit.
3447 940 3553 996 Vo-

1972 1051 2055 1095 Cal
2084 1042 2173 1096 ille
2195 1056 2396 1110 magos.
2420 1039 2554 1106 Quid
2588 1038 2820 1093 timetis?
2839 1037 2951 1090 Non
2974 1052 3089 1090 sum
3107 1038 3293 1103 judex,
3313 1034 3408 1089 sed
3434 1049 3550 1089 meo

1972 1134 2125 1188 dicns
2153 1151 2167 1188 :
2193 1131 2314 1186 Non
2332 1134 2440 1185 veni
2469 1143 2523 1185 ut
2540 1131 2766 1204 judicem
2789 1128 3049 1195 mundum,
3074 1128 3163 1184 scd
3179 1138 3233 1182 ut
3258 1129 3452 1182 saluum
3469 1128 3552 1195 fa-

1972 1226 2105 1278 cium
2126 1224 2306 1296 (Joan.
2332 1224 2417 1279 η.
2440 1225 2553 1292 47).
2583 1223 2772 1278 Statim
2804 1236 2984 1291 magos
3011 1228 3183 1275 voeat.
3214 1219 3259 1274 Ο
3298 1235 3408 1273 rem
3448 1234 3550 1272 no-

1972 1332 2092 1371 vam
2131 1327 2289 1386 atque
2323 1316 2618 1371 mirabilem
2647 1317 2662 1369 ι
2692 1314 2827 1384 Magi
2878 1327 3002 1367 mox
3049 1311 3293 1382 primitia:
3316 1320 3457 1364 sunt.
3488 1311 3548 1365 ln

1966 1410 2196 1480 prmsepi
2217 1408 2361 1479 jacet
2384 1408 2475 1477 qui
2506 1415 2683 1478 portat
2707 1407 2891 1461 orbem
2912 1446 2928 1472 ,
2950 1414 3001 1460 et
3048 1405 3236 1475 pannis
3266 1402 3551 1459 involvitur

1973 1500 2061 1568 qui
2095 1499 2345 1553 universa
2371 1499 2725 1554 administrat.
2773 1498 2995 1552 Ponitur
3021 1496 3296 1565 templum,
3321 1502 3376 1548 et
3400 1494 3551 1547 inha-

1974 1591 2103 1645 bitat
2134 1593 2290 1647 Dens.
2324 1591 2554 1647 Veniunt
2596 1591 2768 1661 magi.
2795 1599 2848 1645 et
2887 1589 3064 1643 statim
3103 1587 3363 1651 adorant;
3409 1585 3554 1640 venit

1974 1682 2307 1751 publicanus,
2331 1692 2384 1738 et
2405 1676 2833 1751 ﬁtevangelista;
2862 1681 3006 1734 venit
3026 1677 3296 1741 meretrix,
3324 1686 3379 1730 et
3404 1675 3555 1744 virgo

1971 1774 2239 1841 efﬁcitur;
2269 1777 2412 1830 venit
2448 1775 2780 1840 Cbananam,
2811 1784 2866 1829 et
2895 1772 3220 1843 benignitate
3244 1770 3458 1825 fruitur.
3499 1768 3551 1823 Id

1973 1866 2202 1920 amantis
2235 1875 2352 1919 erat
2382 1874 2715 1934 peccatorum
2748 1879 2932 1933 pmnas
2956 1879 3063 1919 non
3092 1876 3372 1932 reposcere
3393 1904 3406 1925 ,
3458 1859 3552 1915 sed

1972 1957 2160 2013 delicta
2190 1967 2507 2028 peccataque
2552 1959 2875 2012 condonare.
2907 1955 3104 2024 Ecquid
3150 1954 3307 2009 facit?
3348 1953 3553 2022 Accipit

1972 2065 2113 2114 eam,
2139 2050 2429 2120 despondet
2451 2050 2569 2106 sibi.
2593 2050 2727 2118 Quid
2758 2049 2831 2103 illi
2857 2049 2978 2103 dat?
2997 2047 3260 2101 Annulum
3283 2045 3552 2115 :qualcnd

1971 2139 2226 2211 Spiritum
2255 2152 2516 2196 sanctum.
2548 2142 2684 2195 Dicit
2709 2141 2902 2195 Pardus
2929 2158 2940 2194 :
2974 2140 3073 2203 Qui
3088 2148 3254 2192 autem
3282 2138 3551 2205 conﬁrmat

1973 2249 2064 2287 nos
2090 2233 2343 2286 vobiscum
2376 2232 2541 2298 Deus,
2575 2232 2659 2309 qui
2683 2243 2727 2286 et
2749 2231 3025 2302 obsignavit
3054 2247 3179 2296 nos,
3208 2229 3442 2298 deditque
3473 2228 3552 2299 pi-

1972 2342 2100 2396 gnus
2145 2325 2370 2393 Spiritus
2419 2326 2582 2379 sancti
2624 2326 2699 2395 (2.
2731 2324 2850 2380 Cur.
2876 2324 2926 2377 l.
2953 2323 3181 2391 91.193).
3222 2322 3474 2392 Spiritum
3503 2321 3554 2376 ei

1973 2421 2082 2474 dat.
2126 2419 2324 2474 Deinde
2352 2419 2426 2472 ait
2450 2437 2465 2473 :
2494 2418 2682 2473 Nonne
2713 2417 2762 2471 in
2792 2416 3038 2487 paradiso
3066 2426 3115 2469 te
3140 2413 3371 2486 plautavi
3398 2417 3422 2467 Υ
3448 2413 3556 2468 lle-

1974 2512 2231 2583 spondet,
2260 2513 2450 2567 Etiam.
2482 2510 2664 2579 Ecquo
2690 2509 2850 2564 modo
2893 2509 3050 2564 istinc
3075 2506 3316 2561 excidisti
3345 2507 3369 2558 τ
3402 2504 3556 2561 Venit

1973 2606 2236 2670 diabolus,
2259 2616 2312 2659 et
2339 2621 2404 2660 ex
2430 2604 2673 2674 paradiso
2700 2618 2787 2658 me
2811 2596 3059 2672 abripuit.
3081 2601 3320 2655 Plantata
3344 2613 3466 2653 eras
3498 2598 3553 2652 in

1976 2697 2222 2767 paradiso
2240 2738 2255 2764 ,
2278 2707 2331 2753 et
2362 2705 2414 2752 te
2435 2696 2556 2751 inde
2584 2695 2769 2764 ejecit;
2796 2708 2921 2750 ecce
2950 2694 3002 2748 iu
3032 2693 3236 2763 meipso
3259 2692 3437 2761 planto
3466 2700 3515 2745 te
3533 2729 3550 2757 ,

1973 2806 2074 2862 ego
2099 2802 2149 2845 te
2169 2789 2620 2861 gesto.Quomodo
2635 2789 2658 2843 ἲ
2675 2787 2788 2842 Νοη
2806 2786 2964 2841 audet
2982 2786 2998 2818 ¹
3023 2786 3112 2840 ille
3135 2785 3199 2839 ad
3222 2800 3307 2839 me
3326 2782 3553 2838 accede-

1973 2899 2053 2939 re.
2094 2882 2208 2937 Non
2236 2893 2287 2938 te
2324 2882 2376 2936 in
2421 2880 2611 2936 cadum
2642 2878 2886 2934 inducam
2920 2877 3051 2933 :sed
3084 2876 3275 2932 melius
3305 2876 3389 2929 hic
3413 2876 3551 2939 eris,

1974 2990 2129 3045 quam
2163 2974 2213 3028 in
2241 2972 2373 3028 caelo
2396 2990 2410 3028 :
2434 2972 2486 3026 in
2508 2973 2712 3041 mcipso
2741 2979 2795 3025 te
2827 2976 2979 3040 porto
2998 3011 3011 3033 ,
3039 2969 3127 3039 qui
3154 2982 3269 3022 sum
3301 2967 3556 3021 Dominus

1975 3067 2112 3122 creli.
2140 3066 2324 3120 Pastor
2353 3073 2559 3135 gestat,
2595 3071 2651 3118 et
2675 3062 2830 3131 lupus
2860 3074 2967 3115 non
2997 3060 3132 3114 ultra
3164 3057 3414 3123 accedet;
3448 3057 3557 3110 imo

1977 3159 2152 3229 potius
2180 3167 2235 3211 ut
2258 3157 2475 3211 accedat
2522 3153 2794 3225 permitto.
2826 3151 2920 3205 ille
2950 3160 3130 3221 portat
3162 3157 3406 3203 naturam
3460 3160 3556 3199 uo-

1976 3260 2173 3313 stram;
2204 3260 2259 3305 et
2284 3245 2794 3310 acceditdiabolus,
2838 3252 2896 3299 et
2923 3241 3170 3297 vincitur.
3217 3238 3458 3295 Plantavi
3504 3248 3555 3293 te

1977 3342 2029 3396 in
2071 3342 2294 3410 meipso.
2342 3338 2573 3410 Ideoque
2616 3336 2787 3391 dicit:
2817 3333 2928 3406 Ego
2968 3333 3120 3388 radix
3144 3374 3159 3398 ,
3200 3346 3286 3386 eos
3325 3330 3557 3401 palmites

1979 3434 2156 3506 (Joan.
2188 3434 2275 3489 l5.
2299 3434 2376 3503 5);
2400 3442 2454 3487 et
2484 3429 2743 3501 plantavit
2765 3444 2883 3484 eam
2923 3429 2976 3483 in
3006 3426 3204 3495 Seipso.
3236 3422 3434 3492 Ecquid
3464 3436 3559 3491 po.

1978 3526 2130 3582 stea?
2157 3525 2259 3582 Sed
2279 3524 2353 3597 (η)
2384 3533 2631 3593 peccator
2655 3537 2772 3576 sum
2795 3561 2812 3587 ,
2836 3518 3038 3589 inquit,
3060 3526 3114 3573 et
3143 3513 3461 3571 immundus.
3480 3511 3558 3566 Ne

1978 3621 2052 3675 sis
2090 3618 2384 3680 sollicitus,
2429 3615 2664 3671 medicus
2704 3627 2846 3669 sum.
2890 3610 3024 3666 Novi
3061 3623 3156 3663 vas
3183 3620 3394 3668 meum,
3445 3603 3560 3657 scio

1978 3725 2083 3781 quo
2130 3718 2286 3781 pacto
2335 3708 2680 3778 depravatum
2724 3706 2813 3760 sit.
2861 3704 3084 3757 Luteum
3136 3699 3283 3768 prius
3329 3705 3477 3760 erat,
3505 3703 3559 3748 et

1980 3814 2288 3871 perversum
2315 3808 2415 3852 est.
2451 3795 2674 3867 Reﬁngo
2700 3793 2826 3848 illud
2857 3805 2949 3860 per
2973 3791 3238 3846 lavacrum
3270 3799 3555 3853 regenera-

1982 3893 2137 3948 tionis
2156 3934 2170 3957 ,
2194 3900 2247 3947 et
2274 3890 2424 3946 trado
2454 3888 2582 3944 illud
2604 3888 2731 3957 igni.
2758 3885 2889 3940 Vide
2916 3897 3145 3952 namque
3177 3896 3192 3935 :
3218 3878 3425 3948 accepit
3443 3877 3560 3948 pul~

1979 4000 2158 4039 verem
2190 3982 2258 4038 de
2287 3990 2424 4036 terra
2447 4020 2462 4045 ,
2509 3989 2562 4034 et
2600 3978 2725 4034 fecit
2776 3976 3081 4039 hominem;
3127 3972 3376 4028 formavit
3413 3984 3557 4025 eum.

1988 4074 2138 4131 Venit
2166 4072 2407 4128 diabolus
2424 4115 2438 4136 ,
2468 4080 2523 4125 et
2549 4071 2800 4140 pervertit
2819 4084 2963 4122 eum.
2998 4066 3152 4120 Venit
3169 4067 3281 4135 ipse
3306 4072 3361 4120 et
3386 4063 3563 4116 denuo

1981 4176 2255 4236 acceptum
2301 4164 2517 4219 reﬁnxit
2546 4179 2689 4229 eum,
2722 4162 2896 4217 denuo
2940 4158 3191 4215 conﬂavit
3232 4173 3352 4212 eum
3384 4156 3438 4211 in
3466 4155 3560 4209 ba-

1984 4258 2263 4326 ptismate;
2301 4271 2475 4327 neque
2501 4255 2621 4310 sivit
2651 4254 2765 4325 ejus
2794 4266 2988 4323 corpus
3030 4265 3149 4305 esse
3191 4249 3389 4303 luteum
3412 4288 3427 4313 ,
3469 4245 3564 4301 sed

1983 4359 2273 4404 testaceum
2321 4348 2488 4416 ipsum
2519 4346 2710 4400 effecit.
2735 4344 2925 4399 Lutum
2957 4341 3117 4397 tradit
3158 4340 3263 4410 igni
3287 4338 3517 4407 Spiritus
3548 4355 3560 4389 :

1984 4442 2105 4510 Ipse
2129 4458 2223 4495 vos
2242 4441 2510 4512 baptizabil
2535 4441 2587 4493 in
2619 4439 2820 4508 Spiritu
2842 4444 3016 4491 sancto
3034 4474 3050 4501 ,
3074 4444 3121 4489 et
3142 4432 3247 4505 igni
3265 4429 3478 4504 (Matth.
3507 4428 3561 4483 5.

1986 4532 2096 4606 ll).
2129 4534 2183 4588 In
2211 4548 2368 4603 aqua,
2397 4543 2452 4585 ut
2480 4530 2893 4592 rcformarctur;
2922 4527 2974 4582 in
2997 4527 3102 4597 igni
3124 4566 3139 4589 ,
3169 4534 3227 4579 ut
3265 4520 3566 4577 consolida-

1987 4637 2152 4680 rctur.
2177 4625 2302 4681 Ideo
2344 4624 2599 4694 propheta
2625 4622 2753 4677 olim
2783 4621 3076 4675 vaticinans
3112 4616 3322 4672 dicebat
3350 4631 3364 4667 :
3409 4612 3565 4668 Tam-

1984 4733 2132 4787 quam
2173 4731 2292 4769 easa
2333 4715 2477 4786 ﬁguli
2519 4725 2739 4768 conteres
2759 4729 2841 4767 eos
2868 4709 3036 4779 (Psal.
3060 4709 3114 4761 9..
3146 4706 3229 4777 9).
3254 4705 3369 4762 Non
3398 4705 3529 4760 dixit
3549 4746 3565 4767 ,

1988 4817 2253 4877 tamquam
2280 4822 2404 4861 vasa
2433 4815 2660 4863 testacea
2681 4843 2697 4871 ,
2727 4818 2845 4874 qum
2866 4801 3056 4877 singuli
3085 4798 3359 4869 possident
3390 4814 3403 4850 :
3446 4805 3570 4850 sunt

1986 4874 2128 4955 enim
2150 4898 2234 4952 illa
2265 4911 2389 4952 vasa
2418 4897 2594 4967 ﬁguli,
2622 4911 2740 4966 qua:
2766 4893 2956 4963 ﬁgulus
2978 4874 3173 4946 in‘ruta
3205 4905 3298 4943 sua
3325 4887 3526 4957 efﬁngit
3554 4903 3569 4940 :

1988 4990 2081 5045 sed
2103 5003 2222 5043 vasa
2246 4988 2388 5058 ﬁguli
2411 4988 2573 5051 lutea,
2595 4999 2774 5040 neStra
2789 4999 2914 5039 vero
2933 4993 3179 5039 testacea.
3198 4980 3572 5036 Pin-nuntians

1991 5083 2169 5151 itaque
2193 5080 2565 5134 ronﬂatinnem
2594 5092 2690 5148 per
2711 5076 2972 5147 baptisma
3001 5076 3176 5130 denuo
3203 5071 3569 5145 repetendam,

1990 5172 2271 5241 Tamquam
2318 5186 2466 5235 casa,
2519 5170 2707 5239 inquit.
2738 5168 2881 5240 ﬁguli
2924 5178 3147 5222 conteres
3171 5182 3273 5220 eos.
3309 5164 3537 5233 Bcﬁugit

1993 5266 2194 5336 inquit,
2220 5274 2273 5320 et
2295 5265 2509 5319 cenﬁat.
2541 5263 2816 5318 Descendo
2838 5263 2887 5315 in
2909 5261 3191 5330 baptisma,
3222 5269 3279 5315 et
3299 5258 3572 5328 relingitur

1994 5357 2159 5411 forma
2192 5373 2305 5411 mea
2328 5397 2341 5418 ,
2371 5357 2548 5410 denuo
2570 5354 2766 5410 conﬁat
2796 5355 2931 5425 ignis
2976 5355 3204 5426 Spiritus
3223 5394 3239 5420 ,
3264 5359 3321 5407 et
3351 5351 3567 5408 cﬂicitm

2056 5535 2073 5566 ι
2109 5540 2213 5582 sav.
2238 5534 2308 5581 sic
2330 5533 2497 5597 habet,
2519 5531 2572 5584 in
2612 5529 2793 5595 ntcipso
2822 5530 2985 5597 planta
3017 5540 3096 5594 te;
3118 5533 3353 5595 «plorando
3373 5530 3396 5581 ?
3417 5542 3505 5595 ego
3526 5534 3569 5580 ιι

1994 5601 2142 5659 gesto.
2169 5603 2275 5659 non,
2287 5595 2450 5659 nudet.

2057 5658 2129 5721 (ιι)
2164 5655 2349 5709 Similia
2372 5659 2614 5724 habentur
2657 5671 2799 5724 supra
2823 5658 2870 5707 in
2900 5659 3159 5714 Catechesi
3215 5654 3271 5708 ad
3305 5650 3579 5704 illuminau‘

1993 5720 2101 5781 (10$.
2122 5728 2249 5777 circa
2271 5720 2502 5773 medium.
