4100 6196
408 329 507 389 4οἹ

406 456 664 505 testacea.
690 450 845 519 Quod
868 461 1044 510 autem
1075 455 1189 509 hate
1218 471 1323 510 non
1347 472 1410 510 ex
1430 455 1681 525 jactantia
1706 455 1987 525 prodeunt,

404 539 528 593 audi
566 541 759 598 Jobutn
790 562 803 598 :
833 543 976 599 Fecit
1026 555 1193 600 autem
1232 562 1322 600 nos
1369 547 1531 600 lutum
1582 547 1716 617 (Job
1781 548 1868 602 10.
1894 547 1990 619 9);

408 631 603 688 Paulus
620 644 794 690 autem
816 651 830 690 :
854 635 1107 690 Habentes
1124 646 1295 690 autem
1317 637 1607 708 thesaurum
1628 638 1761 692 hunc
1785 639 1836 692 in
1859 639 1990 693 rasis

407 728 636 781 testaceis
682 728 755 801 (2.
803 729 922 784 Cor.
950 730 1003 783 4.
1032 729 1110 800 7).
1144 730 1212 784 At
1248 730 1371 785 vide
1413 740 1562 785 testa:
1606 728 1989 787 fortitudinem.

405 814 519 869 Non
548 818 688 871 enim
730 819 780 873 in
823 820 942 889 igne
962 828 1109 873 cocta
1133 827 1235 886 est,
1266 820 1359 876 scd
1389 821 1438 875 in
1464 820 1681 891 Spiritu.
1713 822 1991 888 Quomodo

408 915 693 961 testaceum
725 920 805 962 est
830 909 853 960 ’ἶ
881 907 1536 981 Quinquies'qnadragenas
1552 929 1655 965 una
1677 914 1838 966 minus
1859 929 1993 966 acce-

406 1001 455 1067 pi
487 1016 504 1052 :
532 1010 605 1052 ter
640 1001 787 1070 virgis
816 1017 974 1055 ca’sus
997 1019 1107 1055 sum
1127 1042 1140 1065 ,
1168 1002 1323 1056 semel
1346 1002 1599 1074 lapidatus
1625 1021 1733 1057 sum
1762 1003 1836 1076 (2.
1867 1002 1986 1059 Cor.

406 1090 492 1141 11.
521 1088 610 1142 24.
644 1088 735 1160 25)
761 1132 775 1155 ,
830 1100 885 1145 et
928 1100 1215 1146 testaceum
1244 1107 1340 1147 vas
1371 1109 1476 1147 non
1504 1093 1832 1148 confractum
1886 1102 1989 1148 est.

406 1178 571 1232 Nocte
595 1191 641 1232 et
660 1181 741 1235 die
764 1181 815 1234 in
839 1183 1091 1251 profundo
1119 1186 1274 1237 maris
1299 1185 1392 1254 fui.
1426 1184 1481 1239 ln
1513 1184 1774 1254 profundo
1801 1185 1918 1252 fuit,
1936 1194 1991 1240 et

403 1286 494 1325 vas
524 1264 811 1328 testaceum
840 1291 943 1328 non
974 1276 1202 1330 Solutum
1230 1286 1314 1331 est
1344 1296 1358 1329 ι
1391 1275 1719 1347 naufragium
1747 1278 1902 1344 fecit,
1936 1287 1991 1333 et

402 1359 682 1417 thesaurus
712 1378 813 1417 non
842 1366 1016 1432 periit.
1041 1364 1198 1419 Navis
1221 1366 1495 1421 submersa
1521 1379 1620 1434 est,
1639 1377 1694 1424 et
1721 1383 1858 1441 onus
1873 1369 1989 1438 ejus

401 1454 685 1523 navigavit.
739 1454 987 1510 [labentes
1024 1468 1191 1510 autem
1234 1457 1542 1512 thesaurum.
1574 1459 1741 1526 Quem
1773 1460 1990 1514 thesau-

401 1562 520 1600 rum
545 1548 568 1600 ?
607 1547 837 1617 Spiritus
864 1560 1221 1605 commeatum
1243 1591 1256 1614 ,
1286 1550 1542 1620 justitiam
1563 1594 1578 1619 ,
1608 1552 1987 1609 sanctiﬁcatio—

401 1654 558 1702 uem,
605 1638 1046 1707 redemptionem.
1106 1641 1309 1710 Quem,
1358 1638 1576 1713 qumso,
1634 1643 1986 1699 thesaurum?

401 1728 467 1782 In
505 1731 705 1784 nomine
741 1730 867 1785 Jesu
910 1732 1122 1799 Christi,
1150 1750 1308 1805 surge
1339 1743 1385 1787 et
1414 1735 1616 1788 ambula
1639 1735 1772 1805 (Act.
1813 1736 1866 1789 ὅ.
1904 1734 1982 1805 6).

400 1818 592 1887 (Enen,
619 1832 766 1875 sanat
793 1833 839 1876 te
864 1822 1015 1876 Jesus
1045 1823 1276 1879 Christus
1305 1824 1440 1895 (Act.
1473 1825 1527 1880 9.
1557 1826 1675 1897 54).
1707 1824 1816 1879 Tibi
1835 1826 1948 1879 dico
1966 1865 1981 1890 ,

400 1913 619 1983 maligne
644 1915 869 1982 spiritus,
903 1917 983 1969 exi
1005 1917 1067 1969 ab
1087 1917 1297 1989 eo(.-ict.
1334 1917 1414 1972 16.
1452 1918 1570 1987 18).

462 2006 555 2059 12.
588 2007 686 2071 Qui
714 2023 857 2060 verus
886 2009 1180 2072 thesaurus;
1208 2009 1300 2062 dos
1326 2024 1528 2078 sponsa:
1553 2007 1758 2064 Christi.
1790 2037 1859 2048 —
1887 2007 1982 2062 Vi-

396 2097 519 2152 disti
549 2097 853 2152 thesaurum
884 2099 1043 2169 regiis
1074 2098 1339 2156 thesauris
1365 2099 1779 2171 splendidiorem
1803 2100 1826 2155 ?
1846 2099 1981 2166 Quid

397 2189 539 2244 enim
581 2189 683 2244 tale
726 2188 902 2244 facere
954 2205 1201 2260 umquam
1244 2193 1436 2259 poterit
1469 2192 1610 2261 regia
1664 2191 1979 2261 margarita,

396 2279 551 2348 quale
574 2278 730 2333 verba
753 2278 980 2347 apostoli
998 2278 1280 2335 ediderunt
1298 2280 1558 2350 ?App0ne
1580 2280 1858 2335 innumera
1878 2280 1983 2334 dia-

397 2370 610 2424 demata
637 2371 859 2425 mortuis
879 2412 892 2436 ,
924 2380 1102 2425 etnon
1129 2371 1503 2427 excitabuntur
1533 2390 1548 2426 :
1574 2387 1734 2426 unum
1755 2387 1820 2427 ex
1850 2386 1980 2442 apo-

399 2462 538 2517 stolo
567 2476 839 2531 egressum
866 2460 1087 2517 verbum
1115 2463 1365 2518 rebellem
1393 2472 1632 2519 naturain
1661 2463 1900 2531 reduxit,
1928 2473 1981 2519 ct

396 2553 448 2607 in
479 2551 757 2622 pristinum
787 2560 983 2607 statum
1024 2554 1275 2608 rcSIituit.
1306 2553 1561 2609 [labentes
1583 2564 1748 2609 autent
1776 2558 1980 2610 thesau-

395 2658 508 2694 rum
538 2644 671 2695 hunc
714 2642 790 2715 (2.
815 2642 932 2698 Cor.
961 2644 1014 2698 4.
1046 2644 1118 2710 7).
1147 2643 1190 2698 Ο
1212 2644 1457 2699 thesaure
1483 2646 1572 2716 qui
1605 2661 1709 2699 non
1740 2655 1983 2701 servatur

397 2733 608 2798 solum,
638 2734 729 2787 sed
754 2734 840 2803 qui
867 2744 1042 2789 servat
1070 2734 1285 2789 domum
1323 2736 1372 2789 in
1402 2752 1504 2806 qua
1533 2736 1836 2792 reconditur
1860 2739 1873 2791 ε
1898 2737 1981 2791 ln-

397 2825 645 2879 teliexisli
687 2825 813 2895 quid
855 2827 1135 2882 dixerim?
1181 2827 1355 2898 Reges
1395 2838 1548 2882 terrae
1578 2838 1634 2884 et
1680 2829 1977 2899 principes.

395 2932 515 2970 cum
545 2915 824 2971 thesauros
878 2917 1105 2981 habent,
1145 2934 1364 2989 magnas
1402 2928 1716 2974 construunt
1754 2920 1975 2987 domos,

396 3024 575 3061 muros
600 3023 810 3077 nempe,
835 3019 1034 3074 vectes,
1063 3009 1233 3073 fores,
1259 3009 1509 3065 custodes
1529 3052 1543 3076 ,
1574 3025 1723 3066 seras
1743 3052 1756 3075 ,
1792 3018 1849 3065 ut
1888 3026 1978 3065 cu-

392 3100 654 3155 stodiatur
688 3100 968 3156 thesaurus
992 3120 1006 3157 :
1031 3100 1274 3157 Christus
1303 3111 1478 3158 autem
1524 3104 1850 3158 contrarium
1897 3102 1978 3159 fe‘

394 3193 497 3258 cit;
530 3208 634 3247 non
683 3193 735 3247 in
764 3192 1007 3264 lapideo,
1036 3193 1129 3250 sed
1177 3193 1230 3248 in
1258 3203 1489 3249 testaceo
1516 3210 1640 3250 vase
1668 3194 1976 3251 thesaurum

392 3286 591 3356 posuit.
623 3285 679 3341 Si
709 3301 930 3356 magnus
954 3287 1234 3343 thesaurus
1259 3329 1273 3354 ,
1305 3302 1402 3342 cur
1427 3302 1518 3342 vas
1548 3285 1813 3342 inlirmum
1836 3287 1860 3341 ?
1881 3287 1976 3342 At-

391 3375 481 3446 qui
511 3376 631 3431 idco
660 3391 754 3432 vas
796 3376 1062 3431 inﬁrmum
1093 3379 1357 3447 est,_quia
1387 3392 1608 3449 magnus
1633 3386 1716 3434 est
1760 3378 1976 3434 thesau-

393 3480 491 3520 rus
520 3486 532 3522 :
565 3481 669 3521 non
694 3467 836 3523 enim
859 3477 1105 3522 servatur
1132 3483 1163 3522 a
1191 3482 1316 3522 vase
1334 3508 1348 3531 ,
1381 3468 1473 3522 sed
1497 3469 1609 3538 ipse
1639 3482 1730 3522 vas
1760 3483 1978 3523 conser-

337 3588 346 3601 ι
393 3566 507 3612 vat.
536 3558 649 3628 Ego
672 3561 976 3614 thesaurum
1006 3574 1166 3629 pono,
1195 3560 1313 3630 quis
1337 3575 1459 3615 cum
1482 3560 1726 3615 sull‘urari
1754 3570 1927 3631 potest
1954 3562 1977 3615 ἲ

391 3647 553 3704 Venit
591 3648 835 3705 diabolus
855 3692 869 3716 ,
903 3651 1047 3704 venit
1066 3651 1215 3706 orbis
1245 3659 1423 3718 terra},
1450 3662 1713 3706 venerunt
1739 3653 1977 3721 sexcenti

392 3740 669 3811 homines,
697 3751 749 3798 et
795 3743 1101 3798 thesaurum
1148 3758 1254 3797 non
1280 3742 1436 3798 furati
1463 3753 1605 3798 sunt.
1635 3744 1976 3815 Flagellatum

391 3845 476 3890 est
501 3850 592 3891 vas
612 3879 627 3903 ,
661 3845 715 3891 et
734 3836 1011 3892 thesaurus
1032 3853 1134 3893 non
1158 3837 1396 3906 proditus
1416 3846 1520 3892 est.
1554 3837 1865 3893 Demersum
1895 3848 1978 3893 cst

391 3927 447 3980 in
497 3942 645 3982 mare
666 3969 682 3994 ,
715 3936 768 3984 et
793 3928 1121 3999 naufragium
1156 3943 1260 3983 non
1305 3927 1448 3984 fecit.
1490 3929 1754 3985 Mortuum
1785 3937 1894 3997 est,
1924 3938 1979 3985 et

391 4016 678 4073 thesaurus
701 4028 896 4073 manet.
932 4019 1087 4074 Dedit
1114 4020 1271 4088 igitur
1318 4020 1699 4076 arrhabonem.
1753 4020 1974 4076 Ubinam

391 4118 517 4164 sunt
536 4110 624 4180 qui
648 4110 699 4163 in
721 4110 948 4179 Spiritus
968 4112 1295 4181 majestatem
1319 4112 1691 4183 blasphemant
1708 4113 1731 4165 ?
1747 4112 1975 4167 Mentem

392 4200 663 4256 adhibete.
694 4200 795 4265 Qui
828 4211 991 4254 autem
1022 4202 1289 4270 conﬁrmat
1327 4221 1419 4257 nos
1445 4204 1695 4258 vobiscum
1738 4205 1789 4257 in
1829 4203 1976 4258 Chri-

394 4303 531 4346 stum
560 4292 717 4358 Deus,
759 4294 845 4362 qui
872 4292 1007 4346 dedit
1035 4294 1368 4347 arrhabonem
1412 4294 1640 4364 Spiritus
1668 4295 1742 4365 (ἒ.
1774 4294 1890 4350 Cor.
1925 4298 1973 4349 1.

391 4383 482 4438 21.
512 4383 626 4455 22).
652 4382 809 4439 Scitis
847 4397 942 4437 vos
975 4397 1194 4448 omnes,
1240 4383 1591 4439 arrhabouem
1643 4396 1842 4454 partem
1869 4386 1979 4440 exi-

388 4492 547 4548 guam
566 4491 689 4532 esse
709 4476 877 4531 totius
904 4493 918 4529 :
948 4476 1072 4530 audi
1100 4475 1390 4546 quomodo.
1415 4476 1539 4530 Abit
1569 4477 1687 4546 quis
1705 4486 1995 4546 empturus.

392 4570 608 4625 domum
635 4570 806 4641 pretio
829 4568 999 4624 multo
1022 4609 1038 4637 ,
1081 4579 1137 4624 et
1161 4569 1290 4622 dicit
1317 4586 1330 4622 :
1367 4569 1437 4623 Da
1466 4569 1595 4623 mihi
1625 4569 1977 4625 arrhabohem

392 4676 491 4730 pro
509 4662 774 4717 cautione.
808 4660 933 4715 Abit
961 4659 1080 4730 quis
1129 4659 1403 4714 mulierem
1434 4659 1723 4726 ducturus,
1752 4660 1818 4715 de
1855 4660 1979 4716 dote

393 4764 443 4809 el
467 4755 533 4809 de.
565 4756 899 4810 facultatibus
928 4753 1231 4825 paciscitur,
1258 4753 1501 4808 ctdicit:
1536 4753 1606 4806 Da
1631 4754 1757 4807 mihi
1788 4754 1977 4808 arrha-

394 4845 604 4898 ὺυιιυηι.
632 4846 898 4900 Attende:
932 4845 982 4900 in
1013 4844 1261 4900 auctione
1287 4844 1426 4897 servi
1450 4842 1712 4909 arrhabo,
1745 4844 1980 4914 itemque

397 4937 450 4993 in
481 4939 728 4992 omnibus
773 4939 1132 4994 commerciis.
1164 4937 1296 4992 Cum
1345 4937 1521 5007 itaque
1563 4937 1803 4991 Christus
1827 4948 1978 5006 pacta

395 5032 671 5085 nobiscum
712 5030 873 5085 inibat
907 5031 1013 5100 (me
1045 5031 1241 5086 etenim
1272 5030 1406 5084 sicut
1428 5042 1678 5098 sponsam
1723 5036 1838 5082 erat
1874 5026 1978 5082 du-

395 5122 624 5194 cturus),
647 5121 775 5176 mihi
797 5121 955 5176 etiam
977 5121 1155 5177 dotem
1180 5120 1454 5186 adscribit,
1476 5135 1579 5174 non
1607 5120 1864 5189 pecuniat,
1884 5118 1978 5174 sed

394 5215 707 5286 sanguinis._
725 5213 911 5269 Dotem
943 5228 1069 5269 vero
1092 5212 1219 5267 mihi
1247 5212 1501 5267 adscribit
1526 5211 1854 5283 largitionem
1878 5211 1977 5265 bo-

396 5322 584 5363 norum
609 5348 623 5372 ,
657 5305 786 5373 Qua:
811 5305 987 5359 oculus
1011 5321 1112 5358 non
1145 5304 1266 5387 vidit
1286 5343 1301 5367 ,
1322 5313 1369 5357 et
1394 5304 1532 5356 auris
1552 5318 1652 5356 non
1676 5303 1866 5355 audivit
1886 5342 1902 5368 ,
1931 5311 1978 5355 et

395 5401 446 5452 in
476 5415 563 5452 cor
589 5398 806 5451 hominis
826 5413 926 5452 non
946 5395 1276 5450 ascenderunt
1302 5393 1377 5466 (ι.
1399 5391 1519 5448 Cor.
1544 5391 1598 5447 2.
1620 5389 1697 5464 9).
1723 5391 1778 5446 In
1800 5391 1978 5447 dotem

398 5491 556 5560 igitur
581 5488 863 5559 adscripsit
904 5487 1352 5542 immortalitatem
1373 5525 1389 5551 ,
1438 5484 1647 5539 laudem
1673 5501 1794 5540 cum
1819 5497 1980 5552 ange-

400 5584 490 5647 lis,
521 5583 907 5637 immunitatem
934 5596 964 5635 a
990 5589 1190 5643 morte,
1224 5577 1520 5632 libertatem
1546 5593 1574 5630 a
1595 5584 1809 5645 peccato
1828 5616 1842 5642 ,
1881 5575 1979 5629 he-

401 5677 681 5732 reditatem
736 5675 882 5746 regni
930 5672 1193 5744 (ingentes
1239 5678 1363 5725 sunt
1402 5668 1642 5740 divititr),
1684 5669 1976 5738 justitiam,

401 5769 905 5835 sattctiticationem,
946 5765 1315 5822 liberationem
1347 5779 1376 5818 a
1425 5762 1807 5833 praesentibus,
1842 5760 1980 5817 iutu-

1128 341 1192 397 S.
1234 342 1509 399 JOANNIS
1550 340 2017 397 CllllYSOSTUMl
2058 340 2375 399 AllCllllﬁP.
2417 345 2942 405 CONSTANTINOP.

3582 345 3689 402 408

2102 471 2287 511 rerum
2317 457 2671 529 adeptionem.
2694 460 2882 531 Magna
2911 459 3038 514 mihi
3067 459 3164 515 dos
3191 470 3323 516 erat.
3355 461 3587 517 Attende
3611 464 3691 517 di-

2099 547 2328 617 ligenter
2356 566 2371 604 :
2403 549 2523 605 vide
2553 552 2677 620 quid
2724 552 2900 606 faciat.
2943 551 3099 605 Venit
3131 563 3408 622 acceptum
3441 556 3691 609 meretri—

2096 652 2211 692 cem
2232 680 2247 705 ,
2278 638 2357 694 sic
2386 654 2502 694 eam
2534 655 2668 696 voco
2695 682 2710 707 ,
2762 641 2905 711 quod
2956 650 3100 696 esset
3140 643 3346 711 impura
3368 683 3383 710 ,
3413 655 3472 698 ut
3506 647 3689 716 sponsi

2103 742 2339 783 amorem
2356 730 2581 786 ediscas.
2608 732 2780 794 Venit,
2800 735 3005 802 accepit
3020 720 3127 801 me,
3143 733 3322 789 dotem
3344 735 3473 789 mihi
3496 737 3693 792 adscri-

2097 819 2219 887 psit.
2245 819 2396 887 Dicit,
2416 823 2493 875 Do
2518 822 2610 876 tibi
2639 822 2847 877 divitias
2869 823 3688 896 ineas.Quomodo?Perdidisti,

2097 910 2300 980 inquit,
2333 912 2680 981 paradisum?
2713 915 2895 984 accipe
2934 915 3100 968 illutn.
3138 915 3453 981 Perdidisti,
3486 918 3688 988 inquit,

2094 1000 2358 1057 formam?
2377 1005 2560 1074 accipe
2590 1006 2750 1059 illam.
2784 1007 2907 1061 Huic
2933 1008 3110 1062 omnia
3133 1009 3335 1077 accipe.
3371 1010 3569 1066 Verum
3591 1013 3691 1068 dos

2094 1108 2210 1147 mea
2243 1094 2325 1148 hic
2345 1096 2471 1149 mihi
2496 1112 2599 1149 non
2616 1097 2793 1150 datur.

2167 1185 2253 1238 15.
2288 1185 2523 1240 Adverte
2544 1188 2798 1252 animum,
2819 1199 3144 1258 quapropter
3171 1189 3309 1245 hanc
3335 1191 3513 1248 dotem
3543 1210 3685 1264 prm-

2093 1273 2239 1329 dicit.
2269 1275 2393 1330 Mihi
2421 1278 2469 1330 in
2494 1277 2669 1332 dotem
2700 1278 2986 1348 adscripsit
3016 1282 3464 1337 resurrectionem
3493 1298 3688 1354 corpo-

2092 1382 2210 1421 rum
2238 1377 2292 1422 et
2336 1369 2814 1439 incorruptionem.
2845 1370 3313 1427 llesurrcctionetu
3349 1375 3547 1444 quippe
3577 1393 3682 1430 non

2092 1461 2397 1514 necessario
2424 1462 2665 1530 sequitur
2706 1462 3068 1531 iucorruptio,
3094 1463 3188 1518 sed
3218 1463 3334 1518 lucc
3364 1466 3469 1520 duo
3509 1481 3682 1523 erant.

2097 1552 2169 1606 At
2185 1549 2330 1607 enim
2342 1550 2499 1608 multi
2518 1564 2949 1620 rcsurrexerunt,
2968 1563 3019 1609 et
3050 1569 3235 1609 rursus
3261 1555 3498 1611 defuncti
3524 1570 3680 1614 sunt:

2093 1625 2541 1712 quemadmodum
2567 1642 2799 1698 Lazarus
2833 1652 2887 1698 ct
2924 1659 3149 1715 corpora
3201 1655 3531 1703 sanctorum.
3580 1648 3683 1704 γε·-

2090 1749 2206 1787 rum
2235 1733 2320 1787 hic
2341 1748 2445 1788 non
2473 1735 2753 1790 similiter:
2784 1735 2879 1790 sed
2909 1736 3355 1793 resurrectionem
3390 1742 3680 1808 promittit,

2089 1822 2573 1894 incorruptionem,
2616 1824 2840 1881 choreas
2882 1841 3004 1881 cum
3047 1828 3284 1895 angelis,
3329 1829 3449 1884 Filii
3496 1846 3685 1886 occur—

2086 1927 2202 1968 sum
2245 1914 2298 1968 in
2339 1912 2586 1980 nubibus,
2634 1914 2701 1968 Et
2738 1916 2811 1969 sic
2847 1931 3043 1987 semper
3081 1933 3196 1970 cum
3235 1916 3458 1974 Domino
3495 1923 3680 1977 erimus

2089 2006 2162 2076 (1.
2218 2003 2397 2060 Thess.
2444 2005 2501 2061 4.
2530 2005 2645 2076 17),
2677 2006 3003 2076 ereptionem
3028 2011 3057 2061 a
3088 2018 3294 2075 morte,
3324 2010 3621 2065 libertatem
3646 2028 3676 2066 a

2046 2168 2047 2171 η
2087 2105 2343 2166 peccato,
2393 2097 2784 2153 demersionem
2839 2098 3104 2154 interitus.
3155 2099 3319 2169 Quale
3373 2102 3501 2156 illud
3546 2105 3679 2158 est?

2089 2186 2279 2242 Oculus
2300 2205 2400 2243 non
2420 2189 2572 2255 vidit,
2602 2205 2691 2243 nec
2717 2189 2856 2243 auris
2877 2190 3102 2256 audivit,
3135 2207 3225 2245 nec
3247 2190 3300 2244 in
3327 2208 3415 2244 cor
3455 2193 3675 2247 hominis

2084 2279 2411 2333 ascenderunt
2447 2296 2535 2346 ea,
2578 2295 2693 2350 qua:
2727 2280 3030 2349 praeparavit
3071 2279 3208 2334 Deus
3251 2279 3575 2351 diligentibus
3617 2300 3671 2337 se

2087 2369 2165 2440 (1.
2197 2368 2315 2424 Cor.
2355 2369 2408 2424 Ξ.
2453 2371 2533 2435 9).
2586 2370 2803 2433 Bonane
2858 2370 2988 2425 mihi
3040 2370 3133 2425 das
3184 2388 3301 2442 qua:
3352 2388 3458 2426 non
3500 2375 3671 2427 novi?

2084 2461 2258 2522 Etiam
2278 2500 2293 2524 ,
2326 2462 2399 2515 ait
2431 2479 2443 2515 :
2476 2462 2561 2517 hic
2592 2470 2642 2516 lc
2679 2461 2980 2531 despouso,
3011 2461 3096 2517 hic
3124 2477 3208 2516 me
3232 2478 3368 2517 ama.
3408 2464 3518 2518 Cur
3538 2464 3670 2518 mihi

2084 2566 2192 2607 non
2227 2554 2312 2607 hic
2337 2552 2513 2608 dotem
2543 2551 2705 2607 tradis
2734 2551 2757 2605 ?
2797 2552 2930 2607 Cum
2970 2552 3035 2607 ad
3068 2552 3275 2606 Patrem
3309 2568 3485 2607 meum
3514 2568 3674 2608 vene-

2082 2642 2156 2697 ris
2174 2682 2188 2707 ,
2216 2657 2335 2697 cum
2359 2644 2569 2698 veneris
2593 2644 2643 2697 in
2673 2642 2816 2712 regia
2842 2643 2995 2697 atria.
3030 2643 3141 2711 Ego
3170 2643 3236 2697 ad
3264 2651 3314 2697 te
3338 2643 3489 2709 veni,
3523 2658 3590 2698 an
3618 2653 3673 2698 tu

2082 2734 2150 2789 ad
2182 2750 2267 2790 me
2294 2735 2318 2789 ?
2349 2735 2480 2790 Vetti
2512 2750 2615 2790 non
2639 2746 2695 2791 ut
2724 2735 2809 2790 hic
2831 2750 3068 2801 maneas,
3102 2736 3196 2789 sed
3224 2745 3280 2789 ut
3310 2745 3361 2790 te
3380 2751 3669 2799 assumam,

2082 2835 2136 2883 et
2159 2829 2464 2884 ascendam.
2505 2827 2583 2884 Ne
2612 2828 2698 2885 hic
2736 2843 2943 2898 quaeras
2991 2827 3200 2894 dotem;
3249 2829 3427 2883 omnia
3460 2829 3512 2883 in
3543 2844 3668 2898 spe,

2082 2920 2261 2974 omnia
2311 2920 2363 2973 in
2394 2918 2535 2975 .ﬁde.
2584 2919 2795 2974 Nihilne
2847 2918 2934 2973 hic
2963 2917 3059 2973 das
3101 2918 3230 2973 mihi
3260 2920 3284 2973 ?
3316 2919 3621 2989 Respondet
3652 2935 3668 2967 τ

2081 3012 2278 3083 Accipe
2301 3011 2680 3077 arrhaboncm,
2701 3019 2757 3065 ut
2785 3010 2913 3064 mihi
2940 3010 3006 3065 de
3031 3010 3206 3065 futuro
3228 3010 3419 3064 credas
3447 3028 3459 3063 :
3487 3012 3673 3079 accipe

2091 3102 2341 3172 pignora,
2372 3101 2554 3170 accipe
2602 3101 2888 3169 Sponsalia.
2937 3099 3061 3155 ideo
3115 3100 3314 3155 Paulus
3354 3100 3516 3168 dicit,
3565 3100 3673 3185 De;

2080 3195 2263 3265 spondi
2289 3195 2419 3249 enim
2440 3212 2524 3250 vos
2547 3194 2621 3266 (2.
2647 3194 2763 3248 Cor.
2790 3195 2875 3249 11.
2895 3194 2977 3264 Ξ).

2154 3288 2321 3353 Quam
2343 3297 2542 3358 pra'stet
2568 3288 2669 3341 rita
2699 3287 2870 3356 futura
2894 3286 3145 3357 prtcsenti.
3172 3315 3241 3326 —
3261 3284 3368 3341 Ceu
3398 3287 3666 3356 sponsalia

2081 3380 2297 3437 tradidit
2326 3368 2480 3437 nobis
2512 3380 2651 3434 Deus
2679 3379 2955 3450 prresentia
2996 3378 3165 3440 bona;
3209 3378 3480 3448 sponsalia
3508 3388 3562 3433 et
3589 3380 3667 3447 pi-

2079 3487 2215 3543 gnus
2243 3481 2368 3528 sunt
2391 3473 2670 3543 prtesentia
2705 3471 2840 3526 :dos
2864 3479 2968 3524 tota
3002 3470 3105 3524 illic
3130 3478 3331 3527 manet.
3349 3470 3671 3537 Quomodo?

2081 3579 2180 3634 ego
2204 3563 2398 3618 dicam.
2430 3562 2522 3617 ilic
2545 3576 2799 3622 scnesco,
2834 3561 2942 3615 illic
2968 3577 3074 3615 non
3123 3574 3383 3624 senesco;
3416 3560 3502 3614 hic
3548 3576 3669 3615 mo-

2080 3656 2222 3720 rior,
2256 3653 2364 3708 illic
2388 3668 2499 3709 non
2527 3654 2756 3717 morior;
2790 3651 2877 3707 hic
2905 3652 3093 3716 doleo,
3120 3651 3227 3706 illic
3253 3665 3358 3706 non
3392 3651 3550 3716 item;
3584 3652 3672 3705 hic

2082 3754 2392 3815 paupertas,
2420 3743 2641 3798 morbus
2660 3782 2675 3808 ,
2705 3742 2941 3806 insidiae,
2972 3741 3079 3795 illic
3101 3740 3228 3795 nihil
3258 3740 3557 3808 ejusmodi;
3584 3741 3671 3794 hic

2082 3836 2316 3892 tenebrae
2335 3841 2389 3889 et
2408 3834 2531 3897 lux,
2557 3833 2661 3887 illic
2687 3833 2773 3887 lux
2805 3840 3043 3897 tantum;
3078 3831 3164 3886 hic
3184 3831 3389 3885 insidia:
3409 3872 3425 3897 ,
3461 3830 3570 3884 illic
3601 3830 3668 3884 lio

2080 3928 2293 3993 bertas;
2319 3926 2406 3981 hic
2433 3925 2682 3990 morbus,
2711 3924 2814 3979 illic
2840 3923 3070 3986 sanitas;
3094 3921 3178 3976 bic
3200 3923 3302 3975 vita
3323 3962 3338 3988 ,
3361 3936 3480 3991 qua:
3511 3922 3670 3974 linem

2084 4019 2278 4084 habet,
2301 4018 2411 4074 illic
2438 4017 2544 4071 vita
2565 4057 2580 4082 ,
2604 4032 2723 4086 quae
2758 4030 2864 4069 non
2891 4014 3052 4068 habet
3072 4014 3393 4077 terminum;
3427 4012 3512 4066 hic
3544 4026 3673 4080 pec-

2081 4120 2291 4176 catum,
2317 4109 2426 4165 illic
2441 4108 2643 4179 jus-:itia
2663 4148 2676 4169 ,
2696 4114 2968 4176 peccatum
2990 4119 3115 4159 vero
3137 4118 3422 4172 numquam
3443 4119 3457 4167 ;
3483 4102 3568 4156 hic
3593 4102 3667 4155 in-

2084 4204 2247 4271 vidia,
2270 4203 2377 4258 illic
2397 4201 2529 4256 nihil
2556 4200 2747 4255 simile.
2777 4198 2900 4252 llmc
2922 4197 3048 4251 mihi
3067 4196 3212 4262 dato,
3246 4195 3433 4266 inquit.
3461 4195 3665 4265 Exspe~

2081 4305 2195 4363 cta,
2218 4304 2275 4351 ut
2298 4303 2351 4349 et
2374 4292 2617 4349 conservi
2664 4292 2734 4345 tui
2764 4290 2894 4344 salvi
2928 4289 3054 4343 ﬁant
3083 4306 3097 4342 :
3130 4298 3398 4357 exspecta.
3425 4287 3524 4354 Qui
3570 4300 3672 4340 nos

2081 4385 2394 4450 conﬁrmat,
2422 4382 2565 4438 dedit
2608 4382 2762 4436 nobis
2786 4380 3160 4435 arrhabonem.
3199 4379 3366 4446 Quem
3418 4378 3673 4431 arrhabo-

2083 4493 2204 4533 nem
2231 4477 2254 4530 ἲ
2282 4476 2534 4546 Spiritum
2567 4486 2806 4528 sanetum
2824 4513 2838 4537 ,
2864 4470 3095 4541 Spiritus
3119 4470 3285 4525 sancti
3316 4468 3537 4524 donum.
3565 4468 3673 4523 Sed

2082 4572 2149 4627 de
2170 4572 2367 4640 Spiritu
2387 4560 2596 4638 loquor.
2614 4567 2879 4621 Annulum
2896 4565 3041 4620 dedit
3055 4564 3308 4634 apostolis
3322 4562 3540 4616 dicens:
3560 4562 3671 4615 Ac-

2083 4664 2260 4734 cipite,
2280 4671 2335 4716 et
2355 4661 2476 4716 date
2494 4658 2758 4714 omnibus.
2781 4657 3089 4712 Annulusne
3114 4656 3165 4709 in
3181 4664 3356 4725 partes
3373 4653 3634 4707 scinditur
3650 4655 3675 4707 2

2084 4754 2141 4810 1η
2175 4763 2349 4824 partes
2365 4750 2625 4808 scinditur
2642 4789 2657 4815 ,
2681 4764 2780 4804 nec
2806 4748 3088 4812 dividitur;
3120 4747 3173 4799 in
3192 4755 3368 4815 partes
3389 4744 3671 4806 scinditur,

2084 4862 2183 4902 nec
2202 4845 2516 4901 absumitur.
2552 4844 2705 4898 Disce
2718 4842 2943 4912 Spiritus
2962 4840 3182 4897 donum.
3214 4837 3435 4907 Accepit
3456 4837 3673 4902 Petrus,

2083 4939 2284 5007 accepit
2311 4945 2365 4992 et
2391 4936 2588 4991 Paulus
2607 4934 2858 5005 Spiritum
2876 4942 3137 4986 sanctum.
3157 4929 3428 4984 Circuibat
3446 4929 3632 4985 orbem
3656 4971 3671 4992 ,

2085 5038 2391 5099 peccatores
2419 5040 2448 5079 a
2472 5032 2689 5097 peccato
2711 5023 2963 5079 liberabat
2992 5038 3007 5075 :
3031 5020 3254 5076 claudos
3280 5020 3550 5089 erigebat,
3576 5036 3647 5073 nu
3663 5050 3676 5057 -

2087 5121 2185 5176 dos
2212 5119 2498 5184 induebat,
2530 5126 2769 5172 mortuos
2813 5113 3130 5177 suscitabat,
3178 5112 3421 5182 leprosos
3451 5111 3675 5166 munda-

2085 5211 2175 5265 bat
2194 5250 2208 5275 ,
2230 5209 2440 5264 diabolo
2468 5221 2530 5262 os
2549 5205 2831 5262 obturabat
2848 5244 2864 5271 ,
2895 5204 3168 5277 daemonas
3193 5202 3491 5257 sull'ocabat
3507 5243 3523 5267 ,
3548 5217 3672 5257 cum

2087 5302 2197 5355 Deo
2224 5301 2571 5369 loquebatur,
2604 5298 2895 5353 Ecclesiam
2939 5296 3228 5365 plantavit,
3259 5296 3454 5364 templa
3477 5295 3671 5359 diruit,

2085 5391 2271 5447 altaria
2292 5391 2515 5454 evertit,
2567 5388 2823 5444 malitiam
2862 5387 3056 5453 solvit,
3085 5386 3336 5441 virtutem
3380 5386 3673 5454 plantavit,

2086 5484 2328 5539 homines
2353 5481 2569 5551 angelos
2608 5480 2750 5535 fecit.

2160 5574 2249 5629 H.
2278 5573 2401 5627 Haec
2427 5570 2605 5625 omnia
2633 5583 2865 5625 eramus.
2892 5568 3017 5623 llzec
3053 5565 3211 5622 arrha
3241 5566 3479 5637 implevit
3505 5573 3676 5619 totum

2087 5666 2270 5721 orbem
2321 5674 2601 5718 terrarum.
2641 5661 2776 5715 Cum
2820 5659 2953 5721 ,dico
3007 5666 3214 5723 totum,
3269 5667 3463 5711 terram
3512 5655 3674 5715 dico,

2087 5767 2336 5831 quantam
2365 5756 2445 5813 sol
2471 5754 2717 5827 respicit,
2750 5767 2897 5810 mare
2917 5795 2932 5823 ,
2970 5751 3192 5824 insulas,
3220 5763 3451 5818 montes,
3484 5750 3669 5814 saltus,

3606 5922 3615 5948 \
