4100 6196
378 303 481 356 m

367 413 508 469 ἀλλά
536 409 836 480 Πνεύματι.
875 408 997 469 Πῶς
1023 405 1374 476 ὀστράκινον;
1400 397 1689 465 Πεντάκις
1709 411 1940 452 ’τεσσα-

364 505 633 577 ράκοντα
685 500 846 571 παρὰ
887 501 1034 570 μίαν
1071 499 1320 559 ἔλαϐον,
1357 495 1480 564 τρίς
1529 490 1942 563 ὲρῤαϐδίσθην,

367 597 534 660 ἅπαξ
558 593 906 660 ἐλιθάσθην,
936 591 1030 646 καὶ
1056 589 1118 644 τὸ
1138 589 1455 661 ὀπράκινον
1478 583 1670 672 σκεῦος
1697 582 1760 636 οὐ
1788 596 1947 672 κατε-

368 685 600 756 κλάσθη.
633 683 1027 752 Νυχοήμερον
1057 680 1128 734 ἐν
1166 678 1246 744 τῷ
1266 675 1439 744 ,Βυθῷ
1480 674 1796 740 πεποίηκα.
1856 671 1948 726 Ἐν

369 777 449 848 τῷ
477 773 626 848 βυθῷ
653 772 978 843 πεποίηκεν,
1021 770 1116 824 καὶ
1143 765 1554 839 τδ,ὀστράκινον
1593 763 1654 817 οὐ
1689 760 1904 832 διελύθη
1928 777 1943 792 ·

375 866 680 938 ὲναυάγησε
705 904 720 930 ,
752 863 846 918 καὶ
875 865 905 917 6
937 860 1210 934 θησαυρὸς
1241 859 1342 913 οῦκ
1370 854 1644 912 ἀπώλετο·
1675 851 1737 906 τὸ
1765 851 1947 904 πλοῖον

377 957 723 1030 ὑποϐρύχιον,
753 955 846 1010 καὶ
865 957 894 1009 6
914 954 1110 1026 φόρτος
1138 951 1418 1006 ἔπλευσεν.
1444 950 1729 1017 Ἔχοντες
1749 943 1818 998 δὲ
1841 941 1949 997 τὸν

371 1049 704 1122 θησαυρόν.
753 1049 913 1103 Ποῖον
955 1044 1265 1118 θησαυρὸνς
1298 1041 1616 1112 Πνεύματος
1661 1035 1944 1109 χορηγίαν,

365 1141 740 1212 δικαιοσύνην,
789 1136 1086 1208 ἀγιασμὸν,
1133 1133 1531 1204 ἀπολύτρωσιν.
1581 1131 1778 1193 Ποῖον;
1826 1125 1948 1179 εἰπέ

371 1255 484 1310 μοι.
527 1237 635 1290 Ἐν
665 1233 745 1300 τῷ
774 1232 1020 1300 ὀνόματι
1052 1227 1250 1296 Ἰησοῦ
1277 1223 1559 1294 Χριστοῦ,
1597 1223 1813 1292 ἐγείραι
1848 1217 1948 1310 καί

367 1309 698 1399 ἐιεριπάτει.
720 1322 923 1386 Αἰνέα,
951 1319 1106 1376 ἰᾶταί
1131 1332 1204 1374 σε
1235 1316 1464 1386 Ἰησοῦς
1487 1317 1520 1369 ό
1542 1311 1815 1381 Χριστός.
1844 1309 1948 1364 Σοί

366 1423 546 1494 λέγω,
576 1419 646 1474 τὸ
674 1415 945 1485 πονηρὸν
967 1411 1223 1481 πνεῦμα,
1244 1408 1470 1474 ἄπελθε
1497 1406 1600 1461 ἀπ’
1631 1401 1839 1458 αὐτοῦ.

445 1491 534 1585 ιβ’.
555 1507 709 1574 Εἶδες
729 1506 1002 1580 θησαυρὸν
1025 1499 1317 1576 βασιλικῶν
1336 1495 1627 1569 θησαυρῶν
1645 1491 1949 1585 λαμπρότε-

371 1580 495 1680 ρονς
519 1601 586 1656 Τί
613 1603 721 1672 γάρ
735 1597 974 1652 τοιοῦτον
987 1594 1208 1649 δύναται
1225 1583 1834 1680 ποιήσειν-μαργαρίτῃς

368 1671 584 1759 σιλέως,
602 1671 715 1747 οἷον
730 1692 795 1762 ρή
805 1682 1323 1762 ματαἈποστόλου;
1341 1677 1558 1740 Ἐπίθες
1575 1673 1743 1746 μυρία
1761 1671 1945 1762 διαδή-

371 1806 524 1862 ματα
551 1759 793 1856 νεκρῶν,
806 1759 902 1834 καὶ
925 1778 1026 1830 οὐκ
1050 1773 1350 1862 ἐγείρεται·
1384 1767 1442 1823 ἓν
1470 1766 1528 1862 δὲ
1555 1765 1706 1862 ῥῆμα
1725 1759 1947 1862 ἐξῆλθεν

378 1856 729 1940 λΛποστόλου,
753 1873 848 1930 καὶ
863 1865 1255 1930 στασιάζουσαν
1287 1861 1385 1933 τὴν
1415 1859 1576 1928 φύσιν
1604 1856 1943 1926 ἐπανήγαγε,

375 1969 475 2022 καὶ
507 1967 639 2038 πρδς
674 1965 733 2018 τὸ
769 1963 996 2034 ἀρχαῖον
1033 1955 1494 2022 ἀποκατέστησεν.
1534 1947 1823 2018 Ἔχοντες
1877 1944 1946 1998 δὲ

376 2061 487 2116 τὸν
516 2056 816 2125 θησαυρὸν
851 2052 1088 2128 τοῦτον.
1123 2048 1189 2102 Ὢ
1217 2044 1488 2118 θησαυρὸς
1521 2042 1583 2096 ού
1612 2038 1947 2112 ’πηρούμενος

372 2135 556 2223 μόνον,
595 2149 729 2203 ἀλλά
765 2145 862 2200 καὶ
890 2141 1070 2214 τηρῶν
1105 2140 1202 2193 τὸν
1237 2133 1406 2200 οἶκον,
1455 2132 1586 2188 ἔνθα
1630 2131 1941 2186 ἀπόκειται.

363 2243 618 2313 Συνῆκας
643 2240 696 2294 τί
725 2232 876 2291 εἷπον
899 2251 914 2302 ;
944 2235 1010 2288 Οἱ
1034 2231 1275 2303 βασιλεῖς
1305 2229 1404 2298 τῆς
1428 2227 1534 2297 γῆς
1559 2226 1653 2280 καὶ
1677 2226 1726 2278 οἱ
1748 2223 1946 2294 ἄρχον-

359 2353 476 2399 τες,
506 2335 636 2388 ὅταν
665 2330 830 2401 έχωσι
858 2323 1188 2397 θησαυροὺς,
1239 2319 1503 2391 μεγάλους
1548 2319 1731 2378 οἴκους
1773 2329 1944 2367 κατα-

364 2427 746 2490 σκευάζουσιν,
781 2415 892 2474 οἷον
934 2416 1181 2488 τοίχους,
1229 2411 1458 2484 μοχλοὺς
1483 2451 1498 2475 ,
1527 2408 1728 2478 θύρας,
1772 2404 1942 2476 φύλα-

360 2537 472 2582 κας
495 2557 512 2583 ,
558 2515 786 2584 κλεῖθρα
812 2551 825 2574 ,
855 2511 943 2564 ἵνα
986 2505 1200 2580 τηρηθῇ
1233 2507 1264 2558 6
1303 2501 1604 2573 θησαυρός·
1646 2501 1674 2552 6
1711 2497 1942 2569 Χριστὸς

363 2612 426 2666 δὲ
478 2606 792 2663 τούναντίον
845 2600 1132 2669 ἐποίησεν·
1183 2596 1283 2650 οὐκ
1340 2597 1396 2647 ἐν
1449 2591 1636 2662 λιθίνῳ
1660 2633 1674 2653 ,
1715 2590 1830 2645 ἀλλ’
1885 2589 1942 2642 ὲν

363 2699 675 2771 ὀστρακίνῳ
709 2694 894 2750 σκεύει
923 2692 1016 2745 τδν
1047 2687 1319 2761 θησαυρὸν
1359 2685 1571 2764 έθηκεν.
1601 2683 1664 2736 Εί
1697 2682 1869 2752 μέγας
1915 2681 1944 2733 ὁ

329 2789 677 2863 -θτβαυρὸς,
737 2785 826 2838 διὰ
871 2782 924 2836 τί
971 2781 1032 2835 τὸ
1079 2777 1272 2841 σκεῦος
1327 2773 1584 2840 ἀσθενές;
1646 2771 1806 2826 Ἀλλά
1868 2771 1942 2840 μὴ

361 2885 456 2941 διὰ
497 2882 655 2936 τοῦτο
710 2876 934 2940 ἀσθενές
987 2873 1050 2927 τὸ
1091 2871 1300 2934 σκεῦος,
1336 2867 1535 2943 ¹ἐπειδὴ
1572 2865 1745 2938 μέγας
1781 2866 1810 2917 6
1845 2865 1942 2936 θη-

362 2975 600 3046 σαυρός·
651 2973 712 3026 οὐ
761 2970 870 3042 γάρ
918 2969 1162 3038 τηρεῖται
1211 2963 1318 3017 ὑπὸ
1369 2960 1460 3015 τοῦ
1511 2959 1774 3022 σκεύους,
1827 2956 1944 3010 ἀλλ’

365 3055 532 3131 (ri-.6;
583 3066 740 3134 τηρεῖ
784 3061 845 3114 τὸ
899 3059 1110 3118 σκεῦος.
1176 3055 1380 3124 Τίθημι
1434 3051 1544 3122 ἐγὼ
1599 3051 1690 3104 τὸν
1741 3050 1943 3120 θησαυ-

365 3163 484 3236 ρὸν,
517 3159 600 3222 τίς
625 3157 850 3210 δύναται
891 3151 1082 3205 λοιπὸν⁴
1109 3147 1338 3218 κλέψαη
1372 3143 1574 3199 *Ηλθεν
1602 3145 1632 3197 ὅ
1677 3143 1940 3208 διάϐολος,

360 3250 529 3326 ἦλθεν
559 3248 930 3322 ήοίκουμένη,
971 3240 1133 3316 ἦλθον
1165 3240 1382 3314 μυρίοι,
1429 3238 1522 3294 καὶ
1550 3238 1641 3292 τὸν
1669 3235 1942 3308 θησαυρὸν

359 3345 467 3400 οὐκ
492 3341 743 3411 ἔκλεψαν·
771 3335 1089 3410 ὲμαστίχθη,
1114 3333 1207 3387 καὶ
1231 3334 1260 3386 6
1279 3329 1549 3402 θησαυρὸς
1571 3329 1632 3382 ού
1656 3327 1938 3400 προεδόθηο

360 3429 765 3498 κατεποντίσθη
797 3429 877 3490 είς
904 3425 1199 3486 θάλασσαν,
1231 3421 1324 3476 καὶ
1347 3420 1600 3485 ναυάγιον
1627 3418 1728 3472 οὐκ
1755 3417 1944 3488 ὲποίη-

367 3541 482 3580 σεν·
512 3521 770 3586 ἀπέθανε,
810 3517 902 3571 καὶ
932 3518 961 3569 6
991 3513 1262 3586 θησαυρὸς
1303 3511 1472 3582 μένει.
1523 3509 1730 3564 Ἔδωκε
1763 3507 1941 3562 τοίνυν

362 3616 458 3670 τὸν
477 3611 794 3685 ἀρραϐῶνα.
821 3607 931 3662 Ποῦ
957 3608 1095 3661 είσιν
1117 3605 1166 3658 οἱ
1194 3602 1290 3657 τοῦ
1325 3601 1640 3674 Πνεύματος
1659 3601 1758 3670 τὴν
1785 3598 1942 3665 ἀξίαν

366 3701 848 3776 βλασφημοῦντες;
899 3696 1222 3770 Προσέχετε.
1274 3695 1334 3748 '0
1386 3693 1455 3747 δὲ
1490 3691 1754 3757 βεϐαιῶν
1786 3689 1942 3760 ἡμᾶς

361 3797 489 3852 σὺν
519 3793 663 3864 ὑμῖν
687 3793 774 3857 εὶς
803 3789 1060 3860 Χριστὸν
1080 3789 1244 3854 Θεὸς,
1271 3790 1303 3842 ό
1327 3786 1424 3840 καί
1463 3785 1608 3852 δοὺς
1641 3785 1748 3839 τὸν
1768 3785 1945 3852 ἀρῤαη

361 3887 525 3945 σὼνα
556 3882 665 3938 τοῦ
709 3882 1075 3950 Πνεύματος.
1125 3879 1274 3933 Ἷστε
1322 3877 1523 3941 πάντες
1571 3877 1750 3947 ὑμεῖς,
1793 3877 1884 3930 ὅτι.
1916 3877 1945 3928 6

362 3977 626 4056 ἀρραϐὼν
651 3977 814 4049 μέρος
839 3975 955 4029 ἐστὶ
983 3972 1178 4045 μικρὸν
1199 3973 1293 4026 τοῦ
1323 3969 1524 4034 παντός
1545 3982 1560 3997 ⁸
1587 3970 1734 4033 ὃπως
1756 3968 1939 4021 ἄκουε.

377 4070 705 4144 Ἀπέρχεταί
744 4085 826 4132 τις
854 4067 1123 4138 ἀγοράσαι
1162 4063 1337 4120 οἰκίαν
1373 4063 1575 4134 πολλῆς
1616 4063 1815 4132 τιμῆς,
1849 4061 1945 4114 καὶ

364 4164 538 4229 λέγει·
565 4161 667 4225 Δός
690 4177 780 4232 μοι
806 4155 1120 4230 ἀρραϐῶνα,
1149 4156 1237 4211 ἵνα
1268 4155 1475 4228 θαρρῶ.
1521 4151 1841 4225 Ἀπέρχεταί
1862 4168 1944 4214 τις

364 4257 601 4324 γυναῖκα
657 4251 993 4322 ἀγαγέσθαι,
1061 4251 1264 4321 προῖκα
1320 4245 1601 4317 συντίθησι
1651 4245 1747 4298 καὶ
1803 4243 1935 4315 πρά.

369 4363 551 4418 γματα
572 4357 623 4408 ιι,
653 4344 746 4396 καὶ
772 4341 954 4411 λέγει·
973 4339 1073 4402 Δός
1109 4356 1198 4409 μοι
1229 4337 1543 4410 ἀρραϐῶνα.
1567 4336 1830 4408 Πρόσχες·
1854 4337 1946 4390 καὶ

364 4439 423 4489 ὲν
447 4434 652 4507 πράσει
687 4431 876 4486 δούλου
903 4426 1183 4502 ἀρραϐὼν,
1214 4428 1311 4482 καὶ
1347 4429 1405 4481 ὲν
1445 4429 1579 4480 πᾶσι
1606 4429 1720 4512 τοῖς
1755 4427 1948 4481 συναλ-

364 4527 640 4598 λάγμασιν
669 4521 945 4598 ἀρραϐών.
984 4520 1139 4575 Ἐπεὶ
1170 4515 1264 4574 οῦν
1283 4521 1312 4574 6
1333 4520 1566 4590 Χριστὸς
1597 4519 1944 4590 συνάλλαγμα

368 4619 488 4691 μεθ’
524 4617 682 4689 ἡμῶν
715 4615 888 4669 ἐποίει
933 4615 950 4685 (
973 4613 1066 4667 καὶ
1111 4612 1222 4685 γὰρ
1265 4612 1341 4676 ὡς
1383 4612 1602 4683 νύμφην
1646 4629 1713 4682 με
1754 4611 1944 4683 ἔμελλε

368 4711 730 4783 λαμϐάνειν),
760 4709 856 4762 καὶ
893 4706 1098 4778 προῖκά
1143 4723 1234 4777 μοι
1271 4706 1494 4778 γράφει,
1531 4706 1591 4760 οὐ
1622 4705 1940 4777 χρημάτων,

365 4801 480 4856 ἀλλ’
502 4799 758 4870 αἵματος.
788 4798 1000 4868 Προῖκα
1027 4795 1084 4849 δέ
1110 4813 1200 4866 μοι
1220 4795 1424 4868 ταύτην
1449 4796 1649 4868 γράφει
1679 4796 1788 4849 τῶν
1809 4797 1945 4866 ἀγαο

367 4891 477 4948 θῶν
506 4890 608 4962 τὴν
635 4889 924 4953 ἀντίδοσιν,
959 4889 1028 4942 Ἀ
1059 4887 1364 4958 ὀφθαλμὸς
1391 4889 1502 4942 οὐκ
1529 4882 1670 4947 εἶδε,
1707 4887 1807 4940 καί
1835 4882 1946 4953 οὖς

365 4986 478 5040 οὐκ
493 4983 778 5052 ἤκουσεν,
797 4981 895 5034 καὶ
909 4979 1008 5034 ἐπὶ
1023 4978 1273 5048 καρδίαν
1285 4979 1600 5048 ἀνθρώπου
1614 4981 1724 5032 οὐκ
1739 4978 1948 5046 ἀνέϐη.

369 5073 619 5148 Ἔγραψε
642 5072 819 5125 τοίνυν
842 5071 922 5134 είς
941 5069 1037 5142 τὴν
1060 5071 1259 5142 προῖκα
1283 5067 1600 5134 ἀθανασίαν,
1629 5063 1778 5123 αἶνον
1811 5068 1948 5138 μετά

365 5149 636 5235 ἀγγέλων,
673 5162 992 5232 ἀπαλλαγὴν
1023 5160 1276 5226 θανάτου,
1311 5159 1624 5232 ἐλευθερίαν
1647 5160 1943 5231 ἁμαρτίας,

367 5253 738 5328 κληρονομίαν
768 5252 1046 5324 βασιλείας
1077 5249 1276 5319 (πολὺς
1303 5251 1332 5302 6
1353 5249 1652 5320 πλοῦτος),
1681 5249 1946 5302 δικαιοσύο

363 5343 666 5416 v1;v,['598}
695 5343 990 5410 ἀγιασμδν,
1014 5338 1336 5408 ἀπαλλαγὴν
1373 5339 1482 5392 τῶν
1523 5340 1825 5408 παρόντων,
1857 5340 1946 5392 2.0-

370 5451 523 5506 ρεσιν
553 5432 660 5486 τῶν
689 5432 1013 5504 μελλόντων.
1049 5429 1276 5499 Μεγάλη
1309 5445 1400 5500 μοι
1437 5424 1507 5501 ἦν
1535 5431 1568 5501 ἡ
1599 5430 1777 5502 προῖξ.
1809 5431 1947 5503 Πρό-

371 5547 500 5600 σχες
548 5527 686 5598 μετά
715 5525 1016 5594 ἀκριϐείας·
1053 5523 1216 5596 βλέπε
1259 5525 1310 5578 τί
1351 5526 1511 5580 ποιεί.
1558 5521 1730 5579 *Ηλθε
1761 5526 1946 5582 λαϐεῖν

369 5622 470 5694 τὴν
500 5623 724 5691 πόρνην,
761 5617 904 5687 λέγω
945 5616 1054 5688 γάρ
1081 5614 1270 5688 αὐτὴν,
1295 5616 1372 5682 ὡς
1402 5611 1471 5687 ἦν
1497 5617 1826 5690 ἀκάθαρτος,
1859 5621 1945 5676 ἵνα

434 5731 464 5761 ⁸
483 5727 636 5781 Savil.
659 5730 710 5778 in
731 5733 868 5778 manu
887 5723 1200 5788 γραμματεῖα,
1225 5724 1282 5778 In
1295 5736 1432 5788 marg
1469 5724 1736 5788 πράγματα.

916 289 1194 348 ΠΟΜΙΙΛΛ
1241 290 1326 344 DE
1363 287 1592 346 CAP'I'O
1633 284 1978 343 EUTRUPIO
2015 286 2116 343 ET’
2145 290 2232 347 DE
2275 292 2686 354 DlViTlAliUM
2744 295 3114 358 VANITATE.

3504 264 3610 356 ius

2005 441 2010 446 .
2052 401 2230 473 μάθῃς
2265 403 2367 458 τοῦ
2399 408 2629 477 νυμφίου
2672 410 2762 464 τὸν
2811 410 3007 483 ἔρωτα.
3056 407 3282 477 Ἶίλθεν,
3315 413 3468 471 ἔλαϐέ
3509 430 3610 482 με,

2046 492 2245 563 γράφει
2283 512 2372 566 μοι
2417 501 2648 569 προῖκα·
2678 499 2824 570 λέγει
2848 520 2861 534 ·
2892 503 3096 574 Δίδωμί
3139 521 3218 558 σοι
3260 502 3486 560 πλοῦτον
3525 503 3617 559 τὸν

2047 582 2209 652 ἐμόνς
2256 583 2414 652 Πῶς;
2464 586 2812 656 Ἀπώλεσας,
2857 591 3036 661 λέγει,
3083 594 3450 666 παράδεισον;
3487 595 3618 650 λάϐε

2047 672 2228 727 αύτόν.
2267 676 2598 744 Ἀπὼλεσας,
2625 680 2792 750 λέγει.
2822 683 2884 736 τὸ
2905 685 3136 749 εῦειδές;
3159 683 3290 740 λάϐε
3309 685 3461 742 αὑτό·
3486 685 3621 740 λάϐε

2047 762 2217 818 ταῦτα
2251 767 2446 824 πάντα.
2491 771 2628 826 Ἀλλ’
2663 774 2696 844 ἡ
2731 774 2889 845 προῖξ
2921 793 3022 846 μου
3051 777 3150 830 οῦκ
3178 777 3332 850 ἐδόθη
3365 795 3456 850 μοι
3495 770 3619 834 ὧδε.

2121 857 2210 922 ιγ’.
2237 855 2498 927 Πρόσεχε,
2526 859 2614 914 ma:
2635 862 2794 916 τοῦτο
2815 865 2895 928 είς
2911 866 3011 935 τὴν
3037 870 3236 938 προῖκα
3262 869 3466 940 ταύτην
3485 885 3620 940 προ-

2049 942 2214 1012 λέγει·
2241 945 2446 1019 έγραψέ
2469 948 2494 988 ι’
2517 968 2607 1022 μοι
2628 955 2686 1005 ἐν
2711 957 2776 1024 τῇ
2803 957 2988 1025 προικὶ
3013 957 3304 1012 ἀνάστασιν
3330 959 3620 1028 σωμάτων,

2049 1036 2376 1107 ἀφθαρσίαν.
2417 1043 2491 1096 Οὐ
2519 1043 2628 1115 γάρ
2657 1045 2941 1101 ἀκολουθεί
2981 1049 3198 1114 πάντως
3219 1053 3284 1120 τῇ
3325 1051 3624 1106 ἀναστάσει

2048 1131 2080 1198 ἡ
2111 1129 2407 1202 ἀφθαρσία,
2439 1134 2573 1188 ἀλλὰ
2593 1135 2686 1190 δύο
2705 1133 2774 1208 ἦν
2808 1137 2999 1196 ταῦτα.
3031 1141 3139 1193 Καὶ
3162 1139 3270 1212 γιάρ
3292 1141 3474 1195 πολλοὶ
3505 1141 3625 1196 ἀνέ-

2051 1237 2274 1290 στησαν,
2308 1224 2402 1278 καὶ
2431 1225 2591 1280 πάλιν
2621 1227 2835 1290 ἔπεσον,
2865 1230 3052 1304 ὥσπερ
3082 1233 3112 1286 6
3135 1232 3401 1304 Λάζαρος,
3439 1235 3531 1288 καὶ
3555 1219 3624 1287 τά

2051 1310 2279 1382 σώματα
2297 1315 2404 1369 τῶν
2429 1319 2620 1388 ἁγίων.
2660 1321 2800 1376 Ἀλλ’
2829 1315 2984 1388 οὗτος
3008 1325 3105 1396 οὐχ
3134 1325 3325 1390 οὕτως,
3351 1326 3464 1378 ἀλλ’
3489 1326 3622 1380 ἀνά-

2049 1420 2258 1469 στασιν,
2290 1407 2622 1480 ἀφθαρσίαν,
2659 1411 2760 1484 τὴν
2805 1413 2940 1484 μετά
2969 1415 3214 1485 ἀγγέλων
3245 1415 3482 1488 χορείαν,
3525 1415 3625 1487 τὴν

2046 1497 2139 1550 τοῦ
2175 1498 2306 1552 Υίοῦ
2337 1501 2642 1572 ἀπάντησιν
2675 1505 2733 1558 ἐν
2765 1505 3050 1575 νεφέλαις,
3073 1507 3264 1573 καὶτὸ,
3283 1509 3446 1562 Οὕτω
3476 1506 3626 1563 πάν-

2047 1603 2179 1641 τοτε
2205 1588 2328 1644 σὺν
2355 1593 2550 1660 Κυρίῳ
2587 1594 2874 1664 ἐσόμεθα,
2913 1595 3010 1668 τὴν
3043 1597 3360 1669 ἀπαλλαγὴν
3399 1597 3491 1652 τοῦ
3525 1598 3623 1651 θα-

2047 1679 2228 1746 νάτου,
2255 1680 2354 1754 τὴν
2375 1681 2683 1756 ἐλευθερίαν
2716 1687 2813 1756 τῆς
2840 1687 3114 1760 ἁμαρτίας
3139 1729 3152 1754 ,
3183 1689 3275 1743 τὸν
3295 1707 3622 1760 καταποντι-

2050 1768 2184 1838 σμδν
2214 1770 2311 1841 τῆς
2333 1771 2610 1844 τελευτῆς.
2644 1776 2800 1830 Ποῖον
2831 1779 3076 1844 ἐκεῖνονς
3104 1780 3163 1832 Ἃ
3186 1780 3493 1850 ὀφθαλμὸς
3512 1782 3625 1836 οὐκ

2045 1855 2184 1942 εἶδε,
2235 1863 2332 1916 καὶ
2361 1860 2471 1929 οὖς
2500 1868 2612 1920 οὐκ
2643 1865 2931 1935 ἤκουσεν,
2980 1871 3080 1924 καί
3105 1871 3204 1925 ἐπὶ
3243 1873 3496 1943 καρδίαν·
3523 1875 3626 1928 ἀν-

2046 1936 2280 2018 θρώπου
2308 1956 2418 2008 οὐκ
2445 1955 2627 2024 ἀνέϐη
2659 1956 2696 2010 ἁ
2726 1959 3056 2028 ἡτοίμασεν
3088 1965 3122 2016 ό
3163 1936 3458 2030 Θεὸς-*τοῖς
3479 1965 3626 2032 ἆται

2046 2040 2244 2096 στῶσιν
2262 2045 2468 2100 αὐτόν.
2506 2046 2711 2116 Ἀγαθά
2738 2067 2828 2120 μοι
2851 2050 3030 2116 δίδως,
3059 2052 3096 2106 ἀ
3121 2053 3223 2107 οὐκ
3245 2051 3398 2120 οἶδας
3423 2055 3621 2124 Λέγει,

2045 2133 2170 2186 Ναί·
2204 2125 2304 2189 ὧδε
2337 2135 2582 2218 ἁρμόζω,
2611 2131 2715 2192 ὧδέ
2747 2157 2814 2210 με
2849 2141 3010 2210 φίλει.
3044 2143 3141 2207 Et;
3170 2143 3224 2196 τί
3255 2147 3316 2198 οὐ
3346 2145 3505 2210 δίδως
3533 2163 3625 2218 μοι

2044 2223 2144 2295 τὴν
2178 2227 2378 2296 προῖκα
2413 2217 2550 2294 ὧδε;
2583 2228 2752 2284 Ὅταν
2782 2230 2942 2305 έλθῃς
2961 2233 3097 2304 πρὸς
3120 2235 3211 2288 τὸν
3243 2235 3464 2308 Πατέρα
3499 2217 3623 2308 μου,

2044 2313 2172 2368 ὃταν
2211 2314 2369 2389 ἔλθῃς
2397 2319 2478 2382 είς
2504 2318 2605 2383 τὰς
2631 2318 2921 2392 βασιλικὰς
2961 2323 3150 2387 αὐλάς.
3203 2323 3344 2393 Ἐγὼ
3386 2325 3522 2398 πρὸς
3564 2326 3627 2378 σὲ

2042 2401 2226 2476 ἦλθον,
2264 2409 2339 2478 μὴ
2371 2407 2479 2481 γὰρ
2518 2411 2583 2464 σὺ
2613 2411 2752 2482 πρὸς
2781 2411 2878 2483 μές
2907 2407 3110 2472 1Ἦλθον
3149 2416 3248 2488 οὐχ
3291 2417 3378 2470 ἵνα
3413 2415 3624 2491 μείνῃς,

2044 2497 2159 2552 ἀλλ’
2202 2498 2291 2552 ἴνα
2336 2498 2488 2562 λάϐω
2539 2517 2600 2554 σε
2649 2504 2744 2556 καὶ
2783 2502 3010 2557 ἀνέλθω.
3056 2506 3149 2579 Μὴ
3197 2507 3348 2578 ζήτει
3377 2500 3480 2564 ὦδε
3527 2511 3627 2581 τὴν

2045 2591 2245 2662 προῖκα
2265 2607 2278 2620 ·
2317 2591 2492 2646 πάντα
2521 2595 2580 2648 ἐν
2610 2593 2786 2649 ἐλπίδι
2805 2637 2820 2661 ,
2852 2597 3030 2651 πάντα
3052 2599 3110 2652 έν
3153 2599 3352 2654 πίστει.
3382 2601 3493 2654 Καὶ
3532 2589 3626 2656 ού·

2044 2682 2132 2736 δέν
2169 2701 2258 2756 μοι
2294 2683 2448 2749 δίδως
2485 2685 2758 2754 ὲνταῦθα;
2793 2689 2976 2756 Λέγει·
3012 2689 3156 2744 Λάϐε
3188 2691 3504 2762 ἀρραϐῶνα,
3537 2694 3626 2748 ἵνα

2047 2789 2136 2842 μοι
2166 2773 2464 2847 πιστεύσῃς
2504 2775 2631 2848 περὶ
2675 2776 2770 2831 τοῦ
2821 2777 3105 2848 μέλλοντος
3128 2795 3144 2812 ·
3185 2780 3318 2834 λάϐε
3355 2782 3622 2849 ὑπόϐολα,

2043 2862 2174 2916 λάϐε
2205 2865 2296 2918 καὶ
2338 2866 2606 2939 μνῆστρα.
2641 2867 2740 2922 Διά
2775 2869 2934 2925 τοῦτο
2963 2871 3176 2936 Παῦλος
3210 2871 3378 2942 λέγει,
3422 2875 3622 2946 Ἡρμο-

2043 2959 2249 3026 σάμην
2273 2958 2382 3027 γὰρ
2409 2959 2587 3028 ὑμᾶς.

2127 3049 2215 3112 Ὠς
2267 3051 2510 3129 μνῆστρα
2552 3051 2751 3107 ἔδωκεν
2797 3056 2930 3127 ἡμῖν
2970 3055 3040 3110 τὰ
3090 3057 3332 3129 παρόντα
3381 3061 3410 3114 6
3453 3060 3624 3127 Θεός·

2047 3139 2298 3210 μνῆστρά
2330 3141 2446 3193 ἐστι
2480 3141 2547 3195 τὰ
2581 3143 2846 3215 παρόντα,
2881 3145 3138 3218 ἀρραϐών
3171 3150 3316 3202 ἐστιν
3344 3167 3357 3181 ·
3389 3153 3420 3220 ἡ
3467 3151 3627 3223 προῖξ

2043 3231 2138 3302 ὃλη
2175 3233 2291 3286 ἐκεῖ
2323 3232 2494 3303 μένει.
2541 3233 2694 3301 Πῶς;
2735 3236 2846 3306 ἐγὼ
2868 3237 3044 3308 λέγω·
3079 3232 3182 3294 ὧδε
3213 3241 3388 3313 γηρῶ,
3419 3244 3537 3296 ἐκεῖ
3561 3245 3624 3297 ού

2043 3323 2200 3394 γηρῶ
2221 3341 2234 3356 ·
2264 3317 2368 3378 ὦδε
2397 3323 2647 3397 θνήσκω,
2677 3329 2796 3382 ἐκεῖ
2813 3331 2874 3386 ού
2900 3329 3150 3402 θνήσκω·
3183 3326 3286 3388 ὦδε
3323 3333 3621 3406 λυποῦμαι,

2043 3415 2160 3468 ἐκεῖ
2185 3415 2246 3468 οὐ
2276 3415 2552 3486 λυποῦμαι
2575 3433 2590 3448 ·
2615 3411 2715 3472 ὧδε
2749 3421 2928 3482 πενία,
2959 3423 3053 3476 καί
3079 3423 3252 3490 νόσος,
3281 3424 3373 3478 καὶ
3401 3427 3624 3480 ἐπιϐου-

2042 3503 2162 3568 λαὶ,
2203 3507 2320 3560 ἐκεῖ
2351 3506 2770 3565 οὐδὲντοιοῦτον
2789 3527 2802 3542 ·
2837 3504 2938 3566 ὦδε
2973 3513 3182 3579 σκότος,
3215 3517 3310 3570 καὶ
3340 3516 3478 3586 φῶς,
3508 3519 3626 3572 ἐκεῖ

2044 3595 2160 3666 φῶς
2202 3598 2392 3668 μόνον·
2431 3594 2532 3654 ὧδε
2580 3601 2839 3674 ἐπιϐουλὴ
2860 3644 2875 3668 ,
2921 3605 3037 3658 ἐκεῖ
3063 3606 3378 3680 ἐλευθερία·
3406 3604 3508 3662 ὧδε
3533 3610 3624 3664 νόο

2045 3703 2157 3756 σος,
2191 3691 2309 3746 ἐκεῖ
2352 3692 2532 3760 ὑγίεια
2553 3710 2568 3724 ·
2598 3686 2702 3748 ὧδε
2747 3695 2861 3768 ζωὴ
2904 3697 3103 3768 ἔχουσα
3139 3698 3312 3762 τέλος,
3348 3700 3465 3753 ἐκεῖ
3507 3699 3623 3772 ζωὴ

2042 3779 2144 3832 οῦκ
2182 3779 2382 3851 ἔχουσα
2420 3783 2576 3848 τέλος
2597 3799 2611 3811 ·
2653 3779 2755 3840 ὧδε
2789 3789 3068 3859 ἁμαρτία,
3119 3792 3236 3842 ἐκεῖ
3271 3790 3582 3864 δικαιοσύνη
3603 3835 3620 3859 ,

2045 3869 2286 3940 ἁμαρτία
2301 3873 2358 3926 δὲ
2379 3874 2647 3945 οὐδαμοῦ·
2677 3871 2778 3932 ὦδε
2806 3879 3016 3947 φθόνος,
3047 3882 3158 3934 ἐκεῖ
3176 3882 3328 3936 οὐδὲν
3355 3883 3619 3942 τοιοῦτον.

2042 3965 2142 4028 Δός
2161 3982 2271 4036 μοι,
2297 3967 2484 4036 φησὶν,
2501 3966 2692 4022 ταῦτα.
2732 3968 3015 4040 Ἀνάμενε,
3043 3972 3129 4024 ἵνα
3159 3973 3252 4026 καὶ
3279 3975 3326 4026 οί
3349 3973 3623 4030 σύνδουλοί

2046 4072 2140 4111 σου
2171 4056 2439 4123 σωθῶσιν,
2478 4059 2747 4130 ἀνάμενε.·
2787 4061 2846 4113 '0
2876 4060 3108 4132 βεϐαιῶν
3152 4065 3300 4136 ἡμᾶς
3323 4105 3338 4128 ,
3375 4067 3470 4120 καὶ
3500 4067 3623 4130 δοὺς

2046 4149 2176 4219 ἡμῖν
2201 4148 2294 4202 τὸν
2320 4149 2632 4222 ἀρραϐῶνα.
2671 4153 2830 4207 Ποῖον
2849 4153 3179 4226 ἀρῤαϐῶνα;
3207 4155 3281 4209 T6
3309 4157 3534 4228 Πνεῦμα
3561 4160 3624 4213 τὸ

2046 4238 2217 4309 ἅγιον,
2228 4238 2322 4294 τοῦ
2339 4241 2654 4314 Πνεύματος
2683 4244 2781 4318 τὴν
2809 4247 3096 4318 χορηγίαν.
3143 4247 3303 4303 Ἀλλά
3330 4249 3472 4320 λέγω
3494 4269 3558 4305 πε
3569 4253 3624 4324 ρὶ

2045 4330 2138 4384 τοῦ
2155 4332 2487 4406 Πνεύματος.
2511 4336 2849 4400 Ἔδωκεσοῖς
2871 4340 3190 4405 ἀποστόλοις
3203 4342 3294 4395 τὸν
3315 4343 3622 4409 δακτύλιον,

2046 4423 2236 4478 εἰπών·
2263 4422 2472 4480 Λάϐετε
2495 4429 2589 4482 καὶ
2611 4427 2729 4481 δότε
2770 4431 2956 4484 πᾶσιν.
2995 4430 3053 4485 ’0
3087 4431 3370 4496 δακτύλιος
3401 4433 3623 4506 μερίζε-

2044 4529 2171 4581 ταις
2201 4514 2498 4586 Μερίξεται
2521 4517 2614 4570 καὶ
2637 4518 2698 4570 ού
2731 4517 3019 4590 διαιρεῖται
3039 4536 3050 4552 ·
3092 4521 3373 4592 μερίζεται
3403 4525 3498 4576 καὶ
3521 4525 3623 4578 οὐκ

2043 4606 2415 4663 ἀναλίσκεται.
2443 4608 2598 4663 Μάθε
2636 4610 2950 4680 Πνεύματος
2979 4613 3264 4684 χορηγίαν·
3313 4613 3474 4667 ἔλαϐε
3517 4617 3623 4669 Πέ-

2044 4714 2194 4768 τρος,
2225 4697 2383 4752 ἔλαϐε
2411 4701 2506 4754 καὶ
2533 4700 2741 4765 Παῦλος
2771 4701 2995 4771 Πνεῦμα
3026 4704 3198 4770 ἀγιον.
3231 4707 3495 4778 Περιῆλθε
3523 4709 3624 4783 τὴν

2045 4789 2390 4861 οἰκουμένην,
2422 4791 2778 4863 ἁμαρτωλοὺς
2815 4791 3154 4862 ἀπήλλαττεν
3184 4799 3620 4870 ἁμαρτημάτων,

2045 4881 2249 4952 χωλοὺς
2288 4879 2549 4952 διώρθου.
2595 4883 2834 4952 γυμνοὺς
2877 4883 3082 4949 ἐνέδυε,
3124 4888 3352 4958 νεκροὺς
3393 4890 3622 4965 ἠγείρε,

2047 4972 2280 5042 λεπροὺς
2318 4971 2630 5045 έκαθάριζε.
2675 4973 2916 5027 διάϐολον
2958 4977 3314 5048 ἐπεστόμιζε,
3363 4982 3625 5054 δαίμονας

2047 5065 2338 5133 ἀπέπνιγε,
2377 5065 2455 5135 τῷ
2483 5065 2602 5137 Θεῷ
2633 5065 2902 5136 διελέγετο
2923 5109 2936 5132 ,
2983 5071 3308 5148 Ἐκκλησίαν
3339 5076 3623 5145 ἐφύτευσε,

2047 5157 2208 5220 ναοὺς
2237 5156 2545 5228 κατέσκαψε
2565 5197 2580 5217 ,
2616 5157 2831 5230 βωμοὺς
2859 5161 3005 5232 (599)
3049 5163 3310 5234 ἀνέτρεψε
3329 5205 3344 5229 ,
3391 5167 3492 5241 τὴν
3527 5188 3628 5224 κα-

2048 5248 2172 5300 κίαν
2203 5247 2358 5302 ἔλυσε
2379 5287 2396 5312 ,
2438 5248 2538 5320 τὴν
2579 5249 2780 5322 ἀρετὴν
2821 5251 3113 5322 ἐφύτευσε,
3147 5257 3274 5320 τοὺς
3307 5257 3628 5330 ἀνθρώπους

2046 5337 2309 5407 ἀγγέλους
2341 5341 2580 5409 ἐποίησε.

2121 5429 2201 5486 ιδ’.
2227 5427 2413 5484 Ταῦτα
2433 5429 2614 5485 πάντα
2633 5425 2776 5504 ἦμεν
2824 5435 2880 5486 ’Λ
2888 5435 3108 5506 ρραϐὼν
3129 5437 3415 5512 ἐπλήρωσε
3431 5441 3532 5512 τὴν
3550 5445 3628 5497 ol-

2047 5523 2318 5596 κουμένην
2343 5523 2580 5578 ἃπασαν.
2611 5525 2860 5578 Ἅπασαν
2881 5527 2939 5580 δὲ
2967 5527 3096 5582 ὅταν
3121 5529 3278 5596 εἴπω,
3310 5530 3472 5599 λέγω,
3495 5535 3626 5602 ὅσην
3732 5541 3740 5548 ’

2045 5613 2192 5684 ἥλιος
2229 5613 2403 5684 ἐφορᾷ
2425 5614 2549 5685 γῆν,
2579 5611 2876 5680 θάλασσαν,
2905 5619 3124 5688 νήσους,
3151 5619 3273 5691 ὅρη,
3306 5620 3504 5688 νάπας,
3541 5625 3632 5681 καὶ

2113 5728 2142 5770 b
2161 5724 2245 5778 Sic
2263 5724 2360 5776 duo
2381 5737 2496 5775 mss.
2523 5724 2620 5775 Alii
2641 5725 2752 5790 προ)
2763 5725 2857 5786 ἐγει
2875 5727 2994 5790 άπερ
3013 5728 3206 5793 ἔγραψε.
