4100 6196
323 260 431 314 409

326 373 511 428 eriles.
537 371 810 427 Circuihat
837 386 932 425 ceu
956 372 1188 426 volucris
1213 371 1404 426 Paulus
1433 386 1537 426 uno
1579 378 1781 425 tantum
1815 384 1911 425 ore

326 462 642 525 decertans,
669 462 1016 515 tentoriormn
1055 462 1258 530 opifex,
1290 462 1379 532 qui
1418 461 1645 516 cultrum
1690 462 1910 516 concin-

328 551 521 606 nandis
547 551 708 606 coriis
737 550 1024 614 tractabat,
1047 560 1100 604 et
1129 552 1296 619 pelles
1316 551 1606 606 consuebat
1665 551 1768 606 hoc
1787 550 1910 605 arti-

330 642 508 698 ﬁcium
532 657 637 695 non
667 640 764 695 fuit
792 641 1001 694 virtutis
1030 641 1500 709 impedimentum:
1542 642 1632 695 sed
1665 642 1912 697 tentorio-

329 751 446 788 rum
476 733 651 805 opifex
678 734 1013 788 dzemonibus
1059 734 1245 788 fortior
1270 743 1384 789 erat
1403 774 1417 797 ,
1459 734 1770 787 infacundus
1795 734 1913 803 phi-

330 824 568 895 losonis
615 825 869 895 argutior.
917 824 1243 880 Undenam?
1279 827 1498 893 Accepit
1524 825 1908 890 arrhabonem,

332 917 556 985 gestavit
593 918 847 970 annulum
888 926 943 970 et
984 916 1331 971 circumtulit.
1376 916 1635 971 Videbant
1673 926 1910 970 omnese

335 1007 477 1076 Rege
525 1006 904 1076 desponsatam
953 1018 1191 1060 naturam
1236 1018 1503 1072 nostram;
1549 1006 1759 1063 videbat
1804 1006 1912 1062 dte-

330 1111 456 1149 mon
478 1136 493 1161 ,
525 1105 581 1150 et
623 1094 936 1150 recedebat:
975 1095 1185 1150 videbat
1223 1096 1606 1161 arrhabonem,
1638 1104 1693 1151 et
1718 1104 1913 1151 treme-

331 1188 454 1252 bat,
491 1201 662 1255 seque
705 1185 1033 1241 subducebat
1067 1187 1421 1241 :vestimenta
1444 1187 1690 1250 videbat,
1730 1195 1785 1240 et
1829 1184 1908 1239 fn-

327 1292 449 1345 gam
478 1275 731 1331 faciebat.
767 1274 1079 1331 Ovirtutem
1111 1277 1341 1346 Spiritus
1374 1278 1386 1331 !
1416 1276 1534 1332 Non
1557 1278 1745 1331 anima:
1765 1275 1911 1330 dedit

330 1378 649 1439 [uitestatem
676 1410 690 1433 ,
717 1384 823 1424 non
848 1370 1057 1438 corpori
1089 1379 1327 1434 tantum;
1360 1370 1453 1425 sed
1485 1380 1537 1424 et
1562 1370 1906 1435 vestimento,

329 1476 431 1516 nec
450 1461 774 1515 vestimento
793 1461 964 1515 solum
984 1502 1002 1524 ,
1024 1461 1118 1516 sed
1141 1462 1362 1516 umbrae.
1394 1461 1660 1517 Circuibat
1683 1461 1870 1516 Petrus
1891 1504 1906 1530 ,

328 1560 384 1606 et
404 1552 592 1607 umbra
619 1551 736 1620 ejus
762 1550 978 1605 morbos
1022 1551 1263 1622 fugabat,
1311 1551 1580 1606 daemonas
1623 1551 1868 1620 abigebat
1890 1594 1904 1619 ,

330 1654 571 1699 mortuos
599 1643 910 1699 suscitabat.
937 1642 1203 1698 Circuibat
1233 1644 1427 1698 Paulus
1454 1645 1636 1699 orbem
1660 1685 1676 1710 ,
1718 1645 1908 1714 impie-

331 1736 455 1789 tatis
494 1735 678 1804 spinas
704 1749 984 1798 resecans,
1007 1735 1211 1789 semina
1253 1735 1467 1803 pietatis
1490 1735 1731 1805 jaciens;
1774 1734 1910 1790 sicut

310 1833 513 1879 -arator
535 1824 797 1895 optimus,
853 1834 1089 1879 aratrum
1131 1825 1386 1879 doctrina:
1436 1835 1685 1881 tractans.
1731 1826 1798 1881 Et
1842 1826 1906 1879 ad

332 1929 591 1984 quosnam
619 1915 802 1970 venit?
834 1914 915 1970 Ad
937 1915 1202 1982 Thracas,
1236 1914 1462 1986 Scythas
1485 1958 1501 1982 ,
1534 1916 1728 1984 Indos,
1766 1915 1910 1969 Mau-

340 2019 460 2072 rus,
492 2005 711 2072 Sardos,
738 2007 974 2072 Gothos,
1020 2008 1088 2063 ad
1131 2007 1270 2062 feras
1311 2017 1582 2078 agrestes,
1628 2018 1685 2063 et
1730 2010 1907 2063 omnia

330 2099 569 2156 mulavit.
599 2098 874 2159 Uttdt'nam
904 2094 1022 2154 lEx
1045 2099 1360 2154 arrhabone.
1384 2099 1661 2166 Quomodo
1696 2099 1763 2155 ad
1795 2099 1908 2155 bare

324 2192 580 2249 sufﬁcere
603 2195 811 2263 potuit?
833 2195 932 2249 Per
951 2190 1172 2265 gratiam
1196 2189 1444 2264 Spiritus.
1476 2189 1638 2244 ldiota
1654 2228 1669 2255 ,
1702 2189 1904 2256 nudus,

322 2283 678 2340 discaleeatus
705 2302 720 2338 :
751 2287 840 2356 qui
884 2287 1045 2351 dabnt
1087 2287 1444 2342 arrhabouem
1485 2281 1734 2357 Spiritus.
1780 2281 1906 2338 Ideo

320 2374 452 2429 dicit
474 2393 488 2428 :
514 2374 585 2430 Et
599 2376 668 2429 ad
688 2378 794 2431 hac
810 2379 923 2448 quis
948 2379 1157 2433 idoneus
1180 2377 1255 2449 (2.
1280 2378 1398 2434 Cor.
1428 2378 1483 2433 2.
1508 2378 1600 2449 l6)
1621 2379 1644 2433 ?
1667 2375 1773 2435 Sed
1790 2386 1906 2449 sut-

321 2467 545 2533 ﬁcientia
564 2478 736 2522 nostra
764 2485 827 2523 ea:
844 2469 953 2524 Deo
973 2479 1081 2538 est,
1110 2471 1198 2540 qui
1218 2480 1265 2524 et
1288 2470 1495 2525 idoneos
1521 2468 1614 2525 no‘s
1653 2471 1769 2541 fecit
1805 2472 1904 2526 mi-

319 2558 506 2611 nistros
546 2556 684 2612 Novi
736 2558 1073 2626 Testamenti,
1116 2576 1221 2614 non
1249 2561 1440 2628 literae,
1464 2561 1553 2617 sed
1579 2561 1804 2633 Spiritus
1826 2561 1901 2635 (2.

316 2647 438 2701 Cor.
466 2649 521 2703 '5.
555 2649 610 2703 5.
636 2648 716 2720 6).
748 2650 880 2706 Vide
905 2651 1030 2722 quid
1052 2650 1239 2706 fecerit
1262 2652 1493 2728 Spiritus
1521 2671 1537 2710 :
1565 2653 1765 2709 invenit
1794 2664 1903 2710 ter-

321 2754 438 2794 ram
455 2739 789 2797 dwmonibus
812 2742 1040 2813 plenam,
1053 2753 1107 2799 et
1123 2743 1287 2813 ipsam
1305 2744 1492 2800 caelum
1517 2744 1659 2800 fecit.
1687 2745 1763 2802 Ne
1779 2761 1907 2815 pra:-

315 2830 494 2884 sentia
523 2833 803 2902 cogitetis:
827 2831 1049 2890 sed'illa
1091 2835 1411 2905 cogitatione
1463 2837 1707 2905 repetite.
1755 2837 1905 2892 Tunc

314 2921 494 2977 luctus
512 2932 650 2992 erat,
668 2933 794 2981 tunc
813 2925 1006 2996 ubique
1035 2927 1241 2996 altaria,
1266 2927 1461 2999 ubique
1488 2929 1684 2996 fumus,
1709 2931 1904 3003 ubique

311 3015 567 3084 uideres,
617 3017 809 3087 ubique
849 3018 1257 3088 fornicationes,
1300 3021 1497 3092 ubique
1545 3023 1898 3091 initiationes,

312 3109 515 3179 ubique
560 3110 856 3178 sacriﬁcia,
906 3113 1100 3183 ubique
1153 3114 1423 3171 daemones
1477 3115 1895 3185 debacchantcs,

310 3198 513 3269 ubique
547 3213 642 3255 arx
671 3199 902 3268 diaboli,
944 3202 1141 3273 ubique
1182 3204 1462 3261 Iornicatio
1505 3208 1895 3263 coronabatur:

308 3304 560 3361 unusque
602 3290 797 3346 Paulus
836 3303 970 3348 erat.
998 3293 1274 3363 Quomodo
1302 3311 1407 3352 non
1435 3298 1745 3354 submersus
1768 3309 1850 3355 est
1875 3300 1899 3352 ?

308 3380 587 3450 quomodo
606 3396 711 3437 non
740 3382 1038 3453 discerptus
1074 3385 1098 3439 ’ἓ
1122 3386 1389 3456 quomodo
1425 3401 1487 3443 os
1529 3389 1737 3457 aperuit
1762 3389 1785 3445 Ἰ
1815 3389 1899 3445 In-

304 3487 532 3540 gressus
554 3483 638 3529 est
660 3475 713 3528 in
736 3473 1078 3543 Thebaidem,
1106 3488 1161 3533 et
1183 3478 1423 3546 captivos
1451 3478 1592 3534 fecit.
1625 3477 1897 3550 Ingressus

304 3564 473 3618 estin
498 3565 674 3619 aulam
712 3568 942 3637 regiam,
974 3576 1028 3624 et
1053 3585 1229 3639 regem
1258 3570 1381 3626 fecit
1420 3571 1762 3643 discipulum.
1806 3574 1895 3631 ln-

303 3670 527 3725 gressus
545 3655 715 3712 estad
736 3659 961 3713 tribunal
982 3702 996 3725 ,
1019 3669 1073 3715 et
1092 3660 1219 3715 dicit
1240 3661 1287 3715 ei
1309 3661 1473 3731 judex
1507 3680 1520 3716 :
1544 3646 1737 3719 Pdrunt
1756 3664 1896 3720 abest

302 3745 433 3813 quin
476 3751 694 3801 suadeas
736 3749 860 3809 mihi
884 3759 938 3802 ut
974 3750 1096 3818 ﬁam
1134 3749 1449 3807 Christianus
1477 3750 1613 3824 (Act.
1640 3752 1729 3809 26.
1754 3753 1848 3824 28)
1876 3772 1889 3807 :

298 3836 576 3906 judexque
619 3836 792 3894 factus
836 3848 921 3894 est
957 3839 1267 3912 discipulus.
1294 3840 1570 3912 Ingressus
1595 3854 1681 3899 est
1705 3858 1891 3900 carce-

302 3943 424 3982 rem
447 3968 464 3990 ,
490 3937 547 3983 et
570 3929 803 3984 carceris
827 3931 1098 3986 custodem
1127 3934 1267 4002 cepit
1300 3934 1436 4001 (Act.
1471 3936 1580 4004 16).
1613 3935 1890 4006 Ingressus

302 4018 358 4072 in
386 4017 737 4074 barbarorum
764 4020 986 4075 insulam
1004 4062 1020 4089 ,
1050 4023 1281 4093 viperam
1305 4025 1427 4079 fecit
1458 4024 1731 4082 doctorem
1752 4027 1885 4097 (Act.

299 4108 424 4180 28).
457 4110 604 4167 Abiit
627 4111 694 4168 ad
734 4112 1032 4169 Romanum
1074 4116 1359 4186 populum,
1388 4126 1443 4173 et
1469 4127 1707 4175 senatum
1736 4120 1801 4176 ad
1828 4134 1889 4178 se

300 4202 587 4271 pertraxit.
619 4203 765 4258 Abiit
789 4205 857 4260 ad
880 4205 1096 4261 ﬂumina
1117 4247 1134 4274 ,
1161 4207 1227 4263 ad
1252 4207 1460 4264 deserta
1486 4210 1600 4265 loca
1626 4225 1886 4281 quocum-

297 4309 409 4363 que
447 4308 545 4365 per
567 4294 772 4351 orbem.
795 4295 912 4351 Non
941 4306 1078 4352 terra
1099 4338 1117 4365 ,
1156 4312 1261 4354 non
1285 4314 1433 4355 mare
1455 4300 1571 4370 ejus
1599 4301 1887 4371 praeclaro-

298 4399 422 4438 rum
462 4383 761 4441 oflieiorum
796 4401 988 4455 expers
1018 4388 1148 4443 luit:
1181 4389 1325 4445 dedit
1361 4392 1502 4447 enim
1528 4392 1883 4449 arrhabonem

296 4474 519 4543 annuli,
572 4476 803 4547 datoque
842 4477 1139 4535 arrhabone
1179 4479 1254 4535 ait
1285 4498 1299 4534 :
1328 4480 1454 4536 Ilaec
1503 4482 1596 4537 tibi
1643 4482 1754 4552 jam
1779 4483 1881 4549 do,

296 4577 496 4623 cetera
516 4569 786 4640 polliceor.
827 4571 1181 4638 Quamobrem
1210 4572 1337 4628 dicit
1369 4574 1418 4629 ei
1446 4576 1700 4645 propheta
1737 4577 1884 4632 :Ad-

296 4659 427 4714 stitit
447 4660 623 4730 regina
641 4677 674 4715 a
701 4661 891 4717 dextris
914 4663 1012 4718 tuis
1039 4663 1091 4718 in
1111 4665 1289 4719 vestitu
1307 4664 1549 4721 deaurato
1579 4665 1747 4738 (Psal.
1789 4669 1878 4724 44.

297 4748 416 4818 t0).
446 4749 564 4806 Non
585 4751 959 4808 vestimentum
978 4753 1139 4821 dicit,
1167 4754 1262 4811 sed
1292 4756 1562 4811 virtutem.
1594 4756 1718 4814 Ideo
1738 4758 1882 4815 Scri-

296 4854 453 4914 plura
477 4843 601 4900 alibi
621 4845 696 4900 ait
718 4863 732 4900 :
755 4845 1019 4914 Quomodo
1039 4848 1137 4902 huc
1155 4849 1357 4904 intrasti
1378 4866 1478 4905 non
1493 4849 1680 4907 habens
1700 4860 1879 4907 vestem

289 4935 574 5005 nuptialem
596 4934 809 5009 (Matth.
835 4936 927 4994 2‘2.
957 4938 1088 5009 l2)?
1117 4939 1298 5010 Itaque
1336 4955 1443 4997 non
1470 4951 1669 4997 vestem
1714 4942 1877 5012 dicit,

289 5027 390 5082 sed
420 5026 860 5097 fornicationem,
890 5039 947 5087 et
990 5031 1300 5087 obsctenum
1349 5033 1716 5105 impurumque
1741 5034 1875 5091 faci-

288 5133 416 5174 nus.
465 5118 923 5187 Quemadmodum
978 5122 1193 5178 sordida
1236 5125 1551 5182 vestimenta
1599 5135 1874 5197 peccatum

287 5217 419 5263 sunt
445 5226 461 5265 :
487 5211 566 5266 sic
588 5219 643 5267 et
670 5226 861 5282 aurea,
894 5214 1079 5269 virtus.
1110 5214 1214 5270 Sed
1265 5218 1637 5273 vestimentum
1666 5218 1766 5275 hoc
1791 5234 1875 5276 re.

285 5299 379 5368 gis
400 5310 557 5354 erat:
588 5303 699 5372 ipse
717 5306 966 5360 vestitum
994 5303 1070 5359 illi
1094 5304 1243 5359 dedit
1275 5326 1288 5361 :
1324 5306 1461 5361 nuda
1487 5308 1688 5378 quippe
1727 5319 1871 5376 erat,

285 5391 435 5448 mula
484 5402 540 5450 et
579 5397 803 5467 turpiter
849 5396 1166 5454 deformata.
1205 5399 1408 5454 Adstitit
1436 5400 1659 5471 reginaa
1681 5401 1872 5457 dextris

282 5481 395 5536 suis
419 5482 471 5536 in
488 5485 666 5540 vestitu
684 5487 947 5542 deaurato.
979 5486 1093 5543 Non
1118 5490 1431 5545 vestimenta
1459 5490 1615 5559 dicit,
1643 5491 1738 5548 sed
1764 5493 1871 5548 vir-

285 5582 457 5629 tutem
480 5595 497 5633 :
519 5591 624 5633 non
652 5576 805 5647 dixit,
824 5579 880 5636 ln
903 5597 1051 5638 auro.
1070 5585 1297 5641 Attende
1323 5603 1337 5641 :
1360 5599 1460 5640 vox
1491 5584 1605 5643 lucc
1627 5600 1870 5658 magnam

280 5665 451 5725 habet
476 5671 860 5730 sententiarum
911 5675 1261 5738 nobilitatem.
1292 5675 1407 5734 Non
1437 5677 1599 5748 dixit,
1622 5677 1683 5735 ln
1712 5693 1863 5748 auro,

936 256 1205 311 llOMlLlA
1251 257 1335 311 DE
1373 256 1595 311 (ΞΜ)Το
1636 252 1975 312 Ευτιιυιιιο
2017 253 2102 307 ET
2132 253 2219 307 DE
2260 252 2654 310 DIVlTlAllUM
2699 254 3053 311 VANITATE.

3490 254 3591 310 410

2015 369 2138 433 sed,
2170 366 2448 423 Deaurato.
2484 370 2720 426 Solerter
2745 372 2886 426 audi.
2923 375 3153 425 Aureum
3178 370 3551 424 vestimentum
3575 409 3588 431 ,

2018 469 2183 515 totum
2214 472 2526 516 estaurenm
2547 477 2562 526 ;
2584 460 2893 515 deanratmn
2935 476 3061 515 vero
3093 460 3348 530 quasdam
3369 474 3587 521 aureas,

2015 551 2269 622 quasdam
2317 552 2516 607 sericas
2565 561 2742 621 partes
2773 551 2950 606 habet.
2983 551 3089 605 Cur
3133 564 3260 618 ergo
3306 562 3410 602 non
3458 547 3593 602 dixit

2016 656 2263 711 sponsam
2296 642 2433 697 ferre
2456 657 2670 697 aureum
2703 643 3097 707 vestimentum,
3117 640 3209 694 sed
3239 639 3549 694 deauratum
3570 638 3595 690 ἲ

2015 730 2244 787 Attende
2292 731 2592 800 diligenter.
2638 732 3108 786 Conversationem
3151 729 3403 784 Ecclesia:
3431 728 3591 792 dicit,

2014 838 2133 894 qua:
2157 823 2301 878 varia
2322 832 2423 878 est.
2451 824 2580 889 Quia
2606 837 2711 878 non
2732 839 2888 878 unam
2917 813 3365 878 omnes'ilucimus
3392 822 3588 888 vitam;

2014 916 2108 969 sed
2129 916 2268 970 alius
2294 914 2648 983 virginitatem
2668 954 2683 978 ,
2710 915 2844 969 alius
2871 915 3174 968 viduitatem
3197 955 3211 979 ,
3244 913 3379 968 alius
3416 914 3588 983 picta-

2016 1019 2120 1062 tem
2143 1008 2356 1063 exercet
2383 1025 2397 1062 :
2424 1010 2799 1063 vestimentum
2840 1006 3088 1061 Ecclesia:
3133 1012 3214 1060 est
3256 1006 3593 1061 conversatio

2014 1100 2289 1153 Ecclesitr.

2087 1192 2172 1248 15.
2205 1192 2314 1246 Vite
2337 1203 2449 1248 sunt
2478 1192 2631 1246 varia:
2650 1192 2720 1245 ad
2744 1190 3060 1245 salutem.—
3076 1188 3211 1244 Cum
3240 1188 3395 1259 igitur
3416 1188 3581 1242 sciret

2016 1287 2272 1341 Dominus
2303 1293 2506 1350 noster,
2536 1286 2580 1339 si
2621 1298 2779 1338 unam
2809 1283 3073 1353 posuisset
3117 1282 3278 1348 viam,
3310 1282 3504 1337 multos
3533 1282 3586 1334 in

1982 1375 2239 1445 segnitie
2284 1376 2521 1429 victuros
2564 1374 2726 1428 fuisse
2752 1415 2765 1438 ,
2803 1374 2998 1427 multas
3029 1373 3252 1426 instituit
3298 1372 3430 1426 vias.
3473 1370 3588 1427 Non

2015 1476 2167 1537 putes
2194 1482 2289 1538 per
2316 1466 2672 1535 virginitatem
2694 1464 2939 1534 ingredi?
2964 1463 3103 1517 Intra
3132 1477 3227 1531 per
3251 1462 3462 1516 unicum
3487 1476 3589 1514 ma-

2016 1558 2341 1611 trimonium.
2371 1556 2487 1610 Non
2513 1563 2663 1625 potes
2691 1570 2785 1624 per
2814 1554 3069 1608 unicum?
3095 1552 3375 1622 Ingredere
3400 1552 3588 1607 saltem

2014 1663 2109 1719 per
2139 1647 2588 1703 εεοιιηάυιηνΝοη
2606 1657 2759 1717 potes
2774 1660 2867 1716 per
2886 1645 3289 1701 continentiam?
3312 1643 3590 1714 Ingredere

1982 1744 2109 1809 'per
2135 1740 2550 1811 elecmosynam.
2582 1738 2698 1793 Non
2730 1749 2880 1808 potes
2914 1752 3011 1808 per
3045 1734 3481 1806 cleemosynam?
3506 1733 3584 1789 ln-

2014 1840 2093 1884 tra
2125 1844 2220 1900 per
2240 1830 2523 1899 jejunium.
2554 1828 2665 1884 Non
2695 1839 2843 1897 potes
2881 1830 2981 1882 hoc
3010 1828 3209 1884 modo?
3241 1828 3336 1881 Illo
3378 1826 3587 1881 saltem.

2013 1918 2126 1973 Non
2160 1928 2309 1989 potes
2353 1918 2484 1973 illo?
2522 1919 2645 1972 Alio
2692 1917 2991 1988 ingredere.
3034 1917 3159 1972 Ideo
3213 1934 3317 1971 non
3359 1920 3585 1972 ostendit

2012 2026 2236 2067 aureum
2262 2010 2657 2078 v'CStintetitum,
2687 2011 2781 2067 sed
2812 2011 3141 2065 deauratum.
3174 2013 3278 2065 Aut
3303 2012 3470 2065 serica
3498 2028 3584 2067 ve~

2014 2103 2110 2158 stis
2133 2112 2237 2169 est,
2270 2102 2351 2156 vel
2378 2115 2639 2173 purpurea
2666 2144 2680 2167 ,
2707 2103 2787 2156 vel
2817 2116 2998 2156 aurea.
3024 2100 3139 2156 Non
3169 2110 3316 2171 potes
3346 2118 3465 2156 esse
3493 2118 3581 2155 au—

2013 2195 2173 2277 reus?
2205 2195 2334 2252 Esto
2350 2195 2572 2255 scricus.
2601 2194 2845 2269 Suscipio
2863 2192 2934 2259 te,‘
2957 2202 3162 2253 tanttun
3179 2195 3230 2253 in
3252 2194 3585 2253 vestimento.

2012 2287 2137 2348 ideo
2161 2291 2355 2349 Paulus
2384 2311 2397 2346 :
2428 2293 2490 2349 Si
2515 2294 2624 2363 quis
2648 2293 2868 2362 (edi/ica!
2886 2308 3037 2359 super
3063 2291 3445 2362 fundamentum
3471 2293 3583 2355 hoc,

2011 2401 2213 2452 aurum,
2244 2394 2526 2457 argentum,
2575 2385 2767 2455 lapides
2796 2384 3041 2453 pretiosos
3086 2385 3106 2452 (
3133 2383 3183 2436 1.
3224 2380 3337 2437 Cor.
3368 2383 3422 2435 5.
3459 2382 3581 2449 19.).

2015 2477 2128 2532 Non
2160 2487 2311 2546 potes
2333 2491 2453 2533 esse
2483 2476 2614 2545 lapis
2637 2474 2942 2546 pretiosus?
2968 2473 3095 2527 Esto
3125 2488 3335 2528 aurum.
3360 2472 3474 2528 Non
3495 2487 3582 2542 po-

2010 2579 2092 2625 tes
2132 2585 2253 2625 esse
2298 2569 2525 2624 aurum!
2557 2569 2683 2623 Esto
2733 2576 3027 2637 argentum,
3073 2572 3273 2619 tantum
3314 2566 3365 2619 in
3397 2564 3581 2619 funda.

2009 2662 2218 2709 mento.
2248 2653 2317 2708 Et
2343 2653 2469 2706 alibi
2496 2666 2705 2706 rursum
2739 2668 2753 2706 :
2794 2651 2910 2704 Alia
2937 2651 3142 2703 claritas
3170 2648 3319 2713 solis,
3347 2649 3451 2701 alia
3475 2650 3576 2701 cla-

2007 2745 2133 2799 ritas
2160 2744 2312 2810 Iunce,
2343 2754 2389 2798 et
2414 2744 2517 2797 alia
2544 2743 2750 2797 claritas
2773 2741 3036 2796 stellarum
3062 2740 3081 2811 (
3111 2741 3160 2794 I.
3193 2738 3310 2794 Cor.
3343 2739 3430 2793 lii.
3469 2739 3581 2808 41),

2008 2833 2124 2889 Non
2149 2843 2299 2904 potes
2323 2848 2444 2889 esse
2467 2833 2586 2886 sol“!
2614 2832 2746 2886 Esto
2775 2831 2919 2885 luna.
2946 2830 3060 2885 Non
3091 2840 3242 2900 potes
3270 2844 3390 2884 esse
3418 2828 3579 2883 luna?

2007 2923 2138 2978 Esto
2168 2923 2344 2978 stella.
2370 2921 2484 2977 Non
2514 2933 2665 2992 potes
2704 2934 2824 2976 esse
2867 2934 3055 2991 magna
3102 2919 3345 2989 quaedam
3391 2919 3579 2973 Stella!

2013 3016 2141 3070 Esto
2171 3013 2361 3071 saltem
2392 3030 2588 3085 parva,
2619 3022 2821 3068 tantum
2868 3014 2943 3070 sis
2989 3014 3039 3067 in
3067 3012 3220 3068 cmlo.
3271 3011 3386 3067 Non
3432 3025 3579 3082 potes

2005 3121 2126 3163 esse
2145 3107 2335 3178 virgo?
2379 3106 2599 3177 Nuptias
2646 3105 2903 3163 contrahe
2944 3121 3063 3161 cum
3093 3106 3438 3172 continentia,
3487 3105 3579 3160 sed

2005 3208 2207 3256 tantum
2233 3200 2286 3255 in
2318 3198 2574 3255 Ecclesia.
2613 3197 2729 3253 Non
2757 3208 2907 3268 potes
2935 3211 3056 3251 esse
3094 3195 3413 3264 inops?Fac
3438 3196 3577 3250 elec-

2004 3304 2302 3362 mosynam,
2337 3297 2539 3344 tantum
2573 3289 2623 3343 in
2651 3287 2908 3355 Ecclesia,
2928 3295 3129 3341 tantum
3160 3287 3212 3340 in
3240 3286 3576 3349 vestimento,

2004 3394 2208 3439 tantum
2235 3382 2334 3438 sub
2358 3382 2561 3451 regina.
2598 3381 2918 3436 Deauratum
2950 3380 3349 3444 vestimentum,
3374 3377 3577 3432 varium

2000 3475 2395 3532 vestimentum.
2423 3474 2536 3529 Non
2562 3474 2653 3530 tibi
2684 3471 2908 3528 occlude
2937 3472 3076 3527 viam
3110 3489 3123 3526 :
3158 3472 3410 3526 virtutum
3437 3472 3577 3525 enim

2001 3569 2151 3639 copia
2180 3569 2339 3639 Regis
2364 3568 2813 3638 dispensationem
2853 3565 3061 3621 facilem
3085 3565 3278 3620 reddit.
3307 3563 3370 3617 In
3396 3564 3575 3618 vestitu

1999 3660 2241 3714 deaurato
2296 3658 2609 3713 circumdata
2632 3699 2647 3724 ,
2695 3657 2932 3711 uarietate
2975 3665 3173 3711 ornata.
3230 3654 3441 3707 Varium
3494 3662 3576 3709 est

1998 3750 2117 3819 ejus
2143 3750 2557 3806 vestimentum:
2590 3764 2651 3804 ac
2697 3750 2740 3802 si
2775 3747 2890 3812 vis,
2922 3745 3238 3816 profundum
3279 3745 3435 3811 hujus
3464 3758 3574 3797 ser-

1999 3842 2173 3897 monis
2201 3842 2426 3911 explica,
2454 3856 2518 3896 ae
2542 3840 2663 3895 vide
2684 3839 2930 3894 vestitum
2956 3837 3289 3893 deauratum.
3318 3836 3416 3890 Ilic
3429 3836 3575 3891 enim

1996 3941 2120 3988 sunt
2145 3931 2412 3994 monachi,
2435 3931 2525 3986 alii
2555 3928 2867 3985 bonorabile
2892 3926 3219 3984 connubium
3248 3925 3453 3994 colunt,
3472 3939 3566 3983 net

1995 4023 2218 4079 multum
2242 4023 2308 4077 ab
2338 4022 2441 4077 illis
2468 4021 2700 4087 distant;
2730 4020 2821 4074 alii
2847 4035 2981 4075 unas
2999 4030 3314 4076 contraxere
3335 4020 3566 4088 nuptias,

1993 4114 2112 4169 alia:
2140 4111 2314 4168 vidua:
2342 4122 2468 4168 sunt
2517 4120 2677 4166 actate
2721 4110 2995 4166 ﬂorentes.
3032 4109 3210 4176 Quare
3259 4109 3573 4180 paradisus?

1995 4219 2158 4275 quare
2171 4204 2385 4260 varius?
2404 4204 2616 4259 Habens
2645 4202 2850 4258 scilicet
2877 4205 3055 4258 varios
3075 4200 3253 4267 llores,
3273 4212 3329 4258 et
3349 4202 3572 4274 arbores

1991 4307 2048 4353 et
2074 4296 2269 4353 multas
2319 4295 2653 4366 margaritas.
2701 4293 2879 4350 Multa:
2924 4294 3110 4359 stellai,
3143 4294 3237 4350 sed
3274 4308 3411 4349 unus
3448 4294 3569 4359 sol;

1990 4387 2393 4451 multavivendi
2439 4401 2676 4457 genera,
2729 4385 2826 4442 sed
2869 4401 3006 4442 unus
3058 4384 3372 4457 paradisus;
3403 4384 3571 4440 multa

1991 4481 2209 4552 templa,
2230 4479 2325 4536 sed
2357 4495 2493 4536 unus
2523 4478 2801 4552 paradisus
2829 4498 2841 4534 :
2875 4481 3039 4536 multa
3079 4479 3272 4550 templa
3296 4520 3311 4547 ,
3342 4479 3440 4534 sed
3465 4494 3567 4533 una

1990 4583 2182 4628 mater.
2212 4572 2344 4627 Illud
2373 4581 2456 4628 est
2478 4587 2694 4643 corpus,
2718 4571 2847 4627 illud
2876 4572 3039 4639 oculi,
3066 4571 3193 4627 illttd
3215 4571 3410 4642 digitus
3430 4613 3446 4635 ,
3472 4571 3568 4651 sed

1989 4678 2176 4718 omnes
2204 4677 2359 4718 unus.
2392 4662 2624 4734 ldipsum
2654 4664 2795 4719 enim
2823 4672 2905 4719 est
2925 4676 3142 4733 parvum
3163 4702 3180 4729 ,
3213 4669 3267 4717 et
3293 4676 3567 4739 magnum,

1989 4764 2043 4812 et
2068 4756 2261 4810 minus.
2295 4754 2453 4826 Virgo
2479 4770 2612 4826 opus
2639 4754 2797 4810 habet
2844 4768 2905 4810 ea
2927 4793 2945 4820 ,
2970 4768 3088 4824 quae
3120 4761 3286 4823 nupta
3309 4761 3422 4809 est:
3443 4767 3566 4808 nam

1987 4846 2136 4917 virgo
2163 4861 2227 4902 ex
2258 4847 2455 4916 nuptiis
2478 4887 2492 4911 ,
2543 4860 2611 4900 ne
2657 4844 2866 4915 nuptias
2891 4852 3226 4914 aspernetur.
3282 4844 3439 4916 Virgo
3480 4856 3567 4899 est

1986 4940 2135 4995 radix
2161 4939 2484 5010 nuptiarum.
2535 4938 2724 4994 Omnia
2745 4938 3079 5011 copulantur,
3112 4953 3273 5009 parva
3320 4939 3523 5009 magnis
3547 4981 3561 4999 .

1990 5038 2047 5085 ct
2074 5044 2263 5102 magna
2282 5031 2479 5101 parvis.
2494 5029 2710 5095 Adstitit
2733 5030 2909 5101 regina
2932 5047 2962 5083 a
2983 5031 3170 5086 dextris
3195 5032 3293 5086 tuis
3320 5032 3375 5085 in
3391 5033 3567 5085 vestitu

1985 5123 2230 5180 deaurato
2255 5125 2587 5190 circumdata,
2611 5124 2853 5181 varietate
2888 5135 3068 5179 ornata
3105 5128 3124 5195 (
3158 5124 3303 5181 Psal.
3333 5125 3422 5179 44.
3455 5126 3564 5192 I0).

1983 5218 2133 5286 Quod
2160 5218 2421 5290 reliquum
2460 5228 2544 5275 est
2567 5260 2584 5284 ,
2616 5219 2770 5286 Audi,
2799 5218 2909 5287 ﬁlia
2937 5219 2955 5289 (
2984 5217 3127 5273 Psal.
3162 5216 3251 5272 44.
3275 5218 3309 5273 4
3334 5216 3378 5287 ).
3433 5217 3565 5271 Prn-

1982 5312 2156 5377 nubus
2193 5314 2289 5379 ait,
2321 5321 2373 5367 te
2402 5326 2737 5382 egressuram
2776 5326 2897 5366 esse
2940 5310 3007 5365 ad
3045 5323 3325 5379 sponsum,
3376 5310 3465 5378 qui
3513 5321 3562 5361 et

1982 5403 2273 5459 substantia
2296 5414 2351 5460 et
2376 5412 2565 5458 natura
2605 5403 2674 5457 sit
2710 5401 2866 5473 longe
2915 5402 3180 5473 superior.
3212 5401 3323 5471 Ego
3363 5415 3564 5470 pronu-

1981 5494 2102 5552 bus.
2150 5497 2307 5566 Audi,
2361 5496 2492 5567 ﬁlia.
2536 5497 2794 5552 Statimnc
2847 5494 2981 5550 facta
3022 5502 3109 5550 est
3136 5494 3310 5549 uxor?
3342 5494 3511 5547 Etiam
3547 5507 3560 5543 :

1983 5588 2114 5644 nihil
2138 5589 2281 5645 enim
2308 5588 2395 5647 bic
2418 5603 2756 5660 corporeum.
2774 5587 2982 5644 Etenim
3010 5596 3069 5643 ut
3088 5600 3307 5641 uxorem
3328 5585 3559 5655 despon-

1980 5679 2139 5752 savlt,
2170 5687 2229 5738 ut
2253 5680 2416 5738 [illam
2434 5679 2624 5750 diligit,
2655 5687 2713 5735 ut
2738 5678 2988 5734 ancillam
3017 5683 3187 5744 curat,
3218 5683 3273 5730 ut
3299 5673 3559 5745 virginem

2752 5762 2775 5784 ο
