4100 6196
389 326 485 381 ιιι

391 447 593 504 servat,
623 443 682 490 ut
707 433 918 488 hortum
964 443 1119 485 muro
1142 427 1330 497 pingit,
1361 434 1421 480 ut
1448 423 1746 479 membrum
1791 420 1972 485 fovet,

400 541 459 585 ut
485 535 643 597 caput
672 523 935 596 providet,
964 534 1019 576 ut
1046 521 1191 575 radix
1225 518 1465 587 pullulat,
1493 524 1553 570 ut
1578 524 1755 585 pastor
1777 513 1978 583 pascit,

397 633 454 674 ιιι
505 631 734 690 sponsus
767 616 1054 684 desponsat
1077 653 1091 678 ,
1122 619 1182 666 ut
1224 608 1649 679 propitiatorium
1676 606 1944 661 condonat
1965 644 1982 671 ,

399 711 602 766 utovis
632 706 960 770 immolatur,
994 712 1051 757 ut
1101 714 1332 770 Sponsus
1378 700 1429 753 in
1483 698 1683 753 decore
1731 710 1983 767 sponsam

401 808 704 862 conservat,
732 806 787 852 et
814 805 873 850 ut
898 795 976 847 vir
1001 792 1100 863 ipsi
1134 791 1397 862 providet.
1424 789 1573 844 Multi
1599 798 1722 843 sunt
1750 787 1988 855 variique

333 886 349 899 “
405 910 615 955 sensus,
644 903 702 945 ut
730 890 812 944 vel
845 887 1064 942 minima
1093 884 1506 955 dispensatiOnis
1551 890 1701 953 parte
1729 880 1986 935 fruamur.

404 988 559 1045 Audi,
582 985 712 1054 ﬁlia,
744 992 790 1037 et
816 980 927 1035 vide
948 989 1039 1048 ,et
1065 978 1318 1048 nuptialia
1345 976 1744 1047 spiritualiaque
1778 972 1990 1043 negotia

410 1079 631 1146 respice.
664 1074 827 1139 Audi,
856 1073 986 1141 ﬁlia.
1035 1071 1158 1125 Hmc
1185 1070 1331 1139 prius
1360 1069 1660 1123 dmmonum
1692 1065 1797 1119 ﬁlia
1834 1072 1946 1118 erat
1974 1103 1989 1129 ,

415 1172 522 1224 lilia
554 1178 711 1224 terrm
736 1209 751 1234 ,
804 1167 917 1236 ipsa
965 1164 1157 1220 tellure
1202 1161 1414 1233 indigna
1440 1178 1455 1225 ;
1500 1170 1553 1215 ct
1585 1173 1725 1214 nunc
1755 1158 1886 1211 facta
1913 1164 1995 1210 est

409 1262 514 1316 tilia
537 1260 697 1331 regis.
717 1258 773 1314 ld
794 1267 970 1323 autem
988 1255 1154 1311 voluit
1170 1254 1283 1323 ejus
1303 1262 1528 1308 amator.
1550 1251 1648 1319 Qui
1668 1257 1806 1305 amat
1825 1247 1993 1315 enim,

412 1355 637 1410 formam
678 1368 783 1407 non
813 1349 1075 1420 requirit;
1103 1362 1254 1402 amor
1302 1362 1407 1400 non
1438 1342 1658 1413 respicit
1678 1340 2000 1396 deformita-

415 1458 562 1513 tem;
617 1446 736 1501 ideo
787 1455 964 1499 autem
1014 1450 1232 1496 vocatur
1279 1448 1397 1511 εροις
1435 1479 1451 1504 ,
1515 1436 1637 1507 quia
1690 1435 1999 1505 plerumque

413 1541 715 1596 deformem
739 1546 903 1592 amat.
929 1536 1021 1591 Sic
1048 1543 1101 1588 et
1121 1532 1371 1588 Christus
1398 1528 1527 1585 fecit
1557 1547 1569 1583 :
1594 1526 1890 1583 deformem
1918 1524 1998 1578 vi-

415 1631 533 1701 dit(
564 1646 670 1685 non
699 1630 841 1685 enim
873 1628 1016 1683 illam
1047 1625 1341 1680 formosam
1363 1622 1589 1677 dixerim
1617 1622 1658 1691 ),
1690 1628 1745 1675 et
1779 1616 2000 1672 adama-

416 1723 493 1776 vit
529 1740 543 1777 :
584 1721 832 1791 illamque
857 1720 1094 1785 innovat,
1119 1726 1177 1771 ut
1224 1729 1328 1770 non
1364 1714 1557 1769 haheat
1586 1710 2004 1777 maculam,aut

420 1830 625 1885 rugam.
656 1812 701 1870 Ο
731 1828 984 1884 sponsum
1015 1818 1296 1865 oruantem
1323 1806 1712 1862 deformitatem
1752 1801 2001 1872 sponszel

421 1906 576 1971 Audi,
626 1905 757 1974 ﬁlia,
804 1902 961 1965 audi,
991 1912 1036 1957 et
1085 1900 1215 1955 vide.
1263 1899 1379 1952 Duo
1399 1894 1545 1960 dicit,
1576 1894 1744 1961 Audi,
1772 1901 1828 1948 et
1860 1890 2003 1947 Vide.

424 1997 540 2051 Duo
567 1997 682 2051 ltzec
711 2012 775 2049 ex
806 2003 860 2048 te
888 2001 1033 2058 sunt,
1064 1990 1190 2045 illud
1219 1988 1288 2070 ab
1313 1987 1506 2053 oculis,
1537 1985 1639 2040 hoc
1665 1984 1731 2039 ab
1765 1983 2004 2038 auribus.

424 2088 684 2155 Quoniam
712 2085 876 2158 igitur
900 2084 999 2139 dos
1025 2082 1143 2153 ejus
1167 2081 1218 2135 in
1245 2079 1428 2134 auditu
1460 2086 1577 2132 erat
1606 2075 1622 2147 (
1652 2076 1697 2131 si
1720 2075 1809 2144 qui
1836 2090 1903 2128 ex
1924 2086 2009 2128 vo-

428 2183 507 2237 bis
535 2181 742 2236 acutius
768 2176 1082 2249 praevident,
1107 2180 1417 2243 exspectent
1447 2180 1624 2225 tamen
1652 2167 2005 2223 inﬁrmiores:

424 2284 479 2329 et
497 2289 593 2328 vos
621 2270 780 2327 laudo
808 2275 1261 2339 praeoccupantes,
1288 2273 1341 2320 ct
1371 2262 1474 2318 illis
1495 2263 1710 2332 ignosco
1739 2256 2016 2327 sequenti—

432 2366 531 2419 bus
556 2364 596 2435 ).
629 2361 882 2433 quoniam
913 2358 1013 2414 dos
1033 2357 1149 2427 ejus
1177 2356 1229 2410 in
1257 2353 1443 2409 auditu
1467 2360 1581 2407 erat
1611 2349 1777 2421 (quid
1806 2357 1889 2403 est
1911 2388 1925 2413 ,
1956 2347 2009 2401 in

428 2454 647 2509 auditu?
677 2453 734 2507 in
785 2451 887 2507 ﬁde
918 2468 931 2503 :
962 2448 1101 2503 Nam
1120 2448 1247 2517 ﬁdes
1266 2462 1329 2501 ea:
1346 2444 1525 2499 auditu
1546 2442 1569 2517 [
1589 2442 1739 2497 Rom.
1773 2442 1860 2496 10.
1886 2437 2014 2513 17.]

434 2545 490 2600 In
518 2544 638 2609 lide,
673 2558 778 2598 non
810 2542 862 2596 in
895 2540 1144 2595 fruitione
1164 2579 1179 2605 ,
1216 2552 1317 2592 nec
1342 2537 1393 2591 in
1435 2533 1770 2605 experientia
1793 2531 1940 2587 omni
1971 2533 2012 2601 ),

436 2637 581 2704 prius
608 2634 746 2698 dixi,
768 2634 940 2704 ipsum
969 2630 1023 2687 in
1053 2629 1187 2687 duas
1218 2638 1396 2698 partes
1416 2626 1661 2681 divisisse
1678 2623 1857 2678 dotem
1876 2622 2013 2692 ejus,

431 2737 485 2781 et
513 2726 613 2779 alia
646 2726 743 2797 ipsi
788 2723 1001 2778 dedisse
1032 2735 1127 2792 pro
1151 2720 1471 2783 arrliabone,
1499 2716 1600 2771 alia
1631 2730 1756 2772 vero
1786 2715 1838 2769 in
1879 2714 2019 2767 futu-

437 2837 551 2875 rum
581 2829 793 2890 tempus
821 2816 1109 2887 pollicitum
1140 2828 1280 2869 csso.
1320 2811 1457 2880 Quid
1485 2810 1582 2880 ipsi
1612 2807 2019 2865 deditiPecca-

438 2923 612 2967 torum
638 2911 847 2966 veniam
882 2948 898 2974 ,
950 2905 1191 2977 supplicii
1243 2903 1610 2959 remissionem
1641 2942 1657 2963 ,
1711 2898 1970 2970 justitiam
2002 2937 2015 2962 ,

438 3001 936 3064 sanctiﬁcationem,
973 2996 1416 3068 redemptionem,
1445 3007 1640 3064 corpus
1670 2992 2016 3055 dominicum,

440 3108 679 3149 mensam
704 3092 938 3146 divinam
968 3105 1031 3145 ac
1068 3087 1425 3160 spiritualem,
1476 3094 1806 3140 mortuorum
1835 3097 2019 3138 resur-

440 3185 754 3240 rectionem.
801 3182 928 3236 ch
968 3180 1165 3251 quippe
1213 3178 1392 3233 omnia
1436 3176 1734 3231 habuerunt
1769 3172 2020 3244 apostoli.

440 3277 618 3348 llaque
655 3276 756 3330 alia
793 3274 974 3340 dedit,
1024 3271 1126 3326 alia
1158 3267 1443 3341 promisit:
1481 3267 1583 3321 alia
1611 3266 1665 3321 in
1695 3262 2021 3333 experientia

440 3379 594 3424 erant
619 3377 673 3423 et
706 3366 979 3431 fruitione,
1004 3364 1105 3418 alia
1146 3364 1198 3417 iu
1243 3376 1338 3431 spe
1363 3369 1419 3416 et
1453 3358 1578 3413 ﬁde.
1629 3357 1765 3413 Audi
1807 3356 2019 3410 iterum.

441 3459 581 3528 Quid
606 3457 793 3514 dedit?
819 3456 1108 3526 Baptisma,
1136 3451 1478 3506 sacriﬁcium.
1512 3449 1639 3503 lla-c
1667 3449 1718 3501 iu
1744 3446 2024 3516 experien-

447 3554 539 3608 tia.
571 3551 702 3627 Vide
748 3561 949 3605 autem.
1003 3547 1142 3615 Quid
1174 3544 1459 3616 promisit?
1512 3542 1975 3597 Resurrectioncm
2005 3579 2022 3604 ,

441 3657 728 3714 corporum
770 3640 1265 3709 incorruptionem,
1318 3636 1574 3691 unionem
1612 3648 1732 3688 cum
1780 3631 2022 3701 angelis,

443 3737 671 3792 choreas
696 3750 819 3791 cum
851 3732 1184 3803 archangelis
1205 3769 1220 3797 ,
1241 3731 1404 3783 vitam
1434 3727 1487 3782 in
1519 3726 1685 3796 ipsius
1710 3723 1980 3779 consortio
2008 3764 2024 3790 ,

444 3830 603 3882 vitam
660 3825 1035 3891 immortalem,
1085 3822 1224 3876 bona
1271 3820 1398 3888 Qua:
1440 3818 1616 3873 oculus
1668 3832 1767 3870 non
1808 3814 1951 3880 vidit,
1981 3821 2029 3867 et

446 3923 585 3976 auris
628 3938 729 3975 non
776 3920 1009 3983 audivit,
1072 3925 1117 3971 ct
1174 3916 1227 3970 in
1282 3930 1370 3968 cor
1418 3911 1635 3967 hominis
1693 3925 1794 3964 non
1855 3925 2028 3963 ascen-

444 4016 625 4068 derunt
650 4054 666 4081 ,
709 4029 820 4083 qua:
854 4010 1157 4083 preparavit
1187 4007 1325 4062 Deus
1350 4002 1672 4077 diligentibus
1715 4003 1804 4071 se(
1834 4002 1882 4056 1.
1909 3997 2025 4056 συν.

443 4106 636 4177 2.9).
1386 4132 1387 4137 γ

521 4196 609 4253 16.
640 4196 921 4267 lntelligite
946 4195 997 4250 id
1020 4235 1035 4260 ,
1073 4193 1216 4264 quod
1244 4192 1436 4248 dicitur
1455 4232 1470 4258 ,
1500 4205 1568 4245 ne
1600 4188 1831 4261 perdatis
1856 4185 1982 4242 illud
2017 4203 2031 4240 :

450 4289 573 4345 ideo
599 4287 806 4353 laboro,
840 4294 898 4341 ut
937 4283 1265 4354 intelligatis.
1294 4281 1350 4335 ln
1377 4281 1512 4336 duas
1537 4281 1695 4348 igitur
1720 4288 1895 4348 partes
1918 4285 2034 4333 erat

449 4383 547 4438 dos
566 4380 682 4451 ejus
701 4379 905 4444 divisa;
938 4379 990 4432 iu
1015 4376 1316 4447 praesentia,
1344 4383 1400 4429 et
1425 4375 1475 4428 in
1503 4372 1715 4439 futura;
1750 4372 1801 4427 in
1824 4386 1886 4428 ea
1914 4386 2035 4442 qua:

450 4478 601 4543 visu,
646 4484 702 4530 et
746 4474 798 4528 in
829 4487 890 4528 ca
920 4470 1041 4542 qua?
1066 4469 1246 4525 auditu
1290 4468 1654 4538 percipiuntur
1693 4483 1706 4517 :
1739 4465 1791 4518 in
1827 4480 1887 4518 ea
1916 4478 2034 4533 quae

450 4572 678 4636 dantur,
720 4576 774 4624 et
799 4567 851 4622 in
879 4581 941 4621 ea
962 4579 1080 4635 qua:
1103 4562 1392 4618 creduntur
1422 4577 1435 4613 :
1467 4561 1517 4613 in
1547 4574 1610 4613 ea
1636 4573 1755 4629 quae
1780 4556 1833 4610 in
1863 4570 2034 4626 expe-

451 4663 639 4720 rientia
659 4706 673 4729 ,
701 4669 756 4716 et
795 4661 847 4715 in
874 4673 936 4713 ea
963 4671 1080 4728 quae
1109 4656 1162 4710 in
1192 4653 1440 4709 fruitione
1469 4666 1481 4703 :
1513 4651 1565 4705 in
1593 4665 1653 4705 ea
1680 4664 1799 4719 qure
1826 4649 1876 4701 in
1904 4663 2037 4716 prac-

452 4756 591 4811 scnti
616 4755 758 4820 vita,
806 4761 860 4807 et
899 4753 952 4807 in
987 4765 1049 4804 ea
1079 4763 1198 4819 qute
1238 4753 1358 4816 post
1395 4740 1860 4799 resurrectionem.
1911 4738 2038 4793 llzcc

455 4847 621 4911 vides,
652 4845 740 4899 illa
768 4843 938 4899 audis.
972 4841 1105 4896 Vide
1132 4839 1289 4911 igitur
1309 4834 1432 4907 quid
1463 4834 1603 4889 dicat
1632 4832 1730 4898 illi,
1756 4839 1816 4886 ut
1842 4845 1909 4885 ne
1937 4845 2037 4899 pu-

456 4948 594 4994 taret
635 4937 776 5008 quod
816 4937 930 4992 lucc
957 4936 1128 4992 solum
1170 4931 1505 5001 accepisset:
1533 4929 1631 4983 etsi
1663 4939 1850 4996 magna
1885 4932 2040 4979 erant

454 5044 509 5087 et
532 5030 835 5094 ineffabilia,
883 5037 937 5083 et
976 5038 1212 5081 tuentem
1252 5039 1465 5079 onmem
1512 5019 1838 5090 superantia.
1884 5017 2038 5084 Audi,

458 5124 566 5192 ﬁlia
588 5163 602 5188 ,
645 5132 691 5174 et
735 5120 845 5172 vide
871 5133 892 5173 :
917 5118 1036 5173 audi
1074 5119 1162 5172 illa
1186 5159 1200 5180 ,
1249 5127 1303 5171 et
1330 5116 1444 5170 haec
1473 5112 1625 5177 vide;
1658 5119 1717 5165 ut
1751 5126 1818 5165 ne
1853 5109 2037 5162 dicas:

461 5212 768 5271 liursuut‘iu
810 5211 943 5281 spe?
971 5225 1180 5264 rursum
1215 5210 1264 5261 in
1298 5208 1442 5260 fide?
1485 5220 1693 5259 rursum
1726 5203 1777 5257 in
1818 5200 2043 5255 futuro?

463 5308 523 5360 Et
554 5306 677 5359 vide
703 5329 715 5357 :
747 5303 846 5356 alia
885 5301 957 5354 do
981 5341 994 5365 ,
1026 5301 1131 5352 alia
1162 5299 1452 5369 promitto:
1483 5297 1574 5350 illa
1616 5296 1798 5363 itaque
1841 5293 1892 5346 in
1925 5306 2040 5361 spe,

463 5398 577 5451 hare
601 5412 727 5452 vero
756 5396 935 5464 accipe
966 5391 1207 5462 pignora.
1241 5390 1353 5443 lucc
1378 5387 1562 5456 accipe
1583 5390 1635 5440 in
1663 5385 2041 5448 arrhabonem,

464 5495 577 5547 haec
600 5492 650 5545 in
667 5491 936 5561 specimen
965 5486 1164 5554 accipe.
1192 5484 1450 5537 Promitto
1472 5481 1564 5533 tibi
1593 5493 1815 5549 regnum
1845 5493 1857 5528 :
1882 5474 2045 5530 crede

463 5602 530 5641 ex
559 5582 926 5653 praesentibus,
954 5576 1112 5634 crede
1134 5574 1282 5630 mihi.
1314 5574 1553 5641 Regnum
1586 5568 1715 5623 mihi
1744 5563 2047 5638 promittis?

466 5680 662 5741 Etiam.
703 5674 854 5743 Quod
884 5672 1055 5742 majus
1079 5680 1193 5724 erat
1224 5668 1315 5721 tibi
1346 5666 1467 5720 dedi
1496 5706 1509 5729 ,
1543 5677 1734 5735 nempe
1761 5660 2043 5715 Dominum

466 5774 613 5850 regni
640 5816 654 5842 ,
692 5773 791 5847 Qui
819 5770 1023 5843 pmprio
1053 5765 1190 5822 Filio
1237 5781 1333 5821 non
1369 5761 1623 5834 pepercit,
1668 5759 1755 5815 sed
1783 5771 1875 5826 pro
1906 5753 2045 5810 nobis

1099 313 1154 367 S.
1194 310 1471 369 JOANNIS
1496 303 1967 392 ειιιιϊδοειυιιι
2009 304 2325 361 ARCIHEP.
2360 298 2892 377 ΟυδδΤΑΝΗλΟῙλ.

3559 285 3671 340 412

2086 416 2569 473 onmibus‘tradidit
2608 433 2752 482 eum;
2794 412 3042 485 quomodo
3086 426 3191 466 non
3235 409 3399 463 etiam.
3430 423 3547 463 cum
3585 408 3675 461 illo

2087 511 2259 564 omnia
2286 509 2428 563 nobis
2448 509 2652 563 donabit
2682 507 2854 580 (Rom.
2882 506 2935 560 8.
2970 501 3101 577 5‘2)?
3131 500 3675 559 Resurrectionemne

2088 601 2184 655 das
2209 600 2533 669 corporum?
2582 599 2779 654 Etiam.
2830 596 2982 666 Quod
3022 595 3193 666 majus
3237 602 3355 648 erat
3398 592 3490 646 tibi
3529 591 3672 646 dedi.

2089 691 2369 759 Quodnam
2399 690 2565 745 illud?
2589 689 2740 759 Quod
2780 688 3027 745 libereris
3047 704 3074 739 ιι
3104 694 3343 756 peccato.
3385 683 3503 752 Quo
3527 694 3679 753 pacto

2091 785 2264 852 majus
2307 795 2388 838 est
2436 782 2602 836 illud?
2650 781 2781 849 Quia
2840 789 3115 850 peccatum
3165 784 3395 831 mortem
3448 776 3676 845 ptperit.

2093 877 2312 931 Matrem
2343 875 2583 931 interfeci
2623 884 2678 930 et
2707 873 2869 928 ﬁlium
2896 888 3006 926 non
3032 868 3395 925 interficiant?
3426 869 3495 921 lt:
3508 867 3682 923 dicem

2093 969 2285 1024 arcfeci
2307 1011 2321 1035 ,
2362 977 2419 1023 et
2456 968 2684 1022 fructum
2711 981 2817 1021 non
2851 963 3223 1021 tollam?Audi
3243 1004 3259 1029 ,
3288 962 3432 1032 ﬁlia,
3465 970 3513 1015 et
3551 960 3681 1012 vide.

2098 1062 2234 1131 Quid
2267 1062 2520 1118 videam?
2555 1061 2790 1117 Mortuos
2827 1060 3112 1116 suscitatos
3132 1101 3148 1125 ,
3193 1059 3436 1127 leprosos
3459 1055 3684 1110 munda-

2100 1164 2202 1221 tos,
2232 1172 2378 1210 mare
2409 1155 2672 1211 frenatum
2698 1197 2713 1223 ,
2742 1153 3089 1225 paralyticqu
3130 1151 3184 1206 in
3211 1152 3450 1221 vigorem
3468 1152 3687 1205 restiti»

2101 1258 2213 1304 tum
2238 1292 2253 1317 ,
2305 1247 2609 1320 paradisum
2639 1256 2879 1318 apertum
2902 1287 2918 1313 ,
2965 1259 3132 1321 panes
3156 1243 3386 1299 ubertim
3414 1251 3684 1314 erogatos,

2103 1352 2320 1414 peccata
2347 1341 2517 1397 soluta
2539 1382 2555 1407 ,
2582 1340 2827 1395 claudum
2855 1336 3223 1393 subsilientem
3250 1375 3265 1402 ,
3293 1335 3555 1390 latronem
3593 1349 3685 1403 pa-

2103 1436 2264 1491 radisi
2309 1436 2480 1490 civem
2530 1432 2727 1488 factum
2754 1472 2770 1496 ,
2818 1430 3160 1501 publicanum
3205 1427 3259 1481 in
3305 1425 3686 1495 evangelistam

2107 1539 2396 1596 mutatum,
2425 1529 2762 1586 meretricem
2791 1525 2999 1594 virgine
3029 1520 3497 1579 continentiorem.
3526 1518 3688 1584 Audi,

2107 1637 2159 1680 et
2186 1625 2326 1680 vide.
2376 1622 2513 1678 Audi
2559 1622 2644 1676 illa
2673 1660 2689 1685 ,
2733 1618 2850 1673 lucc
2896 1616 3037 1670 vide.
3084 1615 3126 1668 A
3157 1610 3509 1683 praesentibus
3534 1623 3691 1679 argu-

2109 1723 2344 1771 mentum
2392 1712 2575 1782 accipe
2606 1728 2619 1765 :
2649 1709 2718 1767 de
2764 1707 2869 1763 illis
2911 1706 3071 1761 etiam
3121 1705 3342 1775 pignora
3382 1700 3506 1756 dedi
3547 1699 3689 1754 tibi:

2109 1808 2226 1863 hzec
2253 1808 2357 1863 illis
2383 1806 2603 1861 meliora
2631 1810 2774 1857 sunt.
2828 1799 3031 1870 Ecquid
3072 1796 3286 1852 tandem
3315 1794 3522 1849 dictura
3542 1807 3602 1848 es
3630 1792 3693 1845 ‘?

2111 1900 2225 1956 Mea
2248 1900 2365 1954 lucc
2388 1904 2529 1953 sunt.
2558 1895 2713 1959 Audi,
2743 1893 2871 1963 ﬁlia,
2890 1900 2937 1946 et
2963 1889 3094 1944 vide.
3120 1888 3245 1943 limo
3263 1885 3361 1941 dos
3386 1892 3530 1939 sunt.
3557 1881 3696 1951 Quid

2113 1990 2275 2048 infert
2300 1989 2539 2061 sponsa?
2574 1986 2879 2041 Videamus.
2924 1982 2988 2036 Et
3017 1989 3071 2034 tu
3099 1978 3299 2033 inferas
3332 1990 3563 2046 quoque.
3596 1973 3699 2028 Ec-

2113 2082 2239 2155 quid
2274 2092 2327 2137 tu
2355 2079 2604 2146 tandem,
2650 2085 2706 2131 ut
2744 2091 2814 2130 ne
2855 2085 3077 2128 maneas
3107 2067 3392 2125 indotata?
3434 2066 3547 2135 Ego
3570 2062 3698 2134 quid

2115 2153 2315 2245 possim
2346 2170 2544 2226 inferre
2564 2168 2630 2223 ab
2653 2165 2932 2230 altaribus,
2969 2178 2999 2216 a
3029 2160 3234 2225 nidore,
3264 2173 3292 2212 a
3321 2153 3700 2212 daemonibus?

2115 2243 2241 2334 quid
2265 2259 2597 2316 inferendum
2625 2255 2836 2311 habeo?
2866 2251 3047 2321 Quid?
3071 2250 3401 2304 Voluntatcm
3431 2254 3487 2301 et
3514 2243 3696 2298 ﬁdem.

2115 2354 2273 2421 Audi,
2303 2351 2433 2422 ﬁlia,
2464 2360 2509 2405 et
2534 2349 2665 2403 vide.
2700 2345 2902 2417 Ecquid
2921 2342 3002 2397 vis
3032 2339 3249 2395 iaciam?
3277 2337 3576 2392 Obliviscerc
3600 2350 3700 2403 ρο·-

2119 2449 2300 2521 pulum
2326 2457 2467 2499 tuum
2493 2441 2665 2515 (Psal.
2692 2422 2779 2495 ΣΗ.
2806 2437 2919 2509 11).
2952 2435 3121 2502 Quem
3149 2429 3444 2504 populum?
3489 2428 3688 2481 Daemo-

2120 2517 2254 2608 nas,
2287 2539 2461 2605 idola,
2494 2536 2720 2599 fumum,
2769 2530 3035 2594 nidorem,
3081 2524 3416 2595 sanguinem.
3466 2518 3531 2573 Et
3568 2517 3705 2583 vide,

2120 2647 2167 2692 et
2190 2634 2475 2690 obliviscere
2503 2629 2748 2701 populum
2770 2637 2907 2679 tuum
2926 2662 2944 2689 ,
2975 2631 3020 2675 et
3050 2622 3256 2674 domum
3291 2616 3448 2687 patris
3474 2612 3565 2665 tui.
3611 2608 3703 2663 ιιι-

2121 2730 2276 2785 mitte
2302 2733 2503 2797 patrem
2528 2760 2543 2786 ,
2575 2729 2631 2776 et
2658 2718 2725 2773 ad
2753 2732 2838 2771 me
2862 2714 3002 2769 veni.
3036 2711 3151 2782 Ego
3176 2710 3391 2764 l’atrcm
3416 2702 3616 2767 dimisi,
3646 2712 3704 2756 et

2121 2822 2188 2877 ad
2219 2832 2269 2874 te
2293 2792 2412 2871 veni
2439 2856 2454 2882 ,
2502 2821 2554 2867 et
2583 2821 2637 2866 tu
2663 2824 2769 2864 non
2799 2802 3037 2861 dimittes
3083 2802 3295 2857 Patrem
3325 2794 3510 2852 tuum?
3537 2792 3710 2848 Czcter

2122 2929 2241 2970 rum
2264 2909 2390 2966 illud
2415 2949 2430 2974 ,
2458 2904 2669 2968 dimisi,
2695 2902 2763 2957 de
2790 2898 2926 2954 Filio
2965 2895 3164 2950 dictum
3184 2933 3200 2959 ,
3230 2906 3297 2945 ne
3326 2891 3394 2944 ita
3422 2885 3706 2955 intelligas,

2124 3003 2272 3075 quasi
2319 2995 2598 3053 dimiserit.
2652 2992 2734 3048 Me
2770 2989 2864 3046 tibi
2891 2982 3237 3054 attemperavi
3263 3022 3277 3046 ,
3307 2977 3709 3049 dispensatione

2125 3071 2253 3150 usus
2278 3106 2418 3156 sum,
2446 3100 2661 3143 carnem
2691 3079 2975 3151 assumpsi.
3007 3076 3119 3132 Hoc
3141 3071 3345 3144 sponsi,
3370 3071 3472 3124 hoc
3498 3082 3710 3137 sponsa:

2125 3195 2209 3243 est
2233 3225 2247 3249 ,
2278 3194 2336 3238 ut
2363 3181 2726 3249 relinquamus
2751 3179 3030 3243 parentes,
3063 3173 3119 3222 et
3146 3177 3245 3220 nos
3271 3170 3455 3217 mutuo
3492 3157 3711 3228 copule~

2126 3296 2267 3336 mur.
2311 3275 2477 3339 Audi,
2510 3270 2640 3342 ﬁlia,
2670 3277 2716 3323 et
2742 3266 2873 3330 vide,
2903 3272 2948 3318 et
2973 3260 3263 3317 obliviscere
3281 3254 3525 3327 paparium
3548 3263 3709 3314 tuum,

2127 3382 2173 3428 et
2194 3371 2397 3425 domum
2424 3363 2584 3437 patris
2611 3360 2700 3414 tui.
2750 3354 2952 3426 Ecquid
2991 3350 3122 3407 mihi
3156 3348 3284 3410 das,
3314 3346 3360 3400 si
3389 3341 3711 3400 obliviscar?

2127 3462 2198 3518 Et
2217 3433 2533 3530 concupiscet
2572 3468 2666 3508 rex
2701 3450 2930 3503 decorem
2960 3455 3099 3498 tuum
3124 3439 3288 3509 (Ibid.
3316 3453 3363 3492 v.
3397 3434 3509 3506 12).
3540 3433 3716 3487 llabes

2129 3529 2421 3611 amatorem
2451 3547 2754 3604 Dominum.
2775 3540 2834 3597 Si
2864 3540 3008 3594 illum
3038 3543 3329 3590 amatorem
3354 3529 3570 3594 habeas,
3596 3542 3717 3597 qua:

2131 3650 2274 3704 illius
2322 3653 2446 3701 sunt
2485 3641 2666 3708 utique
2706 3633 2874 3690 habes
2899 3649 2912 3685 :
2942 3631 2987 3685 si
3019 3638 3196 3682 tamen
3222 3622 3363 3694 quod
3404 3620 3605 3674 dictum
3631 3624 3719 3671 est

2133 3739 2347 3813 possitis
2399 3732 2693 3802 intelligere
2726 3746 2740 3782 :
2773 3723 2983 3781 subtilis
3032 3720 3227 3792 quippe
3274 3722 3357 3771 est
3406 3710 3716 3773 sententia;

2131 3833 2362 3902 veloque
2378 3826 2684 3883 Jndznor-um
2705 3819 2937 3888 linguam
2965 3823 3247 3868 consuere.

2206 3894 2545 3980 Pulchritudo
2586 3911 2813 3984 corporis
2847 3923 2912 3962 ea:
2945 3913 3128 3960 natura
3156 3916 3175 3965 ;
3220 3899 3406 3953 auium:
3442 3911 3506 3950 ea:
3539 3894 3721 3947 virtute

2136 4013 2489 4090 proﬁciscitur.
2518 4037 2593 4050 —-
2617 3982 2721 4061 sed
2752 4001 2838 4056 hic
2858 4006 3089 4054 mentem
3110 3991 3361 4047 adhibete
3392 4006 3408 4043 :
3437 3988 3548 4041 sive
3574 3982 3718 4037 enim

2137 4085 2255 4182 quis
2281 4107 2495 4172 audiat,
2525 4102 2642 4157 sive
2667 4112 2773 4153 non
2793 4136 2808 4162 ,
2853 4106 2954 4163 ego
2984 4088 3124 4143 fodio
3144 4128 3159 4152 ,
3187 4098 3286 4153 ego
3315 4091 3510 4137 terram
3540 4085 3722 4182 amtro

2135 4167 2343 4259 scindo.
2388 4167 2557 4259 Audi,
2600 4191 2744 4260 ﬁlia,
2782 4195 2829 4241 et
2865 4182 3011 4247 vide,
3061 4188 3106 4233 et
3149 4174 3439 4231 obliviscere
3478 4167 3724 4240 populum

2136 4304 2279 4351 tuum
2298 4334 2312 4357 ,
2335 4298 2382 4345 et
2414 4288 2619 4342 domum
2644 4280 2801 4353 patris
2826 4277 2930 4341 tui,
2961 4283 3008 4329 et
3042 4268 3354 4338 concupiscet
3385 4279 3475 4318 rea:
3493 4264 3724 4316 decorem

2139 4350 2310 4438 tuum.
2332 4380 2431 4435 Hic
2446 4350 2695 4432 decorem
2719 4411 2734 4436 ,
2758 4368 2848 4440 qui
2878 4377 3099 4422 sensum
3132 4365 3328 4421 movet,
3359 4353 3608 4424 intelligit
3629 4350 3726 4407 Ju-

2141 4478 2321 4541 dtcus;
2353 4487 2457 4527 non
2488 4464 2840 4539 spiritualem,
2870 4458 2962 4514 sed
2994 4466 3333 4524 corporeum.

2213 4537 2562 4624 i7.vAttend—c
2585 4599 2602 4626 ,
2634 4556 2903 4612 discamus
2941 4564 3060 4619 qua:
3106 4546 3176 4600 sit
3207 4556 3462 4612 corporea
3494 4537 3729 4608 pulchri-

2144 4662 2290 4724 tudo,
2310 4630 2376 4711 ‘ct
2403 4669 2521 4725 qum
2549 4646 2860 4721 spiritualis.
2908 4643 3000 4696 Est
3028 4639 3227 4703 anima,
3258 4644 3340 4690 est
3366 4644 3583 4700 corpus,
3605 4629 3727 4682 dna:

2142 4718 2454 4810 substantiae
2471 4718 2628 4808 sunt;
2668 4748 2750 4795 est
2780 4731 3111 4807 pulchritudo
3130 4725 3373 4797 corporis
3390 4764 3405 4790 ,
3433 4729 3487 4776 et
3515 4728 3594 4774 est
3614 4718 3725 4788 pul-

2143 4840 2388 4901 chritudo
2405 4837 2617 4894 animae.
2638 4832 2769 4901 Quae
2783 4837 2864 4891 est
2882 4819 3222 4897 pulchritudo
3236 4811 3514 4886 corporis?
3535 4811 3737 4881 Super-

2144 4937 2323 4993 cilium
2352 4941 2630 4988 extensum
2655 4966 2669 4989 ,
2717 4920 3002 4978 subridens
3040 4914 3211 4987 gratia
3249 4910 3527 4966 oculorum
3553 4947 3569 4972 ,
3596 4919 3735 4975 gena

2146 5031 2343 5087 rubens
2363 5069 2378 5093 ,
2420 5024 2557 5079 labia
2587 5018 2816 5093 puniceo
2841 5013 3041 5075 colore,
3073 5007 3268 5063 collum
3297 5012 3555 5065 erectum,
3580 5013 3735 5053 coma

2149 5120 2338 5176 leuiter
2382 5116 2682 5176 ﬂuctuans,
2731 5106 2881 5177 digiti
2923 5098 3218 5174 prmlongi,
3256 5103 3459 5149 statura
3505 5098 3735 5150 arrecta,

2148 5211 2349 5268 candor
2377 5206 2742 5263 cfﬁorescens.
2790 5198 2914 5252 [lare
2955 5188 3298 5264 pulchritudo
3327 5182 3570 5254 corporis
3599 5180 3681 5234 vel
3704 5195 3738 5232 a

2150 5312 2338 5357 natura
2362 5338 2381 5363 ,
2419 5299 2503 5351 vel
2531 5311 2560 5348 a
2602 5293 2876 5346 voluntate
2896 5284 3147 5340 efﬁcitur.
3203 5281 3258 5333 In
3285 5275 3530 5332 confesso
3557 5279 3739 5325 autem

2150 5403 2234 5451 est
2261 5409 2290 5446 a
2333 5361 2520 5445 natura
2563 5379 2848 5452 proﬁcisci.
2903 5373 3134 5433 Attende
3181 5380 3241 5425 ut
3293 5361 3740 5438 pltiloSOpborum

2152 5481 2470 5542 sententiam
2500 5478 2729 5532 ediscas.
2782 5471 2910 5525 Haec
2954 5458 3329 5538 pulchritudo,
3382 5456 3495 5511 sive
3536 5452 3738 5514 vultus,

2154 5578 2266 5632 sive
2294 5574 2596 5635 oculorum,
2625 5581 2721 5621 seu
2747 5577 2913 5619 coma:
2934 5601 2949 5626 ,
2981 5572 3073 5613 seu
3100 5551 3321 5618 frontis,
3352 5548 3433 5604 vel
3463 5560 3494 5600 ι
3526 5555 3741 5601 natura.

2220 5759 2237 5793 ι
2273 5751 2433 5813 Savil.,
2459 5746 2633 5814 etquid
2659 5742 2747 5804 vis,
2772 5740 2941 5805 inquit.
