4100 6196
282 234 392 290 ιςδ

284 355 372 406 vel
400 365 432 404 a
460 348 736 404 voluntate
786 347 1029 404 efﬁcitur.
1077 349 1255 404 Palam
1298 362 1381 406 est
1420 368 1450 406 a
1489 363 1673 408 natura
1709 354 1871 412 efﬁci.

278 444 413 499 Nam
435 441 693 497 deformis
709 443 920 497 etiamsn
944 442 1233 497 innumeris
1252 454 1430 499 utatur
1447 447 1704 512 artificiis,
1731 448 1873 518 quod

276 536 346 589 ad
373 549 573 604 corpus
597 534 817 596 attinet,
849 531 1076 587 formosa
1113 534 1253 589 efﬁci
1281 537 1463 605 nequit
1487 553 1501 590 :
1530 538 1724 593 ctenim
1753 554 1872 608 quin

275 638 403 682 sunt
426 644 456 682 a
484 636 673 681 natura
694 668 709 693 ,
743 626 961 681 immota
984 638 1221 693 manent,
1245 628 1462 683 deﬁnita
1493 631 1751 696 terminis,
1781 632 1870 702 qui

276 719 544 787 prmteriri
582 727 874 789 nequeunt.
920 717 1050 786 Quae
1074 719 1233 788 igitur
1259 719 1477 789 pulchra
1506 730 1587 776 est
1613 763 1627 787 ,
1657 735 1872 791 semper

273 819 363 866 est
387 809 631 880 pulchra,
662 809 764 865 etsi
793 809 938 863 nullo
960 820 1141 864 utatur
1167 811 1392 867 artiﬁcio
1417 829 1430 876 ;
1459 812 1714 868 deformis
1740 830 1869 870 vero

271 917 338 957 se
370 901 657 955 formosam
688 901 864 956 facere
893 901 1115 971 nequit,
1160 917 1261 957 nec
1291 901 1521 959 formosa
1550 904 1870 962 deformem.

269 993 501 1062 Quare?
522 992 654 1058 Quia
687 1000 893 1046 naturae
920 1001 1043 1047 sunt
1068 992 1203 1049 haec.
1232 993 1495 1050 Vidistine
1525 1010 1653 1065 ergo
1678 1011 1871 1065 corpo«

271 1101 422 1140 ream
451 1082 943 1155 pulchritudinem?
979 1083 1177 1139 Eamus
1208 1085 1353 1140 intus
1379 1086 1443 1141 ad
1471 1088 1705 1142 animam
1732 1106 1745 1142 :
1774 1105 1870 1143 au-

269 1174 389 1230 cilla
436 1175 709 1230 dominam
758 1174 933 1229 adeat.
990 1173 1072 1230 Ad
1122 1176 1352 1231 animam
1396 1177 1673 1233 ducamus.
1735 1180 1870 1236 Vide

269 1267 723 1341 pulchritudinem
755 1268 900 1323 illaut
926 1309 942 1334 ,
990 1268 1098 1322 into
1140 1270 1317 1338 potius
1359 1270 1509 1337 audi;
1562 1287 1668 1326 non
1717 1280 1869 1342 potes

267 1365 414 1419 enim
443 1364 592 1417 illam
619 1361 802 1417 videre
830 1378 844 1414 :
875 1361 1158 1417 invisibilis
1183 1363 1379 1432 quippe
1403 1372 1504 1418 est.
1558 1364 1692 1418 Audi
1721 1365 1866 1419 illam

267 1453 727 1525 pulchritudinem
792 1452 928 1520 Quid
965 1453 1127 1523 igitur
1150 1462 1233 1508 est
1260 1454 1453 1509 anima:
1482 1455 1868 1524 pulchritudo?

267 1545 670 1615 Temperantia,
698 1544 957 1600 modestia
975 1586 988 1607 .
1015 1544 1378 1618 eleemosyna,
1400 1547 1617 1616 caritas,
1646 1547 1865 1603 fratrum

268 1653 467 1704 amor,
519 1636 850 1707 benignitas,
900 1635 1247 1706 obsequentia
1293 1638 1398 1691 Deo
1425 1640 1691 1709 pt'mslilzt,
1732 1639 1866 1709 legis

268 1729 579 1786 observatio
598 1768 616 1795 ,
640 1727 870 1798 justitia,
898 1729 1149 1784 contritio
1173 1729 1356 1785 animi.
1391 1731 1516 1786 llmc
1535 1732 1727 1786 animae
1749 1733 1864 1802 pul-

267 1820 544 1876 chritudo.
577 1820 700 1875 llaec
722 1821 901 1891 itaque
926 1829 1129 1875 naturae
1156 1836 1261 1875 non
1292 1830 1436 1889 sunt,
1462 1822 1556 1877 scd
1585 1824 1862 1894 prepositi.

274 1913 358 1983 Ea
386 1915 474 1992 qui
504 1928 609 1967 non
638 1913 835 1977 habet,
863 1911 1084 1981 adipisci
1121 1923 1334 1982 potest:
1359 1914 1449 1984 qui
1480 1913 1674 1979 habet,
1705 1915 1751 1968 si
1777 1930 1868 1970 su-

276 2008 413 2078 pine
438 2022 497 2062 se
520 2015 691 2077 gerat,
732 2008 913 2077 utique
940 2007 1133 2075 perdit.
1174 2006 1242 2062 Ut
1270 2007 1414 2062 enim
1440 2005 1507 2061 de
1532 2021 1757 2076 corpore
1786 2005 1867 2061 di-

269 2102 466 2157 cebam
491 2141 508 2165 ,
540 2099 835 2156 deformem
862 2116 970 2154 non
1010 2115 1167 2170 posse
1199 2100 1488 2155 formosam
1523 2100 1678 2157 ﬁeri:
1708 2100 1786 2157 sic
1812 2110 1868 2171 et

271 2193 346 2249 de
369 2193 543 2249 anima
572 2193 904 2248 contrarium
933 2192 1090 2260 dico,
1139 2191 1434 2248 deformem
1479 2191 1710 2247 animam
1760 2192 1868 2247 for-

270 2301 480 2342 mosam
503 2286 816 2357 ﬁeriposse.
849 2284 982 2352 Quid
1007 2284 1149 2342 enim
1178 2286 1356 2341 anima
1373 2284 1522 2340 Pauli
1552 2285 1863 2350 deformius,

269 2378 488 2444 quando
514 2379 860 2448 blasphemus
884 2390 938 2434 et
965 2378 1387 2434 contumeliosus
1410 2378 1562 2434 erat?
1588 2378 1713 2449 quid
1739 2394 1866 2434 vero

271 2470 562 2526 formosius
593 2471 702 2537 illa,
730 2485 849 2526 cum
877 2470 1080 2526 diceret
1098 2488 1123 2529 .:
1151 2469 1350 2524 Bonum
1379 2480 1629 2524 certamen
1653 2471 1863 2536 certavi,

270 2579 478 2617 cursum
497 2562 860 2629 consummavi,
888 2563 1043 2631 [idem
1062 2562 1255 2617 servavi
1276 2561 1352 2634 (2.
1375 2560 1504 2615 Tim.
1532 2560 1587 2617 4.
1615 2560 1709 2633 7)?
1729 2561 1865 2629 Quid

269 2653 571 2710 deformius
605 2655 781 2709 anima
820 2654 1078 2709 latronis?
1124 2654 1250 2724 quid
1281 2662 1466 2710 contra
1490 2652 1774 2708 formosius
1802 2669 1864 2709 ea

262 2747 650 2813 eumaudivit,
678 2747 836 2802 Amen
861 2788 875 2810 ,
898 2746 1011 2801 dico
1037 2747 1147 2813 tibi,
1177 2746 1326 2800 hodie
1343 2734 1538 2800 mecum
1566 2746 1665 2799 eris
1690 2746 1742 2799 in
1772 2762 1865 2816 pa-

269 2841 450 2895 radiso
492 2843 517 2911 (
539 2839 667 2894 Luc.
704 2840 797 2896 25.
842 2840 982 2911 ιδῃ
1030 2839 1167 2908 Quid
1214 2839 1506 2894 deformius
1558 2839 1860 2910 publicano,

271 2932 491 3004 quando
516 2931 793 3002 rapiebat?
848 2931 973 3002 quid
1004 2946 1135 2985 vero
1169 2929 1452 2984 formosius
1475 2928 1566 2983 illo
1590 2970 1607 2996 ,
1649 2928 1867 2999 quando

271 3024 547 3098 propriam
570 3022 738 3078 edidit
755 3022 1074 3078 sententiam
1096 3021 1121 3075 ?
1145 3021 1308 3077 Vides
1336 3030 1387 3076 te
1415 3019 1640 3075 formam
1669 3034 1865 3090 corpo-

273 3121 356 3174 ris
379 3130 487 3173 non
531 3129 691 3187 posse
740 3123 947 3169 mutare
979 3130 993 3167 :
1028 3129 1133 3168 non
1182 3112 1324 3168 enim
1369 3111 1736 3168 id.voluntatis
1758 3119 1863 3178 est,

272 3209 372 3266 sed
414 3218 639 3263 naturzc.
685 3206 893 3263 Anima:
922 3221 1050 3264 vero
1092 3205 1258 3260 decor
1285 3220 1348 3260 ex
1400 3204 1673 3274 proposito
1710 3202 1865 3257 nobis

270 3309 636 3371 comparatur.
666 3300 963 3370 Accepistis
989 3298 1349 3373 deﬁnitiones.
1377 3296 1520 3366 Quas
1546 3295 1715 3352 vero?
1743 3295 1865 3350 Pul-

268 3393 633 3451 chritudinem
669 3393 860 3449 animae
885 3408 954 3449 ex
992 3391 1337 3462 obsequentia
1376 3402 1503 3461 erga
1545 3388 1708 3442 Deum
1740 3401 1866 3458 pro-

304 3588 600 3610 ,ιη-...-

1174 233 1314 292 CL'M
1352 234 1785 298 SATURNNUS
1816 242 1903 298 ET
1940 244 2397 309 AUllELlANUS.
2442 250 2594 309 ETC.

3458 278 3563 335 4ίό

1982 358 2166 415 ficisci.
2192 362 2246 417 Si
2278 364 2420 419 enim
2448 365 2704 424 deformis
2735 370 2909 427 anima
2949 373 3057 431 Deo
3087 378 3562 450 obtemperaverit.

1908 524 1911 531 Α
1978 450 2372 551 deformitatem
2397 458 2563 527 ponit,
2583 469 2635 513 et
2668 462 2895 519 formosa
2912 467 3162 526 efficitur.
3184 470 3359 533 Saule.
3380 474 3561 551 Stude,
3576 496 3589 523 <

1977 543 2103 613 quid
2125 561 2203 598 me
2230 549 2541 617 persequeris
2565 551 2590 603 ξ)
2638 549 2880 627 Ille‘vera
2906 596 2921 617 ,
2965 556 3030 610 Et
3052 561 3164 630 quis
3190 579 3240 616 es
3263 605 3279 625 ,
3306 564 3521 623 Domine

1979 636 2091 707 Ego
2132 654 2247 694 sum
2288 640 2439 695 Iesus
2465 643 2603 712 (Act.
2632 645 2685 699 9.
2719 646 2772 701 4.
2823 649 2904 717 5).
2951 649 3017 704 Ει
3047 652 3317 719 obedivit,
3346 668 3400 712 et
3428 661 3560 715 obe-

1976 729 2175 785 dientia
2202 732 2493 789 deformem
2521 737 2752 792 animam
2782 737 3071 797 formosam
3099 745 3294 801 effecit.
3327 748 3502 805 Rursu

1993 820 2285 892 publicano
2313 822 2446 878 dicit
2480 843 2494 879 :
2534 824 2680 892 Veni,
2710 843 2918 897 sequere
2947 846 3026 883 me
3060 831 3266 899 (Matth.
3293 832 3347 887 9.
3380 834 3456 902 9).
3497 833 3563 887 Et

1990 911 2229 985 surrexit
2260 912 2600 982 publicanus,
2638 917 2924 987 factusque
2950 928 3033 974 est
3073 923 3352 988 apostolus
3399 943 3413 978 :
3462 923 3559 977 de-

1989 997 2184 1053 formis
2202 1001 2382 1055 anima
2408 1001 2644 1059 formosa
2666 1005 2855 1060 effecta
2872 1016 2972 1063 est.
2993 1008 3310 1066 Undenam?
3338 1010 3411 1066 Ex
3426 1002 3560 1069 ’δὺο-

1986 1089 2211 1146 dientia.
2234 1090 2473 1150 Rursum
2500 1097 2867 1165 piscatoribus
2897 1101 3028 1156 dicit
3054 1119 3068 1157 :
3102 1102 3280 1159 Venite
3310 1115 3426 1173 post
3451 1124 3552 1168 me,

1985 1189 2036 1236 et
2059 1182 2253 1252 faciam
2279 1202 2364 1240 vos
2380 1187 2498 1255 ﬁeri
2518 1190 2808 1258 piscatores
2827 1192 3092 1248 hominum
3123 1194 3338 1265 (Matth.
3363 1197 3418 1251 4.
3448 1199 3553 1267 l9).

1984 1287 2161 1344 exque
2207 1277 2515 1335 obedientia
2545 1282 2787 1351 ipsorum
2820 1301 2975 1341 mens
3004 1285 3240 1343 formosa
3273 1289 3412 1345 facta
3446 1301 3552 1348 est.

1983 1363 2083 1421 llic
2102 1368 2380 1424 videamus
2397 1387 2558 1441 quam
2578 1375 2721 1429 dicat
2740 1376 3217 1445 pulcln'itndinem.
3238 1383 3397 1448 Audi,
3415 1383 3553 1445 ﬁlia,

1973 1470 2019 1513 et
2049 1460 2159 1515 vide
2180 1503 2195 1528 ,
2226 1472 2272 1515 et
2296 1464 2585 1517 obliviscere
2607 1466 2852 1534 papulum
2878 1476 3016 1520 tuum
3034 1509 3049 1532 ,
3081 1477 3129 1522 et
3162 1467 3367 1523 «(ornum
3403 1472 3559 1539 patris

1975 1551 2082 1615 tui,
2131 1562 2177 1605 et
2203 1554 2517 1621 concupiscet
2546 1571 2636 1609 rea:
2660 1555 2887 1610 decorent
2912 1567 3070 1613 tuum.
3115 1558 3285 1626 Quem
3312 1560 3556 1616 deCorem

1973 1642 2349 1712 Concupiscet?
2388 1643 2583 1717 Utique
2619 1651 2830 1701 animae.
2867 1648 3181 1704 Uudcnam?
3228 1652 3358 1719 Quia
3398 1653 3557 1709 oblita

1970 1741 2073 1788 est.
2108 1732 2274 1798 Dicit,
2317 1734 2451 1789 Audi
2478 1736 2635 1806 igitur
2657 1778 2673 1801 ,
2707 1747 2753 1792 et
2777 1737 3082 1794 obliviscere.
3121 1741 3247 1797 llrc
3273 1743 3560 1799 voluntatis

1973 1834 2113 1880 sunt.
2142 1826 2298 1891 Audi,
2326 1830 2417 1882 ait.
2445 1828 2706 1885 Deformis
2725 1831 2890 1894 audit.
2915 1841 2968 1886 et
2991 1832 3299 1888 deformitas
3317 1837 3573 1906 corporis,

1974 1931 2077 1971 non
2108 1918 2349 1973 solvitur.
2388 1920 2479 1973 Dic
2509 1921 2789 1988 peccatrici
2815 1921 3029 1988 animae,
3058 1924 3193 1978 Audi
3225 1945 3238 1981 :
3270 1934 3327 1981 et
3352 1927 3396 1980 si
3422 1926 3553 1983 obe-

1971 2008 2078 2064 diat
2102 2051 2117 2077 ,
2151 2010 2271 2065 vide
2294 2010 2435 2081 quali
2460 2011 2656 2066 decore
2681 2020 2923 2067 ornetur.
2952 2014 3084 2081 Quia
3109 2015 3268 2085 igitur
3295 2015 3522 2072 deformi
3539 2049 3553 2057 -

1973 2108 2054 2155 tas
2091 2115 2304 2171 sponsa:
2340 2116 2447 2155 non
2486 2111 2602 2157 erat
2643 2102 2900 2159 naturalis
2922 2145 2938 2171 ,
2991 2104 3091 2162 sed
3113 2104 3406 2162 voluntaria
3428 2107 3556 2181 (non

1972 2190 2114 2245 enim
2151 2191 2394 2247 audierat
2424 2192 2589 2247 Deum
2613 2234 2629 2260 ,
2658 2193 2752 2248 sed
2794 2197 3134 2264 prxvaricata
3157 2195 3351 2270 fuerat)
3378 2240 3394 2265 ,
3439 2199 3558 2256 ideo

1972 2280 2074 2336 alia
2104 2280 2247 2337 illam
2289 2283 2551 2338 medicina
2594 2283 2760 2340 ducit.
2817 2285 3078 2341 Deformis
3116 2287 3275 2357 igitur
3304 2288 3439 2344 facta
3476 2307 3555 2356 es,

1974 2388 2079 2427 non
2123 2389 2189 2430 ex
2227 2384 2448 2439 natura,
2490 2375 2585 2431 sed
2623 2392 2690 2431 ex
2727 2377 3043 2455 voluntate:
3073 2388 3126 2434 ct
3164 2394 3231 2435 ex
3257 2380 3557 2437 obedientia

1975 2466 2205 2520 formosa
2229 2465 2362 2521 facta
2385 2484 2463 2520 es.
2483 2467 2637 2531 Audi,
2661 2469 2791 2537 ﬁlia,
2811 2479 2857 2523 et
2874 2469 3002 2535 vide,
3021 2480 3069 2524 et
3089 2471 3377 2527 obliviscere
3391 2489 3558 2543 popu-

1974 2555 2080 2611 lum
2109 2566 2281 2624 tuum,
2314 2568 2359 2612 et
2380 2557 2587 2611 domum
2611 2561 2770 2628 patris
2797 2560 2870 2613 tui
2894 2575 2912 2614 :
2937 2570 2984 2615 et
3007 2562 3325 2631 concupiscet
3354 2580 3447 2617 rex
3469 2564 3557 2617 de-

1974 2664 2139 2703 corem
2159 2658 2320 2702 tuum.
2359 2648 2556 2704 Deinde
2584 2660 2641 2705 ut
2669 2650 2866 2716 discas,
2895 2667 3017 2705 eum
3047 2651 3133 2706 hic
3153 2652 3283 2706 nihil
3309 2654 3560 2711 sensibile

1974 2740 2175 2807 dicere,
2204 2754 2324 2794 cmn
2351 2741 2504 2797 audis
2547 2741 2990 2812 pulchritudinem
3016 2786 3032 2807 ,
3078 2760 3144 2799 ne
3169 2746 3353 2801 oculos
3384 2757 3558 2816 putes,

1972 2848 2080 2889 non
2111 2847 2317 2897 nasum,
2344 2848 2446 2887 non
2474 2848 2554 2899 os,
2579 2850 2684 2889 non
2706 2835 2900 2889 collum
2925 2851 2940 2901 ;
2967 2834 3061 2890 sed
3078 2836 3351 2908 pietatem,
3373 2838 3552 2904 ﬁdem,

1973 2927 2286 2992 caritatem,
2328 2940 2447 2993 qua:
2474 2923 2617 2980 intus
2642 2935 2804 2980 sunt:
2833 2926 3009 2981 Omnis
3050 2927 3189 2983 enim
3235 2928 3400 2999 gloria
3438 2928 3561 2997 ﬁlia:

1972 3021 2105 3089 regis
2146 3018 2208 3072 ab
2249 3019 2383 3073 intus
2409 3017 2581 3089 (Paul.
2609 3019 2698 3074 44.
2728 3016 2839 3092 li).
2891 3019 2994 3074 Pro
3026 3019 3108 3074 his
3147 3035 3271 3076 vero
3311 3021 3561 3075 munibus

1973 3112 2170 3182 gratias
2195 3126 2413 3182 agamus
2443 3111 2552 3166 Deo
2580 3112 2767 3165 horum
2796 3111 3005 3177 datori,
3035 3112 3156 3182 quia
3188 3112 3357 3182 ipsum
3384 3106 3559 3167 solum

1973 3204 2131 3259 decet
2156 3204 2345 3275 gloria,
2378 3204 2569 3270 honor,
2601 3204 2883 3275 imperium
2911 3204 2962 3259 in
2994 3205 3186 3259 saecula
3209 3204 3558 3260 sateulorum.

1972 3299 2140 3353 Amen
2151 3337 2165 3351 .

871 3881 951 3942 IN
995 3879 1371 3940 HUMILIAM
1410 3876 1567 3939 CUM
1608 3875 2093 3937 SATURNINUS
2131 3875 2227 3934 ET
2272 3872 2782 3947 AURELIANUS,
2826 3890 2958 3933 me.

283 4134 515 4191 dominis
539 4149 603 4187 ca
635 4131 914 4185 calamitas
945 4129 1331 4197 depelleretur;
1373 4126 1534 4196 idque
1572 4129 1789 4180 demum
1830 4140 1860 4178 a
1898 4123 2133 4178 barbaro
2170 4122 2537 4193 impetrasset,
2573 4130 2632 4178 ut
2671 4120 2805 4177 satis
2845 4119 3068 4176 haberet
3106 4122 3150 4177 si
3189 4121 3529 4178 Saturninus

282 4255 341 4303 et
380 4246 716 4302 Aurelianus
765 4244 819 4298 in
873 4243 1124 4298 exsilium
1165 4241 1526 4297 mitterentur.
1568 4240 1623 4295 ω
1665 4239 1863 4295 accidit
1895 4255 2041 4294 anno
2083 4238 2301 4294 circiter
2330 4238 2549 4313 ineunte
2588 4238 2715 4303 400,
2747 4246 2806 4292 ut
2839 4238 3088 4308 pluribus
3116 4237 3171 4292 in
3206 4238 3327 4293 Vita
3357 4237 3537 4308 Chry-

284 4366 515 4424 sostomi
549 4374 823 4420 narratur.
873 4360 994 4428 Quo
1036 4338 1255 4430 peracto
1289 4359 1507 4431 negotio
1532 4359 1673 4414 hanc
1697 4358 2013 4415 concionem
2045 4358 2271 4423 habuit;
2308 4358 2401 4413 ubi
2433 4358 2500 4413 de
2535 4357 3141 4427 Constantinopolitano
3168 4355 3425 4421 tumultu,
3454 4354 3523 4409 de

284 4483 664 4541 vicissitudine
712 4481 1077 4536 humanarum
1118 4494 1299 4534 rerum
1325 4519 1339 4544 ,
1374 4477 1441 4532 de
1479 4477 1788 4532 divitiarum
1835 4476 2075 4531 vanitate
2124 4475 2399 4546 eleganter
2439 4490 2538 4545 pro
2586 4490 2738 4530 more
2775 4489 2877 4531 suo
2918 4473 3158 4530 disserit.
3193 4472 3539 4543 Paupertatis

289 4603 431 4661 bona
470 4602 826 4673 depraedicat,
864 4607 1050 4669 utpote
1085 4615 1206 4669 quae
1244 4607 1445 4654 tantam
1484 4605 1704 4667 prmstet
1740 4596 2110 4660 securitatem,
2148 4604 2415 4666 quantum
2454 4594 2657 4651 divitiae
2689 4593 2988 4672 periculum
3029 4593 3264 4663 pariunt.
3309 4590 3533 4645 Dcmtuu

245 4675 259 4713 Ι

287 4723 540 4795 exemplo
570 4722 692 4779 Jobi
724 4722 792 4776 ad
822 4721 1159 4786 calamitates
1193 4720 1407 4774 fortiter
1436 4718 1686 4775 ferendas
1720 4718 1991 4783 hortatur,
2026 4725 2080 4771 ct
2110 4715 2193 4771 sic
2223 4713 2546 4769 concionem
2579 4711 2802 4766 claudit.

357 4837 556 4895 Incerti
587 4837 1084 4911 interpretationem
1117 4835 1386 4903 Latinam,
1417 4834 1666 4908 plurimis
1700 4835 1754 4888 in
1789 4831 1922 4889 locis
1947 4832 2311 4897 emendatam,
2346 4846 2376 4887 c
2405 4830 2626 4902 regione
2652 4825 2824 4881 Graeci
2858 4832 3037 4879 textus
3068 4822 3372 4893 posuimus.

1065 5130 3223 5158 ___________________________________.___.

1661 5266 2175 5353 HOMILIA,

281 5434 417 5479 CUM
449 5428 842 5477 ιΑτυκκιαυε
884 5427 966 5471 ΕΤ
1008 5417 1406 5469 ΑυιιιῑιιΔιωε
1446 5416 1587 5461 ΔΩἸΊ
1632 5416 1865 5460 ESSENT

1975 5415 2346 5463 'EXSILIUM,
2395 5414 2474 5456 ET
2517 5411 2742 5457 GAINAS
2800 5410 3105 5456 EGBESSUS
3154 5410 3339 5454 ESSET
3384 5411 3419 5453 Β
3462 5409 3554 5453 (ιι-

1439 5518 1715 5573 VITATE;
1762 5517 1843 5560 ET
1871 5518 1952 5559 ne
1994 5517 2297 5562 AVABITIA
2330 5498 2442 5579 (a).

350 5639 410 5697 l.
439 5635 599 5691 ﬁnito
624 5645 863 5705 tempore
886 5631 1005 5688 silui
1032 5671 1045 5695 ,
1094 5639 1144 5684 ct
1192 5637 1310 5701 post
1349 5626 1565 5696 longum
1609 5621 1861 5693 temporis

349 5750 430 5815 (α)
462 5749 635 5801 collata
661 5767 768 5801 cunt
792 5758 872 5799 Ms.
899 5756 1011 5810 Reg.
1045 5749 1180 5803 lim.

1976 5622 2206 5692 spatium
2237 5620 2302 5676 ad
2329 5621 2604 5679 caritatem
2637 5629 2866 5674 vestram
2908 5634 3152 5673 reversus
3187 5632 3303 5671 sum
3331 5632 3344 5669 :
3374 5631 3559 5671 verum

1990 5716 2041 5772 id
2073 5733 2180 5776 non
2210 5715 2404 5774 accidit
2430 5715 2535 5773 ulla
2566 5716 2645 5773 vel
2691 5711 2851 5770 animi
2889 5709 3164 5777 socordia,
3203 5709 3287 5765 vel
3316 5708 3566 5776 corporis
