4100 6196
495 345 603 401 415

485 457 722 524 desidia,
744 457 843 513 sed
874 455 1019 510 abfui
1047 452 1302 508 tumultus
1325 463 1674 516 componens,
1704 447 1894 502 ﬂuctus
1923 456 2083 517 atque

498 558 867 620 tempestatem
905 548 1098 601 sedans
1125 562 1138 597 :
1170 557 1367 612 eosque
1392 541 1482 611 qui
1508 541 1617 609 jam
1647 540 1883 609 demergi
1906 555 2086 610 cmpe-

496 652 639 704 rant,
668 640 733 695 ad
771 648 979 708 portum
1011 647 1064 689 ct
1086 637 1136 688 in
1165 633 1510 703 tranquillum
1534 640 1778 702 porrecta
1810 647 1969 685 manu
1998 645 2084 685 re-

492 734 692 788 ducere
717 732 954 785 sludens.
985 729 1113 782 Sum
1136 726 1279 781 enim
1300 724 1603 779 communis
1632 725 1867 778 omnium
1911 732 2083 793 pater,

495 839 667 893 eoque
689 835 907 874 necesse
922 827 1000 874 est
1029 832 1213 872 curam
1236 832 1393 886 agere
1423 831 1527 869 non
1556 824 1758 869 tantum
1779 830 1965 869 eormn
1996 814 2086 884 qui

495 923 670 974 stant,
719 912 812 964 sed
840 925 1025 965 eorum
1057 923 1269 978 quoque
1305 908 1396 975 qui
1432 907 1655 975 eollapsi
1686 916 1810 960 sunt
1843 925 1857 961 :
1887 923 1991 960 non
2018 907 2083 960 ει-

496 1005 670 1058 lorum
702 1011 904 1055 tantum
926 1043 941 1064 ,
989 1001 1079 1069 qui
1109 998 1358 1053 secundis
1385 1000 1635 1068 navigant
1664 1000 1835 1053 ventis
1855 1040 1871 1064 ,
1903 999 1998 1054 sed
2031 1006 2086 1053 et

495 1096 704 1150 illorum
730 1095 819 1164 qui
862 1101 1178 1162 tempestate
1216 1091 1487 1161 jactantur
1513 1109 1527 1143 :
1557 1106 1663 1145 non
1692 1105 1878 1145 eorum
1923 1091 2085 1145 modo

492 1189 584 1257 qui
616 1188 668 1243 iu
701 1196 816 1240 tuto
854 1194 1015 1251 sunt,
1048 1183 1396 1238 vertunt-tiam
1424 1184 1634 1237 illorum
1659 1182 1749 1252 qui
1776 1181 2083 1251 periclitan-

493 1291 601 1334 tur.
630 1279 827 1334 Harum
853 1292 981 1332 sane
1014 1292 1190 1371 rerum
1208 1274 1375 1344 gratia
1400 1275 1586 1344 reliqui
1612 1289 1707 1327 vos
1732 1274 1797 1327 ad
1827 1274 2084 1342 temporis

492 1373 746 1444 spatium,
778 1367 1165 1435 obambulans,
1194 1367 1490 1421 exhortans
1509 1410 1523 1432 ,
1554 1368 1850 1435 obtestans,
1879 1368 2082 1436 suppli-

495 1482 646 1529 cans,
678 1473 735 1519 ut
758 1480 786 1515 a
815 1463 1046 1516 dominis
1068 1476 1128 1515 ea
1155 1461 1428 1515 calamitas
1452 1460 1829 1529 depelleretur.
1864 1460 2086 1516 Postea-

496 1573 654 1624 quam
679 1566 857 1609 autem
885 1553 1170 1608 inammnis
1213 1553 1320 1605 illis
1350 1567 1413 1605 ac
1456 1551 1694 1605 tristibus
1721 1551 1840 1605 linis
1863 1560 1946 1605 est
1974 1552 2087 1605 im-

497 1649 732 1716 positus,
779 1646 955 1699 denuo
979 1660 1063 1698 mc
1090 1644 1155 1697 ad
1192 1659 1286 1697 vos
1316 1644 1527 1709 recepi,
1567 1642 1659 1712 qui
1699 1641 1752 1696 in
1792 1650 1906 1696 tuto
1930 1642 2081 1707 estis,

493 1739 585 1807 qui
613 1738 778 1791 multa
807 1752 927 1791 cum
962 1735 1341 1804 tranquillitate
1380 1734 1662 1803 navigatis.
1708 1732 1790 1788 Ad
1816 1733 1935 1789 illos
1961 1748 2087 1803 pro-

497 1827 664 1882 fectus
686 1842 832 1881 eram
854 1869 868 1890 ,
899 1840 955 1880 ut
984 1835 1351 1893 tempestatem
1377 1824 1621 1878 sedarem
1648 1841 1663 1877 :
1689 1822 1755 1878 ad
1782 1839 1877 1879 vos
1902 1839 2087 1879 rever-

493 1935 586 1973 sus
608 1934 748 1984 sum,
777 1933 844 1971 ne
870 1932 969 1987 qua
997 1924 1285 1984 tempe-tas
1307 1915 1595 1969 exoriatur.
1628 1914 1707 1967 Ad
1731 1914 1851 1968 illus
1875 1914 2076 1968 disces-

492 2027 666 2065 si-ram
682 2019 750 2063 ut
774 2024 869 2064 eos
893 2026 921 2061 a
950 2008 1206 2062 molcStiis
1235 2008 1519 2062 liberarem
1555 2007 1656 2062 :ad
1688 2023 1784 2062 vos
1811 2008 1942 2061 redii
1961 2049 1977 2074 ,
2010 2024 2079 2062 ne

494 2104 547 2157 in
576 2103 846 2157 molestias
893 2100 1156 2156 incidatis.
1204 2098 1664 2167 Quemadmodum
1691 2099 1833 2153 enim
1867 2107 2084 2169 oportet

493 2196 691 2251 habere
717 2209 922 2258 curam,
947 2208 1052 2246 non
1078 2208 1261 2247 eorum
1284 2191 1441 2246 modo
1466 2192 1555 2261 qui
1582 2200 1745 2257 stant,
1769 2191 1863 2247 sed
1891 2207 2078 2246 eorum

493 2303 704 2355 q"oque
746 2286 834 2355 qui
861 2285 991 2353 lapsi
1028 2293 1151 2338 sunt
1181 2301 1195 2337 :
1223 2283 1295 2337 ita
1335 2297 1521 2338 rursus
1561 2299 1668 2337 non
1696 2283 1826 2351 lapsi
1877 2294 2079 2339 tantum

488 2378 648 2431 nobis
674 2376 865 2431 debent
892 2390 1010 2430 esse
1050 2389 1225 2438 cune,
1274 2374 1369 2428 sed
1398 2382 1454 2429 et
1483 2382 1681 2428 stantes
1712 2391 1726 2428 :
1757 2374 1856 2442 illi,
1889 2383 1946 2428 ut
1970 2376 2081 2429 eri-

491 2482 716 2542 gantur,
759 2471 847 2536 bi,
882 2487 949 2527 ne
980 2470 1173 2525 cadant
1203 2487 1217 2523 :
1253 2471 1329 2524 illi
1354 2511 1371 2536 ,
1414 2479 1475 2525 ut
1501 2471 1569 2526 ab
1593 2472 1900 2542 urgentibus
1925 2473 2080 2530 malis

495 2567 803 2631 liberentur,
830 2565 919 2632 hi,
953 2580 1018 2620 ne
1044 2565 1315 2618 incurrant
1342 2563 1393 2617 in
1420 2578 1687 2618 aerumnas
1717 2563 2077 2620 imminentes.

492 2657 632 2712 Nihil
661 2658 803 2712 enim
830 2667 910 2711 est
938 2657 991 2710 in
1021 2655 1179 2710 rebus
1208 2655 1454 2711 humanis
1478 2655 1700 2723 stabile,
1734 2656 1863 2710 nihil
1892 2657 2079 2710 incon-

492 2764 704 2802 cussum
728 2788 745 2813 ,
773 2747 867 2802 sed
896 2762 957 2803 ea
988 2756 1114 2802 sunt
1139 2747 1288 2818 quasi
1316 2762 1465 2802 mare
1490 2747 1771 2802 vesanieus
1792 2788 1809 2815 ,
1841 2747 2077 2818 quotidie

493 2841 792 2910 parturiens
814 2838 1083 2909 naufragia
1105 2841 1367 2909 stupenda
1394 2841 1833 2911 gravissimaque.

562 2931 1106 3002 Catutantinopolituni
1149 2932 1392 2985 tumultus
1430 2933 1617 3002 imago.
1645 2963 1718 2973 ——
1754 2933 1942 2987 Omnia
1993 2942 2078 2989 lu-

493 3025 751 3078 tnultuum
776 3039 838 3079 ac
867 3024 1136 3077 turbarum
1167 3024 1320 3092 plena
1359 3036 1512 3091 sunt;
1555 3025 1733 3079 omnia
1774 3026 1979 3096 sci-puli
2020 3036 2076 3081 et

493 3114 820 3183 pra-cipitia;
863 3114 1038 3167 (lltlllla
1080 3129 1242 3184 rupes
1270 3113 1369 3167 sub
1393 3114 1548 3184 aquis
1592 3115 1852 3180 latentes;
1897 3117 2075 3171 omnia

493 3214 747 3270 terrores,
774 3204 1080 3259 discrimina
1101 3246 1116 3267 ,
1144 3206 1474 3275 suSpiciones
1492 3246 1508 3269 ,
1543 3215 1802 3261 tremores
1826 3218 1879 3262 et
1907 3224 2072 3278 ango-

492 3311 598 3350 res.
622 3294 787 3349 Ncmo
815 3296 1060 3365 cuiquam
1094 3297 1223 3360 lidit,
1252 3312 1281 3349 a
1312 3312 1409 3350 suo
1437 3297 1659 3367 quisque
1691 3299 1931 3367 proximo
1959 3316 2074 3354 mc-

491 3388 609 3440 tuit.
639 3387 875 3455 Tempus
906 3386 1145 3440 fortassis
1188 3386 1315 3441 illud
1344 3387 1395 3441 in
1438 3388 1739 3458 propinquo
1768 3399 1888 3455 est,
1934 3389 2075 3460 quod

492 3479 747 3549 propheta
784 3479 1027 3549 depinxit
1070 3479 1153 3534 his
1192 3480 1413 3535 verbis:
1444 3478 1529 3534 Ne
1566 3482 1809 3550 ﬁduciam
1850 3482 2077 3539 habeatis

490 3571 542 3628 in
562 3571 745 3635 amicis
769 3613 783 3635 ,
814 3580 860 3623 et
886 3571 937 3623 in
965 3570 1278 3640 principibus
1303 3572 1458 3625 nolite
1497 3588 1642 3641 spem
1666 3590 1854 3644 ponere
1886 3574 2071 3645 (ΜὶεΙι.

491 3662 545 3716 7.
576 3661 631 3728 5)
656 3677 671 3725 ;
708 3677 736 3714 a
764 3676 863 3716 suo
890 3663 1115 3731 quisque
1148 3663 1389 3731 proximo
1415 3672 1635 3729 cavete;
1673 3664 1717 3716 Α
1746 3665 1963 3735 conjuge
1990 3675 2076 3719 tua

489 3771 627 3820 cave,
661 3771 724 3808 ue
746 3755 867 3824 quid
893 3755 971 3809 illi
992 3760 1189 3808 credas.
1219 3754 1355 3821 Quid
1398 3756 1468 3809 ita
1497 3755 1748 3811 tandem?
1785 3757 1916 3824 Quia
1944 3769 2078 3812 tem-

491 3862 588 3916 pus
614 3847 807 3901 malum
838 3854 943 3912 est,
978 3846 1110 3910 Quia
1137 3846 1300 3899 munis
1331 3849 1487 3918 [mter
1512 3847 1783 3901 insidiatur
1814 3850 2071 3915 culcaneo,

488 3946 535 3989 et
564 3936 726 3989 euntis
753 3937 946 3991 amicus
977 3936 1151 3990 dolose
1176 3936 1363 3990 incedit
1394 3936 1609 4010 (Jerem.
1643 3939 1695 3994 9.
1728 3938 1806 4009 4).
1843 3939 1957 3994 NOII
1992 3953 2076 3997 est

488 4029 692 4083 amicus
717 4037 877 4091 tutus,
902 4045 1005 4082 non
1039 4033 1203 4083 frater
1236 4029 1439 4084 lirnms.
1471 4030 1745 4085 Sulilatnm
1777 4040 1859 4087 est
1882 4036 2073 4089 carita-

493 4121 559 4174 tis
588 4122 818 4189 bonum;
863 4121 1020 4175 civile
1048 4122 1246 4176 bellum
1275 4133 1500 4191 occupat
1538 4126 1745 4189 «ironia,
1785 4126 1941 4180 civile
1965 4168 1980 4192 ,
2019 4136 2076 4181 et

493 4228 597 4268 non
626 4222 870 4282 apertum
896 4253 911 4277 ,
954 4212 1049 4267 sed
1089 4213 1486 4268 ubumbratum.
1534 4213 1831 4271 Innumerae
1883 4220 2074 4288 ubique

492 4304 673 4372 larva),
700 4304 1063 4374 simulatasque
1092 4304 1272 4359 facies.
1296 4305 1457 4360 Multa
1478 4307 1655 4361 mium
1679 4308 1892 4375 vellera,
1921 4310 2074 4365 innu-

491 4397 623 4452 meri
652 4396 845 4465 ubique
875 4394 984 4465 lupi
1025 4395 1124 4450 sub
1148 4395 1232 4449 bis
1260 4396 1509 4451 occultati
1543 4414 1556 4449 :
1591 4407 1647 4451 ut
1669 4398 1778 4466 jam
1807 4398 1944 4455 inter
1971 4399 2073 4454 ho-

488 4499 600 4543 stes
627 4486 817 4557 aliquis
856 4487 1019 4540 tutius
1043 4487 1267 4551 vixerit,
1301 4501 1457 4556 quam
1488 4488 1625 4541 inter
1649 4504 1743 4543 eos
1768 4491 1857 4560 qui
1881 4490 2072 4546 viden-

490 4590 577 4635 tur
613 4578 791 4633 amici.
821 4578 919 4647 Qui
950 4576 1062 4633 heri
1104 4576 1486 4645 adulabantur,
1523 4580 1612 4648 qui
1639 4595 1827 4635 manus
1859 4582 2072 4636 oscula.

491 4673 699 4737 bantur,
721 4670 878 4726 hodie
904 4679 1124 4739 repente
1143 4668 1399 4737 comperti
1422 4679 1546 4724 sunt
1566 4684 1685 4724 esse
1703 4672 1902 4736 hostes,
1925 4673 2075 4743 abje-

486 4764 693 4833 ctisque
725 4761 882 4815 larvis
911 4759 1032 4815 facti
1064 4767 1191 4815 sunt
1213 4760 1464 4814 omnibus
1492 4761 1890 4817 accusatoribus
1918 4777 2071 4817 acer-

490 4855 701 4920 biores;
734 4870 829 4923 pro
853 4855 1043 4925 quibus
1065 4853 1316 4909 hesterno
1343 4854 1428 4909 die
1458 4852 1654 4924 gratias
1680 4856 1939 4925 agebant,
1972 4857 2072 4913 hos

490 4959 633 4999 nunc
660 4945 901 4999 incusant
927 4956 980 5000 et
1001 4946 1412 5000 calumniantur.

558 5036 614 5089 2.
647 5036 893 5089 Adversus
914 5038 1211 5101 auaritiam;
1240 5038 1551 5109 paupertatis
1572 5038 1722 5092 bona.
1749 5067 1820 5079 —-
1837 5038 1965 5108 Qua:
1989 5049 2073 5096 est

491 5128 649 5198 igitur
679 5127 865 5180 horum
893 5129 1127 5181 ninnium
1155 5131 1353 5183 causa?
1383 5130 1732 5185 Pecuniarum
1758 5146 1944 5198 amor,
1974 5147 2069 5187 ve-

487 5236 616 5275 sina
664 5219 965 5273 divitiarum
1008 5220 1269 5289 cupiditas
1291 5260 1307 5287 ,
1337 5223 1553 5277 morbus
1583 5222 1926 5290 insanabilis,
1957 5223 2069 5278 for-

490 5329 593 5366 nax
635 5328 751 5382 qua:
796 5327 1079 5382 numquam
1113 5314 1504 5384 exstinguitur,
1554 5316 1792 5384 tyrannis
1834 5332 2070 5386 quaqua-

489 5420 702 5458 versum
736 5420 833 5473 per
862 5414 1027 5459 totum
1065 5406 1248 5460 urbem
1278 5416 1535 5460 terrarum
1564 5407 1777 5463 dill‘usa.
1820 5409 1966 5464 llanc
2000 5411 2069 5466 ob

489 5512 703 5550 causam
740 5506 795 5552 et
841 5511 938 5551 nos
974 5514 1093 5567 qua:
1131 5498 1276 5566 prius
1316 5498 1655 5566 dicebamus,
1707 5517 1848 5555 nunc
1888 5501 2069 5557 dicere

491 5602 596 5641 non
644 5588 982 5652 desinemus,
1036 5587 1243 5642 tametsi
1288 5604 1459 5657 nuper
1503 5589 1806 5660 complures
1859 5591 2069 5647 incusa-

489 5678 616 5733 lnnt
662 5693 798 5744 nos,
851 5679 972 5732 talia
1017 5678 1330 5748 loquentes;
1365 5678 1507 5734 Itane
1534 5697 1819 5752 numquam
1851 5683 2068 5738 desines

490 5771 743 5827 adversus
767 5770 953 5828 divites
980 5779 1236 5828 armatam
1267 5770 1463 5829 habere
1493 5772 1761 5842 linguam?
1788 5789 1892 5830 non
1922 5775 2065 5830 desi-

1210 336 1266 390 S.
1306 332 1583 390 JO.\NNlS
1618 328 2091 387 CHRYSOSTOMI
2132 329 2448 388 ARCHIEP.
2489 333 3022 393 CONSTANTINOP.

3674 346 3783 402 416

2196 463 2293 503 nes
2319 449 2417 505 hos
2441 451 2653 508 assidue
2693 454 3041 524 impugnare?
3080 454 3216 510 Num
3254 472 3354 527 ego
3380 475 3499 513 cum
3530 460 3634 515 illis
3670 463 3785 516 bel—

2194 539 2303 594 lum
2330 543 2502 611 gero?
2530 560 2655 599 num
2682 546 2938 603 adversus
2964 547 3082 603 illos
3108 552 3331 604 armor?
3358 553 3437 605 An
3469 569 3574 609 non
3603 557 3786 624 potius

2196 647 2292 700 pro
2314 634 2416 689 illis
2440 645 2632 690 cuncta
2660 648 2769 691 tum
2793 637 2937 704 dico,
2973 648 3083 693 tum
3112 641 3283 705 facio;
3319 642 3414 711 ipsi
3438 660 3565 697 vero
3592 647 3787 701 adven.

2192 737 2282 777 sus
2309 725 2517 794 seipsos
2535 726 2739 797 gladios
2766 730 3000 782 acuunt?
3029 732 3112 784 An
3142 747 3247 785 nan
3272 732 3326 785 id
3351 732 3642 790 declaravit
3665 737 3783 805 ipsa

2192 828 2370 867 rerum
2400 817 2730 884 experientia
2757 859 2772 883 ,
2808 820 2951 888 quod
2989 836 3090 891 ego
3130 821 3347 891 quidem
3367 865 3381 887 ,
3415 825 3695 896 increpans
3724 839 3785 883 ct.

2191 905 2406 960 assidue
2432 908 2721 977 objurgans
2742 950 2757 973 ,
2786 911 3094 979 quaarebam
3138 913 3346 967 illorum
3392 918 3735 971 commodum
3764 960 3781 983 ,

2191 997 2287 1051 sed
2315 998 2387 1052 illi
2417 1001 2595 1055 verius
2626 1010 2750 1055 sunt
2780 1002 2962 1058 hostes
2990 1004 3081 1074 qui
3111 1006 3267 1059 nobis
3294 1006 3409 1061 hzec
3434 1009 3783 1080 loquentibus

2191 1090 2402 1157 culpam
2434 1092 2773 1162 impingunt?
2805 1094 3023 1150 Vidistis
3046 1108 3268 1152 eventus
3298 1115 3476 1154 rermn
3502 1118 3621 1157 cum
3650 1121 3777 1159 orae

2192 1180 2337 1237 tione
2362 1192 2542 1235 nostra
2566 1199 2884 1255 congruere.
2907 1187 2987 1241 An
3010 1202 3116 1242 non
3139 1205 3351 1258 senqer
3377 1192 3505 1256 dixi,
3533 1194 3780 1265 fugitivus

2191 1286 2310 1326 esse
2330 1272 2561 1338 divitias,
2590 1274 2658 1328 ab
2679 1276 2780 1330 hoc
2806 1276 2875 1330 ad
2905 1277 3052 1332 illum
3080 1283 3455 1337 transeuntes?
3476 1287 3647 1355 Atque
3675 1290 3780 1341 nti-

2189 1376 2311 1414 nam
2340 1362 2656 1418 transissent
2688 1365 2859 1420 solum
2881 1408 2896 1432 ,
2948 1382 3054 1422 non
3085 1370 3244 1423 etiam
3269 1373 3588 1430 occidissent
3617 1394 3633 1430 :
3666 1380 3779 1432 uti-

2190 1468 2312 1506 nam
2353 1454 2725 1511 discessissent
2748 1468 2951 1512 tantum
2976 1500 2992 1526 ,
3037 1477 3101 1515 ac
3143 1478 3248 1515 non
3278 1479 3312 1517 e
3352 1467 3529 1520 medio
3561 1484 3779 1537 quoque

2190 1546 2549 1599 sustulissent.
2576 1547 2726 1603 Nunc
2746 1560 2922 1603 autem
2955 1560 3304 1621 przeterquam
3332 1556 3472 1623 quod
3495 1555 3773 1622 deserunt,

2188 1638 2348 1691 etiam
2376 1638 2553 1708 gladio
2580 1640 2817 1706 tradunt,
2847 1651 2900 1696 et
2929 1642 2981 1695 iit
3011 1642 3318 1697 barathrum
3346 1646 3680 1715 pertrahunt,
3704 1667 3777 1704 co

2189 1727 2329 1797 quod
2360 1730 2467 1783 sint
2508 1731 2821 1799 periculosa:
2849 1732 3184 1802 proditrices,
3215 1751 3442 1806 cumque
3468 1738 3531 1791 iis
3556 1741 3773 1808 potissi-

2190 1834 2333 1872 mum
2364 1820 2561 1875 bellum
2584 1832 2797 1891 gerunt,
2821 1839 2849 1877 a
2871 1825 3063 1893 quibus
3083 1836 3350 1881 amantur.
3382 1828 3603 1898 Ingratte
3622 1842 3772 1898 sunt,

2189 1912 2442 1980 fugitiva).
2466 1913 2766 1980 homicida',
2798 1916 3179 1986 implacabiles,
3212 1917 3400 1974 bestia:
3429 1922 3771 1988 incurabiles,

2189 2007 2539 2075 prmcipitinm
2568 2008 2922 2079 undcquaque
2953 2022 3276 2080 prmruptum
3298 2054 3312 2079 ,
3344 2015 3594 2084 seupulus
3629 2016 3772 2070 assi-

2187 2097 2307 2153 duis
2349 2100 2537 2168 plenus
2565 2101 2811 2157 ﬂuctibus
2836 2143 2851 2163 ,
2896 2120 3043 2159 mare
3090 2106 3384 2162 innumeris
3411 2110 3580 2163 ventis
3604 2113 3777 2181 agita-

2189 2195 2322 2255 tum,
2351 2192 2559 2261 tyranni
2590 2193 2782 2248 acerbe
2803 2194 3147 2263 imperantes,
3170 2197 3396 2253 domina:
3420 2200 3607 2269 quovis
3637 2202 3774 2256 bar—
3792 2240 3807 2251 .

2186 2278 2317 2334 baro
2343 2282 2619 2350 suaviores,
2652 2283 2881 2340 inimica:
2909 2287 3374 2344 irreconciliabiles
3395 2331 3411 2357 ,
3438 2289 3619 2345 hostes
3661 2292 3774 2345 im-

2186 2373 2494 2442 placabiles,
2521 2392 2746 2447 quatque
2774 2394 3062 2448 numquam
3090 2394 3216 2450 erga
3242 2395 3333 2436 eos
3360 2396 3390 2435 a
3415 2382 3606 2451 quibus
3636 2399 3773 2454 pos—

2185 2465 2447 2530 sidentur,
2478 2469 2757 2523 remittunt
2784 2470 3128 2525 simultatem.

2256 2558 2310 2612 '5.
2344 2559 2407 2611 At
2438 2574 2543 2612 non
2575 2559 2878 2628 hujusmodi
2909 2570 3191 2632 paupertas
3213 2603 3229 2628 ,
3273 2561 3367 2616 sed
3394 2563 3456 2617 iis
3483 2578 3601 2633 qua:
3628 2564 3773 2620 dicta

2184 2657 2311 2702 sunt
2336 2650 2623 2703 contraria.
2655 2650 2728 2704 Ea
2752 2651 3015 2721 siquidem
3041 2661 3125 2705 est
3160 2662 3331 2707 tutum
3367 2654 3606 2725 asylum,
3638 2670 3771 2724 por-

2187 2749 2271 2795 tus
2296 2740 2635 2811 tranquillus,
2666 2753 2922 2812 perpetua
2953 2744 3211 2797 securitas
3232 2786 3246 2808 ,
3275 2744 3479 2800 delicia:
3509 2746 3774 2815 periculo-

2183 2846 2302 2886 rum
2327 2843 2597 2902 expertes,
2624 2835 2866 2902 voluptas
2891 2836 3121 2901 sincera,
3144 2837 3249 2890 vita
3281 2838 3636 2893 tnrbationum
3668 2856 3772 2895 ne-

2182 2925 2314 2991 acia,
2342 2925 2447 2979 vita
2476 2925 2728 2979 [luctuum
2760 2926 2959 2996 ignara,
2980 2929 3132 2997 copia
3163 2929 3607 2999 inexpugnabilis,
3638 2930 3769 3000 phi~

2183 3016 2440 3086 losophiae
2478 3033 2690 3087 parens,
2722 3018 2931 3073 frenum
2956 3022 3291 3090 arrogantiw,
3318 3022 3558 3093 supplicii
3589 3023 3772 3077 subla-

2186 3107 2281 3172 tio,
2314 3106 2462 3161 radix
2500 3108 2793 3162 modestizc.
2822 3110 2930 3163 Cur
2954 3111 3132 3179 itaque
3159 3111 3295 3165 hanc
3323 3111 3615 3183 fugientes,
3646 3114 3768 3169 illas

2184 3202 2742 3269 persequitnini?illas
2771 3201 2976 3268 hostes,
3006 3203 3122 3256 illas
3154 3205 3466 3270 homicidas,
3495 3206 3611 3260 illas
3633 3222 3770 3275 qua-

2182 3292 2263 3345 vis
2308 3292 2475 3346 bestia
2532 3293 2837 3348 sreviores?
2891 3293 3036 3349 Talis
3090 3296 3233 3349 enim
3282 3305 3366 3350 est
3420 3297 3765 3364 pecuniarum

2180 3400 2354 3451 amor,
2398 3385 2502 3439 tale
2530 3400 2783 3439 vesanum
2814 3386 2930 3439 auri
2959 3385 3215 3441 studium.
3260 3386 3373 3440 Cur
3413 3386 3620 3443 hostem
3666 3388 3764 3442 tibi

2184 3485 2495 3545 perpetuum
2526 3476 2961 3532 contubernalem
2991 3478 3155 3531 facis?
3180 3492 3277 3531 cur
3307 3477 3528 3533 bestiam
3560 3478 3763 3541 irritas,

2181 3583 2339 3637 quam
2384 3567 2609 3623 delinire
2645 3568 2915 3638 oportuit?
2947 3567 3016 3623 Et
3055 3583 3162 3637 quo
3192 3578 3348 3638 pacto
3370 3610 3387 3637 ,
3428 3570 3601 3639 inquis
3626 3611 3640 3635 ,
3673 3568 3769 3624 liet

2183 3658 2495 3713 inausueta?
2518 3658 2574 3714 Si
2603 3659 2687 3714 vel
2717 3674 2856 3713 nunc
2881 3675 3000 3713 inea
3030 3660 3187 3714 verba
3216 3660 3472 3725 toleretis,
3498 3675 3618 3714 cum
3647 3660 3763 3714 cla-

2180 3748 2278 3804 des
2307 3749 2501 3805 adsunt
2525 3791 2540 3815 ,
2569 3765 2691 3805 cum
2726 3750 3000 3805 calamitas
3028 3751 3202 3820 viget,
3228 3766 3349 3805 cum
3381 3765 3569 3805 omnes
3599 3751 3652 3803 in
3679 3758 3766 3803 tu-

2183 3841 2349 3895 multu
2379 3850 2501 3895 sunt
2537 3856 2602 3896 ac
2630 3856 2882 3895 mwrore.
2914 3841 3013 3908 Qui
3042 3841 3152 3895 tieri
3185 3841 3351 3910 possit
3378 3850 3437 3895 ut
3462 3840 3627 3895 bestia
3653 3856 3764 3894 non

2181 3938 2251 3989 sit
2277 3936 2484 3990 bestia?
2512 3935 2771 4006 Equidem
2818 3950 3033 4005 possunt
3075 3935 3216 3989 illam
3248 3935 3560 3999 immutare,
3595 3933 3641 3987 si
3668 3949 3767 3988 VOS

2180 4030 2354 4084 velitis
2383 4047 2396 4083 :
2426 4045 2550 4083 nam
2578 4045 2640 4085 ea
2665 4044 2971 4083 sermonum
2993 4029 3072 4083 vis
3101 4036 3200 4081 est.
3224 4029 3341 4094 Quo
3361 4036 3516 4099 pacto
3544 4028 3707 4096 igitur
3733 4042 3763 4078 a

2181 4122 2389 4177 feritate
2412 4136 2507 4177 sua
2538 4120 2860 4175 mutabitur?
2885 4120 2941 4175 Si
2967 4119 3309 4175 didicerimus
3331 4119 3597 4190 quomodo
3618 4135 3764 4176 sazva

2180 4213 2429 4269 efficitur.
2460 4213 2738 4281 Quomodo
2763 4229 2890 4284 ergo
2916 4228 3054 4268 smva
3076 4213 3338 4269 cflicitur?
3358 4214 3501 4269 More
3522 4214 3761 4279 leonum,

2181 4322 2332 4362 more
2361 4306 2644 4376 pardorum
2668 4347 2683 4373 ,
2715 4320 2865 4362 more
2902 4321 3147 4361 ursorum
3168 4350 3184 4373 ,
3216 4307 3306 4377 qui
3329 4307 3455 4361 dum
3482 4307 3767 4363 includun-

2181 4407 2269 4452 tur
2328 4408 2752 4469 coercenturque
2809 4398 2861 4452 in
2913 4398 3187 4463 tenebris,
3240 4400 3451 4468 erigunt
3509 4399 3762 4464 animus,

2179 4502 2479 4559 acuuntque
2506 4490 2649 4545 iras:
2680 4488 2862 4544 itidem
2890 4498 2943 4544 et
2970 4489 3167 4543 divitia:
3192 4489 3316 4543 dum
3342 4488 3683 4543 includuntur
3708 4500 3768 4545 et

2180 4582 2541 4647 defodiuttlur,
2572 4582 2747 4636 acrius
2774 4582 2985 4652 rugiunt
3005 4596 3164 4651 quam
3186 4582 3386 4643 leones,
3416 4586 3478 4636 at:
3499 4591 3763 4637 terrorem

2180 4673 2413 4742 undique
2440 4672 2701 4727 incutiunt
2726 4688 2741 4738 ;
2773 4671 2914 4742 quod
2945 4672 2989 4727 si
3014 4687 3105 4727 eas
3130 4687 3162 4726 e
3191 4671 3425 4725 tenebris
3448 4670 3645 4727 educas
3664 4713 3679 4733 ,
3709 4684 3768 4728 et

2180 4765 2233 4819 in
2258 4779 2545 4836 egenorum
2571 4773 2783 4820 ventres
2808 4764 3144 4829 dissemines,
3173 4779 3237 4819 cx
3267 4764 3393 4819 feris
3420 4764 3600 4819 bestiis
3628 4763 3770 4822 liunt

2179 4870 2341 4920 oves,
2391 4871 2456 4910 ex
2487 4854 2695 4910 insidiis
2734 4855 2981 4926 prmsidia
3005 4896 3021 4921 ,
3067 4870 3133 4909 ex
3173 4857 3404 4924 scopulis
3436 4867 3655 4925 portus,
3695 4875 3766 4913 ex

2182 4947 2458 5016 naufragio
2486 4946 2858 5017 tranquillitas.
2886 4946 3323 5017 Quandoquidem
3355 4947 3457 5002 hoc
3489 4949 3620 5002 etin
3660 4964 3767 5003 na-

2179 5038 2335 5109 vigiis
2362 5038 2539 5092 videre
2568 5037 2693 5093 licet
2727 5055 2741 5093 :
2771 5038 2815 5091 si
2844 5037 3059 5108 quando
3086 5052 3224 5092 onus
3250 5046 3332 5093 est
3351 5038 3499 5107 justo
3524 5040 3762 5110 gravius,

2178 5129 2437 5199 demergit
2462 5129 2706 5200 cymbam
2734 5147 2747 5183 :
2773 5145 2986 5185 rursum
3016 5144 3135 5182 cum
3152 5137 3236 5183 est
3261 5129 3615 5195 moderatum,
3646 5146 3767 5199 pro-

2181 5237 2339 5291 spero
2385 5220 2553 5277 fertur
2595 5236 2775 5276 cursu.
2818 5221 2961 5276 Idem
3005 5237 3102 5276 usu
3148 5222 3293 5276 venit
3322 5222 3374 5276 in
3405 5226 3603 5280 nostris
3631 5225 3769 5277 mdi-

2179 5315 2277 5368 bus
2308 5332 2321 5367 :
2348 5328 2469 5368 cum
2496 5313 2633 5367 ultra
2660 5329 2817 5382 quam
2862 5328 2989 5367 usus
3015 5313 3280 5382 postulat,
3316 5314 3557 5383 congeris
3597 5328 3768 5382 pecu-

2179 5408 2316 5472 nias,
2342 5406 2520 5477 exigui
2549 5405 2690 5461 venti
2715 5405 2891 5470 ﬂatus,
2914 5416 2966 5460 et
2986 5405 3159 5475 quivis
3176 5420 3354 5460 rerum
3377 5405 3764 5473 inexspectata-

2180 5514 2297 5552 rtun
2326 5498 2569 5553 incursus
2595 5495 2858 5567 demergit
2886 5511 3006 5550 cum
3034 5496 3160 5550 virts
3179 5496 3423 5566 cymbam
3454 5513 3467 5550 :
3497 5505 3548 5550 at
3578 5496 3621 5549 si
3652 5505 3766 5550 tau-

2180 5598 2291 5645 tum
2322 5603 2551 5658 reponas
2576 5629 2591 5653 ,
2621 5599 2877 5658 quantum
2921 5587 3151 5656 postulat
3192 5587 3485 5642 necessitas
3505 5627 3521 5651 ,
3549 5585 3768 5642 etiamsi

2178 5681 2474 5738 vehemens
2502 5679 2658 5736 turbo
2687 5679 2915 5749 ingruat,
2953 5677 3105 5733 facile
3136 5678 3404 5748 percurris
3427 5678 3614 5731 undas.
3643 5677 3763 5733 Noli

2182 5775 2340 5844 igitur
2372 5772 2489 5845 plus
2514 5772 2915 5842 concupiscere,
2938 5785 3096 5841 quam
3124 5768 3284 5841 exigit
3317 5772 3612 5826 necessitas
3637 5811 3653 5836 ,
3691 5785 3764 5825 ne
