4100 6196
236 264 335 322 £15
1131 269 1274 326 CUM
1323 269 1764 329 SATURNINUS
1801 269 1891 326 ΕΤ
1929 272 2397 345 AURELIANUS,
2434 274 2582 332 ETC.

219 381 351 445 τοὺς
374 378 747 448 ναυαγοῦντας
780 379 1146 452 ἀνιμώμενος,
1175 386 1302 449 τοὺς
1332 385 1649 457 γινομένους
1669 384 1803 437 ὑπο-

229 463 494 535 ϐρυχίους
543 464 683 534 πρὸς
734 463 929 534 λιμένα
964 468 1058 517 καὶ
1098 466 1340 539 γαλήνην
1395 467 1806 538 χειραγωγῆσαι

222 548 504 601 σπεύδων.
536 546 728 610 Κοινὸς
753 546 860 616 γάρ
880 548 997 618 εἰμι
1020 548 1239 603 πάντων
1263 552 1468 622 πατὴρ,
1492 551 1586 604 καὶ
1611 550 1671 602 οὐ
1697 547 1807 601 τῶν

221 632 482 688 ἑστώτων
528 633 712 704 μόνον,
748 633 884 687 ἀλλά
926 638 1019 690 καὶ
1056 637 1166 689 τῶν
1195 638 1562 691 πεπτωκότων
1593 634 1809 708 φροντί-

224 722 345 787 ζειν
379 723 709 790 ἀναγκαῖον·
732 723 853 792 οὐχὶ
886 723 995 776 τῶν
1031 722 1283 795 ἐξουρίας
1308 723 1644 795 φερομένων,
1671 720 1806 775 ἀλλά

222 813 327 866 καὶ
376 811 487 865 τῶν
522 811 1033 882 κλυδωνιζομένων·
1083 813 1205 882 οὐχί
1251 813 1358 865 τῶν
1408 814 1466 866 ἐν
1514 812 1804 883 ἀσφαλείᾳ,

223 901 369 955 ἀλλὰ
406 901 499 953 καὶ
532 901 641 953 τῶν
685 901 743 953 ἐν
793 900 1076 964 κινδύνοις.
1109 900 1209 953 Διά
1237 900 1300 971 δὴ
1332 901 1506 955 ταῦτα
1542 901 1633 953 τὸν
1668 918 1809 970 παρ-

223 989 461 1042 ελθόντα
489 988 832 1058 ἀπελείφθην
870 989 1056 1052 ἐνδοὺς
1085 990 1276 1060 χρόνον
1298 978 1568 1062 περιιὼν,
1621 1006 1807 1060 παρα-

228 1076 436 1139 καλῶν,
470 1068 745 1145 δεόμενος,
779 1076 1037 1128 ἱκετεύων
1066 1080 1179 1140 τοῖς
1208 1078 1420 1147 κυρίοις
1455 1076 1682 1147 λυθῆναι
1709 1075 1809 1146 τὴν

230 1164 546 1234 συμφοράν.
580 1162 686 1216 Καὶ
725 1162 911 1234 ἐπειδὴ
932 1163 1084 1227 τέλος
1116 1164 1309 1217 ἐλαϐεν
1349 1166 1531 1217 ἐκεῖνα
1561 1164 1630 1238 τά
1678 1180 1811 1218 σκυ-

231 1252 452 1319 θρωπά,
479 1251 646 1305 πάλιν
661 1252 800 1322 πρὸς
821 1251 966 1321 ὑμᾶς
990 1252 1293 1321 ἐπανῆλθον
1309 1253 1437 1314 τοὺς
1460 1253 1517 1305 ἐν
1543 1250 1812 1321 ἀσφαλείᾳ

230 1340 415 1401 ὂντας,
456 1339 585 1401 τοὺς
637 1338 776 1409 μετὰ
823 1337 1022 1409 πολλῆς
1073 1340 1338 1403 πλέοντας
1399 1342 1498 1405 τῆς
1545 1339 1810 1410 γαλήνης.

234 1427 383 1497 Πρὸς
418 1425 665 1490 ἐκείνους
717 1425 995 1496 ἀφικόμην
1036 1424 1177 1479 ὥστε
1208 1426 1369 1479 λῦσαι
1396 1427 1490 1480 τὸν
1537 1426 1810 1497 χειμῶνα·

236 1514 377 1584 πρὸς
416 1514 564 1583 ὑμᾶς
597 1512 925 1582 ἐπανῆλθον,
955 1512 1094 1567 ὥστε
1132 1515 1206 1584 μὴ
1251 1513 1515 1582 γενέσθαι
1546 1513 1814 1584 χειμῶνα.

236 1602 387 1673 Πρὸς
422 1600 667 1664 ἐκείνους
700 1601 922 1671 ἀπῄειν,
948 1601 1035 1655 ἴνα
1066 1601 1362 1668 ἀπαλλάξω
1388 1601 1495 1654 τῶν
1521 1601 1780 1671 λυπηρῶν
1799 1617 1811 1629 ·

238 1689 379 1760 πρὸς
421 1689 566 1758 ὑμᾶς
619 1688 1024 1759 παρεγενόμην,
1076 1688 1164 1743 ἵνα
1207 1689 1282 1759 μὴ
1341 1688 1676 1760 περιπέσητε
1706 1690 1818 1752 τοῖς

242 1775 613 1848 σκυθρωποῖς.
657 1775 869 1846 Ὥσπερ
901 1776 1024 1845 οὐχὶ
1052 1774 1159 1829 τῶν
1191 1775 1441 1829 ἑστώτων
1477 1776 1559 1828 δεῖ
1600 1774 1817 1846 φροντί-

238 1863 366 1929 ζειν
407 1863 587 1934 μόνον,
621 1860 756 1917 ἀλλά
788 1863 883 1916 καὶ
915 1862 1024 1916 τῶν
1051 1862 1420 1916 πεπτωκότων
1440 1879 1455 1895 ·
1488 1862 1631 1915 οὕτω
1654 1863 1818 1915 πάλιν

239 1952 374 2021 οὺχὶ
399 1951 510 2003 τῶν
532 1949 889 2004 πεπτωκότων
921 1950 1101 2020 μόνον,
1125 1949 1260 2004 ἀλλά
1285 1951 1378 2003 καὶ
1402 1948 1509 2002 τῶν
1533 1947 1782 2003 ἑστώτων
1798 1965 1813 1979 ·

244 2038 484 2093 ἐκείνων
514 2038 630 2108 μὲν,
658 2038 739 2090 ίνα
762 2036 1092 2100 ἀναστῶσιν,
1118 2037 1323 2090 τούτων
1344 2037 1515 2099 δέ,ἱ’να
1530 2037 1598 2107 μή
1611 2037 1841 2090 καταπέ·

242 2142 457 2180 σωσιν·
490 2125 710 2179 ἐκείνων
743 2126 865 2197 μὲν,
912 2126 999 2178 ἵνα
1026 2125 1385 2194 ἀπαλλαγῶσι
1418 2124 1526 2177 τῶν
1558 2124 1820 2194 κατεχόν-

241 2230 356 2267 των
383 2213 592 2276 δεινῶν,
608 2211 814 2267 τούτων
841 2211 897 2265 δὲ
929 2212 1016 2267 ἵνα
1043 2212 1117 2283 μὴ
1141 2210 1480 2283 περιπέσωσι
1505 2212 1617 2273 τοῖς
1647 2227 1819 2280 προσ-

236 2299 571 2370 δοκωμένοις
639 2299 921 2370 λυπηροῖς.
991 2299 1157 2352 Οὐδὲν
1208 2299 1317 2368 γὰρ
1380 2297 1618 2368 βέϐαιον,
1667 2295 1820 2350 οὐδὲν

241 2387 506 2456 ἀκίνητον
536 2385 646 2439 τῶν
660 2385 1019 2457 ἀνθρωπίνων
1032 2386 1394 2457 πραγμάτιον,
1414 2384 1549 2438 ἀλλά
1572 2388 1820 2455 μιμεῖται

243 2475 530 2528 θάλασσαν
582 2475 935 2546 μαινομένην,
994 2477 1088 2527 καὶ
1137 2473 1259 2527 καθ’
1311 2474 1552 2546 ἑκάστην
1610 2474 1821 2545 ἡμέραν

241 2559 429 2613 ὥίνει
463 2562 697 2628 ναυάγια
728 2560 857 2625 ξένα
890 2562 983 2614 καὶ
1005 2560 1241 2631 χαλεπά.
1534 2577 1540 2585 ’

323 2648 505 2701 Πάντα
538 2647 783 2718 θορύϐων
826 2648 986 2719 γέμει
1016 2649 1109 2701 καὶ
1149 2648 1428 2721 ταραχῆς·
1474 2647 1651 2701 πάντα
1697 2648 1823 2700 σκό-

244 2734 407 2786 πελοι
457 2735 551 2788 καὶ
599 2735 868 2805 κρημνοί·
922 2736 1099 2787 πάντα
1148 2733 1343 2802 ῦφαλοι
1391 2735 1487 2786 καί
1536 2734 1824 2796 σπιλάδες*

244 2822 434 2875 πάντα
466 2821 642 2891 φόϐοι,
668 2823 764 2875 καὶ
792 2821 1049 2883 κίνδυνοι,
1078 2821 1170 2874 καὶ
1201 2820 1449 2891 ὑποψίαι,
1482 2820 1576 2873 καὶ
1609 2821 1823 2891 τρόμοι,

248 2911 351 2963 καὶ
382 2910 633 2976 ἀγωνίαι.
663 2909 849 2973 Οὐδεὶς
871 2909 1050 2963 οὐδενὶ
1080 2907 1290 2981 θαρρεῖ,
1321 2907 1414 2960 τὸν
1449 2906 1673 2978 πλησίον
1700 2907 1830 2960 ἐκα-

250 3014 385 3061 στος
420 2998 677 3053 δέδοικεν.
732 3000 970 3062 Ἐκεῖνος
1000 3000 1262 3071 πάρεστιν
1289 2999 1317 3051 6
1345 2997 1537 3069 καιρὸς
1570 2997 1733 3068 τάχα,
1767 2996 1827 3050 ὃν

246 3086 281 3137 6
340 3087 628 3157 προφήτης
687 3086 1020 3158 ὑπογράφων
1053 3085 1237 3152 ἔλεγε·
1284 3084 1382 3151 Μὴ
1422 3085 1733 3137 πιστεύετε
1761 3083 1831 3136 ἐν

247 3172 479 3240 φίλοις,
509 3171 608 3225 καὶ
646 3172 743 3226 ἐπί
778 3171 1135 3242 ἡγουμένοις
1167 3170 1248 3239 μὴ
1272 3169 1564 3231 ἐλπίζετε·
1599 3171 1831 3234 ἕκαστος

248 3258 369 3314 ἀπὸ
394 3258 488 3311 τοῦ
517 3261 745 3331 πλησίον
768 3259 1053 3330 ἀφέξεσθε·
1083 3259 1215 3314 Ἀπὸ
1237 3258 1346 3326 τῆς
1369 3260 1693 3329 συγκοίτου
1716 3274 1831 3313 σου

250 3347 543 3416 φύλαξον
581 3347 686 3401 τοῦ
719 3347 1043 3402 ἀναθέσθαι
1071 3359 1097 3389 ει
1136 3346 1313 3416 αὐτῇ.
1346 3347 1410 3399 Τί
1441 3346 1679 3417 δήποτε;
1713 3348 1832 3401 Ὅτι

254 3435 452 3507 καιρὸς
482 3436 711 3506 πονηρός
753 3436 926 3498 ἐστιν,
978 3436 1099 3489 Ὅτι
1139 3434 1258 3501 πᾶς
1298 3435 1556 3504 ἀδελφὸς
1610 3435 1833 3505 πτέρνῃ

254 3521 545 3590 πτερνιεῑ,
586 3522 686 3576 καί
717 3521 835 3588 πᾶς
881 3523 1060 3592 φίλος
1104 3521 1322 3587 δολίως
1355 3524 1687 3591 πορεύεται.
1723 3525 1837 3578 Οὐκ

256 3608 378 3661 ἐστι
405 3608 558 3677 φίλος
582 3609 853 3679 ἀσφαλὴς,
887 3610 988 3663 οὐκ
1005 3609 1231 3678 ἀδελφὸς
1263 3609 1498 3680 βέϐαιος.
1545 3608 1851 3683 Ἀνῄρηται

258 3696 326 3750 τὸ
356 3698 456 3768 τῆς
482 3696 705 3767 ἀγάπης
732 3697 896 3751 καλόν
915 3714 928 3726 ·
964 3696 1229 3768 ἐμφύλιος
1257 3697 1473 3752 ἅπαντα
1501 3699 1721 3770 κατέχει
1739 3700 1840 3752 πό-

257 3785 453 3855 λεμος,
500 3785 783 3855 ἐμφύλιος,
834 3786 928 3838 καὶ
952 3784 1075 3839 οὔτε
1108 3779 1264 3848 οὗτος
1293 3785 1472 3856 δῆλος,
1518 3784 1667 3859 [406]
1702 3788 1840 3842 ἀλλὰ

262 3873 746 3944 συνεσκιασμένος.
766 3872 950 3945 Μυρία
978 3872 1251 3944 πανταχοῦ
1276 3877 1613 3944 προσωπεῖα.
1640 3875 1842 3929 Πολλαὶ

259 3959 376 4013 τῶν
405 3960 697 4031 προϐάτων
741 3961 796 4015 αἱ
838 3960 1012 4032 δοραὶ,
1043 3960 1403 4033 ἀναρίθμητοι
1434 3962 1710 4033 πανταχοῦ
1745 3979 1841 4016 κε-

262 4048 581 4119 κρυμμένοι
612 4047 798 4102 λύκοι·
825 4050 919 4103 καὶ
948 4048 1355 4121 ἀσφαλέστερον
1382 4049 1447 4103 ἄν
1477 4067 1561 4114 τις
1590 4050 1649 4103 ἐν
1682 4050 1842 4104 πολε-

269 4137 421 4205 μίοις
474 4136 677 4205 μᾶλλον
733 4135 997 4208 βιώσειεν,
1051 4138 1084 4207 ἢ
1136 4139 1194 4189 ἐν
1238 4140 1349 4201 τοῖς
1403 4137 1653 4192 δοκοῦσιν
1703 4133 1844 4193 εἶναι

269 4224 472 4292 φίλοις.
512 4224 576 4277 Ol
608 4223 736 4293 χθὲς
785 4225 1199 4296 θεραπεύοντες,
1245 4226 1295 4278 οί
1341 4225 1748 4290 κολακεύοντες,
1797 4228 1846 4280 οί

270 4313 466 4382 χεῖρας
514 4311 958 4381 καταφιλοῦντες,
994 4312 1189 4382 ἀθρόον
1233 4312 1328 4365 νῦν
1361 4312 1609 4384 πολέμιοι
1640 4315 1846 4382 ἀνεφάσ

272 4415 479 4469 νησαν,
532 4399 628 4452 καὶ
684 4398 752 4451 τά
805 4403 1125 4471 προσωπεῖα
1190 4400 1467 4470 ῥίψαντες,
1529 4402 1850 4474 κατηγόρων

274 4486 534 4545 ἁπάντων
576 4487 891 4558 πικρότεροι
922 4486 1229 4557 γεγόνασιν,
1271 4488 1410 4559 ὑπὲρ
1436 4480 1509 4540 ὧν
1534 4488 1724 4559 πρώην
1751 4490 1850 4559 χά-

277 4592 436 4646 ριτας
491 4574 837 4645 ὡμολόγουν,
890 4578 1036 4649 ὑπὲρ
1089 4578 1295 4631 τούτων
1342 4577 1700 4645 ἐγκαλοῦντες
1756 4580 1852 4632 καί⁹

276 4662 681 4727 διαϐάλλοντες.

351 4752 417 4822 β’.
450 4752 516 4804 Τί
539 4748 634 4806 οὖν
655 4752 873 4806 πάντων
888 4751 1092 4817 αίτιον;
1124 4752 1340 4807 Τούτων
1368 4754 1395 4807 6
1421 4753 1528 4807 τῶν
1555 4755 1852 4827 χρημάτων

278 4840 444 4912 ἔρως,
473 4842 508 4911 ἡ
556 4842 684 4909 περὶ
727 4841 827 4911 τὴν
878 4841 1244 4913 φιλαργυρίαν
1298 4842 1483 4913 μανία,
1534 4843 1595 4896 τὸ
1638 4844 1854 4915 νόσημα

278 4928 521 4993 ἀνίατον,
550 4930 583 4999 ή
607 4929 835 5000 κάμινος
856 4930 892 4999 ἡ
917 4928 1187 4999 μηδέποτε
1214 4928 1568 5000 σϐεννυμένη,
1597 4931 1631 5001 ή
1657 4948 1858 5002 τυραν-

282 5017 364 5077 νὶς
387 5016 422 5085 ἡ
458 5014 735 5085 πανταχοῦ
762 5016 862 5086 τῆς
886 5015 1212 5086 οἰκουμένης
1243 5016 1602 5087 ἐκτεταμένη.
1656 5020 1755 5073 Διὰ
1791 5018 1856 5089 δὴ

279 5102 441 5155 τοῦτο
472 5103 567 5155 καὶ
593 5105 756 5173 ἡμεῖς
783 5102 819 5157 ἀ
841 5104 1105 5173 πρότερον
1131 5103 1406 5172 ἐλέγομεν,
1430 5104 1525 5157 καὶ
1553 5104 1648 5157 νῦν
1675 5105 1861 5173 λέγον·

281 5206 373 5254 τες
397 5190 462 5244 οὐ
491 5191 836 5259 παυσόμεθα,
863 5191 1042 5244 καίτοι
1075 5190 1260 5243 πολλοὶ
1296 5191 1487 5262 πρώην
1516 5192 1648 5263 ἡμῖν
1674 5193 1862 5247 ἐνεκά-

281 5277 432 5345 λουν,
475 5279 570 5331 καί
599 5279 773 5332 ταῦτα
805 5279 991 5349 ἔλεγον
1012 5295 1027 5331 ·.
1052 5276 1129 5331 Οὐ
1174 5278 1319 5352 παύῃ
1354 5279 1496 5333 κατὰ
1541 5281 1651 5334 τῶν
1697 5281 1860 5335 πλου-

238 5352 244 5357 ’
284 5366 530 5419 τούντων
562 5366 911 5439 ὁπλιζόμενος
949 5370 1015 5439 τῇ
1046 5368 1293 5438 γλώττῃ;
1333 5368 1392 5419 ού
1438 5367 1586 5441 παύῃ
1623 5368 1861 5439 συνεχῶς

285 5454 556 5519 τοιούτοις
585 5456 874 5527 πολεμῶν;
926 5457 1018 5529 Μὴ
1065 5455 1176 5526 ἐγὼ
1219 5455 1429 5521 τούτοις
1481 5457 1733 5531 πολεμῶ;
1787 5457 1862 5529 μὴ

353 5627 378 5654 ⁸
413 5624 535 5687 Reg.
556 5624 643 5673 τοῦ
659 5625 928 5695 ἀναθέσθαι,
950 5632 997 5695 e_l
1021 5627 1292 5695 sicjogilur
1314 5629 1443 5693 apud
1484 5627 1751 5686 Michceam,
1779 5625 1866 5680 ad-

292 5686 397 5737 dito
417 5702 461 5733 τι
485 5686 595 5734 :inle
619 5687 754 5749 αὐτῇ.
783 5686 930 5736 Ediu.
954 5686 1235 5741 ἀνακεῖσθαι.

3373 273 3476 329 41'}

1916 386 2028 455 ἐγὼ
2059 391 2179 443 κατ’
2200 390 2382 443 αὐτῶν
2404 389 2696 460 όπλίζομαι
2717 406 2731 455 ς
2755 388 2854 443 οὐκ
2880 386 2993 457 ἐγὼ
3024 387 3121 459 μὲν
3144 384 3283 457 ὑπὲρ
3301 386 3480 445 αὐτῶν

1906 473 2081 529 πάντα
2107 477 2250 546 λέγω
2282 477 2377 531 καὶ
2410 477 2570 540 ποιῶ,
2603 477 2756 530 αὐτοὶ
2783 477 2837 530 δὲ
2869 478 2991 529 κατ’
3028 474 3209 528 αὐτῶν
3243 473 3313 526 τὰ
3352 474 3480 547 ξίφη

1906 560 2209 631 ήκόνησαν;
2235 564 2336 617 οὐκ
2360 562 2528 631 ἔδειξε
2560 564 2669 617 τῶν
2697 561 3041 634 πραγμάτων
3072 562 3105 632 ή
3139 563 3327 633 πεῖρα,
3360 561 3482 625 πῶς

1899 644 2012 714 ἐγὼ
2054 649 2174 717 μὲν,
2209 650 2238 702 6
2267 648 2534 719 ἐπιτιμῶν
2563 650 2654 703 καὶ
2692 649 2936 718 συνεχῶς-
2958 647 3227 715 ἐγκαλῶν,
3259 648 3319 700 τὸ
3344 663 3480 717 συμ-
3542 670 3545 677 ·

1903 734 2066 803 φέρον
2097 735 2344 805 ἐζήτουν,
2398 734 2646 805 πολέμιοι
2687 736 2743 788 δέ
2782 734 2982 804 μᾶλλον
3013 736 3232 800 ἐκεῖνοι,
3276 734 3326 787 οί
3351 734 3469 786 ἐπι-

1905 819 2175 890 τιμῶντες
2198 823 2371 876 ταῦτα
2399 822 2647 891 λέγουσιν
2680 824 2810 893 ἡμῖν
2840 837 2856 887 ;
2889 823 3057 875 Ἴδετε
3088 820 3312 875 ἐπὶτῶν
3341 835 3482 892 πρα-

1907 907 2133 976 γμάτων
2162 908 2230 962 τὰ
2260 910 2480 980 ῥήματα
2510 908 2796 973 ἐξελθόντα
2833 908 2901 961 τά
2950 908 3215 979 ἡμέτερα.
3247 907 3362 961 Ούκ
3396 907 3484 959 ἀεὶ

1909 994 2118 1063 ἔλεγον,
2164 997 2246 1050 ὃτι
2283 998 2561 1069 δραπέτης
2605 997 2752 1051 ἐστὶν
2781 997 2811 1048 6
2860 996 3090 1059 πλοῦτος
3136 995 3245 1050 ἀπὸ
3292 994 3483 1048 τούτου

1911 1080 2050 1150 πρὸς
2078 1082 2286 1135 ἐκεῖνον
2320 1082 2552 1152 βαίνων;
2582 1083 2692 1134 Καὶ
2720 1081 2831 1134 εἴθε
2867 1081 3145 1151 μετέϐαινε
3177 1080 3357 1151 μόνον,
3391 1080 3486 1135 καὶ

1913 1167 1989 1238 μὴ
2037 1168 2132 1221 καὶ
2186 1171 2543 1226 ἀπέκτεινεν·
2598 1171 2710 1224 εἴθε
2759 1170 3072 1241 μεθίστατο,
3129 1170 3224 1222 καὶ
3270 1170 3344 1240 μὴ
3391 1170 3485 1221 καὶ

1914 1253 2123 1326 ἀνῄρει.
2147 1255 2261 1310 Νῦν
2284 1256 2340 1310 δὲ
2377 1257 2471 1310 καὶ
2498 1258 2741 1328 ἐρήμους
2771 1256 3174 1325 καταλιμπάνει
3202 1256 3298 1326 τῆς
3319 1254 3483 1308 αὐτοῦ

1912 1346 2269 1415 προστασίας,
2309 1346 2404 1399 καὶ¹
2440 1345 2519 1418 τῷ
2567 1348 2710 1417 ξίφει
2755 1345 3106 1415 παραδίδωσι,
3154 1344 3252 1396 καὶ
3293 1343 3386 1395 ἐπὶ
3425 1341 3487 1394 τὸ

1915 1430 2187 1503 βάραθρον
2234 1434 2377 1502 ἄγει,
2413 1434 2677 1506 προδότης
2726 1432 2802 1486 ὢν
2847 1431 3102 1502 χαλεπὸς,
3152 1431 3246 1484 καὶ
3278 1429 3489 1490 τούτοις

1919 1519 2155 1589 μάλιστα
2207 1520 2480 1592 πολεμῶν,
2526 1524 2638 1585 τοῖς
2687 1520 2935 1591 φιλοῦσιν
2976 1520 3158 1572 αὐτόν.
3204 1516 3490 1587 Δραπέτης

1916 1607 2065 1660 ἐστὶν
2097 1607 2387 1678 ἀγνώμων,
2425 1608 2749 1680 ἀνδροφόνος
2788 1607 3124 1679 ἀμείλικτος,
3157 1605 3345 1683 θηρίον
3374 1604 3491 1656 ἀτι·

1917 1692 2237 1760 θάσσευτον,
2271 1696 2512 1767 κρημνὸς
2538 1695 2873 1766 πανταχόθεν
2899 1695 3192 1763 ἀπότομος,
3227 1690 3493 1753 σκόπελος

1915 1781 2181 1851 διηνεκῶν
2212 1783 2473 1853 κυμάτων
2498 1783 2706 1853 γέμων,
2739 1781 2973 1850 πέλαγος
3008 1781 3113 1835 ὑπὸ
3140 1778 3349 1850 μυρίων
3371 1777 3494 1831 ἀνέ·

1921 1886 2037 1939 μων
2076 1869 2528 1940 διακοπτόμενον,
2572 1869 2832 1941 τύραννος
2876 1867 3127 1939 χαλεπῶς
3166 1866 3491 1930 ἐπιτάττων,

1915 1954 2181 2025 δεσπότης
2226 1954 2253 1995 ιι
2318 1954 2594 2026 βαρϐάρου
2652 1956 2797 2019 τινος
2842 1952 3249 2025 χαλεπώτερος,
3299 1951 3493 2022 ἐχθρὸς

1917 2039 2199 2109 ἄσπονδος,
2226 2041 2484 2112 πολέμιος
2500 2042 2927 2107 ἀκατάλλακτος,
2952 2040 3207 2094 οὐδέποτε
3239 2037 3335 2109 τὴν
3355 2036 3493 2108 πρὸς

1916 2128 2042 2192 τοὺς
2068 2129 2441 2200 κεκτημένους
2472 2129 2634 2184 αὐτὸν
2672 2128 2957 2183 καταλύων
2982 2127 3075 2197 ἕχθ
3086 2144 3204 2197 ραν.

1988 2215 2058 2284 γ’.
2095 2215 2235 2268 Ἀλλ’
2256 2216 2408 2287 οὐχή
2438 2216 2597 2269 πενία
2619 2215 2881 2281 τοιοῦτον,
2904 2215 3019 2270 ἀλλ’
3034 2212 3360 2275 άπεναντίας
3382 2210 3495 2265 τῶν

1919 2300 2250 2373 εἰρημένων.
2272 2303 2485 2373 Χωρίον
2508 2302 2616 2375 γάρ
2643 2304 2791 2355 ἐστιν
2812 2302 3032 2365 ἄσυλον,
3056 2301 3221 2371 λιμὴν
3241 2299 3493 2369 γαληνὸς,

1919 2388 2190 2456 ἀσφάλεια
2224 2390 2501 2460 διηνεκὴς,
2550 2391 2730 2461 τρυφὴ
2777 2388 3032 2443 κινδύνων
3077 2385 3493 2456 ἀπηλλαγμένη,

1919 2475 2084 2546 ἡδονὴ
2125 2477 2457 2547 εἰλικρινὴς,
2508 2477 2622 2548 βίος
2668 2477 2962 2548 ἀτάραχος,
3012 2472 3126 2543 ζωὴ
3161 2471 3495 2543 ἀκύμαντος.

1923 2563 2153 2634 εὐπορία
2185 2563 2636 2634 ἀκαταμάχητος,
2671 2564 2990 2633 φιλοσοφίας
3028 2562 3232 2632 μήτηρ,
3279 2557 3496 2629 χαλινὸς

1923 2647 2200 2714 ἀπονοίας,
2236 2649 2522 2719 ἀναίρεσις
2566 2649 2860 2712 κολάσεως,
2897 2648 3021 2717 ῥίζα
3063 2660 3495 2712 ταπεινοφροσυ-

1923 2752 2043 2806 νης.
2078 2736 2235 2799 Τίνος
2262 2732 2355 2789 οὖν
2392 2736 2602 2800 ἕνεκεν,
2639 2736 2762 2789 είπέ
2804 2724 2919 2806 μοι,
2946 2732 3149 2802 ταύτην
3187 2730 3500 2800 φεύγοντες,

1925 2823 2145 2895 ἐκείνην
2181 2823 2404 2877 διώκετε
2437 2824 2535 2895 τὴν
2570 2822 2853 2894 πολεμίαν,
2903 2821 3003 2892 τὴν
3027 2818 3373 2890 ἀνδροφόνον,
3398 2816 3498 2888 τὴν

1927 2910 2119 2981 θηρίου
2153 2911 2356 2974 παντὸς
2384 2909 2807 2981 χαλεπωτέραν;
2852 2907 3105 2962 Τοιοῦτον
3160 2906 3271 2976 γὰρ
3304 2906 3338 2974 ή
3371 2904 3493 2973 φιλ-

1924 2997 2181 3070 αργυρία·
2198 2997 2435 3052 τοιοῦτον
2456 3001 2488 3069 ή
2512 2998 2641 3069 περὶ
2664 2998 2735 3050 τά
2759 2997 3018 3068 χρήματα
3049 2994 3235 3065 μανία.
3258 2993 3322 3046 Τί
3347 2990 3503 3045 πολέ-

1936 3103 2059 3158 μιον
2089 3085 2532 3155 συγκατοικίζεις
2554 3085 2737 3155 σαυτῷ
2762 3084 2982 3154 διηνεκῆ
3012 3080 3335 3145 διαπαντός;
3360 3080 3412 3131 τί
3441 3077 3504 3132 τδ

1931 3173 2120 3244 θηρίον
2164 3174 2489 3246 ἀγριαίνεις,
2511 3174 2539 3226 ὂ
2575 3171 2914 3227 τιθασσεύειν
2958 3172 3109 3236 δέον;
3150 3169 3259 3223 Καὶ
3288 3167 3405 3231 πῶς
3438 3166 3505 3219 ἀν

1931 3262 2160 3332 γένοιτο,
2195 3264 2382 3334 φησὶν,
2419 3263 2701 3334 χειροήθεις
2725 3280 2740 3327 ;
2763 3263 2827 3315 Εἰ
2856 3261 2965 3314 τῶν
3000 3261 3149 3331 ἐμῶν
3178 3256 3503 3328 ἀνάσχοισθε

1933 3351 2129 3421 λόγων,
2156 3351 2261 3407 κᾶν
2295 3350 2390 3405 νῦν
2427 3350 2519 3403 ὅτε
2543 3350 2610 3403 τά
2642 3348 2912 3421 πτώματα
2938 3347 3161 3410 ἔναυλα,
3192 3346 3280 3400 ὅτε
3308 3346 3341 3417 ή
3370 3360 3508 3414 συμ-

1935 3438 2080 3513 φορά
2126 3437 2474 3509 ἀκμάζουσα,
2509 3436 2832 3500 ὅτε-πάντες
2856 3438 2919 3490 ἐν
2944 3435 3157 3506 θορύϐῳ
3206 3434 3301 3488 καὶ
3337 3449 3509 3503 κατηα

1935 3528 2085 3598 φείᾳ.
2113 3525 2268 3598 [407]
2294 3524 2417 3589 Πῶς
2445 3521 2539 3578 οὖν
2567 3524 2627 3577 τὸ
2665 3523 2850 3595 θηρίον
2874 3522 3160 3593 ἀπαλλαγῇ
3193 3520 3287 3574 τοῦ
3319 3519 3510 3591 θηρίον

1936 3611 2112 3678 εἶναις
2160 3607 2396 3683 δύναμαι
2438 3612 2546 3682 γὰρ
2590 3611 2724 3666 αὐτὸ
2767 3610 3148 3682 μεταϐάλλειν,
3202 3607 3297 3660 ἐὰν
3348 3607 3508 3676 ὑμεῖς

1939 3703 2235 3774 θελήσητε·
2265 3699 2488 3771 τοιαύτη
2529 3698 2689 3772 γάρή
2726 3698 2834 3753 τῶν
2862 3699 3036 3767 λόγων
3076 3696 3247 3766 ἰσχύς.
3282 3693 3408 3756 Ιίῶς
3442 3692 3508 3745 ἀν

1939 3785 2031 3845 οῦν
2055 3784 2419 3861 μεταϐληθείη
2445 3786 2546 3857 τῆς
2567 3785 2895 3858 θηριωδίαςς
2934 3785 3059 3837 Ἐάν
3085 3782 3365 3854 μάθωμεν,
3395 3780 3511 3841 πῶς

1938 3878 2149 3947 γίνεται
2182 3873 2437 3945 χαλεπόν.
2476 3874 2600 3937 Πῶς
2634 3868 2726 3925 οὖν
2764 3871 2975 3940 γίνεται
3000 3870 3268 3941 χαλεπόν;
3301 3868 3512 3936 Ὠσπερ

1938 3967 1986 4018 οἱ
2014 3963 2250 4025 λέοντες,
2280 3961 2469 4029 ὥσπερ
2504 3960 2561 4013 αί
2606 3958 2929 4030 παρδάλεις,
2983 3957 3171 4028 ὥσπερ
3216 3956 3275 4008 αἱ
3320 3957 3513 4026 ἄρκτοι

1945 4051 2363 4122 συγκλειόμεναι
2392 4051 2486 4104 καὶ
2532 4051 2591 4103 ἐν
2629 4049 2808 4119 σκότῳ
2841 4046 3266 4117 καθειργόμεναι
3313 4041 3515 4108 διεγεί-

1948 4157 2102 4214 ρουσι
2128 4139 2218 4194 τὸν
2249 4138 2440 4209 θυμὸν,
2472 4136 2699 4205 αὔξουσι
2722 4135 2819 4229 τήν
2842 4136 3043 4208 ὀργήν·
3089 4132 3234 4229 οὓτω
3270 4130 3459 4229 δήκαὶ
3487 4129 3519 4181 ό

1946 4227 2176 4291 πλοῦτος
2222 4225 2639 4296 συγκλειόμενος
2683 4218 2783 4277 καῖ
2819 4221 3280 4293 κατορυττόμενος
3307 4218 3519 4279 λέοντος

1952 4315 2152 4388 μᾶλλον
2173 4314 2434 4384 ὠρύεται,
2464 4311 2558 4365 καὶ
2578 4311 2811 4364 πάντοτε
2832 4308 3089 4363 ἀνασοϐεῖ
3110 4324 3125 4337 ·
3148 4308 3196 4360 εί
3221 4306 3276 4359 δὲ
3306 4306 3520 4373 ἐξάγεις

1949 4404 2112 4458 αὐτὸν
2144 4404 2210 4456 ἐκ
2235 4400 2331 4453 τοῦ
2374 4400 2617 4465 σκότους,
2665 4399 2760 4451 καὶ
2788 4396 3124 4466 διασπείρεις
3165 4396 3244 4459 είς
3274 4392 3373 4455 τάς
3413 4391 3520 4444 τῶν

1948 4491 2199 4560 πενήτων
2232 4487 2531 4558 γαστέρας,
2577 4486 2638 4539 τὸ
2668 4483 2855 4556 θηρίον
2900 4482 3107 4550 γίνεται
3158 4477 3448 4550 πρόϐατον,
3493 4478 3522 4527 6

1949 4577 2235 4640 ἐπίϐουλος
2257 4577 2589 4647 προστάτης,
2622 4575 2651 4627 6
2677 4571 2939 4634 σκόπελος
2962 4569 3145 4640 λιμὴν,
3169 4568 3230 4620 τὸ
3263 4565 3519 4631 ναυάγιον

1949 4666 2179 4739 γαλήνη.
2230 4666 2381 4720 Ἐπεὶ
2427 4664 2521 4717 καὶ
2553 4662 2646 4716 ἐπὶ
2680 4663 2788 4715 τῶν
2828 4660 3026 4712 πλοίων
3067 4656 3224 4710 τοῦτο
3262 4655 3327 4709 ἂν
3362 4654 3517 4715 ίδοις·

1951 4756 2080 4808 ὅταν
2106 4755 2247 4825 ὑπὲρ
2275 4752 2438 4821 ὄγκον
2534 4752 2595 4803 τὸ
2636 4750 2876 4821 φορτίον,
2914 4743 3162 4817 βαπτίζει
3192 4742 3252 4795 τὸ
3280 4741 3484 4810 σκάφος
3504 4756 3520 4772 ·

1950 4842 2078 4897 ὅταν
2120 4842 2177 4896 δέ
2205 4840 2540 4911 σύμμετρον,
2570 4837 2819 4907 ἐξουρίας
2849 4836 3092 4905 φέρεται.
3128 4829 3300 4883 Τοῦτο
3327 4829 3392 4898 δὴ
3430 4828 3525 4880 καὶ

1954 4929 2189 4983 ἐπὶτῶν
2221 4926 2410 4980 οίκιῶν
2451 4927 2661 4995 γίνεται
2692 4922 2800 4975 τῶν
2848 4921 3161 4991 ἡμετέρων·
3214 4917 3342 4970 ὅταν
3386 4915 3524 4984 ὑπὲρ

1954 5016 2055 5089 τὴν
2094 5016 2282 5087 χρείαν
2315 5014 2627 5082 συναγάγῃς
2669 5008 2738 5063 τὰ
2782 5010 3062 5081 χρήματα,
3108 5004 3277 5077 μικρά
3323 5005 3524 5073 ἀνέμου

1958 5102 2254 5177 προσϐολὴ,
2286 5104 2382 5156 καὶ
2414 5104 2447 5173 ή
2477 5098 2714 5170 τυχοῦσα
2745 5097 2854 5151 τῶν
2878 5096 3155 5166 ἀδοκήτων
3186 5093 3526 5163 πραγμάτων

1958 5175 2278 5262 περίστασις
2323 5186 2620 5256 αὔτανδρον
2658 5183 2916 5239 καταδύει
2962 5182 3024 5235 τὸ
3073 5181 3312 5250 σκάφος·
3374 5179 3422 5230 εί
3470 5175 3529 5229 δὲ

1961 5278 2196 5333 τοσαῦτα
2217 5276 2446 5347 ἀποθῇς,
2481 5276 2688 5344 ὅσαπερ
2717 5274 2749 5342 ή
2773 5272 2931 5342 χρεία
2950 5272 3190 5334 ἀπαιτεῖ,
3223 5266 3324 5320 κάν
3346 5282 3531 5319 καται·

1959 5368 2051 5436 γὶς
2076 5364 2299 5438 ἐπέλθῃ,
2330 5363 2528 5435 ῥαδίως
2542 5361 2845 5433 διατρέχεις
2869 5359 2937 5413 τὰ
2965 5357 3203 5429 κύματα.
3235 5354 3327 5424 Μὴ
3346 5352 3531 5431 τοίνυν

1964 5452 2221 5524 ἐπιθύμει
2261 5451 2354 5505 τοῦ
2378 5450 2638 5514 πλείονος,
2670 5450 2756 5503 ἵνα
2788 5448 2861 5519 μὴ
2888 5447 2983 5500 τοῦ
3023 5444 3223 5504 παντδς
3256 5441 3497 5515 ἐκπέσῃς
3517 5458 3531 5472 ·

1968 5542 2103 5613 μηδὲ
2148 5541 2216 5595 τὰ
2250 5542 2473 5611 ἥριττά
2503 5539 2603 5609 τῆς
2636 5537 2823 5609 χρείας
2867 5536 3164 5603 συνάγαγε,
3219 5531 3306 5583 ἵνα
3345 5527 3422 5599 μὴ
3469 5528 3537 5582 τὰ

2030 5682 2061 5723 b
2088 5682 2209 5748 Reg.
2229 5680 2448 5746 χαλεπῶν
2469 5675 2793 5740 ἐπιταγμάτων
2815 5673 3065 5727 δεσπότης.
