4100 6196
239 288 348 346 417

218 410 388 453 totum
433 397 680 458 amittas;
710 395 818 448 noli
848 407 965 462 qua:
996 399 1247 461 superant
1277 404 1431 444 usum
1459 402 1806 458 congregare,

216 506 286 545 ne
317 489 515 559 perdas
549 488 709 542 etiam
742 482 1076 545 necessaria;
1106 482 1210 535 noli
1237 480 1528 551 praefmitos
1556 480 1813 536 terminos

214 580 606 653 pneteigredi,
650 594 716 631 ne
766 574 1101 629 facultatibus
1138 573 1400 627 universis
1431 572 1645 626 exuaris
1675 589 1689 625 :
1718 570 1813 625 sed

214 672 360 741 quod
403 677 649 739 superest
676 681 860 722 reseca
884 706 900 731 ,
940 674 999 719 nt
1030 665 1081 718 in
1111 663 1425 727 necessariis
1451 662 1698 717 ditescas.
1730 664 1814 716 An

218 779 333 818 non
361 763 512 817 vides
531 760 673 832 quod
696 759 945 829 agricola:
965 757 1125 811 vitem
1150 764 1353 826 putant,
1380 770 1446 809 ne
1470 756 1572 809 vim
1600 769 1814 809 omnem

224 871 271 909 in
307 854 571 924 pampinis
601 860 655 907 et
701 850 1041 922 palmitibus,
1086 849 1180 904 sed
1227 850 1277 903 in
1324 849 1500 904 radice
1543 848 1815 918 proferat?

221 946 377 1000 ldem
419 955 472 999 et
502 955 551 998 tu
583 942 744 997 facito
774 959 788 996 :
814 949 1030 1011 amputa
1059 940 1183 995 folia
1212 981 1228 1008 ,
1270 955 1535 1010 omneque
1578 940 1815 995 studium

220 1038 334 1092 huc
365 1036 580 1090 intende
603 1076 620 1101 ,
653 1043 713 1088 ut
740 1032 1192 1102 quamplurimum
1234 1030 1437 1087 fructus
1479 1032 1629 1086 ferat.
1659 1030 1815 1099 Quod

219 1129 263 1183 si
300 1127 475 1180 facere
501 1140 719 1181 recuses
745 1125 796 1178 in
819 1124 978 1179 rebus
1009 1122 1300 1192 prosperis,
1325 1132 1604 1192 exspectes
1628 1123 1818 1177 adver-

219 1234 345 1282 sas;
372 1217 428 1271 in
473 1216 856 1285 tranquillitate
886 1223 1256 1283 tempestatem
1281 1255 1297 1278 ,
1331 1214 1382 1266 iu
1413 1214 1639 1266 sanitate
1670 1228 1814 1265 mor-

229 1314 381 1377 bum,
410 1312 461 1364 in
488 1310 688 1364 divitiis
719 1316 1084 1377 paupertatem
1105 1321 1167 1360 ac
1194 1306 1588 1360 mendicitatem
1616 1318 1814 1372 exspe-

221 1412 329 1457 cta.
359 1402 636 1462 Memento,
674 1400 865 1469 inquit,
898 1399 1133 1469 temporis
1153 1398 1303 1470 famis
1332 1399 1384 1451 in
1413 1407 1634 1468 tempore
1660 1398 1820 1450 abun-

224 1494 413 1547 dantia:
433 1535 448 1557 ,
482 1490 821 1544 mendicitatis
855 1500 900 1542 et
929 1489 1191 1558 egestatis,
1235 1489 1289 1541 in
1332 1488 1508 1542 diebus
1546 1488 1818 1557 apuleutia:

227 1584 419 1654 (Ereti.
455 1583 542 1637 i8.
572 1580 686 1652 25).
718 1579 801 1635 Ad
834 1580 973 1634 hunc
1010 1578 1231 1633 modum
1272 1579 1315 1632 si
1356 1578 1518 1632 fueris
1556 1578 1775 1632 affectus
1799 1619 1813 1643 ,

228 1686 339 1730 tum
370 1685 425 1729 et
451 1674 668 1729 divitias
697 1672 860 1726 multa
899 1686 1019 1725 cum
1049 1670 1339 1725 sobrietate
1378 1669 1775 1724 administrabis
1796 1709 1813 1734 ,

224 1777 284 1823 et
312 1776 599 1838 egestatem
617 1807 632 1830 ,
660 1764 704 1819 si
735 1761 972 1828 incidat,
1007 1760 1299 1815 fortissime
1328 1760 1588 1830 perfores.
1618 1760 1814 1813 Malum

233 1862 441 1931 quippe
467 1859 888 1928 inexspectatum
920 1853 1193 1923 perturbat
1220 1853 1479 1913 animum.
1509 1852 1551 1905 si
1582 1851 1812 1915 incidat;

134 1966 139 1969 ·
229 1950 383 2020 quod
420 1956 594 2003 autem
619 1945 1023 2016 exSpectabatur
1047 1985 1061 2007 ,
1106 1944 1150 1998 si
1180 1942 1413 2007 accidat,
1443 1958 1549 1996 non
1590 1942 1816 1996 multum

229 2040 417 2095 adfert
441 2030 866 2110 perturbationis.
898 2035 971 2090 Ita
1011 2034 1117 2090 duo
1141 2033 1422 2089 commoda
1449 2031 1781 2088 lucrifeceris
1799 2071 1814 2097 ,

226 2135 462 2188 alterum
501 2147 565 2186 ne
606 2131 932 2201 prosperitas
958 2136 1008 2183 te
1033 2126 1221 2183 reddat
1248 2126 1454 2181 ebrium
1495 2134 1551 2181 et
1576 2123 1817 2179 insolen-

230 2234 374 2289 tem,
405 2223 631 2276 alterum
677 2236 746 2275 ne
784 2212 1174 2275 commovearis
1200 2232 1262 2272 ac
1287 2216 1617 2288 perturberis
1660 2216 1820 2272 rebus

228 2316 284 2369 in
304 2314 570 2369 diversum
596 2312 957 2378 commutatis,
979 2311 1211 2365 maxime
1239 2310 1285 2365 si
1311 2325 1527 2381 semper
1544 2317 1819 2380 exspecta-

230 2408 381 2461 tione
423 2405 814 2460 eontrariorum
861 2402 1118 2473 pendebis
1148 2420 1161 2454 :
1194 2401 1393 2457 sufficit
1419 2401 1559 2457 enim
1604 2416 1702 2472 pro
1731 2415 1816 2456 ex-

226 2498 492 2569 perientia
518 2496 870 2567 exspectatio.
903 2495 1032 2551 Tale
1060 2503 1143 2550 est
1172 2494 1315 2565 quod
1342 2494 1465 2550 dico
1497 2511 1510 2546 :
1539 2494 1689 2549 dives
1717 2494 1818 2548 es?

227 2589 496 2657 Exspecta
541 2587 779 2658 quotidie
827 2594 1214 2657 paupertatem.
1248 2585 1422 2653 Quare
1471 2594 1525 2640 et
1563 2582 1819 2654 quamob-

226 2681 384 2736 rem?
430 2680 688 2748 Quoniam
731 2679 829 2734 ista
876 2677 1207 2748 exspectatio
1256 2677 1350 2731 tibi
1390 2676 1676 2754 maximam
1717 2674 1817 2729 ad-

227 2773 376 2826 ferre
400 2770 595 2841 poterit
638 2770 939 2825 utilitatem.
979 2769 1195 2823 Etenim
1240 2768 1330 2838 qui
1369 2775 1646 2834 exspectat
1688 2782 1817 2836 pau-

227 2871 495 2935 pertatem
521 2901 537 2926 ,
567 2861 620 2915 in
645 2860 842 2915 divitiis
871 2875 974 2914 non
1001 2858 1272 2914 extollitur
1293 2898 1308 2923 ,
1356 2874 1463 2913 non
1510 2856 1773 2912 mollescit
1798 2898 1814 2923 ,

226 2971 341 3009 non
369 2952 600 3022 diffluit,
644 2967 753 3011 non
779 2953 1106 3022 concupiscit
1135 2952 1301 3006 aliena
1336 2968 1351 3006 :
1386 2968 1507 3005 nam
1538 2962 1818 3023 exspecta-

232 3048 407 3102 tionis
452 3055 625 3101 metus
666 3045 936 3117 pmdagogi
977 3044 1250 3114 cujusdam
1297 3045 1412 3098 vice
1456 3043 1667 3098 cohibet
1707 3042 1821 3113 ejus

228 3148 493 3204 mentem,
518 3153 619 3193 nec
640 3139 838 3206 patitur
859 3137 1011 3191 mala:
1035 3135 1270 3190 avaritiae
1293 3134 1530 3205 germina
1551 3133 1818 3201 subuasci,

222 3235 359 3285 ilum
400 3226 473 3285 t-a‘
490 3241 633 3286 metu
661 3230 1048 3285 contrariorum
1088 3228 1248 3283 veluti
1279 3226 1414 3282 falce
1438 3225 1665 3297 quadarn
1694 3241 1820 3297 pro-

226 3323 377 3377 hibet
401 3337 645 3376 crescere
670 3337 754 3374 am
765 3330 1037 3391 putatque.

302 3414 359 3467 4.
378 3412 704 3480 Exspectatio
726 3412 963 3476 tristium,
985 3426 1046 3463 ea
1065 3426 1180 3463 cum
1196 3407 1505 3469 advenerim,
1533 3407 1821 3477 mitigat.—

172 3519 187 3525 ”
228 3504 346 3559 Hoc
375 3504 533 3573 igitur
560 3518 723 3556 unum
762 3511 844 3556 est
884 3516 915 3555 e
958 3500 1203 3554 maximis
1244 3498 1397 3552 bonis
1445 3514 1564 3567 qum
1608 3498 1822 3552 lucrifa-

226 3599 346 3653 cies
374 3615 387 3649 :
422 3597 649 3650 alterum
679 3602 857 3648 autem
885 3609 989 3647 non
1015 3601 1095 3648 est
1125 3591 1227 3646 isto
1254 3592 1427 3645 minus
1448 3631 1463 3653 ,
1495 3590 1740 3644 videlicet
1766 3598 1824 3644 ut

229 3689 280 3743 si
322 3686 611 3741 accesserit
654 3693 939 3754 paupertas
962 3725 978 3750 ,
1025 3697 1131 3736 non
1157 3695 1500 3751 expaveseas.
1534 3679 1825 3735 Praevertat

231 3794 364 3849 ergo
400 3778 569 3832 tristis
608 3774 974 3845 exspectatio,
1023 3772 1307 3844 nequando
1350 3772 1529 3827 veniat
1569 3772 1683 3842 ipsa
1731 3773 1827 3826 tri-

232 3873 399 3925 stium
450 3869 777 3938 experientia
812 3884 825 3920 :
855 3867 923 3921 ob
956 3865 1058 3920 hoc
1083 3864 1227 3919 enim
1270 3864 1418 3919 venit
1458 3862 1783 3933 experientia
1804 3903 1821 3931 ,

234 3967 379 4035 quod
410 3983 517 4020 non
562 3964 700 4019 adsit
724 3965 1092 4033 exapeetatio;
1132 3962 1272 4032 quod
1302 3963 1346 4017 si
1388 3962 1475 4017 illa
1504 3963 1826 4018 correxisset

236 4059 548 4121 hominem,
580 4058 680 4111 hac
708 4072 813 4112 non
853 4065 968 4111 erat
1007 4071 1141 4125 opus
1185 4053 1492 4109 admodum.
1540 4053 1708 4121 llujus
1747 4055 1823 4110 rei

236 4151 389 4203 testis
430 4148 595 4204 Jonas
629 4148 877 4202 Ninivitis
923 4148 1217 4216 praedicens
1251 4146 1522 4200 interitum
1565 4144 1748 4210 (Jonas
1773 4162 1820 4202 ε.

238 4241 294 4308 3)
325 4258 339 4293 :
367 4239 633 4309 siquidem
656 4240 728 4291 illi
757 4238 880 4292 dum
911 4247 1218 4304 exspectant
1238 4237 1377 4308 quod
1407 4236 1825 4308 pr0phettprie-

238 4333 486 4397 dixerat,
514 4330 593 4385 eis
623 4330 901 4384 imminere
940 4329 1292 4383 calamitatem
1323 4328 1701 4395 insanabilem,
1733 4346 1826 4384 ex-

239 4426 571 4493 spectatione
599 4423 859 4475 malorum
893 4427 1234 4474 venturorum
1263 4418 1536 4490 fregerunt
1564 4420 1692 4473 iram
1725 4436 1824 4474 nu-

243 4514 437 4577 minis;
468 4520 655 4567 contra
680 4511 851 4565 Judaei
884 4525 987 4565 non
1019 4510 1299 4564 credentes
1329 4508 1602 4578 propheta:
1629 4511 1824 4579 przrsdi-

246 4605 378 4658 renti
406 4603 861 4674 ierosolyniorum
883 4600 1167 4663 excidium,
1190 4601 1380 4655 acerba
1414 4601 1648 4670 perpessi
1677 4612 1820 4656 sunt.

242 4692 461 4762 Sapiens
497 4693 630 4745 enim
658 4702 883 4744 metuens
911 4690 1178 4745 declinavit
1219 4691 1447 4756 malum;
1473 4692 1716 4761 insipiens
1755 4693 1823 4761 ﬁ-

241 4783 392 4835 ducia
430 4799 525 4836 sua
565 4780 898 4849 confunditur
938 4778 1119 4853 (Prov.
1155 4780 1240 4835 14.
1272 4780 1381 4851 16).
1414 4780 1515 4849 Qui
1555 4791 1829 4851 exspectat

243 4883 636 4943 paupertatem,
664 4873 789 4926 dum
817 4882 1056 4926 versatur
1083 4872 1134 4927 in
1156 4872 1374 4937 divitiis,
1399 4872 1536 4929 haud
1568 4875 1717 4931 facile
1739 4876 1828 4930 fiet

246 4982 451 5037 pauper
478 4985 492 5020 :
524 4982 645 5020 nam
673 4964 813 5035 quod
844 4964 913 5018 ab
942 4966 1554 5035 exspectatione‘lucrari
1586 4968 1824 5032 noluisti,

242 5059 292 5112 id
322 5058 392 5112 ab
425 5058 537 5128 ipsa
566 5056 897 5125 experientia
933 5056 1149 5125 pulchre
1188 5055 1382 5111 disces.
1434 5056 1663 5112 Proinde
1704 5073 1826 5112 cum

244 5147 293 5201 in
325 5147 528 5202 divitiis
547 5161 607 5201 es
629 5186 645 5213 ,
668 5156 917 5216 exspecta
949 5155 1310 5216 paupertatem
1344 5163 1358 5201 :
1386 5160 1505 5200 cum
1529 5147 1580 5200 in
1606 5147 1830 5203 affluen-

245 5238 313 5290 tia
335 5279 350 5302 ,
382 5245 639 5307 exspecta
662 5235 854 5291 famem
890 5254 904 5290 :
933 5250 1053 5290 cum
1082 5235 1133 5289 in
1163 5235 1369 5306 gloria,
1397 5246 1646 5307 exspecta
1676 5237 1829 5308 igno-

245 5327 468 5383 miniam
490 5344 507 5377 -.
528 5341 650 5379 cum
670 5326 724 5380 in
748 5326 975 5381 sanitate
998 5327 1151 5389 vivis,
1173 5335 1421 5394 exspecta
1440 5327 1705 5381 morbum.
1728 5329 1827 5382 As-

243 5418 398 5474 sidue
426 5418 692 5487 perpende
715 5434 894 5475 rerum
922 5419 1271 5474 humanarum
1300 5429 1566 5487 naturam,
1597 5437 1715 5492 quae
1743 5424 1826 5476 ni-

247 5512 356 5566 hilo
396 5510 590 5566 melius
619 5510 797 5577 habet,
824 5527 983 5582 quam
1019 5512 1253 5567 amnium
1280 5511 1522 5567 deflexus
1545 5556 1562 5581 ,
1604 5524 1658 5569 et
1684 5514 1829 5571 fumo

248 5603 303 5656 in
330 5617 513 5657 aerem
541 5614 893 5659 evanescente
920 5604 1154 5675 fugacior
1182 5615 1284 5674 est,
1314 5612 1368 5660 et
1392 5605 1577 5660 umbra
1611 5618 1830 5677 praeter-

242 5703 498 5750 currente
534 5694 758 5751 inauior.
793 5694 849 5751 lu
876 5696 957 5752 his
987 5695 1029 5753 si
1062 5697 1465 5772 philosophatus
1494 5697 1659 5755 fueris
1683 5739 1698 5764 ,
1731 5715 1828 5756 nec

1028 275 1043 281 “
1116 278 1256 335 CUM
1298 276 1731 333 SA'IUliNINUS
1773 277 1858 332 ET
1900 277 2357 343 AURELIANUS,
2401 275 2548 333 ETC.

3388 282 3496 338 H8

1918 393 2097 446 suavia
2127 399 2180 447 te
2204 401 2454 462 pineruut
2486 391 2670 448 inflare
2696 433 2709 458 ,
2755 406 2852 447 nec
2894 393 3114 448 molesta
3146 392 3378 465 dejicere
3409 413 3422 450 :
3454 397 3500 451 si

1920 484 2268 551 prtesentibus
2298 484 2450 539 bonis
2477 498 2581 538 non
2608 485 2893 538 admodum
2923 485 3207 552 inhaerens,
3239 501 3411 556 neque
3434 487 3501 545 iis
3549 493 3555 497 ’

1918 574 2227 628 absentibus
2253 574 2677 631 discruciaberis.
2708 576 2769 631 Si‘
2787 576 3152 633 cousuefaeias
3173 580 3409 637 animum
3432 580 3503 634 ad

1916 665 2368 735 exspectationem
2396 666 2762 732 adversorum,
2792 681 2933 737 swpe
2961 667 3177 737 quidem
3207 669 3300 724 flet
3320 678 3376 723 ut
3399 670 3499 724 ad-

1919 769 2070 808 versa
2098 770 2203 810 non
2233 756 2493 821 accidant,
2525 758 2617 812 sed
2641 759 2684 812 si
2712 758 3004 814 acciderint
3023 800 3038 827 ,
3069 776 3175 815 non
3206 760 3503 817 vehemen-

1922 854 2002 900 ter
2030 855 2082 900 te
2105 848 2539 901 commovebunt.

1990 937 2043 992 5.
2075 938 2197 991 labi
2220 938 2432 992 historia
2463 948 2509 992 et
2550 940 2746 993 laudes.
2780 970 2850 980 —-
2887 941 3060 1011 Atque
3099 950 3158 997 ut
3199 943 3505 1015 iutelligatis

1920 1041 2008 1082 me
2038 1027 2152 1082 haec
2190 1043 2297 1082 non
2339 1044 2408 1083 ex
2454 1030 2760 1098 conjectura
2802 1031 2972 1101 loqui,
3023 1033 3143 1087 volo
3182 1035 3332 1090 vobis
3376 1051 3502 1089 nar-

1923 1131 2044 1171 rare
2072 1126 2305 1172 veterem
2347 1119 2631 1187 quamdam
2673 1119 2968 1175 historiam.
3010 1122 3133 1176 Fuit
3171 1124 3251 1178 vir
3285 1125 3503 1195 quidam

1919 1207 2246 1262 admirabilis
2274 1219 2326 1263 et
2356 1223 2578 1279 magnus
2605 1218 2660 1264 et
2685 1210 2879 1280 ubique
2906 1226 2999 1281 per
3026 1212 3213 1267 orbem
3239 1223 3501 1270 terrarum

1920 1298 2222 1353 celebratus
2244 1340 2259 1364 ,
2290 1300 2477 1355 beatus
2501 1299 2589 1355 ille
2612 1300 2713 1356 Job
2740 1343 2755 1367 ,
2790 1301 2878 1355 ille
2906 1303 3116 1372 pietatis
3144 1304 3339 1359 athleta
3366 1346 3382 1371 ,
3409 1306 3501 1359 ille

1922 1391 2083 1443 totius
2132 1390 2315 1445 mundi
2365 1392 2533 1446 victor
2580 1400 2634 1446 et
2687 1393 2995 1456 coronifer,
3049 1394 3140 1463 qui
3186 1410 3281 1463 per
3325 1398 3504 1449 omnia

1921 1482 2272 1536 certaminum
2331 1498 2526 1552 genera
2573 1484 2850 1548 transivit,
2910 1485 2999 1554 qui
3064 1486 3341 1541 innumera
3390 1497 3503 1542 tro-

1922 1588 2035 1642 paza
2102 1574 2277 1628 erexit
2344 1574 2553 1630 devicto
2621 1574 2854 1630 diabolo.
2920 1577 3024 1632 llic
3078 1578 3174 1632 fuit
3240 1578 3390 1634 dives
3454 1590 3510 1636 et

1923 1680 2143 1734 pauper,
2174 1665 2436 1735 gloriosus
2464 1675 2517 1721 et
2542 1667 2679 1733 vilis,
2722 1668 3007 1723 multorum
3039 1669 3328 1725 liberorum
3358 1681 3511 1741 pater

1922 1765 1975 1811 et
2000 1757 2165 1812 orbus
2189 1773 2202 1822 ;
2233 1757 2321 1812 hic
2340 1766 2580 1814 versatus
2606 1767 2687 1814 est
2710 1758 2761 1813 in
2782 1760 2919 1815 aulis
2946 1762 3228 1831 regalibus,
3256 1762 3348 1817 sed
3369 1762 3508 1817 idem

1922 1846 2022 1901 fuit
2066 1849 2117 1901 iu
2149 1849 2521 1919 sterquilinio;
2554 1850 2639 1905 hic
2670 1851 2767 1905 fuit
2800 1853 2853 1906 in
2898 1853 3172 1922 splendida
3212 1863 3380 1921 veste,
3413 1856 3510 1911 sed

1921 1950 2042 2009 post
2069 1941 2208 1995 illam
2235 1940 2288 1995 in
2308 1943 2627 1996 .corrosione
2652 1944 2910 1999 tinearum
2935 1958 2952 2010 ;
2982 1944 3083 1999 hie'
3098 1946 3329 2014 possedit
3350 1948 3509 2001 inuu-

1923 2045 2127 2084 mernm
2173 2031 2510 2098 famulitium,
2555 2033 2649 2087 sed
2697 2041 2877 2103 postea
2913 2035 3163 2090 sustinuit
3205 2036 3512 2094 innumeras

1921 2124 2290 2189 contumelias,
2335 2139 2365 2179 a
2393 2123 2741 2180 familiaribus
2777 2124 2830 2179 in
2865 2126 3037 2196 ipsum
3068 2127 3467 2199 insurgentibus
3491 2174 3507 2197 ,

1921 2216 1991 2277 ab
2013 2217 2201 2271 amicis
2221 2217 2664 2283 conviciantibus,
2693 2219 2760 2273 ab
2799 2233 2970 2274 uxore
2993 2219 3292 2275 insidiante.
3319 2220 3508 2276 Omnia

1923 2310 2000 2366 illi
2035 2312 2179 2381 prius
2205 2311 2351 2366 velut
2378 2325 2409 2365 e
2450 2309 2596 2366 fonte
2623 2310 2933 2378 afﬂuebant,
2967 2312 3310 2381 pecuniarum
3336 2315 3511 2385 copia,

1923 2403 2177 2472 potentiae
2219 2401 2550 2473 magnitudo,
2581 2401 2766 2472 gloria:
2790 2404 3048 2470 accessio,
3094 2418 3197 2473 pax
3226 2415 3281 2459 et
3307 2406 3513 2462 securi-

1925 2503 2026 2561 tas,
2055 2494 2288 2550 honores
2315 2505 2368 2549 et
2404 2494 2741 2565 obsequium,
2774 2495 3013 2565 corporis
3040 2496 3261 2564 sanitas,
3290 2506 3346 2552 et
3374 2498 3514 2554 filio-

1923 2602 2041 2641 rum
2066 2588 2355 2658 Opulentia,
2389 2602 2487 2643 nec
2528 2596 2644 2643 erat
2668 2587 2719 2642 iu
2752 2587 2834 2644 his
2876 2589 3161 2659 quidquam
3192 2590 3510 2658 molestum;

1925 2678 2146 2733 aderant
2177 2677 2255 2733 illi
2294 2678 2492 2733 divitiae
2511 2694 2631 2733 cum
2662 2679 2965 2746 securitate,
2996 2681 3319 2749 prosperitas
3346 2682 3513 2737 stabi-

1925 2767 1991 2822 lis
2020 2785 2033 2821 :
2064 2776 2224 2839 atque
2269 2768 2473 2839 optimo
2535 2769 2748 2837 quidem
2791 2770 2912 2838 jure
2941 2786 2955 2822 :
2983 2768 3125 2824 Deus
3184 2772 3327 2826 enim
3366 2772 3513 2828 illum

1930 2860 2162 2930 undique
2190 2860 2497 2915 vallaverat.
2525 2860 2629 2916 Sed
2648 2869 2831 2931 postea
2856 2861 2941 2915 illa
2961 2862 3137 2917 omnia
3156 2875 3513 2934 recesserunt,

1926 2966 2155 3021 moxque
2173 2951 2464 3006 innumera:
2485 2961 2827 3022 tempestates
2846 2953 3212 3024 immigrarunt
3229 2956 3278 3010 in
3296 2955 3513 3011 domum

1927 3042 2089 3106 illius,
2120 3040 2331 3110 omnes,
2379 3043 2617 3112 inquam,
2655 3042 2756 3097 sibi
2805 3043 3039 3099 vicissim
3078 3044 3427 3102 succedentes
3452 3063 3517 3102 ac

1925 3143 2195 3204 perpetuae
2222 3142 2278 3190 et
2317 3135 2576 3206 ingentes.
2625 3134 2893 3204 Siquidem
2933 3135 3196 3192 universa:
3237 3136 3516 3197 facultates

1926 3227 2002 3281 illi
2040 3226 2196 3280 simul
2234 3234 2436 3296 erepta:
2476 3234 2599 3280 sunt
2631 3244 2644 3279 ε
2678 3226 2859 3281 famuli
2908 3226 3162 3298 liberique
3199 3238 3515 3298 praematura

1927 3316 2272 3387 violentaque
2310 3325 2486 3372 morte
2515 3318 2757 3387 oppressi
2785 3327 2927 3385 sunt,
2957 3318 3023 3372 ad
3055 3334 3292 3374 mensam
3322 3328 3376 3374 et
3402 3322 3518 3391 ipso

1927 3410 1979 3464 in
2011 3410 2256 3465 convivio
2285 3409 2521 3477 mactati,
2552 3425 2658 3464 non
2701 3409 2917 3480 quidem
2961 3408 3138 3467 sécuri
3184 3421 3275 3467 aut
3301 3413 3476 3484 gladio
3497 3454 3517 3481 ,

1926 3501 2018 3555 sed
2049 3517 2077 3553 a
2109 3500 2252 3554 malo
2294 3501 2503 3570 spiritu,
2531 3501 2619 3571 qui
2659 3500 2875 3556 domum
2905 3504 3191 3558 concussit.
3224 3504 3357 3558 Tum
3384 3520 3519 3559 uxor

1927 3592 1980 3647 in
2013 3593 2161 3647 illum
2207 3592 2534 3659 armabatur,
2566 3607 2797 3664 suasque
2840 3593 3115 3649 machinas
3156 3595 3392 3649 admovit
3427 3596 3515 3665 ju-

1927 3693 2052 3750 sto;
2098 3684 2282 3740 famuli
2331 3701 2492 3756 porro
2529 3695 2584 3741 et
2623 3686 2817 3753 amici,
2867 3687 3057 3755 partim
3102 3696 3426 3756 exspuerunt
3465 3690 3516 3744 in

1927 3775 2115 3831 faciem
2146 3776 2283 3847 ejus,
2304 3777 2750 3847 quemadmodum
2780 3776 2849 3831 ait
2880 3778 3015 3847 ipse,
3043 3777 3160 3832 Non
3186 3792 3515 3849 pepercerunt

1930 3867 2111 3939 facient
2138 3884 2298 3921 meam
2319 3884 2593 3938 conspuere
2613 3867 2729 3936 (Job
2760 3869 2847 3923 50.
2872 3869 2960 3937 10)
2992 3886 3007 3925 :
3030 3870 3222 3939 partim
3249 3870 3520 3928 irruerunt

1929 3960 1981 4014 in
2011 3975 2159 4025 cum,
2187 3968 2242 4015 et
2282 3975 2346 4014 ex
2376 3959 2536 4015 domo
2561 3960 2764 4029 eiectus
2789 3969 2892 4025 est,
2931 3976 2994 4015 ac
3022 3961 3276 4032 deinceps
3305 3963 3357 4017 in
3383 3975 3521 4020 ster-

1930 4051 2155 4119 quilinio
2194 4052 2354 4104 vitam
2399 4050 2524 4118 egit,
2571 4065 2633 4104 ac
2677 4050 2936 4105 vermium
2988 4052 3159 4108 fontes
3202 4054 3476 4110 scatebant
3502 4098 3518 4123 ,

1929 4141 2165 4210 undique
2213 4141 2470 4212 sanguine
2515 4149 2570 4196 et
2610 4142 2759 4197 sanie
2802 4140 3080 4199 diffluebat
3123 4145 3211 4202 ille
3254 4149 3520 4215 pretiosus

1928 4232 2185 4299 adamas;
2216 4242 2271 4287 et
2311 4241 2530 4302 accepta
2575 4242 2710 4288 testa
2757 4234 3102 4305 abstergebat
3148 4237 3374 4303 saniem,
3409 4238 3521 4308 ipse

1929 4324 2030 4379 sibi
2074 4324 2243 4379 factus
2286 4323 2523 4380 carnifex
2560 4324 2757 4380 :dolor
2801 4325 3043 4381 dolorem
3087 4328 3421 4398 excipiebat,
3468 4341 3521 4383 rt

1929 4416 2196 4471 cruciatus
2239 4415 2621 4481 intolerabiles,
2651 4425 2705 4472 et
2744 4431 2847 4472 nox
2878 4417 2964 4473 die
3003 4418 3297 4485 molestior,
3325 4429 3380 4474 et
3406 4420 3520 4473 dies

1932 4515 2088 4562 nocte
2104 4506 2410 4574 terribilior,
2425 4507 2565 4562 sicut
2579 4507 2690 4575 ipse
2701 4507 2831 4562 dicit
2850 4526 2863 4563 :
2884 4506 3011 4563 Cum
3030 4507 3362 4573 obdormiero,
3381 4509 3514 4575 dico,

1930 4598 2132 4667 quando
2152 4597 2243 4650 erit
2288 4596 2396 4651 dies
2416 4597 2443 4650 .’
2466 4614 2580 4651 cum
2620 4613 2790 4669 surgo,
2820 4614 3022 4650 rursum
3050 4599 3183 4665 dico,
3205 4600 3406 4667 quando
3426 4602 3519 4652 erit

1931 4704 2137 4759 vespera
2149 4689 2175 4742 ?
2190 4689 2366 4759 plenus
2390 4687 2565 4743 dolore
2579 4705 2689 4742 sum
2702 4705 2733 4740 a
2749 4703 2952 4759 vespera
2968 4704 3124 4758 usque
3150 4689 3219 4741 ad
3243 4690 3518 4744 diluculum

1933 4781 2057 4852 (Job
2082 4784 2136 4837 7.
2165 4782 2243 4853 4).
2275 4780 2463 4837 Omnia
2503 4781 2814 4852 praecipitia,
2844 4779 3020 4834 omnia
3051 4779 3277 4852 scopuli,
3313 4796 3412 4838 nec
3436 4793 3522 4838 est

1936 4874 2075 4928 ullus
2099 4873 2187 4945 qui
2214 4874 2535 4937 consoletur,
2563 4864 2650 4942 qui
2677 4872 2927 4926 insultent
2954 4870 3216 4927 innumeri
3245 4890 3261 4932 :
3285 4882 3518 4930 attamen

1936 4967 1987 5020 in
2021 4975 2163 5020 tanta
2197 4975 2533 5035 tempestate,
2586 4964 2850 5034 tantisque
2893 4964 3138 5020 fluetibus
3166 4965 3300 5022 adeo
3330 4968 3521 5022 intole-

1933 5056 2138 5123 randis,
2185 5056 2423 5111 constitit
2460 5054 2718 5110 adversus
2757 5057 2937 5110 omnia
2967 5072 3226 5128 generoso
3250 5060 3431 5115 animo
3467 5069 3526 5115 et

1934 5151 2320 5215 inconcussus;
2352 5150 2404 5204 in
2445 5165 2605 5205 causa
2650 5149 2747 5205 fuit
2788 5150 2838 5204 id
2867 5151 3007 5222 quod
3037 5151 3276 5207 dicebam
3310 5168 3327 5211 :
3360 5154 3520 5208 nimi-

1935 5257 2052 5297 rum
2092 5241 2216 5310 quia
2249 5255 2370 5297 cum
2402 5240 2553 5295 dives
2591 5249 2754 5306 esset,
2800 5242 3141 5312 exspectabat
3186 5252 3476 5313 egestatem
3509 5264 3523 5300 :

1934 5346 2057 5386 cum
2101 5345 2263 5386 sanus
2311 5340 2490 5395 esset,
2536 5331 2879 5401 exspectabat
2921 5333 3320 5402 mgrotationem
3351 5350 3368 5390 :
3399 5348 3522 5390 cum

1936 5430 2015 5479 tot
2049 5422 2334 5479 liberorum
2362 5430 2505 5478 esset
2534 5432 2706 5493 pater,
2747 5422 2976 5478 subitam
3018 5423 3318 5478 orbitatem.
3352 5427 3529 5499 Atque

1936 5512 2079 5568 hunc
2105 5513 2353 5568 timorem
2400 5528 2615 5584 semper
2642 5514 2781 5584 apud
2811 5529 2870 5569 se
2897 5516 3151 5584 snsi-epit,
3182 5525 3237 5569 et
3266 5516 3405 5572 hanc
3432 5535 3526 5575 an-

1936 5604 2187 5662 xietatem
2233 5620 2449 5677 semper
2488 5606 2628 5677 apud
2679 5623 2740 5663 se
2784 5607 2953 5674 aluit,
3001 5609 3302 5677 intelligens
3346 5624 3527 5667 renuit

1937 5699 2289 5755 humanarum
2334 5710 2600 5767 naturam,
2647 5708 3183 5772 momentaneamque
3226 5698 3532 5759 volubilita-
