4100 6196
536 261 640 316 H9

538 384 646 430 tem
694 373 1025 443 negotiorum
1080 368 1446 426 considerans.
1494 368 1676 435 quue
1736 364 1867 419 dixit
1902 364 2125 420 :Timor

536 482 686 534 quem
724 465 974 529 timebam,
1008 464 1165 517 evenit
1194 461 1317 516 mihi
1345 478 1366 515 :
1393 469 1437 512 et
1465 459 1740 529 periculum
1776 458 1911 531 quod
1938 468 2125 512 metue-

534 559 672 621 bam,
703 555 917 609 occurrit
943 553 1070 607 mihi
1115 550 1235 620 (Job
1261 552 1313 605 3.
1340 550 1457 619 25).
1503 550 1731 619 Semper
1754 549 1894 603 enim
1924 548 2123 617 cogita-

535 647 682 699 tione
728 643 1004 713 spectabat
1043 643 1111 701 ad
1158 641 1303 695 illum
1349 640 1617 706 timorem,
1666 638 1912 709 operiens
1953 652 2117 704 eum,

538 749 767 803 Sperans
813 739 1278 801 exspectansque;
1326 730 1445 785 idco
1487 745 1608 785 cum
1659 730 1980 795 advenisset,
2013 743 2119 783 non

538 823 867 893 perturbavit
895 822 1041 876 illum
1069 838 1083 876 :
1116 820 1295 891 Neque
1331 838 1504 892 pacem
1544 821 1715 887 habui,
1748 820 1936 891 inquit,
1964 836 2123 887 neque

532 916 712 984 quievi,
739 915 826 969 sed
854 914 979 967 milii
999 915 1132 970 venit
1162 914 1237 968 ira
1265 912 1386 984 (Job
1433 915 1486 969 5.
1526 913 1642 984 26).
1682 913 1797 968 Νοη
1823 912 1975 978 dixit,
2003 911 2118 967 Non

534 1020 715 1074 pacem
742 1003 933 1071 habeo,
962 1019 1136 1073 neque
1154 1006 1389 1075 quiesco,
1418 1004 1667 1074 praesenti
1694 1014 1936 1073 tempore
1959 1019 1975 1062 :
1998 1002 2115 1071 sed,

534 1096 655 1151 Non
680 1097 861 1167 quievi,
906 1095 1181 1167 praeterito
1211 1107 1468 1166 tempore.
1502 1094 1723 1150 Etiamsi
1749 1096 1890 1150 enim
1937 1111 2116 1150 rerum

534 1186 859 1256 proSperitas
905 1188 1260 1256 arrogantiam
1312 1185 1587 1251 suadebat,
1640 1185 1733 1240 sed
1789 1187 2117 1254 exspectatio

532 1278 760 1332 tristium
807 1292 911 1331 non
954 1278 1163 1331 sinebat
1206 1292 1293 1331 me
1334 1276 1627 1347 quiescere.
1674 1276 2001 1346 Quamquam
2030 1275 2117 1330 af-

532 1366 747 1423 ﬂuentia
775 1368 1117 1423 vehementer
1143 1367 1451 1423 hortabatur
1473 1367 1540 1422 ad
1571 1366 1808 1431 delicias,
1840 1366 1937 1421 sed
1962 1381 2116 1436 aspe-

531 1457 663 1512 ritas
690 1473 873 1514 eormu
900 1474 1017 1528 qua:
1040 1458 1504 1527 exspectabantur,
1536 1457 2116 1529 proﬂigabatsecurita-

535 1558 638 1602 tem
666 1567 678 1602 :
708 1559 761 1604 et
806 1549 929 1603 licet
975 1563 1210 1618 pra-scus
1249 1548 1473 1604 felicitas
1513 1561 1725 1619 cogeret
1770 1548 1870 1604 frui
1910 1549 2068 1604 rebus
2095 1588 2113 1615 ,

533 1649 706 1694 tamen
752 1640 1042 1695 futurorum
1089 1639 1390 1695 sollicitudo
1431 1640 1753 1708 voluptatem
1774 1632 2112 1709 ,interrupit.

528 1729 756 1801 ideoque
789 1732 1038 1800 quoniam
1071 1731 1443 1799 praemeditans
1466 1731 1517 1784 in
1537 1732 1715 1785 animo
1730 1746 1827 1786 suo
1853 1730 1967 1786 hzec
1984 1747 2115 1787 ven-

527 1832 642 1879 tura
675 1834 1020 1893 prospexerat
1058 1825 1218 1880 rebus
1244 1825 1399 1888 lactis,
1431 1823 1545 1879 haec
1582 1825 1869 1880 certamina
1900 1835 2113 1894 postea-

522 1928 679 1982 quam
704 1913 1011 1967 accidcrunt
1049 1912 1256 1967 fortiter
1293 1923 1346 1967 et
1372 1914 1612 1968 animose
1654 1914 1887 1983 pertulit,
1929 1922 2114 1983 utpote

520 2007 628 2075 jam
654 2007 781 2061 olim
802 2006 873 2059 ad
901 2006 987 2060 illa
1010 2006 1332 2061 exercitatus
1360 2023 1373 2059 :
1403 2013 1460 2061 et
1482 2006 1729 2075 quoniam
1750 2021 1811 2061 ea
1831 2017 2111 2073 ex5pecta-

524 2104 664 2155 tione
688 2100 798 2170 jam
842 2109 1075 2170 ceperat,
1111 2114 1214 2154 non
1245 2109 1326 2155 est
1353 2101 1690 2169 perturbatus
1716 2116 1835 2155 cum
1866 2108 2113 2156 cerneret

523 2192 609 2245 illa
635 2192 841 2245 adesse.
867 2190 1021 2257 Quod
1047 2200 1225 2246 autem
1252 2206 1320 2245 ne
1338 2199 1446 2245 tum
1474 2192 1685 2261 quidem
1714 2207 1833 2246 cum
1860 2192 2111 2247 adessent

523 2280 664 2345 laata,
710 2281 1061 2337 vehementer
1103 2282 1205 2336 illis
1247 2281 1557 2351 adbmserit,
1589 2282 1710 2337 audi
1751 2284 1875 2353 quid
1920 2284 2106 2340 dicat:

523 2371 583 2427 Si
608 2372 878 2427 delectatus
900 2389 1011 2428 sum
1048 2389 1163 2428 cum
1206 2374 1331 2428 mihi
1365 2375 1536 2429 multo:
1559 2376 1809 2447 aﬂiucrcnt
1836 2376 2038 2446 divitiae,
2063 2378 2111 2433 si

576 2942 1083 2952 ..——__—_——

1278 257 1331 312 S.
1374 253 1650 311 J0.\NNIS
1687 251 2163 310 CIIRYSOSTOMI
2200 250 2513 309 ARCHIEP.
2554 250 3083 309 CONSTANTINOP.

3696 261 3799 316 420

2211 378 2416 435 reposui
2441 379 2620 418 aurum
2649 366 2992 435 fortitudinem
3017 383 3199 434 meam,
3226 367 3270 422 si
3298 367 3538 436 ﬁduciam
3566 370 3718 426 habui
3744 374 3796 428 in

2210 455 2465 525 lapidibus
2510 457 2756 524 pretiosis,
2784 458 2829 511 si
2869 459 2937 511 ad
2978 438 3362 512 innumerabilia
3408 462 3553 529 posui
3590 451 3796 520 enuntiat

2209 564 2371 603 meam
2415 547 2535 620 (Job
2579 550 2667 603 '51.
2698 548 2787 603 24.
2817 549 2929 621 25).
2958 549 3092 618 Quid
3122 550 3233 616 ais,
3260 550 3463 605 homo?
3501 550 3619 607 Non
3646 555 3794 609 dele—

2209 647 2382 693 ctatus
2410 653 2468 694 es
2507 638 2706 693 divitiis
2744 639 3083 695 afﬂuentibus
3129 641 3263 696 tibi?
3307 641 3671 713 Nequaquam,
3708 647 3791 700 in-

2210 729 2342 799 quit.
2370 727 2506 796 Quid
2535 728 2650 784 ita?
2693 728 2954 795 Quoniam
2984 730 3223 786 videbam
3253 731 3462 786 illarum
3492 733 3786 789 instabilem

2207 819 2507 891 fluxamque
2536 831 2798 886 naturam,
2830 821 3073 877 videbam
3101 823 3488 892 possessionem
3517 825 3655 880 haud
3694 827 3795 880 du-

2208 910 2449 965 rabilem.
2492 911 2557 965 At
2603 911 2746 966 video
2770 911 2994 983 quidem,
3039 912 3228 982 inquit,
3258 914 3415 968 solem
3452 917 3693 970 orientem
3731 935 3793 972 ac

2205 1000 2537 1069 deﬁcientem,
2566 1000 2739 1055 lunam
2779 1017 2894 1056 vero
2934 1002 3263 1079 intereunte»:
3290 1020 3309 1058 :
3337 1020 3437 1059 non
3474 1006 3606 1060 enim
3643 1025 3792 1076 penes

2206 1093 2341 1163 ipsos
2378 1104 2449 1148 est
2480 1092 2585 1163 (Ib.
2618 1109 2668 1147 υ.
2706 1093 2818 1165 26).
2849 1093 2999 1162 Quod
3039 1104 3215 1150 autem
3259 1096 3406 1163 dicit,
3454 1098 3557 1152 tale
3599 1109 3699 1154 cst.
3732 1102 3789 1156 Si

2204 1185 2374 1239 stellae
2414 1201 2534 1255 quae
2566 1194 2691 1241 sunt
2737 1186 2789 1240 iu
2831 1186 2975 1241 ca-Iis
3022 1196 3382 1257 perpetuoque
3427 1188 3624 1256 lucent,
3652 1194 3790 1247 reci-

2206 1274 2357 1344 piunt
2381 1276 2689 1330 nonnullam
2715 1276 3082 1339 mutationem,
3111 1278 3191 1331 sol
3218 1293 3407 1347 nempe
3433 1279 3704 1348 deficiens,
3732 1293 3793 1338 et

2205 1369 2329 1419 tuna
2346 1365 2621 1427 interiens,
2647 1380 2714 1419 an
2742 1382 2846 1419 non
2874 1374 3131 1421 extremm
3152 1366 3433 1424 dementia:
3460 1369 3550 1434 sit,
3574 1382 3788 1427 terrena

2205 1471 2299 1525 pro
2328 1455 2605 1510 stabilibus
2650 1456 2872 1524 lixisque
2896 1455 3130 1512 ducere?
3159 1458 3342 1529 quue
3382 1476 3482 1518 nec
3511 1466 3791 1529 prmsenti—

2204 1545 2302 1601 bus
2332 1561 2652 1616 magnOpere
2679 1545 3065 1614 delectabatur,
3090 1565 3186 1603 nec
3214 1549 3609 1609 discedentibus
3621 1556 3792 1611 velte-

2203 1648 2411 1693 menter
2459 1638 2800 1693 contristatus
2863 1647 2946 1694 est
2990 1658 3006 1694 :
3056 1640 3303 1710 quoniam
3356 1644 3519 1712 probe
3570 1657 3793 1701 noverat

2200 1746 2384 1786 earum
2407 1745 2583 1785 rerum
2613 1742 2875 1785 naturam.
2907 1731 3031 1785 llaec
3054 1747 3149 1785 nos
3168 1732 3467 1800 audientes,
3494 1737 3783 1806 carissimi,

2201 1837 2374 1893 neque
2402 1832 2712 1893 paupertate
2738 1822 3072 1893 deﬁciamur,
3116 1839 3289 1895 neque
3317 1825 3513 1882 divitiis
3557 1828 3782 1886 intume-

2202 1930 2412 1970 scamus
2435 1931 2452 1982 ;
2483 1915 2577 1971 sed
2619 1914 2673 1969 in
2707 1931 2883 1970 rerum
2910 1916 3299 1986 permutatione
3326 1918 3560 1972 animum
3589 1920 3786 1975 immu-

2205 2005 2419 2059 tabilem
2450 2006 2761 2072 retinentes,
2792 2005 3142 2076 philosorihize
3171 2005 3396 2062 fructum
3425 2019 3704 2075 metamus,
3726 2018 3789 2065 ut

2200 2104 2256 2149 et
2283 2093 2369 2149 hic
2411 2094 2681 2165 voluptate
2729 2095 3084 2164 perfruamur,
3129 2106 3182 2152 et
3226 2098 3393 2152 futura
3439 2113 3789 2171 assequamur

2202 2183 2375 2251 bona;
2404 2200 2522 2254 quae
2563 2185 2835 2257 contingat
2879 2187 3032 2241 nobis
3060 2189 3305 2243 omnibus
3347 2190 3584 2260 adipisci,
3611 2194 3789 2263 gratia

2200 2284 2255 2332 et
2278 2274 2518 2333 bonitate
2546 2276 2757 2333 Domini
2786 2280 2951 2334 nostri
2978 2278 3104 2335 Jcsu
3132 2279 3345 2336 Christi.

1956 3368 2310 3433 MONITUM

577 3670 705 3728 llaec
738 3671 1004 3743 opuscula
1046 3669 1237 3728 Latine
1282 3680 1495 3727 tantum
1525 3670 1831 3736 habemus;
1878 3668 2063 3725 Graeca
2095 3668 2242 3725 enim
2274 3668 2356 3724 vel
2392 3680 2617 3740 prorsus
2650 3666 2850 3724 amissa
2892 3676 3039 3734 sunt,
3061 3667 3145 3723 vel
3183 3666 3351 3724 latent
3382 3664 3601 3721 alicubi.
3627 3663 3779 3721 Ger-

505 3825 664 3865 mana
709 3818 889 3865 autem
927 3826 1069 3868 esse.
1114 3819 1225 3866 tum
1271 3828 1452 3868 rerttm
1500 3813 1949 3885 negotiorumque
1991 3813 2059 3869 de
2106 3812 2306 3884 quibus
2343 3812 2519 3884 agitur
2548 3815 2737 3872 series,
2766 3820 2881 3866 turn
2916 3812 3090 3878 stylus
3120 3811 3234 3880 ipse
3261 3810 3471 3865 suadet.
3505 3806 3767 3863 Genuiua

507 3950 637 4006 item
664 3967 787 4007 esse
814 3950 1053 4008 fatentur
1080 3953 1224 4009 docti
1244 3955 1348 4010 viri
1372 3944 1583 4017 omnes,
1617 3970 1727 4010 uno
1753 3963 1982 4026 excepto
2010 3968 2240 4023 nupera,
2277 3955 2396 4024 qui.
2442 3961 2500 4006 ut
2531 3951 2784 4007 observat
2812 3948 3216 4025 Tillemontius,
3250 3963 3301 4017 p.
3344 3945 3469 4009 586,
3509 3959 3629 3998 esse
3665 3958 3772 4012 ge-

506 4081 671 4136 nuina
705 4083 939 4152 negavit.
965 4094 1019 4139 et
1054 4094 1233 4141 tamen
1263 4096 1475 4157 postea,
1512 4085 1785 4143 dictorum
1828 4087 2153 4152 immemor,
2182 4085 2324 4140 inter
2361 4085 2558 4155 γνήσια
2590 4082 2863 4139 recensuit
2897 4099 2909 4135 :
2947 4081 3000 4134 id
3049 4092 3175 4133 vero
3199 4086 3525 4133 consecutus
3556 4083 3677 4132 est.
3710 4081 3776 4127 ut

456 4218 459 4223 ’
509 4237 617 4275 non
650 4222 825 4295 magis
857 4236 1139 4295 negantem
1170 4243 1334 4297 quam
1369 4240 1702 4285 asserentem
1733 4220 2011 4286 curenius.

576 4360 805 4417 Humilia
833 4364 981 4434 prior
1003 4381 1033 4420 a
1055 4365 1446 4439 Chrysostomo
1472 4367 1651 4423 habita
1681 4367 1784 4423 fuit
1804 4368 2066 4439 postridie
2090 4382 2257 4439 quam
2290 4368 2378 4422 ille
2406 4382 2469 4421 ex
2514 4366 2637 4420 Asia
2665 4362 3176 4433 Constantinopolin
3218 4361 3474 4416 redierat.
3520 4356 3627 4411 lter
3656 4369 3779 4407 au-

502 4504 609 4551 tem
636 4497 689 4551 in
712 4496 899 4552 Asiam
925 4507 1261 4569 susceperat,
1283 4509 1341 4556 ut
1360 4500 1642 4571 Ephesium
1658 4501 1915 4557 Ecclesia:
1939 4502 2058 4557 lites
2080 4509 2451 4572 componeret.
2470 4500 2909 4570 simoniacosque
2939 4499 3223 4569 episcopos
3253 4493 3585 4554 deturbaret,
3610 4490 3777 4559 quod

499 4639 666 4694 etiam
700 4638 998 4706 praestitum
1029 4645 1139 4705 est;
1164 4638 1361 4695 absens
1390 4649 1570 4696 autem
1603 4658 1700 4713 per
1726 4642 1844 4698 dies
1874 4642 2162 4714 plusquam
2193 4651 2430 4709 centum,
2462 4650 2521 4695 ut
2560 4642 2678 4712 ipso
2714 4641 2870 4695 initio
2904 4640 2998 4704 ait,
3030 4654 3283 4709 maguum
3315 4637 3400 4690 sui
3427 4635 3774 4691 desiderium

494 4780 698 4852 multo
730 4794 788 4833 se
815 4794 1159 4851 summopere
1185 4781 1391 4837 amanti
1418 4781 1734 4855 reliquerat.
1782 4783 1835 4840 Id
1877 4799 2006 4839 vero
2040 4783 2231 4839 saltem
2269 4781 2527 4850 optabant
2573 4779 3182 4851 Constantinopolitani,
3222 4787 3280 4833 ut
3326 4774 3533 4832 Pascha
3567 4787 3781 4829 secum

495 4918 869 4975 celebraturus
899 4927 1265 4975 reverteretur
1291 4938 1304 4974 :
1335 4920 1478 4990 quod
1509 4930 1689 4976 tamen
1722 4920 1985 4991 consequi
2019 4937 2126 4975 non
2158 4926 2453 4990 potuerunt
2480 4934 2495 4981 ;
2526 4928 2650 4987 post
2683 4918 2885 4973 Pascha
2934 4931 3187 4971 reversus
3217 4912 3534 4969 consolatur
3579 4910 3780 4981 ipsos,

492 5049 734 5119 dicitque
756 5048 998 5118 quotidie
1031 5051 1293 5106 celebrari
1320 5067 1481 5121 posse
1509 5071 1523 5108 :
1565 5050 1700 5108 Nam
1739 5053 1945 5108 Pascha
1978 5052 2347 5119 celebramus,
2379 5054 2586 5123 inquit,
2619 5054 3055 5123 quotiescunque
3095 5063 3293 5120 corpus
3338 5056 3394 5103 et
3431 5044 3775 5118 sanguinem

492 5182 692 5241 Christi
726 5185 1088 5256 porripientes
1118 5198 1348 5242 mortem
1378 5188 1590 5244 Domini
1615 5190 2028 5244 annuntiamus.
2055 5187 2159 5244 Per
2192 5196 2362 5243 totam
2405 5187 2683 5242 homiliam
2718 5187 2858 5259 plebi
2893 5185 3193 5257 gratulatur
3224 5184 3435 5260 bonum
3467 5187 3766 5237 servatum

489 5323 757 5388 ordinem,
792 5321 951 5376 tidem
980 5321 1396 5394 caritatemque,
1427 5333 1482 5379 et
1510 5324 1562 5379 in
1597 5323 1681 5380 sui
1712 5324 2002 5395 prtesentia
2033 5331 2088 5380 et
2118 5338 2177 5381 se
2212 5323 2435 5379 absente
2459 5323 2779 5379 exhibitam.

560 5459 915 5519 Oratiuncula
939 5476 1175 5536 sequens
1198 5478 1229 5520 a
1251 5463 1642 5535 Chrysostomo
1678 5467 1777 5524 hac
1800 5466 2094 5525 occasione
2123 5465 2303 5522 habita
2339 5463 2458 5521 fuit.
2498 5465 2859 5531 Se:erianus,
2900 5450 3230 5519 Gabalorum
3268 5459 3558 5530 episcopus
3581 5496 3595 5525 ,
3644 5457 3766 5525 qui

2080 5675 2155 5696 —
