4100 6196
321 214 428 269 H9

319 337 506 404 φύσιν,
538 334 635 386 καὶ
662 333 725 388 τὸ
747 332 1032 406 ἐπίκαιρον
1059 337 1244 393 αὐτῶν
1286 340 1653 414 λογιζόμενος.
1689 345 1781 400 Διδ
1804 348 1901 403 καὶ

315 424 474 495 ἔλεγε
494 441 509 455 ·
541 425 734 505 φόϐος
764 424 838 479 ὃν
865 425 1207 498 ἐφοϐούμην
1231 426 1381 501 ἦλθέ
1401 450 1525 503 μοι,
1553 436 1650 489 καὶ
1678 436 1752 489 ὃν
1774 435 1901 491 ἐδεσ-

313 516 547 571 δοικειν
580 516 872 570 κίνδυνον
914 519 1267 589 συνήντησέ
1318 540 1444 592 μοι.
1497 526 1613 581 ’Δεὶ
1642 529 1750 598 γὰρ
1787 531 1901 592 τοῖς

312 606 606 676 λογισμοῖς
651 604 792 676 πρὸς
815 605 981 660 αὐτὸν
1007 606 1255 675 ἐϐάδιζεν
1278 613 1564 684 ἀναμένων
1599 618 1782 681 αὑτὸν,
1817 619 1903 672 ἐλ-

317 695 519 761 πίζων,
544 698 638 749 καὶ
661 696 980 767 προσδοκῶν
997 715 1011 729 ·
1038 699 1126 751 διά
1153 701 1311 755 τοῦτο
1343 705 1784 777 παραγενόμενος
1800 708 1901 761 οὐκ

319 786 618 858 ἐτάραξεν·
659 788 811 841 Οὔτε
852 787 1200 857 εὶρήνευσα,
1239 792 1380 848 οὔτε
1410 796 1719 865 ἡσύχασα,
1761 799 1902 853 οὔτε

318 877 784 947 ἀνεπαυσάμην,
826 874 975 947 ἦλθε
1007 877 1199 948 δέμοι
1250 883 1415 953 ὀργή.
1453 884 1567 938 Οὐκ
1592 881 1763 952 εἶπεν,
1787 885 1900 943 Οὐκ

322 968 614 1041 εἰρηνεύω,
652 967 775 1021 οὐδὲ
809 969 1089 1039 ἡσυχάζω,
1131 971 1269 1037 ἀλλ’,
1301 975 1425 1028 οὐκ
1458 974 1804 1042 εὶρήνευσα,
1839 977 1899 1029 ὲν

317 1061 405 1132 τῷ
432 1059 754 1132 παρελθόντι
779 1060 976 1130 χρόνῳ.
1006 1062 1069 1115 Εί
1092 1063 1201 1134 γάρ
1221 1066 1315 1119 καὶ
1344 1065 1412 1119 τὰ
1437 1065 1736 1138 πράγματα
1758 1067 1900 1138 μέγα

318 1154 545 1223 φρονεῖν
571 1149 1011 1223 παρεσκεύαζεν,
1045 1151 1160 1206 ἀλλ’
1195 1157 1229 1224 ἡ
1263 1156 1563 1227 προσδοκία
1593 1158 1702 1210 τῶν
1729 1157 1900 1228 λυπη-

321 1242 433 1314 ρῶν
467 1242 572 1296 οὐκ
605 1243 692 1296 εία
728 1259 795 1313 με
828 1242 1148 1313 ἡσυχάζειν.
1181 1245 1245 1300 Ei
1283 1246 1378 1299 καὶ
1409 1246 1441 1318 ἠ
1470 1247 1607 1315 ἄγαν
1631 1248 1900 1319 εὐημερία

316 1336 534 1407 τρυφᾷν
572 1334 770 1398 ἐποίει,
802 1335 918 1389 ἀλλ’
954 1339 987 1407 ἡ
1019 1337 1232 1405 ἀγωνία
1265 1337 1375 1391 τῶν
1404 1338 1772 1410 ἐλπιζομένων
1801 1340 1899 1411 τὴν

317 1424 505 1478 ἄδειαν
550 1424 894 1478 ἀπεδίωκεν·
943 1428 992 1479 εί
1037 1427 1133 1481 καὶ
1180 1426 1249 1481 τά
1298 1430 1545 1500 παρόντα
1603 1431 1900 1485 ἀπολαύειν

315 1513 651 1585 ἠνάγκαζεν,
689 1514 806 1568 ἀλλ’
825 1518 859 1585 ἠ
893 1514 1002 1572 τῶν
1036 1516 1500 1590 προσδοκωμένων
1528 1518 1749 1590 φροντὶς
1768 1519 1898 1572 ταύ-

318 1624 423 1677 την
455 1607 727 1660 διέκοπτε.
772 1605 872 1659 Διά
920 1606 1080 1660 τοῦτο
1122 1607 1267 1678 ἅπερ
1299 1607 1625 1679 ἐμελέτησεν
1658 1610 1749 1664 ἐπὶ
1793 1609 1900 1663 τῶν

320 1693 622 1765 λογισμῶν,
652 1693 827 1748 ταῦτα
859 1693 982 1747 ίδὼν
999 1696 1097 1748 ἐπὶ
1116 1694 1225 1749 τῶν
1258 1698 1593 1768 πραγμάτων
1616 1698 1900 1769 συμϐάντα

321 1785 591 1852 γενναίως
608 1786 829 1857 ἧνεγκε,
851 1785 919 1838 τά
943 1786 1111 1840 πάλαι
1139 1786 1503 1859 μελετηθέντα
1520 1789 1897 1859 παλαίσματα,

325 1879 428 1932 καὶ
457 1877 529 1931 τά
554 1880 631 1950 τῇ·
649 1879 947 1952 προσδοκίᾳ
973 1878 1409 1951 προειλημμένα,
1453 1880 1628 1934 ταῦτα
1658 1882 1899 1953 παρόντα

328 1969 551 2041 βλέπων
573 1969 670 2023 οὐκ
693 1970 1042 2041 ἐταράττετο.
1069 1972 1190 2025 Ὀτι
1206 1969 1317 2042 γὰρ
1334 1970 1454 2024 οὐδὲ
1489 1972 1772 2043 παρόντων
1794 1971 1902 2026 τῶν

324 2064 587 2136 χρηστῶν
617 2064 821 2136 σφόδρα
849 2064 1057 2119 τούτων
1072 2064 1348 2136 ἀντέχετο,
1378 2064 1610 2119 ἄκουσον
1629 2067 1682 2120 τί
1713 2083 1897 2137 φησιν’

325 2157 398 2209 El
422 2155 491 2207 δὲ
520 2156 619 2210 καί
645 2155 993 2224 εὐφράνθην
1011 2156 1247 2210 πολλοῦ
1279 2157 1546 2210 πλούτου
1574 2157 1899 2226 γενομένου

321 2262 449 2315 μοι.
490 2249 545 2300 εί
592 2246 891 2311 κατέταξα
921 2246 1183 2316 χρυσίον
1231 2247 1413 2314 ίσχύν
1453 2263 1595 2315 μου,
1653 2248 1707 2300 εί
1754 2246 1902 2314 λίθῳ

326 2337 655 2392 πολυτελεῖ
676 2338 1070 2407 ἀπεποίθησα,
1111 2338 1164 2390 εί
1191 2335 1260 2390 δὲ
1293 2335 1391 2391 καὶ
1434 2336 1527 2388 ἐπ’
1569 2335 1898 2405 ἀναριθμή-

1212 217 1357 276 ΕΙΣΜ
1401 218 1843 282 SATURNINUS
1880 220 1971 281 ET
2004 220 2486 294 AURELIANUS,
2526 226 2682 291 ETC.

3470 233 3575 294 6ἳο

2000 368 2123 417 τοις
2152 352 2377 422 ἐθέμην
2406 349 2576 422 χεῖρά
2612 368 2754 421 μου.
2803 351 2867 405 Τί
2899 351 3097 421 λέγεις,
3140 351 3430 424 άνθρωπε;
3461 354 3576 409 Οὐκ

1999 442 2292 513 εὐφραίνου
2318 442 2414 495 τοῦ
2454 441 2686 496 πλούτου
2720 442 3105 514 περιρρέοντός
3139 459 3221 495 σοι
3243 460 3259 510 ;
3284 442 3575 513 Οὐδαμῶς,

2001 534 2154 604 φησί.
2185 533 2252 586 Τί
2274 533 2504 604 δήποτες
2536 535 2657 588 Ὅτι
2688 532 2838 605 [M0]
2865 533 3017 604 ᾔδειν
3061 533 3228 589 αὐτοῦ
3251 534 3312 588 τδ
3344 535 3577 591 ἄστατον

2002 627 2096 679 καὶ
2118 624 2394 696 διαρρέον,
2429 624 2579 696 ᾔδειν
2608 625 2670 678 τὸ
2715 625 2906 695 κτῆμα
2934 625 2994 677 οὐ
3032 625 3279 695 μόνιμον.
3315 624 3426 679 Kal
3461 623 3578 694 ὁρῶ

1994 715 2129 785 μὲν,
2163 717 2347 787 φησὶν,
2380 716 2561 784 ἣλιον
2575 716 3051 784 ἐπιφαύσκοντα,
3072 716 3172 769 καί
3195 718 3574 780 ἐκλείποντα,

1999 807 2272 875 σελήνην
2295 805 2361 861 δὲ
2382 807 2723 875 φθίνουσαν
2749 818 2799 846 ι’
2820 808 2892 861 οὐ
2917 808 3029 877 γὰρ
3047 806 3140 859 ἐπ’
3161 806 3361 860 αὐτῶν
3381 807 3572 860 ἐστιν.

2005 901 2071 953 Ὃ
2117 897 2175 951 δὲ
2216 897 2388 967 λέγει,
2441 896 2685 950 τοιοῦτόν
2725 898 2903 950 ἐστιν·
2940 899 3005 951 El
3051 896 3121 950 τὰ
3170 898 3290 950 κατ’
3346 896 3577 969 οὐρανὸν

1999 987 2195 1059 ἄστρα,
2225 988 2321 1041 καὶ
2350 987 2614 1057 διηνεκῶς
2636 987 2923 1058 λάμποντα
2944 986 3158 1058 δέχεταί
3188 1004 3313 1042 τινα
3345 987 3577 1058 μεταϐο-

1999 1077 2119 1148 λὴν,
2148 1078 2300 1149 ἥλιος
2341 1079 2441 1150 μὲν
2480 1079 2775 1142 ἐκλείπων,
2819 1078 3017 1151 σελήνη
3049 1079 3106 1132 δέ
3133 1078 3416 1150 φθίνουσα,
3459 1079 3576 1144 πῶς

1999 1166 2100 1219 οὐκ
2120 1167 2358 1239 ἐσχάτης
2384 1169 2570 1230 ἀνοίας
2598 1168 2659 1222 τὸ
2685 1167 2757 1222 τά
2789 1169 3012 1237 ἐπίγεια
3043 1168 3284 1240 νομίζειν
3308 1164 3447 1223 εἶναι
3476 1169 3576 1241 μό-

1999 1273 2152 1326 νιμα,
2185 1258 2279 1310 καὶ
2312 1258 2636 1328 πεπηγότας
2684 1258 2784 1312 Διά
2808 1259 2965 1313 τοῦτο
2990 1258 3115 1313 οὔτε
3156 1259 3440 1330 παρόντων
3481 1262 3575 1314 εὐ-

2001 1348 2256 1418 φραίνετο
2293 1349 2435 1414 λίαν,
2480 1349 2604 1404 οὔτε
2649 1351 2996 1406 ἀπελθόντων
3044 1351 3249 1423 ἤλγησε
3300 1351 3572 1424 χαλεπῶς,

1999 1437 2186 1510 ἐπειδὴ
2213 1439 2393 1503 καλῶς
2434 1440 2550 1510 ᾔδει
2589 1441 2689 1513 τὴν
2740 1442 2900 1512 φύσιν
2929 1442 3125 1496 αὐτῶν.
3161 1442 3347 1495 Ταῦτα
3378 1442 3435 1495 δὲ
3480 1441 3574 1496 καὶ

2001 1529 2163 1598 ἡμεῖς
2211 1529 2522 1596 ἀκούοντες,
2565 1532 2865 1604 ἀγαπητοὶ,
2908 1532 2984 1603 μὴ
3034 1533 3196 1604 πενίᾳ
3239 1531 3575 1605 Μεζώμεθα,

2009 1620 2145 1691 μήτε
2171 1621 2388 1692 πλούτῳ
2415 1622 2750 1694 φυσώμεθαό
2780 1625 2895 1678 ἀλλ’
2917 1625 2976 1679 ὲν
3004 1627 3073 1696 τῇ
3095 1625 3206 1679 τῶν
3236 1627 3578 1697 πραγμάτων

2008 1710 2278 1783 μεταδολῇ
2326 1712 2424 1785 τὴν
2470 1713 2696 1786 γνώμην
2757 1714 3133 1787 ἀμετάϐλητον
3175 1716 3577 1790 διατηροῦντες,

2003 1798 2094 1854 τὸν
2127 1802 2233 1855 ἀπὸ
2259 1803 2361 1875 τῆς
2390 1803 2708 1874 φιλοσοφίας
2734 1805 3060 1877 δρεψὼμεθα
3085 1808 3316 1879 καρπὸν,
3358 1809 3444 1863 ἵνα
3481 1808 3576 1864 καὶ

2002 1893 2103 1962 τῆς
2136 1891 2373 1944 ἐνταῦθα
2405 1893 2599 1963 ἡδονῆς
2643 1892 3062 1964 ἀπολαύσωμεν,
3096 1895 3190 1948 καὶ
3216 1895 3326 1948 τῶν
3353 1896 3575 1966 μελλόνο

2005 2001 2113 2036 των
2143 1983 2366 2050 ἀγαθῶν
2406 1983 2782 2057 ἐπιτύχωμεν·
2829 1977 2904 2037 ὧν
2943 1984 3154 2053 γένοιτο
3183 1986 3389 2050 πάντας
3429 1988 3576 2058 ἡμᾶς

2008 2075 2307 2143 ἐπιτυχεῖν,
2341 2074 2523 2145 χάριτι
2554 2075 2650 2128 καὶ
2673 2073 3054 2147 φιλανθρωπίᾳ
3068 2074 3163 2129 τοῦ
3195 2077 3399 2148 Κυρίου
3421 2076 3577 2150 ἡμῶν

2019 2164 2192 2235 Ἰησοῦ
2225 2164 2484 2236 Χριστοῦ.

2072 2344 2097 2372 ⁸
2123 2342 2245 2406 Reg.
2273 2348 2324 2393 et
2345 2342 2472 2395 Bibl.
2498 2346 2527 2402 ἢ
2552 2346 2642 2408 οὐχ
2659 2347 2899 2409 ὁρῶμεν...
2926 2345 3190 2411 φθίνονσαν.

1340 3332 1420 3393 ΙΝ
1462 3331 1645 3392 TRIA
1687 3328 2115 3404 SEQUENTIA
2154 3329 2565 3394 OPUSCULA.

317 3624 792 3699 Constantinopoli
823 3636 952 3682 tunc
966 3626 1180 3698 agebat,
1210 3634 1264 3683 et
1292 3625 1563 3684 simulatis
1580 3624 1863 3696 obsequiis
1884 3624 2058 3681 sancti
2080 3624 2336 3696 prtesulis
2358 3622 2658 3681 amicitiam
2674 3623 2780 3680 sibi
2799 3622 3207 3689 conciliaverat,
3232 3636 3297 3678 ac
3316 3621 3583 3693 {requenv

318 3772 401 3819 ter
433 3765 753 3822 coiteioaem
784 3765 851 3821 ad
884 3765 1145 3836 populum
1174 3763 1431 3828 habebat,
1463 3761 1707 3818 absentis
1741 3768 1795 3816 et
1824 3760 1878 3815 in
1913 3758 2100 3816 Asiam
2133 3757 2363 3830 profecti
2395 3757 2774 3831 Chrysostomi
2802 3757 3094 3813 occasione
3116 3763 3353 3825 captata,
3387 3769 3565 3825 pupu-

319 3903 437 3958 lum
466 3904 570 3961 sibi
599 3903 896 3971 devincire,
927 3903 1176 3975 ejusque,
1212 3914 1273 3959 ut
1308 3911 1551 3973 putatur,
1579 3899 1757 3957 studia
1784 3914 1813 3953 a
1847 3897 2244 3969 Cbrysostomo
2275 3905 2518 3952 avertere
2557 3895 2875 3969 satagebat:
2916 3908 3026 3964 qua
3069 3893 3136 3949 de
3168 3910 3228 3950 re
3270 3893 3515 3949 monitus
3549 3908 3580 3948 a

326 4037 629 4108 Serapione
650 4036 1098 4108 Chrysostcmus,
1126 4051 1252 4092 cum
1284 4050 1351 4093 ex
1381 4036 1510 4091 Asia
1543 4033 1723 4097 rediit,
1755 4042 1815 4088 ut.
1847 4032 1979 4088 vidit
2005 4031 2269 4103 populum
2299 4031 2402 4088 sibi
2440 4030 3149 4102 gratulantemylwtitiaque
3175 4029 3421 4101 plenum,
3455 4045 3569 4084 rem

319 4184 429 4223 non
460 4168 693 4223 multum
720 4182 946 4223 curasse
986 4167 1219 4223 videtur.
1250 4164 1354 4221 Sed
1396 4181 1521 4222 cum
1560 4164 1788 4222 subinde
1833 4163 2165 4220 Severianus
2199 4164 2255 4219 in
2314 4161 2668 4234 Serapionem
2714 4163 3047 4235 indignatus,
3100 4164 3377 4236 impietate
3419 4164 3580 4237 plena

321 4306 487 4359 verba
512 4302 851 4374 protulisset,
887 4303 1254 4358 tumultuante
1272 4312 1329 4357 et
1355 4301 1412 4357 in
1452 4302 1589 4358 iram
1620 4304 1896 4359 concitato
1933 4302 2169 4374 populo,
2210 4302 2678 4373 Constantinopoli
2723 4303 2919 4373 pulsus
2959 4311 3063 4361 est.
3112 4301 3318 4360 Deinde
3353 4318 3585 4369 curante

320 4438 568 4495 Eudoxia
597 4437 844 4509 Augusta
876 4436 1108 4507 ipsoque
1142 4434 1472 4506 lmperatorc
1492 4444 1778 4492 revocatus
1806 4443 1861 4490 et
1889 4450 1920 4489 a
1949 4434 2363 4507 Chrysostomo,
2388 4451 2533 4508 aegre
2556 4436 2702 4502 licet,
2737 4437 3014 4494 admissus
3043 4446 3144 4495 est.
3179 4438 3286 4497 Sed
3319 4442 3448 4511 quia
3482 4442 3569 4497 in-

318 4573 579 4645 dignatus
611 4570 849 4641 populus
881 4568 1098 4625 nonnisi
1126 4567 1361 4639 pastoris
1396 4566 1484 4624 sui
1524 4568 1749 4624 monitis
1789 4578 2108 4639 conceptam
2151 4568 2206 4624 in
2245 4568 2596 4625 Severianum
2632 4568 2770 4624 iram
2804 4570 2998 4627 sedare
3030 4579 3265 4641 poterat,
3307 4572 3409 4628 hac
3445 4588 3574 4630 ora-

318 4709 562 4765 tiuncula
589 4708 1016 4782 Cbrysostomus
1050 4716 1405 4778 exasperatos
1437 4706 1648 4763 animos
1680 4706 1967 4778 mitigavit,
1998 4716 2055 4764 et
2085 4708 2154 4763 ad
2194 4706 2550 4763 Severianum
2591 4706 2989 4764 admittendum
3028 4706 3275 4762 deduxit.

396 4839 639 4900 Tertiam
664 4845 1070 4903 oratiunculam
1099 4844 1421 4915 insequente
1443 4843 1534 4902 die
1556 4806 1885 4903 Severianus
1913 4846 2030 4919 ipse
2064 4847 2276 4913 habuit,
2304 4847 2398 4904 ubi
2430 4847 2497 4904 de
2516 4846 2803 4904 conciliata
2833 4860 2964 4919 pace
2992 4847 3196 4918 populo
3232 4849 3580 4919 gratulatur;

317 4989 490 5047 quam
521 4977 613 5032 ille
639 4992 829 5049 pacem
862 4988 1090 5036 curante
1117 4980 1396 5037 communi
1427 4988 1601 5053 patre,
1643 4981 1725 5037 sic
1757 4979 1879 5045 ille,
1920 4988 2133 5050 partam
2182 4982 2415 5037 summis
2458 4979 2805 5036 commendat
2858 4978 3135 5037 laudibus.
3171 4980 3299 5039 Hec
3345 4980 3578 5053 carptim

316 5104 625 5177 tangimus,
659 5109 788 5181 quia
817 5110 864 5166 si
889 5110 966 5167 rei
995 5122 1159 5183 gesta:
1189 5111 1473 5168 historiam
1511 5128 1634 5169 cum
1668 5112 1736 5170 iis
1782 5112 2039 5171 omnibus
2083 5131 2207 5186 quas
2246 5128 2376 5172 tunc
2422 5115 2699 5188 contigere
2747 5117 3062 5174 minutatim
3101 5131 3576 5189 persequeremur,

318 5236 466 5296 foret
494 5241 598 5298 hoc
625 5252 1009 5315 argumentum
1043 5244 1501 5317 subsequentibus
1530 5247 1813 5319 opusculis
1841 5248 2078 5320 longius.
2118 5247 2246 5305 Hac
2273 5263 2404 5307 vero
2430 5250 2692 5322 praui-dia
2721 5249 2943 5308 fuerunt
2987 5252 3108 5324 ejus
3153 5251 3424 5309 tumultus
3461 5263 3577 5323 quo

315 5386 558 5437 vexatus
582 5376 1011 5453 Chrysostomus
1040 5391 1096 5436 et
1126 5381 1179 5436 in
1210 5380 1464 5438 exsilium
1500 5394 1653 5442 actus
1681 5396 1781 5443 est.

637 5713 911 5776 Panos.
959 5712 1074 5774 Gn.
1127 5713 1254 5781 Lll.
3184 5717 3225 5779 3
