4100 6196
573 260 665 313 4'31
1295 271 1686 330 sxtoasxts
1722 273 2204 333 cnnvsosrom
2239 281 2558 342 sucum.
2597 287 3139 345 coxsnxrtxor.
3724 283 3812 337 ηε

667 389 3432 425 W

1338 482 1477 551 DE
1532 478 2093 552 REGBESSU
2157 479 2546 554 SANCTI
2614 488 3055 564 JOANNIS

1653 651 1739 692 ex
1781 648 1922 694 asu
1963 647 2586 700 cons'rurrnomLm
2631 642 2740 721 (α),

626 926 797 981 Moses
817 937 1037 993 magnus
1058 922 1144 977 ille
1171 922 1265 976 Dei
1291 920 1538 985 famulus,
1566 929 1722 990 caput
1742 917 2142 990 prophetarum,

565 1019 726 1072 maris
755 1015 951 1078 viator,
983 1015 1122 1069 aeris
1150 1015 1376 1084 agitator
1396 1055 1410 1078 ,
1444 1027 1644 1066 mensae
1671 1021 1975 1080 apparator,
2003 1009 2091 1078 qui
2118 1023 2149 1062 a

562 1108 821 1177 genitrice
861 1107 1132 1177 proiectus
1160 1114 1241 1160 est
1270 1147 1284 1170 ,
1317 1105 1462 1158 etab
1492 1104 1877 1174 impugnatrice
1915 1102 2149 1157 salvatus

588 1204 766 1271 genuit
784 1201 998 1270 quidem
1023 1215 1143 1255 eum
1172 1209 1358 1265 mater,
1383 1197 1600 1252 abstulit
1627 1206 1803 1251 autem
1834 1211 1954 1251 eum
1977 1193 2147 1264 Egy-

562 1295 669 1364 ptia
691 1334 705 1356 .
734 1303 787 1348 et
815 1292 1114 1360 enutrivit),
1142 1299 1196 1344 et
1227 1291 1316 1360 qui
1349 1291 1399 1343 in
1423 1288 1656 1360 Egypto
1696 1287 2027 1342 nutriebatur
2048 1328 2063 1350 ,
2093 1285 2146 1339 in

561 1384 705 1440 cmlis
732 1383 1149 1440 conversabatur
1180 1399 1195 1438 :
1226 1382 1314 1452 qui
1347 1390 1546 1435 tantum
1590 1395 1651 1433 ac
1679 1379 1784 1432 tale
1821 1378 2006 1432 statuit
2033 1387 2145 1431 tro-

562 1492 734 1549 pteum
758 1520 775 1544 ,
798 1476 898 1532 iste
924 1476 1042 1530 talis
1079 1489 1143 1530 ac
1177 1482 1353 1528 tantus
1380 1478 1460 1527 vir
1480 1514 1496 1538 ,
1518 1472 1607 1542 qui
1645 1469 1991 1541 quadraginta
2033 1469 2146 1522 dies

562 1571 848 1642 reliquerat
872 1569 1127 1641 populum
1148 1610 1163 1633 ,
1190 1567 1389 1623 invenit
1418 1581 1539 1621 eum
1580 1564 1718 1618 idola
1761 1563 2101 1617 fabricantem
2125 1602 2141 1626 ,

561 1672 616 1719 et
640 1662 929 1718 seditiones
953 1667 1398 1714 commoventem.
1427 1657 1540 1728 Ego
1568 1664 1744 1710 autem
1773 1671 1878 1709 non
1913 1652 2143 1724 quadra-

559 1755 704 1826 ginta
737 1752 852 1808 dies
879 1760 1114 1818 tantum,
1144 1749 1238 1805 sed
1266 1757 1320 1804 et
1343 1747 1722 1819 quinquaginta
1749 1755 1802 1800 et
1826 1754 2061 1808 centum,
2090 1752 2144 1798 et

559 1845 804 1916 amplius,
838 1853 893 1900 et
921 1843 1097 1898 inveni
1121 1857 1216 1897 vos
1243 1841 1504 1904 lactantes,
1527 1848 1580 1893 et
1605 1835 2062 1908 phil050phantes,
2087 1841 2144 1889 et

558 1938 611 1992 in
641 1937 736 1992 Dei
769 1937 956 1991 timore
985 1942 1406 2005 perseverantes.
1440 1930 1707 2000 Numquid
1750 1943 1850 1998 ego
1893 1928 2038 1982 Mose
2066 1927 2144 1980 ai-

556 2027 660 2080 tiar
683 2025 837 2080 sum?
868 2024 1018 2079 Absit
1045 2041 1060 2078 :
1091 2021 1195 2076 hoc
1219 2021 1362 2076 enim
1383 2019 1561 2074 dicere
1581 2027 1834 2074 extremae
1860 2016 2142 2072 dementia:

552 2133 653 2178 est.
678 2122 784 2179 Sed
810 2122 930 2192 quia
963 2121 1192 2192 p0pulus
1219 2119 1321 2175 iste
1352 2119 1444 2174 illo
1472 2117 1667 2188 populo
1690 2113 1986 2178 sublimior,
2013 2125 2141 2181 pro-

554 2224 736 2284 pterea
763 2223 818 2268 et
843 2214 930 2268 ille
959 2213 1027 2267 de
1054 2220 1235 2266 monte
1263 2210 1596 2266 descendens
1625 2207 1932 2277 increpabat
1962 2207 2138 2258 Aaron

552 2306 622 2359 ob
647 2303 962 2358 seditionem
985 2301 1184 2371 populi,
1204 2312 1255 2355 et
1279 2301 1514 2355 irascens
1543 2298 1890 2353 invehebatur
1917 2297 1968 2349 in
1992 2308 2135 2359 eum,

551 2411 647 2450 cur
665 2393 992 2464 acquieverit
1013 2391 1269 2447 voluntati
1290 2406 1496 2446 eorum.
1516 2390 1628 2460 Ego
1648 2398 1826 2443 autem
1847 2385 2139 2441 adveniens

551 2485 815 2556 przeconia
841 2491 1016 2538 vestra
1042 2492 1094 2537 et
1119 2497 1345 2537 coronas
1371 2490 1674 2535 contexam.
1702 2478 1803 2534 Ubi
1827 2477 1971 2532 enim
2001 2490 2137 2545 prae-

550 2576 804 2631 varicatio
829 2617 843 2642 ,
869 2575 940 2630 ibi
971 2581 1150 2629 reatus
1177 2574 1530 2642 subsequatur
1555 2585 1773 2626 necesse
1807 2578 1887 2624 est
1906 2608 1921 2634 ,
1954 2577 2007 2623 et
2036 2565 2137 2621 ob-

547 2667 811 2739 iurgatio;
834 2665 922 2720 ubi
944 2672 1120 2720 autem
1151 2665 1414 2719 correctio
1433 2705 1448 2729 ,
1473 2663 1544 2717 ibi
1572 2660 1759 2715 laudes
1788 2669 1842 2715 et
1871 2658 2134 2729 praaconia

547 2771 603 2817 et
626 2773 841 2816 corona
863 2775 879 2814 :
902 2757 1129 2828 ideoque
1155 2757 1256 2811 etsi
1282 2754 1529 2825 ampliori
1556 2762 1798 2823 tempore
1825 2751 2135 2806 demoratus

546 2869 665 2910 sum
685 2852 848 2918 foras,
870 2866 976 2906 non
993 2864 1078 2905 me
1099 2848 1339 2920 pmuitet,
1359 2848 1481 2918 quia
1500 2845 1833 2901 conﬁdebam
1855 2842 1922 2898 de
1941 2850 2135 2898 vestrae

545 2943 784 2999 caritatis
823 2939 1052 3007 aﬁ‘ectu,
1083 2951 1138 2996 et
1179 2938 1481 3010 integritate
1526 2936 1648 2992 ﬁdei
1673 2954 1684 2988 :
1708 2935 1940 2991 sciebam
1990 2933 2132 2988 enim

545 3050 773 3091 uxorem
817 3033 948 3088 mihi
992 3033 1370 3102 deSponsatam
1399 3031 1644 3085 castitate
1682 3043 1802 3083 esse
1836 3028 2091 3081 munitam
2113 3065 2130 3091 ,

545 3128 684 3182 sicut
709 3126 761 3180 in
789 3125 1032 3180 smculari
1061 3124 1307 3194 coniugio
1332 3122 1531 3178 assolet
1557 3121 1790 3176 evenire.
1815 3119 2025 3174 Etenim
2053 3118 2134 3172 vir

545 3216 759 3288 quando
788 3215 1108 3286 impudicam
1135 3229 1354 3269 uxorem
1385 3212 1580 3267 habere
1604 3227 1664 3266 se
1691 3211 1858 3277 novit,
1885 3224 1982 3263 nec
2002 3223 2130 3278 pro-

545 3308 750 3378 spicere
794 3307 844 3362 ei
887 3305 953 3362 de
986 3305 1147 3360 domo
1190 3303 1598 3374 permittit:qui
1651 3301 1750 3356 etsi
1805 3299 2131 3370 peregrinari

543 3399 830 3470 aliquando
863 3407 1078 3453 coactus
1123 3396 1319 3459 fuerit,
1349 3394 1556 3464 cogitur
1580 3392 1688 3447 cito
1715 3391 1947 3456 reverti,
1979 3389 2130 3460 quasi

543 3489 774 3561 quodam
805 3487 1121 3558 suspicionis
1147 3486 1331 3541 aculeo
1357 3483 1691 3548 stimulatus;
1721 3483 1812 3552 qui
1837 3489 2013 3536 autem
2044 3494 2130 3534 so-

543 3582 714 3638 briam
738 3589 792 3636 et
815 3588 1016 3636 castam
1043 3577 1230 3645 habet,
1254 3576 1396 3632 foras
1425 3589 1645 3631 securus
1671 3582 1940 3638 moratur,
1974 3569 2127 3625 sufﬁ-

541 3674 748 3728 cientes
794 3686 892 3742 pro
920 3678 1225 3726 curatorum
1273 3667 1567 3722 munimine
1608 3679 1786 3720 mores
1822 3663 2130 3732 relinquens

542 3767 746 3821 uxoris.
782 3764 894 3819 Hoc
919 3778 1020 3835 ego
1057 3772 1111 3818 et
1137 3761 1314 3816 Moses
1341 3759 1485 3832 passi
1519 3772 1724 3813 sumus.
1750 3755 1844 3810 llle
1871 3755 2084 3825 quidem
2109 3795 2125 3820 ,

538 3857 665 3927 quia
688 3854 1129 3912 inemendabilem
1159 3865 1482 3924 synagogam
1515 3847 1744 3903 habebat
1769 3860 2010 3910 uxorem,
2043 3859 2131 3900 re-

541 3947 696 4018 liquit
719 3962 836 4002 eam
853 3986 867 4010 ,
894 3953 950 4001 et
974 3944 1232 4000 fornicata
1258 3951 1340 3998 est
1364 3982 1378 4008 ,
1409 3951 1465 3996 et
1493 3938 1767 4010 compellit
1792 3952 1916 3993 eum
1943 3937 2084 3990 Deus
2108 3977 2126 4002 ,

540 4039 725 4093 dicens
753 4055 767 4090 :
798 4036 1060 4106 Exsurge,
1091 4035 1336 4090 descende
1361 4051 1379 4088 :
1405 4035 1558 4104 impie
1596 4032 1728 4085 enim
1760 4031 1874 4101 fecit
1911 4030 2129 4099 populus

544 4141 659 4184 tuus
687 4127 878 4198 (Exod.
909 4129 998 4182 52.
1026 4129 1103 4197 7).
1131 4127 1238 4182 Sed
1263 4143 1358 4197 ego
1383 4127 1580 4180 nullam
1607 4122 1908 4194 huiusmodi
1929 4121 2129 4192 jussio-

545 4235 670 4276 nem
699 4220 901 4288 accepi.
930 4219 999 4272 Et
1025 4234 1146 4274 cum
1173 4218 1444 4288 paululum
1474 4217 1605 4271 mihi
1632 4217 1913 4270 inﬁrmitas
1937 4228 2128 4284 corpo-

544 4314 619 4369 ris
643 4311 944 4378 accidisset,
968 4325 1073 4364 non
1102 4326 1188 4364 me
1218 4309 1528 4378 inquietavit
1546 4316 1720 4362 vestra
1747 4307 2007 4371 absentia,
2033 4305 2126 4360 sed

543 4417 766 4460 securus
791 4402 858 4459 de
886 4402 1036 4460 vobis
1059 4399 1420 4471 aegrotationis
1447 4413 1580 4452 mea:
1608 4397 1912 4466 exspectavi
1940 4395 2125 4451 mede-

544 4497 674 4553 lam.
701 4494 824 4551 Non
851 4495 984 4549 enim
1019 4511 1146 4564 opus
1173 4493 1354 4548 habent
1380 4491 1492 4546 sani
1515 4491 1739 4556 medico,
1767 4489 1855 4544 sed
1880 4490 1966 4560 qui
1995 4489 2126 4542 male

543 4588 765 4658 habent(
792 4585 980 4640 Matth.
1012 4585 1065 4641 9.
1094 4584 1206 4653 12).
1235 4582 1368 4637 Nam
1394 4590 1447 4637 et
1473 4581 1516 4635 si
1549 4580 1751 4634 tardavi
1783 4593 2070 4649 parumper
2093 4593 2124 4632 a

543 4679 714 4746 vobis,
741 4693 847 4734 non
879 4678 980 4732 hoc
1007 4674 1074 4730 ad
1095 4673 1472 4730 detrimentum
1499 4671 1683 4737 vestri,
1707 4671 1798 4725 sed
1819 4671 1884 4725 ad
1913 4668 2125 4724 divitias

543 4779 670 4840 puto
700 4770 958 4839 proiicere
982 4775 1186 4822 vestras
1211 4783 1224 4819 :
1248 4779 1368 4835 qua:
1393 4764 1533 4820 enim
1562 4778 1658 4834 per
1687 4778 1794 4831 me,
1820 4763 1927 4818 imo
1956 4763 2124 4833 magis

544 4877 639 4930 per
661 4862 884 4932 gratiam
914 4861 1006 4916 Dei
1033 4868 1274 4916 correcta
1305 4867 1450 4924 sunt,
1481 4865 1657 4912 vestra
1682 4870 1878 4911 corona
1905 4864 2006 4923 est,
2033 4871 2125 4910 ve-

543 4959 653 5006 ster
673 4951 940 5020 profectus
968 4962 1068 5006 est.
1092 4950 1162 5005 Et
1188 4950 1310 5006 ideo
1334 4949 1540 5020 gaudeo
1565 4955 1620 5002 et
1649 4948 1897 5018 tripudio,
1922 4956 1976 5004 et
1996 4957 2125 5002 tam-

542 5054 703 5110 quam
730 5040 953 5094 volitare
977 5055 1064 5095 me
1102 5041 1265 5098 credo
1285 5082 1302 5107 ,
1323 5047 1380 5096 et
1401 5037 1578 5110 gaudii
1609 5037 1764 5108 hujus
1803 5037 2123 5108 magnitudi-

545 5146 666 5186 nem
696 5129 844 5186 etiari
876 5144 981 5183 non
1031 5146 1188 5200 queo.
1225 5131 1374 5198 Quid
1412 5145 1542 5202 ergo
1590 5131 1820 5190 faciam?
1851 5131 2123 5203 quomodo

542 5223 786 5280 indicabo
822 5221 1224 5278 exsultationem
1253 5221 1444 5272 mentis
1475 5219 1644 5272 mea}?
1669 5218 1728 5272 ln
1759 5218 2118 5274 testimonium

540 5329 673 5370 voco
688 5312 1067 5369 conscientiam
1092 5317 1345 5373 vestram,
1368 5309 1615 5376 quoniam
1635 5308 1791 5362 video
1806 5324 1874 5362 ex
1893 5309 2122 5362 adventu

541 5421 662 5460 meo
688 5402 881 5474 gaudio
907 5417 1026 5457 esse
1053 5401 1307 5470 repletam
1337 5416 1351 5451 :
1375 5399 1513 5468 quod
1541 5399 1812 5468 gaudium,
1843 5414 2038 5454 corona
2066 5408 2122 5453 ct

543 5498 653 5550 Ltus
679 5509 797 5550 mea
823 5500 925 5548 est.
954 5490 1010 5548 Si
1048 5492 1188 5546 enim
1220 5504 1335 5544 mea
1365 5489 1519 5543 unius
1547 5490 1643 5542 viri
1691 5490 1969 5558 praesentia
2001 5498 2118 5544 tan-

543 5596 647 5642 tam
687 5584 896 5654 plebem
924 5583 1014 5638 tali
1039 5581 1265 5652 replevit
1294 5579 1560 5650 voluptate
1589 5597 1600 5632 :
1625 5587 1880 5651 quantum
1923 5578 2136 5655 putatis,

601 5697 671 5759 (λ)
701 5707 828 5748 Anno
850 5697 958 5748 401.

2150 770 2493 826 m—

2260 917 2388 972 mihi
2416 934 2482 974 ex
2506 922 2709 979 visione
2730 936 2904 981 vestra
2929 930 3178 999 gaudium
3201 932 3566 989 cumulatum?
3594 936 3657 991 Et
3671 937 3812 994 Iacob

2256 1007 2470 1076 quidem
2498 1026 2658 1067 unum
2698 1015 2864 1070 tilium
2891 1017 3080 1074 videns
3108 1019 3326 1090 Ioseph,
3357 1023 3618 1092 gaudebat
3642 1041 3811 1091 senex,

2256 1108 2310 1151 et
2347 1102 2683 1158 recreabatur
2711 1107 2896 1175 spiritu
2926 1126 2939 1160 :
2965 1124 3064 1178 ego
3087 1119 3266 1164 autem
3293 1127 3397 1166 non
3424 1130 3588 1168 unum
3615 1115 3812 1184 Joseph,

2254 1189 2347 1243 sed
2377 1207 2565 1249 omnes
2591 1210 2688 1250 vos
2706 1197 2784 1252 illi
2808 1199 3010 1254 similes
3032 1201 3186 1256 video
3210 1210 3267 1256 et
3290 1204 3517 1274 gaudeo,
3541 1207 3656 1276 quia
3677 1223 3812 1277 para-

2252 1280 2425 1336 disum
2472 1300 2650 1342 meum
2687 1291 2865 1359 recepi
2909 1291 2999 1345 illo
3038 1292 3294 1349 Paradiso
3339 1298 3614 1353 meliorem
3644 1318 3656 1352 :
3681 1301 3810 1356 etibi

2252 1375 2463 1442 quidem
2508 1392 2729 1448 serpens
2778 1392 2893 1437 erat
2930 1384 3221 1451 insidians,
3251 1387 3339 1444 hic
3382 1401 3560 1446 autem
3595 1391 3811 1449 Christus

2253 1469 2504 1535 mysteria
2533 1471 2811 1527 celebrans
2840 1491 2853 1524 :
2885 1475 2957 1528 ibi
2987 1475 3128 1530 [leva
3157 1489 3272 1532 erat
3298 1479 3595 1548 sedueens,
3627 1484 3707 1539 hic
3723 1500 3810 1540 auo

2253 1564 2357 1610 tem
2402 1567 2485 1614 est
2521 1573 2783 1616 coronans
2816 1563 3056 1620 Ecclesia
3085 1584 3101 1621 :
3129 1567 3200 1622 ibi
3242 1568 3413 1623 Adam
3440 1573 3806 1641 seducebatur,

2251 1649 2336 1705 hic
2361 1661 2536 1707 autem
2565 1656 2789 1724 pepulus
2807 1657 3043 1713 adhazret
3072 1659 3181 1715 Deo
3205 1679 3218 1713 :
3246 1661 3316 1716 ibi
3345 1665 3568 1720 arbores
3585 1665 3807 1734 diversa,

2249 1739 2336 1796 hic
2350 1751 2526 1798 autem
2546 1745 2858 1803 donationes
2877 1751 3037 1804 varia:
3062 1770 3075 1804 :
3098 1752 3151 1805 in
3181 1752 3433 1810 Paradiso
3453 1757 3664 1814 arbores
3679 1774 3806 1814 mar—

2248 1841 2559 1900 cescentes,
2589 1836 2644 1890 in
2671 1837 2898 1894 ecclesia
2936 1840 3160 1896 arbores
3192 1842 3576 1903 fructiﬁcantes
3600 1865 3615 1902 :
3640 1850 3688 1903 in
3729 1849 3809 1903 illo

2246 1921 2500 1977 Paradiso
2527 1927 2938 1999 unumquodque
2963 1946 3129 2000 genus
3155 1936 3408 1989 sementis
3431 1935 3610 1993 in~suo
3637 1955 3803 2009 perse-

2245 2024 2395 2068 verat
2433 2025 2574 2071 statu
2594 2059 2610 2085 ,
2641 2019 2695 2074 in
2721 2021 2824 2076 isto
2850 2037 2978 2077 vero
3007 2025 3254 2094 paradiso
3277 2028 3324 2081 si
3350 2028 3608 2086 invenero
3643 2032 3809 2088 labru-

2246 2119 2416 2173 scam,
2446 2109 2607 2164 vitem
2632 2110 2851 2166 uberem
2879 2112 3108 2168 efﬁciam
3132 2132 3146 2168 :
3169 2117 3214 2170 si
3245 2118 3498 2174 invenero
3519 2121 3806 2185 oleastrum,

2244 2211 2426 2252 veram
2475 2199 2668 2256 olivam
2706 2202 2970 2259 efﬁciam:
3001 2207 3120 2260 talis
3143 2210 3337 2263 etenim
3365 2219 3448 2264 est
3473 2221 3626 2266 terrae
3665 2212 3811 2266 istius

2243 2299 2454 2345 natura.
2481 2291 2705 2362 Propter
2729 2293 2846 2351 haec
2871 2297 3096 2367 gaudeo,
3129 2302 3474 2368 prtetermitto
3501 2302 3810 2357 satisfactio-

2243 2395 2366 2435 nem
2395 2399 2410 2436 :
2434 2383 2702 2452 quomodo
2728 2401 2857 2441 vero
2889 2403 2986 2442 vos
3021 2389 3239 2444 abduxit
3265 2392 3397 2446 tanti
3422 2393 3674 2462 temporis
3697 2394 3812 2449 lon-

2239 2472 2451 2541 gitudo,
2480 2476 2729 2545 suscipite
2757 2479 3172 2536 satisfactionem
3203 2497 3374 2536 meam
3398 2523 3414 2548 ,
3444 2486 3722 2539 carissimi.
3753 2485 3806 2540 Si

2241 2577 2457 2618 servum
2501 2565 2695 2620 alicubi
2749 2566 2987 2638 dirigatis
3035 2586 3141 2624 non
3184 2581 3538 2628 revertentem
3569 2617 3583 2639 ,
3609 2576 3810 2646 exigitis

2240 2668 2428 2710 causas
2449 2656 2536 2711 ubi
2561 2667 2800 2712 moratus
2825 2660 2913 2726 sit,
2941 2660 3028 2715 ubi
3049 2670 3253 2716 tantum
3283 2665 3596 2733 expenderit
3621 2675 3811 2736 tempo-

2238 2747 2314 2801 ris
2338 2765 2352 2800 :
2376 2756 2431 2802 et
2454 2763 2554 2818 ego
2579 2764 2765 2804 servus
2792 2766 2910 2805 sum
2938 2762 3127 2808 vestra:
3155 2755 3391 2809 caritatis
3416 2775 3428 2809 :
3451 2760 3653 2812 emistis
3679 2759 3811 2814 enim

2239 2854 2354 2903 me,
2382 2855 2485 2894 non
2516 2843 2788 2909 pecuniam
2821 2845 3161 2901 conficientes
3181 2888 3194 2908 .
3217 2848 3309 2902 sed
3337 2851 3612 2905 caritatem
3639 2862 3811 2905 osten-

2238 2930 2444 2985 dentes.
2465 2931 2684 2988 Gaudeo
2714 2934 2908 3004 quippe
2953 2936 3041 2990 lali
3083 2937 3300 2992 servitio
3327 2941 3659 3011 mancipatus
3679 2983 3692 3006 ,
3717 2956 3809 2997 nec

2236 3037 2484 3091 umquam
2527 3021 2629 3077 hoc
2670 3023 2924 3079 famulatu
2969 3037 3095 3094 Opto
3124 3043 3209 3082 me
3236 3029 3410 3082 solvi:
3445 3032 3642 3086 etenim
3681 3032 3809 3087 istud

2235 3111 2506 3166 servitium
2551 3101 2681 3166 mihi
2719 3113 2965 3170 libertate
2999 3117 3330 3186 elegantius:
3361 3119 3503 3175 istud
3547 3122 3807 3176 servitium

2235 3201 2287 3255 in
2321 3201 2451 3255 illud
2478 3201 2708 3256 tribunal
2735 3203 2943 3257 beatum
2965 3206 3246 3261 collocavit
3267 3209 3398 3263 mihi
3425 3212 3610 3266 sedem
3639 3227 3656 3266 :
3680 3213 3807 3266 istud

2233 3291 2508 3346 servitium
2527 3308 2632 3348 non
2652 3302 2734 3348 est
2751 3296 3102 3361 necessitatis,
3114 3298 3206 3352 sed
3221 3299 3663 3369 voluntatis.Quis
3677 3303 3807 3358 enim

2234 3398 2340 3438 non
2388 3384 2735 3441 libentissime
2761 3389 2959 3442 serviat
2998 3389 3268 3445 dilectioni
3314 3404 3507 3449 vestra:
3531 3437 3546 3459 ,
3581 3404 3682 3450 tam
3709 3397 3809 3451 eleo

2231 3476 2557 3544 gantissimis
2579 3478 2900 3532 amatoribus
2919 3479 2943 3533 ?
2966 3479 3118 3546 Quod
3147 3482 3247 3535 etsi
3275 3483 3540 3552 lapideam
3571 3485 3807 3541 haberem

2232 3565 2486 3633 animam,
2513 3581 2631 3621 cera
2658 3566 2915 3624 fecissetis
2940 3571 3398 3640 molliorem.Quid
3416 3575 3594 3631 dicam
3613 3577 3811 3632 deside-

2232 3654 2314 3708 rio
2330 3663 2528 3722 vestro,
2552 3666 2604 3710 et
2623 3655 2814 3723 favori,
2832 3674 2991 3728 quem
3008 3659 3257 3715 hesterna
3275 3664 3592 3721 ostendistis
3617 3666 3698 3721 die
3718 3667 3806 3736 (a),

2231 3745 2498 3814 quomodo
2530 3761 2687 3801 voces
2730 3757 2923 3803 vestra:
2965 3765 3084 3803 cum
3127 3751 3320 3820 gaudio
3349 3754 3544 3809 caelum
3575 3765 3809 3825 penetra-

2231 3835 2386 3890 runt?
2417 3835 2592 3906 lpsum
2633 3838 3026 3894 sanctiﬁcantes
3051 3855 3230 3896 aerem
3254 3883 3270 3908 ,
3301 3843 3578 3901 civitatem
3621 3845 3808 3902 fecistis

2232 3925 2560 3982 Ecelesiam:
2593 3927 2892 3983 honorabar
2932 3945 3064 4000 ego,
3093 3941 3148 3986 et
3193 3933 3333 3988 Deus
3376 3935 3806 4005 gloriﬁcabatur:

2232 4017 2468 4073 hmretici
2496 4018 2974 4082 confundebantur,
2997 4022 3238 4078 Ecclesia
3264 4041 3392 4080 vero
3419 4029 3805 4083 coronabatur:

2229 4111 2352 4180 quia
2381 4125 2570 4181 magna
2599 4111 2779 4166 laetitia
2805 4122 2887 4166 est
2913 4114 3104 4181 matri,
3131 4129 3252 4169 cum
3293 4119 3569 4174 exsultant
3601 4120 3692 4174 ﬁlii
3719 4137 3734 4172 :
3759 4129 3808 4174 et

2229 4201 2428 4271 grande
2469 4201 2716 4272 gaudium
2755 4204 2994 4272 pastori,
3025 4219 3145 4258 cum
3172 4207 3438 4261 exsultant
3467 4210 3592 4279 agni
3620 4209 3806 4280 gregis.

2230 4294 2364 4349 Veni
2392 4294 2456 4349 ad
2482 4294 2668 4364 gaudia
2697 4295 2950 4349 virtutum
2975 4304 3270 4350 vestrarum
3290 4339 3305 4364 ,
3335 4299 3520 4354 audivi
3549 4302 3668 4370 quia
3694 4314 3808 4354 cum

2231 4386 2495 4441 haereticis
2541 4385 2809 4442 colluctati
2849 4386 2979 4441 estis
3002 4428 3017 4453 ,
3049 4395 3104 4442 et
3130 4389 3254 4457 quia
3283 4390 3463 4458 inique
3489 4401 3714 4462 egerunt
3759 4391 3808 4444 in

2229 4477 2493 4547 baptismo
2514 4517 2529 4541 ,
2564 4476 2927 4548 redarguistis.
2953 4477 3216 4548 Numquid
3257 4481 3528 4536 incassum
3573 4482 3805 4536 dicebam

2229 4568 2478 4638 quoniam
2521 4578 2666 4621 eaSta
2693 4582 2826 4620 uxor
2865 4567 3086 4622 absente
3126 4569 3240 4622 viro
3265 4570 3475 4638 repellit
3503 4570 3770 4625 adulteros
3792 4611 3806 4634 ,

2229 4657 2448 4712 absente
2472 4664 2685 4727 pastore
2714 4657 2875 4726 abigit
2898 4657 3050 4726 lupos
3071 4697 3089 4724 ,
3117 4658 3233 4712 sine
3257 4659 3614 4728 gubernatore
3639 4667 3809 4714 nauta:

2227 4749 2562 4804 salvaverunt
2591 4763 2798 4811 navem,
2821 4750 2937 4803 sine
2961 4749 3096 4804 duce
3116 4750 3309 4805 milites
3329 4751 3609 4806 victoriam
3633 4767 3810 4822 repor-

2227 4850 2494 4906 taverunt,
2521 4841 2635 4895 sine
2661 4841 2881 4896 doctore
2903 4841 3145 4910 discipuli
3178 4842 3543 4911 profecerunt,
3574 4844 3690 4898 sine
3716 4859 3802 4913 pa-

2229 4943 2308 4990 tre
2335 4933 2425 4988 ﬁlii
2454 4931 2686 4989 roborati
2714 4934 2880 4988 sunt?
2903 4934 3015 4988 lmo
3041 4936 3206 5004 magis
3231 4951 3336 4990 non
3365 4936 3482 4990 sine
3511 4947 3698 5006 patre:
3722 4950 3806 4989 ve—

2228 5034 2339 5081 ster
2366 5025 2504 5080 enim
2533 5025 2802 5096 profectus
2817 5040 2991 5080 mcum
3011 5025 3279 5096 gaudium,
3299 5035 3475 5082 vestra
3496 5026 3810 5098 gloriﬁcatio

2226 5132 2345 5172 mea
2384 5131 2582 5171 corona
2609 5125 2710 5171 cst.
2742 5116 2846 5172 Sed
2874 5116 3327 5183 desiderabamus,
3360 5118 3585 5188 inquitis
3606 5161 3620 5184 ,
3643 5128 3809 5172 tecum

2227 5209 2400 5264 facere
2423 5208 2644 5263 Pascha.
2663 5207 2939 5264 Satisfacio
2954 5209 3223 5264 dilectioni
3244 5218 3452 5274 vestrae,
3478 5210 3680 5279 quippe
3696 5221 3813 5262 cum

2222 5300 2330 5368 jam
2369 5300 2690 5354 iracundiam
2719 5308 2897 5355 vestro
2937 5299 3286 5355 dissolveritis
3321 5310 3566 5370 aspectu.
3608 5297 3742 5354 Nam
3769 5295 3809 5350 si

2227 5400 2378 5459 pater
2406 5389 2681 5460 prodigum
2713 5391 3007 5459 suscipiens
3034 5389 3197 5445 ﬁlium
3228 5390 3404 5445 statim
3427 5387 3808 5444 reconciliavit.

2225 5495 2400 5549 neque
2442 5495 2626 5549 pmnas
2653 5482 2812 5551 exigit
2843 5480 2910 5534 ab
2939 5495 3005 5537 eo
3024 5523 3039 5548 ,
3071 5480 3166 5535 sed
3211 5481 3353 5534 illico
3381 5479 3665 5548 amplexus
3695 5485 3807 5533 est:

2226 5572 2394 5627 multo
2436 5573 2603 5643 magis
2660 5572 2751 5627 ﬁlii
2806 5583 3007 5643 patrem
3059 5573 3428 5642 suscipientes.
3473 5571 3584 5626 Sed
3643 5582 3814 5624 tamen

2289 5686 2361 5748 (a)
2384 5685 2614 5736 Postridie
2637 5699 2780 5750 quam
2803 5688 3036 5746 redierat,
3058 5683 3184 5736 hanc
3206 5687 3471 5737 orationem
3507 5683 3703 5734 habuit.
