4100 6196
292 193 407 248 ηδ
1461 175 1549 230 ne
1590 179 2001 238 ltEClPlENDO
2040 182 2448 242 seventauo.
3457 197 3569 250 λε..

291 319 345 360 ct
379 303 447 359 ad
481 305 583 360 hoc
609 302 910 375 respondeo
939 320 951 356 :
983 301 1183 356 Pascha
1215 315 1421 356 mecum
1467 301 1518 355 in
1545 299 1682 355 votis
1711 297 1885 354 facere

292 397 609 461 habebatis,
638 409 798 450 nemo
839 394 1081 464 prohibet
1121 393 1280 448 hodie
1323 409 1418 449 vos
1461 409 1666 448 mecum
1712 394 1883 448 facere

291 487 501 546 Pascha
531 503 547 539 :
575 486 670 542 sed
717 485 934 540 forsitan
980 485 1198 549 dicetis,
1229 483 1492 555 Numquid
1532 485 1638 540 duo
1680 483 1884 539 Pascha

288 577 484 632 facturi
513 577 736 632 sumus?
755 575 891 642 Non,
916 575 1005 630 sed
1034 592 1213 641 unum,
1238 585 1290 631 et
1311 577 1482 645 ipsum
1505 575 1878 646 multipliciter.

288 668 448 724 Sicut
471 667 611 722 enim
639 681 854 736 semper
879 665 959 721 sol
986 665 1221 720 exoritur
1240 709 1255 733 ,
1279 674 1333 721 et
1359 682 1464 721 non
1494 666 1718 721 dicimus
1745 664 1882 718 mul-

293 767 389 813 tos
415 757 577 824 soles,
603 757 698 812 sed
741 766 826 812 est
867 756 945 810 sol
973 757 1207 826 quotidie
1233 757 1448 813 oriens:
1476 757 1553 811 sic
1590 764 1644 810 et
1679 755 1880 810 Pascha

287 863 514 918 semper
554 856 990 913 consummatur,
1021 855 1077 901 et
1119 862 1239 901 cum
1284 862 1495 915 semper
1542 847 1878 912 celebretur,

291 956 465 996 unum
493 948 572 994 est
593 937 946 993 solemnitatis
973 946 1187 993 nostrae.
1215 938 1516 994 Judaeorum
1547 938 1748 992 similes
1775 953 1878 992 non

285 1044 498 1096 sumus,
528 1045 633 1083 non
660 1028 924 1083 servimus
949 1028 1064 1082 loco
1089 1071 1104 1090 ,
1134 1044 1233 1083 nec
1259 1029 1453 1084 subditi
1481 1044 1662 1082 sumus
1693 1043 1878 1082 neces-

288 1123 436 1178 sitati
457 1121 738 1192 temporis,
759 1120 1021 1175 dominica
1047 1135 1176 1175 voce
1203 1119 1414 1174 firmati.
1441 1120 1876 1189 Quotiescumque,

289 1212 465 1284 lnquit
487 1255 504 1280 ,
536 1213 962 1266 manducaveritis
988 1229 1169 1282 panem
1195 1212 1346 1266 istum
1368 1255 1384 1279 ,
1414 1222 1459 1265 et
1490 1211 1622 1264 hunc
1662 1210 1881 1264 biberitis

287 1305 516 1367 calicem,
545 1313 757 1356 mortem
784 1301 989 1355 Domini
1013 1302 1370 1355 annuntiabitis
1403 1301 1476 1373 (1.
1510 1301 1626 1354 Cor.
1653 1302 1735 1355 11.
1761 1300 1876 1369 26).

289 1392 680 1447 Annuntiamus
706 1406 939 1460 namque
966 1391 1124 1446 hodie
1145 1401 1366 1446 mortem
1392 1391 1606 1446 Christi.
1629 1391 1734 1446 Sed
1757 1401 1882 1447 tunc

289 1481 506 1553 quidem
538 1482 802 1538 festivitas
828 1499 841 1534 :
870 1490 926 1537 et
954 1483 1110 1538 hodie
1140 1481 1414 1537 festivitas.
1443 1483 1539 1538 Ubi
1571 1484 1711 1538 enim
1738 1484 1874 1537 cari-

288 1585 376 1630 tas
413 1574 606 1645 gaudet
628 1615 643 1639 ,
668 1573 738 1627 ibi
768 1584 850 1628 est
880 1573 1135 1628 festivitas
1165 1591 1179 1627 :
1209 1581 1264 1627 et
1292 1573 1379 1628 ubi
1423 1575 1598 1642 recepi
1639 1573 1879 1627 lrctantes

288 1665 431 1720 ﬁlios
452 1705 469 1731 ,
496 1666 783 1719 maximam
825 1663 1043 1719 celebro
1079 1663 1445 1720 festivitatem.
1468 1665 1676 1719 Etenim
1707 1674 1760 1719 et
1790 1665 1878 1719 illa

287 1755 548 1809 festivitas
574 1756 771 1810 caritas
791 1764 893 1809 est.
923 1754 1012 1810 Sic
1038 1755 1191 1820 enim,
1220 1755 1388 1824 inquit
1416 1756 1708 1824 apostolus,
1742 1755 1879 1809 Deus

291 1845 477 1899 dilexit
506 1846 744 1898 mundum
763 1883 778 1908 ,
806 1855 863 1898 ut
892 1844 1084 1899 Filium
1111 1861 1257 1900 suum
1283 1845 1591 1916 unigenitum
1618 1847 1760 1899 daret
1786 1864 1876 1915 pro

289 1951 356 1990 eo
385 1934 562 2007 (Joan.
589 1936 642 1990 3.
671 1934 774 2004 16).
807 1935 913 1990 Sed
943 1936 1116 2002 multi,
1145 1936 1424 2006 inquiunt,
1453 1944 1504 1990 te
1529 1936 1749 1990 absente
1779 1937 1874 1990 ba-

290 2025 479 2092 ptizati
516 2035 654 2078 sunt.
685 2025 752 2079 Et
779 2023 908 2096 quid
938 2026 1091 2080 tum?
1117 2025 1256 2080 Nihil
1281 2025 1454 2080 minus
1484 2026 1641 2081 habet
1668 2027 1834 2096 gratia
1859 2068 1874 2095 ,

288 2130 396 2169 non
424 2114 684 2169 claudicat
709 2116 908 2170 donum
938 2117 1028 2172 Dei
1053 2131 1068 2181 ;
1099 2125 1360 2187 praesente
1388 2133 1472 2171 me
1497 2118 1741 2188 baptizati
1770 2135 1875 2172 non

285 2214 414 2260 sunt
437 2249 452 2272 ,
481 2206 577 2261 sed
617 2217 881 2275 praesente
920 2207 1130 2263 Christo
1159 2217 1284 2263 sunt
1313 2208 1579 2279 baptizati.
1613 2208 1875 2280 Numquid

289 2298 452 2352 homo
476 2307 562 2353 est
583 2299 670 2368 qui
702 2299 966 2368 baptizat?
991 2299 1162 2355 Homo
1185 2300 1460 2356 dexteram
1495 2301 1751 2371 porrigit,
1781 2301 1876 2356 sed

287 2389 432 2444 Deus
457 2406 668 2445 manum
693 2393 970 2460 gubernat.
999 2392 1114 2448 Noli
1144 2392 1211 2447 de
1234 2394 1398 2463 gratia
1420 2393 1682 2460 dubitare,
1707 2393 1874 2449 caris-

285 2481 448 2545 sime,
474 2481 594 2550 quia
623 2482 822 2535 donum
851 2483 945 2538 Dei
975 2493 1075 2538 est.
1100 2483 1328 2538 Attende
1348 2483 1628 2554 diligenter
1652 2499 1770 2553 qua:
1797 2484 1878 2539 di-

289 2581 487 2626 cuntur
507 2613 522 2636 ,
549 2572 592 2625 si
622 2570 760 2627 forte
787 2574 962 2642 aliqua
989 2573 1055 2628 de
1082 2588 1240 2628 causa
1281 2588 1430 2628 sacra
1458 2571 1534 2647 (a)
1563 2573 1873 2644 explicanda

289 2671 414 2727 est,
441 2677 563 2716 cum
601 2661 853 2717 obtuleris
887 2678 1069 2732 preces
1089 2706 1104 2730 ,
1133 2671 1188 2718 et
1224 2665 1576 2734 subscriptam
1605 2667 1876 2735 acceperis

285 2768 498 2807 sacram
524 2795 538 2818 ,
569 2768 672 2808 non
700 2756 930 2825 requiris
957 2757 1095 2826 quali
1128 2758 1333 2812 calamo
1360 2758 1732 2828 subscripserit
1753 2775 1872 2826 rex,

286 2859 464 2913 neque
489 2844 542 2898 in
569 2845 708 2914 quali
733 2845 938 2910 charta,
969 2863 1142 2917 neque
1166 2849 1329 2917 quali,
1358 2865 1529 2918 quove
1554 2860 1870 2916 atramento,

284 2934 384 2988 sed
415 2950 578 2988 unum
622 2936 956 2991 solummodo
991 2939 1187 3007 quieris
1207 2979 1222 3005 ,
1247 2940 1292 2993 si
1331 2955 1424 2996 rex
1454 2941 1828 3010 subscripserit
1857 2961 1870 2996 :

284 3025 369 3079 sic
396 3035 451 3079 et
477 3025 527 3078 in
558 3026 839 3095 baptismo,
871 3027 1076 3096 charta,
1106 3031 1427 3085 conscientia
1448 3041 1529 3086 est
1558 3050 1570 3085 :
1601 3033 1834 3087 calamus
1855 3075 1868 3096 ,

288 3116 468 3186 lingua
503 3117 794 3172 sacerdotis
819 3137 831 3171 :
856 3134 1044 3173 manus
1067 3161 1080 3184 ,
1111 3121 1276 3190 gratia
1317 3131 1400 3176 est
1426 3122 1653 3191 Spiritus
1681 3126 1868 3178 sancti.

285 3206 419 3262 Sive
455 3223 582 3278 ergo
613 3224 704 3278 per
729 3225 816 3264 me
838 3252 850 3273 ,
874 3211 987 3266 sive
1014 3227 1108 3281 per
1133 3213 1278 3267 illum
1319 3215 1405 3283 qui
1436 3213 1612 3270 officio
1638 3215 1874 3286 fungitur

287 3297 582 3352 sacerdotis
603 3341 619 3365 ,
647 3300 759 3369 ipsa
801 3316 991 3356 manus
1016 3302 1230 3369 scribit,
1257 3319 1356 3359 nos
1383 3306 1608 3360 ministri
1643 3323 1826 3363 sumus
1854 3350 1868 3374 ,

287 3402 398 3440 non
427 3398 690 3444 auctores.
711 3389 779 3444 Et
795 3391 990 3446 Paulus
1011 3393 1254 3448 minister
1267 3403 1350 3449 est
1369 3412 1381 3447 :
1403 3394 1492 3450 Sic
1510 3397 1660 3460 enim,
1681 3398 1868 3466 inquit,

287 3479 499 3532 estintet
542 3496 632 3533 nos
677 3480 826 3535 homo
863 3491 1117 3554 tamquam
1147 3485 1406 3540 ministros
1430 3487 1616 3542 Christi
1643 3528 1658 3551 ,
1689 3499 1736 3542 et
1763 3489 1870 3544 dis-

291 3579 582 3638 pensatores
629 3577 978 3641 mysteriorum
1003 3574 1102 3628 Dei
1127 3575 1204 3643 (1.
1231 3574 1350 3630 Cor.
1373 3577 1424 3631 4.
1450 3579 1526 3646 1).
1560 3577 1697 3644 Quid
1739 3581 1872 3634 enim

293 3659 448 3710 habes
470 3699 486 3723 ,
514 3659 648 3728 quod
695 3677 796 3714 non
840 3664 1077 3732 accepisti
1106 3664 1206 3736 (Ib.
1237 3682 1283 3720 υ.
1311 3667 1389 3736 7).
1416 3667 1472 3724 Si
1497 3669 1621 3738 quid
1663 3669 1835 3726 habeo
1863 3712 1878 3735 ,

292 3750 474 3816 accepi
495 3766 508 3801 :
530 3751 572 3804 si
597 3761 773 3804 autem
795 3754 996 3822 accepi,
1022 3770 1124 3809 non
1157 3773 1356 3825 meum,
1381 3757 1472 3812 sed
1492 3759 1606 3827 ejus
1623 3761 1710 3829 qui
1735 3759 1882 3816 dedit

293 3837 494 3890 donum
521 3847 623 3892 est.
644 3838 758 3894 Noli
780 3856 906 3911 ergo
927 3843 1187 3911 dubitare,
1209 3847 1483 3902 carissime
1507 3865 1520 3900 :
1545 3849 1711 3918 gratia
1736 3851 1879 3906 enim

292 3927 389 3982 Dei
423 3927 652 3996 perfecta
681 3939 781 3984 est.
808 3931 980 3986 Locus
1008 3948 1112 3989 non
1140 3935 1419 4004 prohibet,
1452 3939 1567 3993 sive
1596 3939 1681 3994 hic
1704 3939 1877 4009 bapti-

293 4019 454 4082 zeris,
481 4021 594 4075 sive
612 4022 662 4075 in
692 4023 831 4088 navi,
855 4024 968 4080 sive
997 4025 1048 4080 in
1075 4026 1282 4082 itinere.
1305 4029 1579 4100 Philippus
1599 4031 1882 4100 baptizavit

294 4112 349 4166 in
385 4112 489 4177 via,
516 4111 712 4168 Paulus
740 4115 794 4170 in
823 4117 1065 4185 vinculis,
1093 4115 1336 4175 Christus
1361 4121 1413 4175 in
1433 4137 1591 4178 cruce
1620 4123 1879 4180 latronem

295 4219 361 4257 ex
388 4204 627 4266 vulnere,
647 4214 702 4258 et
730 4207 906 4261 statim
931 4209 1154 4278 paradisi
1177 4212 1368 4266 meruit
1383 4211 1596 4280 januam
1618 4227 1876 4268 reserare.

299 4296 529 4363 Propter
553 4295 670 4351 hmc
711 4298 915 4367 gaudeo
943 4309 998 4354 et
1024 4301 1229 4356 exsulto
1252 4344 1266 4367 ,
1293 4311 1347 4358 et
1371 4304 1638 4359 orationes
1676 4313 1880 4360 vestras

297 4387 479 4454 exigo,
505 4401 628 4440 cum
674 4387 866 4457 quibus
901 4389 966 4444 ad
1019 4391 1198 4446 Asiam
1240 4395 1488 4462 perrexi,
1519 4410 1639 4450 eum
1689 4380 1880 4464 quibus

359 4514 436 4576 (a)
469 4513 542 4564 sic
585 4517 842 4584 vocabatur
878 4517 1132 4584 imperiale
1176 4520 1382 4582 diploma
1410 4535 1422 4570 :
1448 4535 1542 4584 qua
1575 4523 1638 4571 de
1678 4536 1734 4571 re
1769 4524 1880 4572 vide

295 4585 564 4648 unumque
582 4578 757 4648 qngii
775 4577 1062 4648 glossarium
1098 4582 1148 4631 in
1181 4577 1319 4641 voce,
1343 4577 1507 4642 sacra,
1534 4591 1602 4643 et,
1619 4592 1761 4648 Σάιμ.
1798 4586 1882 4634 Hic

296 4636 720 4699 regent'intellige
746 4636 1107 4701 Imperatorem.

301 4784 3400 4809 Ἥ

1995 313 2239 355 reversus
2266 316 2380 355 sum
2407 343 2422 368 ,
2455 317 2576 356 cum
2617 303 2807 372 quibus
2851 304 3092 373 pelagum
3117 305 3484 372 transfretati,
3524 318 3578 364 et

1993 387 2201 457 adjutus
2222 391 2410 445 vestris
2435 392 2764 448 orationibus
2778 393 3000 448 feliciter
3020 395 3256 465 navigavi
3278 413 3291 450 :
3313 413 3412 452 nec
3433 399 3575 452 enim

1993 479 2168 533 navim
2203 481 2334 535 citra
2379 496 2474 536 vos
2517 483 2786 552 ingressus
2813 498 2928 538 sum
2952 526 2966 550 ,
2996 500 3095 540 nec
3118 487 3257 541 exivi
3285 488 3415 542 citra
3442 503 3538 542 vos
3558 527 3578 550 ,

1991 586 2097 626 non
2127 572 2178 626 in
2209 573 2424 630 civitate
2451 575 2582 630 citra
2612 589 2708 630 vos
2729 615 2744 640 ,
2775 584 2866 629 aut
2907 577 2958 630 in
2983 578 3210 632 ecclesia
3236 579 3353 634 sine
3377 580 3529 634 vobis
3551 619 3568 644 ,

1990 662 2083 716 sed
2114 665 2326 718 avulsus
2371 665 2584 735 quidem
2627 681 2773 721 eram
2825 681 3069 736 corpore,
3102 682 3374 724 connexus
3401 680 3576 725 autem

1989 757 2230 809 caritate.
2261 754 2518 811 Videbunt
2547 771 2774 826 namque
2802 759 3092 813 Ecclesiam
3125 768 3355 814 vestram
3386 800 3403 828 ,
3427 772 3481 817 et
3527 764 3577 815 in

1992 844 2196 913 pelago,
2228 853 2282 900 et
2309 846 2360 898 in
2386 847 2738 901 exsultatione
2761 847 3073 915 gaudebam.
3103 848 3230 903 Tale
3257 849 3400 904 enim
3449 850 3575 918 quid

1992 935 2254 1004 significat
2295 937 2487 991 caritas
2512 979 2525 1001 ,
2555 953 2672 1007 quae
2713 938 2880 991 nescit
2909 939 3174 1008 angustari
3203 958 3215 993 :
3241 940 3500 994 intrabam
3527 941 3579 994 in

1988 1025 2269 1079 ecclesiam
2291 1068 2305 1093 ,
2334 1026 2609 1080 adstabam
2639 1027 2830 1094 altari,
2855 1028 3126 1082 orationes
3166 1029 3450 1084 offerebam
3477 1070 3492 1094 ,
3522 1041 3580 1085 ct

1987 1112 2226 1168 dicebam
2257 1133 2272 1168 :
2306 1117 2528 1171 Domine
2557 1159 2570 1182 ,
2599 1132 2855 1172 conserva
2906 1119 3196 1174 Ecclesiam
3244 1136 3402 1190 quam
3445 1123 3576 1176 mihi

1988 1204 2275 1260 tradidisti.
2304 1206 2415 1276 Ego
2454 1207 2664 1276 quidem
2691 1223 2915 1279 corpore
2959 1210 3154 1265 absens
3180 1226 3296 1265 sum
3316 1251 3334 1278 ,
3363 1212 3457 1267 sed
3487 1223 3576 1267 tua

1988 1295 2351 1350 misericordia
2379 1312 2617 1366 praesens
2646 1306 2755 1362 est,
2788 1314 2906 1368 quae
2935 1314 3020 1354 me
3053 1299 3177 1354 illuc
3202 1301 3490 1370 perduxit,
3520 1312 3576 1357 et

1986 1385 2105 1454 plus
2133 1401 2290 1456 quam
2335 1389 2582 1444 merebar
2609 1390 2890 1443 concessit.
2937 1389 3002 1443 Et
3027 1390 3148 1460 quia
3199 1391 3576 1460 ampliﬁcavit,

1986 1479 2269 1534 multitudo
2297 1487 2522 1535 testatur
2548 1482 2909 1550 praesentium.
2929 1482 3145 1536 Florerc
3167 1483 3320 1537 video
3343 1484 3574 1552 vineam,

1985 1580 2040 1625 et
2065 1587 2324 1642 nusquam
2353 1573 2519 1642 spina:
2542 1616 2555 1639 ,
2585 1589 2755 1644 neque
2796 1575 3023 1629 sentium
3055 1573 3159 1628 ulla
3187 1575 3406 1645 vestigia
3433 1591 3446 1627 :
3475 1590 3573 1630 ex-

1985 1663 2186 1717 sultant
2215 1678 2360 1731 oves,
2392 1675 2444 1719 et
2465 1679 2721 1734 nusquam
2750 1664 2922 1734 lupus.
2947 1665 3098 1731 Quod
3126 1665 3170 1720 si
3195 1666 3355 1720 etiam
3381 1666 3576 1721 alicubi

1985 1763 2230 1823 repertus
2268 1755 2464 1822 fuerit,
2487 1755 2824 1822 demutatur,
2860 1765 2913 1810 et
2961 1755 3019 1810 fit
3060 1756 3195 1810 ovis.
3225 1756 3391 1810 Tanta
3434 1758 3577 1812 enim

1984 1853 2159 1900 vestra
2187 1855 2270 1899 est
2294 1845 2425 1900 fides
2453 1855 2509 1900 et
2534 1847 2746 1912 caritas,
2775 1855 2835 1900 ut
2861 1845 3196 1900 aemulatione
3216 1855 3390 1901 vestra
3417 1857 3579 1902 αριθ-

1983 1949 2074 1989 ros
2104 1935 2425 2004 provocetis.
2454 1935 2572 2004 Ipse
2600 1935 2851 1989 Dominus
2871 1949 2966 1988 vos
2986 1937 3352 2002 conservavit,
3385 1945 3438 1990 et
3465 1939 3577 2006 ipse

1984 2041 2072 2080 me
2098 2024 2324 2089 reduxit,
2343 2033 2397 2078 et
2422 2025 2474 2078 in
2502 2024 2805 2078 infirmitate
2822 2024 3024 2093 positus
3045 2024 3345 2078 orationum
3367 2035 3572 2079 vestra-

1984 2129 2100 2169 rum
2131 2114 2273 2170 sensi
2299 2115 2574 2180 auxilium,
2599 2129 2732 2185 quas
2760 2114 2890 2168 mihi
2921 2114 3158 2184 quotidie
3186 2115 3239 2170 in
3266 2108 3575 2186 Suffragium

1983 2205 2210 2274 postulo.
2232 2204 2594 2275 Peregrinatio
2613 2220 2731 2261 mea
2743 2205 3016 2260 coronavit
3038 2204 3302 2262 civitatem
3314 2216 3570 2263 vestram.

1985 2294 2053 2348 Et
2080 2296 2201 2365 quia
2241 2296 2540 2366 diligebatis
2564 2310 2632 2352 ex
2672 2296 2823 2351 initio
2849 2339 2865 2364 ,
2894 2311 3037 2352 nunc
3064 2298 3311 2353 omnibus
3349 2299 3574 2354 manife-

1983 2395 2124 2440 stum
2149 2397 2248 2441 est.
2274 2387 2362 2442 Sic
2391 2387 2534 2443 enim
2566 2403 2652 2444 me
2684 2389 2959 2444 absentem
2981 2431 2994 2454 ,
3029 2399 3295 2459 tamquam
3337 2406 3575 2460 praesens

1985 2483 2090 2531 tem
2119 2475 2396 2532 habuistis.
2424 2477 2554 2532 Nam
2577 2479 2629 2532 in
2656 2479 2780 2534 Asia
2801 2493 2920 2534 cum
2948 2494 3121 2535 essem
3143 2479 3210 2534 ad
3231 2482 3574 2553 corrigendas

1985 2569 2270 2634 Ecclesias,
2296 2569 2419 2626 hinc
2445 2571 2537 2626 illo
2558 2571 2838 2628 venientes
2863 2572 3176 2627 nuntiabant
3201 2574 3373 2640 nobis,
3394 2576 3576 2630 dicen-

1985 2667 2064 2714 tes
2089 2677 2105 2712 :
2133 2658 2475 2716 lnflammasti
2530 2662 2816 2717 civitatem.
2845 2663 2912 2718 Et
2938 2671 3081 2718 certe
3113 2665 3306 2720 caritas
3335 2676 3574 2737 tempore

1982 2751 2117 2807 solet
2157 2768 2490 2809 marcescere
2514 2797 2528 2820 ,
2552 2764 2727 2811 vestra
2751 2765 2924 2811 autem
2939 2756 3151 2813 dilectio
3175 2758 3410 2830 quotidie
3438 2776 3564 2829 ang-

1981 2843 2336 2898 mentabatur.
2402 2845 2468 2899 Et
2495 2862 2650 2916 quem
2680 2847 2749 2901 ita
2778 2848 3049 2903 absentem
3083 2849 3378 2919 diligebatis
3399 2891 3414 2915 ,
3445 2866 3574 2920 prze-

1981 2941 2185 2987 scntem
2213 2934 2373 2988 credo
2402 2935 2540 3005 quod
2575 2937 2763 2991 melius
2803 2939 3013 2993 ametis.
3046 2937 3148 2992 Iste
3175 2953 3325 2993 meus
3355 2938 3566 2995 thesau-

1980 3036 2071 3075 rus
2090 3064 2104 3086 ,
2140 3021 2224 3078 hae
2251 3035 2372 3077 sunt
2418 3039 2550 3080 mea:
2579 3023 2797 3081 divitiae.
2834 3026 2902 3081 Et
2929 3027 3050 3082 ideo
3075 3037 3280 3082 vestras
3306 3029 3574 3086 orationes

1980 3114 2211 3184 requiro.
2242 3113 2520 3170 Orationes
2566 3125 2756 3170 vestra)
2810 3131 2994 3171 murus
3033 3117 3159 3171 mihi
3199 3126 3253 3172 ct
3297 3119 3570 3175 munimen

1979 3216 2122 3260 sunt.
2146 3205 2265 3272 Noli
2286 3206 2484 3274 dicere,
2504 3207 2616 3278 Ego
2643 3207 2922 3278 languidus
2941 3223 3078 3273 sum,
3101 3209 3367 3279 quomodo
3389 3219 3573 3280 potero

1980 3311 2078 3366 pro
2101 3295 2379 3352 sacerdote
2399 3297 2586 3353 orare?
2605 3297 2739 3352 Audi
2761 3296 3088 3368 Scripturam
3110 3298 3374 3355 dicentem
3402 3318 3415 3355 :
3442 3299 3576 3354 Ora-

1981 3387 2050 3440 tio
2090 3396 2258 3440 autent
2311 3386 2461 3455 ﬁebat
2507 3389 3000 3459 corttinua(Act.12.
3021 3390 3098 3460 5).
3127 3389 3572 3446 Etecciesiastica

1980 3475 2154 3529 oratio
2182 3475 2342 3529 solvit
2367 3475 2576 3531 vincula
2605 3477 2769 3546 Petri,
2797 3488 2852 3534 et
2879 3479 3026 3534 Pauli
3061 3479 3299 3535 dilatavit
3320 3482 3575 3552 praedica-

1981 3563 2139 3618 tionis
2165 3563 2430 3620 fiduciam.
2453 3565 2634 3622 Oratio
2653 3568 2919 3624 caminum
2946 3569 3083 3637 ignis
3103 3572 3375 3638 exstinxit,
3402 3573 3574 3625 oratio

1984 3655 2244 3712 conclusit
2267 3671 2357 3711 ora
2391 3656 2602 3713 leonum
2635 3699 2649 3727 ,
2677 3659 2847 3714 oratio
2875 3659 3192 3715 seditionem
3225 3663 3572 3731 compescuit,

1983 3744 2152 3799 oratio
2178 3745 2477 3814 paradisum
2500 3747 2727 3816 aperuit,
2749 3749 2920 3803 oratio
2946 3749 3064 3804 caeli
3095 3749 3338 3805 cardines
3361 3766 3573 3806 resera-

1982 3833 2092 3900 vit,
2123 3835 2296 3888 oratio
2319 3835 2554 3890 sterilem
2584 3835 2923 3905 fecundavit,
2946 3839 3118 3892 oratio
3146 3839 3378 3894 Cornelii
3410 3841 3572 3896 caelos

1983 3925 2300 3994 penetravit,
2328 3925 2499 3980 oratio
2520 3925 2859 3994 publicanum
2876 3927 3203 3996 justificavit.
3224 3929 3352 3985 Tale
3371 3945 3400 3982 a
3422 3929 3572 3984 vobis

1982 4015 2253 4070 munimen
2301 4016 2516 4086 requiro
2539 4057 2554 4080 ,
2611 4017 2769 4072 talem
2818 4019 3041 4088 gratiam
3073 4019 3316 4088 postulo:
3345 4028 3399 4075 et
3429 4020 3571 4076 Deus

1985 4105 2167 4176 gloriae
2195 4105 2490 4176 suscipiens
2509 4107 2778 4164 orationes
2799 4118 3024 4178 vestras,
3053 4109 3144 4166 det
3174 4111 3300 4166 mihi
3333 4112 3385 4168 in
3411 4127 3569 4182 aper-

1985 4197 2129 4252 tione
2151 4198 2260 4253 oris
2285 4198 2390 4254 mei
2416 4213 2715 4256 sermonem
2734 4243 2749 4268 ,
2780 4217 2887 4272 quo
2924 4204 3124 4272 possim
3151 4203 3408 4259 creditum
3439 4204 3570 4260 mihi

1983 4289 2236 4358 populum
2261 4287 2523 4346 instruere
2542 4289 2608 4346 ad
2629 4290 2851 4346 salutem
2878 4307 2973 4361 per
2992 4291 3262 4350 Christum
3287 4294 3568 4350 Dominum

1984 4388 2258 4445 nostrum,
2286 4393 2406 4434 cum
2450 4394 2556 4450 quo
2593 4388 2675 4434 est
2702 4380 2810 4436 Deo
2848 4381 2989 4436 Patri
3031 4397 3151 4438 cum
3199 4381 3398 4452 Spiritu
3445 4397 3570 4438 san-

1985 4476 2072 4520 cto
2119 4467 2322 4536 honor,
2351 4467 2518 4538 gloria
2547 4507 2565 4537 ,
2591 4478 2644 4525 et
2675 4478 2905 4540 potestas
2929 4472 2982 4526 in
3011 4473 3202 4528 smcula
3229 4475 3568 4530 saeculorum.

1990 4561 2179 4610 Amen.

1375 4883 1486 4943 DE
1529 4884 2008 4950 BECIPIENDO
2049 4889 2525 4952 SEVERIANO.

371 5040 538 5098 Sicuti
565 5043 724 5113 capiti
745 5057 941 5112 corpus
991 5043 1263 5101 cohzrrere
1288 5050 1646 5104 necessarium
1672 5059 1773 5114 est,
1821 5052 1892 5107 ita

304 5131 601 5188 Ecclesiant
628 5135 912 5201 sacerdoti,
943 5144 995 5190 et
1019 5137 1242 5206 principi
1273 5141 1523 5208 populum
1555 5157 1570 5194 :
1599 5151 1758 5212 utque
1783 5145 1891 5198 vir-

301 5222 451 5292 gulta
482 5223 766 5290 radicibus,
795 5235 848 5280 et
898 5229 1129 5282 fontibus
1158 5228 1323 5294 ﬂuvii,
1370 5232 1441 5286 ita
1461 5241 1513 5286 et
1539 5232 1630 5287 filii
1670 5236 1893 5303 patri,et

309 5312 573 5380 magistro
595 5312 864 5384 discipuli.
900 5316 1024 5371 Haec
1051 5327 1228 5371 autem
1274 5333 1379 5373 non
1405 5320 1673 5389 superfluo
1700 5322 1766 5377 ad
1797 5338 1890 5377 ca-

301 5401 517 5456 ritatem
541 5412 769 5462 vestram
793 5406 993 5474 praefati
1019 5421 1205 5462 sumus
1234 5425 1248 5461 :
1278 5409 1372 5462 sed
1399 5411 1648 5479 quoniam
1667 5411 1890 5467 dicenda

305 5490 440 5544 mihi
465 5500 590 5548 sum
608 5493 850 5563 qurdam
879 5496 1017 5566 apud
1044 5512 1160 5565 vos,
1184 5509 1240 5553 ut
1261 5513 1419 5553 nemo
1438 5499 1696 5565 turbetur,
1719 5518 1892 5572 neque

305 5582 545 5638 sermoni
597 5593 784 5641 nostro
829 5587 1004 5658 aliqua
1061 5589 1268 5646 oriatur
1308 5589 1645 5661 interruptio,
1693 5593 1788 5649 sed
1839 5602 1894 5649 ut

1995 5053 2293 5108 obedientia
2320 5054 2698 5124 discipulorum
2725 5069 2930 5114 crescat
2961 5061 3013 5114 in
3039 5063 3210 5130 vobis,
3237 5072 3292 5119 et
3317 5074 3570 5135 quantum

1995 5143 2240 5198 affectum
2273 5145 2408 5213 patri
2430 5145 2700 5214 deferatis,
2722 5159 2991 5219 appareat.
3022 5152 3292 5210 Adornate
3321 5171 3422 5218 me,
3457 5155 3569 5221 filii,

1994 5241 2050 5288 et
2089 5234 2344 5302 imponite
2395 5235 2524 5291 mihi
2551 5237 2872 5295 obedientiae
2893 5251 3087 5297 vestrae
3112 5259 3386 5310 coronam,
3415 5243 3574 5302 facito

1996 5339 2082 5378 me
2109 5324 2250 5392 apud
2270 5339 2458 5380 omnes
2480 5328 2694 5382 beatum
2717 5329 2968 5398 judicari,
2995 5339 3053 5387 et
3071 5332 3368 5389 doctrinam
3399 5351 3572 5392 meam

1974 5417 2331 5489 magnificate
2354 5435 2448 5489 per
2463 5421 2817 5479 obedientiam
2847 5435 3076 5480 vestram
3098 5427 3387 5483 secundum
3445 5445 3574 5498 apo-

1998 5507 2121 5562 stoli
2149 5509 2370 5576 monita,
2409 5510 2670 5568 dicentis:
2707 5513 2912 5570 Obedite
2954 5519 3234 5587 praepositis
3284 5520 3476 5582 vestris,
3528 5527 3575 5572 et

1997 5595 2330 5670 obtemperate
2357 5603 2425 5656 eis
2448 5617 2467 5666 ,'
2495 5606 2614 5672 quia
2656 5606 2754 5675 ipsi
2783 5609 3082 5678 pervigilant
3110 5627 3202 5679 pra
3252 5607 3406 5678 vobis,
3435 5609 3574 5678 quasi
