4100 6196
518 228 620 285 lli

519 358 608 411 pro
636 339 897 395 animabus
921 338 1092 395 vestris
1115 338 1357 392 rationem
1380 335 1627 390 reddituri
1651 332 1837 404 (Hebr.
1859 334 1925 389 15
1940 335 2094 405 .1’7).

520 430 644 486 llaec
669 446 797 501 ergo
836 443 1162 499 praemoneo,
1211 442 1278 482 ne
1301 425 1422 496 quis
1456 424 1729 495 superbiat
1779 424 1834 478 in
1863 438 2098 478 commo-

1254 225 1310 282 S.
1351 227 1626 284 JOANNIS
1663 228 2128 285 CHRYSOSTOMI
2169 229 2482 288 ARCIIIEP.
2522 234 3055 295 CONSTANTINOP.

3682 233 3781 289 1°16

2208 336 2698 407 tranquillissimum
2744 337 2984 394 fidelibus
3012 337 3312 405 collocavit,
3343 355 3500 411 quam
3538 349 3784 416 repropi-

2207 428 2477 483 tiationcm
2519 429 2585 483 ad
2620 430 2784 485 Deum
2808 429 2973 496 dedit,
3003 445 3158 500 quam
3208 430 3524 490 delictorum
3567 438 3783 496 absolu-

520 522 773 577 nitionem
802 529 1061 576 nostram.
1111 519 1267 573 Pater
1302 517 1445 572 enim
1493 530 1609 571 sum
1631 557 1646 582 ,
1676 525 1733 570 et
1759 530 1983 571 necesse
2023 526 2106 571 est
2206 516 2402 571 tionem
2424 519 2688 575 concessit
2716 539 2729 573 :
2758 534 2854 589 pro
2870 518 2971 575 hac
2998 535 3125 589 ergo
3146 521 3347 591 legatus
3375 524 3439 579 ad
3468 540 3562 582 vos
3590 531 3783 588 missus

518 628 604 670 me
631 614 753 669 filiis
777 613 1057 670 consilium
1084 610 1310 666 suadere
1335 627 1349 663 :
1382 608 1524 679 quod
1545 609 1687 664 enim
1720 610 1772 663 in
1800 609 2102 665 carnalibus

519 704 759 774 patribus
806 714 993 759 natura
1020 701 1215 767 carnis,
1267 700 1368 755 hoc
1397 700 1450 754 in
1482 699 1635 754 nobis
1681 699 1846 770 gratia
1872 697 2102 769 Spiritus

516 796 643 864 agit.
675 795 832 849 Pater
861 808 997 856 sum,
1039 801 1091 846 et
1121 800 1270 861 pater
1299 791 1460 845 nimis
1483 805 1645 861 super
1674 789 1815 845 ﬁlios
1844 800 2098 856 tremens,

516 884 585 938 ita
636 890 695 937 ut
747 883 1056 951 sanguinem
1109 896 1286 937 meum
1327 896 1424 952 pro
1450 881 1601 936 vobis
1630 881 1849 936 fundere
1888 890 2101 951 paratus

514 972 636 1026 sim.
671 972 735 1026 Et
756 972 808 1025 in
843 971 944 1026 hoc
979 986 1086 1026 non
1113 980 1197 1026 est
1227 970 1356 1025 mihi
1395 971 1585 1040 gratia.
1620 971 1923 1041 Apostolica
1953 973 2097 1025 enim

515 1061 595 1115 lex
628 1070 729 1128 est,
752 1073 803 1117 et
836 1061 1043 1116 Domini
1071 1070 1395 1132 praeceptum
1427 1060 1652 1116 dicentis
1682 1078 1695 1115 :
1728 1059 1915 1115 Pastor
1938 1060 2098 1115 bonus

510 1154 732 1208 animant
762 1169 907 1208 suam
953 1155 1093 1224 ponit
1138 1170 1230 1224 pro
1273 1154 1442 1208 ovibus
1467 1154 1573 1208 suis
1603 1152 1799 1224 (Ioau.
1833 1154 1919 1209 10.
1954 1155 2016 1210 Η
2053 1154 2092 1225 ).

512 1242 616 1298 Sed
658 1253 716 1299 et
746 1258 844 1300 vos
887 1244 1074 1299 eadem
1115 1244 1273 1299 facite
1303 1258 1400 1313 pro
1449 1242 1601 1299 nobis
1635 1262 1647 1297 :
1678 1244 1837 1298 simili
1868 1258 2097 1313 namque

511 1346 636 1403 erga
668 1347 767 1389 nos
796 1333 1027 1389 devincti
1048 1336 1176 1389 estis
1199 1334 1412 1389 affectu.
1439 1333 1571 1388 Nam
1594 1343 1645 1388 et
1671 1333 1893 1388 Paulum
1916 1333 2095 1389 audite

510 1423 639 1491 quid
668 1422 816 1478 dicit.
874 1422 1130 1490 Salutate,
1180 1424 1368 1494 inquit,
1416 1423 1711 1477 Priscillam
1755 1433 1800 1477 et
1832 1424 2089 1494 Aquilam,

511 1514 770 1583 adjutores
798 1532 932 1569 meos
953 1516 1006 1569 in
1044 1515 1261 1580 Christo,
1285 1516 1371 1586 qui
1393 1531 1484 1585 pro
1504 1515 1675 1568 anima
1709 1530 1819 1569 mea
1841 1531 1961 1569 suas
1982 1530 2091 1568 σεν-

511 1602 641 1656 vices
661 1614 931 1673 posuerunt
962 1605 981 1676 (
1006 1603 1153 1658 Rom.
1178 1605 1263 1659 16.
1285 1606 1337 1659 5.
1362 1605 1395 1658 4
1415 1604 1456 1676 ).
1482 1605 1629 1659 Sicut
1650 1604 1791 1658 enim
1813 1604 2093 1673 pulchrum

509 1698 592 1745 est
605 1702 869 1761 pastorem
892 1707 988 1763 pro
1003 1695 1186 1749 ovibus
1199 1695 1459 1749 immolari
1479 1695 1570 1748 :ita
1589 1709 1794 1749 rursum
1810 1693 2091 1764 pulchrum

508 1788 587 1833 est
627 1789 681 1835 et
723 1796 851 1837 oves
894 1798 924 1836 a
946 1792 1160 1854 pastore
1190 1799 1287 1840 nec
1315 1793 1488 1839 morte
1533 1786 1758 1854 sejungi.
1791 1782 1921 1839 Cum
1948 1787 2091 1840 enim

513 1862 891 1933 inseparabiles
946 1865 1144 1921 fuerint
1186 1867 1255 1921 ab
1283 1882 1385 1931 eo,
1437 1869 1616 1937 lupum
1662 1869 1930 1923 diabolum
1981 1884 2086 1923 non

512 1950 792 2007 timebunt.
822 1954 1004 2011 Murus
1021 1957 1161 2010 enim
1176 1958 1412 2012 caritatis
1441 1958 1645 2013 ﬁrmior
1669 1968 1753 2013 est
1778 1958 2088 2025 adamante;

504 2039 574 2095 Et
605 2046 762 2112 frater
788 2060 903 2099 cum
946 2047 1220 2116 adjuvatur
1248 2065 1279 2102 a
1307 2052 1484 2121 fratre,
1512 2049 1604 2103 erit
1629 2050 1755 2104 sicut
1779 2052 1952 2105 civitas
1979 2069 2091 2105 mu-

504 2132 610 2186 nita
633 2144 679 2187 et
702 2135 852 2203 ﬁrma
877 2134 1059 2206 (Prov.
1088 2140 1174 2194 i8.
1210 2139 1322 2209 i9).
1373 2140 1495 2195 Haec
1515 2149 1693 2197 autem
1720 2144 2004 2210 praemitto,
2032 2152 2091 2199 ut

504 2235 623 2276 cum
667 2225 812 2277 omni
841 2224 1051 2291 affectu,
1084 2243 1204 2296 qua:
1228 2228 1470 2295 dicimus,
1511 2230 1759 2296 audiatis,
1792 2248 1964 2302 neque
1987 2234 2088 2288 ali-

502 2312 621 2381 quis
664 2324 900 2370 vestrum
950 2317 1164 2387 incipiat
1226 2306 1547 2389 perturbari.
1611 2322 1901 2393 Loquimur
1950 2340 2082 2391 rem,

503 2418 658 2473 quam
689 2404 903 2475 dignum
928 2416 1012 2463 est
1039 2409 1095 2466 in.
1120 2411 1345 2465 ecclesia
1375 2413 1540 2482 loqui,
1572 2422 1625 2468 et
1663 2429 1819 2483 quam
1862 2415 2078 2486 dignum

502 2503 583 2548 est
608 2494 833 2551 libenter
846 2497 1037 2554 audiri.
1068 2499 1173 2554 Pro
1194 2516 1321 2570 pace
1352 2502 1615 2572 loquimur
1637 2504 1703 2558 ad
1730 2518 1843 2559 vos.
1874 2506 1939 2560 Et
1960 2507 2085 2577 quid

496 2585 573 2638 ita
598 2587 940 2656 conveniens,
969 2604 1127 2659 quam
1166 2592 1498 2648 sacerdotem
1547 2594 1641 2648 Dei
1672 2609 1856 2665 pacem
1887 2598 2085 2667 populo

486 2679 861 2746 persuadere?
899 2681 1255 2738 Contradictio
1322 2685 1465 2739 nulla
1514 2694 1617 2750 est,
1666 2685 1755 2741 ubi
1795 2696 1846 2742 et
1895 2689 2086 2758 legatio

500 2777 756 2824 sanctaet
779 2770 981 2841 legatus
1004 2784 1253 2843 acceptus
1278 2784 1379 2829 est.
1402 2775 1508 2831 Pro
1529 2791 1657 2846 pace
1680 2777 1964 2846 loquimur,
1992 2793 2086 2847 pro

499 2872 601 2928 qua
631 2858 794 2914 Filius
822 2862 913 2917 Dei
942 2862 1215 2919 descendit
1242 2865 1307 2920 ad
1344 2874 1532 2934 terras,
1571 2877 1627 2920 ut
1657 2867 1961 2937 paciﬁcaret
1991 2883 2081 2938 per

500 2950 811 3019 sanguinem
840 2967 946 3007 non
977 2954 1148 3009 solum
1169 2972 1287 3025 qua:
1313 2957 1365 3010 in
1391 2965 1531 3012 terra
1578 2967 1722 3025 sunt,
1752 2958 1845 3012 sed
1885 2967 1939 3012 et
1966 2974 2083 3029 quae

502 3038 554 3093 in
575 3040 737 3107 caelis,
782 3050 838 3097 et
866 3052 1072 3098 terrena
1098 3046 1400 3101 caelestibus
1429 3047 1677 3101 sociaret.
1708 3047 1810 3101 Pro
1847 3062 1976 3116 pare
2005 3048 2083 3101 lo—

499 3127 854 3199 quimur,,pro
882 3147 983 3201 qua
1008 3131 1172 3188 Filius
1216 3136 1308 3190 Dei
1338 3150 1523 3206 passus
1550 3146 1650 3202 est,
1681 3146 1894 3207 propter
1923 3154 2080 3209 quam

497 3219 781 3274 crucifixus
834 3231 917 3277 est
951 3232 1006 3278 et
1034 3225 1291 3295 sepultus,
1323 3242 1480 3296 quam
1510 3228 1663 3283 nobis
1686 3243 1780 3297 pro
1814 3230 1957 3284 omni
1985 3230 2081 3285 he-

500 3310 739 3365 reditatis
774 3326 937 3368 censu
982 3315 1230 3386 reliquit,
1266 3325 1328 3371 et
1376 3318 1522 3373 velut
1567 3334 1774 3373 murum
1828 3318 2081 3375 Ecclesiae

497 3399 662 3467 dedit,
686 3416 841 3472 quam
872 3413 1078 3460 scutum
1099 3406 1383 3462 adversum
1406 3408 1676 3464 diabolum
1708 3411 1901 3479 posuit,
1922 3425 2077 3479 quam

497 3489 724 3559 gladium
773 3492 1057 3549 adversum
1104 3495 1374 3554 daemones
1424 3498 1604 3565 dedit,
1659 3515 1817 3569 quam
1864 3509 2075 3570 portum

2204 622 2341 662 sum.
2374 607 2544 664 Nolite
2566 610 2699 664 mihi
2719 613 2957 668 incutere
2976 611 3253 681 pudorem,
3278 616 3441 672 nolite
3464 618 3780 689 legationem

2203 716 2374 756 meam
2403 701 2623 771 fmdare,
2675 705 2997 774 acquiescite
3042 706 3192 774 mihi,
3242 724 3425 779 quaeso
3467 728 3581 769 vos.
3621 717 3782 773 Multa

2202 790 2400 846 dudum
2432 792 2603 847 tristia
2628 803 2776 864 gesta
2798 804 2922 849 sunt
2948 796 3000 850 in
3022 797 3280 865 Ecclesia,
3312 800 3477 857 Deum
3500 807 3779 877 confiteor,

2201 881 2292 935 sed
2318 897 2421 937 non
2446 882 2603 938 laudo
2627 884 3072 955 perturbationes,
3127 890 3417 949 seditiones
3444 911 3552 951 non
3577 902 3781 970 ample-

2199 981 2335 1027 ctor.
2359 973 2463 1028 Sed
2489 976 2796 1031 omittamus
2815 976 2925 1047 jam
2944 977 3057 1033 btec
3081 997 3094 1045 ;
3123 980 3371 1051 desinite,
3397 991 3778 1062 conquiescite,

2198 1063 2443 1118 cohibete
2479 1066 2707 1132 animos,
2742 1066 3006 1123 refrenate
3054 1069 3380 1130 iracundiam
3411 1095 3424 1131 :
3451 1079 3648 1137 suftlcit
3669 1083 3781 1154 jam

2198 1154 2339 1223 quod
2389 1155 2654 1211 laboravit
2684 1157 2940 1225 Ecclesia,
2975 1159 3095 1215 linis
3129 1162 3217 1228 sit.
3249 1164 3459 1223 desinat
3498 1173 3731 1229 turbatio
3764 1194 3779 1232 :

2200 1245 2299 1299 hoc
2333 1247 2475 1301 enim
2519 1256 2573 1302 et
2621 1249 2728 1304 Deo
2754 1250 3026 1320 placitum,
3056 1261 3109 1308 et
3142 1254 3380 1323 piissimo
3415 1264 3636 1333 principi
3686 1281 3781 1321 ac-

2196 1345 2406 1407 ceptum
2430 1348 2530 1393 est.
2571 1340 2793 1410 Oportet
2835 1343 2976 1397 enim
3006 1354 3059 1399 et
3097 1347 3310 1415 regibus
3338 1350 3573 1418 obedire,
3606 1359 3780 1414 maxi-

2196 1442 2282 1483 me
2307 1443 2428 1483 cum
2475 1438 2530 1484 et
2584 1430 2682 1500 ipsi
2716 1432 3085 1501 obtemperent
3128 1438 3502 1499 ecclesiasticis
3550 1445 3776 1517 legibus.

2197 1520 2333 1575 Dicit
2370 1523 2509 1576 enim
2530 1524 2838 1592 apostolus:
2870 1523 3194 1598 Principibus
3227 1524 3628 1597 etpotestatibus
3656 1540 3773 1594 sub-

2194 1611 2288 1663 dm'
2307 1621 2458 1666 estote
2485 1612 2619 1682 (Tit.
2645 1614 2697 1668 δ.
2724 1616 2747 1670 t
2784 1615 2822 1685 ).
2852 1615 3060 1683 Quanto
3080 1621 3248 1688 magis
3265 1623 3513 1692 religioso
3528 1610 3773 1700 principi,

2194 1708 2248 1755 et
2268 1715 2366 1770 pro
2387 1701 2622 1758 Ecclesia
2663 1704 2969 1761 laboranti?
3010 1707 3066 1762 Si
3089 1724 3215 1779 ergo
3239 1716 3528 1783 praeparavi
3570 1719 3776 1777 animos

2194 1802 2400 1848 vestros
2429 1793 2494 1849 ad
2543 1796 2936 1867 suscipiendam
2988 1798 3302 1870 legationem
3334 1820 3527 1875 meam,
3554 1811 3775 1882 recipito

2196 1883 2410 1940 fratrem
2441 1897 2681 1942 nostrum
2709 1888 3057 1944 Severianum
3079 1894 3409 1964 episcopum.
3435 1898 3613 1956 Habeo
3650 1918 3774 1973 gra-

2194 1975 2318 2029 tiam
2341 1976 2479 2046 quod
2508 1993 2808 2034 sermonem
2831 1996 3005 2036 meum
3034 1982 3276 2040 laudibus
3292 1994 3599 2060 prosequuti
3620 1996 3772 2051 estis.

2194 2065 2420 2121 Dedistis
2466 2068 2595 2123 mihi
2651 2068 2855 2125 fructus
2897 2072 3213 2129 obedientiae
3242 2094 3255 2130 :
3289 2093 3429 2134 nunc
3460 2096 3546 2136 me
3590 2097 3771 2141 semen

2193 2154 2389 2211 bonum
2413 2158 2649 2227 gratulor
2672 2160 2982 2218 seminasse.
3012 2164 3150 2220 Ecce
3166 2167 3305 2221 enim
3323 2171 3496 2225 statim
3520 2172 3772 2232 frumenti

2194 2248 2491 2317 manipulos
2518 2250 2785 2321 colligam.
2836 2252 3116 2309 Retribuat
3164 2257 3311 2312 vobis
3341 2260 3594 2318 Dominus
3636 2280 3775 2334 pra:-

2191 2336 2353 2390 mium
2395 2337 2755 2409 benignitatis,
2817 2350 2871 2397 et
2898 2343 3216 2401 obedientiae
3260 2351 3578 2408 mercedem.
3620 2353 3774 2412 Nunc

2191 2431 2333 2486 enim
2358 2446 2536 2490 veram
2565 2434 2791 2491 hostiam
2842 2440 2985 2507 pacis
3012 2440 3275 2498 obtulistis
3306 2445 3433 2513 Deo,
3464 2450 3587 2518 quia
3613 2466 3771 2507 nemo

2192 2522 2431 2578 turbatus
2473 2534 2555 2579 est
2601 2526 2783 2581 audito
2822 2526 2924 2583 hoc
2972 2533 3206 2595 nomine,
3267 2535 3360 2590 sed
3404 2552 3524 2594 cum
3548 2542 3769 2599 caritate

2190 2613 2493 2683 suscipitis;
2523 2615 2678 2669 simul
2705 2627 2763 2671 ut
2809 2633 3055 2675 sermone
3081 2620 3282 2692 loquuti
3322 2640 3525 2693 sumus,
3554 2645 3765 2687 omnem

2190 2718 2257 2757 ex
2298 2704 2475 2759 animo
2519 2703 2740 2776 fugastis
2796 2708 3146 2765 iracundiam.
3194 2712 3455 2786 Suscipite
3483 2734 3609 2790 ergo
3642 2737 3765 2778 eum

2190 2795 2347 2864 pleno
2376 2804 2609 2866 pectore,
2637 2800 2834 2869 apertis
2862 2816 2947 2854 ma
2989 2802 3125 2858 ibus.
3150 2803 3206 2859 Si
3234 2807 3359 2876 quid
3382 2809 3529 2865 triste
3555 2822 3763 2882 gestum

2190 2896 2293 2956 est,
2314 2890 2539 2945 omittite
2564 2907 2579 2957 ;
2607 2892 2727 2962 quia
2760 2892 2849 2948 ubi
2890 2902 3099 2965 tempus
3130 2898 3294 2967 pacis,
3325 2902 3622 2959 recordatio
3649 2905 3764 2960 dis-

2188 2979 2453 3036 sensionis
2494 2982 2633 3037 nulla
2658 2991 2758 3050 est,
2786 2994 2840 3039 ut
2871 2986 2939 3040 sit
2966 2987 3213 3055 gaudium
3244 2990 3295 3047 iu
3325 2992 3478 3061 caelo,
3512 2996 3762 3062 gaudium

2190 3071 2242 3125 in
2286 3082 2448 3142 terra,
2494 3074 2673 3129 laetitia
2711 3084 2766 3131 et
2792 3078 3077 3134 exsultatio
3127 3081 3417 3150 Spiritualis
3447 3085 3497 3139 in
3526 3085 3763 3144 Ecclesia

2190 3160 2303 3215 Dei.
2336 3162 2403 3216 Et
2431 3177 2644 3218 oremus
2673 3163 2741 3219 de
2785 3167 3006 3236 reliquo,
3040 3177 3097 3221 ut
3120 3171 3390 3237 paciﬁcam
3419 3173 3557 3231 Deus
3576 3190 3759 3235 custo~

2187 3250 2301 3307 dire
2326 3251 2571 3323 dignetur
2595 3254 2907 3321 Ecclesiam,
2939 3272 3124 3327 pacem
3169 3260 3325 3315 fixam
3373 3272 3428 3319 et
3450 3277 3758 3337 perpetuam

2187 3343 2334 3409 dare,
2383 3345 2434 3399 in
2472 3345 2683 3401 Christo
2730 3346 2857 3402 Jesu
2902 3348 3127 3404 Domino
3166 3361 3376 3422 nostro,
3406 3370 3653 3429 cumquo
3678 3373 3761 3416 est

2184 3434 2352 3503 gloria
2382 3434 2494 3491 Deo
2512 3434 2683 3503 Patri,
2720 3452 2823 3492 una
2849 3453 2969 3493 cum
3013 3438 3212 3510 Spiritu
3241 3455 3444 3513 sancto,
3480 3448 3530 3503 in
3555 3453 3754 3507 sarcula

2184 3524 2519 3577 saeculorum.
2550 3524 2739 3579 Amen.

454 3736 459 3777 ἰ
1396 3726 1663 3787 SERMO
1704 3728 1947 3790 IPSIUS
1990 3728 2417 3793 SEVERIANI
2456 3732 2562 3791 DE
2611 3731 2838 3807 PACE,

848 3882 985 3929 CUM
1011 3885 1354 3930 SUSCEP‘I‘US
1397 3887 1583 3932 ESSET
1632 3891 1670 3931 Δ
1714 3888 1920 3933 ΒΕΔΤΟ
1960 3890 2225 3949 JOANNE,
2272 3890 2564 3935 EPISCOPO
2606 3892 3371 3943 CONSTANTINOPOLITANO.

564 4001 622 4056 in
666 4005 895 4061 adventu
937 4007 1144 4064 Domini
1186 4019 1241 4064 et
1274 4009 1563 4065 Salvatoris
1608 4011 1777 4067 nostri
1818 4020 1978 4084 atque
2021 4013 2075 4067 in

496 4097 776 4162 prmsetttia
822 4097 937 4166 ejus
980 4102 1279 4168 corporali,
1340 4102 1514 4171 angeli
1568 4103 1824 4158 ducentes
1878 4104 2074 4159 choros

494 4182 737 4238 caelestes
775 4189 1207 4255 evangelizabant
1248 4192 1553 4258 pastoribus
1582 4232 1608 4257 ,ι
1639 4193 1878 4248 dicentes
1914 4212 1926 4248 :
1968 4195 2075 4248 An-

495 4272 780 4327 nuntiamus
806 4275 941 4329 vobis
962 4277 1110 4331 hodie
1137 4280 1377 4347 gaudium
1398 4297 1635 4351 magnum
1658 4283 1793 4352 quod
1813 4284 1907 4337 erit
1936 4285 2074 4337 omni

494 4362 683 4430 populo
718 4361 864 4434 (Luc.
891 4363 944 4417 2.
982 4365 1047 4420 10
1072 4368 1111 4436 ).
1154 4367 1235 4422 Ab
1274 4368 1402 4439 ipsis
1443 4371 1586 4423 enim
1629 4372 1828 4427 sanctis
1868 4374 2073 4442 angelis

491 4451 653 4505 etiam
678 4454 901 4508 mutuati
934 4470 1029 4510 nos
1058 4470 1243 4512 vocem
1270 4499 1284 4526 ,
1325 4459 1700 4517 annuntiamus
1735 4462 1886 4517 vobis
1914 4464 2071 4521 hodie

488 4543 735 4611 gaudium
763 4560 1033 4615 magnum.
1076 4547 1243 4604 Hodie
1268 4550 1408 4604 enim
1441 4551 1493 4605 in
1526 4566 1653 4621 pace
1685 4554 1922 4609 Ecclesia
1950 4566 2067 4623 est,

496 4640 551 4686 et
578 4631 812 4690 hmretici
835 4635 885 4689 in
910 4636 1007 4690 ira.
1043 4636 1211 4693 Hodie
1238 4638 1492 4695 Ecclesia:
1517 4643 1667 4698 navis
1692 4644 1745 4697 in
1774 4656 1927 4713 portu
1950 4654 2066 4714 est,

489 4732 542 4775 et
562 4722 928 4781 haereticorum
953 4726 1097 4783 furor
1115 4728 1340 4799 jactatur
1358 4733 1408 4785 in
1427 4732 1684 4789 fluctibus.
1700 4734 1868 4790 Hodie
1888 4745 2069 4806 pasto-

488 4827 577 4867 res
604 4813 857 4871 Ecclesiae
880 4818 934 4871 in
956 4821 1241 4875 securitate
1264 4861 1279 4886 ,
1302 4831 1357 4876 et
1378 4821 1615 4878 hatretici
1642 4825 1693 4878 in
1712 4826 2070 4895 perturbatio-

489 4916 555 4956 ne
584 4915 726 4958 sunt.
754 4906 921 4962 Hodie
957 4924 1084 4965 oves
1133 4912 1337 4967 Domini
1380 4913 1435 4967 in
1478 4921 1629 4981 tuto,
1674 4925 1728 4970 et
1764 4916 1873 4986 lupi
1921 4917 2066 4973 insa-

486 4990 660 5047 niunt.
688 4992 855 5049 Hodie
879 4996 1032 5052 vinea
1056 5000 1264 5055 Domini
1295 5002 1346 5056 in
1368 5002 1689 5057 abundantia
1711 5046 1724 5071 ,
1754 5014 1807 5060 et
1834 5009 2065 5076 operarii

486 5080 780 5151 iniquitatis
804 5084 857 5138 in
884 5089 1111 5156 egentia.
1140 5089 1308 5145 Hodie
1334 5093 1561 5162 populus
1589 5094 1783 5150 Christi
1804 5096 2064 5154 exaltatus

482 5178 569 5226 est
590 5212 606 5236 ,
632 5183 687 5227 et
714 5174 911 5229 inimici
940 5178 1181 5233 veritatis
1220 5180 1481 5239 humiliati
1524 5194 1668 5240 sunt.
1715 5188 1881 5243 Hodie
1906 5188 2066 5245 Citri-

484 5270 599 5317 stus
628 5262 682 5316 in
710 5262 889 5319 laetitia
914 5306 929 5332 ,
968 5276 1021 5321 et
1057 5266 1303 5323 diabolus
1339 5271 1393 5324 in
1420 5272 1582 5327 luctu.
1613 5276 1780 5332 Hodie
1809 5280 1978 5348 angeli
2009 5280 2061 5333 in

484 5350 835 5409 exsultatione
859 5396 874 5421 ,
893 5365 948 5409 et
971 5356 1242 5415 daemones
1268 5359 1324 5414 in
1342 5361 1671 5420 confusione.
1693 5366 1761 5420 Et
1779 5368 1902 5437 quid
1929 5384 2061 5438 apus

482 5445 565 5491 est
590 5440 753 5495 multa
781 5442 1001 5499 dicere?
1027 5445 1195 5501 Hodie
1220 5446 1482 5517 Christus,
1505 5453 1595 5520 qui
1624 5461 1705 5507 est
1729 5455 1841 5510 Rex
1870 5458 2016 5526 pacis
2041 5501 2055 5525 ,

481 5539 603 5580 eum
632 5542 724 5583 sua
754 5545 883 5602 pace
919 5536 1215 5604 procedens
1239 5578 1254 5603 ,
1300 5538 1495 5608 fugavit
1537 5555 1696 5598 omne
1737 5544 2012 5602 dissidium
2039 5588 2054 5612 ,

485 5612 839 5678 dissensiones
859 5621 1061 5694 depulit
1083 5667 1098 5694 ,
1119 5625 1439 5688 discordiam
1461 5632 1805 5704 perturbavit.
1833 5635 1899 5693 Et
1918 5638 2054 5695 sicut

2181 4012 2376 4066 caelum
2406 4012 2657 4082 splendor
2685 4014 2817 4069 solis
2842 4055 2856 4079 ,
2890 4015 2960 4070 ita
2993 4016 3287 4073 Ecclesiam
3319 4020 3490 4093 fulgor
3524 4028 3751 4095 pacisil-

2176 4107 2419 4160 luminat.
2461 4106 2505 4161 Ο
2547 4122 2705 4177 quam
2745 4108 3096 4166 desiderabile
3140 4127 3335 4169 nomen
3376 4119 3556 4185 pacis,
3594 4136 3752 4190 quam

2176 4197 2450 4266 religionis
2478 4197 2791 4253 Christiana:
2816 4200 3002 4256 stabile
3027 4201 3420 4261 fundamentum
3446 4250 3460 4274 ,
3493 4218 3545 4263 et
3569 4212 3754 4269 altaris

2179 4286 2432 4341 dominici
2469 4288 2701 4343 cazlestis
2735 4294 3037 4347 armatura!
3086 4293 3151 4348 Et
3210 4295 3335 4365 quid
3365 4312 3648 4367 possumus
3685 4303 3754 4357 tle

2176 4390 2308 4445 pace
2332 4377 2617 4446 proloqui?
2646 4379 2752 4433 Pax
2795 4396 2991 4438 nomen
3029 4394 3112 4438 est
3152 4384 3317 4454 ipsius
3354 4386 3546 4443 Christi
3570 4432 3585 4456 ,
3616 4394 3756 4447 sicut

2177 4466 2303 4521 dicit
2355 4476 2410 4522 et
2451 4470 2725 4539 apostolus
2760 4489 2773 4525 :
2827 4473 2959 4540 Quia
3008 4474 3238 4531 Christus
3282 4495 3385 4548 pax
3422 4491 3626 4546 nostra,
3666 4484 3755 4551 qui

2176 4557 2296 4626 fecit
2322 4566 2531 4628 utraque
2557 4575 2710 4613 unum
2742 4559 2761 4630 (
2781 4560 2971 4630 Ephes.
2998 4564 3053 4617 2.
3080 4566 3146 4620 H
3170 4568 3209 4634 ),
3255 4583 3374 4637 qua:
3417 4584 3751 4641 nequaquam

2176 4646 2320 4713 fide,
2376 4648 2468 4702 sed
2520 4648 2715 4704 invidia
2761 4650 2956 4707 diaboli
2998 4654 3342 4711 dissidebant.
3377 4658 3574 4715 Verum
3614 4663 3752 4718 sicut

2175 4739 2499 4807 procedente
2524 4755 2651 4811 rege
2673 4750 2727 4796 et
2752 4744 2938 4812 plateae
2964 4746 3284 4803 mundantur
3308 4790 3323 4815 ,
3350 4759 3403 4804 et
3426 4759 3530 4805 tota
3562 4752 3749 4809 civitas

2172 4829 2401 4886 diversis
2429 4830 2647 4888 ﬂoribus
2675 4844 2729 4889 et
2755 4837 3027 4891 ornatibus
3054 4850 3371 4909 coronatur,
3412 4851 3469 4897 ut
3510 4844 3638 4899 nihil
3679 4847 3750 4900 sit

2171 4923 2313 4992 quod
2361 4925 2538 4979 minus
2580 4925 2796 4998 dignum
2839 4929 3005 4984 vultui
3051 4932 3192 5002 regis
3232 4944 3528 5005 appareat:
3578 4938 3649 4993 ita
3692 4950 3748 4995 et

2170 5028 2313 5069 nunc
2342 5014 2662 5084 procedente
2700 5016 2912 5073 Christo
2934 5061 2950 5087 ,
2997 5020 3143 5091 Rege
3182 5026 3326 5092 pacis
3349 5066 3364 5090 ,
3404 5041 3564 5084 omne
3604 5031 3745 5099 quod

2169 5105 2320 5159 triste
2350 5117 2430 5162 est
2454 5147 2467 5171 ,
2499 5108 2769 5163 auferatur
2787 5125 2819 5164 e
2847 5111 3021 5166 medio
3039 5154 3054 5179 ,
3082 5123 3136 5167 et
3164 5115 3502 5174 illucescente
3522 5122 3745 5177 veritate

2166 5193 2374 5264 fugetur
2414 5196 2748 5252 mendacium
2798 5218 2813 5253 :
2858 5199 3019 5270 fugiat
3084 5202 3387 5274 discordia,
3432 5210 3742 5278 resplendc~

2167 5293 2350 5337 scente
2377 5286 2679 5341 concordia.
2712 5288 2780 5342 Et
2823 5290 2958 5345 sicut
3000 5291 3303 5364 frequenter
3319 5296 3433 5353 fieri
3472 5300 3698 5356 vidimus
3724 5346 3739 5367 ,

2166 5373 2252 5427 ubi
2281 5389 2463 5443 reg-um
2492 5376 2577 5430 vel
2601 5375 2824 5432 fratrum
2854 5380 3043 5437 tabulae
3068 5385 3354 5455 pinguntur
3378 5430 3392 5453 ,
3425 5398 3482 5444 ut
3506 5392 3557 5444 in
3583 5394 3740 5447 utris-

2163 5478 2267 5531 que
2295 5466 2659 5522 unanimitalis
2698 5469 3032 5526 declarentur
3060 5475 3283 5545 insignia
3308 5519 3323 5544 ,
3363 5479 3546 5534 artifex
3598 5482 3742 5549 picto

2163 5552 2394 5610 femineo
2423 5555 2605 5612 habitu
2648 5569 2767 5628 post
2808 5569 3010 5632 tergum
3048 5565 3357 5636 utriusque,
3397 5572 3738 5627 concordiam

2159 5644 2379 5712 statuit,
2424 5645 2651 5704 brachiis
2692 5650 2800 5707 suis
2828 5662 3108 5722 utrumque
3138 5658 3608 5727 complectentem,
3655 5665 3738 5718 in-
