4100 6196
277 254 396 311 £27
882 262 968 317 DE
1006 260 1223 317 RECIP.
1265 260 1508 317 SEVER.
1555 258 1641 314 ET
1679 254 1907 312 SEllMO
1947 255 2162 314 IPSIUS
2198 257 2567 315 SEVERIANI
2610 257 2697 311 DE
2739 255 2937 311 PACE.
3430 259 3531 316 4‘18

276 370 465 430 dicatis
494 363 639 436 quod
663 364 720 420 hi
739 365 827 435 qui
850 364 1095 419 videntur
1114 361 1427 434 corporibus
1452 362 1678 431 separati
1703 402 1718 429 ,
1744 376 1866 416 sen-

279 458 469 512 tentiis
493 466 549 511 ct
573 455 845 511 voluntate
870 455 1189 511 conveniant
1219 472 1232 509 :
1266 454 1335 508 ita
1361 468 1503 508 nunc
1529 468 1627 523 pax
1658 454 1864 509 Domini

274 548 457 603 media
487 544 748 601 assistens
771 587 789 613 ,
824 553 878 601 et
903 556 1187 614 utrumque
1227 553 1467 599 nostrum
1505 544 1707 612 gremio
1748 544 1865 612 pal-

276 648 446 711 pante
472 645 798 693 connectens
824 678 840 703 ,
870 637 1097 692 discreta
1120 651 1342 706 corpora
1386 636 1438 690 in
1474 650 1653 693 unum.
1672 650 1866 690 conve-

271 732 399 787 nire
426 730 664 785 animum
687 768 704 795 ,
735 729 874 784 ulnis
914 729 1257 799 jungentibus
1283 726 1459 782 docet.
1501 726 1556 781 in
1600 741 1703 795 qua
1748 726 1865 781 sine

271 822 450 878 dubio
496 820 791 890 completur
830 834 1006 875 sermo
1055 818 1435 888 propheticus,
1480 817 1572 887 qui
1620 817 1691 869 ait
1730 835 1743 871 :
1797 816 1865 870 Et

269 916 379 969 erit
407 913 670 969 consilium
710 912 977 981 paciﬁcum
1005 911 1135 965 inter
1159 920 1390 979 utrosque
1424 908 1617 982 (Zach.
1647 906 1700 962 6.
1732 908 1798 962 15
1818 906 1861 980 ).

276 1004 355 1061 Ει
386 1006 633 1061 hesterno
653 1002 868 1074 quidem
893 1002 979 1057 die
1006 1010 1154 1071 pater
1182 1011 1362 1056 noster
1382 1000 1680 1054 communis
1703 1014 1864 1055 evan-

275 1095 455 1167 gelica
484 1109 670 1165 pacem
695 1107 943 1149 sermone
970 1093 1219 1162 praelatus
1244 1101 1326 1147 est
1350 1109 1364 1146 :
1403 1090 1560 1146 hodie
1598 1106 1726 1146 vero
1767 1106 1864 1146 nos

279 1185 441 1241 verba
470 1184 616 1254 pacis
639 1198 987 1253 exponamus.
1014 1182 1133 1251 Ipse
1170 1196 1265 1236 nos
1296 1181 1409 1236 heri
1448 1181 1709 1250 resupinis
1749 1195 1864 1234 ma-

282 1275 442 1330 nibus
474 1275 528 1329 in
556 1274 718 1329 verbo
742 1272 888 1344 pacis
916 1272 1167 1341 excepit,
1211 1280 1266 1326 et
1305 1286 1406 1327 nos
1447 1271 1607 1327 hodie
1648 1271 1865 1327 dilatato

278 1376 501 1438 pectore
525 1407 541 1429 ,
570 1364 817 1435 uinisque
842 1363 1142 1433 patentibus
1169 1361 1235 1417 ad
1268 1362 1546 1417 Dominum
1582 1377 1704 1417 cum
1744 1377 1863 1416 mu-

280 1456 504 1512 neribus
534 1455 682 1525 pacis
708 1468 1072 1509 occurramus.
1103 1452 1219 1508 Jam
1249 1452 1383 1508 bella
1409 1453 1675 1508 destructa
1702 1461 1819 1507 sunt
1847 1494 1862 1518 ,

280 1545 626 1619 pulchritudo
657 1545 799 1614 pacis
824 1543 1070 1599 obtinuit.
1116 1542 1265 1599 Nunc
1300 1542 1351 1597 in
1397 1542 1543 1599 luctu
1570 1551 1652 1598 est
1676 1542 1861 1598 diabo-

276 1639 389 1704 lus,
417 1638 538 1693 etin
568 1635 946 1691 lamentatione
971 1634 1145 1688 omnis
1170 1633 1466 1689 daemonum
1494 1642 1698 1700 turma;
1724 1647 1866 1688 nunc

286 1729 347 1786 in
376 1728 673 1784 caelestibus
700 1726 880 1780 laetitia
905 1766 921 1793 ,
947 1736 1002 1780 et
1025 1727 1077 1778 in
1098 1724 1302 1795 angelis
1322 1724 1606 1778 exsultatio
1627 1766 1643 1790 ,
1674 1724 1866 1793 quibus

288 1818 544 1889 specialis
572 1816 845 1871 familiaris
874 1830 995 1886 pax.
1029 1815 1140 1871 Hoc
1162 1815 1303 1869 enim
1328 1815 1485 1869 etiam
1507 1814 1747 1870 cmlestcs
1773 1814 1865 1869 ad-

298 1912 561 1964 mirantur
587 1908 802 1962 virtutes
825 1921 960 1976 opus
981 1947 997 1973 ,
1027 1921 1155 1977 quas
1180 1903 1299 1960 fons
1329 1907 1445 1975 ejus
1487 1904 1645 1960 habet
1670 1921 1861 1975 perenv

296 2000 421 2064 nis,
450 2014 515 2054 ex
540 2012 641 2068 quo
664 1998 821 2053 etiam
848 2006 1057 2052 terrena
1098 1996 1213 2051 hazc
1237 2003 1416 2051 nostra
1444 1996 1602 2065 guttis
1643 1996 1861 2066 quibus-

285 2091 417 2146 dam
479 2088 671 2144 exinde
702 2088 1022 2145 stillantibus
1061 2089 1371 2143 irrorantur.
1411 2088 1477 2143 Et
1514 2088 1633 2144 ideo
1661 2089 1865 2143 etiamsi

289 2184 346 2236 iu
378 2181 537 2237 terris
566 2195 669 2253 pax
696 2222 709 2250 ,
740 2180 910 2237 laudis
935 2180 1050 2250 ejus
1088 2179 1337 2251 splendor
1363 2180 1624 2237 redundat
1666 2181 1718 2236 in
1758 2196 1864 2236 cm-

1978 363 2087 417 lum
2115 405 2130 431 ,
2156 360 2371 419 laudant
2396 378 2512 419 eam
2538 363 2779 419 czelestes
2802 364 2975 434 angeli
3000 403 3016 430 ,
3043 372 3098 420 et
3121 364 3302 422 dicunt
3327 385 3340 422 :
3373 354 3546 426 Gloria

1972 455 2025 507 in
2054 456 2259 510 excelsis
2285 455 2393 511 Deo
2417 496 2433 520 ,
2461 465 2508 510 et
2541 457 2594 510 in
2622 466 2756 511 terra
2780 472 2881 525 pax
2905 456 3185 512 hominibus
3209 458 3353 514 bona
3372 461 3548 515 volun-

1974 546 2091 599 tatis
2122 545 2290 614 (Luc.
2316 547 2370 601 2.
2400 548 2467 603 M
2507 548 2547 618 ).
2595 545 2755 601 Vides
2796 545 3062 617 quomodo
3099 549 3340 606 caelestes
3362 564 3549 608 omnes

1971 642 2027 688 et
2076 645 2356 691 terrestres
2392 637 2617 692 invicem
2662 636 2761 692 sibi
2806 652 3025 693 munera
3073 639 3218 707 pacis
3256 641 3552 699 emittunt!

1972 725 2224 781 Caalestes
2272 727 2443 796 angeli
2484 741 2670 797 pacem
2713 727 2869 782 terris
2907 728 3256 796 annuntiant,
3297 733 3465 786 sancti
3498 733 3549 787 in

1970 814 2127 868 terris
2153 814 2423 870 Christum
2447 856 2463 882 ,
2493 816 2583 886 qui
2608 824 2692 871 est
2732 830 2834 884 pax
2872 824 3053 871 nostra
3079 858 3097 884 ,
3143 818 3448 874 coliaudant
3498 821 3550 877 in

1969 906 2271 962 cmlestibus
2312 907 2580 977 positum,
2623 916 2679 962 et
2721 908 2956 980 mysticis
2996 909 3175 964 choris
3215 908 3511 967 acciamant
3535 955 3551 974 .

1975 994 2192 1050 Osanna
2236 999 2293 1050 in
2328 997 2541 1051 excelsis
2573 996 2789 1065 (Matth.
2820 996 2910 1050 21.
2948 999 3026 1067 9).
3058 999 3313 1057 Dicamus
3334 1015 3463 1074 ergo
3497 1011 3552 1061 εἰ

1969 1100 2089 1151 nos,
2117 1084 2299 1140 Gloria
2329 1088 2383 1139 in
2406 1085 2682 1139 altissimis
2720 1085 2845 1150 Deo,
2882 1087 2975 1154 qui
3011 1087 3314 1144 httmiliavit
3352 1091 3545 1145 diabo-

1970 1176 2080 1230 lum
2108 1218 2122 1244 ,
2151 1184 2205 1232 et
2232 1176 2485 1231 exaltavit
2512 1176 2780 1231 Christum
2805 1191 2977 1232 suum.
3010 1176 3185 1232 Gloria
3206 1178 3260 1231 in
3286 1179 3544 1235 altissimis

1970 1264 2078 1319 Deo
2102 1305 2116 1330 ,
2146 1266 2234 1335 qui
2265 1265 2588 1321 discordiam
2628 1265 2814 1337 fugat,
2857 1275 2911 1321 et
2952 1281 3135 1336 pacem
3177 1268 3381 1326 statuit.
3419 1268 3545 1325 Dico

1972 1355 2115 1409 enim
2142 1355 2292 1409 vobis
2316 1364 2482 1409 artem
2513 1355 2745 1422 diaboli,
2773 1355 2924 1426 cujus
2960 1371 3135 1427 neque
3160 1370 3255 1412 vos
3299 1358 3544 1414 astutiam

1972 1446 2245 1517 ignoratis.
2273 1445 2417 1503 Vidit
2439 1455 2652 1504 satanas
2686 1449 2985 1504 ﬁrmitatem
3016 1449 3137 1504 fidei
3163 1490 3179 1516 ,
3208 1450 3547 1507 stabilitatem

1971 1537 2025 1592 in
2053 1551 2113 1590 ea
2148 1537 2343 1606 pietate
2371 1538 2672 1610 dogmatum
2699 1548 2902 1610 septem
2924 1581 2939 1606 ,
2972 1540 3102 1594 vidit
3120 1549 3173 1596 et
3196 1555 3419 1611 operum
3448 1542 3545 1596 bo-

1971 1642 2160 1684 norum
2186 1627 2444 1685 fructibus
2468 1629 2820 1686 abundantem
2853 1650 2866 1685 :
2897 1640 2952 1685 et
2991 1629 3112 1686 ideo
3138 1644 3234 1701 pro
3263 1630 3348 1687 his
3373 1632 3546 1686 omni-

1970 1720 2071 1775 bus
2099 1719 2165 1775 ad
2195 1720 2454 1776 insaniam
2482 1721 2667 1784 venit,
2716 1728 2772 1775 et
2811 1719 2959 1776 rabie
2997 1720 3191 1776 furoris
3227 1722 3461 1784 exarsit,
3490 1732 3549 1775 ttt

1971 1811 2240 1867 scinderet
2276 1812 2561 1866 amicitiam
2607 1820 2661 1866 ct
2701 1812 2951 1867 evelleret
2990 1813 3266 1869 caritatem
3292 1854 3307 1879 ,
3339 1823 3397 1869 ut
3434 1813 3546 1868 dis-

1973 1910 2242 1970 rumperet
2269 1916 2451 1970 pacem
2479 1919 2491 1955 :
2521 1901 2612 1955 sed
2642 1915 2741 1970 pax
2768 1901 2978 1955 Domini
3003 1916 3214 1971 semper
3253 1902 3325 1958 sit
3362 1901 3545 1957 nobis-

1970 2004 2090 2044 cum
2114 2030 2129 2056 ,
2182 1991 2235 2043 in
2265 1988 2474 2044 Christo
2503 1987 2628 2044 Jesu
2658 1988 2883 2043 Domino
2924 1998 3106 2044 nostro
3128 2029 3143 2055 ,
3184 2003 3303 2043 cum
3333 2002 3439 2058 quo
3465 1997 3545 2043 est

1973 2075 2083 2136 Deo
2110 2080 2255 2137 Patri
2275 2088 2329 2137 et
2348 2079 2565 2153 Spiritui
2595 2088 2782 2137 sancto
2810 2080 2976 2152 gloria
3011 2079 3063 2136 iu
3098 2080 3289 2137 stccula
3318 2080 3543 2137 sarculo-

1976 2189 2116 2230 rum.
2146 2172 2338 2231 Amen.
