  <div class='ocr_page' id='page_1' title='image "/cluster/home/n/w/nwhite01/storage/ocr_20150623/52/hvd.32044073501918/051.png"; bbox 0 0 4100 6196; ppageno 0'>
   <div class='ocr_carea' id='block_1_1' title="bbox 462 265 590 320">
    <p class='ocr_par' dir='ltr' id='par_1_1' title="bbox 462 265 590 320">
     <span class='ocr_line' id='line_1_1' title="bbox 462 265 590 320; baseline -0.031 1"><span class='ocrx_word' id='word_1_1' title='bbox 462 265 590 320; x_wconf 63' lang='grc' dir='ltr'><strong>ωῗ*</strong></span> 
     </span>
    </p>
   </div>
   <div class='ocr_carea' id='block_1_2' title="bbox 469 502 544 528">
    <p class='ocr_par' dir='ltr' id='par_1_2' title="bbox 469 502 544 528">
     <span class='ocr_line' id='line_1_2' title="bbox 470 502 528 511; baseline -0.017 0"><span class='ocrx_word' id='word_1_2' title='bbox 470 502 528 511; x_wconf 67' lang='grc'><strong>..-</strong></span> 
     </span>
     <span class='ocr_line' id='line_1_3' title="bbox 469 516 544 528; baseline -0.013 -3"><span class='ocrx_word' id='word_1_3' title='bbox 469 516 544 528; x_wconf 75' lang='grc'><strong>..-</strong></span> 
     </span>
    </p>
   </div>
   <div class='ocr_carea' id='block_1_3' title="bbox 1153 246 3008 318">
    <p class='ocr_par' dir='ltr' id='par_1_3' title="bbox 1153 246 3008 318">
     <span class='ocr_line' id='line_1_4' title="bbox 1153 246 3008 318; baseline -0.008 0"><span class='ocrx_word' id='word_1_4' title='bbox 1153 264 1210 318; x_wconf 89' lang='lat' dir='ltr'><strong>S.</strong></span> <span class='ocrx_word' id='word_1_5' title='bbox 1254 259 1540 316; x_wconf 76' lang='lat' dir='ltr'><strong>JOANNIS</strong></span> <span class='ocrx_word' id='word_1_6' title='bbox 1572 254 2062 312; x_wconf 78' lang='lat' dir='ltr'><strong>CHRYSOSTOMI</strong></span> <span class='ocrx_word' id='word_1_7' title='bbox 2104 252 2419 310; x_wconf 79' lang='lat' dir='ltr'><strong>ARCIIIEP.</strong></span> <span class='ocrx_word' id='word_1_8' title='bbox 2461 246 3008 307; x_wconf 78' lang='lat' dir='ltr'><strong>CONSTANTINOP.</strong></span> 
     </span>
    </p>
   </div>
   <div class='ocr_carea' id='block_1_4' title="bbox 3564 246 3702 304">
    <p class='ocr_par' dir='ltr' id='par_1_4' title="bbox 3564 246 3702 304">
     <span class='ocr_line' id='line_1_5' title="bbox 3564 246 3702 304; baseline 0.043 -6"><span class='ocrx_word' id='word_1_9' title='bbox 3564 246 3702 304; x_wconf 63' lang='grc'><strong>423*</strong></span> 
     </span>
    </p>
   </div>
   <div class='ocr_carea' id='block_1_5' title="bbox 1079 991 3105 1067">
    <p class='ocr_par' dir='ltr' id='par_1_5' title="bbox 1079 991 3105 1067">
     <span class='ocr_line' id='line_1_6' title="bbox 1079 991 3105 1067; baseline -0.001 -12"><span class='ocrx_word' id='word_1_10' title='bbox 1079 993 1428 1056; x_wconf 82' lang='lat' dir='ltr'><strong>MONITUM</strong></span> <span class='ocrx_word' id='word_1_11' title='bbox 1468 995 1550 1058; x_wconf 87' lang='lat' dir='ltr'><strong>IN</strong></span> <span class='ocrx_word' id='word_1_12' title='bbox 1595 994 2050 1067; x_wconf 84' lang='lat' dir='ltr'><strong>SEQUENTEM</strong></span> <span class='ocrx_word' id='word_1_13' title='bbox 2092 993 2619 1057; x_wconf 82' lang='lat' dir='ltr'><strong>CHRYSOSTOMI</strong></span> <span class='ocrx_word' id='word_1_14' title='bbox 2658 991 3105 1053; x_wconf 81' lang='lat' dir='ltr'><strong>ORATIONEM</strong></span> 
     </span>
    </p>
   </div>
   <div class='ocr_carea' id='block_1_6' title="bbox 543 1365 3715 1448">
    <p class='ocr_par' dir='ltr' id='par_1_6' title="bbox 543 1365 3715 1448">
     <span class='ocr_line' id='line_1_7' title="bbox 543 1365 3715 1448; baseline -0.001 -16"><span class='ocrx_word' id='word_1_15' title='bbox 543 1382 599 1433; x_wconf 86' lang='lat' dir='ltr'><strong>In</strong></span> <span class='ocrx_word' id='word_1_16' title='bbox 631 1385 906 1448; x_wconf 82' lang='lat' dir='ltr'><strong>postrema</strong></span> <span class='ocrx_word' id='word_1_17' title='bbox 933 1372 1138 1430; x_wconf 84' lang='lat' dir='ltr'><strong>Morelli</strong></span> <span class='ocrx_word' id='word_1_18' title='bbox 1165 1371 1415 1428; x_wconf 87' lang='lat' dir='ltr'><strong>Editione</strong></span> <span class='ocrx_word' id='word_1_19' title='bbox 1441 1371 1509 1426; x_wconf 87' lang='lat' dir='ltr'><strong>ad</strong></span> <span class='ocrx_word' id='word_1_20' title='bbox 1534 1369 1736 1425; x_wconf 82' lang='lat' dir='ltr'><strong>calcem</strong></span> <span class='ocrx_word' id='word_1_21' title='bbox 1767 1366 1921 1423; x_wconf 83' lang='lat' dir='ltr'><strong>Tomi</strong></span> <span class='ocrx_word' id='word_1_22' title='bbox 1970 1365 2152 1436; x_wconf 87' lang='lat' dir='ltr'><strong>quarti</strong></span> <span class='ocrx_word' id='word_1_23' title='bbox 2201 1366 2343 1422; x_wconf 88' lang='lat' dir='ltr'><strong>edita</strong></span> <span class='ocrx_word' id='word_1_24' title='bbox 2387 1366 2490 1424; x_wconf 80' lang='lat' dir='ltr'><strong>fuit</strong></span> <span class='ocrx_word' id='word_1_25' title='bbox 2538 1366 2729 1423; x_wconf 91' lang='lat' dir='ltr'><strong>Oratio</strong></span> <span class='ocrx_word' id='word_1_26' title='bbox 2768 1365 3146 1439; x_wconf 80' lang='lat' dir='ltr'><strong>Chrysostomi</strong></span> <span class='ocrx_word' id='word_1_27' title='bbox 3195 1377 3487 1439; x_wconf 75' lang='lat' dir='ltr'><strong>antequam</strong></span> <span class='ocrx_word' id='word_1_28' title='bbox 3521 1370 3625 1427; x_wconf 89' lang='lat' dir='ltr'><strong>iret</strong></span> <span class='ocrx_word' id='word_1_29' title='bbox 3658 1373 3715 1428; x_wconf 89' lang='lat' dir='ltr'><strong>in</strong></span> 
     </span>
    </p>
   </div>
   <div class='ocr_carea' id='block_1_7' title="bbox 475 1505 3718 1586">
    <p class='ocr_par' dir='ltr' id='par_1_7' title="bbox 475 1505 3718 1586">
     <span class='ocr_line' id='line_1_8' title="bbox 475 1505 3718 1586; baseline 0 -18"><span class='ocrx_word' id='word_1_30' title='bbox 475 1516 748 1581; x_wconf 81' lang='lat' dir='ltr'><strong>exsilium,</strong></span> <span class='ocrx_word' id='word_1_31' title='bbox 785 1516 850 1570; x_wconf 90' lang='lat' dir='ltr'><strong>ad</strong></span> <span class='ocrx_word' id='word_1_32' title='bbox 882 1513 1141 1586; x_wconf 83' lang='lat' dir='ltr'><strong>populum</strong></span> <span class='ocrx_word' id='word_1_33' title='bbox 1181 1512 1388 1580; x_wconf 89' lang='lat' dir='ltr'><strong>habita,</strong></span> <span class='ocrx_word' id='word_1_34' title='bbox 1427 1527 1494 1568; x_wconf 82' lang='lat' dir='ltr'><strong>ex</strong></span> <span class='ocrx_word' id='word_1_35' title='bbox 1524 1507 1648 1566; x_wconf 78' lang='lat' dir='ltr'><strong>Vita</strong></span> <span class='ocrx_word' id='word_1_36' title='bbox 1691 1508 2069 1582; x_wconf 85' lang='lat' dir='ltr'><strong>Chrysostomi</strong></span> <span class='ocrx_word' id='word_1_37' title='bbox 2108 1523 2202 1579; x_wconf 92' lang='lat' dir='ltr'><strong>per</strong></span> <span class='ocrx_word' id='word_1_38' title='bbox 2245 1506 2536 1580; x_wconf 81' lang='lat' dir='ltr'><strong>Georgium</strong></span> <span class='ocrx_word' id='word_1_39' title='bbox 2584 1505 3014 1564; x_wconf 79' lang='lat' dir='ltr'><strong>Alexandrinum</strong></span> <span class='ocrx_word' id='word_1_40' title='bbox 3060 1519 3347 1580; x_wconf 83' lang='lat' dir='ltr'><strong>excerpta,</strong></span> <span class='ocrx_word' id='word_1_41' title='bbox 3381 1526 3534 1581; x_wconf 65' lang='lat' dir='ltr'><strong>quae,</strong></span> <span class='ocrx_word' id='word_1_42' title='bbox 3569 1514 3718 1583; x_wconf 82' lang='lat' dir='ltr'><strong>quod</strong></span> 
     </span>
    </p>
   </div>
   <div class='ocr_carea' id='block_1_8' title="bbox 479 1644 2128 1720">
    <p class='ocr_par' dir='ltr' id='par_1_8' title="bbox 479 1645 2128 1720">
     <span class='ocr_line' id='line_1_9' title="bbox 479 1645 2128 1720; baseline -0.004 -13"><span class='ocrx_word' id='word_1_43' title='bbox 479 1657 688 1720; x_wconf 80' lang='lat' dir='ltr'><strong>spectat</strong></span> <span class='ocrx_word' id='word_1_44' title='bbox 711 1649 778 1703; x_wconf 91' lang='lat' dir='ltr'><strong>ad</strong></span> <span class='ocrx_word' id='word_1_45' title='bbox 813 1647 1092 1704; x_wconf 79' lang='lat' dir='ltr'><strong>dimidiam</strong></span> <span class='ocrx_word' id='word_1_46' title='bbox 1120 1647 1360 1718; x_wconf 84' lang='lat' dir='ltr'><strong>priorem</strong></span> <span class='ocrx_word' id='word_1_47' title='bbox 1384 1654 1593 1717; x_wconf 89' lang='lat' dir='ltr'><strong>partem</strong></span> <span class='ocrx_word' id='word_1_48' title='bbox 1622 1647 1691 1702; x_wconf 85' lang='lat' dir='ltr'><strong>ad</strong></span> <span class='ocrx_word' id='word_1_49' title='bbox 1718 1645 1834 1700; x_wconf 70' lang='lat' dir='ltr'><strong>haec</strong></span> <span class='ocrx_word' id='word_1_50' title='bbox 1879 1660 2052 1714; x_wconf 89' lang='lat' dir='ltr'><strong>usque</strong></span> <span class='ocrx_word' id='word_1_51' title='bbox 2081 1660 2128 1700; x_wconf 79' lang='lat' dir='ltr'><strong>Vt</strong></span> 
     </span>
    </p>
   </div>
   <div class='ocr_carea' id='block_1_9' title="bbox 2170 1644 3716 1720">
    <p class='ocr_par' dir='ltr' id='par_1_9' title="bbox 2170 1644 3716 1718">
     <span class='ocr_line' id='line_1_10' title="bbox 2170 1644 3716 1718; baseline 0.003 -17"><span class='ocrx_word' id='word_1_52' title='bbox 2170 1645 2268 1713; x_wconf 47' lang='lat' dir='ltr'><strong>’ba,</strong></span> <span class='ocrx_word' id='word_1_53' title='bbox 2294 1644 2409 1698; x_wconf 83' lang='grc' dir='ltr'><strong>ἀλλ’</strong></span> <span class='ocrx_word' id='word_1_54' title='bbox 2447 1647 2559 1716; x_wconf 85' lang='grc' dir='ltr'><strong>ὁρῶ</strong></span> <span class='ocrx_word' id='word_1_55' title='bbox 2606 1648 2718 1710; x_wconf 84' lang='grc' dir='ltr'><strong>τοῖς</strong></span> <span class='ocrx_word' id='word_1_56' title='bbox 2736 1646 2978 1716; x_wconf 72' lang='grc' dir='ltr'><strong>ἐμαυτοῦ</strong></span> <span class='ocrx_word' id='word_1_57' title='bbox 3009 1646 3241 1718; x_wconf 79' lang='grc' dir='ltr'><strong>δόγμασι</strong></span> <span class='ocrx_word' id='word_1_58' title='bbox 3271 1666 3445 1714; x_wconf 79' lang='grc' dir='ltr'><strong>τινας,</strong></span> <span class='ocrx_word' id='word_1_59' title='bbox 3483 1665 3590 1704; x_wconf 90' lang='lat' dir='ltr'><strong>non</strong></span> <span class='ocrx_word' id='word_1_60' title='bbox 3630 1650 3716 1706; x_wconf 88' lang='lat' dir='ltr'><strong>in-</strong></span> 
     </span>
    </p>
   </div>
   <div class='ocr_carea' id='block_1_10' title="bbox 480 1773 3713 1855">
    <p class='ocr_par' dir='ltr' id='par_1_10' title="bbox 480 1773 3713 1855">
     <span class='ocr_line' id='line_1_11' title="bbox 480 1773 3713 1855; baseline -0.001 -16"><span class='ocrx_word' id='word_1_61' title='bbox 480 1785 641 1855; x_wconf 74' lang='lat' dir='ltr'><strong>digna</strong></span> <span class='ocrx_word' id='word_1_62' title='bbox 680 1781 1074 1854; x_wconf 83' lang='lat' dir='ltr'><strong>Chrysostomo</strong></span> <span class='ocrx_word' id='word_1_63' title='bbox 1104 1778 1318 1835; x_wconf 90' lang='lat' dir='ltr'><strong>videtur</strong></span> <span class='ocrx_word' id='word_1_64' title='bbox 1344 1793 1358 1832; x_wconf 92' lang='lat'><strong>:</strong></span> <span class='ocrx_word' id='word_1_65' title='bbox 1400 1786 1455 1834; x_wconf 93' lang='lat' dir='ltr'><strong>et</strong></span> <span class='ocrx_word' id='word_1_66' title='bbox 1479 1777 1606 1833; x_wconf 89' lang='lat' dir='ltr'><strong>talis</strong></span> <span class='ocrx_word' id='word_1_67' title='bbox 1637 1792 1669 1832; x_wconf 86' lang='lat' dir='ltr'><strong>a</strong></span> <span class='ocrx_word' id='word_1_68' title='bbox 1693 1776 1825 1831; x_wconf 90' lang='lat' dir='ltr'><strong>viris</strong></span> <span class='ocrx_word' id='word_1_69' title='bbox 1851 1775 2025 1833; x_wconf 89' lang='lat' dir='ltr'><strong>doctis</strong></span> <span class='ocrx_word' id='word_1_70' title='bbox 2049 1774 2300 1843; x_wconf 89' lang='lat' dir='ltr'><strong>habetur,</strong></span> <span class='ocrx_word' id='word_1_71' title='bbox 2332 1773 2680 1845; x_wconf 85' lang='lat' dir='ltr'><strong>paucioribus</strong></span> <span class='ocrx_word' id='word_1_72' title='bbox 2713 1774 2836 1831; x_wconf 88' lang='lat' dir='ltr'><strong>aliis</strong></span> <span class='ocrx_word' id='word_1_73' title='bbox 2863 1775 3308 1833; x_wconf 79' lang='lat' dir='ltr'><strong>reclamantibus.</strong></span> <span class='ocrx_word' id='word_1_74' title='bbox 3343 1776 3397 1833; x_wconf 86' lang='lat' dir='ltr'><strong>in</strong></span> <span class='ocrx_word' id='word_1_75' title='bbox 3437 1779 3538 1835; x_wconf 88' lang='lat' dir='ltr'><strong>hac</strong></span> <span class='ocrx_word' id='word_1_76' title='bbox 3563 1789 3713 1836; x_wconf 88' lang='lat' dir='ltr'><strong>certe</strong></span> 
     </span>
    </p>
   </div>
   <div class='ocr_carea' id='block_1_11' title="bbox 482 1916 3719 1994">
    <p class='ocr_par' dir='ltr' id='par_1_11' title="bbox 482 1916 3719 1994">
     <span class='ocr_line' id='line_1_12' title="bbox 482 1916 3719 1994; baseline -0 -17"><span class='ocrx_word' id='word_1_77' title='bbox 482 1923 657 1994; x_wconf 84' lang='lat' dir='ltr'><strong>prima</strong></span> <span class='ocrx_word' id='word_1_78' title='bbox 687 1930 860 1992; x_wconf 87' lang='lat' dir='ltr'><strong>parte,</strong></span> <span class='ocrx_word' id='word_1_79' title='bbox 893 1936 1017 1978; x_wconf 86' lang='lat' dir='ltr'><strong>meo</strong></span> <span class='ocrx_word' id='word_1_80' title='bbox 1045 1921 1262 1992; x_wconf 87' lang='lat' dir='ltr'><strong>quidem</strong></span> <span class='ocrx_word' id='word_1_81' title='bbox 1287 1919 1518 1991; x_wconf 82' lang='lat' dir='ltr'><strong>judicio,</strong></span> <span class='ocrx_word' id='word_1_82' title='bbox 1543 1918 1785 1974; x_wconf 87' lang='lat' dir='ltr'><strong>occurrit</strong></span> <span class='ocrx_word' id='word_1_83' title='bbox 1806 1916 1939 1972; x_wconf 83' lang='lat' dir='ltr'><strong>nihil</strong></span> <span class='ocrx_word' id='word_1_84' title='bbox 1960 1916 2107 1987; x_wconf 91' lang='lat' dir='ltr'><strong>quod</strong></span> <span class='ocrx_word' id='word_1_85' title='bbox 2127 1933 2193 1974; x_wconf 92' lang='lat' dir='ltr'><strong>eo</strong></span> <span class='ocrx_word' id='word_1_86' title='bbox 2215 1917 2416 1990; x_wconf 78' lang='lat' dir='ltr'><strong>adigat,</strong></span> <span class='ocrx_word' id='word_1_87' title='bbox 2451 1925 2512 1973; x_wconf 94' lang='lat' dir='ltr'><strong>ut</strong></span> <span class='ocrx_word' id='word_1_88' title='bbox 2539 1919 2704 1973; x_wconf 79' lang='lat' dir='ltr'><strong>alium</strong></span> <span class='ocrx_word' id='word_1_89' title='bbox 2730 1934 2894 1990; x_wconf 89' lang='lat' dir='ltr'><strong>quam</strong></span> <span class='ocrx_word' id='word_1_90' title='bbox 2926 1918 3380 1990; x_wconf 70' lang='lat' dir='ltr'><strong>Chrysostomum</strong></span> <span class='ocrx_word' id='word_1_91' title='bbox 3409 1937 3719 1992; x_wconf 63' lang='lat' dir='ltr'><strong>quaeramus</strong></span> 
     </span>
    </p>
   </div>
   <div class='ocr_carea' id='block_1_12' title="bbox 483 2054 3722 2129">
    <p class='ocr_par' dir='ltr' id='par_1_12' title="bbox 483 2054 3722 2129">
     <span class='ocr_line' id='line_1_13' title="bbox 483 2054 3722 2129; baseline -0.002 -14"><span class='ocrx_word' id='word_1_92' title='bbox 483 2069 786 2116; x_wconf 84' lang='lat' dir='ltr'><strong>auctorem.</strong></span> <span class='ocrx_word' id='word_1_93' title='bbox 819 2057 1181 2115; x_wconf 89' lang='lat' dir='ltr'><strong>Posteriorem</strong></span> <span class='ocrx_word' id='word_1_94' title='bbox 1214 2072 1343 2114; x_wconf 90' lang='lat' dir='ltr'><strong>vero</strong></span> <span class='ocrx_word' id='word_1_95' title='bbox 1365 2067 1594 2129; x_wconf 83' lang='lat' dir='ltr'><strong>partem,</strong></span> <span class='ocrx_word' id='word_1_96' title='bbox 1627 2056 1857 2112; x_wconf 82' lang='lat' dir='ltr'><strong>salebris</strong></span> <span class='ocrx_word' id='word_1_97' title='bbox 1885 2055 2122 2127; x_wconf 85' lang='lat' dir='ltr'><strong>plenam,</strong></span> <span class='ocrx_word' id='word_1_98' title='bbox 2156 2054 2491 2122; x_wconf 88' lang='lat' dir='ltr'><strong>intricatam,</strong></span> <span class='ocrx_word' id='word_1_99' title='bbox 2516 2071 2638 2126; x_wconf 69' lang='lat' dir='ltr'><strong>quae</strong></span> <span class='ocrx_word' id='word_1_100' title='bbox 2667 2071 2808 2126; x_wconf 81' lang='lat' dir='ltr'><strong>saepe</strong></span> <span class='ocrx_word' id='word_1_101' title='bbox 2838 2055 2950 2123; x_wconf 77' lang='lat' dir='ltr'><strong>vix,</strong></span> <span class='ocrx_word' id='word_1_102' title='bbox 2977 2070 3041 2110; x_wconf 90' lang='lat' dir='ltr'><strong>ac</strong></span> <span class='ocrx_word' id='word_1_103' title='bbox 3074 2069 3142 2110; x_wconf 90' lang='lat' dir='ltr'><strong>ne</strong></span> <span class='ocrx_word' id='word_1_104' title='bbox 3171 2054 3260 2110; x_wconf 76' lang='lat' dir='ltr'><strong>vix</strong></span> <span class='ocrx_word' id='word_1_105' title='bbox 3300 2057 3515 2125; x_wconf 88' lang='lat' dir='ltr'><strong>quidem</strong></span> <span class='ocrx_word' id='word_1_106' title='bbox 3558 2055 3722 2110; x_wconf 85' lang='lat' dir='ltr'><strong>intel-</strong></span> 
     </span>
    </p>
   </div>
   <div class='ocr_carea' id='block_1_13' title="bbox 485 2191 3723 2265">
    <p class='ocr_par' dir='ltr' id='par_1_13' title="bbox 485 2191 3723 2265">
     <span class='ocr_line' id='line_1_14' title="bbox 485 2191 3723 2265; baseline -0.002 -15"><span class='ocrx_word' id='word_1_107' title='bbox 485 2193 578 2262; x_wconf 75' lang='lat' dir='ltr'><strong>ligi</strong></span> <span class='ocrx_word' id='word_1_108' title='bbox 602 2202 798 2263; x_wconf 85' lang='lat' dir='ltr'><strong>potest,</strong></span> <span class='ocrx_word' id='word_1_109' title='bbox 824 2193 1013 2248; x_wconf 84' lang='lat' dir='ltr'><strong>saltem</strong></span> <span class='ocrx_word' id='word_1_110' title='bbox 1049 2200 1109 2247; x_wconf 93' lang='lat' dir='ltr'><strong>ut</strong></span> <span class='ocrx_word' id='word_1_111' title='bbox 1135 2201 1311 2248; x_wconf 79' lang='lat' dir='ltr'><strong>exstat</strong></span> <span class='ocrx_word' id='word_1_112' title='bbox 1345 2193 1528 2259; x_wconf 88' lang='lat' dir='ltr'><strong>hodie,</strong></span> <span class='ocrx_word' id='word_1_113' title='bbox 1551 2191 1940 2265; x_wconf 87' lang='lat' dir='ltr'><strong>Chrysostomo</strong></span> <span class='ocrx_word' id='word_1_114' title='bbox 1966 2191 2384 2264; x_wconf 87' lang='lat' dir='ltr'><strong>abjudicandam</strong></span> <span class='ocrx_word' id='word_1_115' title='bbox 2437 2207 2748 2249; x_wconf 87' lang='lat' dir='ltr'><strong>censemus.</strong></span> <span class='ocrx_word' id='word_1_116' title='bbox 2780 2191 2914 2248; x_wconf 85' lang='lat' dir='ltr'><strong>Nam</strong></span> <span class='ocrx_word' id='word_1_117' title='bbox 2952 2193 3128 2261; x_wconf 87' lang='lat' dir='ltr'><strong>stylus</strong></span> <span class='ocrx_word' id='word_1_118' title='bbox 3171 2192 3424 2247; x_wconf 88' lang='lat' dir='ltr'><strong>abhorret</strong></span> <span class='ocrx_word' id='word_1_119' title='bbox 3469 2207 3498 2246; x_wconf 87' lang='lat' dir='ltr'><strong>a</strong></span> <span class='ocrx_word' id='word_1_120' title='bbox 3545 2192 3723 2261; x_wconf 88' lang='lat' dir='ltr'><strong>priori</strong></span> 
     </span>
    </p>
   </div>
   <div class='ocr_carea' id='block_1_14' title="bbox 488 2325 3726 2399">
    <p class='ocr_par' dir='ltr' id='par_1_14' title="bbox 488 2325 3726 2399">
     <span class='ocr_line' id='line_1_15' title="bbox 488 2325 3726 2399; baseline -0 -18"><span class='ocrx_word' id='word_1_121' title='bbox 488 2327 752 2382; x_wconf 88' lang='lat' dir='ltr'><strong>orationis</strong></span> <span class='ocrx_word' id='word_1_122' title='bbox 779 2336 952 2397; x_wconf 88' lang='lat' dir='ltr'><strong>parte.</strong></span> <span class='ocrx_word' id='word_1_123' title='bbox 983 2325 1041 2382; x_wconf 90' lang='lat' dir='ltr'><strong>Si</strong></span> <span class='ocrx_word' id='word_1_124' title='bbox 1065 2326 1196 2395; x_wconf 91' lang='lat' dir='ltr'><strong>quid</strong></span> <span class='ocrx_word' id='word_1_125' title='bbox 1225 2341 1354 2384; x_wconf 90' lang='lat' dir='ltr'><strong>vero</strong></span> <span class='ocrx_word' id='word_1_126' title='bbox 1386 2327 1724 2395; x_wconf 88' lang='lat' dir='ltr'><strong>enuntiatur,</strong></span> <span class='ocrx_word' id='word_1_127' title='bbox 1762 2325 1903 2399; x_wconf 88' lang='lat' dir='ltr'><strong>quod</strong></span> <span class='ocrx_word' id='word_1_128' title='bbox 1945 2326 2013 2382; x_wconf 91' lang='lat' dir='ltr'><strong>ad</strong></span> <span class='ocrx_word' id='word_1_129' title='bbox 2045 2341 2228 2382; x_wconf 81' lang='lat' dir='ltr'><strong>veram</strong></span> <span class='ocrx_word' id='word_1_130' title='bbox 2267 2326 2384 2397; x_wconf 87' lang='lat' dir='ltr'><strong>ejus</strong></span> <span class='ocrx_word' id='word_1_131' title='bbox 2425 2326 2601 2382; x_wconf 81' lang='lat' dir='ltr'><strong>exsilii</strong></span> <span class='ocrx_word' id='word_1_132' title='bbox 2648 2327 2932 2383; x_wconf 89' lang='lat' dir='ltr'><strong>historiam</strong></span> <span class='ocrx_word' id='word_1_133' title='bbox 2964 2326 3216 2398; x_wconf 86' lang='lat' dir='ltr'><strong>quadret,</strong></span> <span class='ocrx_word' id='word_1_134' title='bbox 3253 2327 3306 2382; x_wconf 89' lang='lat' dir='ltr'><strong>id</strong></span> <span class='ocrx_word' id='word_1_135' title='bbox 3339 2335 3481 2382; x_wconf 92' lang='lat' dir='ltr'><strong>certe</strong></span> <span class='ocrx_word' id='word_1_136' title='bbox 3521 2326 3595 2382; x_wconf 85' lang='lat' dir='ltr'><strong>ita</strong></span> <span class='ocrx_word' id='word_1_137' title='bbox 3628 2337 3726 2379; x_wconf 85' lang='lat' dir='ltr'><strong>re-</strong></span> 
     </span>
    </p>
   </div>
   <div class='ocr_carea' id='block_1_15' title="bbox 1799 3275 2426 3392">
    <p class='ocr_par' dir='ltr' id='par_1_15' title="bbox 1799 3275 2426 3392">
     <span class='ocr_line' id='line_1_16' title="bbox 1799 3275 2426 3392; baseline -0.005 0"><span class='ocrx_word' id='word_1_138' title='bbox 1799 3275 2426 3392; x_wconf 90' lang='lat' dir='ltr'><strong>EJUSDEM</strong></span> 
     </span>
    </p>
   </div>
   <div class='ocr_carea' id='block_1_16' title="bbox 1293 3660 2918 3762">
    <p class='ocr_par' dir='ltr' id='par_1_16' title="bbox 1293 3660 2918 3762">
     <span class='ocr_line' id='line_1_17' title="bbox 1293 3660 2918 3762; baseline -0.002 -4"><span class='ocrx_word' id='word_1_139' title='bbox 1293 3665 1821 3762; x_wconf 88' lang='lat' dir='ltr'><strong>HOMILIA</strong></span> <span class='ocrx_word' id='word_1_140' title='bbox 1901 3660 2212 3758; x_wconf 84' lang='lat' dir='ltr'><strong>ANTE</strong></span> <span class='ocrx_word' id='word_1_141' title='bbox 2286 3663 2918 3760; x_wconf 87' lang='lat' dir='ltr'><strong>EXSILIUM.</strong></span> 
     </span>
    </p>
   </div>
   <div class='ocr_carea' id='block_1_17' title="bbox 1901 4240 2391 4265">
    <p class='ocr_par' dir='ltr' id='par_1_17' title="bbox 1901 4240 2391 4265">
     <span class='ocr_line' id='line_1_18' title="bbox 1901 4240 2391 4265; baseline -0.012 1"><span class='ocrx_word' id='word_1_142' title='bbox 1901 4240 2391 4265; x_wconf 41' lang='lat' dir='ltr'><strong>“Oﬁ—</strong></span> 
     </span>
    </p>
   </div>
   <div class='ocr_carea' id='block_1_18' title="bbox 571 4611 2068 4682">
    <p class='ocr_par' dir='ltr' id='par_1_18' title="bbox 571 4611 2068 4682">
     <span class='ocr_line' id='line_1_19' title="bbox 571 4611 2068 4682; baseline 0 -13"><span class='ocrx_word' id='word_1_143' title='bbox 571 4615 624 4670; x_wconf 77' lang='grc' dir='ltr'><strong>ί.</strong></span> <span class='ocrx_word' id='word_1_144' title='bbox 662 4613 808 4668; x_wconf 86' lang='lat' dir='ltr'><strong>Multi</strong></span> <span class='ocrx_word' id='word_1_145' title='bbox 846 4611 1036 4667; x_wconf 83' lang='lat' dir='ltr'><strong>ﬂuctus</strong></span> <span class='ocrx_word' id='word_1_146' title='bbox 1077 4613 1274 4666; x_wconf 88' lang='lat' dir='ltr'><strong>instant</strong></span> <span class='ocrx_word' id='word_1_147' title='bbox 1309 4627 1600 4682; x_wconf 81' lang='lat' dir='ltr'><strong>gravesque</strong></span> <span class='ocrx_word' id='word_1_148' title='bbox 1645 4615 1927 4682; x_wconf 61' lang='lat' dir='ltr'><strong>procellae;</strong></span> <span class='ocrx_word' id='word_1_149' title='bbox 1972 4615 2068 4669; x_wconf 90' lang='lat' dir='ltr'><strong>sed</strong></span> 
     </span>
    </p>
   </div>
   <div class='ocr_carea' id='block_1_19' title="bbox 497 4702 2064 4774">
    <p class='ocr_par' dir='ltr' id='par_1_19' title="bbox 497 4702 2064 4774">
     <span class='ocr_line' id='line_1_20' title="bbox 497 4702 2064 4774; baseline 0.001 -16"><span class='ocrx_word' id='word_1_150' title='bbox 497 4718 602 4758; x_wconf 90' lang='lat' dir='ltr'><strong>non</strong></span> <span class='ocrx_word' id='word_1_151' title='bbox 622 4704 868 4759; x_wconf 91' lang='lat' dir='ltr'><strong>timemus</strong></span> <span class='ocrx_word' id='word_1_152' title='bbox 892 4717 960 4758; x_wconf 91' lang='lat' dir='ltr'><strong>ne</strong></span> <span class='ocrx_word' id='word_1_153' title='bbox 985 4702 1389 4772; x_wconf 75' lang='lat' dir='ltr'><strong>submergamur</strong></span> <span class='ocrx_word' id='word_1_154' title='bbox 1428 4720 1441 4756; x_wconf 88' lang='lat'><strong>:</strong></span> <span class='ocrx_word' id='word_1_155' title='bbox 1491 4718 1611 4757; x_wconf 87' lang='lat' dir='ltr'><strong>nam</strong></span> <span class='ocrx_word' id='word_1_156' title='bbox 1655 4704 1706 4758; x_wconf 92' lang='lat' dir='ltr'><strong>in</strong></span> <span class='ocrx_word' id='word_1_157' title='bbox 1748 4717 1894 4774; x_wconf 86' lang='lat' dir='ltr'><strong>petra</strong></span> <span class='ocrx_word' id='word_1_158' title='bbox 1932 4721 2064 4760; x_wconf 91' lang='lat' dir='ltr'><strong>con-</strong></span> 
     </span>
    </p>
   </div>
   <div class='ocr_carea' id='block_1_20' title="bbox 497 4793 2061 4868">
    <p class='ocr_par' dir='ltr' id='par_1_20' title="bbox 497 4793 2061 4868">
     <span class='ocr_line' id='line_1_21' title="bbox 497 4793 2061 4868; baseline 0.004 -22"><span class='ocrx_word' id='word_1_159' title='bbox 497 4793 753 4847; x_wconf 89' lang='lat' dir='ltr'><strong>sistimus.</strong></span> <span class='ocrx_word' id='word_1_160' title='bbox 798 4796 989 4850; x_wconf 81' lang='lat' dir='ltr'><strong>Saeviat</strong></span> <span class='ocrx_word' id='word_1_161' title='bbox 1023 4808 1171 4848; x_wconf 88' lang='lat' dir='ltr'><strong>mare</strong></span> <span class='ocrx_word' id='word_1_162' title='bbox 1193 4834 1207 4859; x_wconf 96' lang='lat'><strong>,</strong></span> <span class='ocrx_word' id='word_1_163' title='bbox 1255 4803 1461 4863; x_wconf 83' lang='lat' dir='ltr'><strong>petram</strong></span> <span class='ocrx_word' id='word_1_164' title='bbox 1505 4794 1800 4852; x_wconf 81' lang='lat' dir='ltr'><strong>dissolvere</strong></span> <span class='ocrx_word' id='word_1_165' title='bbox 1836 4798 2018 4868; x_wconf 90' lang='lat' dir='ltr'><strong>nequit</strong></span> <span class='ocrx_word' id='word_1_166' title='bbox 2049 4815 2061 4854; x_wconf 88' lang='lat'>:</span> 
     </span>
    </p>
   </div>
   <div class='ocr_carea' id='block_1_21' title="bbox 496 4883 2067 4957">
    <p class='ocr_par' dir='ltr' id='par_1_21' title="bbox 496 4883 2067 4957">
     <span class='ocr_line' id='line_1_22' title="bbox 496 4883 2067 4957; baseline 0.004 -22"><span class='ocrx_word' id='word_1_167' title='bbox 496 4890 772 4951; x_wconf 78' lang='lat' dir='ltr'><strong>insurgant</strong></span> <span class='ocrx_word' id='word_1_168' title='bbox 796 4883 984 4937; x_wconf 86' lang='lat' dir='ltr'><strong>ﬂuctus</strong></span> <span class='ocrx_word' id='word_1_169' title='bbox 1008 4924 1023 4950; x_wconf 92' lang='lat'><strong>,</strong></span> <span class='ocrx_word' id='word_1_170' title='bbox 1049 4883 1175 4939; x_wconf 87' lang='lat' dir='ltr'><strong>Jesu</strong></span> <span class='ocrx_word' id='word_1_171' title='bbox 1196 4884 1460 4954; x_wconf 77' lang='lat' dir='ltr'><strong>navigium</strong></span> <span class='ocrx_word' id='word_1_172' title='bbox 1484 4883 1793 4956; x_wconf 80' lang='lat' dir='ltr'><strong>demergere</strong></span> <span class='ocrx_word' id='word_1_173' title='bbox 1815 4903 1919 4943; x_wconf 88' lang='lat' dir='ltr'><strong>non</strong></span> <span class='ocrx_word' id='word_1_174' title='bbox 1945 4903 2067 4957; x_wconf 85' lang='lat' dir='ltr'><strong>pos-</strong></span> 
     </span>
    </p>
   </div>
   <div class='ocr_carea' id='block_1_22' title="bbox 499 4969 2066 5040">
    <p class='ocr_par' dir='ltr' id='par_1_22' title="bbox 499 4969 2066 5040">
     <span class='ocr_line' id='line_1_23' title="bbox 499 4969 2066 5040; baseline 0.004 -16"><span class='ocrx_word' id='word_1_175' title='bbox 499 4979 644 5024; x_wconf 85' lang='lat' dir='ltr'><strong>sunt.</strong></span> <span class='ocrx_word' id='word_1_176' title='bbox 701 4969 875 5036; x_wconf 87' lang='lat' dir='ltr'><strong>Quid,</strong></span> <span class='ocrx_word' id='word_1_177' title='bbox 927 4986 1144 5040; x_wconf 68' lang='lat' dir='ltr'><strong>quaso,</strong></span> <span class='ocrx_word' id='word_1_178' title='bbox 1190 4973 1514 5029; x_wconf 87' lang='lat' dir='ltr'><strong>timeamus?</strong></span> <span class='ocrx_word' id='word_1_179' title='bbox 1554 4973 1885 5030; x_wconf 79' lang='lat' dir='ltr'><strong>Mortemne?</strong></span> <span class='ocrx_word' id='word_1_180' title='bbox 1933 4975 2066 5030; x_wconf 80' lang='lat' dir='ltr'><strong>Mihi</strong></span> 
     </span>
    </p>
   </div>
   <div class='ocr_carea' id='block_1_23' title="bbox 497 5058 2064 5137">
    <p class='ocr_par' dir='ltr' id='par_1_23' title="bbox 497 5058 2064 5137">
     <span class='ocr_line' id='line_1_24' title="bbox 497 5058 2064 5137; baseline 0.005 -23"><span class='ocrx_word' id='word_1_181' title='bbox 497 5060 659 5114; x_wconf 80' lang='lat' dir='ltr'><strong>vivere</strong></span> <span class='ocrx_word' id='word_1_182' title='bbox 687 5058 913 5114; x_wconf 77' lang='lat' dir='ltr'><strong>Christus</strong></span> <span class='ocrx_word' id='word_1_183' title='bbox 932 5069 1004 5113; x_wconf 78' lang='lat' dir='ltr'><strong>est</strong></span> <span class='ocrx_word' id='word_1_184' title='bbox 1026 5099 1042 5125; x_wconf 94' lang='lat'><strong>,</strong></span> <span class='ocrx_word' id='word_1_185' title='bbox 1062 5070 1107 5114; x_wconf 89' lang='lat' dir='ltr'><strong>et</strong></span> <span class='ocrx_word' id='word_1_186' title='bbox 1130 5065 1257 5117; x_wconf 86' lang='lat' dir='ltr'><strong>mori</strong></span> <span class='ocrx_word' id='word_1_187' title='bbox 1277 5065 1470 5120; x_wconf 86' lang='lat' dir='ltr'><strong>lucrum</strong></span> <span class='ocrx_word' id='word_1_188' title='bbox 1489 5064 1745 5136; x_wconf 80' lang='lat' dir='ltr'><strong>(Philipp.</strong></span> <span class='ocrx_word' id='word_1_189' title='bbox 1772 5068 1824 5121; x_wconf 77' lang='lat' dir='ltr'><strong>l.</strong></span> <span class='ocrx_word' id='word_1_190' title='bbox 1844 5067 1958 5137; x_wconf 80' lang='grc'><strong>21).</strong></span> <span class='ocrx_word' id='word_1_191' title='bbox 1983 5071 2064 5122; x_wconf 81' lang='lat' dir='ltr'><strong>An</strong></span> 
     </span>
    </p>
   </div>
   <div class='ocr_carea' id='block_1_24' title="bbox 494 5148 2062 5227">
    <p class='ocr_par' dir='ltr' id='par_1_24' title="bbox 494 5148 2062 5227">
     <span class='ocr_line' id='line_1_25' title="bbox 494 5148 2062 5227; baseline 0.006 -25"><span class='ocrx_word' id='word_1_192' title='bbox 494 5149 738 5203; x_wconf 82' lang='lat' dir='ltr'><strong>exsilium</strong></span> <span class='ocrx_word' id='word_1_193' title='bbox 761 5189 776 5214; x_wconf 92' lang='lat'><strong>,</strong></span> <span class='ocrx_word' id='word_1_194' title='bbox 806 5148 891 5203; x_wconf 90' lang='lat' dir='ltr'><strong>dic</strong></span> <span class='ocrx_word' id='word_1_195' title='bbox 912 5148 1084 5203; x_wconf 83' lang='lat' dir='ltr'><strong>mihi?</strong></span> <span class='ocrx_word' id='word_1_196' title='bbox 1113 5149 1315 5206; x_wconf 79' lang='lat' dir='ltr'><strong>Domini</strong></span> <span class='ocrx_word' id='word_1_197' title='bbox 1339 5163 1410 5207; x_wconf 80' lang='lat' dir='ltr'><strong>est</strong></span> <span class='ocrx_word' id='word_1_198' title='bbox 1442 5163 1578 5208; x_wconf 88' lang='lat' dir='ltr'><strong>terra</strong></span> <span class='ocrx_word' id='word_1_199' title='bbox 1602 5165 1648 5209; x_wconf 90' lang='lat' dir='ltr'><strong>et</strong></span> <span class='ocrx_word' id='word_1_200' title='bbox 1674 5157 1932 5225; x_wconf 85' lang='lat' dir='ltr'><strong>plenitudo</strong></span> <span class='ocrx_word' id='word_1_201' title='bbox 1953 5158 2062 5227; x_wconf 78' lang='lat' dir='ltr'><strong>ejus</strong></span> 
     </span>
    </p>
   </div>
   <div class='ocr_carea' id='block_1_25' title="bbox 496 5237 2066 5312">
    <p class='ocr_par' dir='ltr' id='par_1_25' title="bbox 496 5237 2066 5312">
     <span class='ocr_line' id='line_1_26' title="bbox 496 5237 2066 5312; baseline 0.006 -22"><span class='ocrx_word' id='word_1_202' title='bbox 496 5238 517 5309; x_wconf 95' lang='lat'><strong>(</strong></span> <span class='ocrx_word' id='word_1_203' title='bbox 546 5238 689 5292; x_wconf 70' lang='lat' dir='ltr'><strong>Paul.</strong></span> <span class='ocrx_word' id='word_1_204' title='bbox 717 5237 806 5292; x_wconf 76' lang='lat'><strong>9.5.</strong></span> <span class='ocrx_word' id='word_1_205' title='bbox 841 5238 863 5290; x_wconf 81' lang='grc'><strong>1</strong></span> <span class='ocrx_word' id='word_1_206' title='bbox 893 5237 937 5307; x_wconf 93' lang='grc'><strong>).</strong></span> <span class='ocrx_word' id='word_1_207' title='bbox 969 5239 1048 5293; x_wconf 80' lang='lat' dir='ltr'><strong>An</strong></span> <span class='ocrx_word' id='word_1_208' title='bbox 1090 5238 1398 5296; x_wconf 81' lang='lat' dir='ltr'><strong>facultatum</strong></span> <span class='ocrx_word' id='word_1_209' title='bbox 1437 5246 1886 5312; x_wconf 86' lang='lat' dir='ltr'><strong>publicationem?</strong></span> <span class='ocrx_word' id='word_1_210' title='bbox 1917 5248 2066 5302; x_wconf 87' lang='lat' dir='ltr'><strong>Nihil</strong></span> 
     </span>
    </p>
   </div>
   <div class='ocr_carea' id='block_1_26' title="bbox 495 5326 2064 5402">
    <p class='ocr_par' dir='ltr' id='par_1_26' title="bbox 495 5326 2064 5402">
     <span class='ocr_line' id='line_1_27' title="bbox 495 5326 2064 5402; baseline 0.008 -23"><span class='ocrx_word' id='word_1_211' title='bbox 495 5326 754 5379; x_wconf 73' lang='lat' dir='ltr'><strong>intulimus</strong></span> <span class='ocrx_word' id='word_1_212' title='bbox 798 5326 851 5379; x_wconf 82' lang='lat' dir='ltr'><strong>in</strong></span> <span class='ocrx_word' id='word_1_213' title='bbox 891 5328 1164 5395; x_wconf 85' lang='lat' dir='ltr'><strong>mundum,</strong></span> <span class='ocrx_word' id='word_1_214' title='bbox 1210 5341 1491 5402; x_wconf 86' lang='lat' dir='ltr'><strong>certumque</strong></span> <span class='ocrx_word' id='word_1_215' title='bbox 1530 5343 1604 5387; x_wconf 77' lang='lat' dir='ltr'><strong>est</strong></span> <span class='ocrx_word' id='word_1_216' title='bbox 1645 5351 1734 5390; x_wconf 76' lang='lat' dir='ltr'><strong>nos</strong></span> <span class='ocrx_word' id='word_1_217' title='bbox 1779 5336 1907 5390; x_wconf 76' lang='lat' dir='ltr'><strong>nihil</strong></span> <span class='ocrx_word' id='word_1_218' title='bbox 1949 5337 2064 5391; x_wconf 83' lang='lat' dir='ltr'><strong>hinc</strong></span> 
     </span>
    </p>
   </div>
   <div class='ocr_carea' id='block_1_27' title="bbox 495 5411 2064 5494">
    <p class='ocr_par' dir='ltr' id='par_1_27' title="bbox 495 5411 2064 5494">
     <span class='ocr_line' id='line_1_28' title="bbox 495 5411 2064 5494; baseline 0.009 -28"><span class='ocrx_word' id='word_1_219' title='bbox 495 5411 674 5479; x_wconf 74' lang='lat' dir='ltr'><strong>efferre</strong></span> <span class='ocrx_word' id='word_1_220' title='bbox 724 5430 868 5482; x_wconf 78' lang='lat' dir='ltr'><strong>posse</strong></span> <span class='ocrx_word' id='word_1_221' title='bbox 918 5416 1005 5485; x_wconf 82' lang='lat' dir='ltr'><strong>(l.</strong></span> <span class='ocrx_word' id='word_1_222' title='bbox 1046 5415 1181 5472; x_wconf 85' lang='lat' dir='ltr'><strong>Tim.</strong></span> <span class='ocrx_word' id='word_1_223' title='bbox 1228 5418 1281 5473; x_wconf 85' lang='lat'><strong>6.</strong></span> <span class='ocrx_word' id='word_1_224' title='bbox 1326 5420 1402 5489; x_wconf 85' lang='lat'><strong>7)</strong></span> <span class='ocrx_word' id='word_1_225' title='bbox 1447 5438 1460 5472; x_wconf 85' lang='lat'><strong>:</strong></span> <span class='ocrx_word' id='word_1_226' title='bbox 1514 5423 1868 5493; x_wconf 88' lang='lat' dir='ltr'><strong>terribiliaquc</strong></span> <span class='ocrx_word' id='word_1_227' title='bbox 1910 5425 2064 5494; x_wconf 82' lang='lat' dir='ltr'><strong>hujus</strong></span> 
     </span>
    </p>
   </div>
   <div class='ocr_carea' id='block_1_28' title="bbox 501 5504 2058 5586">
    <p class='ocr_par' dir='ltr' id='par_1_28' title="bbox 501 5504 2058 5586">
     <span class='ocr_line' id='line_1_29' title="bbox 501 5504 2058 5586; baseline 0.008 -28"><span class='ocrx_word' id='word_1_228' title='bbox 501 5504 683 5559; x_wconf 88' lang='lat' dir='ltr'><strong>mundi</strong></span> <span class='ocrx_word' id='word_1_229' title='bbox 711 5505 840 5560; x_wconf 92' lang='lat' dir='ltr'><strong>mihi</strong></span> <span class='ocrx_word' id='word_1_230' title='bbox 864 5505 1133 5575; x_wconf 88' lang='lat' dir='ltr'><strong>despectui</strong></span> <span class='ocrx_word' id='word_1_231' title='bbox 1159 5517 1317 5576; x_wconf 89' lang='lat' dir='ltr'><strong>sunt,</strong></span> <span class='ocrx_word' id='word_1_232' title='bbox 1355 5519 1409 5563; x_wconf 93' lang='lat' dir='ltr'><strong>et</strong></span> <span class='ocrx_word' id='word_1_233' title='bbox 1444 5511 1582 5566; x_wconf 91' lang='lat' dir='ltr'><strong>bona</strong></span> <span class='ocrx_word' id='word_1_234' title='bbox 1607 5513 1722 5583; x_wconf 84' lang='lat' dir='ltr'><strong>ejus</strong></span> <span class='ocrx_word' id='word_1_235' title='bbox 1749 5515 1858 5570; x_wconf 89' lang='lat' dir='ltr'><strong>risu</strong></span> <span class='ocrx_word' id='word_1_236' title='bbox 1884 5515 2058 5586; x_wconf 84' lang='lat' dir='ltr'><strong>digna.</strong></span> 
     </span>
    </p>
   </div>
   <div class='ocr_carea' id='block_1_29' title="bbox 498 5592 2059 5674">
    <p class='ocr_par' dir='ltr' id='par_1_29' title="bbox 498 5592 2059 5674">
     <span class='ocr_line' id='line_1_30' title="bbox 498 5592 2059 5674; baseline 0.009 -27"><span class='ocrx_word' id='word_1_237' title='bbox 498 5592 612 5648; x_wconf 81' lang='lat' dir='ltr'><strong>Non</strong></span> <span class='ocrx_word' id='word_1_238' title='bbox 655 5605 1014 5665; x_wconf 89' lang='lat' dir='ltr'><strong>paupertatem</strong></span> <span class='ocrx_word' id='word_1_239' title='bbox 1057 5597 1256 5665; x_wconf 90' lang='lat' dir='ltr'><strong>timeo,</strong></span> <span class='ocrx_word' id='word_1_240' title='bbox 1304 5614 1408 5654; x_wconf 89' lang='lat' dir='ltr'><strong>non</strong></span> <span class='ocrx_word' id='word_1_241' title='bbox 1453 5601 1660 5658; x_wconf 85' lang='lat' dir='ltr'><strong>divitias</strong></span> <span class='ocrx_word' id='word_1_242' title='bbox 1701 5606 2059 5674; x_wconf 89' lang='lat' dir='ltr'><strong>concupisco:</strong></span> 
     </span>
    </p>
   </div>
   <div class='ocr_carea' id='block_1_30' title="bbox 491 5689 2059 5764">
    <p class='ocr_par' dir='ltr' id='par_1_30' title="bbox 491 5689 2059 5764">
     <span class='ocr_line' id='line_1_31' title="bbox 491 5689 2059 5764; baseline 0.008 -25"><span class='ocrx_word' id='word_1_243' title='bbox 491 5698 602 5740; x_wconf 89' lang='lat' dir='ltr'><strong>non</strong></span> <span class='ocrx_word' id='word_1_244' title='bbox 623 5694 846 5742; x_wconf 89' lang='lat' dir='ltr'><strong>mortem</strong></span> <span class='ocrx_word' id='word_1_245' title='bbox 887 5695 1065 5744; x_wconf 90' lang='lat' dir='ltr'><strong>metuo</strong></span> <span class='ocrx_word' id='word_1_246' title='bbox 1087 5729 1102 5757; x_wconf 94' lang='lat'><strong>,</strong></span> <span class='ocrx_word' id='word_1_247' title='bbox 1149 5703 1247 5746; x_wconf 88' lang='lat' dir='ltr'><strong>nec</strong></span> <span class='ocrx_word' id='word_1_248' title='bbox 1292 5689 1471 5748; x_wconf 85' lang='lat' dir='ltr'><strong>vivere</strong></span> <span class='ocrx_word' id='word_1_249' title='bbox 1522 5701 1646 5762; x_wconf 91' lang='lat' dir='ltr'><strong>opto</strong></span> <span class='ocrx_word' id='word_1_250' title='bbox 1671 5736 1686 5762; x_wconf 92' lang='lat'><strong>,</strong></span> <span class='ocrx_word' id='word_1_251' title='bbox 1716 5694 1814 5749; x_wconf 86' lang='lat' dir='ltr'><strong>nisi</strong></span> <span class='ocrx_word' id='word_1_252' title='bbox 1842 5694 1906 5750; x_wconf 90' lang='lat' dir='ltr'><strong>ad</strong></span> <span class='ocrx_word' id='word_1_253' title='bbox 1933 5709 2059 5764; x_wconf 86' lang='lat' dir='ltr'><strong>pro-</strong></span> 
     </span>
    </p>
   </div>
   <div class='ocr_carea' id='block_1_31' title="bbox 2174 4613 3750 4683">
    <p class='ocr_par' dir='ltr' id='par_1_31' title="bbox 2174 4613 3750 4683">
     <span class='ocr_line' id='line_1_32' title="bbox 2174 4613 3750 4683; baseline -0.004 -15"><span class='ocrx_word' id='word_1_254' title='bbox 2174 4615 2366 4670; x_wconf 77' lang='lat' dir='ltr'><strong>fectum</strong></span> <span class='ocrx_word' id='word_1_255' title='bbox 2391 4624 2648 4670; x_wconf 89' lang='lat' dir='ltr'><strong>vestrum.</strong></span> <span class='ocrx_word' id='word_1_256' title='bbox 2683 4613 2810 4669; x_wconf 90' lang='lat' dir='ltr'><strong>ideo</strong></span> <span class='ocrx_word' id='word_1_257' title='bbox 2834 4613 3113 4683; x_wconf 77' lang='lat' dir='ltr'><strong>przesentia</strong></span> <span class='ocrx_word' id='word_1_258' title='bbox 3153 4624 3510 4666; x_wconf 90' lang='lat' dir='ltr'><strong>commemoro</strong></span> <span class='ocrx_word' id='word_1_259' title='bbox 3531 4651 3546 4675; x_wconf 94' lang='lat'><strong>,</strong></span> <span class='ocrx_word' id='word_1_260' title='bbox 3589 4623 3750 4677; x_wconf 81' lang='lat' dir='ltr'><strong>rogo-</strong></span> 
     </span>
    </p>
   </div>
   <div class='ocr_carea' id='block_1_32' title="bbox 2172 4699 3753 4774">
    <p class='ocr_par' dir='ltr' id='par_1_32' title="bbox 2172 4699 3753 4774">
     <span class='ocr_line' id='line_1_33' title="bbox 2172 4699 3753 4774; baseline -0.004 -15"><span class='ocrx_word' id='word_1_261' title='bbox 2172 4719 2276 4774; x_wconf 89' lang='lat' dir='ltr'><strong>que</strong></span> <span class='ocrx_word' id='word_1_262' title='bbox 2312 4705 2582 4760; x_wconf 87' lang='lat' dir='ltr'><strong>caritatcm</strong></span> <span class='ocrx_word' id='word_1_263' title='bbox 2617 4714 2885 4768; x_wconf 89' lang='lat' dir='ltr'><strong>vestram,</strong></span> <span class='ocrx_word' id='word_1_264' title='bbox 2931 4711 2990 4758; x_wconf 92' lang='lat' dir='ltr'><strong>ut</strong></span> <span class='ocrx_word' id='word_1_265' title='bbox 3033 4702 3276 4757; x_wconf 83' lang='lat' dir='ltr'><strong>ﬁduciam</strong></span> <span class='ocrx_word' id='word_1_266' title='bbox 3317 4701 3525 4755; x_wconf 90' lang='lat' dir='ltr'><strong>habeat.</strong></span> <span class='ocrx_word' id='word_1_267' title='bbox 3564 4699 3753 4754; x_wconf 80' lang='lat' dir='ltr'><strong>Nullus</strong></span> 
     </span>
    </p>
   </div>
   <div class='ocr_carea' id='block_1_33' title="bbox 2172 4793 3752 4867">
    <p class='ocr_par' dir='ltr' id='par_1_33' title="bbox 2172 4793 3752 4867">
     <span class='ocr_line' id='line_1_34' title="bbox 2172 4793 3752 4867; baseline -0.004 -17"><span class='ocrx_word' id='word_1_268' title='bbox 2172 4796 2366 4867; x_wconf 89' lang='lat' dir='ltr'><strong>quippe</strong></span> <span class='ocrx_word' id='word_1_269' title='bbox 2388 4811 2484 4851; x_wconf 91' lang='lat' dir='ltr'><strong>nos</strong></span> <span class='ocrx_word' id='word_1_270' title='bbox 2511 4811 2759 4866; x_wconf 88' lang='lat' dir='ltr'><strong>separare</strong></span> <span class='ocrx_word' id='word_1_271' title='bbox 2780 4795 2975 4864; x_wconf 89' lang='lat' dir='ltr'><strong>poterit</strong></span> <span class='ocrx_word' id='word_1_272' title='bbox 3001 4809 3015 4858; x_wconf 92' lang='lat'><strong>;</strong></span> <span class='ocrx_word' id='word_1_273' title='bbox 3040 4793 3179 4863; x_wconf 91' lang='lat' dir='ltr'><strong>quod</strong></span> <span class='ocrx_word' id='word_1_274' title='bbox 3203 4794 3343 4847; x_wconf 83' lang='lat' dir='ltr'><strong>enim</strong></span> <span class='ocrx_word' id='word_1_275' title='bbox 3373 4793 3512 4847; x_wconf 89' lang='lat' dir='ltr'><strong>Deus</strong></span> <span class='ocrx_word' id='word_1_276' title='bbox 3536 4793 3752 4860; x_wconf 86' lang='lat' dir='ltr'><strong>conjun-</strong></span> 
     </span>
    </p>
   </div>
   <div class='ocr_carea' id='block_1_34' title="bbox 2171 4881 3751 4956">
    <p class='ocr_par' dir='ltr' id='par_1_34' title="bbox 2171 4881 3751 4956">
     <span class='ocr_line' id='line_1_35' title="bbox 2171 4881 3751 4956; baseline -0.003 -16"><span class='ocrx_word' id='word_1_277' title='bbox 2171 4887 2284 4953; x_wconf 80' lang='lat' dir='ltr'><strong>xit,</strong></span> <span class='ocrx_word' id='word_1_278' title='bbox 2314 4886 2474 4942; x_wconf 86' lang='lat' dir='ltr'><strong>homo</strong></span> <span class='ocrx_word' id='word_1_279' title='bbox 2500 4901 2747 4956; x_wconf 87' lang='lat' dir='ltr'><strong>separare</strong></span> <span class='ocrx_word' id='word_1_280' title='bbox 2771 4887 2969 4955; x_wconf 86' lang='lat' dir='ltr'><strong>nequit.</strong></span> <span class='ocrx_word' id='word_1_281' title='bbox 2993 4884 3124 4938; x_wconf 84' lang='lat' dir='ltr'><strong>Nam</strong></span> <span class='ocrx_word' id='word_1_282' title='bbox 3153 4883 3197 4938; x_wconf 87' lang='lat' dir='ltr'><strong>si</strong></span> <span class='ocrx_word' id='word_1_283' title='bbox 3225 4883 3291 4938; x_wconf 88' lang='lat' dir='ltr'><strong>de</strong></span> <span class='ocrx_word' id='word_1_284' title='bbox 3314 4883 3429 4937; x_wconf 85' lang='lat' dir='ltr'><strong>viro</strong></span> <span class='ocrx_word' id='word_1_285' title='bbox 3454 4897 3517 4936; x_wconf 88' lang='lat' dir='ltr'><strong>ac</strong></span> <span class='ocrx_word' id='word_1_286' title='bbox 3549 4881 3616 4936; x_wconf 91' lang='lat' dir='ltr'><strong>de</strong></span> <span class='ocrx_word' id='word_1_287' title='bbox 3643 4898 3751 4935; x_wconf 86' lang='lat' dir='ltr'><strong>mu-</strong></span> 
     </span>
    </p>
   </div>
   <div class='ocr_carea' id='block_1_35' title="bbox 2172 4975 3754 5047">
    <p class='ocr_par' dir='ltr' id='par_1_35' title="bbox 2172 4975 3754 5047">
     <span class='ocr_line' id='line_1_36' title="bbox 2172 4975 3754 5047; baseline -0.003 -17"><span class='ocrx_word' id='word_1_288' title='bbox 2172 4976 2303 5032; x_wconf 90' lang='lat' dir='ltr'><strong>liere</strong></span> <span class='ocrx_word' id='word_1_289' title='bbox 2330 4977 2458 5032; x_wconf 89' lang='lat' dir='ltr'><strong>dicit</strong></span> <span class='ocrx_word' id='word_1_290' title='bbox 2481 4997 2495 5031; x_wconf 88' lang='lat'><strong>:</strong></span> <span class='ocrx_word' id='word_1_291' title='bbox 2525 4976 2744 5047; x_wconf 80' lang='lat' dir='ltr'><strong>Propter</strong></span> <span class='ocrx_word' id='word_1_292' title='bbox 2767 4977 2860 5029; x_wconf 85' lang='lat' dir='ltr'><strong>hoc</strong></span> <span class='ocrx_word' id='word_1_293' title='bbox 2883 4975 3130 5046; x_wconf 83' lang='lat' dir='ltr'><strong>relinquet</strong></span> <span class='ocrx_word' id='word_1_294' title='bbox 3152 4975 3300 5028; x_wconf 84' lang='lat' dir='ltr'><strong>homo</strong></span> <span class='ocrx_word' id='word_1_295' title='bbox 3325 4984 3513 5045; x_wconf 74' lang='lat' dir='ltr'><strong>patrem</strong></span> <span class='ocrx_word' id='word_1_296' title='bbox 3539 4989 3682 5026; x_wconf 75' lang='lat' dir='ltr'><strong>suum</strong></span> <span class='ocrx_word' id='word_1_297' title='bbox 3707 4983 3754 5026; x_wconf 80' lang='lat' dir='ltr'><strong>et</strong></span> 
     </span>
    </p>
   </div>
   <div class='ocr_carea' id='block_1_36' title="bbox 2170 5062 3750 5133">
    <p class='ocr_par' dir='ltr' id='par_1_36' title="bbox 2170 5062 3750 5133">
     <span class='ocr_line' id='line_1_37' title="bbox 2170 5062 3750 5133; baseline -0.004 -13"><span class='ocrx_word' id='word_1_298' title='bbox 2170 5076 2380 5121; x_wconf 85' lang='lat' dir='ltr'><strong>matrem</strong></span> <span class='ocrx_word' id='word_1_299' title='bbox 2404 5085 2544 5122; x_wconf 80' lang='lat' dir='ltr'><strong>suam</strong></span> <span class='ocrx_word' id='word_1_300' title='bbox 2565 5109 2580 5133; x_wconf 84' lang='lat'><strong>,</strong></span> <span class='ocrx_word' id='word_1_301' title='bbox 2609 5079 2655 5121; x_wconf 86' lang='lat' dir='ltr'><strong>et</strong></span> <span class='ocrx_word' id='word_1_302' title='bbox 2680 5067 2951 5120; x_wconf 80' lang='lat' dir='ltr'><strong>adhterebit</strong></span> <span class='ocrx_word' id='word_1_303' title='bbox 2976 5067 3123 5120; x_wconf 75' lang='lat' dir='ltr'><strong>uxori</strong></span> <span class='ocrx_word' id='word_1_304' title='bbox 3147 5080 3283 5130; x_wconf 69' lang='lat' dir='ltr'><strong>sum,</strong></span> <span class='ocrx_word' id='word_1_305' title='bbox 3314 5074 3360 5118; x_wconf 89' lang='lat' dir='ltr'><strong>et</strong></span> <span class='ocrx_word' id='word_1_306' title='bbox 3387 5072 3530 5118; x_wconf 80' lang='lat' dir='ltr'><strong>erunt</strong></span> <span class='ocrx_word' id='word_1_307' title='bbox 3557 5062 3655 5115; x_wconf 81' lang='lat' dir='ltr'><strong>duo</strong></span> <span class='ocrx_word' id='word_1_308' title='bbox 3697 5062 3750 5114; x_wconf 83' lang='lat' dir='ltr'><strong>in</strong></span> 
     </span>
    </p>
   </div>
   <div class='ocr_carea' id='block_1_37' title="bbox 2170 5153 3751 5228">
    <p class='ocr_par' dir='ltr' id='par_1_37' title="bbox 2170 5153 3751 5228">
     <span class='ocr_line' id='line_1_38' title="bbox 2170 5153 3751 5228; baseline -0.004 -19"><span class='ocrx_word' id='word_1_309' title='bbox 2170 5173 2371 5210; x_wconf 79' lang='lat' dir='ltr'><strong>carnem</strong></span> <span class='ocrx_word' id='word_1_310' title='bbox 2397 5174 2550 5212; x_wconf 82' lang='lat' dir='ltr'><strong>unum</strong></span> <span class='ocrx_word' id='word_1_311' title='bbox 2580 5156 2740 5228; x_wconf 84' lang='lat' dir='ltr'><strong>(Gen.</strong></span> <span class='ocrx_word' id='word_1_312' title='bbox 2767 5157 2820 5210; x_wconf 76' lang='lat'><strong>2.</strong></span> <span class='ocrx_word' id='word_1_313' title='bbox 2851 5155 2961 5226; x_wconf 73' lang='grc'><strong>24)</strong></span> <span class='ocrx_word' id='word_1_314' title='bbox 2993 5174 3005 5210; x_wconf 92' lang='lat'><strong>:</strong></span> <span class='ocrx_word' id='word_1_315' title='bbox 3035 5155 3170 5226; x_wconf 85' lang='lat' dir='ltr'><strong>quod</strong></span> <span class='ocrx_word' id='word_1_316' title='bbox 3203 5171 3319 5225; x_wconf 85' lang='lat' dir='ltr'><strong>ergo</strong></span> <span class='ocrx_word' id='word_1_317' title='bbox 3364 5153 3496 5207; x_wconf 75' lang='lat' dir='ltr'><strong>Deus</strong></span> <span class='ocrx_word' id='word_1_318' title='bbox 3534 5153 3751 5220; x_wconf 84' lang='lat' dir='ltr'><strong>conjun-</strong></span> 
     </span>
    </p>
   </div>
   <div class='ocr_carea' id='block_1_38' title="bbox 2167 5243 3751 5317">
    <p class='ocr_par' dir='ltr' id='par_1_38' title="bbox 2167 5243 3751 5317">
     <span class='ocr_line' id='line_1_39' title="bbox 2167 5243 3751 5317; baseline -0.002 -18"><span class='ocrx_word' id='word_1_319' title='bbox 2167 5247 2243 5299; x_wconf 68' lang='lat' dir='ltr'><strong>xit</strong></span> <span class='ocrx_word' id='word_1_320' title='bbox 2265 5286 2281 5313; x_wconf 94' lang='lat'><strong>,</strong></span> <span class='ocrx_word' id='word_1_321' title='bbox 2312 5248 2459 5299; x_wconf 86' lang='lat' dir='ltr'><strong>homo</strong></span> <span class='ocrx_word' id='word_1_322' title='bbox 2489 5263 2590 5298; x_wconf 80' lang='lat' dir='ltr'><strong>non</strong></span> <span class='ocrx_word' id='word_1_323' title='bbox 2616 5258 2810 5315; x_wconf 81' lang='lat' dir='ltr'><strong>separet</strong></span> <span class='ocrx_word' id='word_1_324' title='bbox 2835 5245 2854 5317; x_wconf 94' lang='lat'>(</span> <span class='ocrx_word' id='word_1_325' title='bbox 2884 5246 3069 5300; x_wconf 78' lang='lat' dir='ltr'><strong>Matth.</strong></span> <span class='ocrx_word' id='word_1_326' title='bbox 3104 5246 3189 5300; x_wconf 79' lang='grc'><strong>19.</strong></span> <span class='ocrx_word' id='word_1_327' title='bbox 3218 5247 3271 5301; x_wconf 84' lang='grc'><strong>5.</strong></span> <span class='ocrx_word' id='word_1_328' title='bbox 3300 5245 3332 5300; x_wconf 88' lang='lat'><strong>6</strong></span> <span class='ocrx_word' id='word_1_329' title='bbox 3359 5244 3399 5316; x_wconf 91' lang='lat'><strong>).</strong></span> <span class='ocrx_word' id='word_1_330' title='bbox 3437 5245 3492 5299; x_wconf 90' lang='lat' dir='ltr'><strong>Si</strong></span> <span class='ocrx_word' id='word_1_331' title='bbox 3539 5243 3751 5312; x_wconf 87' lang='lat' dir='ltr'><strong>nuptias</strong></span> 
     </span>
    </p>
   </div>
   <div class='ocr_carea' id='block_1_39' title="bbox 2175 5335 3750 5408">
    <p class='ocr_par' dir='ltr' id='par_1_39' title="bbox 2175 5335 3750 5408">
     <span class='ocr_line' id='line_1_40' title="bbox 2175 5335 3750 5408; baseline -0.003 -17"><span class='ocrx_word' id='word_1_332' title='bbox 2175 5353 2281 5392; x_wconf 89' lang='lat' dir='ltr'><strong>non</strong></span> <span class='ocrx_word' id='word_1_333' title='bbox 2324 5348 2476 5408; x_wconf 89' lang='lat' dir='ltr'><strong>potes</strong></span> <span class='ocrx_word' id='word_1_334' title='bbox 2527 5339 2818 5403; x_wconf 88' lang='lat' dir='ltr'><strong>dirimere,</strong></span> <span class='ocrx_word' id='word_1_335' title='bbox 2859 5348 3058 5407; x_wconf 88' lang='lat' dir='ltr'><strong>quanto</strong></span> <span class='ocrx_word' id='word_1_336' title='bbox 3101 5340 3279 5392; x_wconf 90' lang='lat' dir='ltr'><strong>minus</strong></span> <span class='ocrx_word' id='word_1_337' title='bbox 3318 5336 3609 5391; x_wconf 84' lang='lat' dir='ltr'><strong>Ecclesiam</strong></span> <span class='ocrx_word' id='word_1_338' title='bbox 3659 5335 3750 5388; x_wconf 82' lang='lat' dir='ltr'><strong>Dei</strong></span> 
     </span>
    </p>
   </div>
   <div class='ocr_carea' id='block_1_40' title="bbox 2171 5426 3754 5499">
    <p class='ocr_par' dir='ltr' id='par_1_40' title="bbox 2171 5426 3754 5499">
     <span class='ocr_line' id='line_1_41' title="bbox 2171 5426 3754 5499; baseline -0.003 -17"><span class='ocrx_word' id='word_1_339' title='bbox 2171 5437 2325 5497; x_wconf 89' lang='lat' dir='ltr'><strong>potes</strong></span> <span class='ocrx_word' id='word_1_340' title='bbox 2348 5428 2686 5484; x_wconf 77' lang='lat' dir='ltr'><strong>dissolvere?</strong></span> <span class='ocrx_word' id='word_1_341' title='bbox 2713 5429 2816 5484; x_wconf 88' lang='lat' dir='ltr'><strong>Sed</strong></span> <span class='ocrx_word' id='word_1_342' title='bbox 2842 5443 2958 5484; x_wconf 89' lang='lat' dir='ltr'><strong>eam</strong></span> <span class='ocrx_word' id='word_1_343' title='bbox 2985 5443 3257 5499; x_wconf 81' lang='lat' dir='ltr'><strong>Oppugnas</strong></span> <span class='ocrx_word' id='word_1_344' title='bbox 3279 5469 3292 5492; x_wconf 92' lang='lat'><strong>,</strong></span> <span class='ocrx_word' id='word_1_345' title='bbox 3323 5443 3442 5483; x_wconf 89' lang='lat' dir='ltr'><strong>cum</strong></span> <span class='ocrx_word' id='word_1_346' title='bbox 3471 5426 3601 5481; x_wconf 87' lang='lat' dir='ltr'><strong>nihil</strong></span> <span class='ocrx_word' id='word_1_347' title='bbox 3629 5439 3754 5494; x_wconf 57' lang='lat' dir='ltr'><strong>pos.</strong></span> 
     </span>
    </p>
   </div>
   <div class='ocr_carea' id='block_1_41' title="bbox 2170 5513 3754 5589">
    <p class='ocr_par' dir='ltr' id='par_1_41' title="bbox 2170 5513 3754 5589">
     <span class='ocr_line' id='line_1_42' title="bbox 2170 5513 3754 5589; baseline -0.001 -18"><span class='ocrx_word' id='word_1_348' title='bbox 2170 5518 2244 5572; x_wconf 89' lang='lat' dir='ltr'><strong>sis</strong></span> <span class='ocrx_word' id='word_1_349' title='bbox 2286 5517 2483 5573; x_wconf 83' lang='lat' dir='ltr'><strong>laedere</strong></span> <span class='ocrx_word' id='word_1_350' title='bbox 2527 5533 2647 5573; x_wconf 90' lang='lat' dir='ltr'><strong>eum</strong></span> <span class='ocrx_word' id='word_1_351' title='bbox 2695 5534 2851 5589; x_wconf 89' lang='lat' dir='ltr'><strong>quem</strong></span> <span class='ocrx_word' id='word_1_352' title='bbox 2901 5518 3133 5588; x_wconf 86' lang='lat' dir='ltr'><strong>impetis.</strong></span> <span class='ocrx_word' id='word_1_353' title='bbox 3186 5518 3379 5573; x_wconf 86' lang='lat' dir='ltr'><strong>Verum</strong></span> <span class='ocrx_word' id='word_1_354' title='bbox 3425 5531 3512 5571; x_wconf 90' lang='lat' dir='ltr'><strong>me</strong></span> <span class='ocrx_word' id='word_1_355' title='bbox 3558 5513 3754 5570; x_wconf 81' lang='lat' dir='ltr'><strong>reddes</strong></span> 
     </span>
    </p>
   </div>
   <div class='ocr_carea' id='block_1_42' title="bbox 2169 5603 3752 5677">
    <p class='ocr_par' dir='ltr' id='par_1_42' title="bbox 2169 5603 3752 5677">
     <span class='ocr_line' id='line_1_43' title="bbox 2169 5603 3752 5677; baseline -0.002 -18"><span class='ocrx_word' id='word_1_356' title='bbox 2169 5604 2584 5675; x_wconf 83' lang='lat' dir='ltr'><strong>splendidiorem</strong></span> <span class='ocrx_word' id='word_1_357' title='bbox 2609 5646 2625 5674; x_wconf 93' lang='lat'><strong>,</strong></span> <span class='ocrx_word' id='word_1_358' title='bbox 2656 5615 2904 5677; x_wconf 87' lang='lat' dir='ltr'><strong>tuamque</strong></span> <span class='ocrx_word' id='word_1_359' title='bbox 2929 5607 3033 5662; x_wconf 93' lang='lat' dir='ltr'><strong>vim</strong></span> <span class='ocrx_word' id='word_1_360' title='bbox 3063 5621 3273 5661; x_wconf 83' lang='lat' dir='ltr'><strong>mecum</strong></span> <span class='ocrx_word' id='word_1_361' title='bbox 3305 5605 3583 5677; x_wconf 76' lang='lat' dir='ltr'><strong>pugnando</strong></span> <span class='ocrx_word' id='word_1_362' title='bbox 3611 5603 3752 5673; x_wconf 81' lang='lat' dir='ltr'><strong>deji-</strong></span> 
     </span>
    </p>
   </div>
   <div class='ocr_carea' id='block_1_43' title="bbox 2169 5696 3751 5768">
    <p class='ocr_par' dir='ltr' id='par_1_43' title="bbox 2169 5696 3751 5768">
     <span class='ocr_line' id='line_1_44' title="bbox 2169 5696 3751 5768; baseline 0 -17"><span class='ocrx_word' id='word_1_363' title='bbox 2169 5696 2279 5752; x_wconf 86' lang='lat' dir='ltr'><strong>cies</strong></span> <span class='ocrx_word' id='word_1_364' title='bbox 2305 5715 2317 5751; x_wconf 89' lang='lat'><strong>:</strong></span> <span class='ocrx_word' id='word_1_365' title='bbox 2346 5696 2544 5752; x_wconf 85' lang='lat' dir='ltr'><strong>Durum</strong></span> <span class='ocrx_word' id='word_1_366' title='bbox 2573 5712 2802 5768; x_wconf 87' lang='lat' dir='ltr'><strong>namque</strong></span> <span class='ocrx_word' id='word_1_367' title='bbox 2835 5698 2920 5752; x_wconf 85' lang='lat' dir='ltr'><strong>tibi</strong></span> <span class='ocrx_word' id='word_1_368' title='bbox 2947 5707 3017 5754; x_wconf 73' lang='lat' dir='ltr'><strong>cst</strong></span> <span class='ocrx_word' id='word_1_369' title='bbox 3048 5708 3223 5752; x_wconf 77' lang='lat' dir='ltr'><strong>contra</strong></span> <span class='ocrx_word' id='word_1_370' title='bbox 3248 5696 3509 5752; x_wconf 69' lang='lat' dir='ltr'><strong>stimulum</strong></span> <span class='ocrx_word' id='word_1_371' title='bbox 3537 5705 3751 5751; x_wconf 81' lang='lat' dir='ltr'><strong>acutum</strong></span> 
     </span>
    </p>
   </div>
  </div>
