4100 6196
1359 220 1592 280 SERMO
1633 222 2022 291 ANTEQUAM
2061 221 2226 278 IRET
2266 221 2335 276 ΙΝ
2373 221 2720 280 EXSILIUM.

3532 221 3668 276 ηδ*

1443 948 1860 1025 ANTEQUAM
1901 949 2082 1012 IRET
2122 948 2204 1012 IN
2245 947 2630 1011 EXSILIUM.

398 1332 595 1396 misso,
634 1344 702 1384 ne
730 1329 862 1399 quid
893 1328 1035 1383 ultra
1061 1327 1355 1399 proferam,
1382 1326 1596 1384 dicendi
1624 1342 1821 1397 genere
1844 1335 2119 1396 narratur,
2153 1336 2212 1382 ut
2242 1327 2326 1382 fas
2374 1341 2495 1383 esse
2539 1343 2646 1383 non
2677 1330 2925 1384 videatur
2955 1331 3008 1386 id
3044 1331 3437 1402 Chrysostomo
3472 1334 3646 1391 ascri-

399 1471 554 1526 bere.
602 1469 761 1525 Certe
804 1467 972 1523 alium
1018 1466 1371 1538 quaerendum
1424 1474 1702 1524 auctorem
1749 1481 1868 1523 esse
1918 1467 2112 1523 suadet
2148 1475 2303 1523 vetus
2346 1467 2744 1538 interpretatio,
2768 1482 2935 1539 quam
2974 1469 3395 1540 subiungimus,
3427 1482 3656 1542 quaeque

399 1613 735 1674 postremam
768 1611 934 1657 totam
960 1609 1172 1672 partem
1209 1601 1402 1657 tacuit.
1434 1599 1583 1656 Illam
1623 1615 1752 1657 vero
1783 1600 2218 1672 subjungendam
2260 1602 2593 1672 putavimus,
2627 1601 2753 1672 quia
2789 1601 3040 1673 quaedam
3089 1602 3502 1673 complectitur,
3534 1619 3658 1674 qua

403 1740 461 1793 in
504 1737 690 1795 Graeca
727 1739 868 1794 serie
898 1755 1008 1794 non
1033 1747 1373 1809 comparent.
1398 1737 1530 1793 Eam
1571 1753 1631 1796 se
1651 1739 1852 1795 vidisse
1878 1749 2272 1796 commemorat
2302 1740 2358 1798 in
2386 1741 2586 1798 Codice
2606 1744 2842 1812 quodam
2871 1745 3072 1800 montis
3106 1746 3320 1802 Cassini
3345 1746 3502 1801 Joan.
3540 1744 3658 1801 Ma-

415 1873 675 1928 billonius
698 1881 880 1928 noster
903 1873 956 1926 in
979 1871 1174 1926 Itinere
1200 1871 1384 1926 Italico
1407 1886 1462 1942 p.
1493 1869 1616 1938 124,
1649 1871 1742 1926 ubi
1776 1870 2072 1928 Severiano
2097 1871 2454 1938 Gabalorum,
2484 1874 2660 1943 inquit
2693 1874 2805 1941 ille,
2872 1876 3191 1931 ascribitur.
3251 1876 3451 1932 Verum
3490 1879 3657 1934 Seve-

409 2007 556 2060 riani
585 2021 875 2076 numquam
917 2021 1039 2062 esse
1067 2007 1266 2077 potuit,
1292 2022 1394 2062 nec
1417 2008 1483 2063 ad
1505 2006 1626 2077 ejus
1661 2007 1950 2063 historiam
1975 2008 2248 2078 quadrare
2277 2009 2437 2065 valet.

474 2147 742 2202 Tilmanni
772 2146 1300 2217 interpretationem,
1337 2154 1530 2217 utpote
1556 2145 2024 2218 παραφραστικῶς
2051 2146 2398 2213 adornatam,
2430 2145 2738 2216 rejecimus,
2767 2161 3076 2217 novamque
3100 2147 3436 2217 paravimus.

1434 3065 1716 3138 “"4"”
1755 3079 2054 3195 ΤΟΥ
2125 3079 2613 3196 ΑΥΤΟΥ

1207 3458 1601 3547 ΟΜΙΛΙΑ
1684 3460 1910 3547 ΠΡΟ
2001 3462 2218 3547 ΤΗΣ

2318 3453 2812 3550 ΕΞΟΡΙΑΣ.

1783 4001 2258 4032 -φομ

462 4428 529 4473 α’.
566 4417 744 4471 Πολλὰ
779 4418 845 4472 τά
889 4418 1108 4490 κύματα
1144 4416 1236 4470 καὶ
1280 4413 1515 4486 χαλεπὸν
1554 4412 1612 4464 τὸ
1646 4411 1954 4464 κλυδώνιον·

384 4507 502 4560 ἀλλ’
521 4507 582 4560 οὐ
601 4505 941 4576 δεδοίκαμεν,
963 4505 1038 4577 μὴ
1058 4501 1596 4570 καταποντισοῶμενο
1617 4500 1710 4552 ἐπὶ
1731 4498 1840 4569 γὰρ
1857 4496 1958 4566 τῆς

387 4596 592 4665 πέτρας
626 4595 954 4664 ἑστήκαμεν.
1011 4591 1295 4647 Μαινέσθω
1354 4592 1387 4661 ή
1439 4588 1703 4654 Θάλασσα,
1755 4586 1958 4658 πέτραν

383 4681 636 4734 διαλῦσαι
665 4681 726 4733 οὐ
750 4680 993 4734 δύναται·
1027 4679 1326 4751 ὲγειρέσθω
1356 4678 1424 4730 τὰ
1460 4676 1701 4747 κύματα,
1729 4672 1822 4727 τοῦ
1851 4675 1959 4745 ’1η-

387 4769 482 4821 σοῦ
519 4769 581 4822 τὸ
622 4769 805 4823 πλοῖον
832 4769 1222 4822 καταποντίσαι
1258 4769 1357 4821 οὑκ
1391 4765 1583 4836 ἰσχύει.
1623 4765 1688 4817 Τί
1715 4763 1958 4816 δεδοίκα-

387 4873 508 4926 μεν,
532 4857 656 4910 είπέ
690 4875 779 4928 μοι
801 4875 816 4921 ;
843 4857 948 4909 Τὸν
979 4857 1208 4910 Θάνατον
1232 4873 1246 4920 ;
1283 4853 1438 4922 Ἐμοὶ
1463 4852 1526 4906 τὸ
1555 4850 1660 4919 ζῆν
1683 4850 1954 4919 Χριστὸς,

383 4944 481 4996 καὶ
512 4943 576 4997 τὸ
603 4943 932 4997 ἀποθανεῖν
965 4942 1196 5012 κέρδος.
1227 4941 1366 4994 Ἀλλ’
1401 4939 1636 5010 ὲξορίαν,
1669 4937 1790 4991 εἰπέ
1835 4954 1954 5007 μοι;

389 5029 498 5082 Τοῦ
533 5031 755 5098 Κυρίου
781 5030 820 5095 ἡ
849 5028 949 5100 γῆ,
985 5031 1082 5082 καὶ
1111 5029 1178 5082 τὸ
1217 5026 1509 5096 πλήρωμα
1546 5024 1757 5094 αὐτῆς.
1796 5024 1957 5078 Ἀλλὰ

378 5118 678 5187 χρημάτων
716 5117 974 5188 δήμευσιν
1001 5133 1014 5183 ;
1051 5115 1244 5170 Οὐδὲν
1279 5114 1707 5183 εἰσηνέγκαμεν
1741 5113 1828 5177 εὶς
1852 5110 1958 5164 τὸν

382 5205 638 5271 κόσμον,
671 5201 866 5270 δῆλον
903 5203 992 5256 ὅτι
1027 5202 1208 5256 οὐδὲν
1252 5200 1589 5270 ἐξενεγκεῖν
1633 5198 1953 5268 δυνάμεθα·

379 5289 482 5341 καλ
511 5290 579 5340 τὰ
603 5289 808 5360 φοϐερά
831 5288 926 5341 τοῦ
960 5289 1166 5359 κόσμου
1193 5289 1315 5357 ἐμοὶ
1357 5287 1825 5356 εὐκαταφρόνητα,
1863 5285 1956 5337 καὶ

373 5374 448 5426 τά
485 5375 694 5444 χρηστά
731 5373 1133 5443 καταγέλαστα.
1153 5374 1227 5426 Οὐ
1251 5373 1440 5426 πενίαν
1459 5372 1689 5435 δέδοικα,
1706 5373 1766 5424 οὐ
1795 5370 1957 5424 πλοῦ-

259 5509 268 5516 .
375 5478 470 5514 τον
507 5462 782 5532 ἐπιθυμῶ·
833 5463 895 5516 οὑ
941 5463 1168 5518 θάνατον
1197 5461 1486 5532 φοϐοῦμαι,
1518 5462 1578 5514 οὑ
1620 5461 1781 5531 ζῆσαι
1803 5458 1956 5529 εὔχο-

381 5565 501 5614 μαι,
531 5550 578 5601 εί
609 5550 682 5619 μὴ
708 5548 797 5602 διὰ
824 5547 925 5618 τὴν
960 5549 1231 5620 ὑμετέραν
1285 5550 1588 5620 προκοπήν.
1634 5547 1724 5600 Διὸ
1756 5547 1847 5601 καὶ
1887 5545 1954 5599 τά

377 5631 472 5686 νῦν
502 5635 922 5707 ὑπομιμνήσκω,
949 5636 1039 5687 καὶ
1074 5637 1371 5710 παρακαλῷ
1396 5637 1492 5706 τὴν
1521 5635 1790 5708 ὑμετέραν
1824 5634 1956 5705 0αρ-

2135 4237 2166 4270 l

2063 4401 2174 4472 ρεἶν
2200 4397 2440 4470 ἀγάπην.
2467 4398 2654 4462 Οὐδεὶς
2674 4397 2782 4470 γάρ
2815 4402 2960 4472 ἡμᾶς
2986 4405 3300 4459 ἀποσπάσαι
3322 4407 3629 4478 δυνήσεταιο

2058 4488 2087 4539 ὃ
2119 4486 2228 4558 γάρ
2258 4487 2286 4538 ὁ
2306 4484 2438 4548 Θεὸς
2468 4484 2803 4551 συνέζευξεν,
2820 4486 3105 4560 ἄνθρωπος
3130 4493 3361 4564 χωρίσαι
3381 4495 3442 4546 οὐ
3469 4494 3632 4548 δύνα-

2060 4592 2173 4628 ται.
2212 4575 2274 4626 Εἰ
2299 4573 2408 4644 γὰρ
2439 4573 2568 4644 περὶ
2599 4573 2855 4642 γυναικὸς
2900 4578 2992 4630 καὶ
3029 4578 3218 4650 ἀνδρὸς
3262 4579 3430 4648 λέγει·
3483 4580 3631 4636 Ἀντί

2058 4663 2272 4716 τούτου
2289 4661 2639 4728 καταλείψει
2656 4660 2964 4731 ἄνθρωπος
2975 4663 3085 4717 τὸν
3096 4664 3321 4734 πατέρα
3336 4667 3520 4722 αὐτοῦ
3533 4669 3632 4724 καὶ

2064 4751 2180 4821 τὴν
2199 4753 2444 4822 μητέρα,
2491 4752 2588 4805 καὶ
2633 4753 3234 4820 προσκολληθήσεται
3278 4754 3354 4824 τῇ
3381 4760 3621 4826 γυναικὶ

2058 4841 2263 4908 αὐτοῦ,
2288 4842 2384 4895 καὶ
2413 4842 2656 4895 ἔσονται
2678 4845 2730 4895 οι
2758 4843 2867 4895 δύο
2890 4844 2975 4908 εὶς
3000 4843 3196 4912 σάρκα
3212 4846 3377 4915 μίαν⁹
3404 4847 3435 4902 ὃ
3462 4845 3576 4905 οὖν
3598 4853 3632 4904 ό

2061 4930 2203 4995 Θεὸς
2227 4927 2484 4994 ἔζευξεν,
2514 4928 2821 4996 ἅνθρωπος
2839 4928 2926 4998 μὴ
2959 4930 3258 4999 χωριζέτω.
3279 4935 3341 4988 El
3363 4935 3540 5005 γάμον
3565 4937 3629 4990 οὐ

2056 5016 2282 5070 δύνασαι
2313 5015 2631 5078 διασπάσαι,
2651 5015 2800 5085 πόσῳ
2821 5015 3018 5085 μᾶλλον
3047 5019 3371 5089 Ἐκκλησίαν
3387 5020 3520 5075 Θεοῦ
3532 5024 3633 5078 οὐκ

2062 5102 2264 5172 ίσχύεις
2292 5100 2628 5168 καταλῦσαις
2662 5101 2798 5156 ἀλλὰ
2829 5103 3083 5174 πολεμεῖς
3102 5107 3288 5176 αὐτὴν,
3317 5108 3377 5160 οὐ
3407 5108 3634 5178 δυνάμε-

2056 5207 2144 5254 νος
2175 5189 2372 5261 βλάψαι
2406 5190 2499 5243 τὸν
2529 5189 2950 5263 πολεμούμενον.
3001 5193 3141 5247 Ἀλλ’
3165 5195 3265 5265 ἐμὲ
3298 5195 3396 5266 μὲν
3424 5197 3633 5271 ἐργάζῃ

2058 5277 2455 5349 λαμπρότερον,
2512 5278 2704 5332 ἑαυτοῦ
2761 5278 2818 5332 δὲ
2851 5279 2950 5349 τὴν
2992 5281 3147 5349 ἰσχὺν
3194 5281 3487 5346 καταλύεις
3532 5281 3630 5351 τῆς

2058 5363 2196 5432 πρὸς
2227 5363 2326 5433 ἐμὲ
2355 5363 2534 5432 μάχης
2564 5373 2615 5402 ι’
2654 5363 2932 5430 Σκληρὸν
2970 5365 3077 5436 γάρ
3106 5381 3204 5420 σοι
3226 5366 3376 5435 πρὸς
3413 5367 3631 5439 κέντρα

2056 5449 2184 5515 ὀξέα
2211 5449 2529 5510 λακτίζειν.
2559 5451 2672 5504 Οὐκ
2705 5450 2999 5521 άμὸλύνεις
3025 5453 3092 5506 τὰ
3115 5454 3334 5524 κέντρα,
3352 5455 3487 5509 ἀλλὰ
3502 5456 3628 5517 τοὺς

2118 5580 2145 5608 ⁸
2166 5581 2376 5644 8εγῑ1ἱυε
2397 5579 2664 5644 legendum
2683 5583 2818 5640 putat
2855 5586 2912 5643 τῇ
2933 5581 3044 5644 πρὸς
3072 5581 3153 5644 ἐμὲ
3179 5580 3321 5644 μάχῃ.
3351 5580 3632 5635 Forte-mc-

2059 5642 2151 5690 lius
2175 5643 2250 5690 διὰ
2269 5648 2350 5699 τῆς
2372 5643 2484 5704 πρὸς
2505 5641 2585 5703 ἐμὲ
2606 5642 2772 5704 μάχης.
