4100 6196
493 258 599 316 429

495 377 659 440 πόδας
690 379 1005 450 αίμάσσεις·
1042 387 1164 440 ἐπεὶ
1216 390 1308 442 καὶ
1342 390 1409 443 τά
1458 392 1674 462 κύματα
1709 394 1806 465 τὴν
1849 396 2055 466 πέτραν

487 458 546 510 οὑ
586 459 810 526 διαλύει,
850 465 962 518 ἀλλ’
1001 469 1138 521 αὑτά
1176 473 1254 533 εἰς
1308 472 1478 540 ἀφρὸν
1518 458 1843 529 διαλύονται.
1891 458 2056 531 Οὑδὲν

499 541 820 614 Ἐκκλησίας
859 549 1240 622 δυνατώτερον,
1266 553 1536 626 ἄνθρωπε.
1572 558 1745 610 Λῦσον
1775 560 1863 611 τὸν
1900 561 2056 614 πόλε-

489 640 610 693 μον,
645 627 731 680 ἴνα
770 630 843 701 μὴ
885 633 1161 704 καταλύσῃ
1203 651 1296 687 σου
1335 637 1432 708 τὴν
1469 638 1718 708 δύναμιν·
1755 641 1830 713 μὴ
1866 643 2051 712 εἴσαγε

485 707 721 779 πόλεμον
749 715 828 775 εἰς
856 716 1102 784 οὐρανόν.
1121 717 1440 789 ’Ἄνθρωπον
1469 723 1564 775 ἐὰν
1591 707 1852 796 πολεμῇς,
1881 726 1912 796 ῆ
1941 707 2051 778 ἐνί-

483 806 675 860 κησας,
709 794 741 865 ἢ
772 797 1046 868 ἐνικήθης.
1105 800 1428 873 Ἐκκλησίαν
1469 804 1524 856 δὲ
1558 804 1650 857 ἐὰν
1685 794 1946 879 πολεμῇς,
1971 828 2050 862 νι-

483 873 645 944 κῆσαί
671 894 728 929 σε
747 880 1046 948 ἀμήχανονο
1072 885 1100 935 ὀ
1127 883 1256 946 Θεὸς
1293 886 1401 956 γάρ
1433 888 1576 939 ἐστιν
1595 889 1622 940 ὀ
1659 890 1874 943 πάντων
1901 894 2049 960 ἰσχυ-

482 958 719 1026 ρότερος.
759 959 854 1028 Μὴ
879 963 1335 1034 παραζηλοῦμεν
1362 968 1468 1020 τὸν
1487 970 1735 1036 Κύριον;
1753 972 1838 1039 μὴ
1874 958 2047 1040 ίσχήυ-

469 1041 703 1106 ρότεροι
737 1044 922 1096 αὐτοῦ
950 1047 1172 1124 fater;
1195 1049 1253 1102 '0
1278 1049 1409 1113 Θεὸς
1444 1051 1633 1122 ἔπηξε,
1666 1055 1748 1116 τίς
1783 1057 2048 1124 ἐπιχειρεῖ

480 1122 762 1190 σαλεύειν;
793 1127 906 1179 Πὺκ
927 1123 1082 1180 οἶσθα
1116 1130 1280 1184 αὑτοῦ
1309 1132 1406 1204 τὴν
1434 1134 1681 1204 δύναμιν.
1709 1137 2046 1190 Ἐπιόλέπει

473 1205 571 1256 ἐπὶ
598 1206 710 1274 τὴν
740 1211 872 1278 γῆν,
895 1213 987 1265 καὶ
1014 1215 1171 1268 ποιεῖ
1197 1216 1393 1285 αὐτὴν
1420 1217 1674 1288 τρέμειν
1699 1220 1930 1284 κελεύει,
1953 1223 2046 1274 καὶ

473 1291 541 1343 τὰ
575 1293 828 1363 σειόμενα
857 1295 1140 1369 ἡδράζετο.
1199 1298 1262 1352 Εί
1316 1300 1415 1371 τὴν
1475 1303 1628 1355 πόλιν
1680 1303 2043 1375 σαλευομένην

475 1372 687 1445 ἔστησε,
726 1377 903 1448 πολλῷ
954 1381 1152 1450 μᾶλλον
1204 1385 1304 1454 τὴν
1357 1385 1678 1456 Ἐκκλησίαν
1717 1388 1911 1456 στῆσαι
1948 1388 2042 1441 δύ-

471 1474 647 1544 ναται.
773 1463 1064 1534 Ἐκκλησία
1088 1469 1316 1539 ούρανοῦ
1350 1473 1689 1544 ίσχυροτέρα·
1716 1472 1768 1525 '0
1786 1475 2042 1542 οὐρανὸς

472 1540 568 1591 καὶ
668 1541 742 1611 γῆ
769 1549 1267 1616 παρελεύσονται,
1303 1553 1357 1603 οἱ
1396 1540 1656 1622 δὲἽλόγοι
1698 1570 1817 1623 μου
1844 1540 1916 1608 οὐ
1949 1540 2038 1622 μή

470 1621 830 1689 παρέλθωσι.
864 1629 1011 1681 Ποῖοι
1067 1629 1250 1700 λόγοι;
1283 1633 1368 1687 Σὺ
1412 1631 1471 1688 εἷ
1512 1621 1755 1705 Πέτρος,
1787 1637 1885 1691 καὶ
1939 1621 2038 1692 ἐπὶ

467 1704 655 1771 ταύτῃ
683 1722 802 1774 μου
837 1707 910 1777 τῇ
944 1710 1129 1781 πέτρᾳ
1160 1714 1535 1784 οἰκοδομήσω
1587 1704 1706 1786 μου
1739 1717 1855 1786 τὴν
1909 1719 2038 1771 Ἐκ-

467 1790 752 1855 κλησίαν,
767 1791 861 1844 καὶ
878 1795 1060 1848 πύλαι
1079 1795 1225 1862 ᾅδου
1243 1801 1314 1852 οὺ
1331 1803 1812 1870 κατισχύσουσιν
1824 1801 2030 1871 αὐτῆς.

537 1895 602 1964 β’.
634 1897 695 1949 Εἰ
718 1898 965 1963 ἀπιστεῖς
978 1902 1054 1972 τῷ
1067 1903 1228 1974 λόγῳ,
1245 1906 1466 1959 πίστευε
1480 1911 1589 1970 τοῖς
1606 1909 1913 1980 πράγμασι.
1931 1910 2034 1962 Πό-

466 1993 546 2030 σοι
570 1977 821 2048 τύραννοι
842 1982 1110 2053 ἠθέλησαν
1141 1989 1520 2057 περιγενέσθαι
1543 1977 1659 2060 τῆς
1673 1977 2028 2062 Ἐκκλησίας;

464 2061 604 2114 πόσα
638 2064 881 2135 τήγανα;
913 2067 1066 2120 πόσοι
1127 2071 1369 2140 κάμινοι,
1412 2072 1614 2145 θηρίων
1644 2061 1873 2141 ὀδόντες,
1902 2077 2030 2148 ξίφη

459 2145 769 2216 ¹ἠκονημένα
793 2163 808 2211 ;
834 2149 927 2201 καὶ
955 2150 1016 2202 οὑ
1048 2153 1441 2220 περιεγένοντο.
1467 2156 1576 2208 [Ιοὺ
1600 2158 1649 2210 οἱ
1688 2145 2032 2231 πολεμήσειν-ί

457 2243 582 2291 τεςς
615 2228 933 2298 Σεσίγηνται
983 2233 1076 2282 καὶ
1124 2233 1260 2304 λήθῃ
1302 2237 1708 2307 παραδέδονται.
1759 2228 2026 2315 Ποῦ-δὲή

471 2309 798 2378 Ἐκκλησία;
843 2311 1011 2382 ’Υπὲρ
1038 2313 1128 2366 τὸν
1177 2316 1328 2385 ἣλιον
1386 2318 1610 2389 λάμπει.
1669 2323 1751 2375 Τά
1805 2309 2026 2379 ἐκείνων

457 2390 833 2479 ἐσϐεσταιητά
866 2393 1070 2479 ταύτης
1100 2397 1363 2453 ἀθάνατα.
1419 2401 1483 2454 Et
1512 2403 1600 2456 ὅτε
1644 2404 1813 2474 ὀλίγοι
1862 2404 2022 2479 ἦσαν,

454 2473 554 2524 οὑκ
575 2473 922 2558 ἐνικήθησαν,
951 2477 1041 2529 ὅτε
1073 2480 1106 2550 ή
1131 2483 1422 2555 οἰκουμένη
1458 2485 1701 2558 ἐπλήσθη
1719 2473 2021 2558 εὐσεϐείας,

454 2555 571 2618 πῶς
603 2557 822 2627 νικῆσαι
857 2559 1111 2629 δύνασαι;
1152 2563 1215 2616 '0
1242 2568 1498 2635 οὐρανὸς
1535 2555 1635 2623 καὶ
1759 2571 1834 2642 γῆ
1870 2555 2020 2648 [416]

451 2641 946 2723 παρελεύσονται,
963 2647 1017 2697 οἱ
1038 2644 1106 2696 δὲ
1130 2650 1301 2716 λόγοι
1324 2667 1443 2720 μου
1459 2651 1624 2722 οὺμὴ
1653 2641 2014 2723 παρέλᾶωσιξ

451 2721 560 2814 Καὶ
600 2723 745 2814 μάλα
775 2726 1022 2814 εἰκότωςσ
1055 2729 1402 2814 ποθεινοτέρα
1422 2734 1527 2807 γὰρ
1561 2739 1593 2807 ἠ
1620 2721 1910 2810 Ἐκκλησία
1941 2745 2018 2814 τῷ

449 2803 568 2874 θεῷ
614 2806 708 2859 τοῦ
765 2809 1016 2878 ούρανοῦ.
1053 2813 1295 2883 ούρανοὺ
1356 2803 1515 2887 σῶμα
1566 2803 1665 2873 οὑκ
1724 2803 2014 2890 ἀνέλαϐεν,

461 2888 784 2959 Ἑκκλησίας
804 2892 860 2944 δὲ
891 2894 1068 2964 σάρκα
1103 2896 1346 2949 ἀνέλαϐεο
1373 2899 1462 2952 διὰ
1488 2901 1586 2972 τὴν
1637 2904 1958 2978 Ἐκκλησίαν

446 2971 691 3063 οὑραχὸς,
709 2974 769 3026 οὑ
796 2974 882 3028 διὰ
900 2977 989 3030 τὸν
1017 2978 1293 3063 οὑρανδνῄ
1329 2971 1641 3054 Ἐκκλησία.
1665 2971 1844 3060 Μηδὲν
1871 2993 2015 3063 ὑμᾶς

448 3053 744 3124 θορυϐείτω
796 3059 902 3111 τῶν
944 3062 1268 3130 γενομένων.
1322 3053 1634 3139 Τοῦτόίμοι
1693 3053 2011 3144 χαρίσασθε,

445 3138 630 3191 πίστιν
652 3139 1063 3213 ἀπερίτρεπτον.
1092 3144 1207 3200 Οὑκ
1235 3147 1402 3201 εἴδετε
1422 3151 1513 3202 τὸν
1545 3138 2013 3228 Πέτρᾷνπεριπαέ

442 3221 641 3276 τοῦντα
663 3225 753 3278 ἐπὶ
777 3226 884 3280 τῶν
916 3227 1141 3295 ὑδάτων,
1179 3232 1271 3284 καὶ
1318 3234 1497 3302 ὀλίγον
1531 3235 1878 3308 διστάσαντα,
1918 3246 2010 3297 καὶ

445 3305 705 3375 μέλλοντα
734 3309 1240 3376 καταποντίζεσθαι,
1279 3315 1338 3367 οὑ
1372 3316 1460 3369 διά
1504 3319 1601 3389 τὴν
1645 3323 1877 3378 ἄτακτον
1904 3329 2009 3380 τῶν

443 3389 647 3441 ὑδάτων
676 3391 869 3461 ὁρμὴν,
895 3393 1028 3447 ἀλλά
1051 3396 1137 3448 διά
1164 3397 1260 3466 τὴν
1289 3398 1573 3455 ἀσθένειαν
1613 3404 1711 3474 τῆς
1742 3408 2004 3476 πίστεως;

441 3471 532 3542 Μὴ
559 3471 665 3542 γὰρ
696 3474 1059 3542 ἀνθρωπίναις
1105 3479 1304 3550 ψήφοις
1354 3483 1586 3537 ἐνταῦθα
1633 3471 1896 3559 ἤλθομεν,

439 3557 547 3624 γὰρ
595 3558 877 3625 ἄνθρωπος
927 3560 1166 3630 ήγαγεν,
1216 3565 1303 3618 ἴνα
1357 3567 1640 3638 ἄνθρωπος
1697 3557 2004 3649 καταλύσῃξ

440 3639 624 3692 Ταῦτα
651 3641 792 3710 λέγω
819 3643 918 3696 οὑκ
943 3647 1355 3718 ἀπονοοὺμενος,
1379 3652 1453 3722 μὴ
1475 3654 1700 3719 γένοιτο,
1721 3659 1841 3710 οὑδέ
1871 3639 2006 3714 ἀλά-

438 3723 805 3795 ζονευόμενος,
838 3727 972 3781 ἀλλά
1015 3730 1075 3782 τὺ
1117 3733 1268 3801 ὑμῶν
1322 3735 1718 3807 σεσαλευμένον
1754 3744 2002 3812 στηρίξαι

437 3811 777 3894 βουλόμενος.
807 3815 1022 3888 Ἐπειδὴ
1054 3816 1184 3889 ἔστη
1218 3821 1250 3890 ή
1279 3821 1451 3889 πόλις,
1487 3824 1809 3894 Ἐκκλησίαν
1829 3811 2000 3883 ὀδιά-

435 3893 587 3957 ϐόλος
615 3896 846 3968 ἠθέλησε
887 3900 1165 3956 σαλεῦσαι,
1209 3904 1388 3975 Μιαρὲ
1435 3908 1527 3958 καὶ
1558 3893 1844 3982 παμμίαρε
1887 3913 2002 3968 διά-

433 3976 577 4040 ϐολε,
602 3980 794 4050 τοίχων
823 3984 884 4035 οὑ
911 3987 1248 4056 περιεγένου,
1295 3989 1388 4040 καὶ
1426 3991 1746 4064 Ἐκκλησίαν
1774 3998 2000 4068 προσδο-

431 4061 534 4148 κςς
566 4062 861 4148 σαλεῦσαι;
887 4067 977 4135 Μὴ
999 4068 1107 4138 γὰρ
1148 4071 1216 4124 ἐν,
1234 4073 1434 4142 τοίχοις
1459 4078 1492 4144 ἡ
1534 4061 1830 4148 Ἐκκλησία
1846 4099 1860 4148 ;
1909 4083 1997 4137 Ἐν

427 4141 506 4212 τῷ
535 4143 729 4213 πλήθει
775 4148 881 4199 τῶν
921 4151 1127 4201 πιστῶν
1177 4155 1210 4221 ἡ
1271 4141 1585 4228 Ἐκκλησία.
1648 4163 1777 4216 Ἰδοὺ
1840 4167 1994 4220 πόσοι

428 4223 610 4277 στῦλοι
658 4228 896 4298 ἑδραῖοι,
941 4231 1000 4281 οὑ
1049 4233 1252 4304 σιδήρῳ
1290 4223 1578 4308 δεδεμένοι,
1624 4245 1760 4297 ἀλλά
1815 4248 1994 4302 πίστει

425 4310 765 4381 ἐσφιγμένοι.
825 4315 899 4366 υὺ
953 4313 1094 4383 λέγω
1130 4319 1211 4370 ὅτι
1258 4322 1510 4375 τοσοῦτον
1564 4326 1766 4396 πλῆθος
1822 4332 1992 4402 πυρὸς

426 4394 803 4479 σφοδρότεροψ
835 4394 950 4448 ἀλλ’
978 4397 1122 4463 οὔτε,
1153 4403 1200 4454 εί
1255 4397 1335 4466 εἷς
1376 4401 1465 4474 ἦν,
1501 4394 1839 4479 περιεγένου.
1882 4394 1990 4468 Καὶ

421 4473 604 4542 οἶδας,
645 4475 734 4532 οἶά
793 4497 874 4534 σοι
926 4483 1218 4554 τραύματα
1275 4473 1544 4559 παρέσχον
1589 4495 1638 4544 οί
1689 4496 1985 4566 μάρτυρες.

419 4561 652 4650 ξίσῆλθε
686 4563 948 4628 πολλάκις
986 4567 1119 4638 κόρη
1153 4569 1333 4643 ἁπαλὴ
1381 4561 1782 4646 ἀπειρόγαμοςί
1813 4561 1985 4650 κηροῦ

415 4638 484 4713 ἦν
507 4644 855 4718 ἁπαλωτέρα,
891 4650 986 4702 καὶ
1019 4651 1225 4724 πέτρας
1255 4638 1468 4722 ἐγένετο
1495 4638 1851 4730 στερεωτέρα.
1872 4638 1986 4726 ιίὲὶις

397 4717 656 4799 ’πλευράς
683 4717 851 4803 αὑτῆς
885 4734 1050 4799 ἐξεες,
1087 4739 1180 4790 καὶ
1213 4737 1308 4809 τὴν
1338 4739 1516 4794 πίστιν
1544 4742 1716 4812 αὑτῆς
1742 4745 1841 4798 οὑκ
1865 4748 1985 4801 έλα-

415 4813 540 4907 ea?“
578 4816 834 4907 Ἠῗόνησε
861 4821 957 4891 τῆς
991 4823 1190 4907 σαρκὸς
1242 4828 1275 4897 ἡ
1305 4825 1486 4895 φύσις,
1510 4830 1603 4881 καὶ
1646 4832 1746 4885 οὑκ
1775 4833 1982 4907 ἀπηγο-

415 4894 583 4965 ρεύθη
621 4899 718 4968 τῆς
739 4901 973 4966 πίστεως
1006 4907 1038 4976 ή
1072 4894 1324 4979 δύναμινςον
1361 4911 1667 4966 ἐδαπανᾶτο
1697 4915 1756 4968 τὸ
1790 4894 1977 4989 σῶμα,

410 4979 1139 5069 ἐνεανιεύετοῗφρόνημαο
1167 4994 1490 5064 ἀνηλίσκετο
1527 4996 1583 5050 δὲ
1613 4999 1645 5069 ή
1674 4999 1851 5066 οὑσία,
1874 4979 1978 5056 ’καί

409 5063 602 5157 ἔμενεν
629 5067 663 5138 ἡ
695 5063 1265 5157 εὑλάϐεια.71“υναικος
1284 5082 1343 5132 οὑ
1368 5063 1682 5152 περιεγένου
1711 5063 1860 5157 μιᾶς,
1882 5089 1977 5140 καὶ

352 5176 360 5181 -
404 5149 658 5205 τοσούτου
681 5156 1060 5225 περιγενέσθαι
1078 5160 1248 5231 δήμου
1269 5149 1600 5239 προσδοκᾷς;
1622 5173 1735 5226 Οὑκ
1755 5175 1974 5240 ἀκούεις

404 5233 498 5284 τοῦ
526 5232 728 5303 Κυρίου
755 5236 1022 5305 λέγοντος,
1054 5242 1236 5297 Ὅπου
1266 5232 1375 5300 δύο
1404 5250 1440 5317 ἢ
1475 5232 1629 5318 τρεῖς
1662 5259 1781 5310 εἱσι
1821 5277 1974 5313 συν-

402 5316 647 5411 ηγμένοι
678 5322 792 5411 ..εἰς
836 5323 902 5375 τὸ
954 5323 1141 5411 ὄνομά
1189 5345 1332 5396 μου,
1382 5316 1514 5386 ἐκεῖ.
1548 5316 1664 5405 εἰμι
1696 5341 1766 5392 ἐν
1796 5342 1966 5411 μέσῳ

402 5397 637 5463 αὐτῶν;
678 5402 852 5455 Ὅπου
899 5406 1150 5470 τοσοῦτος
1188 5411 1357 5481 δῆμος
1394 5397 1964 5495 ἀγάπῃ-ἐσφιγμένοῇ

401 5487 465 5540 οὑ
493 5487 790 5559 πάρεστιν;
827 5493 972 5563 Ἐχω
1001 5495 1166 5548 αὑτοῦ
1201 5501 1475 5571 ἐνέχυρον·
1650 5512 1758 5583 γὰρ
1795 5518 1968 5589 οξκείᾳ

405 5570 428 5589 ι.
468 5588 471 5589 ,
509 5573 522 5589 ,
653 5573 678 5589 η
734 5576 746 5589 .
772 5576 825 5589 .-
885 5579 922 5589 .,
1188 5587 1206 5589 _
1445 5588 1450 5589 ,

399 5570 626 5667 δυνάμει
652 5573 863 5647 θαρρὦς
884 5579 922 5630 Γ
928 5587 1266 5650 ραμματεῖον
1305 5570 1469 5642 αὑτοῦ
1761 5570 1967 5657 Ἐκεῖνό

1192 251 1249 306 S.
1286 250 1568 313 JOANNIS
1603 258 2085 322 CHRYSOSTOMI
2125 269 2443 329 ARCHIEP.
2485 273 3030 336 CONSTANTINOP.

3625 304 3730 360 450

2171 403 2501 476 ἀκύμαντος.
2537 409 2658 463 Κᾶν
2683 410 2714 479 ή
2744 410 3034 480 οἰκουμένη
3061 413 3417 481 ταράττηται,
3453 416 3514 469 τὸ
3545 435 3729 490 γραμ-

2166 491 2386 555 ματεῖον
2434 491 2678 559 κατέχω·
2735 490 2880 560 αὑτῷ
2912 492 2982 560 (ἶ.
3015 492 3184 561 αὑτὸ)
3236 495 3622 562 ἀναγινώσκω·
3659 503 3729 556 τά

2165 569 2464 639 γράμματα
2494 574 2678 626 ἐκεῖνα
2714 576 2889 641 τεῖχος
2947 575 3069 642 ἐμοὶ
3119 575 3212 627 καὶ
3259 579 3546 644 ἀσφάλεια.
3593 583 3728 636 Ποῖα

2159 649 2365 714 ταῦτας
2405 654 2549 722 Ἐγὼ
2591 655 2719 722 μεθ’
2764 653 2929 722 ὑμῶν
2969 658 3082 724 εἶμι
3116 656 3319 724 πάσας
3364 662 3469 726 τὰς
3506 663 3726 731 ἡμέρας

2155 730 2268 798 ἕως
2300 733 2410 800 τῆς
2439 737 2792 802 συντελείας
2811 737 2914 790 τοῦ
2935 738 3166 805 αἰῶνος.
3186 742 3416 811 Χριστὸς
3435 747 3550 814 μετ’
3567 730 3721 816 ἐμοῦ,

2157 815 2254 866 καὶ
2284 816 2404 868 τίνα
2432 818 2841 889 φοϐηθήσομαι;
2885 819 3001 873 Κᾶν
3041 821 3259 891 κύματα
3303 830 3424 878 κατ’
3455 815 3718 896 ἐμοῦίδιεο

2158 897 2428 969 γείρηται,
2467 901 2570 954 κᾶν
2601 901 2834 972 πελάγη,
2887 903 2988 956 κᾶν
3043 905 3318 975 ἀρχόντων
3372 908 3553 980 θυμοίο
3603 915 3722 983 ἐμοὶ

2154 980 2328 1034 ταῦτα
2363 983 2537 1036 πάντα
2570 985 2811 1056 ἀράχνης
2865 987 3238 1059 εὑτελέστερα.
3289 993 3397 1044 Καὶ
3443 996 3490 1045 εἰ
3536 995 3610 1065 μὴ
3638 980 3724 1050 διὰ

2152 1063 2250 1132 τὴν
2279 1065 2551 1136 ὑμετέραν
2577 1069 2823 1150 ἀγάπην,
2835 1069 2954 1121 οὑδὲ
2976 1071 3214 1141 σήμερον
3238 1071 3302 1125 ἂν
3321 1063 3724 1150 παρῃτησάμην

2149 1146 2425 1201 ἀπελθεῖν.
2474 1151 2583 1201 Ἀεὶ
2633 1151 2740 1221 γὰρ
2770 1149 2931 1219 λέγω,
2974 1154 3170 1220 Κύριε,
3222 1155 3288 1209 τὸ
3337 1157 3452 1209 σὸν
3493 1146 3724 1229 θέλὴμὶι

2147 1229 2434 1296 γενέσθω·
2464 1232 2538 1301 μὴ
2570 1234 2597 1284 ὃ
2632 1251 2685 1285 τι
2711 1235 2739 1285 ὀ
2766 1233 2934 1300 δεῖνα,
2976 1237 3070 1288 καὶ
3097 1237 3126 1287 ὁ
3163 1237 3331 1300 δεῖνα,
3358 1240 3469 1292 ἀλλ’
3496 1242 3550 1294 εί
3573 1261 3626 1296 τι
3655 1247 3720 1298 σὺ

2150 1308 2347 1378 βούλει.
2372 1308 2546 1376 Οὗτος
2574 1316 2696 1398 ἐμοὶ
2723 1316 2950 1388 πύργος,
2983 1317 3139 1370 τοῦτο
3163 1319 3286 1388 ἐμοὶ
3314 1321 3486 1391 πέτρα
3521 1324 3718 1398 ἀκίνη-

2145 1408 2258 1456 τοςο
2291 1394 2449 1448 τοῦτο
2483 1397 2604 1467 ἐμοὶ
2634 1397 2904 1470 βακτηρία
2927 1400 3344 1472 ἀπερίτρεπτος.
3381 1403 3442 1456 Εί
3471 1394 3718 1474 βούλεται

2143 1475 2171 1526 ὀ
2201 1475 2332 1539 Θεὸς
2353 1477 2510 1532 τοῦτο
2533 1481 2804 1548 γενέσθαι,
2837 1483 3088 1550 γινέσθω.
3119 1485 3182 1536 Εί
3217 1484 3462 1554 βούλεται
3485 1489 3718 1546 ἐνταῦθα

2142 1554 2280 1612 εἷναί
2311 1578 2401 1629 με,
2436 1564 2594 1633 χάριν
2621 1563 2746 1633 ἔχω.
2776 1565 2950 1618 Ὅπου
2986 1565 3251 1636 βούλεται,
3279 1570 3606 1641 εὐχαριστῶ.

2211 1648 2280 1708 γ’.
2316 1644 2522 1714 Μηδεὶς
2543 1646 2686 1716 ὑμᾶς
2707 1647 3024 1716 θορυϐείτω’
3060 1653 3177 1713 ταῖς
3194 1653 3380 1722 εὐχαῖς
3397 1657 3710 1726 προσέχετε.

2141 1723 2326 1778 Ταῦτα
2348 1726 2600 1796 ἐποίησεν
2631 1729 2660 1779 ὀ
2699 1727 2962 1794 διάϐολος,
2998 1731 3084 1784 ἵνα
3116 1733 3321 1806 ἐκκόψῃ
3349 1723 3448 1806 τὴν
3473 1723 3710 1811 σπουδὴν

2136 1807 2233 1878 τὴν
2255 1811 2380 1879 περὶ
2408 1809 2505 1874 τάς
2531 1810 2819 1875 λιτανείας.
2851 1813 2988 1867 Ἀλλ’
3005 1816 3066 1868 οὑ
3100 1822 3375 1888 προχωρεῖ
3393 1821 3557 1891 αὑτῷ·
3577 1807 3711 1877 ἀλλά

2137 1894 2580 1964 σπουδαιοτέρους
2598 1896 2741 1964 ὑμᾶς
2757 1898 2850 1949 καὶ
2867 1896 3224 1970 θερμοτέρους
3247 1903 3579 1973 εὑρήκαμεν.
3601 1905 3707 1958 Αὑ-

2139 1992 2250 2044 ριον
2282 1975 2429 2047 [417]
2464 1979 2544 2040 εἰς
2588 1977 2850 2032 λιτανεῖον
2891 1981 3239 2050 ὲξελεύσομαι
3281 1985 3401 2054 μεθ’
3425 1985 3600 2055 ὑμῶν.
3635 1989 3705 2041 Ἢ

2133 2059 2265 2111 ὅπου
2305 2071 2330 2099 ι
2367 2058 2496 2128 ἐγὼ,
2534 2060 2628 2112 καὶ
2652 2061 2809 2129 ὑμεῖς
2829 2062 2977 2115 ἐκεῖ·
3011 2064 3143 2117 ὅπου
3177 2067 3352 2137 ὑμεῖς,
3384 2069 3668 2140 ἐκεῖκάγὼ
3689 2088 3703 2103 ’

2133 2140 2189 2194 ἓν
2218 2143 2378 2213 σῶμά
2418 2145 2616 2214 ἐσμεν·
2649 2146 2710 2197 οὑ
2745 2144 2904 2215 σῶμα
2948 2148 3210 2218 κεφαλῆς,
3242 2151 3302 2203 οὑ
3337 2152 3548 2224 κεφαλὴ
3600 2153 3704 2206 σώ-

2133 2239 2300 2292 ματος
2346 2225 2653 2296 χωρίζεται.
2691 2227 3050 2298 Διειργόμεθα
3092 2230 3170 2300 τῷ
3202 2231 3372 2300 τόπῳ,
3405 2235 3520 2287 ἀλλ’
3565 2237 3701 2305 ἠνώ-

2132 2307 2271 2376 μεθα
2312 2311 2378 2378 τῇ
2425 2309 2646 2380 ἀγάπη·
2676 2310 2796 2363 οὑδὲ
2837 2311 3066 2374 θάνατος
3109 2313 3362 2382 διακόψαι
3393 2315 3698 2387 δυνήσεται.

2128 2391 2246 2445 Κᾶν
2290 2393 2398 2462 γὰρ
2450 2393 2694 2465 ἀποθάνῃ
2733 2411 2833 2464 μου
2875 2395 2936 2448 τὸ
2985 2395 3166 2466 σῶμα,
3213 2398 3278 2469 ζῇ
3313 2400 3345 2468 η
3389 2399 3566 2472 ψυχὴ,
3608 2403 3703 2455 καὶ

2128 2475 2399 2543 μέμνηται
2417 2474 2510 2526 τοῦ
2532 2474 2704 2544 δήμου
2724 2492 2739 2504 ·
2769 2475 2926 2545 ὑμεῖς
2958 2476 3081 2547 ἐμοὶ
3112 2477 3370 2548 πατέρες⁶
3403 2484 3519 2546 πῶς
3549 2485 3702 2554 ὑμῶν

2122 2556 2355 2626 δύναμαι
2405 2555 2784 2624 ἐπιλαθέσθαι;
2833 2560 2991 2628 ὑμεῖς
3041 2561 3165 2630 ἐμοὶ
3221 2564 3484 2636 πατέρες,
3542 2567 3701 2638 ὑμεῖς

2121 2641 2244 2709 ἐμοὶ
2283 2639 2417 2712 ζωὴ,
2445 2642 2601 2711 ὑμεῖς
2631 2642 2750 2710 ἐμοὶ
2796 2642 3166 2713 εὑδοκίμησις.
3203 2645 3327 2699 Ἐάν
3365 2649 3523 2718 ὑμεῖς
3561 2668 3697 2722 προ-

2121 2723 2345 2792 κόψητε,
2386 2724 2496 2792 ἐγὼ
2528 2723 2820 2796 εὑδοκιμῶ’
2852 2725 2993 2779 ὥστε
3033 2729 3155 2798 ἐμοὶ
3204 2729 3316 2800 ζωὴ
3367 2732 3596 2798 πλοῦτος
3638 2738 3700 2791 ἐν

2119 2805 2196 2874 τῷ
2231 2805 2479 2876 ὑμετέρῳ
2529 2809 2704 2860 κεῖται
2748 2807 3024 2879 θησαυρῷ.
3063 2809 3202 2879 Ἐγὼ
3258 2814 3518 2885 μυριάκις
3549 2819 3695 2892 ὑπὲρ

2119 2887 2273 2958 ὑμῶν
2297 2889 2571 2958 σφαγῆναι
2595 2889 2808 2960 ἕτοιμος
2836 2892 2949 2956 (καὶ
2971 2893 3226 2962 οὐδεμίαν
3254 2898 3412 2966 χάριν
3445 2887 3690 2970 παρέχω,

2116 2972 2254 3026 ἀλλά
2289 2973 2384 3026 καὶ
2410 2973 2630 3044 ὀφειλὴν
2669 2974 3002 3044 ἀποδίδωμ’
3045 2976 3098 3027 '0
3133 2977 3238 3049 γὰρ
3277 2980 3501 3048 ποιμὴν
3528 2985 3561 3035 ό
3590 2999 3695 3036 κα-

2115 3053 2227 3121 λὸς
2257 3053 2372 3124 τὴν
2396 3055 2610 3124 ψυχὴν
2648 3056 2834 3109 αὐτοῦ
2866 3056 3106 3124 τίθησιν
3140 3061 3294 3129 ὑπὲρ
3327 3062 3446 3117 τῶν
3472 3067 3692 3134 προϐἁι

2115 3136 2276 3207 τῶν),
2308 3138 2401 3190 καὶ
2441 3140 2716 3208 σφαγῆναι
2751 3139 3029 3208 μυριάκις,
3070 3144 3165 3196 καὶ
3200 3147 3400 3215 μυρίας
3447 3149 3692 3217 κεφαλὰς

2114 3219 2516 3290 ἀποτμηθῆναι.
2556 3221 2709 3290 Ἐμοὶ
2740 3223 2768 3274 ὀ
2797 3220 3022 3285 θάνατος
3046 3216 3200 3288 οὗτος
3239 3216 3534 3294 ἀθανασίας
3566 3232 3691 3285 ὑπό·

2113 3301 2280 3365 θεσις,
2324 3303 2448 3372 ἐμοὶ
2489 3303 2544 3354 αί
2585 3302 2866 3356 ἐπιϐουλαὶ
2899 3299 3058 3358 αὗται
3099 3307 3397 3376 ἀσφαλείας
3435 3314 3684 3385 ἀφορμή.

2111 3383 2203 3455 Μὴ
2241 3383 2346 3455 γάρ
2373 3384 2462 3436 διὰ
2508 3388 2765 3455 χρήματα
2809 3386 3250 3460 ἐπιϐουλεύομαι,
3287 3392 3373 3445 ἵνα
3421 3383 3683 3465 λυπηθῶς

2113 3468 2188 3538 μὴ
2213 3468 2322 3538 γὰρ
2346 3467 2412 3519 δι’
2438 3469 2657 3539 ἀμαρτή
2667 3485 2832 3538 ματα,
2864 3468 2952 3521 ἵνα
2976 3470 3232 3542 ἀλγήσω;
3257 3474 3356 3527 Διά
3387 3475 3478 3529 τὸν
3507 3477 3686 3549 ἔρωτα

2106 3548 2199 3601 τὸν
2234 3549 2360 3618 περὶ
2393 3550 2566 3620 ὑμᾶς·
2609 3551 2793 3622 ἐπειδὴ
2848 3553 3025 3604 πάντα
3077 3555 3233 3618 ποιῶ,
3267 3555 3405 3609 ὥστε
3441 3548 3582 3628 ὑμᾶς
3625 3562 3685 3615 έν

2107 3632 2380 3703 ἀσφαλείᾳ
2416 3635 2614 3702 μεῖναι,
2648 3632 2784 3686 ὥστε
2820 3635 3022 3704 μηδένα
3064 3639 3440 3705 παρεισελθεῖν
3469 3644 3532 3710 τῇ
3564 3658 3681 3696 ποι-

2113 3732 2243 3787 μνῃ,
2268 3715 2409 3769 ὥστε
2441 3721 2618 3786 μεῖναι
2653 3719 2910 3789 ἀκέραιον
2936 3720 2996 3772 τὸ
3025 3723 3293 3792 ποίμνιον.
3331 3726 3394 3776 Ἥ
3426 3726 3680 3786 ὑπόθεσις

2103 3797 2213 3851 τῶν
2243 3797 2467 3867 ἀγώνων
2504 3802 2664 3870 ἀρκεῖ
2705 3817 2793 3869 μοι
2823 3803 2901 3863 είς
2937 3803 3216 3871 στέφανον.
3247 3805 3312 3857 Τί
3345 3807 3452 3878 γάρ
3479 3808 3545 3862 ἂν
3576 3810 3680 3863 πά-

2107 3880 2253 3950 θοιμι
2284 3882 2421 3952 ὑπὲρ
2466 3883 2651 3951 ὑμῶνς
2695 3883 2880 3953 Ὑμεῖς
2926 3886 3047 3955 ἐμοὶ
3086 3887 3320 3953 πολῖται,
3357 3891 3513 3960 ὑμεῖς
3553 3894 3678 3962 ἐμοὶ

2103 3965 2358 4035 πατέρες,
2386 3966 2541 4034 ὑμεῖς
2565 3966 2685 4036 ἐμοὶ
2712 3966 2946 4034 ἀδελφοὶ,
2971 3969 3126 4038 ὑμεῖς
3154 3972 3277 4041 ἐμοὶ
3307 3975 3489 4039 τέκνα,
3517 3976 3676 4044 ὑμεῖς

2103 4049 2225 4114 ἐμοὶ
2259 4048 2414 4117 μέλη,
2442 4049 2595 4118 ὑμεῖς
2622 4051 2744 4116 ἐμοὶ
2775 4049 2954 4119 σῶμα,
2983 4052 3138 4121 ὑμεῖς
3159 4055 3280 4124 ἐμοὶ
3308 4055 3441 4123 φῶς,
3477 4058 3676 4127 μᾶλλον

2099 4129 2156 4182 δὲ
2180 4130 2274 4182 καὶ
2300 4129 2393 4182 τοῦ
2419 4130 2594 4198 φωτὸς
2621 4130 2808 4183 τούτου
2833 4131 3064 4200 γλυκύτε
3075 4152 3173 4206 ροι,
3206 4137 3270 4190 Τί
3299 4139 3408 4210 γὰρ
3433 4139 3674 4193 τοιοῦτον

2099 4213 2326 4282 παρέχει
2367 4215 2516 4294 μοιή
2565 4215 2756 4266 ἀκτῖνα
2779 4214 2806 4254 1³
2844 4211 2954 4268 οἷον
2987 4219 3020 4284 ὴ
3059 4219 3298 4286 ὑμετέρα
3348 4222 3568 4294 ἀγάπη;
3610 4224 3671 4278 Ἡ

2097 4294 2291 4348 ἀκτῖνα
2323 4297 2379 4347 ἐν
2406 4293 2484 4363 τῷ
2519 4295 2747 4366 παρόντι
2789 4313 2854 4366 με
2889 4297 2988 4368 βίῳ
3021 4299 3239 4365 ὠφελεῖ,
3270 4304 3302 4372 ή
3343 4303 3400 4355 δὲ
3432 4293 3672 4376 ὑμετέρα

2095 4377 2285 4446 ἀγάπη
2315 4376 2574 4466 στέφαὲιόν
2610 4393 2700 4447 μοι
2739 4379 2927 4432 πλέκει
2971 4379 3145 4466 ἐντῷ
3181 4383 3452 4466 μέλλοντι.
3487 4385 3670 4442 Ταῦτα

2093 4457 2149 4508 δέ
2181 4458 2322 4526 λέγω
2361 4460 2439 4521 είς
2469 4453 2584 4512 ὦτα
2628 4459 2966 4513 ἀκουόντων·
3003 4461 3055 4514 τί
3082 4462 3138 4516 δὲ
3168 4454 3277 4517 τῶν
3310 4464 3462 4519 ὤτων
3516 4468 3670 4538 ὑμῶν

2093 4541 2588 4612 ἀκουστικὼτερον;
2644 4543 2925 4607 Τοσαύτας
2980 4545 3191 4616 ἡμέρας
3248 4549 3668 4620 ὴγρυπνήσατε,

2097 4625 2192 4678 καὶ
2225 4625 2377 4679 οὑδὲν
2415 4626 2559 4694 ὑμᾶς
2615 4626 2880 4696 ἔκαμψεν,
2929 4628 2988 4680 οὑ
3037 4630 3230 4699 χρόνου
3269 4633 3444 4701 μῆκος
3495 4633 3668 4703 μαλα-

2091 4710 2364 4779 κωτέρους
2411 4711 2555 4779 ὑμᾶς
2604 4710 2878 4780 ἐποίησεν,
2923 4711 2984 4764 οὑ
3025 4713 3214 4778 φόϐοι,
3264 4716 3363 4768 οὑκ
3408 4718 3660 4771 ἀπειλαί·

2090 4793 2228 4862 πρὸς
2269 4793 2446 4844 πάντα
2475 4792 2724 4861 ἐγένεσθε
2769 4796 3023 4860 γενναῖοι.
3064 4796 3172 4849 Καὶ
3196 4798 3248 4850 τί
3284 4798 3442 4868 λέγω,
3485 4803 3664 4869 ἐγένε-

2088 4874 2212 4941 σθε;
2241 4875 2410 4928 Τοῦτο
2437 4876 2573 4946 ὅπερ
2599 4875 2902 4946 ἐπεθύμουν
2938 4879 3045 4937 ἀεὶ,
3081 4885 3526 4954 κατεφρονήσατε
3553 4884 3662 4939 τῶν

2085 4957 2352 5025 βιωτικῶν
2403 4958 2764 5029 πραγμάτων,
2799 4960 3140 5024 ἀπετάξασθε
3181 4967 3246 5034 τῇ
3290 4969 3394 5035 γῇ,
3440 4968 3520 5030 είς
3568 4968 3661 5024 τὸν

2081 5042 2310 5112 οὐρανὸν
2340 5043 2631 5114 μετέστητε
2651 5061 2662 5072 ·
2690 5043 3045 5114 ἀπηλλάγητε
3082 5045 3189 5097 τῶν
3222 5047 3532 5117 συνδέσμων
3560 5051 3655 5104 τοῦ

2083 5124 2366 5196 σώματος,
2423 5125 2560 5196 πρὸς
2613 5125 2708 5195 τὴν
2751 5129 3026 5198 μακαρίαν
3083 5129 3298 5202 ἐκείνην
3359 5132 3655 5202 ἀμιλλᾶσθε

2076 5210 2413 5280 φιλοσοφίαν.
2445 5210 2628 5263 Ταῦτα
2659 5212 2783 5280 ἐμοὶ
2818 5213 3099 5282 στέφανοι,
3147 5213 3321 5267 ταῦτα
3368 5217 3658 5288 παράκληο

2077 5309 2178 5355 σις,
2223 5293 2394 5344 ταῦτα
2433 5293 2773 5363 παραμυθία,
2816 5295 2989 5347 ταῦτα
3027 5297 3150 5366 ἐμοὶ
3182 5296 3443 5367 ἄλειμμα,
3483 5299 3652 5353 ταῦτα

2075 5373 2212 5443 ζωὴ,
2236 5373 2411 5427 ταῦτα
2448 5374 2744 5437 ἀθανασίας
2777 5376 3051 5439 ὑπόθεσις.

2135 5515 2158 5543 ⁸
2182 5513 2468 5576 Legendum
2505 5515 2699 5565 videtur
2722 5517 2801 5564 καὶ
2825 5518 2963 5580 ὅπου,
2989 5522 3136 5580 atque
3163 5521 3226 5568 ita
3251 5519 3374 5579 legit
3398 5526 3536 5569 vetus
3565 5525 3648 5573 ln-

2070 5582 2277 5637 terpres.

2131 5637 2158 5676 ιι
2189 5637 2245 5683 Ἥ
2275 5638 2456 5687 ἀκτῖνα.
2483 5640 2560 5689 Sic
2580 5639 2628 5688 in
2653 5638 2949 5690 nominatim
2972 5642 3192 5691 dicerent
3219 5643 3372 5692 Grati
3396 5643 3647 5695 hodierni.

404 5671 492 5723 μοι
519 5657 806 5732 βακτηρία,
834 5665 1007 5721 ἐκεῖ·ίὸ
1048 5685 1136 5738 μοι
1169 5671 1454 5743 ἀσφάλεια,
1483 5679 1652 5736 Exivi}
1689 5702 1776 5753 μοι
1802 5688 1963 5761 λιμὴν
2069 5657 2197 5748 Εοῗτ.
