4100 6196
418 253 530 310 429

421 364 696 418 calcitrcre
721 363 872 434 (Act.
905 363 958 418 9.
981 365 1078 434 5).
1128 363 1242 418 Non
1289 365 1551 420 obtundes
1592 363 1837 418 stimulos
1861 404 1876 426 ,
1910 363 2016 415 imo

418 455 686 524 sanguine
712 453 875 523 pedes
901 455 1105 509 inﬁcies
1146 473 1158 506 :
1205 455 1630 524 quandoquidem
1675 455 1865 509 ﬂuctus
1909 467 2013 505 non

419 555 635 614 petram
668 544 966 599 dissolvunt
992 587 1006 611 ,
1037 544 1130 599 sed
1158 545 1256 615 ipsi
1285 546 1336 600 in
1363 561 1606 616 spumam
1633 545 1848 598 abeunt.
1873 543 2014 598 Nihil

421 636 664 692 Ecclesia
690 638 960 706 potentius
984 678 998 702 ,
1027 651 1061 691 o
1083 637 1260 691 homo.
1295 638 1499 693 Bellum
1529 638 1678 692 solve
1707 678 1721 698 ,
1751 652 1817 691 ne
1853 636 2016 689 robur

417 729 685 782 dissolvas
713 737 895 792 tuum;
925 743 991 782 ne
1032 727 1230 783 inferas
1274 729 1406 784 caelo
1452 729 1667 784 bellum.
1711 727 1766 783 Si
1808 727 2012 781 homini

421 816 625 871 bellum
653 816 850 871 inferas
875 858 889 882 ,
917 825 1010 871 aut
1038 818 1217 872 vinces
1243 861 1257 885 ,
1287 829 1378 872 aut
1403 818 1740 889 superaberis
1783 835 1798 871 :
1837 818 1881 872 si
1911 817 2012 872 Ec-

422 909 644 963 clesiam
676 923 950 977 oppugnes
975 949 990 976 ,
1021 911 1234 965 vincere
1256 910 1444 980 nequis
1479 927 1494 964 :
1534 910 1778 965 omnibus
1817 909 2012 980 quippe

423 1001 616 1056 fortior
637 1010 717 1055 est
734 1002 894 1055 Deus.
923 1003 999 1055 An
1023 1003 1325 1055 aunulamur
1352 1002 1621 1058 Domtnum
1644 1002 1667 1054 ?
1693 1019 1755 1054 an
1781 1001 2013 1070 fortiores

418 1091 514 1143 illo
537 1108 709 1144 sumus
738 1091 756 1160 (
785 1092 830 1144 l.
864 1090 991 1145 Cor.
1022 1091 1108 1147 10.
1136 1092 1204 1145 22
1227 1093 1270 1162 )?
1309 1074 1446 1146 Deus
1490 1092 1601 1145 ﬁxit
1647 1100 1699 1145 et
1742 1091 1966 1145 ﬁrmavit
1993 1131 2008 1156 ,

422 1182 544 1249 quis
572 1191 860 1235 concutere
889 1182 1166 1235 tentaverit
1188 1182 1211 1236 ?
1236 1181 1350 1235 Non
1390 1183 1526 1236 nosti
1567 1182 1815 1235 virtutem
1865 1181 2004 1246 ejus.

422 1272 648 1342 Respicit
678 1281 861 1325 terram
887 1314 902 1337 ,
926 1281 972 1326 et
992 1274 1114 1342 facit
1135 1289 1244 1326 eam
1270 1281 1475 1326 tremere
1499 1273 1517 1344 (
1543 1271 1681 1326 Psal.
1710 1271 1830 1325 103.
1856 1270 1924 1324 5‘2.
1947 1270 1963 1339 )
1989 1286 2003 1321 :

415 1362 610 1431 jubet,
661 1372 717 1417 et
765 1379 883 1432 qua:
927 1363 1364 1417 concutiebantur
1403 1363 1553 1416 ﬁrma
1596 1362 1908 1417 consistunt.
1954 1359 2010 1414 Si

415 1471 735 1513 concussam
768 1460 950 1514 urbem
984 1459 1248 1525 ﬁrmavit,
1279 1469 1477 1528 quanto
1511 1459 1676 1526 magis
1713 1456 1999 1510 Ecclesiam

342 1580 346 1582 -
413 1547 633 1605 ﬁrmare
663 1551 900 1619 poterit?
939 1549 1176 1604 Ecclesia
1214 1557 1296 1604 est
1332 1551 1446 1618 ipso
1485 1549 1614 1603 caelo
1656 1547 1878 1601 fortior:
1909 1545 2010 1598 Cte-

412 1642 515 1692 tum
546 1650 592 1693 et
619 1649 752 1694 terra
785 1640 1066 1694 transibunt
1091 1682 1105 1706 ,
1138 1641 1284 1694 verba
1325 1649 1490 1692 autem
1533 1655 1642 1692 mea
1682 1654 1782 1690 non
1843 1645 2007 1689 trans-

414 1731 558 1784 ibunt
603 1733 621 1802 (
653 1731 841 1784 Matth.
869 1732 960 1786 24.
991 1732 1059 1786 35
1086 1732 1126 1802 ).
1159 1730 1289 1797 Qua:
1318 1730 1520 1784 verba?
1565 1728 1643 1782 Tu
1689 1745 1738 1781 es
1786 1726 1967 1779 Petrus
1987 1767 2001 1792 ,

413 1834 460 1876 et
490 1840 637 1892 super
663 1823 793 1876 hanc
813 1839 973 1876 meam
1002 1832 1194 1892 petram
1214 1822 1476 1890 wdificabo
1507 1818 1788 1872 Ecclesiam
1821 1833 2001 1879 meam,

416 1923 462 1964 et
479 1922 639 1983 porta:
652 1914 795 1984 inferi
810 1929 909 1967 non
921 1912 1259 1981 prwvalebunt
1279 1911 1515 1965 adversus
1534 1927 1642 1963 eam
1657 1907 1764 1978 (Id.
1787 1907 1870 1961 16.
1894 1907 1999 1976 18).

488 2002 546 2057 2.
585 2003 638 2058 Si
665 2019 766 2057 non
796 2003 972 2058 credis
1001 2003 1186 2068 verbo,
1216 2003 1375 2058 rebus
1405 2001 1584 2057 crede.
1626 2000 1765 2068 Quot
1791 1999 2000 2070 tyranni

415 2093 706 2148 Ecclesiam
748 2094 1050 2164 opprimere
1089 2091 1468 2148 tentaverunt?
1513 2100 1642 2161 quot
1668 2089 1998 2160 sartagines?

413 2195 543 2256 quot
582 2185 851 2253 fornaces,
875 2185 1105 2242 ferarum
1134 2185 1340 2252 dentes,
1366 2184 1529 2254 gladii
1555 2185 1734 2239 acuti?
1762 2183 1999 2252 nihilque

413 2277 774 2346 perfecerunt.
795 2277 1023 2335 Ubinam
1046 2288 1169 2332 sunt
1189 2278 1368 2333 hostes
1396 2277 1508 2331 illi?
1533 2276 1755 2331 Silentia
1780 2285 1834 2329 ct
1858 2275 1996 2330 obli-

411 2369 552 2422 vioni
579 2368 756 2423 traditi
781 2377 922 2422 sunt.
968 2367 1195 2423 Ubinam
1243 2367 1520 2422 Ecclesia?
1567 2367 1690 2420 Plus
1717 2380 1874 2435 quam
1915 2363 1996 2419 sol

410 2457 757 2526 splendescit.
803 2457 932 2525 Qua:
963 2458 1174 2512 illorum
1219 2465 1371 2512 erant
1399 2457 1659 2512 exstincta
1703 2465 1845 2523 sunt,
1873 2471 1994 2526 qua:

409 2549 475 2601 ad
504 2548 648 2602 illam
669 2557 913 2617 spectant
937 2561 1060 2602 sunt
1087 2548 1422 2602 immortalia.
1442 2547 1496 2604 Si
1519 2563 1639 2603 cum
1664 2548 1816 2617 pauci
1843 2555 1995 2602 erant

409 2635 722 2701 Christiani,
754 2653 858 2691 non
887 2637 1010 2692 victi
1039 2648 1181 2704 sunt,
1217 2637 1428 2708 quando
1457 2637 1603 2693 orbis
1631 2647 1772 2692 totus
1796 2637 1878 2707 pia
1905 2653 1992 2692 re-

410 2725 607 2794 ligione
661 2726 849 2796 plenus
896 2735 997 2791 est,
1041 2727 1309 2797 quomodo
1357 2728 1475 2782 illos
1519 2728 1732 2783 vincere
1781 2727 1994 2796 possis?

410 2816 601 2869 Cretum
635 2827 680 2871 et
710 2826 842 2871 terra
867 2817 1168 2883 transibunt,
1199 2817 1345 2872 verba
1377 2830 1543 2872 autem
1570 2835 1680 2872 mea
1699 2836 1798 2873 non
1829 2828 1993 2872 trans-

409 2908 551 2960 ibunt
595 2905 727 2977 (Id.
777 2908 866 2962 24.
913 2910 982 2964 35
1009 2907 1052 2981 ).
1103 2909 1168 2964 Et
1209 2911 1330 2979 jure
1375 2911 1587 2980 quidem
1646 2927 1659 2964 :
1713 2910 1992 2965 amabilior

408 3000 552 3052 enim
604 3008 687 3053 est
730 3000 966 3054 Ecclesia
1016 3000 1148 3067 Deo,
1190 3015 1348 3070 quam
1391 3001 1577 3055 caelum
1627 3001 1819 3070 ipsum.
1864 3001 1990 3056 (ΣαεΙὶ

407 3105 604 3160 corpus
649 3105 754 3144 non
799 3091 1033 3160 accepit,
1079 3091 1168 3146 sed
1209 3091 1463 3146 Ecclesiae
1497 3107 1712 3146 carnem
1756 3091 1987 3160 accepit;

409 3188 628 3250 propter
656 3180 945 3235 Ecclesium
975 3181 1185 3246 caelum,
1215 3197 1319 3235 non
1354 3190 1566 3250 propter
1591 3181 1776 3235 cadum
1802 3180 1989 3235 Eccle-

407 3273 508 3324 sia.
539 3270 617 3325 Ne
644 3286 737 3326 vos
761 3272 1079 3326 conturbent
1099 3287 1183 3338 ea,
1205 3287 1322 3342 quae
1345 3271 1669 3326 acciderunt.
1691 3271 1836 3325 Hanc
1859 3271 1988 3325 mihi

405 3362 631 3431 gratiam
660 3362 964 3430 praebeatis,
992 3361 1317 3416 immobilem
1350 3362 1530 3416 ﬁdem.
1563 3365 1754 3416 Annon
1781 3361 1989 3416 vidistis

405 3452 631 3505 Petrum
662 3452 1021 3506 ambulantem
1051 3467 1210 3520 super
1228 3467 1411 3522 aquas,
1444 3451 1714 3520 paululum
1743 3451 1989 3505 dubitan-

407 3554 538 3608 tem,
557 3544 610 3597 in
637 3544 927 3613 periculum
953 3544 1336 3598 submersionis
1363 3544 1591 3610 venisse,
1611 3559 1714 3598 non
1741 3545 1808 3599 ob
1828 3559 1990 3614 aqua-

407 3652 525 3688 rum
563 3637 839 3704 impetum,
872 3637 965 3691 sed
997 3638 1064 3691 ob
1113 3637 1235 3692 ﬁdei
1287 3637 1683 3692 infirmitatem?
1725 3638 1859 3692 Num
1891 3639 1990 3692 hu-

405 3727 581 3780 manis
610 3728 824 3782 calculis
868 3727 970 3782 huc
998 3728 1356 3783 accessimus?
1402 3745 1526 3782 num
1570 3728 1730 3783 homo
1765 3745 1860 3783 nos
1889 3730 1986 3783 ad-

405 3817 579 3880 duxit,
614 3827 670 3870 ut
701 3817 859 3872 homo
888 3817 1138 3887 dejiciat?
1167 3818 1292 3873 Haec
1333 3834 1438 3872 non
1482 3835 1548 3874 ex
1576 3820 1876 3889 armgantia
1903 3821 1986 3874 vel

402 3907 657 3977 jactantia
702 3907 844 3974 dico,
873 3908 1032 3975 absit,
1062 3909 1154 3963 sed
1203 3909 1423 3979 utquod
1475 3910 1526 3964 in
1573 3910 1722 3965 vobis
1770 3909 1988 3965 ﬂuctuat

403 3998 794 4052 constabiliam.
824 3999 1084 4066 Quoniam
1105 3999 1286 4054 sedata
1309 4010 1423 4054 erat
1451 4000 1660 4066 civitas,
1692 3999 1984 4053 Ecclesiam

405 4089 652 4144 diabolus
699 4099 984 4144 concutere
1011 4090 1195 4144 voluit.
1225 4089 1270 4144 Ο
1312 4090 1536 4144 sceleste
1582 4099 1638 4144 et
1681 4088 1982 4159 ﬂagitiosis-

403 4181 578 4234 sime!
607 4195 786 4234 muros
810 4196 915 4234 non
937 4181 1268 4252 expugnasti,
1297 4190 1348 4235 et
1376 4181 1665 4236 Ecclesiam
1694 4189 1746 4236 te
1769 4196 1984 4236 succus-

405 4283 590 4324 surum
615 4271 841 4338 speras?
872 4274 952 4324 An
981 4272 1146 4325 muris
1175 4270 1412 4325 Ecclesia
1439 4271 1684 4326 constat?
1714 4271 1768 4325 ln
1807 4273 1985 4325 multi-

409 4359 592 4415 tudine
637 4360 870 4415 ﬁdeliutn
925 4362 1165 4417 Ecclesia
1203 4363 1464 4417 consistit.
1520 4363 1596 4416 En
1627 4378 1783 4432 quam
1815 4362 1984 4417 ﬁrma:

405 4451 690 4518 columnae,
724 4467 827 4505 non
869 4453 1011 4507 ferro
1040 4452 1233 4523 ligatae,
1261 4453 1354 4509 sed
1381 4452 1482 4508 ﬁde
1519 4452 1838 4508 constrictae.
1868 4453 1983 4509 Non

407 4541 528 4594 dico
556 4549 752 4595 tantam
794 4543 1180 4599 multitudinem
1209 4545 1328 4615 igne
1355 4544 1803 4600 vehementiorem
1830 4559 1981 4601 esse:

408 4631 501 4684 sed
555 4645 683 4698 nec,
725 4631 771 4686 si
821 4648 958 4688 unus
1007 4642 1206 4688 tantum
1253 4643 1414 4698 esset,
1463 4649 1786 4704 superasses.
1834 4635 1983 4691 Nosti

412 4730 639 4789 quantas
689 4721 779 4776 tibi
831 4722 1012 4793 plagas
1069 4723 1355 4779 inilixerint
1404 4735 1686 4796 martyres.
1743 4725 1984 4796 lngressa

411 4827 552 4881 saepe
594 4822 676 4866 est
713 4813 885 4882 puella
914 4823 1096 4869 tenera
1139 4815 1356 4884 innupta
1386 4833 1398 4867 :
1430 4829 1552 4869 cera
1603 4816 1814 4869 mollior
1846 4823 1980 4881 erat,

408 4903 498 4957 sed
531 4915 678 4972 petra
708 4903 926 4960 solidior
950 4907 1170 4961 exstitit.
1198 4907 1326 4975 Ejus
1364 4907 1532 4962 latera
1579 4906 1905 4973 lancinabas,
1931 4916 1985 4962 et

410 4992 566 5048 ﬁdem
619 5010 726 5049 non
769 4997 1066 5052 auferebas.
1112 4995 1288 5052 Cessit
1333 5000 1508 5053 carnis
1552 5007 1761 5064 natura,
1812 5011 1985 5066 neque

407 5085 641 5139 concidit
665 5085 787 5140 ﬁdei
817 5087 1018 5152 virtus;
1058 5088 1468 5143 consumebatur
1491 5101 1704 5156 corpus,
1741 5097 1794 5142 et
1821 5087 1986 5142 virili-

410 5186 493 5231 ter
522 5176 710 5245 agebat
730 5179 973 5244 animus;
1026 5179 1402 5234 absumebatur
1435 5179 1748 5243 substantia,
1773 5189 1828 5234 et
1868 5194 1983 5233 ma-

407 5266 570 5320 nebat
599 5269 786 5335 pietas.
815 5269 894 5325 Ne
939 5285 1095 5325 unam
1137 5270 1350 5340 quidem
1381 5270 1657 5326 mulierem
1701 5271 1982 5336 superasti,

408 5367 464 5413 et
495 5369 694 5414 tantum
741 5363 995 5431 populum
1039 5371 1090 5417 te
1135 5369 1504 5431 superaturum
1553 5361 1816 5416 conﬁdis?
1868 5361 1983 5415 Non

406 5449 560 5504 audis
586 5450 865 5506 Dominum
893 5452 1159 5508 dicentem
1185 5470 1198 5506 :
1235 5452 1332 5507 Ubi
1353 5453 1454 5506 duo
1479 5454 1554 5508 vel
1583 5462 1681 5507 tres
1701 5453 1986 5524 congregati

402 5550 525 5592 sunt
547 5541 598 5592 in
629 5558 828 5596 nomine
862 5559 990 5607 meo,
1023 5543 1126 5597 illic
1163 5561 1273 5599 sum
1303 5544 1355 5598 in
1391 5545 1554 5598 medio
1574 5561 1742 5599 eorum
1770 5543 1979 5615 (Matth.

415 5628 505 5684 «ε.
549 5629 679 5698 20)?
727 5634 790 5690 Et
838 5634 926 5689 ubi
977 5644 1080 5693 tam
1131 5651 1444 5693 numerosus
1478 5637 1708 5709 populus
1748 5635 1980 5691 caritatis

1386 254 1613 313 SERMO
1653 252 2026 321 ANTEQUAM
2068 252 2225 307 lR‘ET
2266 252 2330 306 IN
2361 253 2703 311 EXSILIUM.

3594 265 3698 320 430

2128 361 2351 416 vinculis
2379 364 2714 430 constrictus,
2748 381 2851 420 non
2883 366 3094 422 aderit?
3121 368 3249 438 Ejus
3278 369 3464 439 pignus
3493 371 3696 430 habeo:

2122 465 2246 504 num
2269 452 2496 520 propriis
2516 467 2633 508 sum
2659 455 2860 512 viribus
2883 456 3084 512 fretus?
3102 457 3366 528 Scriptum
3384 460 3498 529 ejus
3521 470 3697 518 teneo.

2116 539 2215 593 llic
2246 541 2373 594 mihi
2405 541 2619 598 baculus
2645 561 2659 596 :
2689 544 2804 600 bare
2833 546 2959 600 mihi
2987 547 3278 602 securitas:
3301 548 3387 604 hic
3417 550 3543 604 mihi
3573 564 3697 620 por-

2122 642 2204 686 tus
2235 637 2568 704 tranquillus.
2617 637 2730 691 Etsi
2761 641 3107 694 conturbetur
3140 641 3285 696 orbis
3311 650 3472 709 totus,
3503 643 3699 698 rescri-

2120 731 2265 792 ptum
2299 732 2490 780 teneo:
2519 727 2634 794 ejus
2672 728 2850 783 literas
2886 729 3003 798 lego
3033 747 3046 782 :
3079 731 3166 784 hic
3204 733 3334 785 mihi
3362 748 3563 798 murus,
3595 733 3698 789 hoc

2118 815 2442 882 prtesidium.
2474 816 2616 884 Quas
2657 819 2872 873 literas?
2900 820 3009 891 Ego
3036 820 3287 875 vobiscum
3320 839 3430 876 sum
3469 823 3693 878 omnibus

2117 904 2290 958 diebus
2320 922 2476 976 usque
2499 906 2566 959 ad
2613 913 3090 964 consummationem
3135 913 3308 966 δαναιιὶ
3357 913 3568 982 (Matth.
3600 913 3692 970 98.

2115 993 2230 1066 20).
2260 993 2503 1054 Christus
2529 1014 2758 1066 mecum,
2787 1017 2943 1070 quem
2971 1003 3206 1057 timebo?
3250 1004 3358 1058 Etsi
3383 1003 3574 1060 ﬂuctus
3601 1007 3692 1060 ad-

2115 1101 2325 1141 versum
2357 1104 2443 1144 me
2482 1092 2832 1158 concitentur,
2881 1093 2980 1146 etsi
3026 1094 3207 1159 maria,
3251 1094 3351 1148 etsi
3399 1096 3684 1165 principum

2115 1176 2263 1232 furor
2294 1196 2307 1233 :
2356 1180 2484 1233 mihi
2518 1184 2630 1235 haec
2657 1183 2835 1236 omnia
2862 1198 3054 1238 aranea
3083 1192 3209 1238 sunt
3249 1185 3452 1239 viliora.
3489 1187 3562 1240 Ac
3591 1185 3692 1240 nisi

2114 1269 2306 1325 caritas
2350 1287 2436 1326 me
2465 1285 2640 1328 vestra
2682 1276 3032 1343 detinuisset,
3059 1292 3125 1332 ne
3171 1277 3326 1332 hodie
3354 1279 3563 1348 quidem
3593 1280 3676 1334 ab-

2113 1363 2347 1418 nuissem
2376 1364 2482 1418 alio
2522 1365 2804 1434 proﬁcisci.
2847 1367 3068 1438 Semper
3105 1369 3245 1424 enim
3285 1369 3424 1436 dico,
3459 1369 3684 1436 Domine,

2114 1453 2205 1520 ﬁat
2249 1455 2479 1508 voluntas
2526 1465 2613 1508 tua
2672 1455 2809 1526 (Id.
2858 1457 2908 1512 6.
2956 1459 3021 1512 10
3051 1455 3110 1528 ):
3151 1474 3253 1512 non
3295 1459 3436 1528 quod
3482 1461 3599 1514 talis
3636 1470 3690 1515 et

2114 1543 2252 1608 talis,
2283 1544 2376 1598 sed
2423 1546 2564 1614 quod
2617 1556 2670 1599 tu
2721 1547 2798 1600 vis
2847 1546 3128 1620 [faciam].
3169 1549 3291 1604 [hac
3334 1549 3460 1602 mibi
3505 1551 3686 1614 turris,

2112 1631 2225 1688 haec
2256 1635 2382 1688 mihi
2440 1645 2588 1704 petra
2638 1637 2974 1693 immobilis:
3018 1639 3102 1693 hic
3146 1640 3275 1694 mihi
3321 1640 3539 1695 baculus
3582 1656 3686 1696 non

2108 1728 2381 1782 vacillans.
2415 1728 2468 1784 Si
2515 1730 2568 1783 id
2613 1731 2753 1785 Deus
2783 1732 2928 1798 velit,
2964 1732 3070 1786 ﬁat.
3099 1733 3154 1788 Si
3186 1733 3310 1788 velit
3339 1749 3426 1788 me
3459 1733 3544 1787 hic
3573 1749 3684 1787 ma-

2110 1832 2253 1879 ncrc,
2267 1820 2461 1887 gratias
2478 1820 3000 1893 habeo.Ubicumque
3016 1823 3260 1888 voluerit,
3274 1825 3468 1892 gratias
3487 1824 3679 1878 refero.

2177 1907 2230 1960 ὅ.
2272 1907 2440 1963 Nemo
2486 1925 2581 1963 vos
2635 1912 2917 1966 conturbet
2957 1929 2970 1963 :
3028 1913 3275 1981 precibus
3318 1925 3521 1968 vacate.
3572 1913 3683 1968 lloc

2104 1996 2277 2052 ell'ecit
2304 1997 2566 2065 diabolus,
2599 2009 2656 2055 ut
2682 2011 2915 2055 vestrum
2947 2004 3086 2057 circa
3128 2003 3540 2072 supplicationes
3565 2013 3679 2058 stu-

2103 2088 2247 2143 dium
2283 2089 2646 2160 interciperet.
2679 2091 2784 2148 Sed
2817 2093 2946 2146 nihil
2977 2092 3197 2162 profecit
3224 2112 3236 2148 :
3269 2094 3376 2148 imo
3423 2109 3518 2150 vos
3559 2095 3680 2149 dili-

2100 2181 2367 2250 gentiores
2393 2181 2785 2253 alacrioresque
2812 2183 3127 2238 invenimus.
3154 2183 3285 2239 Cras
3319 2185 3384 2240 ad
3415 2186 3682 2255 supplicao

2102 2271 2299 2326 tionem
2340 2272 2610 2327 vobiscum
2651 2289 2887 2344 pergam.
2915 2275 3090 2345 Atque
3120 2276 3209 2330 ubi
3251 2290 3368 2330 sum
3399 2291 3518 2346 ego,
3571 2277 3680 2332 illic

2098 2369 2152 2416 et
2199 2376 2296 2416 vos
2347 2362 2512 2429 estis;
2557 2364 2646 2418 ubi
2693 2378 2789 2418 vos
2839 2365 3007 2431 estis,
3048 2366 3156 2422 illic
3197 2374 3253 2421 et
3299 2382 3398 2437 ego
3453 2384 3467 2421 :
3516 2383 3678 2422 unum

2098 2465 2291 2521 corpus
2315 2467 2520 2517 sumus,
2553 2470 2726 2525 neque
2761 2471 2956 2526 corpus
2981 2471 3010 2509 a
3037 2458 3228 2527 capite,
3267 2473 3440 2528 neque
3466 2469 3623 2529 caput
3645 2476 3676 2513 α

2098 2559 2323 2615 corpore
2364 2556 2662 2616 separatur.
2712 2548 2855 2604 Loco
2884 2548 3054 2603 dissiti
3094 2565 3298 2617 sumus,
3326 2550 3419 2605 sed
3459 2552 3678 2607 caritate

2091 2635 2381 2707 jungimur,
2410 2653 2583 2708 neque
2624 2655 2770 2694 mors
2806 2642 2920 2712 ipsa
2963 2642 3156 2712 poterit
3196 2641 3526 2697 abscindere.
3559 2644 3669 2697 Etsi

2095 2730 2237 2785 enim
2255 2745 2446 2801 corpus
2461 2746 2638 2786 meum
2671 2734 2946 2797 moriatur,
2967 2734 3108 2788 vivet
3136 2743 3309 2787 tamen
3334 2734 3530 2800 anima,
3553 2750 3673 2804 qua:

2095 2821 2271 2890 populi
2294 2822 2680 2876 recordabitur.
2696 2821 2804 2876 Vos
2820 2821 2949 2876 mihi
2980 2830 3158 2892 patres
3174 2823 3331 2887 estis;
3355 2823 3444 2893 qui
3470 2824 3670 2893 possim

2095 2921 2326 2966 vestrum
2348 2912 2632 2967 oblivisci?
2657 2927 2751 2967 vos
2782 2913 2910 2967 mihi
2940 2921 3134 2982 patres,
3161 2927 3257 2968 vos
3277 2913 3404 2967 mihi
3429 2914 3555 2980 vita,
3574 2927 3670 2969 vos

2096 3001 2224 3054 mihi
2264 3001 2454 3071 gloria.
2496 2999 2552 3056 Si
2581 3016 2676 3056 vos
2719 3001 3030 3072 proﬁciatis,
3081 3001 3133 3057 id
3181 3003 3310 3057 mihi
3348 3002 3402 3056 in
3448 3002 3670 3072 gloriam

2093 3091 2352 3155 vertitur;
2385 3092 2456 3145 ita
2485 3100 2542 3146 ut
2579 3092 2683 3146 vita
2719 3107 2835 3146 mea
2873 3107 2971 3146 ceu
2996 3092 3197 3147 divitia:
3226 3093 3468 3163 quaedam
3507 3093 3558 3147 in
3583 3108 3663 3148 vc-

2093 3191 2206 3238 stro
2227 3183 2459 3251 reposita
2487 3183 2558 3237 sit
2587 3181 2855 3237 thesauro.
2881 3183 3101 3237 Paratus
3128 3199 3247 3238 sum
3272 3183 3338 3238 ad
3363 3184 3522 3237 vitam
3551 3198 3669 3238 sex-

2091 3275 2294 3328 centies
2320 3288 2416 3342 pro
2443 3273 2594 3328 vobis
2621 3272 3014 3336 cﬂ'undendam,
3046 3289 3143 3328 nec
3166 3274 3386 3344 gratiam
3421 3273 3662 3338 exhibeo,

2091 3365 2187 3419 sed
2210 3364 2445 3419 debitum
2478 3365 2648 3419 solvo.
2693 3364 2822 3419 Nam
2857 3363 3031 3418 Bonus
3059 3375 3232 3434 pastor
3258 3365 3479 3417 animam
3522 3379 3667 3417 suam

2091 3455 2179 3509 dat
2203 3471 2295 3525 pro
2321 3455 2491 3508 ovibus
2517 3453 2698 3525 (Joan.
2735 3455 2820 3508 10.
2848 3455 2959 3524 Η).
2991 3453 3176 3508 Millies
3212 3453 3472 3524 jugulcnt,
3512 3455 3668 3508 toties

2090 3555 2247 3615 caput
2271 3545 2602 3600 abscindant.
2630 3545 2771 3600 Mors
2796 3545 2935 3601 enim
2967 3546 3082 3600 talis
3111 3544 3238 3600 mihi
3261 3545 3668 3600 immortalitatis

2089 3643 2173 3691 est
2217 3646 2624 3706 argumentum:
2657 3636 2739 3690 hac
2785 3635 2913 3690 mihi
2964 3635 3169 3688 insidia:
3201 3633 3500 3689 securitatis
3543 3642 3668 3688 sunt

2090 3728 2321 3782 occasio.
2353 3726 2488 3780 Num
2533 3727 2614 3781 ob?
2653 3726 2863 3780 divitias
2905 3725 3108 3779 insidiis
3153 3723 3392 3792 objectus
3425 3737 3563 3788 sum,
3607 3732 3666 3777 ut

2090 3819 2344 3874 doleam?
2375 3834 2500 3873 num
2528 3819 2598 3872 ob
2628 3827 2864 3888 peccata,
2913 3825 2969 3870 ut
3014 3815 3259 3884 lugeam?
3283 3814 3339 3868 ld
3388 3815 3560 3882 patior
3595 3817 3666 3869 ob

2090 3921 2323 3965 vestrum
2353 3925 2624 3974 amorem;
2656 3911 2774 3979 quia
2803 3908 2934 3963 nihil
2963 3923 3068 3961 non
3110 3921 3230 3975 ago,
3258 3915 3315 3960 ut
3337 3921 3434 3960 vos
3463 3906 3516 3960 in
3553 3915 3664 3961 tuto

2090 4001 2456 4068 collocemini;
2487 4009 2546 4054 ut
2575 4015 2732 4054 nemo
2776 3999 2978 4052 alienus
3014 4011 3071 4052 se
3102 3996 3152 4050 iu
3181 3995 3324 4052 ovile
3350 3996 3578 4066 ingerat;
3610 4005 3667 4048 ut

2091 4091 2292 4144 illzesus
2326 4105 2455 4160 grex
2486 4095 2714 4143 maneat.
2763 4086 3079 4141 Ccrtamiuis
3122 4092 3488 4156 argumentum
3533 4083 3662 4138 mihi

2089 4179 2283 4235 sufﬁcit
2308 4179 2372 4233 ad
2395 4192 2668 4234 coronam.
2696 4175 2830 4245 Quid
2857 4176 2996 4230 enim
3025 4174 3194 4245 patiar
3217 4189 3313 4244 pro
3340 4173 3528 4227 vobis?
3558 4173 3664 4227 Vos

2089 4271 2220 4326 mihi
2267 4271 2431 4336 cives,
2473 4283 2570 4323 vos
2598 4267 2725 4322 mihi
2769 4279 2964 4337 patres,
2996 4281 3091 4320 vos
3135 4265 3263 4320 mihi
3316 4263 3526 4328 fratres,
3569 4278 3664 4319 vos

2091 4362 2202 4429 ﬁlii,
2233 4377 2327 4416 vos
2353 4360 2611 4424 membra,
2645 4373 2739 4413 vos
2770 4373 2983 4427 corpus,
3015 4372 3106 4411 vos
3139 4355 3266 4410 mihi
3289 4355 3397 4419 lux,
3432 4355 3536 4408 imo
3563 4354 3662 4408 hac

2088 4454 2207 4508 luce
2236 4453 2528 4508 suaviores.
2562 4449 2700 4518 Quid
2729 4449 2870 4505 enim
2914 4450 3018 4503 tale
3060 4448 3188 4501 mihi
3214 4445 3422 4502 confert
3461 4445 3660 4510 radius,

2088 4545 2242 4614 quale
2285 4552 2460 4598 vestra
2501 4540 2732 4596 caritas?
2779 4539 2976 4593 Radius
3020 4538 3146 4592 mihi
3179 4537 3230 4590 in
3282 4535 3529 4605 prazsenti
3557 4535 3661 4588 vita

2089 4635 2234 4690 utilis
2261 4644 2362 4694 est,
2393 4643 2565 4687 vestra
2605 4641 2782 4686 autem
2813 4630 3005 4684 caritas
3034 4641 3284 4682 coronam
3325 4623 3454 4678 mihi
3497 4623 3661 4678 nectit

2090 4725 2142 4778 in
2172 4723 2370 4780 futuro.
2397 4723 2523 4779 llaec
2553 4735 2710 4791 porro
2738 4721 2856 4775 dico
2883 4719 2936 4772 in
2963 4731 3120 4771 aures
3144 4725 3385 4770 vestras:
3413 4714 3539 4785 quid
3566 4729 3659 4768 au-

2090 4824 2194 4870 tem
2241 4823 2324 4869 est
2366 4813 2432 4868 ad
2479 4811 2800 4868 audiendum
2832 4807 3127 4879 promptius
3167 4806 3385 4861 auribus
3430 4805 3660 4860 vestris?

2088 4905 2191 4959 Tot
2233 4904 2419 4958 diebus
2447 4903 2720 4972 vigilastis,
2749 4898 2986 4968 nihilque
3014 4911 3109 4952 vos
3155 4896 3428 4952 innectere
3467 4896 3657 4968 potuit,

2089 5010 2194 5049 non
2227 4993 2478 5063 temporis
2500 4990 2817 5045 diuturnitas
2843 4988 3116 5052 emollivit,
3148 5004 3250 5042 non
3283 4988 3523 5053 timores,
3555 5003 3658 5041 non

2089 5085 2280 5138 mium:
2312 5082 2375 5135 ad
2421 5080 2596 5134 omnia
2627 5091 2871 5132 strenuos
2905 5091 3000 5132 vos
3042 5077 3375 5131 exhibuistis.
3426 5076 3491 5130 Et
3532 5075 3657 5146 quid

2087 5173 2225 5234 dico,
2252 5187 2346 5226 vos
2373 5169 2726 5226 exhibuistis?
2772 5167 2920 5234 Quod
2959 5181 3172 5236 semper
3195 5175 3521 5235 optaveram,
3549 5179 3653 5219 sm-

2089 5266 2291 5321 cularia
2338 5263 2673 5333 despexistis,
2705 5269 2859 5316 terra:
2899 5259 3017 5314 vale
3058 5258 3304 5318 dixistis;
3361 5273 3390 5310 a
3439 5257 3662 5311 vinculis

2088 5355 2329 5424 corporis
2355 5367 2451 5406 vos
2492 5350 2854 5421 expedivistis,
2881 5349 2946 5402 ad
2978 5348 3185 5402 beatam
3237 5348 3376 5400 illam
3422 5346 3660 5414 philoso-

2091 5447 2266 5518 phiam
2299 5443 2540 5500 ccrtatim
2586 5441 2927 5514 properastis.
2962 5440 3087 5495 Hzec
3116 5439 3242 5494 mihi
3289 5453 3486 5493 corona
3513 5445 3656 5500 sunt,

2092 5539 2205 5594 haec
2230 5537 2542 5602 consolatio,
2570 5535 2683 5592 haec
2705 5534 2900 5602 unctio,
2933 5533 3047 5588 bzcc
3079 5533 3204 5599 vita,
3234 5529 3346 5583 hmc
3375 5526 3654 5581 immorta-

2092 5631 2250 5686 litatis
2271 5638 2656 5701 argumentum.
