4100 6196
437 217 528 272 45!

509 331 562 382 4.
604 327 804 402 (a)Sed
836 330 993 388 video
1026 331 1286 400 quosdam
1319 333 1406 401 qui
1439 332 1565 386 mihi
1604 343 1849 388 auctores
1876 344 2017 401 sunt,

442 430 499 472 ut
527 421 581 473 in
607 420 947 490 dogmatibus
976 423 1111 475 meis
1138 422 1400 474 insistam.
1431 422 1690 491 Pleraque
1725 423 1867 476 enim
1905 439 2025 492 pro~

439 524 597 578 spera
627 511 681 564 in
705 512 1032 566 contrarium
1059 513 1273 575 cedunt,
1303 512 1555 580 quoniam
1587 514 1643 579 ii,
1666 514 1858 583 quibus
1883 514 2025 568 vide-

441 601 539 653 bar
579 601 697 654 zelo
723 602 911 670 plenus
951 616 1092 667 esse,
1135 600 1187 654 id
1231 601 1566 670 improbitate
1594 617 1687 656 sua
1719 613 1942 674 egerunt
1970 613 2027 658 ut

439 691 778 746 conciderem
807 711 822 747 :
852 693 942 762 qui
971 692 1039 746 ad
1069 691 1272 746 libitum
1320 707 1474 748 suum
1515 710 1601 749 me
1641 695 2022 765 deposuerunt,

445 797 542 850 per
561 784 765 837 varium
796 799 973 838 rerum
1000 784 1200 839 exitum
1249 801 1336 842 me
1362 787 1414 842 in
1459 786 1563 844 hoc
1587 790 1879 846 certamine
1907 791 2024 845 vin-

441 881 608 926 cunt:
643 887 748 926 non
801 874 1160 941 minabantur,
1192 877 1286 931 sed
1331 877 1616 934 instabant.
1659 883 1776 939 Jam
1819 889 2026 950 tempus

442 973 608 1016 estea
639 978 910 1031 enarrare,
943 981 1062 1034 qua:
1086 967 1152 1020 ad
1188 983 1359 1021 meam
1388 970 1740 1026 calamitatem
1764 983 2024 1042 spectant.

441 1052 552 1106 Lex
601 1063 703 1119 est,
734 1054 828 1108 sed
875 1056 1147 1126 legislator
1189 1059 1435 1114 vincitur.
1484 1060 1624 1128 Filii,
1657 1077 1752 1129 per
1795 1074 2025 1118 vestram

441 1144 736 1209 caritatem,
757 1146 910 1200 video
926 1148 1348 1218 conjurationem
1374 1151 1440 1205 ad
1466 1152 1661 1208 bellum
1689 1154 2024 1210 inferendum

445 1243 680 1302 paratam
698 1277 713 1300 ,
739 1236 1007 1308 Deumque
1032 1241 1370 1296 contumeliis
1419 1242 1664 1298 allectum
1693 1264 1706 1300 :
1737 1245 1892 1300 video
1930 1245 2026 1300 de-

441 1324 644 1392 lapsum
689 1341 937 1396 agonem,
975 1337 1029 1384 et
1065 1332 1441 1401 agonothetam
1491 1343 1843 1390 maerentem:
1873 1337 2027 1392 video

441 1416 678 1472 veritatis
725 1422 1122 1487 persuasionem
1157 1439 1550 1493 emarcescere,
1579 1436 1633 1482 et
1673 1429 2026 1498 conspiratioâ€”

442 1523 563 1561 nem
609 1524 882 1579 supcrare.
914 1513 1037 1568 Mihi
1081 1515 1156 1570 illi
1185 1516 1480 1585 objiciunt:
1509 1519 1797 1575 Comedisti
1835 1532 1890 1576 et
1936 1522 2028 1577 ba-

445 1597 672 1664 ptizasti.
700 1599 756 1654 Si
789 1600 888 1656 hoc
917 1601 1038 1668 feci,
1070 1607 1353 1661 anathema
1379 1607 1447 1662 sit
1472 1608 1634 1675 mihi;
1669 1626 1736 1665 ne
1777 1627 2028 1667 numerer

443 1692 583 1741 inter
617 1691 932 1760 episcopos;
969 1709 1035 1748 ne
1077 1696 1179 1750 sim
1209 1713 1329 1752 cum
1373 1700 1612 1769 angelis;
1662 1717 1729 1756 ne
1771 1703 1873 1756 sim
1918 1703 2028 1758 Deo

441 1787 711 1846 acceptus.
736 1780 790 1835 Si
820 1798 947 1837 vero
973 1786 1182 1840 comedi
1219 1797 1271 1842 et
1298 1789 1583 1858 baptizavi,
1615 1791 1744 1846 nihil
1775 1794 2026 1862 inoppor-

445 1877 571 1923 tune
602 1869 698 1925 feci
721 1871 822 1941 (b).
872 1875 1099 1930 Attende
1129 1877 1411 1948 diligenter
1446 1881 1510 1935 iis
1542 1897 1658 1951 qua:
1683 1883 1824 1948 dico,
1859 1900 2029 1954 neque

444 1956 605 2012 finem
632 1961 844 2016 dicendi
885 1963 1094 2018 faciam.
1135 1966 1252 2021 Non
1296 1984 1382 2024 me
1408 1970 1551 2041 piget
1576 1972 1740 2042 loqui,
1771 1974 2029 2045 vobisque

443 2057 611 2104 tutum
660 2059 743 2106 est
791 2054 838 2107 si
884 2054 1090 2124 loquar.
1118 2057 1223 2112 Sed
1253 2058 1318 2113 ad
1351 2063 1679 2130 propositum
1723 2064 2025 2121 redeamus.

447 2137 640 2192 Dicunt
684 2157 770 2195 me
816 2144 1111 2199 comedisse
1136 2156 1190 2200 et
1221 2147 1536 2218 baptizasse.
1585 2152 1862 2221 Deponant
1901 2171 2028 2225 ergo

444 2227 686 2296 Paulum,
713 2233 854 2301 quod
885 2244 1003 2301 post
1030 2250 1238 2290 coenam
1269 2240 1476 2294 custodi
1507 2244 1739 2298 carceris
1769 2245 2026 2314 baptisma

442 2320 728 2374 contulerit
778 2321 912 2394 (Act.
967 2325 1054 2380 l6.
1112 2327 1228 2396 55).
1280 2329 1464 2382 Ausim
1513 2331 1711 2398 dicere,
1761 2334 2030 2404 deponant

445 2411 620 2478 ipsum
657 2411 948 2481 Christum,
979 2417 1120 2486 quod
1169 2428 1290 2488 post
1318 2435 1527 2476 caenam
1577 2423 1849 2493 discipulis
1877 2441 2027 2481 com-

443 2501 750 2556 munionem
799 2506 1020 2575 largitus
1064 2509 1152 2562 sit.
1185 2509 1290 2565 Sed
1327 2509 1444 2566 bmc
1484 2514 1639 2569 nobis
1683 2520 2025 2587 congruentia

443 2605 740 2662 magnaque
766 2606 890 2650 sunt
922 2614 935 2650 :
969 2597 1086 2653 haec
1126 2600 1247 2654 laeta
1279 2603 1421 2670 pacis
1450 2605 1599 2674 signa
1630 2623 1643 2659 :
1685 2606 1801 2662 haec
1848 2610 2026 2679 populi

442 2686 706 2739 cncomia.
731 2686 858 2742 Mihi
886 2704 1104 2758 corona,
1139 2694 1290 2749 vobis
1317 2694 1538 2752 fructus.
1567 2698 1674 2753 Sed
1714 2701 1882 2770 scitis,
1915 2703 2024 2757 fra-

444 2781 573 2840 tres,
605 2790 706 2844 qua
740 2777 808 2833 de
841 2795 998 2836 causa
1041 2783 1206 2838 velint
1233 2800 1320 2841 me
1346 2786 1634 2856 deponere.
1666 2790 1798 2857 Quia
1827 2803 2026 2862 tapetes

445 2877 551 2916 non
595 2868 842 2934 expaudi,
872 2885 970 2926 nec
1014 2872 1186 2928 serica
1231 2876 1545 2933 vestimenta
1591 2880 1758 2948 indui,
1803 2892 1858 2938 et
1902 2885 2026 2954 quia

445 2951 682 3020 ipsorum
722 2957 1006 3027 ingluviem
1037 2978 1142 3018 non
1173 2963 1300 3018 fovi.
1331 2966 1587 3026 Floruere
1628 2972 1824 3040 aspidis
1860 2951 2023 3043 fetus,

443 3044 618 3100 adhuc
664 3048 904 3105 relictum
951 3063 1034 3108 est
1059 3055 1321 3113 Jezabelis
1369 3073 1552 3116 semen
1583 3081 1596 3116 :
1627 3078 1809 3119 verum
1853 3066 2027 3124 adhuc

443 3134 602 3190 etiam
629 3139 794 3208 gratia
835 3156 955 3196 cum
985 3142 1134 3199 Helia
1181 3158 1476 3204 concertat.
1510 3153 1620 3222 Age
1657 3154 1788 3210 mihi
1813 3156 1865 3210 in
1907 3173 2024 3214 me-

445 3228 592 3282 dium
639 3231 934 3289 mirabilem
989 3236 1134 3292 illum
1166 3238 1490 3312 divitemque
1535 3245 1656 3299 vitae
1701 3261 2022 3319 praeconem,

443 3319 702 3376 Joannem
742 3323 863 3379 dico
906 3341 1217 3398 pauperem,
1244 3332 1332 3400 qui
1381 3349 1449 3388 ne
1490 3333 1762 3392 lucernam
1810 3339 2024 3409 quidem

447 3411 787 3478 possidebat;
839 3416 932 3470 sed
957 3417 1473 3478 habebatChristum
1504 3425 1801 3496 lampadem
1829 3447 1842 3483 :
1875 3431 2026 3501 cujus

445 3511 603 3568 caput
645 3505 899 3572 expetivit
944 3508 1068 3562 Evre
1113 3513 1524 3570 comministra:
1562 3532 1682 3588 qua:
1729 3528 1784 3574 et
1828 3521 2024 3577 sanctis

443 3592 824 3660 impedimento
849 3597 966 3664 fuit,
994 3616 1111 3670 quae
1137 3604 1424 3672 prophetas
1449 3618 1766 3679 persequuta
1785 3620 1886 3676 est,
1907 3627 2026 3681 qua:

445 3685 630 3741 dolose
659 3688 916 3758 jejunium
948 3693 1280 3763 praedicavit,
1312 3713 1430 3767 qua:
1461 3713 1641 3769 parem
1681 3716 1801 3756 cum
1845 3703 2024 3774 vipera

447 3779 903 3835 nomenclaturam
951 3784 1212 3851 obtinuit,
1263 3803 1454 3858 nempe
1497 3791 1856 3860 saltationem,
1905 3811 2025 3864 qua:

449 3871 672 3935 prandio
703 3874 932 3928 nondum
963 3877 1207 3933 absoluto
1227 3880 1548 3952 saltavit(c).
1570 3883 1687 3938 Non
1713 3885 1872 3940 vitam
1897 3902 2025 3943 con-

443 3960 663 4027 cupivit,
697 3979 800 4016 non
821 3980 978 4033 opum
1008 3968 1224 4036 molem,
1253 3986 1360 4026 non
1389 3974 1535 4044 regni
1557 3974 1887 4046 dignitatem,
1917 3995 2021 4034 non

445 4049 604 4102 aliam
631 4056 932 4122 quampiam
974 4057 1310 4128 facultatem;
1361 4064 1452 4118 sed
1499 4065 1587 4120 dic
1633 4067 1784 4132 mihi,
1816 4085 2018 4139 quaso,

443 4139 569 4205 quid
613 4141 970 4199 desideravit?
997 4147 1166 4216 Caput
1193 4151 1440 4206 hominis.
1473 4155 1609 4221 Quid
1647 4167 1824 4214 autem
1866 4162 2021 4217 dico?

445 4228 562 4283 Non
589 4231 760 4284 solum
795 4232 1043 4304 hominis,
1071 4239 1164 4293 sed
1192 4240 1350 4294 etiam
1382 4247 1739 4316 evangelista.
1770 4251 2018 4307 Attamen

501 4401 956 4486 Ï‚Ï†Î·á½·á½³Î¹á½³Ï„Ï‚Î¾Î¹Î¾á½³ÎµÎ¾Ï‚Î¿
969 4421 1124 4486 sequo
1131 4415 1240 4484 ntur
1255 4413 1619 4486 adjectitiasunt
1638 4425 1690 4470 et
1705 4422 2020 4486 Chrysostomi

438 4476 550 4546 esse
577 4479 670 4546 non
696 4469 921 4546 videntur
941 4508 954 4528 ,
981 4469 1279 4546 utidiximus
1312 4469 1366 4546 in
1390 4481 1563 4546 Moni_to
1588 4495 1600 4528 :
1629 4469 1689 4546 et,
1719 4469 2021 4546 usqâ€˜dÃ©'iaÃ©a

441 4533 660 4599 nutricata
684 4535 798 4599 sunt
822 4538 875 4579 ut
899 4533 1088 4582 nonnisi
1110 4535 1367 4599 divinando
1390 4541 1574 4599 possint
1597 4545 1760 4593 Latine
1785 4533 1940 4596 reddi.

429 4586 683 4709 ,Î±á¼´Î»Î¿Î¹á½³á¼°Î¿
703 4591 796 4640 sibi
841 4605 1036 4654 prorsus
1071 4586 1404 4649 contradicerÃ©
1435 4586 1940 4671 siiiiÃ©iiiiâ€œ,"&in'saï¬iÂ§
1955 4613 2019 4662 sit

736 4707 909 4764 mirum
932 4722 1166 4779 quantum
1190 4719 1271 4771 vel
1293 4722 1476 4785 inepta,
1505 4724 1582 4774 vel
1606 4728 1788 4778 vitiata.

1146 219 1203 274 S.
1241 219 1517 276 JOANNIS
1554 220 2028 277 CHRYSOSTOMI
2064 225 2378 281 ARClllEP.
2420 228 2946 285 CONSTANTINOP.

3615 238 3724 292 452

2135 354 2238 393 non
2285 341 2406 394 vicit
2435 353 2610 409 caput,
2640 342 2768 396 licet
2808 340 3091 412 acceperit.
3131 342 3371 409 Abscidit
3413 356 3577 417 eaput
3624 366 3722 418 pe-

2134 430 2325 496 tendo,
2381 432 2616 500 iniquum
2669 432 2990 486 desiderium
3042 448 3136 502 per
3193 433 3400 488 discum
3456 437 3722 506 implevit.

2138 519 2285 582 Vide,
2315 528 2368 574 et
2414 521 2608 575 mirare
2659 521 2752 576 Dei
2798 524 3064 576 virtutem.
3113 522 3367 594 Coarguit
3418 527 3725 598 inculpatus

2135 606 2314 672 homo,
2343 609 2513 676 capite
2543 619 2814 664 truncatus
2837 619 2918 665 est
2941 627 2955 675 ;
3003 612 3096 666 sed
3120 615 3208 682 qui
3236 615 3408 684 capite
3436 631 3633 684 ctesus,
3668 619 3724 672 in

2133 696 2350 751 dextera
2378 699 2571 754 Christi
2601 710 2702 766 est,
2735 701 2879 754 illam
2919 717 3046 755 vero
3077 703 3474 772 indeprecabile
3516 711 3725 778 suppli-

2133 788 2273 842 cium
2306 789 2519 858 excipit.
2557 790 2760 845 Rursus
2788 791 2904 860 ejus
2931 806 3136 858 semen,
3168 795 3441 863 spinosum
3474 813 3722 867 germen,

2133 882 2326 950 quaerit
2349 889 2403 936 et
2428 881 2659 936 festinat.
2681 881 2786 937 Sed
2827 882 3084 937 Herodias
3121 883 3342 939 Joannis
3370 896 3533 957 caput
3559 904 3726 958 expe-

2136 971 2216 1035 tit,
2245 986 2431 1026 rursus
2456 972 2792 1027 saltationem
2820 973 3014 1027 inimus
3042 987 3146 1027 non
3175 974 3418 1043 pedibus,
3455 975 3554 1031 sed
3585 993 3724 1048 qua-

2134 1062 2238 1116 lem
2267 1063 2429 1118 Maria
2458 1063 2584 1118 olim
2625 1064 2830 1118 ï¬rmam
2871 1072 2925 1118 et
2965 1065 3258 1118 immotam.
3286 1064 3491 1120 Rursus
3523 1068 3728 1123 clamat

2131 1151 2362 1206 Joannes
2390 1167 2452 1207 ac
2481 1153 2610 1207 dicit
2639 1172 2652 1207 :
2687 1151 2807 1208 Non
2835 1154 2950 1208 licet
2990 1155 3082 1207 tibi
3103 1169 3312 1208 uxorem
3339 1155 3521 1211 habere
3542 1160 3728 1228 fratris

2135 1243 2209 1295 tui
2238 1242 2426 1314 (Marc.
2460 1244 2513 1298 6.
2548 1245 2656 1314 18).

2203 1335 2257 1389 5.
2298 1335 2402 1390 Sed
2427 1335 2550 1406 quid
2578 1336 2786 1391 dicam?
2813 1337 3190 1408 Lacrymarum
3215 1346 3299 1392 est
3325 1354 3564 1409 prazsens
3587 1350 3728 1398 tem-

2133 1439 2267 1494 pus:
2299 1427 2475 1480 omnia
2500 1427 2693 1497 quippe
2715 1426 2782 1481 ad
2812 1428 3151 1498 ignominiam
3176 1439 3417 1499 vergunt,
3452 1440 3508 1485 et
3539 1433 3727 1489 omnia

2135 1525 2344 1586 tempus
2365 1517 2585 1587 judicat.
2633 1522 2833 1573 Aurum
2866 1520 3150 1575 universim
3179 1521 3401 1591 gloriam
3429 1525 3588 1592 parit.
3613 1524 3724 1580 Sed

2132 1622 2229 1677 age
2269 1609 2323 1662 in
2359 1610 2594 1664 medium
2635 1610 2796 1665 David
2834 1609 3100 1666 dicentem
3145 1623 3303 1683 atque
3351 1617 3719 1674 clamantem:

2131 1697 2326 1751 Aurum
2368 1700 2412 1752 si
2434 1701 2624 1769 aï¬luat,
2667 1699 2828 1756 nolite
2864 1718 2952 1755 cor
2987 1719 3238 1773 apponere
3281 1703 3451 1774 (Psal.
3483 1707 3574 1762 61.
3603 1709 3720 1778 il).

2133 1791 2203 1844 At
2230 1791 2315 1844 dic
2339 1791 2490 1859 mihi,
2519 1792 2649 1858 Quis
2679 1792 2766 1846 ille
2795 1801 2929 1859 erat,
2953 1794 3041 1862 qui
3061 1794 3218 1848 talem
3246 1810 3432 1850 vocem
3465 1799 3722 1866 protulit?

2134 1882 2325 1941 Annon
2351 1883 2498 1952 regni
2530 1882 2791 1951 fastigium
2822 1883 3149 1952 occupabat?
3176 1898 3352 1940 nonne
3380 1886 3430 1939 in
3458 1888 3604 1957 regia
3625 1904 3722 1958 po-

2135 1979 2325 2028 testate
2349 1973 2719 2043 imperabatâ€™?
2745 1973 2849 2030 Sed
2878 1975 3071 2030 nonad
3101 1976 3338 2046 rapinam
3379 1979 3718 2048 respiciebat,

2134 2079 2240 2117 non
2267 2064 2332 2118 ad
2357 2065 2566 2134 pietatis
2585 2065 3021 2132 destructionem,
3048 2081 3152 2120 non
3173 2067 3395 2122 curabat
3417 2067 3719 2139 thesauros,

2133 2157 2228 2211 sed
2263 2156 2547 2212 militarem
2591 2157 2890 2224 delectum;
2932 2173 3038 2212 non
3068 2159 3248 2213 uxoris
3276 2173 3598 2216 consensum
3629 2178 3723 2218 re-

2133 2249 2395 2318 quirebat.
2445 2249 2631 2319 Fugite
2671 2264 2820 2319 ergo,
2853 2249 3122 2315 mulieres,
3162 2251 3362 2306 alienos
3397 2260 3568 2307 cretus
3600 2275 3614 2311 :
3651 2271 3725 2310 ne

2133 2340 2411 2394 consilium
2436 2354 2656 2408 pravum
2687 2339 2815 2394 viris
2840 2339 3095 2394 dederitis
3121 2359 3134 2395 :
3169 2342 3263 2395 sed
3288 2355 3352 2395 ex
3382 2341 3529 2397 hisce
3558 2343 3725 2399 dictis

2133 2446 2231 2486 vos
2251 2432 2585 2487 conï¬rmate.
2615 2431 2752 2486 Num
2778 2432 3134 2488 exstinximus
3159 2432 3428 2488 ï¬‚ammam
3458 2437 3724 2490 vestram?

2135 2539 2259 2578 num
2291 2524 2583 2579 emollitum
2627 2535 2709 2580 est
2749 2539 2843 2579 cor
2872 2525 3141 2579 vestrum?
3169 2525 3275 2580 Sed
3304 2526 3415 2581 scio
3451 2541 3568 2593 vos,
3602 2543 3723 2597 qua:

2132 2615 2311 2670 Maria:
2351 2616 2476 2670 ï¬lia:
2519 2616 2668 2682 estis,
2714 2617 2992 2670 utilitatem
3034 2625 3363 2686 accepturas.
3412 2619 3547 2672 Aliae
3589 2635 3721 2675 vero

2131 2708 2333 2776 absque
2355 2708 2478 2762 vino
2507 2708 2710 2762 satiatae
2737 2715 2882 2774 sunt,
2913 2716 2968 2763 et
2993 2708 3154 2763 ebria:
3174 2710 3418 2776 avaritia,
3447 2719 3504 2764 ut
3531 2711 3724 2768 beatus

2134 2797 2332 2852 Paulus
2356 2797 2550 2852 clamat
2576 2807 2632 2854 et
2657 2799 2908 2869 prmdicat
2933 2799 3016 2852 his
3042 2799 3222 2854 verbis
3251 2817 3266 2853 :
3294 2800 3466 2854 Radix
3495 2804 3721 2858 omnium

2130 2889 2379 2942 malorum
2390 2889 2600 2942 avaritia
2622 2890 2668 2959 (l
2682 2889 3010 2962 .Tim.6.lO).
3035 2890 3124 2944 Sic
3140 2891 3451 2960 insipientes
3469 2893 3722 2949 mulieres

2129 2994 2288 3036 aures
2333 2995 2458 3037 suas
2503 2981 2772 3048 obturant,
2809 2990 2862 3036 et
2889 2997 2984 3052 pro
3013 2982 3154 3037 bono
3183 2983 3388 3038 semine
3412 2986 3592 3055 Spinas
3623 3003 3720 3056 pa-

2131 3073 2295 3126 riunt.
2339 3071 2425 3136 At,
2473 3072 2719 3138 obsecro,
2772 3088 2840 3128 ne
2879 3089 3066 3130 semen
3095 3083 3338 3129 nostrum
3368 3077 3519 3145 quasi
3557 3092 3720 3147 supra

2130 3170 2334 3231 petram
2377 3161 2656 3232 jaciamus.
2701 3161 2898 3217 Christi
2941 3178 3126 3219 sumus
3168 3163 3510 3234 agricultura,
3553 3181 3586 3220 a
3615 3181 3721 3237 quo

2129 3252 2429 3320 audiamus,
2463 3254 2629 3324 Euge,
2659 3269 2814 3310 serve
2838 3253 3001 3321 bone,
3033 3255 3170 3310 intra
3202 3256 3255 3309 in
3283 3255 3500 3310 domum
3541 3272 3718 3312 meam

2131 3344 2344 3414 (Matth.
2395 3344 2485 3401 25.
2533 3345 2650 3416 23),
2701 3361 2770 3401 ne
2811 3346 2945 3400 forte
2984 3346 3122 3400 illius
3151 3346 3296 3401 vocis
3325 3346 3444 3402 loco
3486 3346 3716 3415 dicatur,

2131 3436 2287 3491 Serve
2315 3453 2528 3508 nequam
2549 3435 2656 3508 (Ib.
2686 3453 2734 3491 Ï….
2763 3435 2878 3506 26).
2927 3435 3054 3504 Sed,
3085 3437 3333 3503 obsecro,
3363 3437 3536 3492 luceat
3561 3438 3719 3493 insti-

2130 3536 2301 3584 tutum
2327 3539 2560 3585 vestrum
2600 3543 2779 3585 coram
2823 3529 3146 3596 hominibus,
3181 3544 3248 3584 ne
3279 3529 3600 3586 infatuemus
3637 3533 3717 3587 sal

2129 3630 2391 3676 nostrum.
2443 3621 2548 3677 Sed
2588 3622 2964 3693 glorificemus,
3003 3622 3203 3692 gratias
3251 3637 3491 3692 agamus,
3524 3623 3718 3681 divites

2128 3710 2297 3779 diviti,
2338 3727 2599 3782 pauperes
2623 3714 2852 3784 benigno
2871 3723 2925 3768 et
2949 3729 3237 3784 pauperum
3260 3716 3458 3769 amanti
3477 3714 3713 3783 Christo,

2129 3812 2372 3871 potentes
2400 3804 2632 3859 robustre
2659 3804 2803 3858 illius
2824 3804 3025 3858 manui.
3053 3804 3119 3859 Et
3143 3803 3257 3859 hzec
3283 3805 3496 3874 quidem
3527 3805 3595 3860 de
3617 3822 3716 3862 vo-

2128 3893 2231 3947 bis.
2259 3893 2455 3948 Verum
2502 3894 2728 3950 fortasse
2768 3895 2911 3949 Deus
2954 3908 3016 3950 ea
3060 3909 3146 3949 me
3189 3895 3296 3964 pati
3321 3895 3570 3951 concedit
3594 3914 3714 3966 quin

2129 3984 2203 4038 illi
2245 3984 2528 4040 adversum
2573 4000 2661 4040 me
2699 3984 3096 4048 machinantur,
3143 3995 3200 4040 ut
3240 3986 3293 4040 in
3321 3987 3711 4045 calamitatibus

2126 4092 2214 4131 me
2243 4077 2451 4146 probet,
2489 4077 2612 4147 quia
2652 4077 2704 4130 in
2735 4077 3007 4132 laboribus
3034 4078 3252 4132 victoria
3284 4078 3504 4133 omnino
3529 4081 3712 4134 consi-

2125 4168 2238 4230 stit,
2268 4177 2321 4223 et
2355 4183 2449 4237 per
2473 4169 2764 4223 certamina
2789 4178 3116 4238 preparatur
3139 4183 3357 4223 corona.
3392 4170 3600 4223 Etenim
3627 4169 3714 4224 di-

2124 4259 2279 4314 vinus
2309 4259 2502 4314 Paulus
2526 4259 2684 4313 dixit:
2705 4257 2917 4313 Cursum
2936 4260 3295 4326 consummavi,
3315 4259 3466 4328 ï¬dem
3489 4263 3712 4314 servavi:

2123 4352 2176 4404 in
2204 4351 2396 4420 reliquo
2431 4351 2651 4420 reposita
2685 4359 2757 4403 est
2784 4350 2904 4403 mihi
2931 4365 3115 4404 corona
3136 4349 3352 4420 justitic
3380 4348 3454 4419 (2.
3486 4347 3621 4402 Tim.
3653 4353 3710 4406 4.

2125 4440 2201 4511 7)Í¾
2231 4457 2333 4511 qua
2360 4456 2557 4496 corona
2588 4457 2688 4497 nos
2722 4441 3024 4512 dignabitur
3055 4441 3424 4496 universorum
3454 4441 3711 4497 Dominus

2124 4533 2178 4589 in
2206 4534 2419 4590 saecula.
2453 4534 2645 4588 Amen.

2185 4733 2201 4765 â¸
2238 4736 2375 4782 Putat
2396 4727 2596 4780 Savilius
2619 4729 2900 4793 legendum,
2924 4727 3222 4787 aptendebat.

1619 5278 1782 5340 CUM
1829 5279 1926 5337 DE
1985 5280 2488 5343 EXPULSIONE

506 5475 654 5530 Multi
685 5477 904 5547 quidem
935 5478 1152 5546 fluctus,
1174 5491 1226 5538 et
1256 5485 1414 5538 undae
1444 5484 1739 5554 immanes;
1760 5487 1857 5544 sed
1887 5489 2010 5545 sub-

435 5569 605 5637 mergi
639 5582 745 5623 non
777 5583 1003 5626 vereor:
1039 5573 1164 5642 quia
1193 5590 1358 5645 supra
1394 5587 1598 5646 petram
1632 5587 1736 5633 sto.
1769 5579 2010 5636 insaniat

2111 5493 2511 5562 quantumlibet
2542 5493 2738 5550 fluctus
2760 5535 2773 5559 ,
2808 5493 2963 5550 navis
2989 5491 3118 5549 Jesu
3148 5493 3304 5547 obrui
3337 5507 3444 5547 non
3476 5498 3676 5563 potest.

2110 5581 2213 5636 Sed
2262 5582 2392 5653 quid
2436 5585 2676 5654 putant?
2719 5583 2797 5639 Ne
2839 5591 3067 5639 mortem
3110 5598 3335 5649 verear,
3377 5583 3465 5638 cui
3497 5583 3678 5637 vivere

435 5659 560 5716 licet
577 5677 726 5720 mare
765 5669 973 5735 petram
999 5683 1104 5723 non
1126 5677 1300 5740 potest
1318 5685 1658 5728 commovere
1682 5691 1694 5730 :
1721 5672 2008 5743 insurgaut
2108 5672 2359 5734 Christus
2390 5685 2501 5743 est,
2533 5686 2584 5734 ct
2615 5677 2749 5734 mori
2799 5677 3010 5732 lucrum
3057 5674 3328 5747 (Philipp.
3363 5674 3410 5730 l.
3442 5673 3575 5747 2i)?
3599 5671 3679 5727 Nc
