4100 6196
406 229 508 283 4⁸53

406 341 622 395 Divitias
648 355 753 394 non
779 339 956 409 cupio,
988 347 1350 410 paupertatem
1379 351 1484 390 non
1525 335 1800 401 horresco,
1839 351 1984 390 mor-

407 445 508 487 tem
534 448 639 487 non
671 432 854 487 timeo.
886 431 997 485 Vita
1029 431 1169 485 enim
1195 428 1319 483 mihi
1341 427 1406 482 ad
1431 437 1662 483 vestrum
1693 426 1987 496 profectum

401 521 774 577 tantummodo
801 522 1042 587 ducitur;
1084 519 1177 574 sed
1203 519 1479 574 caritatem
1511 526 1742 572 vestram
1775 533 1986 588 precor,

403 625 460 668 ut
503 629 657 684 aequo
702 613 881 667 animo
905 611 1042 667 sitis.
1069 611 1238 666 Nemo
1266 611 1409 664 enim
1448 625 1546 664 nos
1570 626 1600 664 a
1624 609 1774 665 vobis
1797 611 1990 680 poterit

399 703 675 758 divellere.
705 704 850 768 Quos
891 702 1036 756 enim
1078 699 1325 754 Christus
1367 700 1662 770 conjunxit,
1697 699 1858 755 homo
1882 715 1988 756 non

401 796 684 866 separabit.
716 793 866 864 Quod
892 795 936 848 si
962 793 1029 848 de
1049 793 1273 849 muliere
1303 802 1358 849 et
1383 795 1494 848 viro
1515 793 1710 848 dicitur
1732 810 1746 848 :
1773 791 1990 863 Propter

403 889 496 940 hoc
535 889 777 957 relinquet
813 887 963 940 homo
1002 898 1196 956 patrem
1230 903 1378 941 suum
1406 897 1453 941 et
1480 897 1714 951 matrem,
1747 896 1794 941 et
1809 887 1987 940 adita:-

403 978 526 1030 rebit
554 978 698 1030 uxori
723 993 848 1039 sum,
877 989 922 1031 et
951 986 1094 1032 erunt
1119 977 1217 1030 duo
1235 979 1287 1032 in
1313 992 1466 1030 carne
1493 993 1593 1030 una
1619 976 1770 1046 (Gen.
1789 975 1948 1046 2.24)
1973 993 1987 1030 :

403 1075 459 1121 et
484 1068 528 1120 si
560 1066 861 1135 hujusmodi
893 1068 1193 1139 nuptiarum
1225 1067 1529 1137 conjunctio
1553 1067 1620 1122 ab
1647 1066 1870 1122 homine
1884 1081 1988 1121 non

402 1167 575 1224 potest
612 1161 870 1227 separari,
919 1161 1085 1214 multo
1128 1159 1296 1229 magis
1341 1159 1577 1214 Ecclesia
1620 1174 1724 1213 nou
1764 1167 1990 1228 potesta

403 1258 615 1315 pastore
640 1248 838 1304 divelli.
867 1249 970 1305 Sed
1002 1250 1279 1320 impugnas
1308 1266 1410 1304 me.
1445 1249 1581 1316 Quid
1609 1249 1737 1304 mihi
1780 1249 1992 1304 nocebit

381 1340 727 1409 .impugnatio
769 1350 873 1406 tua,
918 1341 1022 1394 nisi
1066 1341 1188 1411 quia
1218 1357 1304 1394 me
1325 1341 1536 1411 quidem
1565 1340 1844 1395 clariorem
1885 1341 1988 1394 im-

399 1431 810 1502 pugnationibus
855 1433 956 1486 tuis
982 1431 1203 1497 reddes,
1233 1440 1350 1486 tuas
1377 1448 1502 1487 vero
1531 1441 1779 1487 conteras
1807 1431 1991 1485 vires?

405 1525 601 1578 Durum
627 1525 770 1578 enim
798 1524 888 1578 tibi
933 1524 1034 1579 erit
1058 1525 1341 1579 adversum
1369 1525 1640 1579 stimulum
1671 1522 1949 1578 calcitrare
1974 1540 1988 1577 :

401 1615 522 1684 quia
567 1631 672 1670 non
724 1617 994 1671 stimulum
1040 1617 1310 1684 retundes,
1362 1616 1456 1672 sed
1507 1616 1669 1687 pedes
1711 1614 1992 1670 calcitrans

405 1707 704 1762 vulnerabis
752 1707 887 1779 (Act.
939 1708 991 1764 9.
1020 1705 1114 1782 5):
1147 1723 1320 1778 neque
1348 1707 1558 1772 ﬂuctus,
1602 1707 1691 1778 qui
1731 1721 1863 1760 saxo
1890 1704 1991 1758 illi-

403 1796 622 1862 duntur,
673 1798 900 1866 amplius
943 1798 1139 1868 aliquid
1189 1799 1487 1868 prolicient,
1517 1812 1674 1867 quam
1707 1805 1766 1850 ut
1789 1802 1989 1850 semet-

322 1873 332 1881 ’
404 1891 546 1958 ipsos
577 1891 724 1945 fracti
742 1891 1052 1956 dissolvunt,
1087 1902 1140 1946 et
1169 1893 1220 1944 in
1247 1905 1464 1960 spumas
1490 1889 1758 1944 extenuati
1789 1887 1989 1956 deper-

401 1991 544 2034 eant.
591 1979 786 2036 Christi
845 1981 1082 2036 Ecclesia
1131 1981 1264 2035 nihil
1318 1979 1508 2034 fortius
1557 1978 1655 2034 :si
1707 1979 1828 2048 quis
1871 1992 1990 2031 eam

403 2073 715 2142 impugnare
758 2074 1025 2145 proponit,
1075 2073 1218 2129 vires
1257 2081 1450 2126 atterat
1489 2085 1708 2126 necesse
1735 2079 1854 2125 est:
1889 2069 1992 2124 tale

404 2173 488 2218 cst
529 2165 695 2228 enim,
747 2165 891 2219 velut
944 2164 992 2219 si
1033 2165 1165 2220 caelo
1214 2164 1410 2219 bellant
1439 2163 1726 2218 meditetur
1770 2162 1986 2216 inferre.

405 2254 618 2308 [lumini
660 2253 706 2310 si
760 2253 955 2309 bellum
1000 2254 1220 2321 inferas,
1254 2253 1478 2309 fortasse
1505 2254 1705 2320 vinces,
1737 2264 1829 2308 aut
1857 2252 1993 2308 forte

407 2345 634 2401 vinceris
663 2363 678 2401 :
710 2347 998 2413 Ecclesiam
1020 2347 1237 2403 vincere
1262 2347 1404 2402 nulla
1428 2347 1508 2402 vis
1532 2347 1744 2418 poterit.
1775 2345 1873 2402 Dei
1912 2355 1994 2402 est

408 2437 666 2501 Ecclesia,
694 2437 784 2507 qui
812 2447 893 2493 est
916 2439 1165 2493 omnibus
1184 2437 1390 2493 fortior.
1427 2439 1529 2492 Aut
1554 2439 1854 2494 remittemur
1881 2439 1991 2493 Do-

406 2529 596 2582 minum
615 2529 642 2582 γ
667 2527 934 2598 Numquid
957 2529 1189 2597 fortiores
1217 2529 1306 2583 illo
1327 2545 1499 2584 sumus
1520 2530 1596 2601 (1.
1619 2527 1739 2584 Cor.
1764 2529 1853 2585 10.
1874 2529 1994 2602 22)?

410 2619 548 2673 Deus
593 2617 840 2675 fundavit
891 2621 1012 2686 hoc,
1067 2619 1208 2689 quod
1260 2619 1583 2675 labefactare
1625 2621 1856 2676 conaris.
1889 2621 1994 2676 Aut

406 2710 636 2779 experiri
685 2711 766 2765 vis
814 2711 1100 2781 potentiam
1133 2711 1381 2764 Domini?
1407 2711 1524 2781 Ipse
1547 2719 1628 2766 est
1666 2711 1767 2779 Qui
1793 2713 1994 2782 respicit

407 2818 558 2870 super
583 2810 789 2866 terram,
819 2811 864 2856 et
891 2802 1014 2874 facit
1043 2819 1152 2856 eam
1181 2811 1393 2857 tremere
1419 2801 1589 2874 (Psal.
1632 2803 1755 2859 105.
1785 2803 1911 2874 52):
1940 2812 1994 2858 et

409 2893 600 2947 iterum
642 2895 731 2964 qui
771 2893 943 2964 jubet,
975 2903 1029 2950 et
1060 2905 1262 2950 tremor
1303 2895 1419 2966 ejus
1447 2895 1725 2950 solidatur.
1755 2898 1863 2952 Aut
1889 2912 1990 2952 non

409 2982 606 3048 vidisti,
641 2993 958 3039 trementem
979 2985 1247 3041 civitatem
1274 2995 1416 3042 tuam
1439 2988 1646 3058 quoties
1672 2998 1816 3043 stare
1844 2987 1993 3044 fecit?

409 3075 575 3130 Multo
604 3077 772 3147 magis
800 3077 1091 3132 Ecclesiam
1117 3094 1267 3132 suam
1308 3089 1622 3134 trementem
1650 3081 1843 3150 poterit
1861 3096 1996 3136 con-

410 3171 665 3226 firmare:
701 3170 892 3226 fortior
936 3173 1078 3228 enim
1113 3172 1352 3228 Ecclesia
1400 3173 1567 3227 multo
1609 3189 1767 3244 quam
1818 3184 1992 3242 terra,

411 3263 527 3316 imo
571 3271 624 3318 et
675 3262 861 3317 fortior
908 3263 1062 3318 caelo.
1119 3263 1310 3318 Cretum
1381 3275 1426 3319 et
1485 3274 1619 3319 terra
1673 3265 1992 3334 transibunt,

408 3355 557 3409 verba
595 3363 763 3410 autem
810 3371 920 3410 meo
966 3373 1067 3410 non
1119 3357 1399 3412 transibunt
1477 3357 1689 3430 (Matth.
1743 3359 1832 3414 24.
1879 3358 1994 3430 35).

408 3447 540 3513 Qute
609 3446 809 3502 verba?
858 3437 932 3502 Tu
984 3464 1036 3503 es
1080 3447 1293 3513 Petrus,
1346 3459 1393 3503 et
1434 3467 1583 3521 super
1624 3451 1754 3504 Itauc
1804 3460 1998 3521 petram

407 3537 670 3605 aediﬁcabo
708 3537 991 3592 Ecclesium
1034 3555 1217 3606 meam,
1242 3548 1289 3593 et
1333 3551 1492 3611 porta:
1539 3541 1692 3611 inferi
1734 3556 1834 3595 non
1862 3557 1996 3611 pra:-

410 3627 643 3683 rulebunt
681 3630 732 3684 in
772 3646 886 3684 eam
926 3630 944 3701 (
983 3629 1064 3684 1b.
1101 3631 1185 3685 16.
1217 3630 1353 3702 18).
1385 3630 1538 3700 Quod
1589 3633 1632 3685 si
1689 3646 1793 3686 non
1822 3631 1997 3687 credis

409 3719 594 3788 verbo,
622 3720 783 3776 rebus
812 3721 938 3792 ipsis
967 3731 1024 3777 et
1051 3722 1303 3792 operibus
1347 3721 1526 3778 crede.
1558 3721 1752 3790 Quanti
1789 3723 1997 3794 tyranni

409 3815 645 3883 aggressi
673 3824 797 3871 sunt
826 3816 1138 3887 impugnare
1183 3816 1476 3872 Ecelesiam
1508 3815 1638 3872 Dei?
1663 3824 1857 3887 quanta
1887 3826 1998 3870 tor-

410 3913 611 3972 menta,
639 3913 863 3976 quantas
889 3921 1074 3963 cruces
1109 3907 1484 3974 adhibuerunt,
1523 3908 1692 3978 ignes,
1733 3906 1996 3974 fornaces,

410 3993 580 4059 feras,
602 3994 820 4062 bestias,
847 3997 1052 4066 gladios
1078 3997 1430 4065 intendentes,
1463 4007 1518 4054 et
1545 3998 1672 4053 nihil
1702 4015 1861 4070 agere
1901 4015 1997 4070 po-

413 4083 670 4136 luerunt?
699 4083 800 4139 Ubi
831 4099 971 4138 nunc
1011 4095 1135 4140 sunt
1163 4087 1236 4141 illi
1273 4088 1362 4158 qui
1394 4089 1510 4143 htec
1543 4091 1803 4156 iecerunt,
1833 4100 1885 4146 et
1910 4090 1998 4145 ubi

411 4172 488 4226 illi
511 4173 600 4242 qui
627 4171 742 4227 haec
771 4173 978 4229 fortiter
1006 4177 1375 4245 pertulerunt?
1400 4178 1550 4234 Nunc
1581 4179 1616 4234 ii
1642 4181 1856 4236 aeternis
1882 4196 1998 4251 pte-

413 4265 497 4318 nis
546 4274 880 4334 premuntur,
931 4275 986 4323 et
1030 4268 1116 4322 isti
1169 4272 1382 4326 :eternis
1429 4272 1636 4342 gaudiis
1680 4274 1998 4345 eriguntur:

413 4357 579 4426 fulget
617 4357 757 4411 enim
788 4357 1025 4413 Ecclesia
1054 4374 1215 4430 super
1241 4361 1577 4432 splendorem
1607 4363 1767 4429 solis,
1802 4375 1855 4421 et
1881 4381 2002 4436 per-

413 4455 728 4517 sequutores
767 4448 882 4518 ejus
925 4449 1192 4520 perpetuis
1230 4451 1465 4506 tenebris
1487 4462 1858 4524 conteguntur.
1883 4455 1998 4511 Non

414 4541 544 4610 legis
570 4541 848 4613 scriptum,
879 4543 1002 4613 quia
1030 4542 1272 4598 undecim
1303 4545 1403 4600 soli
1435 4555 1606 4612 erant,
1636 4555 1688 4602 et
1719 4548 1855 4603 vinci
1893 4563 1999 4604 non

415 4635 739 4702 potuerunt?
783 4634 955 4700 Nunc,
1008 4635 1096 4690 ubi
1144 4634 1291 4691 orbis
1340 4645 1601 4691 terrarum
1650 4639 1885 4708 repletus
1919 4650 2002 4695 est

415 4724 620 4794 piorum
648 4725 1006 4792 multitudine,
1039 4726 1307 4798 quomodo
1333 4737 1583 4798 poterunt
1611 4729 1788 4784 vinci?
1809 4730 2000 4784 Cwlum

410 4824 457 4867 et
502 4823 635 4867 terra
675 4817 977 4883 transibunt,
1009 4817 1157 4872 verba
1193 4828 1358 4873 autem
1408 4835 1518 4873 mea
1547 4835 1647 4874 non
1693 4821 1996 4876 transibunt.

417 4905 482 4960 Et
507 4906 702 4961 merito
733 4923 747 4959 :
779 4909 953 4962 carior
1000 4911 1143 4966 enim
1174 4911 1410 4968 Ecclesia
1439 4913 1555 4978 Dei,
1588 4928 1746 4984 quam
1784 4915 1997 4970 etelum.

413 4995 528 5050 Non
557 4996 700 5051 enim
732 4995 968 5053 Ecclesia
1018 5012 1235 5072 propter
1278 5005 1488 5073 caalum,
1515 5005 1608 5061 sed
1640 5016 1857 5076 propter
1897 5006 1999 5061 Ec-

413 5085 630 5141 clesiam
678 5086 888 5142 caelum.
935 5087 1072 5145 Nihil
1118 5093 1280 5159 enim,
1335 5111 1537 5164 quaeso,
1586 5098 1863 5168 perturbet
1907 5113 2000 5152 vos

411 5191 598 5232 eorum
625 5193 744 5249 quae
769 5180 852 5251 agi
879 5180 1090 5236 videtis.
1125 5181 1390 5239 Ponamus
1416 5196 1538 5241 ante
1567 5189 1752 5244 oculos
1788 5199 1999 5245 nostros

412 5268 628 5324 Petrum
670 5285 832 5340 super
857 5286 1021 5340 aquas
1047 5273 1403 5341 incedentem,
1436 5286 1490 5331 ct
1518 5292 1701 5346 parum
1729 5280 1855 5348 quid
1892 5279 2000 5334 ba:-

413 5362 684 5426 sitantem,
717 5370 878 5432 atque
903 5363 972 5416 ob
1002 5363 1105 5420 hoc
1139 5365 1412 5434 paululum
1450 5367 1858 5438 periclitantem,
1891 5385 1997 5425 non

413 5460 630 5523 propter
659 5453 948 5521 potentiam
972 5453 1248 5521 ﬂuctuum,
1276 5455 1368 5510 sed
1399 5466 1613 5526 propter
1636 5458 1996 5516 infirmitatem

415 5544 557 5599 titlei.
603 5541 870 5612 Numquid
917 5545 1143 5599 humana
1171 5544 1444 5604 voluntate
1470 5547 1573 5604 huc
1614 5551 1876 5619 venimus,
1908 5560 2000 5606 aut

415 5645 628 5706 propter
668 5633 937 5692 hominem
983 5637 1084 5693 huc
1123 5637 1364 5709 produCti
1411 5642 1632 5697 sumus?
1663 5642 1726 5698 Et
1751 5642 1863 5699 haec
1892 5661 1996 5703 non

1121 233 1180 290 S.
1221 227 1505 290 JOANNIS
1543 229 2023 288 CHRYSOSTOMI
2061 230 2380 287 ARCHIEP.
2420 220 2960 285 CONSTANTINOP.

3577 223 3680 278 ιιι

2104 342 2417 404 arroganter
2443 333 2650 403 loquor,
2683 331 3124 403 nequejactantia
3164 329 3413 402 agitatus,
3443 330 3538 388 sed
3567 333 3683 386 ani-

2097 440 2216 480 mos
2245 434 2451 482 vestros
2471 465 2487 492 ,
2522 423 2611 495 qui
2647 423 2782 479 forte
2811 422 3110 488 turbantur,
3142 420 3300 492 cupio
3343 419 3682 476 conﬁrmem.

2096 515 2376 573 Intuemini
2416 531 2544 588 ergo
2587 514 2855 588 quomodo
2906 514 3166 570 Commota
3207 521 3281 568 est
3324 522 3371 567 et
3390 513 3687 568 contremuit

2097 617 2230 662 terra
2284 609 2452 679 (Psal.
2500 609 2587 663 17.
2616 606 2710 680 8).
2758 617 2813 662 et
2847 616 3024 662 tamen
3075 621 3181 660 non
3233 605 3434 660 corruit
3474 605 3680 660 civitas.

2096 698 2397 767 Quomodo,
2429 697 2789 769 impurissime
2815 696 3045 764 diabole,
3095 695 3392 751 Ecclesiam
3433 703 3485 751 te
3531 705 3687 767 putas

2099 807 2256 863 posse
2298 792 2553 863 dejicere,
2594 792 2682 862 qui
2714 800 3004 845 trementes
3042 790 3272 859 parietes
3313 787 3549 858 dejicere
3588 789 3688 842 mi-

2098 887 2241 940 nime
2267 883 2516 938 valuisti?
2539 882 2655 938 Non
2680 891 2762 938 est
2786 882 2837 936 in
2865 881 3153 951 parietibus
3192 878 3459 944 Ecclesia,
3497 878 3591 934 sed
3634 879 3685 934 in

2099 976 2436 1031 multitudine
2466 977 2695 1045 piorum.
2725 975 2862 1029 Ecce
2890 988 3047 1044 quam
3078 970 3263 1037 fortes,
3293 985 3452 1040 quam
3492 970 3686 1024 immo-

2098 1069 2232 1123 biles
2275 1068 2448 1132 statis,
2495 1083 2602 1122 non
2645 1065 2810 1132 ferro,
2857 1065 2952 1121 sed
2999 1064 3104 1120 fide
3145 1064 3330 1120 vineti.
3374 1063 3440 1118 Et
3463 1063 3592 1134 quid
3621 1062 3689 1121 de

2099 1169 2243 1214 tanta
2269 1160 2607 1215 multitudine
2631 1159 2859 1230 loquor?
2882 1156 3052 1215 Unum
3081 1157 3290 1212 fidelem
3329 1157 3547 1213 vincere
3579 1172 3686 1212 non

2099 1260 2271 1320 potes.
2304 1252 2347 1305 Ο
2375 1250 2605 1316 diabole,
2655 1250 2827 1306 neseis
2856 1265 2974 1320 qua:
3001 1249 3091 1304 tibi
3137 1247 3359 1303 fecerint
3386 1251 3687 1319 martyres?

2098 1343 2378 1410 Quomodo
2406 1341 2716 1414 frequenter
2741 1343 2978 1414 ingressa
3007 1349 3088 1396 cst
3111 1341 3283 1411 puella
3305 1350 3460 1397 aetate
3483 1350 3684 1408 tenera,

2096 1437 2251 1490 annis
2282 1437 2586 1504 immatura,
2617 1445 2672 1491 et
2714 1437 2926 1490 inventa
2952 1444 3035 1489 est
3064 1434 3205 1488 ferro
3231 1433 3435 1495 fortior,
3465 1449 3585 1488 cum
3613 1435 3687 1488 la-

2097 1535 2210 1582 tera
2238 1526 2358 1597 ejus
2399 1525 2694 1591 scinderes,
2724 1525 2882 1582 fidem
2931 1533 3106 1579 tamen
3155 1523 3270 1594 ejus
3318 1539 3535 1579 movere
3578 1539 3684 1580 non

2097 1617 2324 1687 posses?
2374 1617 2574 1671 Deiecit
2622 1615 2927 1685 frequenter
2977 1629 3103 1670 caro
3151 1615 3210 1668 in
3265 1617 3583 1684 tormentis,
3633 1626 3686 1673 et

2096 1708 2260 1763 robur
2306 1707 2427 1762 fidei
2469 1722 2575 1762 non
2618 1707 2844 1772 defecit;
2878 1716 3251 1778 consumptum
3279 1715 3364 1762 est
3389 1719 3601 1775 corpus,
3630 1715 3681 1761 et

2097 1812 2248 1851 mens
2304 1812 2412 1852 non
2467 1797 2636 1867 potuit
2679 1796 2952 1862 inclinari;
3007 1796 3208 1851 interiit
3251 1795 3568 1862 substantia,
3623 1806 3679 1850 et

2097 1889 2327 1957 perstitit
2373 1889 2646 1959 patientia.
2690 1889 2746 1944 Si
2789 1904 2917 1960 ergo
2945 1888 3250 1960 frequenter
3279 1889 3347 1944 ab
3375 1905 3478 1944 una
3515 1889 3684 1959 puella

2097 1980 2268 2034 victus
2289 1994 2366 2046 es,
2398 1979 2666 2050 quomodo
2695 1995 2878 2051 speras
2924 1989 3083 2036 tanta:
3112 1981 3270 2051 hujus
3292 1989 3346 2036 et
3371 1989 3477 2035 tam
3517 1981 3686 2036 ﬁdelis

2099 2071 2456 2126 multitudinis
2487 2071 2645 2128 fidem
2676 2080 2726 2128 te
2753 2086 2910 2142 posse
2939 2073 3226 2128 evincere?
3255 2073 3369 2129 Non
3397 2073 3549 2130 audis
3576 2075 3684 2130 Do-

2097 2165 2228 2221 mini
2258 2181 2443 2222 vocem
2492 2165 2759 2222 dicentis:
2816 2166 2970 2234 Quia,
3015 2167 3102 2221 ubi
3145 2167 3247 2222 duo
3289 2176 3376 2221 aut
3426 2175 3528 2222 tres
3569 2176 3687 2221 sunt

2097 2259 2388 2328 congregati
2415 2259 2466 2312 in
2502 2259 2705 2313 nomine
2737 2275 2864 2324 meo,
2896 2257 2962 2312 ibi
2991 2275 3105 2313 sum
3131 2268 3176 2314 et
3196 2275 3285 2330 ego
3330 2261 3382 2314 in
3409 2259 3572 2315 medio
3601 2275 3686 2314 eo-

2097 2368 2208 2405 rum
2238 2350 2448 2422 (Matth.
2475 2351 2560 2407 18.
2592 2349 2726 2424 20)?
2748 2351 2905 2420 Quid,
2932 2351 3022 2406 ubi
3046 2361 3186 2407 tanta
3230 2352 3465 2408 fidelium
3506 2351 3686 2412 multi-

2099 2443 2226 2499 tudo
2253 2452 2336 2499 est
2377 2443 2614 2500 caritatis
2660 2444 2884 2500 nexibus
2913 2445 3119 2500 vincta?
3158 2443 3275 2500 Non
3321 2460 3420 2516 ego
3469 2445 3684 2516 propria

2099 2536 2292 2592 virtute
2321 2537 2553 2604 confido,
2601 2535 2774 2593 habeo
2819 2537 3139 2607 scripturam
3167 2537 3372 2592 Domini
3401 2537 3526 2605 mei,
3567 2551 3685 2590 ma-

2100 2644 2225 2682 num
2267 2628 2431 2699 ipsius
2476 2635 2653 2693 teneo,
2697 2628 2784 2682 illa
2815 2627 2945 2683 mihi
2975 2629 3152 2683 cautio
3179 2628 3306 2683 satis
3330 2635 3440 2683 tuta
3465 2637 3567 2693 est,
3597 2626 3683 2682 illa

2100 2735 2186 2774 me
2240 2733 2487 2774 securum
2536 2718 2724 2774 reddet
2769 2727 2822 2774 et
2875 2719 3231 2789 intrepidum:
3285 2719 3493 2774 etiamsi
3540 2718 3686 2773 orbis

2100 2819 2256 2864 terra:
2273 2816 2687 2877 commoveatur,
2712 2824 2810 2880 ego
2830 2809 3128 2865 cautionem
3151 2810 3358 2865 Domini
3380 2811 3482 2865 mei
3507 2818 3684 2864 teneo.

2101 2899 2243 2968 Lego
2268 2914 2482 2955 manum
2511 2899 2660 2970 ejus;
2699 2903 2810 2971 ipsa
2851 2900 2978 2955 mihi
3010 2916 3192 2956 murus
3229 2909 3312 2956 est
3357 2901 3685 2970 inexpugna-

2100 2987 2239 3044 bilis.
2288 2989 2455 3044 Vultis
2497 2989 2650 3045 vobis
2685 2989 2900 3046 recitem
2933 2989 3142 3044 Domini
3167 2990 3507 3046 cautionem?
3536 2989 3682 3056 Ecce,

2102 3079 2288 3150 inquit,
2343 3079 2595 3135 vobiscum
2628 3096 2740 3134 sum
2778 3079 3007 3134 omnibus
3045 3081 3218 3135 diebus
3259 3096 3416 3148 usque
3458 3080 3527 3133 ad
3561 3096 3687 3134 eon-

2099 3171 2478 3226 summationem
2521 3171 2693 3225 seaculi
2740 3170 2846 3242 (Id.
2903 3171 2992 3226 28.
3023 3169 3137 3241 20).
3189 3169 3431 3226 Christus
3476 3186 3686 3226 mecum

2101 3269 2204 3327 est,
2235 3276 2392 3331 quem
2425 3260 2660 3316 timebo?
2689 3261 2908 3317 Etiamsi
2943 3260 3134 3317 fluctus
3175 3261 3433 3332 insurgat,
3477 3261 3687 3317 etiamsi

2104 3359 2270 3406 totum
2324 3351 2542 3421 pelagus
2592 3351 2873 3407 adversum
2924 3367 3012 3408 me
3057 3353 3421 3418 conturbatur,
3478 3352 3687 3408 etiamsi

2106 3443 2400 3515 principum
2446 3445 2612 3512 furor,
2664 3447 2841 3501 omnia
2867 3446 2997 3501 mihi
3046 3447 3134 3501 illa
3177 3461 3389 3502 aranea:
3418 3455 3594 3514 erunt,
3635 3456 3690 3502 et

2102 3538 2309 3593 araneis
2356 3537 2640 3607 fragiliora.
2690 3539 2756 3592 Et
2802 3539 2902 3594 nisi
2949 3547 3170 3610 propter
3211 3538 3548 3610 fragilitatem
3590 3555 3687 3595 ve-

2102 3637 2288 3695 stram,
2320 3627 2480 3684 hodie
2519 3643 2626 3683 non
2647 3628 2944 3684 dubitarem
2974 3629 3050 3685 ire
3077 3644 3182 3700 quo
3207 3630 3424 3685 vellent.
3464 3629 3687 3698 Semper

2102 3721 2243 3775 enim
2265 3719 2384 3775 dico
2415 3739 2428 3775 :
2459 3719 2689 3788 Domine,
2714 3722 2944 3776 voluntas
2974 3731 3062 3775 tua
3089 3722 3180 3791 ﬁat
3204 3720 3314 3792 (Id.
3345 3721 3396 3777 6.
3431 3721 3550 3792 l0):
3583 3735 3688 3776 non

2103 3810 2243 3880 quod
2266 3811 2354 3866 ille
2383 3811 2512 3877 vult,
2545 3811 2626 3867 vel
2656 3811 2763 3878 ille,
2799 3811 2891 3867 sed
2922 3810 3061 3881 quod
3093 3820 3149 3865 tu
3176 3812 3258 3866 vis
3283 3828 3296 3868 :
3331 3821 3418 3866 tua
3444 3811 3688 3866 voluntas

2104 3903 2232 3956 mihi
2281 3903 2441 3958 turris
2482 3902 2802 3970 fortissima,
2849 3913 2904 3958 et
2951 3911 3098 3973 petra
3137 3903 3362 3968 stabilis,
3389 3912 3444 3960 et
3467 3902 3689 3958 baculus

2105 3994 2259 4049 fidus.
2287 3993 2344 4049 Si
2373 4003 2427 4050 tu
2449 3995 2527 4049 vis
2553 4009 2866 4065 permanere
2886 4009 3092 4049 mecum
3115 3993 3222 4062 hic,
3253 3993 3425 4049 habeo
3442 3994 3686 4064 gratiam:

2103 4085 2147 4138 si
2173 4100 2278 4141 non
2310 4086 2409 4152 vis,
2442 4087 2670 4141 similent
2713 4086 2888 4141 refero
2929 4086 3172 4157 gratiam.
3217 4085 3386 4141 Nemo
3434 4100 3528 4140 vos
3555 4101 3685 4140 conn

2107 4177 2302 4243 turbet,
2346 4177 2556 4243 fratres,
2603 4189 2752 4232 orate
2795 4185 2997 4231 tantum
3041 4195 3056 4230 :
3102 4177 3218 4231 [nec
3254 4177 3396 4231 enim
3445 4175 3692 4234 diabolus

2105 4278 2302 4334 movet,
2337 4283 2440 4322 non
2462 4269 2618 4322 aliam
2650 4269 2718 4324 ob
2747 4283 2984 4336 causam,
3017 4284 3174 4339 quam
3215 4277 3274 4323 ut
3302 4268 3545 4339 religiosa
3576 4276 3685 4323 stu-

2103 4358 2189 4412 dia
2221 4368 2393 4414 vestra
2415 4359 2729 4429 disrumpat,
2760 4369 2814 4414 et
2844 4359 3101 4415 exercitia
3123 4369 3318 4425 vestra,
3343 4375 3462 4430 qua:
3489 4357 3545 4413 in
3571 4373 3684 4414 orae

2106 4451 2336 4507 tionibus
2388 4461 2443 4507 et
2491 4449 2683 4521 vigiliis
2707 4450 2992 4521 gerebatis,
3044 4452 3362 4520 exstinguat.
3421 4449 3528 4505 Sed
3574 4465 3682 4505 non

2105 4542 2393 4609 obtinebit,
2426 4555 2530 4597 nec
2567 4542 2758 4613 eripiet
2795 4558 2824 4597 a
2857 4543 3006 4598 vobis
3045 4542 3216 4597 studia
3248 4541 3492 4614 religiosa
3533 4560 3546 4596 :
3592 4542 3692 4598 nisi

2103 4633 2226 4702 quia
2256 4633 2592 4688 sollicitiores
2619 4647 2712 4689 vos
2739 4633 2991 4698 inveniet,
3033 4643 3088 4689 et
3128 4633 3442 4690 fervidiores
3470 4632 3687 4690 efficiet.

2103 4725 2346 4780 Crastina
2393 4726 2664 4781 vobiscum
2712 4726 2869 4782 exibo
2910 4725 2975 4782 ad
3019 4727 3328 4782 orationes:
3361 4737 3415 4782 et
3461 4726 3550 4782 ubi
3594 4740 3692 4797 ego

2104 4832 2244 4884 sum,
2273 4816 2341 4872 ibi
2370 4825 2426 4872 et
2444 4831 2538 4871 vos
2561 4816 2709 4872 eritis
2749 4835 2764 4874 :
2794 4826 2850 4873 et
2877 4817 2964 4872 ubi
3005 4833 3101 4873 vos
3128 4817 3278 4884 estis,
3297 4817 3368 4872 ibi
3397 4831 3492 4873 ero
3505 4824 3692 4887 etego.

2109 4910 2278 4965 Unum
2311 4925 2504 4980 corpus
2545 4924 2749 4977 sumus,
2798 4925 2969 4980 neque
3000 4919 3158 4980 caput
3185 4925 3216 4964 a
3245 4924 3490 4980 corpore,
3520 4924 3694 4980 neque

2104 5017 2300 5071 corpus
2323 5017 2352 5055 a
2381 5002 2555 5072 capite
2577 5001 2933 5070 separabitur,
2967 5001 3174 5056 etiamsi
3216 5001 3336 5056 loco
3369 5000 3689 5064 dividamur,

2104 5095 2198 5150 sed
2222 5095 2441 5150 caritate
2482 5093 2884 5164 conjungimur;
2912 5108 3010 5164 ego
3038 5107 3068 5148 a
3106 5093 3254 5148 vobis
3281 5108 3380 5148 nec
3407 5103 3577 5149 morte
3605 5093 3689 5147 di-

2105 5186 2288 5242 vellar.
2320 5185 2452 5240 Nam
2480 5185 2579 5240 etsi
2611 5199 2802 5254 corpus
2845 5199 3019 5239 meum
3059 5184 3335 5250 moriatur,
3368 5184 3542 5238 anima
3573 5198 3689 5238 mea

2108 5277 2256 5342 vivit,
2287 5283 2342 5330 et
2366 5275 2678 5329 memoriam
2708 5274 2870 5328 vestri
2899 5273 3118 5328 tenebit.
3146 5273 3254 5328 Vos
3283 5273 3411 5329 estis
3441 5272 3569 5328 mihi
3595 5287 3689 5341 pa-

2109 5376 2238 5430 tres,
2271 5380 2366 5420 vos
2393 5363 2522 5418 mihi
2549 5372 2740 5430 mater,
2772 5378 2864 5418 vos
2895 5362 3024 5418 mihi
3049 5363 3176 5431 vita,
3213 5377 3309 5418 vos
3339 5362 3466 5416 mihi
3489 5363 3689 5432 gratia:

2105 5458 2148 5510 si
2179 5471 2272 5511 vos
2297 5455 2571 5526 proficitis,
2599 5455 2729 5511 mihi
2757 5456 3006 5527 placebit.
3037 5455 3144 5512 Vos
3173 5456 3304 5512 estis
3329 5470 3526 5510 corona
3549 5470 3689 5522 mea,

2105 5562 2158 5607 et
2180 5551 2374 5606 divitiae
2400 5565 2565 5618 meae;
2595 5565 2691 5606 vos
2715 5549 2842 5607 estis
2871 5549 3149 5606 thesaurus
3169 5564 3340 5605 meus.
3367 5547 3480 5619 Ego
3500 5547 3692 5602 millies

2111 5659 2204 5716 pro
2231 5643 2379 5705 vobis
2423 5642 2683 5702 immolari
2715 5651 2927 5714 paratus
2969 5656 3086 5698 sum
3113 5659 3124 5697 :
3155 5650 3206 5698 et
3234 5656 3330 5697 nec
3360 5643 3530 5712 gratia
3563 5639 3696 5695 mihi
