4100 6196
213 248 319 303 835

214 367 268 418 in
317 363 419 421 hoc
462 373 567 427 est.
616 366 710 421 sed
748 366 985 422 debitum
1031 366 1214 423 reddo.
1240 368 1418 423 Bonus
1444 367 1585 422 enim
1627 375 1808 436 pastor

213 454 375 510 debet
422 455 657 510 animam
699 472 850 512 suam
896 473 992 527 pro
1035 460 1223 515 ovibus
1270 460 1381 514 suis
1406 475 1603 529 ponere
1626 458 1801 531 (Joan.

218 544 310 598 10.
338 543 428 617 11)
460 545 795 617 :bujusmodi
824 551 968 604 enim
998 565 1143 605 mors
1170 552 1617 607 immortalitatem
1649 553 1806 622 parit.

215 636 336 692 Non
384 639 527 693 enim
574 651 791 710 propter
849 640 1059 698 divitias
1102 643 1285 698 mundi
1331 644 1549 698 insidias
1595 645 1807 713 patior:

213 731 363 802 quod
405 733 450 788 si
493 743 658 801 esset,
704 734 885 805 utique
909 737 1211 792 contristari
1236 736 1486 792 deberem
1513 755 1525 789 :
1557 752 1657 792 nec
1682 752 1810 807 pro-

216 832 343 893 pter
378 823 589 893 aliquod
628 834 923 893 peccatum,
954 826 1049 881 sed
1088 835 1304 898 prepler
1329 828 1626 894 caritatem,
1652 843 1811 898 quam

216 930 353 984 erga
384 930 479 971 vos
520 914 729 971 habeo:
758 917 881 987 quia
907 920 1084 973 omnia
1111 934 1231 990 ago,
1276 930 1334 975 ut
1361 935 1457 975 vos
1484 920 1771 990 proﬁciatis
1795 938 1809 973 :

217 1015 280 1061 et
310 1020 379 1061 ne
405 1006 729 1061 subintroeat
756 1008 1075 1065 conturbare
1100 1025 1314 1081 gregem
1336 1011 1472 1066 bene
1493 1012 1811 1076 institutum,

220 1095 323 1150 sed
343 1104 400 1151 ut
429 1098 785 1165 permaneatis
800 1098 853 1153 in
875 1099 1213 1169 simplicitate
1234 1100 1377 1155 ﬁdei.
1406 1102 1532 1157 llaec
1556 1112 1813 1157 estcausa

222 1186 581 1256 periculorum
614 1203 881 1255 meorum,
912 1200 964 1245 et
994 1190 1109 1246 haec
1139 1191 1405 1246 sufﬁciant
1426 1192 1553 1246 mihi
1576 1192 1640 1247 ad
1662 1209 1815 1248 coro-

224 1295 371 1334 nam.
404 1279 540 1348 Quid
586 1282 728 1336 enim
760 1297 865 1336 non
913 1281 1085 1351 patior
1106 1299 1205 1355 pro
1229 1284 1414 1339 vobis?
1449 1284 1555 1339 Vos
1581 1284 1708 1338 mihi
1736 1285 1812 1338 ci-

220 1384 339 1435 ves,
363 1386 458 1424 vos
486 1370 617 1425 mihi
644 1370 858 1439 fratres,
878 1388 973 1427 vos
996 1374 1127 1428 mibi
1149 1374 1262 1441 ﬁlii,
1287 1391 1381 1430 vos
1403 1376 1533 1430 mihi
1556 1375 1814 1441 membra,

220 1475 322 1515 vos
367 1459 497 1515 mihi
525 1476 741 1531 corpus,
782 1478 878 1518 vos
907 1464 1037 1517 mihi
1064 1466 1173 1531 lux,
1208 1466 1316 1519 imo
1342 1474 1393 1521 et
1426 1466 1521 1520 ista
1554 1466 1672 1519 lnce
1693 1465 1817 1520 dul-

222 1552 422 1607 ciores.
450 1552 586 1620 Quid
615 1554 757 1608 enim
799 1555 928 1609 mihi
962 1564 1165 1610 tantutn
1199 1565 1452 1626 praestant
1494 1557 1627 1611 radii
1669 1557 1817 1622 solis,

224 1653 482 1712 quantum
514 1644 751 1699 caritatis
779 1654 971 1700 vestrae
998 1647 1249 1716 Splendor
1269 1649 1527 1719 acquirit?
1558 1649 1694 1703 Ecce
1725 1664 1820 1717 pro

226 1735 453 1791 caritate
479 1746 655 1792 vestra
686 1752 881 1793 corona
904 1739 1032 1794 milii
1061 1750 1275 1810 paratur
1304 1741 1356 1795 in
1388 1742 1562 1796 futuro
1590 1744 1817 1806 sacculo;

232 1824 337 1880 hoc
352 1826 481 1881 mihi
495 1828 624 1882 solis
642 1830 799 1900 hujus
812 1830 1065 1903 splendor
1078 1842 1331 1899 praestare
1344 1848 1446 1888 non
1465 1834 1676 1903 poterit.
1697 1833 1822 1887 llaec

1132 248 1271 305 CUM
1312 248 1399 304 DE
1439 249 1870 307 EXPULSIONE
1910 250 2121 307 lPSlUS
2153 244 2545 302 AGERETUR.

3393 252 3494 304 656

1913 375 2087 423 autem
2102 368 2221 423 dico
2237 370 2288 423 in
2301 370 2518 425 auribus
2534 370 2883 426 audientium.
2898 370 2965 425 Et
2978 370 3101 442 quid
3119 368 3188 424 ita
3205 370 3268 424 ad
3288 368 3500 424 audien-

1914 460 2037 513 dum
2067 460 2349 515 sollicitum
2379 471 2432 515 ct
2454 472 2715 531 paratum,
2739 478 2896 532 quam
2920 476 3081 517 aures
3107 462 3337 516 vestrre?
3366 462 3501 515 Ecce

1915 550 2172 619 quotdics
2203 559 2327 604 sunt
2357 550 2496 620 quod
2525 550 2768 621 vigilatis,
2796 561 2850 606 et
2880 552 3083 606 nullum
3105 562 3335 607 vestrum
3359 565 3504 605 sont-

1916 642 2060 695 nium
2089 642 2379 709 inclinavit,
2412 657 2511 697 nec
2532 645 2782 711 temporis
2807 644 3034 711 spatium
3062 641 3279 711 frangit;
3299 641 3501 695 ttullum

1919 733 2096 798 timor,
2129 733 2328 787 nullum
2362 734 2519 787 minae
2540 732 2830 798 deterrent,
2854 733 2947 787 sed
2976 744 3146 787 terror
3172 748 3359 787 eorum
3391 732 3502 787 for—

1918 827 2081 881 tiores
2104 842 2199 880 vos
2229 825 2434 880 reddet.
2464 825 2629 881 Video
2661 827 2711 879 in
2740 824 2889 878 vobis
2909 825 3049 895 quod
3072 839 3287 893 semper
3302 826 3502 893 optavi,

1920 920 2038 975 ideo
2064 919 2204 989 quod
2247 918 2641 987 contempsistis
2684 917 2867 972 mundi
2898 917 3126 987 negotia,
3162 914 3507 970 renuntiastis

1918 1012 2166 1067 omnibus
2193 1029 2207 1065 :
2237 1010 2365 1065 nihil
2386 1010 2495 1080 jam
2527 1010 2594 1063 de
2626 1018 2785 1074 terra,
2815 1024 2986 1078 neque
3023 1007 3090 1062 de
3118 1007 3345 1061 terrenis
3370 1006 3506 1061 acti-

1920 1103 2019 1158 bus
2047 1104 2312 1173 cogitatis.
2354 1102 2434 1156 Ad
2475 1102 2705 1156 caelestia
2749 1116 2844 1154 vos
2875 1101 3133 1169 migrasse
3169 1099 3278 1168 jam
3307 1112 3504 1161 cerno,

1920 1195 2148 1249 absoluti
2193 1194 2325 1248 estis
2369 1193 2595 1247 vinculis
2639 1192 2900 1260 corporis,
2941 1191 3007 1243 ad
3036 1189 3243 1244 beatam
3280 1188 3426 1243 illam
3455 1196 3511 1241 et

1921 1288 2187 1341 caelestem
2219 1284 2540 1340 contenditis
2570 1282 2978 1353 pltilosoliliiam.
3018 1280 3131 1335 I-Ioc
3157 1280 3284 1334 mihi
3312 1280 3511 1335 sufﬁcit

1923 1378 2119 1433 vidisse
2168 1377 2233 1431 de
2273 1376 2457 1441 vobis;
2510 1375 2623 1429 limo
2673 1389 2789 1428 mea
2830 1373 3155 1438 consolatio;
3205 1372 3306 1425 ista
3333 1386 3418 1425 me
3457 1371 3511 1424 in

1923 1468 2180 1537 agonibus
2220 1467 2353 1520 meis
2382 1466 2525 1520 velut
2554 1473 2819 1534 unguenta
2854 1461 3096 1533 quaedam
3138 1461 3509 1525 corroborant,

1923 1570 1978 1614 et
2018 1558 2292 1613 fortiorem
2336 1571 2421 1610 me
2450 1555 2708 1624 agonibus
2741 1553 2990 1616 reddunt,
3020 1560 3073 1607 et
3100 1549 3166 1605 ad
3197 1549 3385 1620 gaudia
3416 1548 3514 1602 im-

1924 1649 2167 1703 mortalia
2210 1658 2368 1718 atquc
2421 1657 2618 1701 aeterna
2669 1646 3081 1698 transmittunt:
3116 1657 3211 1711 pro
3260 1640 3342 1694 his
3392 1653 3514 1708 gra-

1927 1742 2029 1795 tias
2066 1756 2285 1810 agamus
2330 1741 2458 1806 Deo,
2500 1739 2584 1794 cui
2623 1738 2791 1808 gloria
2831 1736 2884 1790 in
2925 1734 3115 1790 saecula
3169 1732 3513 1789 sacculorum.

1933 1834 2121 1886 Amen.

4034 4334 4039 4419 1

4036 4456 4037 4487 1

4040 4642 4041 4669 1

4040 4726 4043 4813 1

4040 4828 4045 4907 1

4042 4932 4046 5013 1

4035 4348 4039 4383 1

4036 4456 4037 4487 1

4040 4642 4041 4669 1

4040 4726 4043 4813 1

4040 4828 4045 4907 1

4042 4932 4047 5013 1

4046 5128 4049 5151 λ
