4100 6196
513 273 640 326 455·

1206 273 1262 327 S.
1299 271 1584 328 JOANNIS
1620 265 2109 325 CHRYSOSTOMI
2167 265 2482 321 ARCIIIEP.
2524 260 3064 324 CONSTANTINOP.
3647 263 3766 315 .iJ'ii’i‘

3555 546 3706 556 ..ιι-...υ-

3319 547 3750 573 πεῖ-τῖε

1967 1089 2323 1150 MONITUM

584 1427 759 1482 Aliam
787 1425 1001 1482 edimus
1046 1423 1469 1488 oratiunculam,
1497 1422 1892 1494 Chrysostomo
1927 1423 2260 1492 ascriptam,
2291 1436 2456 1492 quam
2502 1436 2567 1476 ex
2631 1419 2892 1477 Vaticano
2951 1421 3187 1491 quodam
3233 1423 3434 1480 Codice
3497 1424 3765 1492 eruimus,

511 1571 566 1617 et
606 1564 658 1617 in
697 1579 804 1634 qua
835 1570 1033 1633 praeter
1059 1562 1297 1628 initium,
1324 1563 1414 1617 ubi
1445 1563 1695 1633 quaedam
1729 1571 2049 1633 comparent
2087 1563 2277 1618 eadem
2313 1579 2435 1633 quae
2475 1563 2527 1617 in
2570 1563 2738 1634 priori
2779 1565 3046 1629 oratione,
3084 1572 3279 1620 caetera
3321 1564 3591 1634 perplexa,
3633 1565 3760 1618 inti-

513 1732 724 1788 tnazque
753 1728 895 1773 notae
924 1719 1177 1775 videntur
1208 1735 1350 1783 esse,
1381 1719 1630 1788 quaedam
1684 1719 1812 1773 item
1862 1734 1926 1773 ex
1970 1719 2276 1787 posteriore
2316 1719 2502 1788 primae
2552 1718 2818 1774 orationis
2860 1726 3016 1788 parte
3054 1729 3326 1789 excerpta.
3370 1717 3548 1774 Unum
3582 1728 3763 1776 tamen

511 1869 612 1922 est,
643 1860 787 1929 quod
820 1859 982 1928 hujus
1006 1859 1251 1929 opusculi
1282 1858 1618 1929 γηνσιότητα
1647 1874 1998 1930 propugnare
2024 1859 2292 1914 videatur.
2327 1857 2596 1914 Nimirum
2645 1858 3099 1928 Chrysostomus,
3133 1857 3393 1913 Oratione
3438 1859 3610 1928 prima
3639 1871 3764 1929 post

511 2000 745 2056 reditum
778 2003 846 2057 ab
871 2003 1085 2068 exsilio,
1119 2017 1282 2071 quam
1306 2017 1429 2056 cum
1456 2001 1688 2056 eruditis
1718 2018 1858 2072 pene
1890 2003 2144 2058 omnibus
2187 2018 2499 2072 germanam
2533 2017 2840 2068 censemus,
2881 2004 2994 2058 haec
3027 2004 3101 2058 ait
3133 2022 3146 2057 :
3190 2004 3508 2059 Meministis
3553 2021 3633 2058 me
3660 2003 3764 2059 Jo-

511 2143 633 2196 bum
668 2144 721 2196 in
749 2144 978 2197 medium
1002 2141 1282 2207 adducere,
1316 2158 1378 2195 ac
1407 2142 1578 2195 dicere
1601 2157 1619 2194 .'
1654 2137 1736 2194 Sit
1771 2155 1956 2193 nomen
1991 2137 2204 2215 Domini
2242 2139 2568 2192 benedictum
2613 2138 2667 2192 in
2707 2138 2920 2192 stecula.
2967 2137 3096 2193 Ha'c
3141 2139 3282 2193 vobis
3321 2139 3540 2206 pignora
3581 2143 3762 2196 exiens

2559 2275 2571 2318 ἕ

525 2627 3752 2658 .———————————-—_——_______.—.__.______._._L______—__——

1385 3104 1624 3195 CUM
1701 3107 1985 3196 IRET
2059 3107 2184 3197 IN
2259 3105 2891 3198 EXSILIUM.

590 3949 637 4002 Ι.
681 3949 822 4005 Laeta
853 3953 1006 4008 nobis
1027 3957 1196 4010 oratio
1217 3999 1230 4022 ,
1261 3956 1452 4013 fratres
1475 3999 1489 4025 ,
1517 3959 1934 4031 splendidusque
1963 3978 2097 4018 con-

511 4049 723 4105 ventus,
755 4051 808 4095 et
835 4044 994 4097 latum
1023 4048 1417 4118 spatiosumque
1436 4065 1582 4104 mare
1610 4051 1840 4118 plenum,
1869 4053 1963 4108 sed
1989 4070 2094 4108 non

515 4139 790 4185 ventorum
834 4135 1033 4203 impetu
1054 4139 1327 4206 agitatum.
1358 4142 1516 4196 Venit
1547 4144 1688 4197 enim
1721 4158 1891 4200 mater
1916 4147 2056 4215 pacis
2076 4190 2091 4214 ,

512 4237 632 4290 qua:
661 4234 937 4280 ventorum
971 4229 1221 4298 impetum
1257 4234 1562 4304 exstinguit.
1597 4237 1761 4292 Mater
1792 4240 1918 4294 Sion
1944 4242 2093 4308 dicet,

514 4315 666 4369 homo
686 4327 731 4371 et
754 4319 900 4373 homo
919 4332 1064 4376 natus
1077 4334 1150 4378 est
1175 4326 1226 4378 in
1254 4343 1332 4394 ea,
1352 4337 1397 4380 et
1417 4328 1524 4396 ipse
1544 4331 1772 4398 {undavit
1793 4350 1900 4385 eam
1923 4333 2093 4403 (Psal.

510 4407 602 4463 86.
634 4409 710 4480 5).
742 4411 914 4467 Filioli
963 4415 1104 4481 mei,
1149 4432 1234 4472 me
1277 4419 1602 4475 interfecturi
1648 4425 1812 4477 sunt?
1857 4425 1922 4478 Et
1970 4426 2095 4494 quid

510 4511 739 4556 mortem
772 4503 983 4558 timeam
1006 4506 1029 4558 ?
1059 4506 1194 4561 Mihi
1218 4509 1375 4564 vivere
1400 4509 1629 4566 Christus
1655 4524 1726 4567 est
1748 4555 1762 4578 ,
1791 4525 1836 4568 et
1859 4517 1986 4568 mori
2012 4519 2095 4570 Iu-

507 4611 649 4647 trum
683 4595 939 4668 (I’hiiipp.
972 4600 1020 4653 1.
1047 4599 1109 4657 21
1211 4599 1314 4656 Sed
1338 4603 1388 4656 in
1417 4604 1660 4658 exsilium
1706 4607 1959 4662 mittent?
1983 4608 2094 4663 Do-

512 4685 636 4738 mini
666 4696 738 4740 est
765 4697 918 4755 terra,
949 4699 997 4744 et
1025 4691 1298 4760 plenitudo
1313 4694 1419 4763 ejus
1450 4692 1619 4761 (Psal.
1653 4696 1741 4751 23.
1769 4697 1824 4765 1)
1881 4696 1984 4752 Sed
2015 4697 2094 4752 fa-

509 4777 736 4833 cultates
765 4795 898 4835 mete
926 4781 1375 4850 publicabuntur?
1411 4782 1559 4838 Nihil
1582 4786 1843 4840 intulimus
1875 4789 1930 4841 in
1964 4788 2095 4842 hunc

514 4869 777 4935 mundum,
811 4883 1096 4943 certumque
1122 4883 1193 4927 est
1223 4875 1357 4944 quod
1385 4875 1514 4928 nihil
1544 4875 1660 4930 hinc
1695 4880 1972 4948 poterimus
1996 4897 2092 4933 au-

511 4961 646 5025 ferre
667 4958 745 5029 (l.
779 4959 907 5014 Tim.
934 4963 986 5017 6.
1014 4964 1090 5034 7).
1119 4965 1222 5020 Sed
1251 4966 1396 5021 scitis
1417 4981 1518 5037 qua
1545 4966 1610 5022 de
1630 4983 1786 5023 causa
1815 4985 1900 5024 me
1930 4971 2094 5040 depo-

511 5047 667 5102 situri
697 5048 820 5104 sint.
851 5051 980 5122 Quia
1011 5065 1213 5122 tapetes
1243 5072 1348 5112 non
1374 5058 1622 5128 expandi,
1648 5067 1701 5114 et
1728 5061 1912 5115 sericis
1932 5064 2093 5118 vesti-

513 5138 615 5195 bns
653 5155 758 5195 non
803 5158 919 5197 sum
953 5158 1112 5212 usus,
1143 5147 1260 5214 quia
1291 5163 1475 5204 eorum
1504 5151 1785 5221 ingluviem
1813 5169 1919 5208 non
1955 5153 2089 5221 fovi,

514 5247 614 5286 nec
655 5249 840 5288 aurum
886 5237 966 5290 vel
1011 5247 1286 5307 argentum
1337 5242 1463 5308 ipsis
1497 5244 1682 5297 obtuli.
1713 5245 1903 5300 Dicunt
1932 5261 2092 5314 porro

512 5325 640 5380 mihi
668 5343 681 5378 :
709 5326 997 5383 Comedisti
1035 5339 1089 5384 et
1112 5330 1307 5395 bibisti,
1340 5339 1395 5386 et
1422 5331 1717 5402 baptizasti.
1748 5334 1802 5388 Si
1839 5335 1940 5390 hoc
1968 5335 2088 5402 feci,

512 5419 790 5473 anathema
823 5420 950 5473 mihi
975 5461 992 5486 ,
1019 5436 1086 5475 ne
1126 5437 1378 5477 numerer
1411 5439 1530 5478 cum
1558 5426 1820 5494 cpisc0pis
1843 5466 1857 5490 ,
1891 5441 1959 5480 ne
1989 5426 2089 5480 sim

512 5524 633 5562 cum
669 5511 891 5581 angelis,
920 5527 988 5567 ne
1015 5511 1123 5566 Deo
1148 5512 1406 5582 placeam.
1438 5514 1656 5570 Etiamsi
1687 5530 1814 5570 vero
1841 5515 2090 5570 comede-

513 5600 612 5654 rim
639 5611 695 5655 et
738 5602 1142 5673 baptizaverim,
1186 5604 1314 5660 nihil
1351 5621 1536 5662 eorum
1577 5610 1927 5678 inopportuno
1970 5610 2085 5664 reci.

514 5692 792 5764 Deponant
835 5707 888 5754 et
929 5697 1154 5753 Paulum
1184 5697 1480 5768 apostolum
1502 5738 1516 5766 ,
1551 5699 1689 5770 quod
1734 5710 1850 5770 post
1881 5713 2087 5755 coenam

2202 3961 2406 4017 custodi
2433 3958 2661 4015 carceris
2676 3957 2937 4027 baptisma
2964 3955 3245 4011 contulerit
3271 3955 3400 4025 (Act.
3431 3954 3516 4008 i6.
3541 3953 3632 4023 55)
3657 3953 3792 4007 :de-

2201 4064 2398 4124 ponant
2433 4053 2604 4123 ipsum
2633 4051 2915 4105 Dominum
2938 4092 2951 4114 ,
2983 4048 3124 4119 quod
3156 4058 3274 4118 post
3301 4062 3506 4102 coenam
3535 4061 3799 4100 commu-

2200 4147 2417 4200 nionem
2449 4143 2719 4212 discipulis
2745 4141 2968 4196 dederit.
3001 4140 3192 4194 Multos
3221 4139 3373 4194 video
3410 4137 3632 4201 ﬂuctus,
3663 4151 3802 4206 gra-

2200 4251 2427 4304 vemque
2450 4234 2758 4304 procellam,
2781 4241 3093 4301 paratasque
3125 4229 3302 4283 hastas
3331 4246 3344 4281 :
3377 4238 3426 4281 at
3455 4243 3554 4297 ego
3581 4227 3801 4296 guber-

2202 4336 2355 4381 nator
2387 4341 2574 4394 magna
2613 4325 2887 4393 ingruente
2913 4329 3244 4390 tempestate,
3277 4319 3326 4373 in
3358 4319 3559 4372 duabus
3586 4317 3807 4386 navigii

2203 4419 2464 4488 puppibus
2510 4417 2704 4480 sedeo,
2743 4415 2978 4478 scilicet,
3011 4415 3063 4468 in
3093 4413 3270 4468 Veteri
3313 4423 3366 4466 et
3404 4411 3550 4464 Novo
3591 4410 3807 4462 Testa-

2202 4521 2402 4576 mento,
2426 4518 2586 4580 atque
2611 4509 2772 4564 remis
2804 4517 3168 4575 tempestatem
3196 4504 3405 4573 depello
3439 4521 3451 4555 :
3483 4515 3588 4554 non
3621 4502 3814 4555 remis

2201 4603 2408 4672 ligneis,
2439 4601 2531 4655 sed
2557 4601 2854 4655 veneranda
2890 4613 3048 4652 cruce
3079 4595 3288 4649 Domini
3329 4602 3702 4661 tempestatem
3739 4593 3812 4646 in

2204 4711 2384 4764 pacem
2406 4703 2678 4748 converto.
2700 4692 2954 4746 Dominus
2973 4689 3143 4757 jubet,
3163 4697 3215 4741 et
3239 4694 3522 4741 coronatur
3549 4697 3759 4737 servus
3793 4701 3811 4736 :

2203 4785 2429 4855 idecque
2459 4799 2565 4838 non
2609 4798 2730 4838 eum
2759 4782 2810 4835 in
2836 4779 3030 4834 diaboli
3074 4791 3262 4831 manus
3304 4773 3480 4827 tradit.
3511 4773 3591 4825 An
3636 4773 3821 4841 igno-

2201 4884 2318 4930 rant
2339 4874 2600 4940 homines,
2616 4887 2708 4926 vas
2737 4871 3080 4943 purissimum
3110 4864 3365 4921 immundi
3385 4863 3822 4931 comparatione

2199 4966 2543 5036 conSpicuum
2590 4964 2743 5018 ﬁeri?
2802 4962 3043 5027 Fratres,
3100 4958 3422 5030 hypotheses
3467 4954 3620 5008 vobis
3676 4963 3824 5010 tres

2201 5073 2342 5127 pono
2365 5099 2378 5123 ,
2413 5056 2568 5110 tidem
2595 5097 2608 5117 ,
2638 5054 2984 5109 tentationem
3009 5092 3024 5116 ,
3071 5047 3473 5105 continentiam.
3500 5045 3554 5100 Si
3593 5044 3826 5101 dicatis

2200 5149 2358 5204 (idem
2388 5163 2483 5203 vos
2511 5148 2798 5212 sustinere,
2827 5142 3104 5199 imitamini
3130 5141 3344 5197 beatum
3376 5138 3666 5202 Abraham,
3697 5143 3827 5208 qui

2199 5243 2264 5296 ad
2303 5252 2630 5297 senectutem
2658 5239 2931 5310 pervenit,
2961 5247 3015 5292 et
3055 5245 3290 5291 maturos
3317 5233 3520 5302 accepit
3553 5231 3831 5289 fructus.

2199 5333 2254 5388 Si
2283 5334 2470 5389 dicatis
2490 5349 2584 5389 vos
2633 5333 2978 5387 tentationem
3008 5330 3289 5390 sustinere,
3331 5325 3612 5380 imitamini
3659 5325 3834 5382 bea-

2200 5434 2311 5478 tum
2341 5425 2460 5480 Job.
2491 5425 2618 5494 Ejus
2657 5438 2835 5478 mores
2864 5422 3052 5485 nostis,
3085 5429 3138 5474 et
3172 5417 3478 5488 patientiam
3518 5414 3778 5471 audistis
3811 5461 3836 5486 ,

2199 5532 2296 5571 nec
2317 5517 2566 5587 ignoratis
2583 5515 2790 5586 qualem
2809 5514 3028 5568 sortitus
3048 5513 3116 5566 sit
3141 5509 3320 5564 tinem.
3343 5507 3435 5563 Sin
3456 5506 3631 5560 velitis
3649 5520 3844 5563 con-

2199 5609 2470 5663 tinentiam
2503 5609 2802 5672 sustinere,
2833 5603 3109 5660 imitamini
3155 5602 3369 5657 beatum
3409 5596 3646 5666 Josepb,
3702 5602 3841 5668 qui

2196 5699 2438 5755 venditus
2459 5710 2538 5756 est
2565 5701 2617 5756 in
2638 5697 2921 5770 Egyptum
2940 5691 3214 5752 ducendus
3229 5733 3246 5763 ,
3260 5700 3314 5747 et
3338 5689 3476 5745 tame
3504 5686 3848 5746 tabescen-
