4100 6196
267 294 378 360 437

266 424 376 469 tem
421 412 712 486 Egyplum
766 415 1030 468 liberavit.
1070 414 1148 468 llli
1190 412 1384 483 quippe
1426 411 1646 466 tentatio
1681 411 1853 464 oblata

266 513 354 560 est
400 520 497 574 per
525 505 862 558 meretricem
895 503 1200 576 Egyptiam
1243 517 1427 557 amore
1459 502 1575 570 ejus
1603 509 1810 570 captam
1835 540 1851 564 ,

263 613 388 666 qua:
417 597 516 667 ipsi
541 595 834 662 assidebat,
862 595 1000 650 Cuba
1025 612 1219 649 mecum
1239 593 1394 665 (Gen.
1423 593 1514 648 59.
1536 595 1615 663 7),
1646 592 1849 646 dicens.

264 690 497 746 Volebat
539 690 683 745 enim
727 704 850 744 eum
889 703 920 742 a
966 689 1208 744 castitate
1245 687 1510 742 abducere
1541 685 1593 739 in
1620 684 1852 754 Egypto

259 780 518 853 Egyptia
551 797 564 834 :
606 779 694 834 hic
739 793 868 834 vero
904 779 1185 850 Egyplius
1234 779 1404 832 adest.
1441 776 1634 831 Verum
1679 788 1852 844 neque

254 874 355 928 illa
400 882 640 928 sanctum
680 871 1037 941 supplantavn
1061 912 1076 937 ,
1105 886 1280 940 neque
1317 869 1458 923 hunc
1485 867 1594 922 ille.
1627 866 1730 921 Sed
1759 881 1852 934 ap-

257 964 447 1032 paruit
471 962 626 1016 simul
648 961 908 1016 libertatis
935 960 1300 1030 temperantia,
1332 959 1557 1014 ﬁliorum
1581 957 1846 1023 nobilitas,

255 1062 316 1108 et
345 1052 585 1107 barbara:
609 1051 847 1106 mulieris
869 1050 1269 1105 incontinentia.

332 1145 388 1198 9,.
429 1144 675 1211 Fratres,
706 1142 790 1197 fur
828 1158 932 1197 non
963 1142 1259 1212 ingreditur
1294 1155 1388 1208 eo,
1415 1139 1505 1194 ubi
1535 1138 1686 1208 palea
1708 1180 1722 1205 ,
1750 1137 1849 1194 foe-

258 1251 390 1290 num
413 1277 431 1302 ,
466 1245 521 1290 et
554 1236 752 1304 lignum
780 1234 1010 1297 adsunt;
1039 1234 1134 1289 sed
1164 1233 1251 1287 ubi
1278 1248 1462 1287 aurum
1487 1273 1504 1298 ,
1531 1242 1806 1301 argentum
1827 1269 1845 1298 ,

255 1338 353 1382 aut
380 1333 665 1398 margarita
694 1345 708 1380 :
733 1330 810 1381 sic
835 1335 890 1381 et
911 1327 1154 1382 diabolus
1183 1341 1290 1381 non
1319 1341 1384 1380 eo
1411 1324 1725 1394 ingreditur,
1758 1322 1846 1376 ubi

258 1429 550 1485 scortator,
598 1427 690 1474 aut
739 1417 1028 1489 profanus,
1080 1429 1170 1472 aut
1221 1433 1416 1488 rapax,
1473 1425 1566 1471 aut
1615 1431 1838 1478 avarus;

256 1511 354 1564 sed
385 1512 474 1564 ubi
513 1510 608 1575 illi,
636 1510 725 1578 qui
757 1509 1046 1564 solitariam
1075 1518 1239 1578 agunt
1269 1509 1450 1562 vitam.
1484 1507 1718 1569 Fratres,
1750 1522 1847 1561 vo-

257 1602 505 1655 lnmusne
535 1601 764 1669 linguam
789 1616 981 1655 acuere
999 1601 1252 1655 adversus
1280 1599 1710 1670 Imperalricem?
1738 1598 1844 1654 Sed

256 1691 386 1766 quid
414 1691 627 1745 dicam?
655 1691 864 1746 Jezabel
897 1692 1176 1746 tumultum
1200 1692 1342 1762 agit,
1375 1699 1428 1745 et
1461 1690 1638 1744 llelias
1668 1688 1798 1758 fugit
1826 1705 1840 1741 :

259 1781 522 1834 llerodias
568 1782 809 1847 letatur,
862 1792 915 1836 et
967 1781 1198 1843 Joannes
1246 1781 1470 1836 vinculis
1519 1781 1842 1849 stringitur:

260 1873 521 1943 Egyptia
565 1875 848 1936 mentitur,
875 1882 930 1926 et
954 1872 1152 1942 Joseph
1208 1874 1260 1926 in
1295 1886 1564 1926 carcerem
1593 1870 1840 1924 truditur.

257 1963 326 2018 Si
370 1965 546 2032 itaque
577 1978 658 2017 me
682 1964 733 2017 in
758 1963 1002 2018 exsilium
1030 1964 1290 2028 miserint,
1323 1962 1526 2016 lleliam
1559 1961 1841 2026 imitabor;

256 2055 308 2108 si
344 2055 397 2108 iu
427 2070 631 2109 caenum
663 2056 1002 2123 projecerint,
1031 2055 1349 2124 Jeremiatn;
1378 2052 1424 2106 si
1453 2054 1503 2106 in
1536 2067 1681 2106 mare
1710 2068 1846 2121 pra:-

256 2147 631 2215 cipitaverint,
661 2146 849 2201 Jonant
881 2147 1228 2216 pr0pltetam;
1260 2146 1304 2202 si
1336 2146 1386 2200 in
1426 2145 1620 2208 lacum,
1657 2145 1833 2200 Danie

255 2237 368 2290 lem
392 2253 408 2300 ;
436 2237 480 2290 si
503 2237 874 2304 lapidaverint,
907 2239 1282 2310 Stephanum;
1327 2238 1374 2294 si
1418 2235 1594 2306 capite
1629 2245 1848 2292 trunca-

258 2329 467 2391 verint,
508 2327 770 2383 Joannem
829 2327 1252 2392 Praecursorem;
1313 2328 1358 2383 si
1409 2326 1840 2392 verbéraverint,

255 2417 519 2482 Paulum;
550 2419 593 2472 si
645 2435 792 2473 serra
838 2420 1128 2483 secuerint,
1197 2418 1404 2473 Isaiam.
1447 2418 1659 2474 Utinam
1710 2431 1840 2473 vero

255 2522 412 2561 serra
445 2507 637 2578 lignea,
668 2518 724 2562 nt
762 2525 945 2572 amore
972 2511 1145 2564 crucis
1183 2508 1348 2564 fruar.
1371 2509 1635 2578 Corporea
1665 2508 1842 2562 iucor«

256 2613 481 2668 porcum
509 2609 776 2668 oppugnat
804 2618 820 2656 :
847 2616 964 2670 qua:
991 2600 1194 2655 balneis
1221 2609 1274 2654 et
1301 2599 1580 2670 unguentis
1627 2598 1840 2668 fruitur,

254 2706 382 2759 quae
410 2705 530 2745 cum
571 2693 686 2745 viro
711 2693 1161 2760 circnmplicatur,
1185 2693 1378 2747 bellum
1412 2691 1549 2762 gerit
1589 2690 1844 2746 adversus

258 2795 448 2846 pnram
479 2791 531 2834 et
558 2781 948 2836 immaculatam
981 2782 1294 2836 Ecclesiam.
1327 2782 1396 2834 At
1437 2780 1578 2836 enim
1608 2781 1697 2836 illa
1730 2782 1840 2850 jam

256 2871 418 2922 vidua
463 2871 710 2935 sedebit,
763 2873 922 2926 etiam
967 2872 1082 2925 viro
1124 2872 1410 2940 superstite
1442 2888 1455 2925 :
1487 2871 1607 2941 quia
1653 2885 1842 2940 nempe

255 2960 455 3014 mulier
479 2976 538 3015 es
560 3003 575 3025 ,
603 2970 657 3015 et
686 2961 764 3016 vis
797 2963 1084 3017 Ecclesiam
1113 2962 1326 3017 viduam
1368 2962 1564 3018 facere.
1595 2963 1717 3017 Heri
1747 2977 1840 3017 ve-

253 3053 404 3120 speri
433 3067 517 3106 me
544 3054 756 3108 tertium
782 3053 1047 3108 decimum
1075 3055 1372 3124 apostolum
1398 3055 1637 3117 vocabat,
1666 3063 1718 3108 et
1748 3054 1843 3108 lio-

251 3144 352 3197 die
388 3143 579 3199 Judam
605 3146 855 3215 appellat.
890 3146 1012 3202 lleri
1040 3161 1164 3202 cum
1195 3147 1442 3203 libertate
1473 3161 1681 3202 mecum
1707 3161 1841 3202 con-

797 297 1194 357 ORATIONES
1233 295 1410 355 POST
1449 295 1767 353 REDITUM
1805 293 1895 348 ΑΒ
1931 291 2206 349 EXSILIO
2248 291 2496 351 DICTIE.
2533 320 2604 332 —
2642 286 2983 345 MONITUM.

3419 291 3522 346 438

1965 411 2210 476 sidebat,
2243 421 2298 468 et
2348 411 2504 468 hodie
2551 427 2649 468 ceu
2692 411 2807 468 fera
2857 412 2911 467 in
2956 427 3044 468 me
3084 413 3255 470 irruit.
3305 414 3551 485 Oportnit

1963 503 2128 556 solent
2157 503 2294 572 apud
2322 517 2418 558 nos
2443 503 2731 576 exstingui,
2759 513 2815 560 et
2839 504 3017 560 lunam
3043 521 3147 561 non
3176 521 3436 576 apparere
3461 521 3549 578 po-

1962 594 2086 660 tius,
2131 610 2291 664 quam
2340 596 2484 651 verbi
2533 596 2634 651 Job
2670 597 3128 652 oblivisceremur.
3157 599 3366 654 Etenim
3407 600 3547 669 Job,

1961 685 2049 752 qui
2078 692 2275 737 tantam
2307 700 2591 755 perpessus
2623 695 2705 742 est
2732 686 2974 757 plagam,
3003 688 3132 743 nihil
3176 690 3318 744 aliud
3345 691 3549 746 clama-

1960 773 2080 838 bat,
2115 789 2310 842 quam,
2341 774 2423 828 Sit
2461 791 2642 830 nomen
2681 775 2885 831 Domini
2915 777 3230 832 benedictum
3268 780 3320 833 in
3360 781 3550 834 sarcula

1961 864 2081 934 (Job
2117 865 2165 919 l.
2195 865 2311 935 21).
2335 864 2465 920 Cum
2494 867 2635 922 enim
2684 884 2816 924 uxor
2843 869 2958 938 ejus
2981 872 3284 925 occlamans
3309 872 3545 927 diceret:

1959 953 2058 1008 Dic
2101 957 2302 1009 verbum
2329 967 2502 1010 contra
2539 956 2818 1012 Dominum
2845 1001 2860 1027 ,
2891 969 2937 1013 et
2965 976 3156 1015 morere
3199 961 3329 1031 (Id.
3357 961 3409 1014 2.
3441 961 3496 1031 9)
3528 977 3546 1026 ;

1956 1049 2124 1116 ipsam
2151 1048 2443 1118 increpavit
2471 1049 2653 1106 dicens
2682 1067 2696 1102 :
2729 1049 2834 1106 Cur
2859 1052 3004 1120 quasi
3037 1068 3139 1105 una
3164 1069 3226 1106 ea:
3252 1053 3539 1124 insipienti-

1956 1140 2046 1190 bus
2086 1139 2376 1193 mulieribus
2417 1141 2622 1210 loquuta
2645 1157 2698 1196 es
2747 1141 2922 1213 (Ibid.
2952 1157 3000 1196 υ.
3035 1141 3176 1214 £0)?
3207 1142 3250 1198 Ο
3284 1143 3544 1214 ingratam

1955 1229 2263 1283 mulierem!
2294 1245 2327 1284 ο
2351 1233 2696 1301 emplastrum
2722 1233 3004 1288 dolorum!
3034 1233 3299 1303 Numquid
3321 1276 3336 1301 ,
3366 1250 3397 1291 o
3426 1251 3545 1289 mu-

1954 1320 2084 1388 lier,
2129 1330 2182 1377 te
2228 1324 2418 1378 morbo
2464 1324 2770 1390 laborante,
2814 1327 2934 1380 talia
2975 1336 3147 1382 tecum
3187 1327 3435 1396 loquutus
3462 1336 3544 1382 est

1952 1410 2092 1466 Job?
2119 1428 2295 1467 nonne
2321 1413 2564 1482 precibus
2584 1423 2638 1470 et
2655 1415 2846 1470 ofﬁciis
2877 1426 3018 1470 tuam
3045 1417 3292 1471 abstersit
3317 1417 3536 1486 aegritu-

1957 1503 2173 1559 dinem?
2196 1504 2329 1560 Cum
2362 1509 2414 1560 in
2444 1506 2604 1576 regiis
2629 1507 2777 1561 atriis
2806 1507 3049 1575 degeret,
3076 1523 3197 1563 cum
3223 1508 3412 1577 opibus
3437 1509 3540 1561 llo-

1954 1605 2116 1662 reret,
2147 1611 2266 1650 cum
2298 1597 2443 1666 regio
2473 1597 2616 1652 cultu
2637 1639 2652 1664 ,
2683 1597 2814 1652 nilnl
2844 1599 3018 1653 simile
3044 1598 3256 1653 dicebas
3275 1639 3290 1662 ,
3318 1607 3370 1653 et
3401 1613 3542 1653 nunc

1954 1688 2040 1741 ubi
2071 1688 2217 1743 vides
2247 1689 2390 1742 illum
2431 1690 2482 1742 in
2512 1689 2638 1744 ﬁmo
2675 1689 2971 1756 sedentem,
3001 1700 3055 1744 et
3081 1705 3108 1742 a
3135 1691 3403 1745 vermibus
3430 1691 3540 1743 cir-

1953 1777 2342 1843 cumvolutum,
2390 1777 2491 1832 hoc
2544 1778 2777 1848 loqueris
2809 1797 2822 1833 :
2853 1778 2952 1832 Dic
2977 1780 3176 1832 verbum
3219 1788 3395 1832 contra
3429 1778 3542 1832 Do-

1951 1871 2163 1935 minum,
2202 1879 2248 1923 ct
2274 1887 2484 1923 morere.
2512 1868 2630 1925 Non
2657 1871 2784 1926 satis
2809 1879 2926 1924 erat
2965 1871 3039 1924 illi
3078 1880 3418 1938 temporanea
3445 1885 3539 1922 ca-

1948 1962 2176 2031 stigatio.
2205 1963 2298 2016 sed
2330 1963 2377 2016 ei
2409 1977 2502 2031 per
2527 1962 2628 2016 hoc
2656 1963 2901 2027 verbum,
2932 1970 3188 2015 aeternum
3211 1959 3528 2030 supplicium

1950 2053 2246 2122 procuras?
2292 2053 2395 2108 Sed
2436 2053 2564 2123 quid
2606 2053 2791 2108 beatus
2827 2052 2969 2109 Job?
3011 2050 3116 2106 Cur
3152 2051 3297 2121 quasi
3334 2068 3434 2104 una
3475 2067 3539 2104 ea:

1949 2145 2295 2216 insipientibus
2325 2146 2612 2199 mulieribus
2643 2147 2846 2212 loquuta
2869 2145 2957 2198 es?
2983 2143 3043 2198 Si
3072 2144 3198 2196 bona
3229 2143 3537 2212 suscepimus

1951 2235 2013 2288 de
2041 2252 2194 2289 manu
2230 2235 2460 2302 Domini,
2484 2237 2618 2289 mala
2648 2252 2746 2289 non
2772 2235 3160 2288 sustinebimus?
3189 2233 3325 2300 Quid
3358 2242 3534 2306 autem

1952 2325 2066 2381 haec
2086 2326 2260 2396 iniqua
2282 2326 2531 2381 etodiosa
2553 2343 2568 2392 ;
2593 2326 2726 2393 haec,
2747 2326 2980 2395 inquam,
3001 2341 3133 2378 nova
3154 2324 3387 2378 Jezabel.
3421 2363 3434 2377 .
3469 2363 3482 2376 .
3516 2362 3531 2376 .

1950 2417 2059 2474 Sed
2094 2420 2253 2474 mittit
2282 2420 2408 2474 mihi
2436 2419 2683 2474 consules
2712 2427 2765 2473 et
2791 2419 3029 2472 tribunos
3049 2458 3062 2479 ,
3095 2425 3401 2485 tantumque
3433 2416 3535 2467 mi-

1949 2511 2168 2567 nitatur.
2214 2511 2282 2565 Et
2317 2510 2443 2581 quid
2491 2509 2558 2564 ad
2605 2524 2691 2565 me
2731 2509 2958 2564 attinet?
2989 2510 3208 2562 Araneze
3240 2507 3307 2560 ab
3344 2520 3540 2559 aranea

1950 2604 2146 2658 missae.
2181 2602 2413 2669 Fratres,
2446 2602 2692 2671 quoniam
2726 2600 2994 2655 laboribus
3018 2599 3257 2663 victoria,
3286 2597 3536 2656 certanti-

1951 2694 2106 2749 nibus
2133 2707 2328 2746 corona
2359 2703 2612 2762 paratur,
2644 2699 2701 2745 ut
2730 2691 2937 2746 divinus
2969 2677 3160 2742 Paulus
3197 2686 3354 2741 modo
3386 2685 3534 2740 dice-

1949 2784 2071 2844 bat.
2113 2783 2313 2837 Bonum
2364 2791 2612 2836 certamen
2655 2784 2840 2836 certari
2861 2821 2875 2845 ,
2904 2795 3107 2833 cursum
3154 2776 3530 2837 consummavi,

1950 2874 2102 2943 ﬁdem
2125 2875 2316 2928 servavi
2345 2889 2364 2924 :
2392 2874 2442 2926 in
2472 2873 2663 2941 reliquo
2706 2873 2924 2942 reposita
2966 2880 3037 2925 est
3074 2869 3198 2922 mihi
3239 2884 3422 2922 corona
3443 2867 3537 2936 jus

1949 2965 2118 3029 αἰτίαν,
2148 2980 2298 3034 quam
2328 2964 2502 3018 reddet
2525 2963 2646 3016 mihi
2680 2961 2925 3017 Dominus
2949 2962 3001 3015 in
3027 2961 3119 3013 illa
3149 2961 3228 3013 die
3247 2961 3421 3030 justus
3441 2961 3537 3028 ju-

1949 3055 2047 3108 dea:
2076 3055 2160 3127 (2.
2191 3053 2320 3108 Tim.
2349 3056 2401 3108 4.
2437 3055 2514 3125 7).
2544 3053 2802 3120 Quoniam
2836 3053 2931 3123 ipsi
2963 3053 3129 3122 gloria
3163 3061 3218 3107 et
3257 3050 3534 3117 imperium

1949 3147 2003 3201 in
2044 3148 2237 3203 saecula
2265 3148 2599 3203 smCttlorum.
2633 3147 2823 3202 Amen.

716 3991 799 4054 IN
838 3990 1032 4052 DUAS
1067 3989 1504 4088 SEQUENTES
1544 3989 1729 4050 POST
1774 3987 2118 4051 REDITUM
2159 3991 2256 4050 AB
2298 3991 2595 4053 EXSILIO
2635 3953 3082 4053 ORATlONES.

275 4242 392 4298 lem
422 4254 570 4307 esse,
599 4238 828 4310 ideoque
855 4237 1266 4304 brevissimam;
1303 4237 1540 4292 secunda
1568 4245 1746 4291 autem
1781 4237 1993 4308 longior
2016 4238 2331 4308 insequente
2355 4239 2443 4295 die
2466 4241 2609 4296 dicta
2640 4240 2803 4297 fuerit
2832 4260 2846 4297 :
2875 4241 3060 4311 lapsus
3094 4259 3220 4316 ergo
3252 4245 3518 4301 Sozome-

279 4352 385 4390 nus
411 4345 498 4391 est
523 4335 618 4405 qui
639 4334 1080 4402 extemporalem,
1115 4333 1345 4403 σχέδιον,
1381 4331 1524 4385 illam
1555 4330 1890 4399 orationem,
1922 4348 2082 4401 quam
2128 4348 2382 4388 reversus
2429 4332 2854 4404 Cltrysostomus
2887 4340 2954 4394 ad
3001 4339 3258 4407 populum
3303 4339 3516 4405 habuit,

275 4428 410 4482 dicit
437 4443 561 4482 eam
586 4442 707 4483 esse
729 4443 848 4498 qua:
871 4427 1168 4482 Abrahami
1202 4435 1257 4480 et
1286 4425 1435 4480 Sara
1466 4425 1875 4481 similitudinem
1906 4427 2146 4493 adhibet,
2178 4429 2247 4482 ab
2279 4429 2484 4498 illaque
2515 4430 2744 4485 orditur.

349 4518 490 4574 Huic
512 4520 746 4574 orationi
778 4519 998 4585 Graecae,
1027 4534 1191 4588 quam
1217 4517 1404 4572 Latine
1435 4518 1821 4582 convertimus,
1855 4526 2089 4574 veterem
2120 4520 2639 4590 interpretationem,
2677 4539 2798 4594 qua:
2840 4525 2893 4579 in
2935 4526 3088 4596 prius
3117 4525 3278 4581 editis
3307 4524 3500 4591 fertur,

279 4613 703 4682 bubjungimus;
738 4615 994 4684 quoniam
1027 4613 1155 4668 hinc
1179 4621 1233 4668 et
1258 4613 1382 4666 inde
1424 4612 1686 4667 nonnulla
1713 4613 1980 4668 habentur
2007 4614 2209 4671 Graecis
2239 4617 2504 4683 auctiora,
2536 4619 2779 4688 quaedam
2809 4622 2971 4675 etiam
3006 4639 3162 4678 secus
3198 4622 3395 4693 posita.

353 4705 659 4761 Secundam
691 4707 856 4762 etiam
883 4716 944 4762 ut
968 4721 1154 4760 verum
1186 4706 1559 4778 Chrysostomi
1586 4705 1755 4761 fetum
1789 4722 1978 4763 omnes
2007 4709 2298 4765 admittunt
2324 4728 2338 4763 :
2371 4711 2598 4783 eiusque
2627 4716 2954 4786 γνησιότητα
2987 4715 3321 4772 Sozomenus
3355 4717 3510 4790 I424]

277 4806 477 4859 asserit
501 4803 556 4856 in
581 4802 704 4857 loco
734 4817 897 4872 supra
931 4801 1113 4856 allato.
1154 4799 1338 4856 Unum
1368 4807 1451 4854 est
1475 4799 1622 4869 quod
1659 4814 1765 4854 non
1801 4815 1994 4869 parum
2034 4803 2235 4872 negotii
2277 4801 2528 4860 facessat.
2561 4804 2803 4860 Primum
2835 4807 3210 4878 Clirysostomi
3262 4813 3518 4866 exsilium

277 4905 336 4953 ct
368 4897 443 4952 ab
491 4897 584 4956 illo
637 4897 833 4952 exsilio
881 4896 1088 4950 reditus
1123 4894 1176 4949 in
1227 4909 1431 4948 annum
1487 4893 1689 4948 cadunt
1738 4891 1877 4959 403;
1932 4895 2252 4960 secundum,
2289 4913 2322 4952 a
2373 4913 2480 4967 quo
2527 4915 2801 4970 nunquam
2854 4902 3013 4956 rediit
3064 4902 3514 4976 Chrysostornus,

284 5007 437 5048 anno
465 4991 570 5046 404
601 4991 848 5061 contigit.
881 4990 1018 5046 Cum
1044 4990 1283 5046 secundo
1311 4989 1517 5059 eiectus
1543 4987 1643 5042 fuit
1673 4987 2114 5057 Chrysostomus,
2144 4989 2372 5060 irruptio
2397 4993 2449 5046 in
2478 4993 2761 5049 ecclesiam
2810 4995 2950 5051 facta
2998 5007 3100 5062 est,
3135 4999 3516 5068 baptisterium

277 5087 554 5156 sanguine
581 5086 844 5156 repletum
879 5084 1020 5151 fuit;
1043 5084 1157 5138 haec
1192 5098 1339 5148 vero,
1368 5098 1487 5152 qua:
1514 5097 1657 5137 anno
1681 5081 1785 5137 404
1811 5091 1962 5152 gesta
2003 5094 2151 5151 sunt,
2192 5085 2243 5138 in
2288 5086 2390 5140 hac
2431 5088 2673 5152 homilia,
2706 5103 2851 5143 anno
2901 5090 3007 5144 405
3047 5091 3252 5156 habita,
3279 5109 3516 5148 comme-

277 5189 590 5247 morantur,
615 5181 675 5232 τὸ
701 5180 1062 5250 φωτιστήριον
1095 5180 1323 5249 αἵματος
1363 5176 1762 5248 ἐμπέπλησται.
1803 5176 1844 5244 Q

1954 5178 2088 5233 nodo
2134 5181 2310 5248 potuit
2356 5180 2778 5251 Chrysostomus
2823 5198 2887 5237 ea
2936 5200 3081 5239 anno
3111 5188 3217 5242 403
3261 5197 3320 5242 ut.
3366 5197 3514 5258 gesta

274 5274 510 5335 referre,
537 5289 656 5341 qua:
680 5289 825 5328 anno
855 5273 1031 5329 solum
1060 5273 1306 5345 sequenti
1329 5281 1478 5342 gesta
1501 5272 1668 5328 sunt!
1699 5270 1824 5326 Haec
1862 5273 2051 5340 objicit
2101 5272 2357 5340 Savilius,
2404 5277 2601 5345 quibus
2634 5279 2928 5347 respondet
2961 5280 3338 5336 Tillemontins
3371 5299 3385 5334 :
3436 5284 3523 5336 id-

272 5364 462 5435 ipsum
487 5373 541 5418 et
569 5365 743 5420 hocet
769 5365 1014 5436 sequenti
1043 5381 1187 5420 anno
1234 5366 1544 5436 contingere
1577 5367 1836 5436 potuisse.
1887 5366 2039 5422 Alius
2093 5366 2325 5424 lortasse
2369 5371 2540 5436 dicet,
2587 5373 2703 5428 luce
2753 5374 3026 5442 adjectitia
3056 5390 3195 5442 esse,
3226 5385 3278 5430 et
3325 5393 3388 5432 ex
3416 5383 3524 5436 alio

274 5458 422 5514 forte
451 5463 713 5529 opusculo
747 5462 1140 5534 Chrysostomi,
1173 5462 1317 5532 quod
1353 5462 1594 5532 perierit,
1619 5463 1726 5518 huc
1753 5464 2012 5520 translata
2047 5463 2232 5521 fuisse.
2267 5465 2425 5522 Certe
2465 5483 2552 5524 res
2587 5471 2697 5524 lnec
2740 5469 3054 5528 difﬁcultate
3096 5489 3204 5528 non
3247 5481 3420 5536 vacat,
3459 5485 3515 5530 ct

277 5552 336 5606 in
367 5551 742 5622 Chrysostomi
780 5550 898 5606 Vita
929 5554 1173 5622 pluribus
1201 5553 1552 5625 expendetur.

350 5644 633 5700 Gadel'ridi
659 5643 954 5714 Tilmanni,
987 5648 1079 5717 qui
1110 5650 1495 5722 paraphrasten
1525 5648 1703 5721 potius
1733 5664 1894 5719 qnam
1927 5647 2273 5719 interpretem
2315 5651 2452 5722 egit,
2493 5652 2797 5712 versionem
2836 5655 3129 5724 rejecimus
3150 5699 3164 5722 ,
3209 5668 3524 5724 novamque

281 5751 620 5807 paravimus.

601 5832 864 5892 ΡΑΤιιοι..
909 5832 1022 5894 Gn.
1068 5833 1192 5900 Lll.
1563 5871 1567 5874 κ

3137 5840 3172 5899 ὃ
