4100 6196
1447 170 1482 234 [ε

537 308 640 364 439

1226 297 1284 354 S.
1323 294 1606 353 JOANNIS
1642 293 2123 350 CHRYSOSTOMI
2161 291 2481 349 ARCHIEP.
2523 292 3065 351 CONSTANTINOP.

3650 304 3754 358 ΗΟ

1621 1043 1961 1138 POST
2053 1045 2680 1190 REDITUM,

1811 1369 1855 1426 Α
1894 1369 2147 1426 PRIORE
2186 1368 2474 1425 EXSILIO.

603 2235 656 2287 1.
687 2234 822 2303 Quid
848 2235 1042 2304 dicam,
1071 2244 1163 2290 aut
1189 2236 1316 2307 quid
1339 2237 1572 2309 loquar?
1601 2240 1921 2300 Benedictus
1944 2243 2106 2300 Deus.

533 2325 643 2380 lloc
671 2341 919 2396 egressus
941 2327 1072 2394 dixi,
1107 2329 1206 2383 hoc
1229 2329 1419 2385 iterum
1461 2330 1693 2401 profero,
1728 2334 1835 2388 imo
1861 2334 1967 2389 illic
1991 2351 2111 2394 cum

533 2431 706 2471 essem
735 2434 841 2471 non
869 2419 1126 2474 intermisi
1157 2420 1355 2476 dicere.
1386 2422 1697 2479 Meministis
1725 2441 1810 2478 me
1837 2424 2028 2481 Jobum
2059 2427 2112 2480 in

535 2507 766 2561 medium
796 2508 1060 2564 adducere
1083 2550 1098 2574 ,
1139 2525 1203 2565 ac
1229 2511 1409 2568 dicere
1439 2530 1454 2566 :
1487 2512 1570 2569 Sit
1599 2530 1778 2569 nomen
1803 2513 2006 2569 Domini
2033 2515 2117 2571 be-

536 2600 784 2654 nedictum
809 2601 861 2654 in
890 2601 1078 2656 swcula
1125 2603 1258 2673 (Job
1301 2605 1355 2659 1.
1395 2605 1458 2661 2|
1487 2606 1529 2677 ).
1562 2605 1687 2666 Haec
1715 2608 1868 2664 vobis
1894 2610 2114 2679 pignora

413 2743 432 2758 ί
532 2693 716 2748 exiens
745 2693 957 2764 reliqui,
987 2695 1082 2750 has
1101 2697 1388 2767 gratiarum
1409 2701 1648 2756 actiones
1673 2710 1895 2771 repeto:
1924 2702 2006 2757 Sit
2026 2720 2118 2756 no-

535 2801 648 2840 men
695 2785 902 2842 Domini
942 2789 1252 2844 benedictum
1293 2791 1347 2844 in
1371 2791 1576 2847 uacula.
1623 2790 1855 2849 Diversa:
1883 2807 1990 2857 res.
2020 2794 2117 2850 scd

538 2891 640 2930 una
664 2876 998 2947 glorificatio.
1033 2879 1222 2936 Pulsus
1240 2882 1439 2951 gratias
1458 2882 1698 2953 agebam,
1730 2897 1978 2940 reversus
1996 2899 2119 2955 gra—

537 2967 636 3023 tias
660 2981 780 3039 ago.
806 2968 1037 3026 Diversae
1076 2987 1184 3036 res,
1215 2973 1310 3028 sed
1339 2973 1464 3029 finis
1492 2990 1630 3030 unus
1660 2975 1850 3030 hiemis
1881 2983 1935 3030 ct
1959 2984 2118 3030 33513-

538 3059 640 3124 tis;
672 3074 810 3114 unus
850 3059 991 3127 ﬁnis,
1036 3063 1148 3132 agri
1189 3062 1429 3117 felicitas.
1461 3063 1780 3120 Benedictus
1823 3064 1997 3132 Deus,
2028 3064 2119 3134 qui

537 3151 780 3219 permisit
821 3151 1043 3223 egredi;
1075 3153 1388 3208 benedictus
1413 3154 1639 3222 iterum,
1668 3156 1757 3225 qui
1785 3155 1852 3210 ad
1889 3155 2117 3211 reditum

537 3247 809 3307 evocavit;
857 3241 1169 3298 benedictus
1200 3244 1372 3311 Deus,
1403 3245 1492 3314 qui
1523 3253 1891 3314 tempestatem
1920 3245 2120 3315 permi-

537 3334 606 3387 sit
631 3350 645 3398 ;
674 3332 983 3390 benedictus
1009 3335 1171 3403 Deus,
1197 3335 1290 3405 qui
1311 3344 1679 3405 tempestatem
1696 3335 1876 3401 solvit,
1903 3344 1956 3391 et
1977 3344 2124 3390 tran-

537 3427 856 3497 quillitatem
888 3429 1110 3497 paravit.
1152 3428 1278 3483 l-lzec
1302 3427 1444 3495 dico,
1482 3437 1542 3482 ut
1569 3443 1665 3484 vos
1692 3415 1759 3482 ad
1800 3428 2122 3484 benedicen-

538 3520 666 3574 dum
705 3521 813 3576 Deo
840 3521 1130 3575 instituam.
1161 3521 1306 3576 Bona
1329 3523 1702 3591 contigerunt?
1733 3521 1962 3576 Benedic
1988 3521 2118 3586 Deo,

537 3622 592 3666 ct
617 3613 754 3667 bona
791 3623 1026 3668 manent.
1064 3614 1196 3668 Mala
1225 3613 1572 3669 acciderunt?
1614 3614 1845 3669 Benedic
1893 3613 2024 3673 Deo.
2068 3623 2123 3668 et

540 3705 680 3758 mala
728 3703 1023 3760 solvuntur.
1064 3705 1335 3774 Siquidem
1364 3713 1420 3760 et
1445 3703 1544 3759 Job
1586 3703 1736 3759 dives
1779 3718 1902 3759 cum
1943 3713 2117 3768 esset,

537 3795 734 3864 gratias
753 3796 960 3866 agebat,
985 3811 1184 3866 pauper
1207 3797 1364 3852 etiam
1385 3795 1604 3850 elfectus
1630 3795 1740 3850 Deo
1762 3796 1982 3866 gloriam
2001 3795 2124 3850 red-

539 3887 717 3942 debat.
748 3887 931 3959 Neque
961 3899 1086 3944 tunc
1115 3888 1307 3959 rapuit,
1349 3904 1521 3960 neque
1558 3897 1684 3944 tunc
1715 3887 2117 3959 blasphemavit.

543 3978 698 4034 Varia
746 3989 984 4050 tempora
1006 4023 1020 4048 ,
1063 3990 1118 4036 et
1157 3997 1261 4036 una
1303 3996 1454 4038 mens
1492 3980 1592 4037 fuit
1623 3999 1636 4036 :
1666 3997 1730 4037 ac
1753 3982 2122 4052 gubernatoris

541 4072 791 4124 virtutem
817 4087 916 4126 nec
938 4073 1291 4144 tranquillitas
1320 4076 1560 4143 resolvit,
1590 4089 1690 4129 nec
1717 4083 2001 4144 tempestas
2030 4074 2124 4128 de-

544 4160 756 4230 mergit.
787 4161 1104 4218 Benedictus
1150 4164 1290 4219 Deus
1329 4175 1385 4220 et
1423 4181 1544 4220 cum
1586 4181 1616 4220 a
1650 4166 1803 4222 vobis
1846 4175 2122 4236 separatus

541 4265 682 4319 sum,
714 4262 768 4307 et
794 4269 916 4308 cum
941 4269 1037 4309 vos
1065 4257 1394 4326 recuperavi.
1421 4257 1658 4329 Utraque
1677 4258 1917 4328 ejusdem
1945 4259 2124 4329 provi-

541 4343 735 4399 dentia:
765 4346 994 4400 fuerunt.
1023 4347 1066 4401 A
1106 4347 1257 4402 vobis
1293 4356 1569 4417 separatus
1598 4363 1715 4404 sum
1750 4365 1994 4420 corpore,
2026 4349 2121 4405 sed

542 4452 875 4508 nequaquam
899 4448 1096 4494 mente.
1126 4426 1314 4494 Videte
1332 4450 1529 4510 quanta
1550 4441 2122 4497 fecerintinimicorum

543 4527 771 4585 insidim.
801 4529 1043 4585 Studium
1084 4531 1460 4598 intenderunt,
1505 4532 1828 4588 desiderium
1874 4532 2126 4588 incende-

540 4627 686 4688 runt,
715 4629 769 4676 et
792 4630 1075 4677 sexcentos
1099 4621 1227 4676 mihi
1255 4633 1609 4694 procurarunt
1633 4630 1901 4678 amatores
1929 4641 1942 4677 :
1972 4631 2125 4677 ante-

540 4712 644 4768 hac
668 4729 756 4769 me
781 4715 888 4769 mei
929 4716 1211 4781 amabant,
1257 4731 1398 4771 nunc
1433 4715 1596 4770 etiam
1636 4715 1806 4771 Judaei
1835 4715 2120 4775 honorant.

541 4803 836 4873 Sperabam
861 4823 919 4862 se
943 4822 973 4860 a
1004 4807 1138 4862 meis
1164 4822 1251 4863 me
1285 4815 1622 4877 separaturos
1643 4823 1762 4864 esse
1782 4850 1799 4876 ,
1841 4819 1897 4866 et
1920 4812 2126 4870 alienos

543 4896 901 4951 adsciverunt.
936 4897 1132 4954 Verum
1157 4914 1266 4953 non
1297 4897 1421 4966 illis,
1449 4898 1542 4954 sed
1577 4898 1671 4954 Dei
1715 4900 1915 4956 nomini
1941 4903 2125 4973 gratim

543 4987 858 5055 referendrc,
889 4991 978 5058 qui
1006 4991 1216 5046 illorum
1246 4992 1479 5062 nequitia
1508 4992 1575 5046 ad
1596 4991 1855 5048 honorem
1883 5006 2122 5052 nostrum

541 5097 674 5138 usus
700 5090 782 5137 est
806 5100 819 5137 :
845 5097 966 5136 nam
992 5091 1046 5136 et
1073 5083 1241 5138 Judaei
1269 5086 1549 5142 Dominum
1577 5076 1813 5140 noStrum
1841 5087 2126 5143 cruciﬁxe-

541 5183 687 5242 runt,
717 5185 770 5230 et
798 5184 1041 5238 servatus
1064 5185 1148 5230 est
1175 5177 1404 5231 mundus
1435 5195 1448 5232 :
1480 5194 1653 5248 neque
1676 5179 1900 5248 gratiam
1925 5179 2125 5236 .ludaeis

542 5267 738 5332 habeo,
780 5266 875 5322 sed
913 5265 1186 5321 crucifixo.
1234 5267 1460 5322 Videant
1484 5269 1751 5337 quomodo
1777 5270 1918 5325 Deus
1943 5282 2127 5326 noster

542 5358 687 5415 videt
713 5376 728 5412 :
760 5374 918 5429 quam
939 5373 1124 5429 pacem
1153 5374 1339 5414 eorum
1369 5358 1577 5415 insidiae
1600 5370 1938 5431 pepererunt,
1966 5377 2123 5432 quam

539 5451 764 5524 gloriam
805 5459 1146 5524 paraverunt.
1187 5451 1428 5507 Antehac
1455 5452 1682 5508 ecclesia
1717 5453 1832 5508 sola
1869 5454 2128 5522 impleba-

542 5557 664 5612 tur,
719 5560 862 5600 nunc
911 5543 1086 5599 forum
1139 5543 1443 5600 universum
1499 5543 1722 5600 ecclesia
1775 5544 1969 5600 factum
2021 5556 2124 5602 est.

543 5639 716 5698 Unum
756 5649 915 5711 caput
947 5639 1072 5695 inde
1108 5637 1209 5695 huc
1247 5653 1418 5710 usque
1459 5639 1635 5694 locum
1673 5649 1916 5710 occupat.
1958 5639 2127 5695 Nemo

543 5734 709 5791 choro
737 5740 917 5790 vestro
943 5731 1220 5813 silentium
1237 5729 1546 5803 imperavit,
1574 5739 1628 5788 et
1654 5738 1832 5787 tamen
1858 5746 2044 5787 omnes
2073 5733 2126 5787 in

2223 2245 2472 2314 silentio,
2511 2260 2699 2304 omnes
2742 2247 2798 2302 in
2833 2249 3242 2318 compunctione
3277 2247 3639 2305 versabantur.
3692 2247 3803 2304 Alii

2217 2336 2534 2410 psallebant,
2565 2337 2654 2392 alii
2675 2335 2864 2393 beatos
2885 2337 3242 2408 prmdicabaut
3263 2353 3358 2393 eos
3377 2338 3466 2408 qui
3490 2338 3800 2408 psallerent.

2219 2428 2387 2482 llodie
2415 2429 2684 2485 circenses
2709 2439 2866 2498 sunt,
2893 2439 2949 2485 et
2984 2446 3142 2486 nemo
3166 2431 3352 2494 adest;
3389 2430 3483 2486 sed
3529 2445 3717 2486 omnes
3746 2431 3801 2483 in

2217 2519 2497 2574 ecclesiam
2543 2535 2642 2575 ceu
2692 2529 2958 2577 torrentes
2999 2521 3370 2577 conﬂuxerunt
3395 2540 3409 2574 :
3438 2532 3646 2576 torrens
3669 2538 3805 2577 vero

2218 2619 2396 2666 vester
2429 2619 2636 2677 coetus,
2677 2621 2733 2668 et
2755 2611 2972 2668 ﬂumina
3000 2622 3124 2668 sunt
3151 2627 3346 2678 voces,
3386 2628 3504 2683 quae
3530 2613 3581 2668 in
3608 2613 3805 2666 cazlum

2219 2699 2546 2770 ascendunt,
2575 2718 2800 2773 quaeque
2837 2719 3073 2759 amorem
3113 2719 3236 2772 erga
3265 2715 3466 2773 patrem
3496 2704 3804 2774 perhibent.

2221 2791 2417 2849 Preces
2456 2803 2648 2849 vestra:
2684 2794 2984 2851 diademate
3035 2795 3424 2866 splendidiores
3473 2796 3601 2854 mihi
3651 2811 3803 2851 sunt.

2223 2882 2335 2938 Viri
2356 2883 2711 2955 mulieresque
2735 2884 2893 2946 simul
2925 2901 2940 2940 :
2971 2883 3038 2939 In
3063 2884 3264 2941 Christo
3291 2887 3432 2944 enim
3457 2885 3581 2941 Iesu
3605 2903 3706 2940 non
3729 2899 3809 2940 cu

2221 2977 2475 3032 masculus
2500 2994 2658 3048 neque
2683 2979 2872 3050 femina
2899 2977 3038 3049 (Gal.
3068 2979 3124 3035 5.
3149 2978 3266 3050 28).
3295 2979 3574 3048 Quomodo
3614 2979 3811 3050 loquar

2222 3068 2487 3135 potentias
2531 3069 2777 3124 Domini?
2817 3069 2977 3126 Scitis
3014 3085 3173 3141 quam
3213 3071 3283 3126 sit
3320 3087 3503 3128 verum
3535 3072 3617 3135 id,
3657 3073 3810 3142 quod

2222 3158 2344 3215 dico
2373 3177 2388 3214 :
2417 3159 2474 3216 Si
2496 3160 2615 3231 quis
2638 3161 2850 3218 fortiter
2879 3163 3198 3220 teutationes
3224 3163 3381 3230 ferat,
3409 3181 3655 3236 magnum
3678 3167 3814 3222 inde

2224 3248 2453 3305 fructum
2482 3250 2737 3307 demetet.

2295 3341 2351 3396 2.
2388 3340 2562 3396 Oratio
2587 3343 2639 3396 in
2659 3343 2865 3398 ecclesia
2883 3344 3242 3414 Apostolorum
3261 3346 3450 3399 habita.
3472 3376 3544 3386 —
3563 3345 3687 3401 Ideo
3707 3361 3813 3400 vos

2224 3432 2290 3488 ad
2315 3433 2586 3503 apostolos
2629 3436 2937 3490 convocavi.
2981 3436 3236 3492 Venimus
3279 3437 3412 3506 pulsi
3453 3437 3517 3491 ad
3552 3453 3666 3500 eos.
3712 3440 3813 3508 qui

2227 3525 2362 3594 pulsi
2393 3534 2538 3580 sunt.
2562 3525 2670 3580 Nos
2687 3526 2892 3580 insidiis
2919 3541 3105 3582 sumus
3128 3528 3369 3597 appetiti,
3397 3527 3467 3581 illi
3494 3529 3628 3596 pulsi
3655 3540 3809 3582 sunt.

2225 3613 2483 3669 Venimus
2502 3615 2568 3669 ad
2589 3615 2948 3682 Timotheum,
2971 3633 3167 3671 novum
3200 3617 3440 3672 Paulum.
3464 3617 3720 3675 Venimus
3740 3621 3816 3675 ad

2225 3713 2407 3759 sancta
2457 3719 2682 3774 corpora
2706 3746 2721 3769 ,
2761 3722 2880 3776 qua:
2912 3703 3108 3761 Christi
3155 3708 3398 3778 stigmata
3443 3719 3810 3778 gestaverunt.

2227 3793 2521 3864 Numquam
2553 3795 2741 3851 timeas
2775 3797 3123 3852 tentationem
3144 3837 3160 3862 ,
3193 3798 3237 3851 si
3263 3799 3440 3853 animo
3468 3799 3573 3853 scis
3610 3801 3815 3854 instrn-

2225 3893 2342 3939 ctus
2366 3901 2626 3955 generoso
2650 3903 2664 3942 :
2695 3887 2865 3942 sancti
2894 3902 3082 3942 omnes
3107 3889 3185 3942 sic
3203 3889 3439 3942 coronati
3469 3898 3612 3944 sunt.
3641 3889 3813 3946 Multa

2226 3991 2513 4045 corporum
2542 3975 2791 4044 afﬂictio,
2819 3978 2990 4047 major
3032 3992 3157 4033 vero
3183 3978 3482 4032 animorum
3512 3981 3813 4050 tranquilli—

2225 4079 2327 4124 tas.
2369 4068 2585 4125 Utinam
2629 4083 2844 4140 semper
2883 4069 2936 4123 in
2973 4083 3208 4124 (erumna
3236 4070 3372 4124 sitis.
3404 4069 3492 4124 Sic
3533 4079 3588 4124 ct
3627 4081 3815 4140 pastor

2225 4161 2420 4232 gaudet
2443 4177 2564 4216 cum
2594 4161 2829 4216 laborem
2853 4169 3070 4230 propter
3088 4175 3215 4215 oves
3241 4161 3404 4215 subit.
3433 4159 3568 4227 Quid
3598 4161 3818 4229 loquar?

2227 4255 2315 4310 ubi
2341 4253 2551 4310 seram?
2581 4252 2780 4309 Locum
2816 4252 3087 4308 desertum
3114 4267 3219 4306 non
3247 4251 3439 4306 habeo.
3469 4251 3570 4307 Ubi
3599 4251 3818 4306 labora-

2226 4346 2330 4403 bo?
2356 4345 2473 4402 Non
2495 4353 2580 4402 est
2607 4345 2736 4399 mihi
2766 4345 2920 4400 vinea
2945 4353 3148 4414 aperta.
3178 4343 3280 4400 Ubi
3303 4343 3611 4398 mdiﬁcabo?
3636 4343 3817 4398 Abso-

2227 4437 2396 4493 lutum
2425 4446 2508 4492 est
2533 4437 2787 4506 templum
2812 4452 2828 4502 ;
2859 4437 2993 4490 retia
3020 4451 3137 4490 mea
3171 4444 3490 4504 rumpuntur
3520 4433 3590 4488 ob
3625 4435 3818 4489 multi-

2229 4530 2464 4586 tudinem
2515 4528 2762 4599 piscium.
2809 4527 2946 4596 Quid
2992 4527 3221 4582 faciam?
3249 4527 3550 4582 Laborandi
3600 4535 3818 4596 tempus

2229 4636 2335 4676 non
2355 4619 2606 4691 suppetit.
2632 4617 2754 4674 ldeo
2776 4618 2980 4684 hortor,
3005 4631 3111 4672 non
3133 4615 3272 4688 quod
3288 4616 3528 4671 doctrina
3545 4630 3640 4670 vos
3655 4631 3822 4686 egea-

2228 4715 2314 4778 tis,
2347 4713 2441 4769 sed
2468 4722 2527 4767 ut
2561 4711 2840 4767 ostendam
2870 4711 3150 4780 genuinam
3179 4723 3352 4762 meam
3382 4723 3504 4779 erga
3535 4723 3631 4762 vos
3667 4708 3818 4763 cari-

2230 4815 2413 4862 tatem.
2442 4803 2650 4875 Ubique
2679 4804 2839 4872 Spicae
2867 4811 3111 4858 vernant.
3143 4801 3245 4856 Tot
3264 4811 3388 4856 sunt
3412 4814 3561 4864 oves,
3603 4808 3658 4854 et
3687 4815 3818 4854 nus-

2230 4915 2388 4972 quam
2449 4900 2642 4969 lupus;
2675 4906 2753 4952 tot
2775 4907 2899 4952 sunt
2925 4897 3106 4966 spicae,
3134 4905 3187 4950 et
3211 4910 3470 4965 nusquam
3497 4893 3706 4960 spinaa;
3737 4903 3818 4945 tot

2231 5001 2356 5047 sunt
2388 4992 2544 5057 vites,
2567 4999 2622 5046 et
2649 5003 2908 5058 nusquam
2939 4988 3144 5058 vulpes.
3172 4985 3449 5041 Mordaces
3474 4983 3658 5039 bestiae
3687 4983 3819 5037 sub-

2231 5103 2423 5144 mersa:
2456 5095 2599 5150 sunt,
2628 5083 2736 5155 lupi
2763 5083 3029 5154 fugerunt.
3057 5081 3189 5148 Quis
3223 5079 3344 5134 illos
3363 5079 3674 5148 insequutus
3691 5075 3820 5130 est?

2227 5183 2346 5238 Non
2360 5197 2459 5252 ego
2479 5189 2677 5250 pastor,
2697 5177 2788 5232 sed
2811 5193 2904 5232 vos
2922 5189 3071 5230 oves.
3098 5173 3142 5230 0
3161 5172 3409 5228 nobilitas
3435 5171 3619 5226 ovium
3640 5169 3654 5222 !
3677 5168 3819 5222 Abs-

2229 5283 2350 5328 eote
2384 5280 2618 5341 pastore,
2661 5268 2816 5338 lupos
2837 5265 3204 5338 proﬂigarunt.
3226 5263 3271 5318 0
3288 5260 3624 5333 pulchritudo
3646 5273 3822 5328 spon-

2231 5378 2306 5418 sa:
2329 5403 2344 5427 ,
2373 5361 2481 5415 imo
2509 5358 2688 5428 potius
2716 5357 2931 5413 castitas
2958 5356 2972 5411 l
3016 5353 3238 5412 absente
3263 5353 3379 5408 viro
3404 5350 3672 5406 adulteros
3721 5349 3822 5401 abs

2229 5457 2358 5526 egit.
2386 5453 2431 5507 0
2458 5450 2798 5522 pulchritudo
2824 5457 2878 5504 et
2903 5449 3119 5504 castitas
3143 5446 3384 5517 sponsazl
3436 5441 3669 5499 ostendit
3703 5441 3823 5511 pul-

2229 5543 2616 5607 chritudinem;
2647 5539 2880 5596 ostendit
2905 5546 2960 5594 et
3003 5537 3345 5611 probitatem.
3394 5529 3674 5602 Quomodo
3731 5531 3822 5583 ab-

2231 5637 2384 5707 egisti
2439 5631 2764 5690 adulteros?
2823 5631 2977 5698 Quod
3030 5630 3203 5684 virum
3241 5641 3471 5682 amares.
3537 5620 3823 5692 Quomodo

2231 5727 2454 5798 abegisti
2482 5726 2792 5782 adulteros?
2819 5721 3091 5780 Castitatis
3118 5717 3503 5793 magnitudine.
3540 5713 3656 5771 Non
3687 5713 3827 5768 arri-
