4100 6196
227 256 326 312 ιιι

227 461 591 518 chritudinem
620 481 832 530 meam,
883 483 989 520 non
1036 468 1272 524 tulerunt
1315 470 1678 541 splendorem.
1721 471 1821 527 Ubi

227 569 373 608 nunc
398 553 518 607 illi?
560 554 614 608 In
656 555 998 624 turpitudine.
1036 558 1133 614 Ubi
1177 560 1311 612 nos?
1361 561 1414 614 In
1446 562 1819 616 exsultatione.

228 645 589 716 Imperatores
619 647 934 712 nobiscum;
964 649 1232 720 principes
1277 651 1575 708 nobiscum.
1619 653 1822 722 Ecquid

224 738 446 792 dicam?
472 737 599 809 quid
623 739 851 809 loquar?
868 740 1092 811 Adjiciat
1112 741 1359 796 Dominus
1383 760 1535 814 super
1558 759 1642 798 vos
1661 754 1708 799 et
1728 761 1817 799 su-

229 894 3089 920 ______.________________,____________________________

1333 262 1562 321 SERMO
1601 260 1768 318 POST
1808 264 2111 326 REDITUM
2152 271 2240 326 AB
2281 273 2567 333 EXSILIO.

228 373 320 439 ιιιιί
347 385 521 436 artua,
544 387 651 425 non
683 373 885 439 hastas,
920 389 1026 429 non
1066 376 1269 446 clipeos
1302 393 1314 434 :
1345 379 1554 446 ostendi
1583 380 1688 434 illis
1713 380 1822 450 pule

3407 295 3511 347 M2

1927 402 2014 453 per
2053 387 2188 454 ﬁlios
2226 399 2410 443 vestros
2450 390 2622 460 (Paul.
2660 393 2776 448 H3.
2814 395 2936 466 li),
2969 396 3402 468 alacritatemque
3428 416 3513 457 ve-

1927 488 2092 532 stram
2138 481 2288 550 quasi
2336 496 2528 552 sagena
2556 485 2752 553 capiat.
2786 485 2884 540 llic
2911 502 3037 541 vero
3077 488 3235 543 linem
3263 489 3512 559 loquendi

1929 567 2213 636 faciamus,
2255 573 2317 628 in~
2349 574 2596 627 omnibus
2636 575 2834 644 gratias
2863 587 3082 646 agentes
3121 579 3350 651 benigno
3381 583 3511 650 Deo,

1928 659 2013 715 cui
2041 661 2204 730 gloria
2233 662 2285 716 in
2317 665 2531 718 saecula.
2564 666 2754 720 Amen.

1125 950 1128 952 ’
1187 991 1382 1054 POST
1427 993 1784 1055 REDITUM
1829 994 1881 1052 A
1911 995 2214 1058 sPRIORE
2257 1000 2602 1062 EXSILIO.

299 1156 439 1224 Quid
467 1156 682 1212 dicam?
721 1157 846 1226 quid
873 1157 1103 1227 loquar?
1130 1157 1448 1213 Benedictus
1479 1158 1638 1212 Deus.
1669 1159 1820 1212 Hunc

225 1247 514 1314 egrediens
545 1247 655 1301 dixi
687 1262 988 1302 sermonem
1007 1289 1022 1311 ,
1051 1248 1192 1302 hunc
1219 1249 1400 1302 iteravi
1432 1257 1702 1304 revertens
1723 1290 1736 1313 ,
1769 1258 1821 1304 ct

229 1340 342 1392 illic
376 1339 708 1392 constitutus
734 1337 876 1392 hunc
906 1339 956 1392 in
987 1353 1080 1393 ore
1109 1337 1408 1393 volvebam.
1439 1340 1573 1393 Puto
1599 1353 1693 1394 vos
1715 1354 1821 1393 me.

227 1431 490 1496 minisse,
539 1447 662 1486 cum
708 1440 831 1484 ante
860 1430 962 1485 hoc
1003 1431 1217 1486 beatum
1244 1430 1345 1486 Job
1384 1430 1725 1486 adduxissem
1768 1430 1819 1484 in

227 1523 410 1578 medio
447 1524 714 1578 dicentem
741 1541 754 1576 :
788 1523 869 1578 Sit
895 1540 1072 1577 nomen
1101 1523 1305 1577 Domini
1336 1523 1648 1577 benedictum
1678 1523 1696 1595 (
1719 1522 1819 1576 Job

231 1616 286 1668 I.
316 1613 432 1686 2!).
483 1614 631 1669 Hanc
657 1615 810 1670 vobis
855 1614 1130 1668 historiam
1179 1613 1465 1684 dereliqui,
1512 1615 1606 1668 has
1634 1614 1822 1684 gratia-

231 1722 352 1760 rum
377 1707 618 1760 actiones
641 1706 845 1760 iterabo
874 1721 1169 1774 regressus.
1200 1703 1280 1760 Sit
1306 1721 1484 1762 nomen
1513 1705 1718 1758 Domini
1736 1704 1821 1759 be-

232 1799 489 1852 nedictum
533 1800 586 1852 in
626 1801 832 1853 secula.
881 1799 1114 1853 Diversae
1149 1815 1324 1854 rerum
1367 1813 1564 1863 causae,
1592 1798 1686 1853 sed
1715 1813 1819 1852 una

226 1890 568 1959 gloriﬁcatio.
599 1890 662 1944 Et
693 1905 814 1944 cum
841 1890 1170 1958 expellebar,
1220 1889 1620 1956 benedicebam,
1653 1897 1708 1944 et
1737 1905 1822 1944 re-

229 1998 433 2037 versus
461 1983 644 2036 iterum
671 1984 950 2038 ben-edico.
995 1984 1062 2038 Et
1095 1984 1140 2038 si
1183 1985 1343 2038 variae
1369 1983 1582 2054 quidem
1610 1998 1817 2051 causze,

227 2075 334 2129 sed
364 2090 466 2128 una
494 2075 748 2129 deﬁnitio.
780 2077 952 2145 Super
977 2076 1204 2130 hiemem
1233 2084 1285 2130 et
1311 2085 1549 2131 testatem
1580 2091 1716 2130 unus
1738 2086 1822 2131 est

230 2166 361 2220 finis
389 2183 404 2221 :
432 2168 674 2234 cultum,
708 2167 955 2222 fertilitas
988 2168 1318 2239 subsequens
1362 2170 1556 2239 campi.
1605 2170 1820 2224 Benedi-

227 2267 353 2311 ctus
383 2257 542 2322 Deus,
573 2260 664 2328 qui
694 2261 960 2314 concessit
984 2259 1166 2324 exire;
1207 2260 1517 2316 benedictus
1539 2261 1701 2328 Deus,
1729 2264 1819 2333 qui

227 2353 414 2407 redire
441 2353 723 2422 prtecepit;
751 2354 1065 2410 benedictus
1095 2355 1265 2418 Deus,
1299 2356 1388 2426 qui
1422 2356 1664 2427 permisit
1703 2357 1818 2410 hie-

226 2459 406 2510 mem;
433 2445 746 2500 benedictus
771 2448 928 2514 Deus,
957 2448 1045 2518 qui
1069 2448 1311 2503 dissolvit
1335 2449 1586 2516 hiemem,
1616 2459 1670 2505 et
1698 2450 1821 2506 fecit

227 2536 695 2605 tranquillitatem.
727 2536 854 2592 Haec
880 2538 1000 2593 dico
1029 2538 1323 2596 admonens
1352 2555 1467 2607 vos,
1517 2549 1576 2596 ut
1608 2557 1820 2611 semper

226 2626 584 2682 benedicatis.
616 2627 670 2684 Si
697 2631 975 2684 evenerint
1004 2631 1163 2697 mala,
1193 2631 1511 2700 bencdicite,
1540 2644 1595 2687 et
1626 2633 1819 2688 dissol-

225 2726 428 2772 ventur
447 2719 607 2772 mala.
637 2719 692 2775 Si
718 2736 970 2792 prospera
999 2721 1262 2787 venerint,
1285 2722 1600 2789 benedicite,
1627 2733 1679 2778 ct
1701 2741 1821 2794 per-

225 2810 557 2864 scverabunt
588 2825 860 2880 prospera.
892 2811 1162 2882 Siquidem
1185 2812 1287 2868 Job
1315 2828 1435 2869 cum
1468 2814 1519 2868 in
1552 2816 1820 2886 prosperis

225 2905 399 2963 esset,
455 2899 847 2956 benedicebat:
878 2913 1080 2957 etcum
1141 2917 1342 2972 pauper
1385 2912 1528 2959 esset
1573 2903 1816 2970 effectus,

224 2991 583 3060 giorilicabat.
632 2992 816 3063 Neque
843 3003 970 3048 tunc
1005 2994 1244 3064 ingratus
1270 2995 1386 3061 fuit,
1440 3011 1612 3066 neque
1636 3006 1816 3066 postea

226 3083 644 3153 blasphemavit.
678 3085 898 3140 Diversa
925 3087 1136 3157 quidem
1170 3096 1430 3156 tempora,
1473 3089 1570 3143 sed
1599 3104 1699 3142 una
1725 3105 1821 3142 vo.

225 3173 412 3228 luntas
439 3192 452 3227 :
483 3175 829 3244 gubernantis
854 3187 1028 3232 actum
1056 3192 1156 3232 nec
1181 3178 1532 3248 tranquillitas
1574 3179 1815 3244 resolvit,

227 3281 336 3320 nec
365 3277 654 3337 tempestas
694 3269 886 3323 hiemis
924 3271 1203 3340 demergit.
1234 3270 1548 3327 Benedictus
1580 3273 1738 3338 Deus,
1767 3283 1820 3328 et

228 3377 356 3416 cum
378 3377 408 3415 a
428 3363 579 3418 vobis
595 3378 710 3419 sum
733 3375 1060 3435 segregatus,
1084 3375 1138 3421 et
1153 3381 1272 3419 cum
1296 3367 1484 3422 iterum
1509 3368 1684 3436 recepi
1702 3383 1816 3422 vos.

232 3451 292 3506 In
320 3463 550 3522 utroque
581 3454 670 3509 Dei
691 3455 1023 3525 providentia
1047 3466 1149 3511 est.
1173 3457 1460 3525 Separatus
1479 3471 1508 3510 a
1531 3457 1682 3512 vobis
1702 3472 1821 3513 σοι’-

231 3561 389 3615 pore,
417 3547 512 3602 sed
539 3550 716 3603 anima
733 3565 835 3603 non
861 3565 976 3603 sum
1001 3565 1030 3602 a
1060 3549 1209 3604 vobis
1230 3550 1446 3605 divisus.
1468 3549 1547 3630 Et
1559 3566 1622 3607 ex
1642 3562 1820 3606 vestro

229 3638 432 3694 all'ectu
454 3655 630 3696 meum
661 3643 919 3702 metimini
942 3643 1194 3698 animum.
1229 3643 1294 3699 Et
1313 3644 1436 3713 quid
1464 3645 1675 3699 dicam?
1702 3645 1818 3699 Non

227 3744 352 3784 sum
379 3741 655 3802 separatus
674 3748 704 3786 a
731 3733 904 3799 vobis,
934 3734 1026 3788 sed
1054 3734 1220 3803 magis
1246 3748 1504 3789 accensus
1533 3750 1650 3789 sum
1681 3735 1821 3790 desi-

230 3823 384 3877 derio
415 3824 598 3888 vestri,
621 3825 760 3893 quod
782 3825 940 3879 etiam
966 3826 1034 3880 de
1060 3825 1214 3879 vobis
1241 3827 1470 3883 conﬁdo.
1503 3827 1639 3882 Nihil
1669 3831 1820 3884 nobis

233 3927 468 3968 uomere
485 3913 708 3980 insidize,
733 3916 860 3969 nihil
883 3915 1019 3970 laesit
1037 3916 1252 3981 invidia,
1272 3917 1363 3971 sed
1384 3919 1549 3986 magis
1569 3934 1822 3989 augmen-

231 4011 346 4055 tum
383 4003 634 4072 prmstitit
664 4005 904 4070 caritati,
945 4014 1001 4059 ct
1045 4006 1409 4075 multiplicavit
1441 4007 1819 4079 discipulorum

233 4109 520 4149 numerum
547 4114 560 4148 :
582 4105 708 4153 ante
733 4097 835 4152 hoc
856 4099 994 4152 enim
1021 4098 1276 4169 diligebar
1294 4115 1323 4153 a
1352 4101 1503 4167 meis,
1533 4118 1672 4156 nunc
1692 4119 1821 4156 vero

234 4187 637 4242 houorilicabor
655 4202 683 4241 a
711 4189 928 4244 Judazis.
956 4190 1254 4260 Sperabant
1278 4206 1362 4246 me
1381 4208 1409 4245 a
1433 4194 1566 4248 meis
1593 4194 1713 4248 ﬁliis
1735 4212 1820 4249 sc-

234 4293 446 4347 parare,
491 4279 588 4332 sed
629 4280 794 4350 magis
825 4281 952 4335 mihi
983 4291 1264 4336 extraneos
1293 4283 1662 4358 adjunxernnt.
1707 4286 1821 4340 Non

235 4369 343 4424 illis
368 4385 524 4441 agam
548 4372 742 4441 gratias
771 4389 785 4424 :
817 4373 912 4426 sed
942 4373 1030 4428 Dei
1071 4375 1447 4429 misericordia:
1482 4375 1703 4445 gloriam
1735 4393 1824 4430 re-

237 4462 431 4528 feram,
457 4463 546 4532 qui
564 4472 786 4518 conatus
808 4464 1020 4519 illorum
1050 4466 1218 4518 malos
1239 4466 1290 4519 in
1316 4467 1504 4521 melius
1529 4479 1822 4521 commuta-

235 4553 314 4606 vit
343 4572 359 4607 :
391 4537 514 4611 naui
545 4563 596 4609 et
624 4553 791 4608 Judazi
831 4558 1207 4612 crncilixerunt
1245 4557 1512 4613 Christum
1533 4599 1548 4622 ,
1589 4569 1642 4614 et
1683 4560 1825 4614 illius

235 4655 411 4701 morte
439 4647 725 4702 humanum
748 4649 1006 4703 salvatum
1028 4658 1111 4702 est
1129 4663 1329 4718 genus;
1362 4665 1465 4703 non
1489 4649 1591 4704 illis
1614 4649 1817 4720 gratim,

235 4737 332 4792 sed
373 4739 652 4793 crucifixo.
702 4740 1052 4795 Considerent
1089 4739 1214 4808 quid
1258 4738 1380 4793 boni
1426 4755 1596 4810 pugna
1637 4756 1820 4796 eorum

236 4830 516 4896 praestitit,
559 4830 766 4885 insidia:
791 4847 975 4887 eorum
1000 4832 1210 4900 qualem
1240 4831 1393 4884 nobis
1423 4833 1656 4886 l~.etitiam
1686 4849 1822 4902 przr-

237 4930 581 4988 paraveruut.
629 4922 768 4976 Ante
815 4921 917 4974 hoc
959 4921 1170 4991 quidem
1214 4921 1437 4976 ecclesia
1496 4921 1817 4991 replebatur,

235 5009 329 5064 sed
359 5025 501 5066 nunc
537 5021 592 5066 et
619 5011 672 5066 in
702 5013 891 5082 plateis
920 5013 1163 5067 ecclesiae
1190 5011 1341 5067 facta:
1366 5012 1610 5078 sunt.,Et
1631 5014 1821 5066 unani-

237 5115 370 5165 mes,
403 5111 461 5156 et
488 5103 760 5172 conjuncti
803 5103 1094 5173 psallentes
1115 5145 1130 5168 ,
1169 5101 1262 5157 Dei
1294 5103 1346 5157 in
1386 5117 1483 5156 vos
1522 5106 1820 5172 provocatis

233 5204 511 5263 aspectum
540 5213 554 5248 :
591 5210 753 5251 voces
780 5205 970 5251 vestra:
998 5197 1112 5251 caeli
1144 5204 1348 5252 secreta
1373 5205 1735 5266 penetrarunt,
1765 5205 1824 5250 ut

233 5289 411 5341 omnis
463 5296 594 5341 actas
634 5299 838 5344 vestras
891 5287 1213 5358 psalmodias
1267 5289 1550 5343 miraretur
1595 5297 1818 5342 allcnla.

235 5381 435 5434 (‘nnrsus
460 5393 715 5448 equorum
747 5381 904 5437 hodie
924 5424 939 5449 ,
971 5390 1025 5436 et
1052 5380 1199 5450 pauci
1239 5380 1362 5435 illuc
1382 5421 1396 5446 ,
1429 5381 1535 5434 imo
1564 5383 1739 5436 cuncti
1769 5383 1818 5436 in

233 5470 457 5526 ecclesia
493 5487 508 5525 :
538 5473 685 5541 quasi
717 5455 930 5528 torrens
952 5473 1163 5544 quidam
1189 5487 1253 5528 ac
1279 5473 1469 5527 fluvius
1488 5485 1663 5527 vestra
1684 5474 1818 5526 laeta

237 5571 319 5616 est
333 5563 639 5618 multitudo.
658 5564 829 5619 Voces
849 5577 1039 5621 vestrae
1063 5566 1338 5622 elevantur
1352 5563 1419 5619 ad
1435 5565 1644 5630 cazlum,
1672 5581 1819 5620 amo-

243 5669 360 5710 rem
383 5654 482 5730 qui
509 5655 575 5710 ad
605 5666 811 5725 patrem
832 5666 916 5714 cst
929 5657 1286 5717 ostendentes.
1311 5656 1595 5714 Orationes
1625 5667 1818 5713 vestra:

1928 1180 2107 1218 meum
2138 1177 2529 1223 coronaverunt
2550 1179 2727 1238 caput.
2756 1169 2937 1225 Oratio
2965 1173 3108 1227 omni
3148 1175 3329 1231 monili
3362 1191 3503 1247 prm-

1924 1258 2119 1312 clarior
2150 1258 2249 1314 viri
2281 1269 2334 1316 et
2363 1260 2618 1316 mulieris.
2649 1259 2716 1315 In
2746 1261 2945 1318 Christo
2975 1265 3108 1318 enim
3130 1265 3254 1322 Iesu
3274 1286 3372 1324 non
3399 1287 3510 1324 ma-

1932 1349 2130 1414 sculus,
2159 1366 2318 1419 neque
2357 1349 2550 1417 femina
2587 1347 2728 1419 (Gal.
2770 1349 2822 1404 5.
2854 1349 2945 1419 ‘28)
2979 1349 3223 1415 Qualiter
3251 1365 3500 1404 enarrem

1933 1442 2198 1512 potentias
2230 1441 2461 1510 Domini,
2492 1451 2586 1498 aut
2608 1439 2871 1497 mirabilia
2896 1438 3017 1508 ejus
3037 1441 3388 1495 recenseam?
3414 1439 3502 1495 Vi—

1934 1533 2069 1586 detis
2081 1532 2205 1601 quia
2220 1531 2362 1600 quod
2378 1532 2499 1586 dico
2517 1547 2701 1588 verum
2721 1539 2805 1586 cst
2820 1547 2832 1581 :
2849 1528 3118 1596 Quoniam
3133 1530 3177 1583 si
3195 1530 3320 1600 quis
3331 1538 3504 1584 tenta-

1935 1623 2132 1677 tionem
2166 1623 2392 1675 viriliter
2418 1622 2618 1686 tulerit,
2658 1637 2909 1690 magnum
2945 1635 3011 1676 ex
3057 1621 3174 1694 ipsa
3206 1621 3507 1676 vindemiat

1934 1712 2193 1769 fructum.
2219 1710 2341 1767 ldco
2359 1727 2454 1765 vos
2472 1712 2535 1765 ad
2555 1713 2830 1781 apostolos
2858 1711 3102 1778 invitavi,
3122 1720 3181 1768 ut
3197 1711 3260 1765 ad
3279 1727 3396 1776 eos,
3414 1713 3509 1781 qui

1933 1804 2223 1874 aliquando
2242 1807 2664 1872 pcrsecut'oncm
2685 1803 2828 1871 passi
2847 1802 3078 1868 fuerant,
3102 1803 3426 1859 veniremus.
3450 1803 3513 1855 Et

1933 1911 2036 1950 nos
2067 1895 2283 1965 quidem
2319 1894 2544 1950 insidias
2575 1894 2740 1963 passi,
2782 1893 2858 1950 illi
2885 1909 3014 1949 vero
3053 1894 3372 1964 impugnati.
3406 1894 3509 1947 Sed

1906 1977 2138 2042 inimici
2183 1985 2288 2040 illis
2326 1985 2457 2039 nihil
2494 1993 2841 2042 nocuerunt:
2877 1984 3006 2054 quia
3043 1985 3130 2040 isti
3161 1985 3347 2040 orbem
3399 1995 3509 2039 tcro

1935 2095 2121 2135 rarum
2139 2076 2810 2134 lucraveruntNeniamus
2829 2076 2898 2132 ad
2916 2087 3103 2135 sancta
3133 2093 3511 2148 corpora,qu.e

1935 2171 2139 2228 Christi
2169 2166 2422 2242 stigmata
2468 2180 2858 2240 portaverant.
2896 2169 3192 2224 Veniamus
3229 2168 3295 2222 ad
3322 2167 3510 2222 Timo-

1937 2261 2121 2317 theum
2140 2276 2338 2316 novum
2359 2261 2606 2327 Paulum,
2623 2261 2964 2316 etAndream
3010 2260 3237 2316 alterum
3266 2258 3507 2315 Petrum.

1938 2355 2226 2413 Credimus
2260 2355 2437 2426 juvari
2457 2370 2559 2413 nos
2579 2354 2795 2413 illorum
2818 2354 3045 2410 meritis.
3065 2353 3123 2407 Si
3155 2353 3367 2412 virilem
3397 2353 3513 2406 ani-

1938 2465 2087 2504 mum
2104 2449 2266 2520 geris,
2285 2460 2392 2503 non
2417 2447 2608 2502 timeas
2627 2445 2970 2501 tentationcs.
2997 2443 3199 2500 Omnes
3215 2443 3387 2500 sancti
3416 2459 3513 2512 per

1941 2541 2042 2595 ista
2062 2537 2582 2617 ti'ansierttnt..'lfulta
2604 2536 2883 2594 tribulatio
2900 2534 3316 2602 corporum,sed
3332 2533 3512 2603 majus

1940 2631 2284 2702 refrigerium
2300 2632 2623 2686 animarum.
2646 2627 2870 2683 Praestet
2884 2641 2980 2682 vos
3011 2625 3269 2686 Dominus
3299 2639 3512 2693 semper

1940 2723 2149 2794 augeri,
2162 2730 2218 2777 et
2240 2721 2477 2778 celebres
2493 2728 2796 2774 conventus
2817 2732 2996 2790 agere.
3012 2716 3192 2772 Gloria
3207 2715 3404 2785 quippe
3416 2731 3510 2784 pa-

1941 2815 2108 2872 storis
2127 2813 2404 2868 estovium
2426 2808 2728 2866 multitudo.
2743 2807 2879 2875 Quid
2896 2805 3260 2875 faciam?quid
3283 2806 3510 2876 loquar?

1942 2906 2210 2964 Incultum
2230 2904 2320 2960 ubi
2342 2903 2602 2958 seminem
2621 2902 2913 2958 nonhabeo
2929 2914 3141 2971 agrum.
3164 2897 3401 2955 Estensa
3424 2906 3506 2954 est

1943 3013 2183 3070 propago
2193 2999 2403 3063 vitium,
2421 2995 2715 3067 perfectum
2740 2993 3114 3064 csttemplum,
3133 3001 3306 3062 etpraa
3321 2990 3498 3046 multi-

1942 3093 2133 3148 tudine
2147 3091 2375 3163 piscium
2389 3095 2713 3158 rumpuntur
2730 3085 2862 3142 retia
2876 3081 3158 3150 mea.Quid
3172 3081 3395 3137 faciam?
3407 3080 3510 3135 La-

1923 3185 2146 3242 borandi
2182 3186 2358 3240 locum
2396 3197 2504 3238 non
2534 3181 2705 3237 habeo
2725 3224 2740 3247 ,
2765 3177 3026 3251 gaudendi
3059 3176 3229 3232 habeo
3273 3185 3503 3245 tempus.

1923 3275 2047 3331 Ideo
2099 3277 2330 3344 loquor:
2374 3288 2480 3328 non
2531 3273 2652 3342 quia
2701 3271 2948 3342 indigetis
2987 3268 3266 3334 doctrina,
3310 3265 3404 3331 sed
3451 3276 3510 3320 ut

1924 3383 2097 3441 meam
2128 3366 2455 3420 voluntatem
2488 3362 2637 3417 vobis
2659 3360 2956 3441 ostendam.
2988 3358 3197 3428 Ubique
3226 3357 3388 3426 spicae
3407 3371 3503 3409 co-

1924 3435 2090 3514 maut.
2117 3458 2300 3513 Tanta:
2329 3469 2458 3509 oves
2477 3496 2491 3520 ,
2534 3464 2588 3507 et
2613 3435 2874 3522 nusquam
2901 3451 3098 3522 lupus;
3138 3457 3218 3503 tot
3241 3448 3424 3518 spicte,
3452 3457 3508 3500 et

1924 3568 2183 3624 nusquam
2225 3550 2442 3612 lolium;
2491 3557 2650 3601 tanta:
2690 3545 2895 3611 vineae,
2925 3553 2979 3598 et
3008 3555 3269 3611 nusquam
3298 3538 3504 3608 vulpes.

1926 3647 2026 3704 Ubi
2067 3657 2207 3700 nunc
2244 3643 2409 3698 latent
2450 3639 2591 3709 lupi?
2617 3653 2723 3709 quo
2749 3633 3232 3709 abicruntynlpes,
3256 3645 3376 3701 qua:
3411 3643 3506 3685 eos

1925 3744 2261 3809 perscquuta:
2285 3731 2446 3796 sunt?
2475 3730 2519 3784 O
2542 3745 2654 3784 rem
2686 3726 3008 3782 inauditam!
3037 3732 3216 3794 pastor
3243 3720 3504 3790 quiescit,

1924 3839 1979 3884 et
2007 3843 2133 3883 oves
2172 3826 2416 3895 luporum
2457 3821 2655 3891 rapicm
2682 3819 2992 3887 abegernnt,
3025 3813 3242 3868 insidias
3269 3811 3504 3880 vulpium

1925 3925 2323 3992 Oppresserunt.
2353 3915 2398 3969 O
2422 3914 2598 3967 ovium
2625 3909 2879 3979 sapientia
2901 3909 2915 3962 Ξ
2939 3922 2971 3960 ο
2997 3906 3220 3972 ﬁliorum
3247 3903 3499 3958 affectus!

1926 4027 1960 4067 ο
1997 4008 2374 4079 discipulorum
2410 4002 2639 4058 caritas!
2683 4016 2716 4053 ο
2747 3995 3084 4068 pulchritudo
3112 3995 3353 4065 sponsae!
3384 3994 3503 4047 abs-

1927 4113 2052 4158 ente
2084 4101 2198 4156 viro
2241 4095 2416 4166 abegit
2456 4093 2759 4154 adulteros;
2790 4098 3020 4145 ostensa:
3062 4095 3186 4141 sunt
3227 4085 3342 4154 eius
3368 4083 3502 4138 divi--

1933 4196 2040 4258 tiae,
2069 4189 2311 4264 apparuit
2341 4185 2694 4260 pulchritudo.
2724 4183 2984 4238 Latrones
3004 4179 3211 4234 confusi
3240 4177 3434 4241 ierunt,
3460 4187 3510 4230 ct

1926 4285 2263 4356 aufugerunt.
2311 4281 2477 4336 Dicite
2519 4277 2685 4342 mihi,
2731 4273 3000 4347 quomodo
3035 4267 3504 4356 persequuti'estis

1927 4378 2121 4448 lupos?
2149 4374 2418 4447 quomodo
2448 4372 2723 4442 pepulistis
2763 4366 3037 4424 latrones?
3076 4360 3396 4434 Frequenti,
3431 4360 3512 4413 in-

1927 4483 2042 4543 quit
2061 4512 2076 4538 ,
2107 4470 2348 4524 oratione
2373 4465 2441 4520 ad
2470 4465 2657 4519 Deum.
2689 4459 2967 4528 Quomodo
2996 4455 3316 4536 despexistis
3357 4451 3499 4543 adula

1927 4542 2110 4617 teros?
2135 4558 2434 4624 Continuis,
2462 4554 2651 4626 inquit,
2676 4551 2926 4624 lacrymis
2944 4591 2959 4614 ,
2999 4564 3064 4603 cx
3094 4544 3360 4601 desiderio
3385 4542 3500 4595 viri.

1929 4652 2045 4707 Non
2063 4651 2241 4719 accepi
2264 4664 2432 4714 arma,
2450 4662 2554 4701 non
2573 4642 2774 4712 sumpsi
2795 4642 3027 4702 lanceas,
3049 4652 3154 4690 non
3171 4632 3366 4703 arripui
3390 4647 3514 4686 scu-

1929 4753 2039 4796 tum
2064 4758 2077 4794 :
2107 4739 2440 4794 solummodo
2469 4734 2676 4790 ostendi
2711 4733 2789 4786 eis
2826 4726 3271 4798 pulchritudinem
3297 4738 3506 4785 meam,

1927 4850 2028 4904 qua
2064 4840 2340 4902 perspecta
2366 4826 2623 4880 vulnerati
2656 4825 2919 4892 fugerunt.
2949 4817 3048 4874 Ubi
3078 4831 3218 4872 nunc
3247 4813 3519 4868 illiil’ro-

1927 4926 2012 4981 cul
2033 4924 2194 4979 dubio
2223 4922 2273 4976 in
2298 4917 2630 4976 confusione.
2658 4913 2756 4969 Ubi
2783 4909 2914 4966 nos?
2941 4910 2996 4964 In
3017 4908 3222 4963 lmtitia.
3250 4906 3348 4962 Ubi
3372 4918 3512 4960 nunc

1927 5017 2049 5072 illi?
2074 5012 2424 5070 Conscientia:
2445 5024 2553 5063 sure
2579 5006 2720 5061 malo
2758 5004 3053 5059 tabcscunt.
3087 5000 3187 5057 Ubi
3212 5013 3340 5054 vero
3369 4997 3511 5053 nos?

1928 5108 1984 5163 In
2030 5121 2216 5175 magna
2249 5100 2604 5160 exsultatione
2635 5097 2994 5168 gloriﬁcamus
3035 5095 3222 5148 Deum.
3268 5089 3406 5158 Quid
3435 5088 3509 5143 di-

1926 5198 2088 5254 cam?
2117 5197 2240 5267 quid
2267 5191 2490 5263 loquar?
2511 5190 2731 5262 Adjiciat
2759 5187 3007 5242 Dominus
3035 5201 3184 5254 super
3207 5199 3314 5245 vos,
3359 5189 3404 5235 et
3427 5196 3514 5233 su-

1927 5309 2015 5360 per
2035 5289 2168 5357 ﬁlios
2198 5297 2384 5340 vestros
2421 5283 2590 5354 (Psal.
2625 5281 2746 5334 H5.
2778 5281 2868 5347 14)
2899 5296 2912 5330 :
2943 5287 2997 5331 et
3027 5276 3222 5330 allevet
3259 5272 3513 5326 Dominus

1927 5381 2132 5435 vultum
2160 5393 2314 5433 suum
2337 5417 2353 5443 ,
2383 5384 2436 5432 et
2462 5373 2776 5428 misereatur
2818 5368 2980 5424 vestri
3003 5409 3016 5428 ,
3053 5367 3106 5421 in
3133 5363 3349 5420 Christo
3387 5361 3514 5416 Jcsu

1928 5472 2153 5528 Domino
2182 5479 2397 5533 nostro,
2430 5481 2550 5522 cum
2588 5480 2693 5536 quo
2734 5471 2816 5518 est
2842 5461 2952 5518 Deo
2989 5459 3154 5525 Patri,
3194 5466 3248 5511 et
3289 5453 3508 5523 Spiritui

1925 5572 2110 5620 sancto
2131 5561 2321 5624 honor,
2349 5557 2538 5629 gloria,
2581 5565 2634 5613 et
2659 5562 2894 5626 potestas
2920 5567 3015 5624 per
3055 5545 3384 5610 immortalia
3410 5560 3509 5600 sac-

1924 5657 2063 5712 cula.
2091 5656 2277 5709 Amen.
