4100 6196
543 316 647 372 ιω

1313 318 1369 372 S.
1409 315 1688 376 JOANNIS
1711 314 2184 374 CHRYSOSTOMI
2223 316 2540 372 ARCHIEP.
2577 314 3114 372 CONSTANTINOP.

3712 319 3812 375 tu

3383 438 3748 452 m-

1500 520 1989 594 EJUSDEM
2050 517 2316 592 POST
2364 519 2866 592 REDITUM

1707 694 1747 736 Δ
1791 689 2023 734 PRIOR]!
2051 687 2304 733 BXSILIO
2349 689 2646 737 HOMILIA.

615 950 668 1007 1.
695 946 837 1005 Cum
864 949 1050 1008 Saram
1077 952 1144 1010 ab
1171 952 1474 1009 Abrahamo
1501 953 1724 1010 abstulit
1749 954 1978 1019 Pharao,
2007 951 2130 1022 pul-

535 1043 730 1098 chram
775 1040 1170 1115 formosamque
1211 1043 1491 1101 mulierem
1527 1046 1801 1116 improbus
1838 1045 2128 1100 barbarus-

547 1144 652 1199 que
683 1129 968 1203 Egyptius
990 1173 1006 1197 ,
1038 1141 1094 1188 et
1135 1133 1331 1205 iniquis
1369 1135 1540 1190 oculis
1578 1136 1695 1205 ejus
1733 1135 2128 1206 pulchritudine

547 1233 867 1292 conspecta,
910 1224 1226 1281 adulterium
1271 1231 1577 1298 perpetrare
1610 1228 1818 1284 vellet:
1853 1236 1981 1283 tunc
2023 1243 2130 1282 non

545 1311 600 1366 in
621 1312 738 1382 ipso
771 1313 948 1368 statim
983 1315 1135 1370 initio
1167 1331 1378 1386 poenam
1401 1317 1618 1372 immisit
1636 1318 1792 1384 Deus,
1811 1316 2010 1387 utjusti
2034 1316 2131 1371 viri

543 1405 736 1470 virtus,
755 1406 994 1462 mulieris
1022 1409 1472 1477 castitas,barbari
1500 1411 2132 1481 intemperantia,Deique

549 1495 854 1566 benignitas
875 1497 1173 1555 eminerent
1199 1514 1216 1555 :
1243 1500 1341 1555 viri
1363 1501 1492 1571 justi
1512 1501 1700 1570 virtus,
1732 1503 1852 1572 quia
1875 1517 1987 1558 rem
2008 1516 2130 1557 cum

550 1587 838 1654 gratiarum
857 1591 1067 1646 actione
1088 1592 1204 1647 tulit
1226 1607 1240 1659 ;
1269 1593 1507 1649 mulieris
1527 1595 1762 1662 castitas,
1787 1596 1909 1664 quia
1935 1596 2135 1651 in’bar-

548 1677 801 1735 barorum
833 1695 1020 1737 manus
1048 1681 1262 1753 delapsa
1292 1685 1598 1754 pudicitiam
1625 1687 1888 1750 servavit;
1922 1686 2131 1741 barbari

552 1770 984 1841 intemperantia,
1007 1775 1129 1844 quia
1155 1775 1384 1831 alienum
1410 1785 1586 1832 torum
1608 1778 1833 1843 invasit;
1865 1778 1955 1832 Dei
1977 1777 2131 1832 beni-

551 1861 745 1930 gnitas,
769 1865 1017 1933 quoniam
1039 1881 1160 1920 cum
1186 1881 1272 1922 res
1299 1867 1600 1923 hominibus
1621 1869 1914 1939 desperatae
1930 1877 2129 1934 essent,

549 1960 676 2006 tunc
712 1969 963 2010 coronam
988 1956 1134 2025 justo
1180 1958 1423 2014 contulit.
1470 1960 1594 2016 l‘lzec
1633 1970 1758 2016 tunc
1798 1962 1852 2016 in
1895 1961 2136 2016 Abraha-

556 2056 700 2096 mum
722 2053 868 2112 gesta
889 2057 1015 2102 sunt
1033 2065 1046 2103 :
1065 2057 1211 2118 gesta
1240 2049 1365 2104 item
1386 2050 1544 2107 hodie
1560 2053 1613 2106 in
1635 2053 1948 2109 Ecclesiam.
1973 2055 2136 2128 λεω-

547 2133 691 2201 ptius
729 2133 816 2190 hic
851 2135 962 2208 (a),
996 2147 1054 2194 ut
1090 2139 1179 2196 ille
1216 2140 1502 2213 Egyptius
1539 2154 1656 2200 erat
1697 2163 1714 2200 :
1757 2146 1844 2202 hic
1879 2149 2136 2205 satellites

554 2223 776 2291 habuit,
802 2225 894 2281 ille
934 2237 1266 2296 protectores
1299 2249 1312 2284 :
1345 2232 1436 2286 ille
1474 2235 1660 2289 Saram
1680 2277 1696 2301 ,
1725 2237 1812 2292 hic
1839 2237 2134 2294 Ecclesiam

552 2314 727 2382 rapuit
757 2330 773 2368 :
804 2331 908 2371 una
936 2328 1093 2376 nocte
1123 2321 1211 2376 ille
1250 2322 1512 2392 detinuit,
1547 2326 1632 2382 hic
1669 2343 1764 2398 per
1806 2345 1968 2385 unum
1992 2331 2134 2388 diem

553 2407 868 2478 occupavit;
897 2425 961 2464 ac
998 2426 1066 2467 ne
1106 2413 1320 2484 quidem
1365 2432 1460 2486 per
1499 2433 1661 2473 unum
1691 2420 1830 2475 diem
1873 2433 2135 2492 occupare

553 2500 844 2564 permissus
867 2509 978 2566 est;
1007 2502 1102 2558 sed
1132 2505 1306 2560 solum
1338 2515 1395 2562 ut
1419 2523 1632 2578 sponsae
1657 2511 1873 2566 castitas
1901 2523 2023 2568 nota
2049 2529 2137 2569 es-

552 2596 676 2655 set,
716 2589 838 2659 quia
873 2591 964 2647 illo
1003 2593 1127 2649 licet
1165 2595 1493 2666 ingrediente
1531 2600 1645 2670 ejus
1675 2603 1932 2658 castitatis
1975 2605 2136 2661 decor

552 2689 837 2750 corruptus
863 2697 969 2737 non
1011 2693 1136 2739 est:
1169 2690 1377 2751 tametsi
1424 2692 1692 2748 moechum
1736 2705 2048 2764 paraverat,
2081 2707 2136 2753 et

553 2769 762 2826 tabella:
786 2771 1058 2831 adornata:
1077 2789 1248 2843 erant,
1279 2789 1334 2835 et
1371 2782 1520 2837 multi
1555 2798 1586 2838 e
1615 2784 1774 2841 domo
1798 2787 2132 2857 subscripse-

549 2871 689 2915 rant.
723 2864 990 2922 Adornata
1015 2877 1098 2924 est
1125 2871 1370 2928 machina
1395 2914 1411 2942 ,
1448 2875 1540 2930 sed
1567 2877 1766 2932 exitum
1794 2895 1898 2934 non
1930 2880 2132 2937 habuit.

550 2953 735 3010 Eluxit
758 2957 916 3013 simul
941 2960 1055 3031 ejus
1093 2965 1346 3034 nequitia,
1366 2976 1412 3021 et
1448 2967 1541 3023 Dei
1565 2969 1887 3040 benignitas.
1916 2976 1984 3026 At
2007 2973 2134 3028 bar-

551 3044 713 3102 barus
740 3058 863 3106 tunc
890 3052 978 3107 ille
999 3093 1016 3121 ,
1051 3064 1266 3124 peccato
1303 3059 1482 3126 agnito
1505 3101 1520 3126 ,
1565 3060 1814 3117 delictum
1857 3064 2134 3121 confessus

555 3148 640 3194 est
671 3157 684 3194 :
718 3142 850 3198 dixit
878 3145 1019 3200 enim
1050 3148 1316 3206 Abraham
1350 3167 1364 3205 :
1396 3151 1498 3208 Cur
1528 3155 1621 3208 lioc
1647 3157 1854 3227 fecisti?
1881 3173 1973 3211 cur
2001 3158 2136 3212 dixi-

550 3233 660 3299 sti,
688 3235 848 3290 Soror
881 3253 990 3293 mea
1019 3240 1201 3295 est?'et
1245 3259 1422 3313 parum
1452 3246 1646 3318 abfuit,
1677 3249 1799 3320 quin
1828 3251 2134 3320 peccauerim

551 3326 706 3394 (Gen.
733 3329 821 3383 12.
855 3331 942 3386 18.
977 3334 1068 3405 i9)
1097 3351 1110 3388 :
1142 3333 1229 3390 hic
1250 3351 1376 3392 vero
1401 3339 1559 3394 etiam
1589 3350 1707 3409 post
1731 3342 1906 3396 scelus
1930 3342 1983 3397 in
2011 3358 2132 3397 cer-

551 3419 750 3476 tamine
777 3424 1024 3492 perstitit.
1055 3425 1100 3481 Ο
1129 3427 1292 3484 miser
1319 3437 1372 3484 et
1397 3428 1580 3486 infelix
1603 3432 1619 3485 l
1650 3430 1881 3486 Peccain
1898 3475 1913 3498 ,
1939 3434 2134 3503 quiesce

548 3509 712 3580 (Ibid.
739 3514 774 3568 4
823 3514 984 3586 7),ne
1008 3517 1225 3588 adjicias
1251 3529 1520 3588 peccatum
1550 3533 1786 3590 peccato.
1813 3522 1882 3577 Et
1905 3523 1990 3576 illa
2011 3525 2133 3593 qui-

549 3603 668 3658 dem
701 3606 859 3662 rediit
886 3609 1076 3678 opibus
1105 3611 1360 3666 instructa
1404 3611 1737 3682 Egyptiacis
1767 3630 1781 3667 :
1813 3615 2132 3672 et‘Ecclesia

552 3709 763 3766 quoque
792 3699 984 3766 rediit,
1016 3703 1209 3757 mentis
1234 3702 1431 3756 divitiis
1460 3704 1738 3769 instructa,
1773 3713 1828 3759 et
1854 3707 2133 3761 continen-

549 3787 655 3840 tior
674 3787 882 3843 effecta.
905 3791 1034 3848 Vide
1057 3793 1264 3848 barbari
1287 3793 1568 3850 insaniam.
1594 3796 1808 3866 Ejecisti
1833 3808 2130 3868 pastorem:

551 3895 648 3933 cur
670 3896 881 3950 gregem
911 3883 1212 3954 dissipasti?
1255 3886 1513 3940 Amovisti
1556 3887 1964 3957 gubernatorem
1994 3907 2007 3944 :
2036 3904 2134 3945 cur

553 3971 907 4040 gubernacula
930 3977 1272 4046 confregisti?
1299 3976 1594 4034 Vinitorem
1623 3979 1857 4048 eiecisti;
1884 3997 1979 4036 cur
1996 3982 2133 4037 vites

551 4064 826 4121 avulsisti?
843 4081 941 4119 cur
964 4068 1290 4122 monasteria
1315 4068 2133 4137 pessumdcdistitBarbarorum

553 4154 881 4206 invasionem
913 4154 1146 4210 imitatus
1171 4173 1248 4211 es.

624 4241 678 4293 2.
723 4241 844 4296 ΙΙωο
869 4245 1045 4298 omnia
1075 4247 1195 4302 fecit
1218 4247 1326 4315 ille,
1348 4258 1406 4304 ut
1429 4251 1596 4306 virtus
1619 4262 1898 4323 appareret
1919 4266 2129 4322 vestra;

553 4331 729 4386 omnia
759 4331 902 4398 fecit,
929 4344 986 4389 ut
1011 4336 1386 4394 edisceret'hic
1411 4340 1599 4396 adesse
1621 4357 1836 4412 gregem
1862 4359 1890 4398 a
1919 4345 2132 4401 Christo

551 4433 764 4494 pastore
793 4425 1028 4482 duetum.
1066 4431 1302 4488 Absente
1339 4445 1552 4501 pastore
1589 4449 1721 4505 grex
1764 4438 1920 4492 simul
1950 4454 2134 4496 mane-

550 4517 675 4584 bat,
707 4527 760 4573 et
785 4521 1108 4589 apostolicus
1151 4536 1327 4578 sermo
1366 4525 1685 4594 implebatur
1711 4545 1726 4581 :
1757 4525 1880 4582 Non
1913 4530 1966 4583 in
1997 4545 2132 4599 prte-

549 4611 708 4664 sentia
731 4611 830 4665 mei
853 4621 1045 4666 tantum
1069 4653 1082 4677 ,
1112 4613 1200 4667 sed
1223 4615 1370 4668 etiam
1397 4617 1452 4670 in
1476 4616 1696 4671 absentia
1719 4657 1734 4682 ,
1757 4635 1872 4672 cum
1892 4621 2067 4675 timore
2085 4631 2132 4676 et

549 4711 763 4757 tremore
790 4703 1003 4759 salutem
1031 4715 1242 4759 vestram
1271 4709 1465 4775 operati
1494 4709 1609 4763 estis
1637 4708 1892 4781 (Philipp.
1925 4712 1979 4764 2.
2015 4711 2130 4782 12).

551 4791 677 4847 llaec
699 4795 1036 4851 minabantur
1058 4797 1301 4853 timentes
1326 4798 1572 4854 virtutem
1607 4811 1834 4856 vestram
1853 4843 1869 4869 ,
1897 4804 2132 4860 caritatis

552 4883 679 4947 vim,
700 4900 1042 4958 amoremque
1059 4891 1178 4945 mei.
1196 4889 1333 4945 Nihil
1356 4891 1631 4956 audemus,
1649 4892 1880 4957 aiebant,
1901 4893 1951 4950 in
1969 4895 2129 4949 urbe:

548 4991 670 5030 eum
705 4979 857 5033 nobis
881 4980 1007 5036 date
1033 4981 1177 5038 foris.
1203 4983 1389 5054 Capite
1419 5001 1502 5040 me
1525 4985 1651 5041 foris
1676 5027 1690 5051 ,
1719 4996 1776 5041 ut
1798 4986 2013 5043 discatis
2035 4990 2134 5044 Ec-

549 5068 727 5122 clesia:
753 5084 989 5124 amorem
1014 5111 1028 5135 ,
1057 5075 1355 5143 agnoscatis
1384 5077 1610 5132 filiorum
1637 5089 1874 5139 meorum
1903 5095 2132 5150 genero-

545 5175 663 5214 sam
696 5159 924 5214 indolem
949 5201 965 5227 ,
994 5162 1216 5218 militum
1251 5166 1498 5221 virtutem
1519 5209 1534 5234 ,
1566 5179 1888 5224 armatorum
1930 5171 2130 5238 robur,

547 5250 908 5305 diadematum
935 5252 1294 5320 splendorem,
1314 5255 1613 5311 divitiarum
1636 5258 1958 5326 facultatem,
1982 5275 2134 5315 anto-

549 5341 628 5395 ris
674 5341 1114 5412 magnitudinem,
1146 5352 1478 5400 constantem
1522 5348 1847 5418 patientiam,
1877 5349 2134 5404 libertatis

549 5433 758 5499 ﬂorem,
787 5435 1018 5488 victoria:
1046 5435 1288 5505 gloriam,
1318 5437 1484 5493 cladis
1510 5447 1613 5494 tua:
1639 5440 1943 5495 ludibrium.
1974 5439 2019 5496 Ο
2048 5456 2134 5496 res

555 5544 719 5584 novas
733 5536 785 5583 et
809 5525 1184 5582 admirandas!
1220 5539 1398 5598 pastor
1426 5530 1594 5596 abest,
1624 5541 1680 5588 et
1707 5547 1833 5603 grex
1863 5533 2130 5600 exsultat,

547 5623 650 5678 dux
697 5618 904 5691 procul,
935 5628 988 5674 et
1013 5618 1211 5675 milites
1235 5630 1528 5676 armantur.
1558 5621 1673 5678 Non
1704 5623 1874 5681 solum
1906 5625 2134 5682 ecclesia

613 5733 690 5794 (α)
718 5731 1036 5795 TheOphilum
1057 5731 1440 5787 Alexandrinum
1463 5739 1615 5787 notat.

2255 837 2466 853 ﬁ

2241 953 2535 1008 exercitum
2579 953 2781 1020 habuit,
2808 955 2902 1010 sed
2932 963 3039 1012 tota
3067 957 3253 1013 civitas
3279 959 3504 1015 ecclesia
3530 959 3649 1016 fuit.
3684 962 3820 1031 Vici,

2238 1040 2375 1108 fora,
2407 1057 2500 1098 aer
2527 1044 2994 1101 sanctificabantur
3025 1064 3039 1102 :
3066 1047 3300 1103 haaretici
3337 1051 3781 1106 convertebantur
3800 1093 3818 1121 ,

2237 1133 2406 1190 Judaei
2432 1137 2684 1193 meliores
2719 1137 3106 1205 efﬁciebantur,
3150 1141 3454 1196 sacerdotes
3495 1143 3825 1198 damnaban-

2241 1233 2347 1290 tur,
2379 1235 2433 1281 et
2455 1227 2624 1281 Judaei
2654 1227 2819 1282 Deum
2849 1227 3153 1296 laudabant,
3183 1238 3341 1299 atque
3359 1231 3423 1283 ad
3453 1246 3550 1286 nos
3574 1247 3826 1288 accurre-

2235 1316 2382 1371 bant.
2418 1315 2492 1370 lta
2532 1317 2728 1372 Christi
2758 1327 2996 1387 tempore
3035 1318 3231 1374 factum
3275 1331 3377 1374 est.
3411 1319 3638 1392 Caiphas
3675 1323 3825 1378 cruci

2235 1409 2423 1472 affixit,
2469 1418 2524 1465 et
2565 1410 2703 1465 latro
2745 1411 3020 1467 confessus
3045 1421 3147 1467 est.
3177 1412 3221 1467 Ο
3265 1428 3428 1468 novas
3455 1429 3542 1468 res
3569 1423 3624 1470 et
3647 1415 3826 1470 admi-

2233 1501 2466 1556 randas!
2499 1502 2805 1558 sacerdotes
2832 1504 3160 1566 occiderunt.
3191 1514 3243 1559 et
3273 1506 3410 1576 magi
3445 1506 3824 1562 adoraverunt.

2237 1592 2364 1647 Haec
2394 1609 2460 1646 ne
2488 1593 2770 1648 ecclesiam
2801 1595 3132 1664 perturbent.
3161 1596 3273 1651 Nisi
3303 1596 3418 1652 haec
3441 1601 3824 1669 contigissent,

2234 1683 2433 1739 divitiae
2461 1693 2678 1749 nostra},
2723 1702 2844 1755 qua:
2871 1702 2996 1741 vere
3035 1686 3275 1754 aderant,
3308 1704 3412 1743 non
3441 1700 3667 1745 ostensa:
3694 1690 3829 1744 fuis-

2235 1784 2374 1828 sent.
2409 1773 2559 1829 Sicut
2581 1776 2721 1830 enim
2746 1775 2868 1843 Job,
2891 1777 2991 1832 etsi
3009 1777 3187 1845 justus
3212 1790 3377 1844 esset,
3407 1795 3513 1833 non
3537 1780 3656 1834 talis
3677 1781 3834 1838 visus

2227 1863 2445 1932 fuisset,
2476 1867 2578 1920 nisi
2627 1868 2846 1923 vulnera
2893 1879 2947 1924 et
2974 1884 3185 1925 vermes
3225 1873 3626 1942 apparuissent;
3656 1873 3726 1926 ita
3769 1881 3830 1926 et

2236 1968 2428 2012 vestra:
2456 1959 2651 2014 divitia:
2695 1976 2980 2032 numquam
3028 1971 3168 2018 notae
3213 1962 3439 2018 fuissent
3483 1964 3582 2017 nisi
3627 1963 3830 2033 paratis

2238 2050 2464 2106 insidiis.
2499 2052 2639 2106 Deus
2681 2067 2812 2108 sane
2851 2055 3001 2133 quasi
3031 2069 3150 2108 sese
3186 2070 3446 2109 excusans
3473 2054 3608 2109 Jobo
3652 2056 3776 2108 dicit
3809 2071 3826 2109 :

2239 2141 2466 2198 Putasne
2504 2161 2582 2197 me
2607 2144 2754 2198 aliter
2779 2144 2867 2198 tibi
2904 2147 3237 2215 respondisse,
3268 2163 3418 2214 quam
3443 2158 3500 2199 ut
3531 2147 3702 2216 justus
3731 2162 3830 2213 ap-

2238 2244 2441 2297 pareres
2484 2225 2607 2297 (Job
2647 2229 2736 2283 40.
2778 2227 2881 2299 8)?
2918 2229 3153 2284 lusidiati
3196 2239 3320 2283 sunt
3361 2229 3455 2292 illi,
3487 2230 3679 2284 bellum
3709 2245 3832 2284 mo-

2237 2328 2447 2384 verunt,
2479 2328 2533 2373 et
2575 2319 2700 2374 victi
2748 2330 2892 2374 sunt.
2940 2321 3218 2386 Quomodo
3267 2322 3462 2376 bellum
3501 2322 3830 2391 gesserunt?

2237 2410 2508 2465 Fustibus.
2557 2411 2835 2479 Quomodo
2871 2415 2990 2467 victi
3022 2413 3188 2468 sunt?
3231 2413 3505 2468 Precibus.
3536 2414 3597 2467 Si
3638 2414 3749 2481 quis
3779 2424 3832 2466 te

2237 2505 2535 2576 percusth
2573 2505 2625 2558 in
2664 2506 2922 2559 dexteram
2965 2505 3245 2571 maxillam,
3288 2515 3418 2558 uerte
3456 2503 3534 2557 illi
3576 2513 3622 2556 et
3668 2505 3830 2557 aliam

2238 2595 2452 2666 (Matth.
2490 2597 2548 2652 5.
2581 2597 2699 2668 39).
2731 2597 2808 2651 Tu
2837 2597 3004 2652 fustes
3045 2598 3097 2651 in
3137 2597 3414 2652 ecclesiam
3445 2596 3606 2652 infers
3626 2605 3681 2651 et
3702 2612 3828 2651 eam

2236 2703 2548 2759 oppugnas;
2582 2689 2670 2743 ubi
2700 2703 2798 2758 pax
2839 2697 2920 2742 cst
2948 2687 3213 2752 omnibus,
3255 2687 3449 2743 bellum
3479 2702 3697 2742 moves:
3724 2703 3831 2742 nec

2238 2778 2412 2834 locum
2442 2779 2724 2843 revereris,
2755 2779 2919 2834 miser
2957 2788 3011 2833 et
3034 2777 3238 2843 infelix,
3271 2793 3377 2833 non
3416 2777 3698 2833 sacerdotii
3741 2778 3831 2835 tli-

2236 2872 2510 2943 gnitatem,
2531 2888 2634 2927 non
2656 2871 2981 2943 principatus
3000 2871 3420 2941 amplitudinem.
3449 2871 3828 2939 Baptisterium

2235 2965 2496 3036 sanguine
2523 2965 2782 3034 repletum
2813 2976 2932 3030 est;
2966 2963 3055 3018 ubi
3081 2974 3421 3035 peccatorum
3451 2964 3716 3028 remissio,
3750 2963 3828 3017 ibi

2237 3058 2510 3129 sanguinis
2538 3058 2746 3114 effusio.
2797 3059 2852 3115 ln
2894 3074 3124 3130 quanam
3165 3059 3280 3114 acie
3322 3059 3436 3114 bzec
3480 3059 3611 3114 facta
3653 3060 3828 3114 sunt?

2237 3149 2530 3222 Imperator
2572 3153 2732 3207 intrat
2773 3160 2827 3207 et
2855 3152 3064 3223 projicit
3101 3152 3327 3222 clipeum
3355 3161 3410 3208 et
3453 3151 3732 3216 diadema;
3764 3161 3825 3206 tu

2236 3246 2470 3314 intrasti,
2519 3255 2575 3301 et
2616 3245 2795 3301 clavas
2832 3245 3124 3315 arripuisti.
3179 3244 3270 3299 Ille
3328 3244 3533 3314 imperii
3579 3244 3824 3316 symbola

2237 3338 2380 3394 foras
2399 3338 2647 3409 relinquit
2666 3353 2681 3403 ;
2705 3346 2759 3393 tu
2776 3337 2899 3392 belli
2920 3337 3159 3408 symbola
3188 3337 3513 3391 intromittis.
3531 3335 3637 3392 Sed
3651 3351 3824 3405 spon-

2235 3447 2350 3488 sam
2377 3446 2549 3487 meam
2577 3429 2724 3485 nullo
2762 3429 2924 3486 modo
2950 3429 3154 3495 laesisti,
3183 3439 3238 3484 at
3263 3436 3443 3484 manet
3469 3427 3559 3483 illa
3587 3426 3826 3498 pulchri-

2236 3525 2472 3579 tudinem
2493 3538 2648 3578 suam
2678 3521 2955 3578 exhibens.

2307 3615 2360 3670 3.
2390 3615 2512 3670 Suis
2539 3615 2601 3667 de
2618 3615 2780 3685 gloria
2806 3613 2916 3681 ipso
2961 3613 3160 3667 absente
3191 3619 3482 3681 comparata
3509 3609 3823 3682 gratulatur.

2235 3703 2437 3758 La'titia
2461 3705 2514 3758 in
2541 3706 2703 3757 reditu
2739 3701 3100 3774 Chrysostomi.
3131 3732 3200 3742 —
3229 3701 3428 3756 Idcirco
3453 3701 3680 3773 gaudeo,
3710 3715 3825 3756 non

2236 3797 2409 3851 solum
2437 3797 2557 3865 quia
2597 3795 2818 3860 vicistis,
2863 3795 2955 3850 sed
2993 3795 3115 3865 quia
3155 3809 3240 3848 me
3267 3795 3486 3848 absente
3513 3793 3735 3848 vicistis.
3763 3792 3824 3846 Si

2236 3888 2546 3954 adfuissem,
2596 3887 2648 3942 in
2695 3896 2901 3957 partem
2933 3888 3167 3940 victoria:
3196 3885 3468 3940 vobiscum
3510 3884 3819 3939 venissem:

2236 3981 2359 4051 quia
2391 3993 2519 4035 vero
2546 3978 2765 4042 secessi,
2790 3977 2987 4031 nudum
3014 3976 3164 4030 vobis
3189 3985 3444 4045 tropaeum
3462 3973 3586 4029 fuit.
3619 3973 3822 4029 Verum

2236 4081 2289 4125 et
2319 4071 2444 4125 illud
2474 4085 2589 4144 mea
2620 4069 2734 4124 laus
2757 4078 2840 4124 est.
2870 4085 2884 4122 :
2915 4077 3072 4138 atque
3097 4081 3308 4121 rursum
3335 4066 3388 4120 in
3423 4076 3624 4136 partem
3651 4065 3827 4118 victo-

2235 4163 2329 4218 ri:e
2371 4163 2644 4217 vobiscum
2673 4161 2848 4226 venio,
2875 4159 2996 4230 quia
3035 4159 3112 4214 sic
3151 4173 3244 4214 vos
3285 4157 3526 4224 educavi,
3559 4166 3617 4211 ut
3656 4157 3825 4211 etiam

2235 4253 2458 4308 absente
2476 4262 2624 4322 patre
2640 4259 2868 4308 vestram
2887 4249 3212 4304 nobilitatem
3233 4247 3603 4305 ostenderetis.
3624 4247 3828 4314 Quem-

2235 4341 2523 4398 admodum
2549 4343 2692 4398 enim
2719 4341 2920 4397 strenui
2948 4340 3161 4396 athletae
3202 4341 3361 4395 etiam
3390 4340 3608 4395 absente
3634 4339 3825 4408 paedo—

2237 4435 2370 4490 triba
2397 4434 2562 4490 robur
2585 4449 2739 4490 suum
2767 4434 3019 4489 exhibent
3046 4450 3060 4488 :
3091 4434 3166 4488 sic
3195 4443 3248 4488 et
3290 4433 3412 4488 fidei
3439 4443 3627 4487 vestra:
3653 4448 3825 4502 gene-

2235 4526 2449 4594 rositas,
2491 4526 2650 4580 etiam
2676 4525 2896 4581 absente
2923 4524 3158 4590 doctore,
3190 4524 3381 4580 bonam
3411 4539 3559 4578 suam
3587 4525 3824 4580 indolem

2234 4617 2490 4674 exhibuit.
2524 4617 2661 4685 Quid
2705 4632 2838 4688 opus
2881 4617 3098 4672 verbis?
3126 4616 3353 4686 Lapides
3397 4616 3647 4681 clamant,
3681 4617 3824 4671 muri

2236 4725 2420 4765 vocem
2465 4709 2734 4765 emittunt.
2782 4709 2885 4764 Adi
2933 4707 3299 4778 imperatorias
3342 4707 3510 4773 aulas,
3556 4715 3610 4761 et
3639 4707 3824 4761 statim

2236 4803 2386 4858 audis
2418 4820 2431 4856 :
2464 4801 2652 4872 Populi
2680 4800 3270 4870 Constantinopolitani.
3300 4800 3381 4854 Ad
3423 4815 3570 4854 mare
3599 4809 3652 4853 te
3695 4815 3826 4853 cono

2237 4896 2332 4964 fer,
2363 4896 2635 4952 desertum
2674 4906 2823 4966 pete,
2865 4903 3095 4957 montes,
3139 4893 3328 4948 domos
3357 4910 3371 4947 :
3399 4892 3702 4948 encomium
3735 4908 3825 4946 ve-

2236 4998 2405 5044 strum
2433 4987 2628 5058 ubique
2671 4987 2993 5056 descriptum
3039 4993 3142 5041 est.
3188 4984 3391 5051 Quibus
3418 4983 3538 5038 telis
3578 4983 3825 5038 vicistis?

2236 5079 2351 5135 Non
2397 5079 2604 5150 opibus,
2655 5077 2747 5134 sed
2793 5078 2914 5134 fide.
2946 5075 2991 5152 Q
3035 5076 3225 5146 popule
3264 5075 3498 5130 doctoris
3539 5076 3761 5129 amans!
3791 5089 3829 5129 ο

2237 5176 2430 5246 popule
2472 5181 2679 5245 patrem
2726 5171 2988 5241 diligens!
3038 5170 3192 5224 beata
3240 5169 3404 5234 urbs,
3453 5183 3558 5222 non
3605 5175 3831 5236 propter

2239 5267 2515 5319 columnas
2541 5274 2596 5318 et
2640 5263 2906 5332 laquearia
2942 5276 3124 5327 aurea,
3172 5260 3267 5316 sed
3311 5269 3526 5330 promer
3573 5259 3826 5312 virtutem

2236 5366 2470 5412 vestram
2489 5357 2503 5410 l
2525 5355 2628 5411 Tot
2648 5363 2915 5424 tantaque
2934 5363 3088 5409 erant
3106 5352 3331 5418 insidize,
3349 5361 3402 5406 et
3427 5365 3612 5421 preces
3632 5359 3828 5402 tresue:

2237 5452 2480 5503 vicerunt
2509 5465 2524 5502 :
2557 5445 2716 5516 idque
2753 5445 2872 5516 jure
2901 5445 3092 5500 merito
3119 5461 3134 5499 :
3164 5459 3286 5498 nam
3322 5457 3510 5513 preces
3551 5449 3704 5494 erant
3738 5453 3830 5492 as-

2237 5541 2424 5605 sidum,
2457 5548 2511 5595 ct
2547 5539 2901 5610 lacrymarum
2949 5536 3124 5592 fontes
3164 5536 3477 5592 eflluebant.
3504 5532 3583 5588 llli
3615 5531 3717 5587 tela
3742 5532 3828 5586 vi-

2238 5633 2481 5699 brabant,
2527 5645 2626 5684 vos
2668 5631 2928 5701 lacrymas
2960 5645 2972 5681 :
3005 5628 3080 5683 illi
3129 5627 3360 5683 furorem
3387 5625 3693 5697 spirabant,
3720 5637 3822 5678 vos

2239 5722 2718 5782 mansuetudinem.
2765 5722 2918 5791 Quod
2959 5722 3040 5778 vis
3101 5720 3262 5777 facito
3303 5737 3319 5778 :
3365 5733 3463 5776 vos
3509 5716 3696 5776 oratis.
3738 5713 3824 5770 Illi
