4100 6196
180 263 303 319 H8—
1181 257 1413 316 SE'RMO
1452 257 1624 323 POST
1663 256 1983 316 REDITUM.
2007 260 2099 315 AB
2129 257 2435 317 EXSILIO..
3334 261 3435 317 tu

897 469 1186 622 [ml
1219 524 1447 610 ΤΟΥ
1516 523 1894 610 ΑΥΤΟΥ
1955 474 2880 619 ΕΠΑΝΕΑΘΟΝΤΟΣ,

1300 662 1440 717 Ἀπὸ
1462 660 1574 730 τῆς
1599 659 1893 731 προτέρας
1921 662 2161 733 ἐξορίας
2187 668 2409 737 ὁμιλία.

252 876 327 925 α’.
365 869 499 921 Ὅτε
530 863 630 933 τὴν
661 859 879 933 Σάρραν
904 858 1012 913 ἀπὸ
1040 859 1134 914 τοῦ
1189 857 1440 931 Ἀϐραὰμ
1469 858 1719 929 ἥρπασεν
1740 862 1770 915 6

181 954 415 1028 Φαραὼ,
445 949 540 1022 τὴν
568 947 740 1019 καλὴν
768 947 863 1001 καὶ
894 946 1074 1017 εὐειδῆ
1096 948 1330 1014 γυναῖκα
1353 946 1381 997 6
1416 944 1651 1016 πονηρὸς
1677 946 1770 1000 καὶ

184 1041 469 1115 βάρϐαρος
498 1037 596 1089 καὶ
621 1032 940 1101 Αἰγύπτιος,
969 1028 1496 1115 ἀδίκοιςᾼόφθαλμοῖς
1526 1028 1648 1115 ίδὼν
1675 1031 1773 1084 αὐ-

320 1124 383 1177 τὸ
415 1119 634 1183 κάλλος,
663 1117 758 1170 καί
790 1115 1036 1186 μοιχείας
1062 1113 1400 1186 ἐργάσασθαι
1437 1112 1624 1185 δρᾶμα
1651 1112 1771 1183 βου.

182 1208 446 1279 λόμενος·
478 1203 604 1256 τότε
637 1199 723 1271 δὴ,
750 1199 870 1252 τότε
898 1199 1052 1270 παρὰ
1077 1199 1175 1269 μὲν
1198 1198 1295 1269 τῆν
1329 1198 1501 1269 ἀρχὴν
1529 1198 1627 1252 οὐκ
1651 1198 1771 1251 ἐκό-

184 1292 353 1346 λασεν
380 1289 410 1340 6
438 1285 593 1349 Θεὸς,
628 1284 716 1337 ἴνα
743 1281 929 1353 δειχθῇ
969 1282 1063 1334 καὶ
1092 1280 1185 1335 τοῦ
1208 1280 1416 1336 δικαίου
1464 1282 1498 1353 ἡ
1528 1281 1768 1352 ἀνδρεία,

185 1375 283 1430 καὶ
308 1374 413 1441 τῆς
437 1354 697 1439 γυναικδς
724 1368 758 1438 ἡ
798 1364 1143 1437 σωφροσύνη,
1177 1365 1270 1418 καὶ
1300 1362 1396 1417 τοῦ
1432 1363 1705 1435 βαρϐάρου
1734 1365 1767 1434 ἡ

186 1455 479 1520 ἀκολασία,
512 1454 610 1507 καὶ⁵
635 1455 669 1522 ὴ
695 1449 790 1504 τοῦ
831 1447 966 1502 Θεοῦ
994 1447 1400 1519 φιλανθρωπία·
1429 1446 1521 1500 τοῦ
1561 1446 1775 1501 δικαίου

187 1544 223 1612 η
252 1539 500 1608 ἀνδρεία,
532 1536 614 1588 ὅτι
635 1533 833 1604 ἔφερεν
866 1530 1205 1602 εὐχαρίστως
1234 1529 1295 1583 τὸ
1318 1529 1609 1600 γενόμενον
1629 1545 1644 1560 ·
1671 1531 1775 1599 τῆς

186 1622 451 1694 γυναικὸς
484 1622 518 1691 ή
542 1617 887 1687 σωφροσύνη,
910 1615 993 1669 ὅτι
1026 1614 1285 1668 ἐνέπεσεν
1320 1614 1402 1676 είς
1432 1612 1532 1677 τὰς
1568 1612 1772 1682 βαρϐα-

192 1704 355 1778 ρικάς
377 1705 589 1773 χεῖρας,
611 1700 710 1753 καὶ
729 1698 829 1768 τὴν
850 1696 1156 1769 σεμνότητα
1177 1695 1465 1778 διετήρησε
1483 1711 1497 1727 ·
1520 1694 1616 1778 τοῦ
1644 1694 1774 1778 βαρς

190 1774 364 1858 ϐάρου
395 1788 437 1855 ἡ
475 1781 765 1844 ἀκολασία,
799 1782 879 1834 ὅτι
923 1779 1183 1858 ἀλλοτρίᾳ
1225 1776 1459 1848 ἐπῆλθεν
1485 1777 1645 1848 εὐνῇ·
1676 1774 1773 1829 τοῦ

190 1854 335 1924 Θεοῦ
362 1870 401 1938 ἡ
424 1854 823 1936 φιλανθρωπία,
851 1863 934 1915 ὅτι
963 1854 1100 1932 μετά
1122 1861 1431 1929 ἀπόγνωσιν
1449 1858 1773 1931 ἀνθρώπων,

190 1953 323 2006 τότε
358 1950 450 2003 τδν
476 1948 731 2017 στέφανον
755 1946 956 2016 ῆνεγκε
997 1943 1076 2013 τῷ
1105 1943 1320 2014 δικαίῳ.
1354 1941 1538 1996 Ταῦτα
1568 1941 1776 2010 ἐγίνετο

188 2036 325 2090 τότε
375 2035 468 2086 ἐπὶ
492 2032 584 2085 τοῦ
624 2029 893 2100 Ἀϐραάμ,
939 2027 1155 2096 ἐγένετο
1190 2026 1247 2080 δὲ
1279 2028 1515 2097 σήμερον
1556 2026 1657 2090 ἐπὶ.Δ
1675 2026 1775 2097 τῆς

204 2115 561 2185 Ἑκκλησίας.
590 2113 885 2181 Δίεγύπτιος
909 2105 1085 2174 οὗτος,
1112 2110 1188 2172 ὡς
1213 2110 1420 2170 ἐκεῖνος
1444 2108 1738 2175 Αἰγύπτιος
1756 2124 1775 2139 ο

193 2193 356 2263 οὗτος
381 2196 718 2268 δορυφόρους
732 2190 898 2263 εἶχεν,
921 2193 1127 2254 ἐκεῖνος
1156 2191 1505 2254 ὑπασπιστάς
1527 2206 1542 2221 ·
1570 2192 1776 2253 ἐκεῖνος

191 2282 305 2353 τὴν
349 2280 571 2352 Σάρραν
594 2316 610 2341 ,
656 2270 812 2340 οὗτος
860 2274 961 2345 τὴν
1015 2272 1376 2353 Ἐκκλησίανε
1429 2273 1559 2344 μίαν
1606 2273 1778 2327 νύκτα

192 2350 408 2426 ἐκεῖνος
429 2350 677 2432 συνέσχε,
705 2360 832 2431 μίαν
855 2356 1069 2429 ἡμέραν
1093 2350 1247 2419 οὗτος
1275 2355 1520 2426 εἰσῆλθεν
1539 2371 1555 2411 ·
1571 2356 1680 2409 οὐδ’
1710 2355 1777 2410 ἂν

192 2450 302 2519 τὴν
341 2446 471 2518 μίαν
506 2440 887 2513 συνεχωρήθη.
922 2439 1037 2493 ἀλλ’
1077 2439 1166 2491 ἵνα
1208 2437 1389 2509 δειχθῇ
1421 2438 1520 2508 τῆς
1560 2438 1779 2509 νύμφης

187 2536 227 2605 η
260 2526 615 2598 σωφροσύνη,
646 2527 730 2579 ὃτι
759 2524 1086 2595 εἰσέρχεται,
1117 2521 1212 2575 καὶ
1236 2523 1296 2575 οὐ
1319 2521 1583 2605 διεφθάρη
1609 2523 1780 2591 αὐτῆς

187 2604 257 2668 τὸ
290 2613 490 2675 κάλλος
522 2611 621 2681 τῆς
662 2606 1036 2679 σωφροσύνης,
1068 2606 1243 2663 καίτοι
1275 2604 1459 2677 μοιχὸν
1494 2607 1776 2676 ἡτοίμασε,

190 2701 295 2756 καὶ
327 2699 397 2752 τὰ
427 2697 785 2768 γραμματεῖα
818 2691 1169 2754 συνετελεῖτο,
1202 2693 1298 2746 καὶ
1330 2691 1520 2758 πολλοι
1544 2691 1653 2744 τῶν
1681 2690 1780 2759 τῆς

192 2782 380 2845 οἰκίας
438 2780 782 2851 ὑπέγραφον.
822 2773 1160 2844 Ἀπηρτίσθη
1199 2776 1233 2845 ἡ
1286 2774 1536 2845 μηχανὴ,
1581 2774 1678 2826 καὶ
1718 2771 1781 2825 τὸ

191 2865 355 2929 τέλος
393 2864 496 2917 οὐκ
521 2863 756 2931 ἐγένετο.
802 2861 1002 2932 Ἐφάνη
1052 2857 1260 2912 ἐκείνου
1303 2858 1337 2927 ή
1389 2854 1655 2927 πονηρία,
1686 2855 1781 2908 κιιῖ⁵

191 2948 296 3002 τοῦ
337 2946 473 3000 Θεοῦ
501 2949 535 3017 ἡ
566 2945 968 3017 φιλανθρωπία,
1005 2942 1146 2996 Ἀλλ’
1173 2942 1203 2995 6
1233 2942 1331 3013 μὲν
1361 2940 1634 3013 βάρϐαρος
1659 2938 1781 2991 τότε

192 3034 412 3096 ἐκεῖνος
441 3031 698 3098 ἐπιγνοὺς
723 3029 784 3083 τὸ
810 3029 1135 3100 ἁμάρτημα,
1163 3025 1482 3096 ὡμολόγησε
1513 3024 1575 3076 τὸ
1600 3038 1784 3092 παρα-

193 3117 460 3187 νόμημα·
516 3113 668 3182 λέγει
717 3113 826 3185 γὰρ
888 3111 969 3182 τῷ
1028 3110 1311 3181 ’Δϐραάμ·
1375 3108 1437 3162 Τί
1489 3106 1785 3173 ἐποΙησας

193 3197 417 3262 τοῦτος
447 3199 535 3262 τις
574 3197 633 3250 τί
667 3192 863 3262 εἴπας,
893 3194 984 3248 ὅτι
1030 3191 1266 3261 ἀδελφή
1305 3191 1425 3261 μού
1463 3190 1636 3251 ἐστι;
1682 3189 1781 3242 καί

192 3281 417 3354 μικροῦ
449 3280 527 3335 ἂν
558 3280 857 3349 ἥμαρτον·
888 3272 1043 3341 οὗτος
1064 3277 1122 3331 δὲ
1152 3274 1290 3347 μετά
1312 3274 1412 3346 τὴν
1433 3271 1782 3344 παρανομίαν

198 3363 610 3435 ἐπηγωνίσατο.
670 3361 859 3415 ’Λθλιε
909 3361 1005 3414 καὶ
1039 3358 1353 3429 ταλαίπωρε
1378 3390 1394 3420 ,
1458 3356 1745 3425 Ἥμαρτες
1765 3391 1782 3418 ,

199 3450 571 3518 ἡσύχασον,
631 3445 707 3517 μὴ
752 3444 988 3516 πρόσθες
1040 3442 1319 3515 ἁμαρτίαν
1352 3441 1437 3511 ἐφ’
1483 3438 1784 3510 ἁμαρτίαν.

200 3532 453 3603 Κάκείνη
502 3532 601 3601 μὲν
645 3527 918 3599 ἐπανῆλθε
937 3568 951 3592 ,
1002 3525 1234 3580 πλοῦτον
1274 3523 1472 3596 ἔχουσα
1500 3522 1789 3603 τὸνγΔίγυρ

200 3602 444 3668 πτιακόν
467 3630 482 3645 ·
514 3614 550 3683 ἡ
584 3612 643 3665 δὲ
677 3611 974 3681 Ἐκκλησία
1001 3606 1295 3678 ἐπανῆλθε,
1327 3603 1562 3660 πλοῦτον
1589 3602 1788 3674 ἔχουσα

197 3697 295 3751 τὸν
325 3696 441 3749 ἀπὸ
465 3697 564 3766 τῆς
585 3693 832 3765 γνώμης,
860 3693 956 3747 καὶ
984 3689 1403 3761 σωφρονεστέρα
1431 3687 1626 3756 ἐφάνη.
1648 3684 1789 3756 Ὅρα

200 3781 257 3833 δέ
280 3780 385 3850 τὴν
411 3779 611 3849 μανίαν
642 3776 736 3831 τοῦ
765 3776 1063 3849 βαρϐάρου.
1093 3771 1384 3839 Ἐξέϐαλες.
1401 3771 1493 3823 τὸν
1518 3768 1753 3840 ποιμένα
1774 3782 1788 3798 ·

202 3863 253 3915 τί
280 3862 385 3932 τὴν
418 3862 625 3932 ἀγέλην
654 3860 951 3923 διέσπασας
975 3876 994 3926 ;
1031 3857 1368 3928 Ἀπέστησας
1394 3854 1486 3907 τὸν
1513 3851 1785 3923 κυϐερνή-

204 3962 305 4014 την
323 3931 349 3975 ’ί
389 3945 447 3998 τί
477 3931 607 4007 τούς
639 3944 831 4006 οίακας
869 3940 1243 4006 κατέκλασας;
1274 3937 1378 3990 Τὸν
1407 3931 1786 4006 ἀμπελουργδν

204 4026 463 4093 ἐξέϐαλες
482 4044 498 4058 ·
533 4026 591 4080 τί
621 4027 721 4089 τάς
750 4024 1031 4096 ἀμπέλους
1060 4016 1490 4086 ἀνέσπασας;,τί
1522 4015 1592 4070 τά
1625 4031 1787 4086 μονα-

206 4114 411 4182 στήρια
443 4108 790 4181 διέφθειραςὶ
823 4106 1124 4180 Βαρϐάρων
1148 4103 1334 4174 ἔφοδον
1364 4100 1641 4172 ἐμιμήσω.

277 4179 345 4263 βί.
380 4179 674 4260 Ἐποίησεν
696 4191 935 4255 ᾶπαντα,
959 4190 1047 4243 ἵνα
1074 4188 1259 4260 δειχθῇ
1285 4186 1438 4256 ὐμῶν
1471 4186 1505 4255 ὴ
1533 4179 1786 4252 ἀνδρεία·

207 4276 467 4348 ἐποίησεν
491 4275 734 4339 ἅπαντα,
758 4275 846 4327 ἵνα
870 4272 1018 4345 μάθῃ
1043 4272 1125 4326 ὅτι
1147 4270 1352 4339 ποίμνη
1378 4268 1524 4322 ἐστὶν
1560 4265 1791 4320 ἐνταῦθα

207 4359 315 4412 61:6
355 4356 599 4428 Χριστοῦ
644 4356 1062 4428 ποιμαινομένη.
1100 4353 1249 4421 Ἔξω
1292 4353 1321 4405 ὁ
1366 4349 1589 4423 ποιμὴν,
1634 4351 1728 4403 καὶ
1755 4351 1790 4419 ἠ

206 4440 380 4512 ἀγέλη
411 4442 808 4512 συνεκροτεῖτο,
856 4439 952 4493 καὶ
995 4439 1057 4493 τὸ
1089 4434 1444 4491 ἀποστολικὺν
1487 4433 1791 4505 ἐπληροῦτο

210 4525 393 4596 ῥῆμα·
430 4526 554 4577 Οὐκ
582 4524 653 4578 ἐν
677 4522 752 4592 τῇ
782 4523 1087 4594 παρουσίᾳ
1120 4538 1240 4592 μου
1266 4521 1480 4590 μόνον,
1501 4519 1660 4573 ἀλλὰ
1692 4516 1791 4571 καὶ

204 4608 279 4661 ἐν
310 4605 387 4675 τῇ
422 4608 694 4675 ἀπουσίᾳ
721 4623 863 4675 μου,
903 4607 1055 4675 μετὰ
1084 4604 1272 4673 φόϐου
1302 4602 1401 4656 καὶ
1427 4601 1645 4670 τρόμου
1677 4599 1793 4667 τὴν

204 4689 444 4744 ἑαυτῶν
461 4690 768 4757 σωτηρίαν
797 4682 1237 4756 κατεργάζεσθε.
1262 4684 1373 4739 Καὶ
1395 4683 1615 4737 τοιαῦτα
1633 4683 1793 4753 ἠπεί-

206 4776 338 4829 λουν
363 4774 665 4837 δεδοικότες
695 4771 849 4844 ὑμῶν
888 4772 988 4841 τὴν
1020 4767 1272 4841 ἀνδρείαν
1307 4768 1529 4838 καὶτῆς
1570 4767 1792 4837 ἀγάπης

204 4859 275 4912 τὸ
300 4859 548 4930 φίλτρον,
592 4858 689 4910 καὶ
718 4855 811 4909 τὸν
854 4855 1018 4908 πόθον
1047 4852 1140 4906 τὸν
1166 4851 1296 4923 περί⁵
1336 4851 1457 4921 ἐμέ.
1488 4849 1653 4905 Οὐδὲν
1674 4849 1795 4902 τολ-

212 4942 428 5011 μῶμεν,
452 4942 643 5013 φησὶν,
685 4941 746 4994 ἐν
789 4940 857 5010 τῇ
888 4936 1073 4990 πόλει·
1122 4934 1243 4988 δότε
1286 4935 1421 5004 ἡμῖν
1471 4932 1633 4987 αὐτὸν
1665 4931 1790 4995 ἔξω.

207 5025 427 5078 Λάϐετε
457 5041 526 5095 με
557 5024 685 5087 ἔξω,
729 5022 818 5075 ἶνα
858 5019 1067 5091 μάθητε
1101 5016 1194 5070 τὸν
1231 5016 1396 5069 πόθον
1428 5017 1526 5087 τῆς
1562 5015 1795 5085 Ἐκκληιι

210 5113 359 5170 σίας,
391 5106 604 5178 μάθητε
635 5104 744 5158 τῶν
779 5103 927 5173 ἐμῶν
957 5102 1164 5157 τέκνων
1200 5099 1299 5169 τὴν
1344 5099 1625 5167 εὐγένειαν
1644 5139 1659 5164 ,
1687 5098 1795 5150 τῶν

212 5190 572 5261 στρατιωτῶν
615 5189 714 5260 τὴν
771 5188 944 5257 ίσχὺν,
988 5184 1098 5238 τῶν
1125 5183 1360 5239 ὁπλιτῶν
1407 5183 1508 5254 τὴν
1540 5182 1792 5253 δύναμιν,

207 5258 325 5326 τῶν
350 5258 700 5343 διαδημάτων
727 5270 827 5343 τὴν
870 5268 1253 5342 περιφάνειαν,
1288 5265 1384 5320 τοῦ
1426 5258 1657 5319 πλούτου
1697 5266 1796 5335 τῆν

210 5356 568 5429 περιουσίαν,
591 5354 690 5425 τῆς
722 5356 941 5424 ἀγάπης
969 5354 1032 5406 τὸ
1066 5350 1299 5422 μέγεθος
1318 5388 1332 5410 .
1360 5350 1459 5418 τῆς
1501 5350 1797 5420 καρτερίας

206 5439 315 5511 τὴν
352 5436 659 5509 ὑπομονὴν,
700 5437 804 5507 τῆς
849 5434 1162 5506 ἐλευθερίας
1193 5429 1342 5505 [428]
1373 5431 1435 5484 τὸ
1476 5431 1666 5495 ἄνθος,
1698 5430 1797 5499 τῆς

208 5522 374 5593 νίκης
406 5520 470 5575 τὸ
501 5518 818 5591 περιφανὲς,
849 5519 951 5590 τῆς
993 5518 1163 5589 ἥττης
1198 5532 1291 5569 σου
1332 5513 1424 5568 τὸν
1457 5514 1686 5585 γέλωτα.
1735 5514 1799 5565 ’Ὠ

208 5605 425 5660 καινῶν
469 5604 566 5658 καὶ
605 5603 922 5675 παραδόξων
958 5600 1297 5674 πραγμάτων
1318 5618 1332 5632 ο
1366 5601 1394 5653 6
1438 5600 1640 5673 ποιμὴν
1670 5600 1795 5666 ἔξω,

212 5688 318 5741 καὶ
359 5690 396 5761 η
451 5687 625 5757 ἀγέλη
676 5688 904 5758 σκιρτᾷ·
935 5686 963 5738 6
1003 5685 1303 5756 στρατηγὸς
1341 5683 1562 5756 πόρρω,
1607 5685 1701 5738 καὶ
1745 5686 1792 5738 οξ

1808 779 1866 794 ~

1872 862 2204 935 στρατιῶται
2247 864 2570 930 ὡπλίζοντο.
2614 870 2816 937 ,Οὐκέτι
2849 873 2884 944 ἡ
2919 871 3186 945 ἐκκλησία
3225 862 3337 943 εἶχε
3380 873 3448 926 τδ
3490 874 3495 877 ’

1873 947 2237 1019 στρατόπεδον
2294 950 2454 1021 μόνον
2465 982 2492 1017 ο,
2559 953 2694 1009 ἀλλά
2734 956 2830 1010 καὶ
2874 958 2910 1028 ὴ
2966 957 3121 1021 πόλις
3177 956 3451 1028 ἐκκλησία

1871 1030 2109 1098 ἐγένετο.
2139 1032 2206 1085 Δί
2237 1031 2430 1104 ρῦμαι,
2451 1036 2508 1089 αἱ
2537 1037 2757 1109 ἀγοραὶ,
2778 1039 2808 1091 6
2827 1040 2936 1112 ἀὴρ
2967 1039 3253 1111 ἡγιάζετο·
3285 1041 3442 1111 αἱρε-

1870 1113 2015 1166 τικοὶ
2040 1114 2459 1187 ἐπεστρέφοντο,
2502 1121 2554 1172 οἱ
2599 1122 2840 1176 Ἰουδαῖοι
2883 1123 3127 1194 βελτίους
3158 1124 3441 1192 ἐγένοντο..·

1872 1198 1922 1249 οί
1944 1198 2108 1267 ἱερεῖς
2136 1200 2570 1266 κατεδικάζοντο,
2596 1206 2688 1259 καὶ
2712 1207 2776 1258 οίη
2801 1206 3043 1260 Ἰουδαῖοι
3077 1206 3169 1261 τὸν
3195 1207 3328 1261 Θεὸν
3352 1208 3451 1261 εὐι

1873 1282 2124 1351 φήμουν,
2173 1284 2268 1337 καὶ
2308 1286 2441 1355 ἡμῖν
2479 1287 2877 1360 προσέτρεχον.
2897 1290 3052 1344 Οὕτω
3088 1290 3183 1345 καὶ
3224 1291 3318 1356 ἐπὶ
3346 1293 3443 1346 τοῦ

1871 1363 2111 1435 Χριστοῦ
2157 1366 2395 1435 ἐγένετο.
2449 1369 2668 1440 Καῖφας
2708 1371 3017 1442 ἐσταύρωσε
3042 1413 3057 1436 ,
3102 1374 3197 1428 καὶ
3240 1373 3444 1445 λῃστὴς

1873 1447 2244 1521 ὡμολόγησεν.
2269 1451 2332 1503 Ὤ
2359 1451 2560 1506 καινῶν
2590 1454 2684 1507 καὶ
2713 1456 3030 1527 παραδόξων
3061 1459 3407 1529 πραγμάτων
3425 1476 3443 1489 ·

1876 1530 2041 1600 ἱερεῖς
2065 1532 2415 1597 ἀπέκτειναν,
2449 1536 2543 1589 καὶ
2574 1537 2737 1607 μάγοι
2771 1538 3203 1611 προσεκύνησαν.
3240 1541 3331 1612 Μὴ
3356 1540 3445 1607 ξε-

1873 1612 2066 1678 νιζέτω
2093 1613 2267 1669 ταῦτα
2294 1616 2395 1687 τὴν
2423 1617 2768 1689 Ἐκκλησίαν.
2799 1621 2861 1674 El
2898 1622 2973 1694 μὴ
3000 1622 3174 1676 ταῦτα
3204 1623 3443 1694 ἐγένετο,

1871 1697 1901 1750 6
1941 1694 2173 1759 πλοῦτος
2203 1694 2363 1767 ἡμῶν
2397 1698 2497 1752 οὐκ
2541 1699 2608 1753 ἂν
2646 1701 2850 1774 ἐφάνη·
2880 1698 2947 1774 ῆν
2989 1703 3108 1774 μὲν,
3152 1704 3252 1758 οὐκ
3293 1705 3362 1760 ἂν
3388 1705 3447 1761 δὲ

1873 1778 2067 1849 ἐφάνη.
2097 1779 2309 1852 Ὠσπερ
2331 1781 2441 1852 γὰρ
2467 1784 2495 1835 6
2528 1781 2648 1836 Ἰὼϐ
2671 1784 2877 1849 δίκαιος
2904 1786 3003 1857 μὲν
3026 1783 3115 1859 ἦν,
3150 1790 3250 1844 οὐκ
3289 1789 3357 1844 ἂν
3387 1789 3446 1845 δέ

1874 1861 2070 1932 ἐφάνη,
2094 1863 2144 1914 εί
2182 1863 2256 1933 μὴ
2286 1862 2354 1915 τά
2391 1865 2702 1935 τραύματα,
2738 1868 2833 1920 καὶ
2872 1871 2920 1921 οἱ
2953 1869 3268 1940 σκώληκες·
3302 1872 3455 1926 οῦτω

1874 1947 1971 1997 καὶ
1992 1945 2020 1997 6
2042 1943 2309 2015 ὑμέτερος
2335 1944 2586 2009 πλοῦτος,
2627 1949 2675 2000 εἰ
2712 1949 2787 2019 μὴ
2819 1950 2874 2002 αἱ
2906 1951 3208 2015 ἐπιϐουλαὶ,
3243 1954 3343 2006 οὐκ
3378 1954 3450 2007 ἂν

1875 2026 2071 2095 ἐφάνη.
2107 2025 2573 2097 Ἀπολογούμενος
2596 2028 2652 2082 δὲ
2672 2029 2750 2100 τῷ
2782 2029 2903 2083 Ἰὼϐ
2926 2032 2955 2084 6
2981 2031 3114 2094 Θεός
3142 2050 3328 2105 φησιν,
3364 2035 3449 2089 ὅτι
3554 2052 3560 2059 ·

1871 2110 1991 2162 Olet
2011 2125 2089 2178 με
2118 2109 2320 2175 ἄλλως
2350 2124 2449 2163 σοι
2479 2111 2993 2181 κεχρηματικέναι,
3018 2114 3056 2184 ἣ
3092 2116 3193 2170 ἵνα
3217 2116 3449 2183 δίκαιος

1876 2190 2233 2261 ἀναφανῇς;
2263 2192 2687 2247 Ἐπεϐούλευσαν
2711 2196 2930 2259 ἐκεῖνοι,
2962 2197 3327 2269 ἐπολέμησαν,
3353 2199 3452 2254 καὶ

1876 2275 2207 2348 ἡττήθησαν.
2242 2276 2367 2339 Πῶς
2392 2276 2770 2349 ἐπολέμησαν;
2802 2279 3105 2345 Ῥοπάλοις.
3139 2282 3263 2348 Πῶς
3286 2284 3454 2354 ἡττή-

1879 2359 2082 2429 θησαν;
2110 2359 2330 2430 Εὐχαίς.
2361 2359 2497 2413 Ἐάν
2516 2361 2608 2427 τίς
2638 2377 2713 2415 σε
2732 2361 2969 2429 ραπίσῃ
2993 2365 3082 2431 εις
3101 2362 3219 2431 τὴν
3247 2364 3456 2431 casm

1877 2442 2134 2511 σιαγόνα
2156 2479 2173 2504 ,
2227 2440 2496 2510 στρέψον
2549 2442 2710 2508 αὐτῷ
2767 2444 2866 2497 καί
2921 2444 3040 2514 τὴν
3087 2445 3310 2514 ἀλλην.
3376 2447 3457 2503 Σὺ

1880 2524 2091 2595 ῥόπαλα
2130 2523 2405 2596 εἰσφέρεις
2450 2524 2529 2588 είς
2559 2524 2660 2594 τὴν
2705 2525 3003 2598 ἐκκλησίαν
3030 2530 3126 2583 καὶ
3155 2528 3412 2600 πολεμεῖς
3432 2545 3452 2564 ο

1878 2606 2014 2659 ὅπου
2068 2608 2261 2678 εἰρήνη
2294 2608 2449 2671 πᾶσι,
2487 2606 2725 2677 πολέμου
2763 2607 2941 2679 ἄρχῃ·
2980 2609 3101 2663 οὐδὲ
3144 2611 3238 2664 τὸν
3284 2613 3452 2666 τόπον

1880 2687 2135 2758 ⁴εξδι-Ξσθης,
2165 2687 2316 2743 ἄθλιε
2353 2690 2448 2742 καὶ
2496 2688 2831 2759 ταλαίπωρε,
2862 2690 2983 2744 οὐδὲ
3029 2691 3129 2761 τῆς
3153 2692 3461 2765 ἱερωσύνης

1879 2769 1942 2823 τὸ
1972 2768 2218 2842 ἀξίωμα,
2252 2769 2375 2823 οὐδὲ
2406 2770 2505 2840 τῆς
2559 2769 2734 2841 ἀρχῆς
2767 2771 2829 2824 τὸ
2872 2770 3121 2841 μέγεθος.
3166 2772 3241 2826 Τὸ
3283 2792 3455 2844 φωτι-

1885 2855 2104 2923 στήριον
2134 2852 2383 2922 αἱμάτων
2411 2852 2828 2923 ἐμπέπλησται·
2866 2855 3003 2906 ὅπου
3040 2853 3463 2927 ἁμαρτημάτων.

1881 2934 2096 3004 ἄφεσις,
2130 2933 2378 3006 αἱμάτων
2398 2935 2638 3006 ἔκχυσις.
2677 2936 2765 2990 Ἐν
2796 2936 2927 3008 ποίᾳ
2949 2938 3253 3009 παρατάξει
3285 2941 3461 2996 ταῦτα

1881 3017 2091 3087 γίνεται
2115 3035 2131 3087 ;
2159 3017 2423 3081 Βασιλεὺς
2458 3017 2761 3088 εἰσέρχεται
2788 3019 2881 3072 καὶ
2918 3019 3099 3091 ῥίπτει
3127 3021 3328 3075 ἀσπίδα
3361 3024 3457 3077 καὶ

1881 3100 2141 3172 διάδημα·
2171 3101 2235 3155 σὺ
2255 3101 2526 3173 εἰσῆλθες,
2558 3102 2652 3153 καὶ
2680 3100 2890 3172 ῥόπαλα
2912 3102 3188 3173 ἥρπασας.
3221 3106 3457 3168 Ἐκεῖνος

1882 3187 1978 3241 καὶ
2004 3187 2073 3242 τὰ
2095 3188 2416 3259 συνθήματα
2446 3187 2547 3259 τῆς
2582 3186 2864 3258 βασιλείας
2891 3187 2997 3256 ἔξω
3028 3190 3258 3262 ἀφίησι·
3294 3193 3360 3247 σὺ
3389 3196 3459 3248 τὰ

1885 3275 2206 3347 συνθήματα
2230 3275 2326 3329 τοῦ
2357 3276 2597 3347 πολέμου
2636 3275 2877 3330 ἐνταῦθα
2915 3279 3271 3348 είσήνεγκας.
3298 3281 3467 3337 Ἀλλά

1882 3363 1981 3435 τὴν
2012 3361 2233 3434 νύμφην
2258 3379 2358 3434 μου
2380 3362 2534 3446 οὐδὲν
2558 3361 2820 3433 ἔϐλαψας,
2843 3363 2981 3418 ἀλλά
3006 3365 3159 3436 μένει
3184 3367 3244 3420 τὸ
3265 3368 3463 3436 κάλλος

1882 3450 2054 3521 αὐτῆς
2079 3449 2527 3522 ἐπιδεικνυμένη.
3362 3475 3380 3501 ι

1952 3545 2033 3608 γ’.
2048 3539 2150 3592 Διά
2166 3539 2532 3612 τοῦτοχαίρω,
2550 3541 2649 3611 οὐχ
2659 3541 3070 3615 ὅτιένικήσατε.
3092 3545 3156 3598 Et
3172 3546 3465 3617 napﬂpnw

1883 3639 1908 3670 ο
1935 3625 2283 3699 ἐμεριζόμην.
2312 3627 2431 3697 μεθ’
2467 3627 2622 3698 ὐμῶν
2663 3627 2760 3699 τὴν
2797 3629 2985 3701 νίκην·
3032 3630 3221 3702 ἐπειδὴ
3259 3632 3317 3685 δέ
3362 3633 3462 3684 ἀν-

1885 3714 2169 3787 εχώρησα,
2220 3715 2429 3785 γυμνὸν
2467 3715 2621 3785 ὐμῶν
2661 3715 2722 3768 τὸ
2754 3717 3013 3787 τρόπαιον
3049 3717 3246 3787 ἐφάνη.
3302 3716 3465 3771 Ἀλλά

1890 3802 1988 3856 καὶ
2027 3801 2185 3856 τοῦτο
2215 3801 2347 3873 ἐμὸν
2373 3802 2668 3873 ἐγκώμιον,
2707 3804 2800 3857 καὶ
2839 3803 3002 3857 πάλιν
3034 3804 3325 3874 μερίςομαι
3352 3805 3462 3873 ἐγὼ

1894 3891 2015 3962 μεθ’
2040 3891 2193 3962 ὐμῶν
2225 3891 2325 3960 τὴν
2355 3889 2534 3962 νίκην,
2570 3891 2650 3944 ὅτι
2676 3889 2847 3954 οὕτως
2884 3891 3029 3962 ὐμᾶς
3057 3889 3464 3961 ἀνέθρεψα,,ὡς

1890 3958 1988 4033 καὶ
2013 3958 2244 4042 ἀπόντος
2266 3958 2360 4030 τοῦ
2403 3958 2609 4048 πατρὸς
2639 3975 2737 4048 τὴν
2779 3958 2987 4031 οίκέίαν
3023 3958 3302 4045 εὐγένειαν
3341 3977 3465 4030 ἐπι-

1890 4065 2226 4121 δείκνυσθαι.
2249 4067 2459 4136 Ὠσπερ
2483 4063 2592 4135 γὰρ
2617 4065 2666 4118 οί
2692 4065 2928 4133 γενναῖοι
2959 4063 3073 4119 τῶν,
3099 4062 3347 4135 ἀθλητῶν
3372 4065 3467 4120 καὶ

1894 4153 2127 4217 ἀπόντος
2161 4151 2256 4206 τοῦ
2284 4150 2634 4224 παιδοτρίϐου
2674 4150 2773 4221 τὴν
2799 4149 3005 4204 ἑαυτῶν
3036 4149 3227 4221 ῥώμην
3267 4151 3469 4206 ἐπιδεῖσ-

1893 4256 2118 4295 κνυνται
2136 4254 2151 4269 ·
2183 4238 2325 4293 οὕτω
2353 4238 2449 4293 καὶ
2471 4239 2505 4309 ἡ
2535 4236 2783 4305 εὐγένεια
2813 4235 2910 4308 τῆς
2932 4234 3202 4307 ὑμετέρας
3230 4237 3470 4299 πίστεως

1892 4328 1990 4381 καὶ
2021 4327 2254 4392 ἀπόντος
2304 4325 2399 4380 τοῦ
2430 4323 2752 4391 διδασκάλου
2786 4322 2885 4394 τὴν
2913 4323 3119 4376 οἰκείαν
3162 4323 3469 4395 εὐμορφίαν

1896 4414 2228 4480 ἐπεδείξατο.
2272 4412 2370 4477 Τίς
2417 4411 2576 4484 χρεία
2626 4410 2835 4480 λόγων;
2880 4411 2943 4463 Οί
2987 4409 3123 4464 λίθοι
3156 4409 3385 4480 βοῶσιν·
3418 4411 3472 4462 οἱ

1896 4506 2066 4573 τοῖχοι
2092 4492 2277 4574 φωνὴν
2305 4501 2551 4570 ἀφιᾶσιν.
2574 4498 2809 4553 ’Δπελθε
2842 4498 2924 4562 εἱς
2954 4496 3239 4567 βασιλικὰς
3277 4496 3470 4563 αὐλὰς,

1900 4590 1997 4644 καὶ
2034 4588 2258 4652 ἀκούεις
2295 4586 2518 4650 εὐθέως·
2554 4586 2617 4640 Οἱ
2661 4584 2782 4639 λαοῖ⁵
2826 4581 3467 4645 Κωνστοιντινουπόλεως.

1903 4679 2137 4733 Ἀπελθε
2168 4679 2248 4742 εἰς
2290 4677 2392 4747 τὴν
2430 4674 2719 4737 θάλατταν,
2754 4673 2834 4734 είς
2859 4670 2958 4743 τὴν
3000 4670 3234 4741 ἐρημον,
3270 4671 3351 4734 είς
3402 4670 3472 4727 τὰ

1899 4769 2022 4841 ὅρη,
2062 4767 2143 4830 είς
2174 4766 2273 4828 τὰς
2315 4763 2516 4829 οἰκίας,
2551 4763 2613 4817 τὺ
2650 4760 2925 4832 ἐγκώμιον
2970 4757 3126 4829 ὐμῶν
3164 4759 3473 4831 ἀναγέγρα-

1900 4872 2055 4908 πται.
2081 4854 2172 4908 Ἐν
2192 4852 2298 4907 τίνι
2325 4852 2655 4921 ἐνικήσατε;
2683 4848 2758 4901 Οὐ
2788 4847 3086 4917 χρήμασιν,
3107 4845 3243 4898 ἀλλά
3267 4845 3471 4901 πίστει.

1902 4945 1966 4996 Ὢ
1994 4942 2122 5007 λαὸς
2154 4938 2616 5010 φιλώιδάσκαλος,
2643 4935 2689 4988 ὢ
2712 4934 2838 4996 λαὸς
2863 4933 3199 5006 φιλοπάτωρ,
3229 4936 3475 5006 μακαρία

1899 5031 1939 5100 ἡ
1960 5028 2135 5092 πόλις,
2168 5027 2229 5080 οὐ
2258 5024 2348 5079 διά
2375 5025 2562 5087 κίονας
2590 5023 2683 5076 καὶ
2710 5020 2946 5094 χρυσοῦν
2971 5020 3188 5091 ὄροφον,
3217 5021 3352 5076 ἀλλά
3389 5023 3479 5077 διά

1900 5113 2001 5184 τὴν
2028 5111 2301 5182 ὑμετέραν
2341 5108 2566 5178 ἀρετήν.
2613 5104 2887 5158 Τοσαῦται
2933 5105 2991 5158 αἱ
3033 5104 3345 5169 ἐπιϐουλαὶ,
3386 5107 3480 5159 καὶ

1901 5201 1961 5255 αὶ
2008 5200 2164 5269 εὐχαὶ
2205 5196 2359 5267 ὐμῶν
2402 5194 2694 5265 ἐνίκησαν·
2746 5192 2839 5247 καὶ
2884 5191 3030 5262 μάλα
3077 5192 3339 5255 είκότως·
3384 5194 3483 5246 καὶ

1902 5290 2013 5358 γὰρ
2046 5289 2284 5347 ἐκτενεῖς
2303 5280 2443 5354 ἦσαν
2487 5284 2545 5336 αἱ
2578 5282 2736 5351 εὐχαὶ
2759 5320 2774 5343 ,
2809 5280 2904 5333 καὶ
2945 5282 3000 5333 αἱ
3041 5282 3215 5351 πηγαὶ
3250 5281 3362 5332 τῶν
3388 5281 3483 5333 δα-

1905 5375 2087 5449 κρύων
2125 5372 2408 5443 ἐπέρρεον.
2449 5370 2681 5422 Ἐκεῖνοι
2730 5367 2882 5440 βέλη,
2914 5368 3073 5438 ὑμεῖς
3120 5366 3177 5420 δέ
3226 5366 3438 5439 δάκρυα
3463 5385 3479 5401 ι

1906 5460 2334 5532 ἐκεῖνοιθυμδν,
2370 5458 2528 5528 ὑμεῖς
2568 5456 2625 5510 δὲ
2656 5456 2967 5527 πραΰτητα.
3002 5455 3069 5507 Ὃ
3115 5452 3293 5525 βούλει
3326 5454 3481 5527 ποίη·

1906 5569 1997 5608 σον
2017 5568 2029 5582 ·
2062 5551 2220 5621 ὑμεῖς
2261 5545 2509 5617 εὔχεσθε.
2538 5544 2818 5608 Κάκεῖνοι,
2843 5542 2893 5596 οἳ
2920 5541 3229 5611 ἀντέλεγον,
3258 5538 3345 5595 πο⁹
3406 5539 3479 5602 ﬁ

1970 5684 2103 5735 ⁸1ης
2129 5687 2299 5733 textus
2322 5681 2519 5733 Graecus
2544 5677 2729 5731 deﬁcit.
