4100 6196
180 247 284 303 645
1127 230 1357 289 SERMO
1396 227 1566 285 P08?
1597 220 1908 280 REDITUM;
1933 222 2033 276 AB‘
2063 219 2352 278 EXSiLlO.
3343 229 3453 286 4,“,

181 377 328 430 vero,
353 360 445 432 qui
485 353 838 418 obsistebant,
865 349 1078 405 ubinam
1109 346 1276 401 sunt?
1301 343 1383 399 An
1413 355 1560 397 arma
1591 337 1764 394 movi-

184 452 337 512 ntus?
360 430 430 506 an
479 461 636 504 arcus
683 440 1046 500 intendimus?
1074 453 1142 492 an
1167 436 1270 492 tela
1297 431 1611 491 emisimus?
1634 430 1766 485 Pre-

185 546 454 605 rabamur,
482 549 538 595 et
563 537 635 593 iiii
674 533 948 606 fugiebant
979 549 992 583 :
1022 545 1142 583 nam
1183 528 1332 596 quasi
1375 539 1566 580 aranea
1614 520 1772 577 dissi-

189 636 294 708 pati
341 639 487 695 sunt,
533 638 588 683 et
634 640 732 680 vos
777 621 927 692 quasi
973 628 1120 690 petra
1164 615 1405 672 stetistis.
1436 615 1628 668 Beatus
1673 625 1774 681 ego

189 704 403 796 propter
450 734 567 773 vos.
612 713 856 772 Sciebam
915 719 970 766 et
1024 718 1178 763 antea
1229 706 1441 776 quantis
1487 704 1777 758 instructus

189 793 364 873 essem
406 805 624 874 divitiis,
657 808 709 863 id
756 815 934 862 tamen
979 817 1117 856 nunc
1155 801 1375 854 miratus
1415 811 1554 851 sum.
1586 793 1778 850 Procul

192 921 363 971 cram,
407 911 463 961 et
502 900 690 958 civitas
733 897 838 950 alio
865 891 1300 949 transferebatur.
1345 886 1584 942 Hominis
1621 885 1782 939 unius

197 1011 356 1054 causa
404 996 622 1066 pelagus
660 991 713 1044 in
741 989 1007 1044 civitatem
1055 992 1311 1038 mutatum
1353 988 1455 1036 est.
1495 979 1739 1034 Mulieres
1762 1017 1780 1043 ,

202 1089 322 1155 viri,
355 1088 652 1141 immatura:
697 1079 872 1136 atatis
919 1074 1160 1146 parvuli,
1207 1071 1455 1126 mulieres
1496 1067 1785 1124 infantulos

203 1179 497 1250 gestabant,
519 1174 739 1246 pelagus
758 1169 906 1225 adire
928 1182 1034 1222 non
1055 1164 1390 1227 dubitabant,
1415 1160 1608 1250 ﬂuctus
1636 1174 1788 1250 sper-

209 1247 418 1327 hebant.
446 1266 567 1322 Non
592 1262 867 1319 metuebat
890 1259 1077 1314 herum
1103 1269 1312 1320 servus,
1343 1252 1532 1308 mulier
1559 1247 1784 1304 inﬂrmi-

211 1363 326 1417 tatis
348 1374 462 1414 sua:
485 1372 590 1412 non
610 1353 945 1409 meminerat.
976 1348 1174 1404 Forum
1200 1346 1252 1400 itt
1268 1344 1544 1400 ecclesiam
1575 1355 1785 1396 versum

209 1463 322 1517 est;
351 1451 531 1506 omnia
580 1443 774 1513 ubique
821 1449 1038 1512 propter
1076 1452 1176 1493 nos
1217 1435 1589 1492 movebantur.
1620 1430 1788 1499 Quem

213 1560 311 1597 non
339 1537 686 1597 erudivistis?
715 1532 1111 1604 lmperatricem
1141 1529 1412 1584 vobiscum
1455 1527 1649 1580 choros
1693 1523 1794 1578 du-

212 1644 411 1690 centem
450 1629 757 1700 accepistis,
784 1640 958 1695 neque
1005 1623 1146 1677 enim
1176 1621 1290 1691 ejus
1325 1618 1556 1675 studium
1585 1616 1789 1671 tacebo.

215 1727 323 1781 Non
347 1722 597 1779 adulandi
626 1733 786 1775 causa
814 1717 954 1781 dico,
986 1713 1080 1769 sed
1104 1713 1221 1783 ejus
1264 1711 1512 1782 pietatem
1539 1707 1751 1762 celebro
1774 1746 1797 1770 ,.

218 1830 385 1885 neque
412 1828 554 1870 emm
583 1811 755 1866 zelum
788 1807 906 1877 ejus
933 1804 1148 1860 silentio
1177 1802 1474 1872 praeteribo.
1505 1799 1623 1854 Non
1648 1812 1795 1851 arma

219 1909 357 1968 tulit,
395 1904 490 1960 sed
526 1901 732 1956 virtutis
778 1897 1029 1968 prmclara
1057 1903 1227 1964 gesta.
1258 1892 1408 1946 Tunc
1452 1889 1792 1944 abducebar:

222 2001 369 2056 scitis
393 2011 498 2068 quo
522 2004 694 2065 pacto.
724 1991 855 2046 Nam
882 1986 1170 2058 injucunda
1211 1984 1300 2038 illa
1328 1994 1630 2037 memorare
1672 1994 1800 2033 con-

227 2092 393 2156 venit,
423 2098 479 2142 ut
499 2085 730 2157 jucunda
756 2095 810 2138 et
835 2081 1004 2136 fausta
1032 2077 1303 2143 ediscatis,
1329 2084 1384 2130 et
1414 2074 1644 2129 noscatis
1668 2086 1800 2142 quo-
1827 2112 1835 2124 .

221 2182 376 2237 modo
399 2179 660 2235 abductus
688 2175 810 2242 sint,
833 2182 888 2228 et
911 2186 1017 2242 quo
1042 2178 1198 2240 pacto
1227 2166 1498 2223 redierim.
1529 2164 1628 2230 Qui
1647 2163 1800 2216 semi-

221 2281 337 2327 nant
375 2273 429 2325 in
458 2268 697 2340 lacrymis
720 2307 735 2330 ,
763 2266 816 2318 in
853 2261 1185 2318 exsultatione
1211 2267 1414 2313 metent.
1443 2256 1638 2310 Euntes
1665 2255 1806 2308 ibant

220 2375 270 2418 et
289 2361 494 2432 [it-bant,
512 2360 760 2412 mittentes
774 2354 966 2409 semina
992 2368 1086 2404 sua
1113 2367 1136 2406 :
1158 2350 1404 2403 venientes
1421 2356 1592 2400 autent
1611 2345 1805 2399 venient

223 2471 332 2509 eum
352 2451 704 2513 exsultatione,
735 2456 993 2526 portantes
1016 2443 1304 2514 manipulos
1326 2456 1444 2495 suos
1471 2438 1645 2510 (Psal.
1677 2437 1800 2492 125.

225 2549 279 2601 5.
325 2545 423 2614 6).
472 2543 599 2597 Πευο
643 2540 803 2595 verba
850 2553 909 2593 re
957 2547 1106 2606 gesta
1153 2544 1294 2589 sunt.
1342 2533 1475 2587 Cuzu
1518 2533 1805 2601 gratiarum

224 2637 430 2691 actione
453 2632 768 2701 suscepistis
791 2645 933 2694 eum,
955 2619 1112 2694 quem
1138 2626 1315 2681 maesti
1339 2623 1701 2680 deduxeratis.
1731 2625 1810 2676 Ac

227 2745 328 2783 non
349 2725 516 2779 multo
539 2732 662 2794 post
684 2729 925 2790 tempore
947 2760 964 2785 ,
1000 2717 1094 2773 sed
1120 2726 1242 2787 post
1271 2729 1432 2770 unum
1458 2713 1602 2768 diem
1628 2714 1806 2767 omnia

225 2819 393 2875 soluta
413 2825 557 2872 sunt.
590 2813 796 2868 Etenim
821 2819 1040 2882 propter
1059 2824 1153 2864 vos
1179 2808 1276 2863 fuit
1303 2807 1418 2862 haec
1445 2821 1594 2861 mora
1623 2821 1638 2858 :
1669 2805 1808 2861 Deus

227 2911 420 2981 quippe
441 2909 549 2976 jam
578 2905 646 2960 ab
676 2904 824 2959 initio
849 2902 966 2957 haec
993 2901 1335 2956 dissolveret.

297 3003 351 3056 4.
392 2999 526 3054 Rem
564 3010 705 3051 nunc
739 2993 892 3050 vobis
935 3007 1184 3048 arcanam
1213 2991 1352 3046 dim.
1379 2989 1600 3060 Pelagus
1629 2988 1811 3059 trajeci

229 3093 374 3148 solus
405 3089 697 3145 Ecclesiam
732 3094 976 3157 gestans;
1019 3083 1228 3138 dilectio
1253 3082 1395 3138 enim
1436 3095 1545 3136 non
1573 3083 1626 3135 in
1651 3095 1815 3150 angu-

230 3194 369 3239 stum
408 3181 683 3251 redigitur.
711 3177 828 3233 Non
869 3187 1092 3247 angusta
1121 3175 1272 3230 navis
1313 3182 1465 3238 erat;
1497 3188 1592 3228 vos
1618 3173 1815 3243 quippe

235 3274 355 3329 Non
390 3271 750 3344 angustiamini
784 3270 840 3324 in
874 3268 1019 3324 nobis
1061 3268 1150 3339 (2.
1181 3266 1300 3322 Cor.
1330 3266 1383 3322 6.
1425 3263 1550 3337 Ω).
1586 3265 1815 3320 Discessi

235 3379 410 3424 vestra
436 3380 653 3432 curans,
682 3371 959 3432 separatus
982 3372 1228 3430 corpore,
1259 3367 1440 3414 mente
1463 3360 1812 3426 conjunctus;

233 3459 454 3516 δίει-εδεί
485 3458 592 3514 Deo
612 3457 936 3526 supplicans,
962 3466 1024 3508 ac
1051 3463 1280 3509 vestram
1309 3451 1646 3506 dilectionem
1672 3463 1818 3504 com-

236 3550 531 3616 mandans;
566 3548 816 3603 sedebam
847 3544 1013 3610 solus,
1042 3543 1110 3599 de
1133 3543 1296 3599 rebus
1323 3542 1514 3596 vestris
1534 3539 1816 3607 sollicitus,

234 3643 404 3708 solus,
440 3641 509 3695 de
546 3637 792 3711 profectu
825 3635 1146 3691 deliberans.
1200 3633 1449 3689 Protinus
1504 3633 1818 3702 intempesta

236 3746 396 3789 nocte
422 3733 536 3788 hac
577 3729 969 3802 religiosissima
1015 3728 1237 3783 Domina
1279 3726 1359 3798 (α)
1389 3726 1505 3798 ipso
1533 3729 1706 3798 primo
1732 3725 1822 3781 die

237 3829 416 3881 literas
445 3824 614 3890 misit,
638 3837 860 3894 quarum
887 3821 1003 3876 haec
1026 3830 1179 3876 erant
1202 3820 1400 3885 verba;
1431 3819 1630 3876 etenim
1656 3819 1822 3874 verba

239 3920 350 3987 ipsa
374 3925 500 3972 sunt
523 3915 798 3971 referenda
821 3931 836 3968 :
859 3912 945 3968 Ne
957 3914 1225 3967 arbitretur
1244 3911 1501 3967 Sanctitas
1525 3921 1613 3965 tua
1633 3927 1713 3965 me
1730 3911 1826 3966 illa

239 4009 434 4062 novisse
448 4021 561 4076 qua
573 4015 709 4076 gesta
729 4014 862 4059 sunt.
887 4003 915 4058 1
922 4020 1136 4058 nnocens
1157 4019 1246 4075 ego
1265 4020 1378 4058 sum
1403 4019 1435 4055 a
1449 4005 1694 4074 sanguine
1712 4013 1819 4057 tuo.

241 4098 473 4169 [inprobi
507 4107 554 4151 et
597 4097 781 4167 perditi
813 4096 1037 4150 homines
1080 4095 1210 4148 hanc
1246 4103 1474 4150 struxere
1513 4093 1820 4148 machinam.

246 4189 479 4242 Maurum
505 4203 620 4240 vero
648 4187 989 4257 lacrymarum
1017 4187 1154 4240 testis
1186 4185 1346 4253 Deus,
1377 4185 1461 4239 cui
1487 4201 1633 4240 saera
1667 4186 1822 4256 facio.

241 4281 411 4343 Quam
433 4277 741 4332 librationem
767 4275 991 4331 etfudit?
1016 4276 1213 4331 etenim
1240 4275 1489 4347 lacryma:
1508 4275 1624 4346 ejus
1642 4273 1826 4332 libatio

241 4381 416 4428 erant.
443 4371 537 4426 Cui
579 4387 726 4424 sacra
757 4371 911 4442 facio.
956 4368 1218 4425 Sacerdos
1255 4368 1342 4424 illa
1389 4383 1580 4439 nempe
1621 4383 1716 4440 per
1741 4384 1830 4424 se-

245 4465 415 4531 ipsam
441 4461 708 4528 ordinata,
734 4477 853 4531 qua:
894 4461 1006 4517 Deo
1033 4460 1292 4516 oﬂ'erebat
1316 4460 1597 4531 lacrymas,
1618 4461 1830 4516 confes-

243 4556 454 4609 sionem
493 4561 549 4608 et
577 4537 964 4623 prettitentim,
1002 4567 1108 4608 non
1147 4565 1244 4622 pro
1273 4550 1568 4618 sacerdote,
1610 4547 1705 4608 sed
1735 4567 1832 4623 pro

247 4647 514 4712 Ecclesia,
561 4662 660 4717 pro
705 4646 902 4716 popqu
942 4645 1205 4716 disperso.
1233 4645 1436 4700 Memor
1461 4654 1598 4714 erat,
1626 4661 1834 4702 memor

247 4748 401 4793 certe
438 4746 590 4803 erat,
621 4745 677 4792 ct
719 4737 948 4792 ﬁliorum
985 4746 1040 4792 et
1068 4731 1420 4806 baptismatis.
1461 4736 1720 4792 Recordor
1747 4755 1836 4808 per

251 4847 434 4885 amas
457 4840 572 4884 tam
600 4830 735 4899 ﬁlios
763 4845 896 4883 ineas
936 4828 1091 4898 fuisse
1128 4828 1425 4898 baptizatos.
1456 4827 1582 4884 Hazc
1608 4828 1837 4899 [rupera-

248 4927 393 4987 trix;
423 4923 732 4978 sacerdotes
761 4937 920 4991 porro
947 4936 1134 4977 omnes
1164 4921 1354 4975 invidia
1381 4920 1630 4976 excmcati
1661 4921 1834 4975 loetttn

249 5013 593 5084 ignorabant,
622 5029 728 5083 quo
756 5012 1099 5067 diverteram.
1123 5009 1381 5082 Quodque
1417 5007 1659 5066 mirabile
1697 5011 1840 5066 dictu

247 5114 358 5168 est,
390 5103 502 5169 illa,
529 5120 596 5160 ac
611 5105 656 5160 si
698 5104 807 5159 tilio
851 5105 1082 5168 timeret,
1114 5117 1543 5173 quoquoversum
1575 5103 1702 5168 ibat,
1735 5119 1842 5158 non

249 5212 506 5262 turpare,
533 5195 629 5251 sed
673 5194 920 5250 militaris
963 5209 1152 5250 manus
1176 5195 1449 5250 missione.
1480 5195 1662 5266 Neque
1699 5195 1841 5250 cnim

251 5288 464 5342 sciebat
483 5287 680 5353 locum,
699 5285 789 5342 ubi
815 5286 1084 5357 degerem.
1113 5286 1552 5356 Quoquovcrsum
1579 5287 1844 5348 tnittcbat,

255 5395 328 5432 ne
357 5387 541 5444 pastor
566 5377 690 5432 dolo
711 5379 1107 5433 circumventus
1145 5373 1477 5432 occideretur
1516 5383 1570 5431 et
1599 5383 1845 5431 venatum

247 5477 554 5530 amitteret.
605 5473 718 5528 lloc
755 5479 985 5536 tantum,
1020 5485 1139 5541 qua:
1183 5483 1421 5524 mearum
1467 5477 1590 5523 sunt
1620 5467 1845 5538 partium

327 5637 410 5696 (α)
431 5640 499 5682 ne
519 5633 726 5681 Eudan
749 5631 979 5692 loquitur.

1877 341 2093 404 pratsto.
2122 334 2314 400 Qumro
2339 329 2533 397 solum,
2566 337 2625 384 ut
2656 328 2732 384 illi
2757 342 2861 383 non
2890 325 3228 398 praevaleant.
3258 323 3454 378 llostes

1878 422 2110 492 undique
2137 420 2430 477 circuibaut
2467 417 3004 488 expandcntes-retia,
3033 424 3094 471 ut
3119 422 3373 484 caperent
3397 421 3448 468 et

1878 514 1930 567 in
1960 512 2170 566 illorum
2201 525 2390 565 manus
2427 509 2770 564 adducerent.
2800 507 2936 562 Hinc
2975 505 3065 560 illa
3089 503 3325 574 rogabat,
3352 501 3450 555 im.

1879 603 2246 674 peratorisque
2269 614 2442 672 genua
2471 599 2737 669 tangebat,
2768 606 2825 652 ut
2853 597 3025 651 virum
3055 593 3255 650 faceret
3293 607 3453 647 vena.-

1883 694 2043 750 tionis
2089 699 2394 748 consortem
2423 707 2438 745 :
2463 686 2908 760 quemadmodum
2952 684 3220 740 Abraham
3247 683 3454 748 Saram,

1883 785 1960 839 sic
1986 785 2074 838 illa
2114 783 2306 838 virum.
2336 780 2688 844 Perdidimus,
2732 779 2921 850 inquit,
2964 775 3291 832 sacerdotem
3320 793 3334 828 :
3361 774 3454 829 sed

1884 873 2218 930 reducamus.
2266 872 2422 929 Nulla
2451 872 2606 926 nobis
2650 870 2857 940 imperii
2893 871 3017 938 Spes
3057 874 3319 936 superest,
3360 865 3459 918 nisi

1887 966 2036 1020 illum
2063 965 2397 1020 reducamus.
2430 962 2546 1018 Non
2585 975 2802 1032 possum
2842 973 2964 1014 cum
2987 957 3232 1028 qquiam
3275 970 3461 1011 eorum

1889 1057 2310 1123 communicare,
2336 1056 2426 1126 qui
2455 1054 2570 1109 hate
2606 1060 2980 1123 perpetrarunt
3010 1066 3027 1104 :
3055 1050 3315 1121 lacrymas
3343 1047 3459 1101 fun-

1891 1147 2046 1211 dens,
2075 1147 2184 1201 Deo
2209 1145 2536 1215 supplicans,
2559 1144 2861 1213 nullamque
2885 1141 3182 1196 machinam
3207 1155 3314 1195 non
3345 1153 3463 1192 mo-

1892 1253 2042 1292 vens.
2075 1235 2235 1292 Scitis
2259 1251 2379 1290 cum
2404 1243 2602 1306 quanta
2632 1233 3005 1290 benevolentia
3032 1247 3130 1288 nos
3154 1229 3466 1300 susceperit,

1893 1328 2160 1398 quomodo
2186 1328 2326 1384 ulnis
2349 1328 2637 1396 exceperit,
2664 1341 2764 1382 ceu
2805 1326 3016 1396 propria
3054 1324 3288 1380 membra
3323 1341 3338 1377 :
3364 1337 3472 1392 quo

1899 1431 2055 1491 pacto
2092 1420 2293 1476 diceret
2339 1435 2399 1476 se
2443 1419 2719 1474 vobiscum
2779 1418 3056 1472 sollicitam
3099 1429 3239 1471 esse.
3294 1414 3474 1481 Neque

1897 1515 2039 1568 enim
2070 1512 2185 1568 haec
2205 1512 2366 1568 verba
2392 1521 2626 1568 vestrum
2654 1509 2898 1564 ail‘ectum
2920 1508 3151 1563 latebant
3181 1524 3194 1560 :
3226 1505 3470 1575 quoniam

1896 1605 2207 1675 suscepistis
2236 1613 2460 1658 matrem
2499 1602 2879 1666 Ecclesiarum,
2908 1600 3144 1654 altricem
3189 1593 3474 1651 monacho-

1898 1713 2040 1760 rum,
2064 1703 2366 1750 sanctorum
2395 1701 2690 1763 patronam,
2725 1705 3016 1761 pauperum
3046 1689 3308 1742 baculum.
3339 1684 3479 1739 Laus

1901 1790 2018 1855 ejus
2045 1789 2098 1841 in
2149 1787 2242 1841 Dei
2264 1787 2486 1856 gloriam
2515 1786 2699 1850 vertit,
2730 1784 2781 1837 in
2822 1797 3070 1837 coronam
3098 1778 3475 1834 Ecelesiarum.

1904 1880 2155 1935 Dicamne
2206 1879 2480 1932 ardentem
2530 1876 2647 1943 ejus
2683 1873 2962 1928 amorem?
2989 1873 3159 1926 dicam
3202 1871 3315 1938 ejus
3357 1882 3480 1936 erga

1903 1986 1991 2026 me
2033 1967 2478 2024 sollicitudinem?
2509 1967 2631 2020 l-leri
2670 1964 2886 2034 vesperi
2935 1963 3049 2017 haec
3089 1961 3156 2014 ad
3198 1975 3284 2014 me
3322 1958 3480 2012 verba

1907 2061 2055 2114 misit
2081 2076 2094 2113 :
2128 2059 2300 2114 Dicito
2326 2058 2373 2112 ei
2405 2075 2419 2110 :
2447 2056 2632 2111 Oratio
2661 2071 2778 2110 mea
2805 2054 3021 2124 impleta
3057 2061 3158 2118 est,
3183 2067 3295 2105 rem
3319 2050 3484 2119 impe-

1906 2151 2041 2206 travi
2094 2167 2109 2204 ε
2156 2149 2346 2203 melius
2370 2155 2619 2202 coronata
2662 2159 2804 2210 sum,
2847 2157 3004 2213 quam
3032 2157 3128 2210 per
3171 2141 3340 2209 ipsum
3371 2139 3482 2192 dia-

1909 2239 2088 2294 dema.
2136 2237 2332 2307 Recepi
2379 2235 2737 2300 sacerdotem,
2793 2241 2952 2302 caput
2992 2231 3199 2299 corpori
3243 2227 3485 2291 restitui,

1907 2330 2314 2400 gubernatorem
2359 2327 2508 2393 navi,
2551 2335 2815 2396 pastorem
2856 2324 3024 2394 gregi,
3057 2322 3288 2376 thalamo
3330 2336 3487 2390 δροιιο

1910 2436 2052 2476 sum.
2480 2437 2484 2442 '

1986 2549 2041 2605 5.
2079 2546 2288 2603 Pudore
2316 2546 2490 2602 allecti
2535 2554 2660 2602 sunt
2691 2543 2938 2608 adulteri.
2986 2541 3090 2598 Seu
3130 2541 3302 2596 vivam
3334 2582 3349 2607 ,
3394 2556 3486 2594 seu

1917 2642 2145 2708 moriar,
2189 2641 2318 2696 nihil
2347 2640 2476 2696 mihi
2507 2655 2649 2695 cura:
2675 2647 2777 2694 est.
2804 2637 2992 2692 Videte
3018 2634 3322 2689 tentationis
3353 2649 3492 2702 pra:—

1917 2733 2116 2788 clarum
2137 2732 2360 2788 exitum.
2385 2729 2520 2797 Quid
2544 2727 2755 2795 faciam,
2777 2736 2834 2782 ut
2858 2742 2952 2796 pro
2971 2725 3255 2780 dilectione
3280 2723 3494 2792 dignum

1919 2825 2068 2880 vobis
2092 2839 2286 2880 munus
2312 2821 2638 2894 rependam?
2664 2820 2888 2890 Dignum
2915 2833 3139 2888 nequeo,
3169 2817 3325 2886 quale
3350 2815 3501 2870 adest

1919 2920 2114 2974 tribuo.
2152 2917 2330 2986 Usque
2366 2915 2501 2970 adeo
2525 2914 2725 2984 diligo,
2756 2921 2817 2967 ttt
2855 2922 3067 2982 paratus
3091 2911 3192 2964 sim
3221 2909 3286 2962 ad
3327 2908 3498 2962 etian-

1919 3007 2151 3064 dendum
2200 3018 2300 3077 pro
2351 3007 2521 3061 salute
2564 3012 2739 3059 vestra
2781 3001 3115 3071 sanguinem.
3159 2999 3326 3054 Nemo
3369 2997 3500 3052 tales

1920 3099 2080 3156 habet
2117 3097 2254 3153 filios
2281 3137 2296 3162 ,
2329 3111 2494 3152 nemo
2511 3096 2668 3151 talem
2693 3107 2905 3163 gregem
2931 3132 2947 3157 ,
2983 3091 3162 3146 nullus
3201 3103 3384 3159 agrum
3430 3087 3502 3141 ita

1920 3190 2226 3246 ﬂorentem.
2250 3188 2366 3244 Non
2391 3201 2525 3257 opus
2551 3185 2682 3240 mihi
2707 3183 3021 3253 agricultura
3048 3198 3063 3246 ;
3094 3196 3180 3235 me
3202 3180 3499 3235 dormiente

1921 3291 2145 3338 vernant
2165 3280 2346 3350 spicae.
2371 3279 2531 3335 Nullo
2558 3277 2689 3331 mihi
2716 3289 2849 3345 opus
2873 3281 2957 3329 est
2983 3271 3164 3328 labore
3194 3289 3208 3324 :
3242 3285 3327 3326 me
3353 3271 3503 3340 quie-

1922 3380 2106 3429 sceute
2147 3386 2274 3428 oves
2313 3370 2494 3438 lupum
2543 3375 2812 3438 superant.
2843 3365 2944 3434 Qui
2990 3377 3087 3418 vos
3129 3363 3458 3433 compellabo
3480 3366 3509 3416 ’ἐ-

1923 3480 2067 3529 oves,
2097 3479 2163 3517 an
2194 3472 2437 3534 pastores
2459 3501 2474 3526 ,
2505 3475 2572 3514 an
2600 3458 3002 3529 gubernatores,
3031 3455 3294 3510 militesne
3317 3470 3384 3508 an
3408 3453 3506 3508 du-

1924 3569 2015 3610 ces
2033 3554 2060 3609 ‘i
2086 3555 2214 3609 Haec
2240 3553 2457 3607 nomina
2485 3565 2611 3606 vera
2630 3564 2749 3605 esse
2771 3549 2951 3604 dicere
2977 3561 3216 3617 possum.
3247 3546 3378 3600 Cum
3407 3545 3504 3599 bo-

1925 3661 2052 3700 num
2082 3643 2326 3699 ordinem
2347 3641 2505 3698 video
2523 3682 2538 3707 ,
2568 3654 2696 3696 oves
2719 3653 2854 3694 voco
2877 3655 2893 3705 ;
2919 3635 3042 3694 cum
3072 3635 3462 3709 providentiam
3482 3677 3499 3702 ,

1927 3747 2167 3811 pastores
2182 3753 2197 3803 ;
2214 3751 2334 3792 cum
2351 3734 2685 3805 sapientiam,
2700 3733 3106 3802 gubernatores;
3121 3743 3240 3784 cum
3257 3730 3515 3783 virtutem

1926 3841 1981 3886 et
1995 3829 2369 3895 constantiam,
2383 3835 2437 3884 et
2454 3826 2650 3882 milites
2663 3833 2716 3880 et
2732 3825 2895 3879 duces
2911 3837 3009 3877 vm
3023 3835 3209 3876 omnes
3221 3821 3362 3876 dico.
3373 3821 3418 3877 Ο
3434 3821 3510 3875 la-

1927 3923 2135 3978 borem!
2155 3937 2189 3978 o
2204 3919 2584 3993 providentiam
2602 3915 2800 3988 pepuli!
2818 3916 2970 3986 lupos
2980 3915 3277 3984 expulistis,
3294 3922 3350 3970 et
3365 3915 3512 3970 solli-

1929 4013 2218 4068 citudinem
2247 4026 2352 4066 non
2378 4005 3316 4080 deposuistis.Nautaquivobiscum
3333 4014 3516 4072 erant,

1931 4113 2114 4159 contra
2131 4117 2230 4158 vos
2242 4100 2486 4157 conversi
2501 4107 2647 4164 sunt,
2663 4105 2720 4154 et
2731 4097 2851 4152 navi
2867 4096 3062 4152 bellum
3079 4095 3509 4152 intulerunt.Cla-

1932 4205 2093 4264 mate,
2111 4196 2358 4251 Facessat
2369 4191 2845 4260 clerus,aliumquc
2860 4191 3061 4246 clerum
3075 4188 3325 4245 Ecclesiae
3341 4198 3514 4260 postu-

1934 4286 2068 4343 late.
2123 4285 2264 4355 Quid
2325 4301 2466 4356 opus
2497 4282 3046 4348 clamoreiAbierunt,
3067 4292 3120 4337 et
3142 4275 3346 4352 depulsi
3368 4293 3511 4348 sunt,

1935 4378 2148 4434 nemine
2164 4379 2474 4447 insequente
2490 4376 2541 4431 in
2563 4375 2738 4445 fugam
2760 4375 2921 4430 versi.
2943 4374 3059 4430 Non
3080 4374 3240 4430 homo
3263 4374 3404 4440 illos,-
3420 4376 3516 4430 sed

1934 4469 2255 4526 conscientia
2272 4476 2485 4524 accusat
2499 4485 2512 4522 :
2531 4467 2591 4523 Si
2609 4467 2841 4521 inimicus
2853 4467 3198 4539 exprobrasset
3213 4467 3359 4536 mihi,
3373 4468 3517 4522 susti-

1937 4561 2156 4616 nuissent
2175 4560 2343 4626 utique
2360 4557 2529 4631 (Psal.
2547 4559 2617 4614 54
2629 4600 2644 4614 .
2656 4559 2678 4612 i
2690 4557 2768 4628 5).
2785 4558 2884 4625 Qui
2906 4558 3180 4613 nobiscum
3197 4566 3350 4613 erant
3362 4599 3378 4625 ,
3397 4573 3520 4614 con-

1940 4661 2022 4706 tra
2048 4667 2147 4707 nos
2170 4651 2418 4706 conversi
2447 4661 2569 4706 sunt
2592 4665 2608 4704 :
2634 4650 2725 4720 qui
2754 4647 3028 4704 nobiscum
3057 4648 3230 4703 navim
3258 4651 3520 4719 guberna-

1942 4741 2090 4808 bant,
2116 4742 2292 4796 navim
2319 4741 2632 4810 demergere
2651 4738 2825 4795 conati
2846 4747 2989 4793 sunt.
3016 4737 3236 4796 Miratus
3255 4755 3373 4795 sum
3392 4757 3522 4798 con-

1941 4833 2216 4890 scientiam
2250 4839 2498 4889 vestram’.
2543 4832 2667 4888 ilaec
2702 4831 2856 4898 dico,
2897 4847 3003 4886 non
3024 4840 3082 4887 ttt
3111 4832 3180 4888 ad
3207 4833 3523 4892 seditionem

1945 4940 2040 4978 vos
2063 4925 2310 4980 excitem.
2332 4922 2465 4978 Nam
2485 4938 2604 4991 quae
2621 4921 2696 4975 illi
2718 4935 2998 4991 paravere,
3022 4923 3221 4980 seditio
3235 4935 3377 4992 sunt,
3403 4942 3524 4998 quin

1946 5029 2042 5070 vos
2067 5014 2285 5080 fecistis,
2313 5014 2478 5068 zelus.
2507 5012 2622 5067 Non
2649 5013 2791 5066 enim
2821 5014 3044 5084 regestis
3071 5015 3191 5071 illos
3216 5018 3404 5086 occidi,
3430 5022 3524 5075 sed

1947 5107 2194 5177 impediri
2218 5106 2501 5178 quominus
2547 5104 2672 5160 illud
2701 5106 2937 5162 eveniret
2977 5107 3059 5162 vel
3090 5108 3240 5162 vobis
3263 5150 3280 5177 ,
3316 5109 3401 5166 vel
3430 5112 3528 5165 Ec-

1947 5199 2148 5264 clesiae,
2167 5213 2236 5254 ne
2259 5212 2442 5253 rursus
2467 5197 2916 5268 submergeretur.
2941 5198 3120 5254 Virtus
3138 5199 3332 5271 quippe
3353 5212 3526 5256 vestra

1949 5305 2056 5343 non
2081 5289 2205 5342 sivit
2225 5289 2474 5357 ingruere
2495 5298 2883 5356 tempestatem,
2912 5289 3004 5342 sed
3031 5290 3240 5344 illorum
3265 5294 3526 5348 sententia

1952 5379 2143 5435 ﬂuctus
2166 5379 2472 5435 concitavit.
2499 5378 2612 5450 Ego
2635 5391 2763 5436 vero
2805 5393 2918 5434 rem
2963 5392 3068 5436 non
3107 5383 3397 5439 secundum
3421 5385 3528 5440 exi-

1956 5480 2090 5538 tum,
2109 5471 2203 5526 sed
2232 5470 2520 5526 secundum
2545 5471 2756 5526 illorum
2779 5479 3010 5528 mentem
3033 5476 3352 5532 mstimo.Tu
3375 5475 3532 5530 homo

3929 78 3961 516 ἓ

3932 567 3963 958 ἓ

3934 955 3977 2682 ἱ

3963 3411 3993 4572 ἰ

3989 4589 3995 4668 i

3989 4694 3995 4812 ‘

3989 4912 3997 5129 ἳ

3989 4974 4043 5454 Κ
