4100 6196
511 264 605 318 M7
1204 257 1262 313 S.
1303 255 1584 313 JOANNIS
1621 252 2098 310 CHRYSOSTOMI
2142 255 2460 330 ARCHIEP.
2499 253 3036 312 CONSTANTINOP.
3119 280 3122 282 η
3669 258 3769 313 468

508 377 593 444 uni
619 374 772 430 altari
797 372 996 437 adstas,
1017 369 1102 426 cui
1125 369 1257 425 tanti
1284 367 1460 438 populi
1482 381 1607 420 cura
1637 364 1940 429 commissa,
1960 379 2082 419 cum

509 467 621 524 hmc
655 466 826 524 tristia
866 463 1217 532 comprimere
1253 457 1478 512 deberes
1502 497 1520 524 ,
1571 464 1937 525 tempestatem
1984 469 2079 509 au-

508 561 669 625 sisti,
722 564 908 613 contra
937 554 1162 622 teipsum
1191 549 1422 621 gladium
1469 547 1684 602 vibrasti
1715 585 1732 612 ,
1781 546 1916 600 ﬁlios
1963 556 2082 601 tuos

506 645 910 718 consumpsisti,
955 645 1002 698 si
1050 657 1157 696 non
1199 639 1371 708 reipsa
1408 647 1464 692 et
1505 638 1889 707 experimento,
1937 647 2083 692 certe

475 742 704 808 animo.
749 736 852 794 Sed
896 735 1037 790 Deus
1075 730 1361 801 prohibuit.
1409 730 1590 799 Itaque
1633 744 1726 784 vos
1761 728 1996 784 demiror
2028 736 2083 782 et

506 833 684 897 laudo,
712 829 852 902 quod
881 838 1000 898 post
1026 825 1249 890 bellum,
1281 838 1412 894 pace
1436 824 1733 888 conciliata,
1767 822 1997 877 caveatis
2025 829 2085 876 ut

507 925 738 995 perfecta
788 937 893 992 pax
939 927 1171 974 maneat.
1215 917 1440 988 Oportet
1482 918 1623 972 enim
1671 917 2081 986 gubernatorem

504 1032 624 1071 cum
645 1015 819 1069 nautis
845 1011 1092 1068 concordi
1135 1023 1252 1065 esse
1279 1010 1503 1064 animos:
1531 1009 1578 1062 si
1600 1008 1742 1063 enim
1771 1005 2080 1071 dissideant,

503 1104 698 1173 scapha
725 1104 1070 1172 demergitur.
1104 1099 1212 1154 Vos
1240 1097 1421 1169 pacem
1449 1099 1586 1153 hanc
1621 1113 1714 1167 per
1737 1097 1830 1152 Dei
1856 1097 2078 1166 gratiam

504 1195 738 1249 stabilite
769 1211 784 1248 :
812 1208 908 1249 vos
935 1191 1236 1247 securitatis
1264 1201 1540 1245 consortes
1567 1189 1812 1244 etiiciam.
1842 1186 1970 1243 Sine
1995 1202 2083 1241 vo-

506 1287 587 1340 bis
630 1284 761 1339 nihil
811 1284 996 1338 faciam
1023 1324 1038 1349 ,
1086 1297 1186 1338 nec
1227 1281 1345 1337 sine
1387 1280 1781 1350 religiosissima
1824 1281 2081 1348 Augusta.

503 1375 741 1445 Namque
764 1384 817 1430 et
845 1375 931 1429 illa
959 1382 1146 1438 curat,
1172 1372 1397 1428 sollicita
1424 1380 1523 1436 est,
1553 1370 1792 1440 nihilque
1823 1386 1925 1423 non
1953 1370 2080 1440 agit,

505 1475 562 1520 ut
587 1464 725 1534 quod
752 1465 1040 1534 plantatum
1066 1470 1182 1528 est,
1229 1462 1437 1516 ﬁrmum
1467 1470 1717 1526 maneat,
1751 1468 1808 1514 ut
1848 1461 2082 1514 Ecclesia

506 1555 622 1610 sine
646 1554 889 1612 ﬂuctibus
922 1555 1097 1626 degat.
1144 1552 1378 1610 Laudavi
1415 1553 1591 1624 itaque
1615 1561 1670 1608 et
1698 1558 1928 1607 vestram
1955 1565 2084 1606 con-

2189 365 2463 421 scientiam
2490 406 2506 433 ,
2545 375 2602 421 et
2637 367 3020 436 Imperatorem
3049 361 3453 433 providentiam.
3485 363 3598 420 Non
3623 366 3770 422 enint

2191 457 2262 511 ita
2291 457 2358 512 de
2386 457 2525 513 bello
2552 457 2762 511 solliciti
2789 463 2951 520 sunt,
2982 465 3037 509 ut
3063 454 3131 508 de
3160 454 3400 509 Ecclesia
3422 495 3441 520 ,
3469 470 3571 510 non
3599 456 3669 511 ita
3699 457 3764 512 de

2190 549 2403 604 civitate
2425 589 2441 613 ,
2470 557 2528 602 ut
2552 547 2620 603 de
2643 547 2903 602 Ecclesia.
2931 546 3214 600 Precemur
3241 545 3418 615 itaque
3444 546 3607 601 Deum
3634 589 3650 612 ,
3679 562 3768 602 ro-

2191 653 2378 710 gemus
2425 639 2566 692 illam
2597 639 2613 669 ¹
2655 639 2708 692 ἱη
2756 637 3003 707 precibus
3051 651 3450 706 perseveremus
3482 677 3497 703 ,
3546 653 3720 708 neque
3750 682 3766 707 ,

2190 729 2439 798 quoniam
2464 728 2740 784 calamitas
2781 728 2953 782 soluta
2997 736 3119 791 est,
3161 727 3433 797 segniores
3457 729 3765 789 evadamus.

2191 821 2314 876 ideo
2353 819 2422 873 ad
2469 819 2606 874 hanc
2648 834 2815 888 usque
2851 818 2991 872 diem
3032 833 3328 886 precamur,
3365 828 3424 873 ut
3465 820 3552 884 illa
3603 823 3770 877 tristia

2191 914 2483 968 solvantur.
2517 913 2726 968 Gratias
2754 913 2864 967 Deo
2887 927 3147 982 agamus:
3181 921 3236 966 ut
3263 923 3386 968 tunc
3423 917 3628 969 strenui
3673 918 3772 971 tui-

2191 1019 2341 1069 mus,
2371 1004 2449 1059 sic
2485 1003 2596 1074 jam
2636 1003 2858 1057 studiosi
2896 1003 3082 1056 simus.
3130 1003 3234 1056 Pro
3259 1003 3343 1057 his
3369 1020 3495 1059 vero
3523 1006 3772 1060 omnibus

2189 1097 2385 1166 gratias
2427 1110 2646 1166 agamus
2687 1095 2836 1161 Deo,
2885 1093 2969 1148 cui
3007 1094 3174 1163 gloria
3221 1103 3278 1149 et
3317 1095 3601 1164 imperium
3644 1113 3767 1152 cum

2195 1186 2328 1241 Filio
2349 1193 2407 1242 et
2430 1195 2616 1240 saneto
2638 1184 2950 1254 vivilicoque
2974 1184 3195 1253 Spiritu,
3217 1200 3355 1240 nunc
3381 1196 3436 1241 et
3460 1203 3696 1258 semper,
3712 1198 3769 1244 et

2191 1279 2245 1333 in
2265 1277 2459 1332 sarcula
2478 1275 2814 1331 steculorum.
2845 1279 3039 1330 Amen.

2255 1435 2273 1499 ξ
2305 1439 2464 1490 Forte,
2479 1431 2702 1499 illum._si
2721 1440 2821 1482 stet
2835 1431 2997 1499 lectio,
3016 1431 3166 1489 illam.
3189 1439 3240 1483 et
3254 1435 3450 1499 quidem
3473 1442 3602 1485 stare
3621 1450 3771 1499 posse

2192 1495 2400 1553 videtur,
2424 1494 2686 1544 referenda
2704 1502 2782 1544 est
2803 1495 2862 1543 ad
2885 1501 3234 1557 tmperatorum
3253 1494 3602 1559 providentiam
3621 1494 3772 1560 paulo

2145 1577 2152 1582 '
2193 1563 2309 1607 ante
2331 1563 2663 1606 memoratam.

1397 2457 1745 2520 MONITUM
1787 2459 1868 2522 IN
1908 2460 2284 2522 HOMILIAM
2326 2460 2420 2522 DE
2463 2460 2887 2523 CHANAN/EA

591 2757 748 2816 Circa
781 2755 944 2828 hujus
975 2753 1210 2810 homiliaa
1230 2756 1562 2827 γνησιότητα
1592 2759 1926 2830 disputatum
1946 2758 2067 2814 fuit.
2104 2758 2340 2815 Savilius
2377 2758 2463 2814 vir
2493 2773 2659 2829 sagas
2683 2767 2736 2814 et
2767 2758 3014 2812 eruditus
3049 2771 3168 2812 eam
3215 2768 3273 2811 ut
3323 2757 3618 2827 genuinam
3645 2755 3759 2812 ha-

520 2897 682 2952 buit:
720 2898 836 2953 hmc
865 2900 1008 2952 enim
1052 2897 1126 2952 ait
1166 2897 1220 2952 in
1265 2895 1417 2953 Notis
1451 2913 1505 2968 p.
1546 2897 1689 2952 7‘26:
1740 2897 2013 2954 Orationis
2044 2898 2200 2969 hujus
2245 2899 2602 2970 apographum
2643 2913 2709 2952 ex
2760 2895 3089 2951 Bibliotheca
3132 2895 3388 2950 Palatina
3436 2897 3758 2966 descriptum

518 3029 904 3084 emendavimus
937 3044 1001 3082 ex
1029 3027 1229 3082 duobus
1258 3027 1637 3100 Manuscriptis
1665 3031 1722 3085 in
1749 2999 2076 3086 Bibliotheca
2107 3029 2270 3086 Ducis
2300 3030 2564 3086 Bavariw.
2596 3029 2772 3085 Multa
2799 3030 2951 3084 habet
2980 3030 3278 3084 communia
3309 3047 3427 3084 cum
3459 3029 3660 3084 Homil.
3688 3030 3759 3084 52

519 3166 574 3219 in
607 3163 922 3218 Mattha'um
947 3164 1089 3235 (quae
1117 3174 1199 3221 cst
1228 3165 1296 3220 5'5
1325 3165 1463 3236 apud
1495 3165 1820 3236 Metellum),
1851 3183 2011 3236 neque
2048 3168 2286 3237 agnoscit
2316 3165 2600 3238 Catalogus
2649 3166 3008 3240 Augustanus.
3056 3167 3194 3222 Puto
3241 3178 3410 3222 tamen
3450 3185 3755 3238 germanam

518 3326 649 3377 esse,
679 3312 918 3381 quamvis
945 3309 1365 3380 languidiuscule
1392 3310 1668 3393 scriptam,
1702 3319 1760 3363 ut
1791 3319 1912 3364 sunt
1941 3310 2126 3364 multa:
2158 3309 2313 3380 hujus
2343 3312 2511 3365 nostri
2541 3308 3162 3378 Constantinopolitanaz.
3195 3308 3356 3363 Aliud
3385 3310 3586 3365 sentire
3608 3309 3758 3364 vide-

519 3466 609 3510 tur
633 3453 839 3509 Fronto
870 3454 1119 3520 Ducaeus,
1151 3457 1245 3526 qui
1274 3457 1326 3510 in
1359 3455 1514 3512 Notis
1536 3457 1600 3511 ad
1633 3458 1772 3512 hanc
1807 3458 2084 3513 homiliam
2119 3473 2173 3528 p.
2200 3458 2359 3524 1054,
2394 3468 2543 3515 tomo
2567 3458 2660 3524 Vl,
2683 3459 2755 3514 ita
2791 3459 3072 3529 loquitur:
3121 3458 3318 3530 Hujus
3339 3459 3569 3514 homilite
3605 3457 3758 3514 Cra:-

517 3615 638 3655 cum
666 3611 865 3655 textum
894 3617 958 3656 ex
987 3600 1252 3656 Palatinis
1282 3601 1558 3657 Codicibus
1585 3601 1809 3656 exscribi
1839 3602 2038 3656 curavit
2073 3600 2331 3665 Suvilius,
2363 3613 2410 3656 et
2449 3619 2513 3657 ex
2556 3601 2827 3657 Bavaricis
2867 3601 3177 3665 emendavit,
3225 3602 3314 3671 qui
3357 3611 3406 3656 et
3448 3619 3756 3672 germanum

515 3754 629 3822 esse
655 3749 807 3812 putat
837 3757 966 3810 opus
998 3741 1150 3816 [432]
1178 3742 1558 3816 Chrysostomi,
1587 3745 1823 3814 quamvis
1846 3743 1909 3798 ab
1933 3743 2244 3815 Augustano
2270 3742 2523 3814 Catalogo
2553 3759 2655 3797 nou
2680 3753 3016 3815 agnoscatur,
3038 3756 3086 3798 et
3107 3744 3529 3814 lauguidiuscule
3553 3741 3756 3811 scripta

521 3876 780 3933 uideatur.
813 3877 967 3945 Quod
997 3896 1124 3936 sane
1153 3882 1369 3947 mirum,
1400 3899 1519 3936 cum
1545 3881 1734 3938 Sixtus
1767 3881 2014 3938 Senensis
2044 3892 2167 3938 ante
2189 3883 2447 3937 monuerit
2478 3883 2712 3938 eamdem
2741 3884 2885 3953 apud
2904 3882 3181 3954 Origeuem
3207 3895 3415 3938 exstare
3433 3879 3604 3937 Serm.
3640 3879 3672 3932 7
3702 3882 3758 3935 in

515 4009 746 4066 diversos
779 4012 942 4078 locos,
975 4022 1024 4068 et
1054 4013 1198 4068 inter-
1216 4014 1464 4069 homilias
1494 4030 1558 4070 ex
1586 4015 1746 4069 uariis
1778 4015 1831 4070 in
1871 4014 2184 4071 Matt/tarum
2212 4015 2338 4069 locis
2372 4032 2482 4070 esse
2523 4016 2778 4070 decimam
2809 4019 3108 4086 septimam,
3137 4018 3232 4072 hoc
3260 4025 3338 4072 est
3367 4018 3421 4070 in
3447 4033 3509 4071 ea
3541 4016 3765 4071 Sermo-

516 4167 642 4205 nunt
671 4150 961 4220 farragine,
989 4167 1147 4220 quam
1168 4153 1376 4220 judicat
1411 4169 1521 4208 esse
1564 4153 1808 4207 monachi
1847 4154 2019 4222 potius
2049 4151 2357 4223 cujusdam,
2401 4157 2494 4226 qui
2522 4155 2926 4228 Evangeliorum
2956 4156 3353 4226 explanationes
3392 4157 3550 4212 uariis
3588 4159 3761 4212 inter-

515 4285 712 4340 mixtas
745 4287 1012 4358 allegoriis
1054 4287 1238 4344 edidit.
1274 4289 1443 4345 Porro
1479 4293 1618 4361 apud
1654 4293 1931 4364 Origenem
1969 4293 2134 4349 alium
2168 4297 2500 4367 interpretem
2536 4298 2710 4365 habet,
2745 4308 2795 4353 et
2839 4299 3040 4353 brevior
3079 4308 3178 4363 est,
3213 4315 3371 4371 quam
3407 4299 3459 4352 in
3508 4297 3646 4352 libro
3692 4315 3762 4351 ex

512 4425 674 4480 uariis
703 4427 759 4481 in
793 4426 1108 4484 Matt/tcum
1143 4430 1268 4485 locis
1300 4446 1321 4485 :
1354 4434 1406 4486 in
1439 4443 1657 4503 utroque
1689 4443 1865 4489 tamen
1903 4437 2017 4491 loco
2042 4437 2223 4509 incipit
2251 4440 2315 4493 ab
2338 4439 2446 4495 illis
2481 4441 2666 4506 verbis,
2698 4439 2925 4497 Miratur
2967 4442 3295 4509 evangelista
3325 4461 3340 4498 :
3371 4459 3489 4508 ante
3528 4443 3763 4510 reperies

510 4586 563 4639 p.
602 4569 706 4626 298
750 4570 792 4625 Ι)
833 4569 985 4644 [cdit.
1022 4573 1235 4646 Morel.]
1265 4575 1422 4644 hujus
1469 4578 1715 4633 editionis
1743 4594 1763 4633 :
1801 4596 1919 4650 qua:
1966 4597 2084 4636 vero
2120 4585 2423 4653 praecedunt
2472 4587 2538 4637 ab
2587 4585 2739 4639 initio
2774 4585 3006 4639 homilite
3049 4593 3188 4639 vetus
3233 4582 3448 4654 quidam
3495 4583 3763 4649 interpres

513 4709 700 4766 Latine
734 4715 886 4766 uertit
915 4729 935 4768 :
967 4723 1016 4769 et
1054 4713 1310 4770 trahentur
1335 4715 1551 4770 Immilia
1578 4716 1781 4778 decima
1813 4713 2006 4788 quarta
2024 4736 2089 4774 ea:
2117 4721 2280 4775 variis
2311 4722 2368 4775 in
2399 4720 2705 4776 Matthteum
2733 4722 2859 4777 locis
2883 4737 2902 4776 :
2931 4721 3111 4777 Multa:
3139 4728 3508 4789 tempestates,
3540 4719 3763 4789 inquie-

509 4843 641 4899 tudo
675 4847 820 4901 aeris
851 4865 863 4903 :
897 4857 947 4902 et
993 4848 1159 4903 aliam
1210 4866 1394 4906 rursus
1441 4851 1922 4923 interpretationem
1959 4859 2013 4912 in
2044 4857 2394 4930 Lotharingia
2440 4862 2585 4916 nacti
2631 4879 2814 4918 sumus
2857 4879 2925 4918 ea:
2971 4861 3076 4917 Hs.
3118 4859 3309 4917 Codice
3337 4866 3563 4921 erutam,
3596 4871 3761 4920 quam

509 4999 632 5038 cunt
661 4986 841 5038 eadem
879 4987 1096 5043 homilia
1129 4991 1197 5044 17
1230 4993 1565 5062 conjunctam
1605 4999 1980 5066 recensuimns,
2011 5010 2060 5054 et
2114 5002 2274 5056 uariis
2309 5001 2619 5059 lectionibus
2662 5015 2816 5076 atque
2858 5004 3305 5060 emendationibus
3357 5016 3422 5055 ex
3467 4997 3755 5053 collatione

510 5136 630 5174 cum
661 5121 849 5178 Codice
883 5123 1064 5182 Grceco
1087 5130 1436 5188 illustrissimi
1466 5135 1770 5191 Cardinalis
1799 5137 2044 5193 l’erronii
2073 5139 2532 5210 ampliﬁcavimus.
2563 5141 2688 5198 Haec
2735 5141 2938 5197 Fronto
2986 5141 3234 5205 Dueteus,
3268 5141 3568 5197 secundum
3597 5136 3762 5206 cujus

511 5261 658 5316 haud
689 5261 852 5319 dubie
877 5267 1200 5322 sententiam
1232 5269 1347 5325 haec
1379 5271 1604 5327 homilia
1635 5273 1690 5328 in
1718 5275 1849 5330 edit.
1886 5275 2077 5331 Morel.
2108 5277 2282 5333 Tomo
2312 5277 2380 5333 VI
2411 5279 2552 5334 inter
2591 5278 2788 5350 Spuria
2832 5295 2963 5335 cusa
3000 5280 3120 5334 fuit.
3163 5279 3267 5336 Sed
3304 5279 3431 5334 huic
3472 5279 3760 5334 sententia:

497 5398 770 5453 reclamat
802 5398 1177 5460 Tillemontius
1202 5447 1218 5473 ,
1249 5422 1478 5479 eamque
1511 5409 1653 5468 inter
1681 5427 1840 5468 veras
1869 5428 2268 5486 germanasque
2301 5426 2487 5473 censet
2528 5418 2889 5486 retinendam,
2920 5418 3067 5490 quod
3094 5418 3240 5474 nulla
3275 5428 3358 5474 sat
3398 5418 3592 5472 idonea
3629 5419 3754 5488 ejus

509 5536 822 5608 rejiciendae‘
844 5544 982 5600 ratio
1015 5545 1292 5603 atl‘eratur.

578 5679 735 5737 Certe
769 5684 911 5753 quod
945 5693 1150 5758 spectat
1174 5686 1238 5744 ad
1269 5687 1498 5759 primam
1523 5699 1731 5763 partem
1763 5695 1831 5753 ad
1863 5710 2039 5768 usque
2063 5695 2216 5768 illud,
2248 5714 2398 5758 nutu.
2431 5700 2503 5758 ὃς
2540 5699 2775 5756 Miratur
2815 5700 3135 5774 evangelista
3156 5739 3171 5767 ,
3216 5717 3328 5757 ecce
3368 5699 3574 5768 mulier,
3617 5709 3752 5765 ctc.,
