2050 3098
723 0 768 8 νυ
788 0 972 8 uulnus-un.“

162 34 407 70 ἐγκεχειρισμένος
423 35 560 70 πρόνοιαν,
577 35 691 72 ὀφείλων
714 39 903 66 καταστέλλειν
916 40 951 66 τὰ

162 75 284 111 λυπηρὰ,
296 76 419 112 ηὕξησας
435 77 480 103 τὸν
493 79 625 113 χειμῶνα,
640 82 709 106 κατὰ
720 80 816 106 σαυτοῦ
834 81 863 107 τὺ
874 81 950 114 ξίφος

161 117 277 152 ἧλασας,
294 117 420 144 τὰτέκνα
434 119 469 144 τὰ
486 119 519 145 σὰ
536 119 676 151 ἀναλώσας
692 122 723 156 τῇ
742 121 848 156 γνώμῃ,
863 123 886 147 εἰ
903 123 950 148 καὶ

163 158 203 193 μὴ
213 159 246 193 τῇ
262 158 354 194 πείρᾳ.
375 159 444 185 Ἀλλ’
458 160 472 185 ὁ
483 160 549 192 Θεὸς
565 161 709 188 ἐκώλυσεν.
723 160 803 188 ’Ὥστε
818 163 949 197 θαυμάζω

163 199 235 233 ὑμᾶς
251 199 298 225 καὶ
321 200 439 231 ἐπαινῶ,
456 201 502 236 ¹ὅτι
526 202 594 236 μετὰ
620 202 804 238 τὸν-πόλεμον
827 205 873 230 καὶ
900 204 949 238 τῆς

160 240 274 275 εἰρήνης
288 241 437 275 γενομένης
451 244 588 275 σκοπεῖτε,
601 243 675 275 ὅπως
688 243 721 270 ἂν
731 244 822 271 τελεία
835 245 950 279 γένηται

159 281 268 316 εἰρήνη.
286 282 332 306 Δεῖ
346 282 400 317 γὰρ
419 282 465 308 τὸν
487 283 657 319 κυϐερνήτην
681 284 749 319 μετὰ
767 285 821 311 τῶν
844 286 949 313 ναυτῶν

158 322 288 356 ὁμόνοιαν
306 322 394 357 ἔχειν·
412 323 459 349 ἐὰν
478 325 532 359 γὰρ
551 324 771 358 διαστασιάζωσι,
785 327 948 353 καταποντί-

159 363 238 395 ςεται
260 363 290 389 τὸ
310 363 423 398 σκάφος.
447 365 541 399 Ὑμεῖς
563 366 753 401 κατορθώσατε
769 367 818 403 τὴν
838 369 949 403 εἰρήνην

160 405 233 439 μετὰ
246 405 295 440 τὴν
308 405 356 431 τοῦ
368 405 435 432 Θεοῦ
450 406 544 441 χάριν
560 407 632 442 ὑμᾶς
644 409 788 439 κοινωνοὺς
801 412 948 445 ποιήσομαι

159 446 210 480 τῆς
230 447 390 479 ἀσφαλείας.
405 448 496 482 Χωρὶς
513 448 590 482 ὑμῶν
610 449 685 475 οὐδὲν
701 450 869 485 ἐργάσομαι,
888 450 947 478 εἶτα

159 488 207 514 καὶ
222 488 272 522 τῆς
287 487 497 523 θεοφιλεστάτης
512 490 678 525 Αὑγούστης.
695 492 750 518 Καὶ
766 493 820 527 γὰρ
834 494 946 528 κάκείνη

158 529 297 564 φροντίζει
312 530 358 556 καὶ
376 531 496 566 μεριμνᾷ
514 531 560 557 καὶ
574 532 720 567 πάμπολλα
737 536 817 563 ποιεῖ,
833 534 902 561 ὥστε
916 536 947 562 τὸ

157 570 290 604 φυτευθὲν
306 573 394 606 μεῖναι
414 572 532 607 βέϐαιον,
547 572 616 599 ὥστε
629 575 679 609 τὴν
694 575 855 610 Ἐκκλησίαν
866 577 945 602 ἀχλυ-

155 609 286 639 ὁὼνιστον
302 614 403 647 μεῖναι.
432 613 567 649 Ἐπῄνεςα
585 613 630 641 οὖν
653 615 700 642 καὶ
722 617 797 651 ὑμῶν
812 617 861 653 τὴν
884 618 946 645 σύν-

976 0 997 8 ..
1068 0 1238 7 μιν---ιν-ηυ
1727 0 1782 14 «to

1001 49 1067 70 εσιν,
1080 41 1126 66 καὶ
1140 40 1192 66 τῶν
1210 40 1340 75 βασιλέων
1357 41 1406 76 τὴν
1423 41 1558 77 πρόνοιαν.
1575 41 1614 69 Οὐ
1628 43 1682 78 γὰρ
1697 44 1783 75 οὕτως

1001 81 1092 112 αὐτοῖς
1110 81 1183 115 μέλει
1199 82 1263 116 περὶ
1277 82 1405 117 πολέμου,
1417 82 1453 113 ὼς
1469 84 1531 118 περὶ
1550 83 1722 118 Ἐκκλησίας,
1733 86 1783 119 οὐχ

1000 122 1070 147 οὕτω
1085 122 1148 157 περὶ
1164 123 1277 155 πόλεως,
1294 123 1331 154 ὡς
1347 123 1410 158 περὶ
1430 124 1601 158 Ἐκκλησίας.
1623 125 1782 160 Παρακαλέ-

1002 171 1091 197 σωμεν
1105 164 1151 189 τὸν
1165 164 1242 194 Θεὸν,
1256 163 1415 199 ἀξιώσωμεν
1427 165 1532 200 ἐκείνην
1539 170 1560 197 ⁸,
1571 167 1782 202 παραμείνωμεν

999 206 1058 235 ταῖς
1074 205 1167 239 εὐχαῖς
1178 213 1183 219 ⁸
1196 207 1243 231 καὶ
1257 206 1304 241 μὴ,
1319 206 1412 241 ἐπειδὴ
1430 206 1510 242 ὲλὺοη
1532 207 1566 233 τὰ
1588 208 1671 238 δεινὰ,
1688 210 1782 243 χαυνό-

999 254 1072 279 τεροι
1083 246 1233 281 γενώμεθα.
1244 247 1295 272 Διὰ
1307 247 1384 273 τοῦτο
1396 247 1447 278 ἕως
1457 248 1506 282 τῆς
1518 249 1636 283 σήμερον
1648 250 1783 284 εὐχόμεθα

999 287 1110 322 λυθῆναι
1123 287 1158 313 τὰ
1180 287 1265 314 δεινά.
1284 288 1530 323 Εὑχαριστήσωμεν
1541 289 1580 323 τῷ
1603 289 1672 324 Θεῷ,
1688 290 1784 322 ὥσπερ

998 328 1058 354 τότε
1073 328 1200 363 ἀνδρεῖοι,
1214 327 1284 355 οὕτω
1299 330 1346 355 καὶ
1362 330 1480 365 σήμερον
1493 330 1639 356 σπουδαῖοι.
1657 331 1740 366 ’Υπὲρ
1754 332 1782 359 δὲ

998 369 1101 396 τούτων
1116 369 1243 396 ἁπάντων
1260 370 1499 405 εὐχαριστήσωμεν
1515 371 1553 406 τῷ
1567 372 1637 406 Θεῷ,
1652 369 1673 405 ᾧ
1689 373 1704 407 ὴ
1719 373 1781 404 δόξα

999 411 1045 436 καὶ
1061 411 1092 436 τὸ
1115 411 1214 446 κράτος
1226 411 1283 445 ἅμα
1296 411 1334 446 τῷ
1349 411 1404 446 Υἱῷ
1421 413 1468 438 σὺν
1482 412 1520 447 τῷ
1540 413 1633 448 ἁγαθῷ
1650 414 1696 439 καὶ
1713 414 1781 445 ζωο-

998 451 1068 486 ποιῷ
1082 451 1221 485 Πνεύματι
1234 452 1282 479 νῦν
1294 453 1340 479 καὶ
1354 453 1407 485 ἀεὶ,
1424 453 1470 479 κα)¹
1484 455 1523 485 εἰς
1536 455 1598 485 τοὺς
1613 454 1712 486 αἰῶνας
1727 455 1780 481 τῶν

997 492 1113 520 αἰώνων.
1133 494 1230 529 Ἀμήν.

982 568 988 572 ⁵
1028 565 1042 578 ⁸
1060 564 1210 594 Ἀξιώσωμεν
1221 565 1319 593 ἐκείνην,
1332 565 1393 589 forte
1404 566 1498 589 ἐκεῖνον.
1519 565 1545 590 Si
1565 569 1615 590 stet
1628 567 1702 592 lectio
1718 567 1779 591 ἐκεί.

995 604 1046 623 νην,
1061 600 1086 619 et
1098 596 1197 625 quidem
1217 598 1282 619 stare
1294 602 1366 625 posse
1382 597 1486 625 videtur,
1500 597 1629 622 referenda
1642 601 1682 622 est
1691 599 1721 623 ad
1733 598 1780 623 im-

996 629 1137 656 peratorum
1149 625 1326 656 providentiam
1343 627 1416 657 paulo
1427 630 1484 651 ante
1495 631 1662 652 memoratam.

433 1064 527 1096 POST
549 1065 720 1096 REDITUM
740 1065 789 1095 AB
810 1065 958 1101 EXSILIO
979 1067 1004 1096 A
1025 1065 1301 1098 CHRYSOSTOMO
1321 1068 1504 1100 HABITAM.

149 1212 182 1232 ea
196 1204 324 1232 omnibus
335 1205 514 1239 γνησιὸτητος
523 1204 609 1238 signis
625 1204 661 1231 ita
681 1203 786 1231 munita
800 1208 850 1236 est,
869 1208 898 1231 ut
910 1203 943 1231 de
958 1203 1003 1231 illa
1020 1204 1157 1232 neminem
1178 1205 1248 1233 bene
1270 1207 1427 1234 consultum
1445 1211 1537 1242 putem
1553 1215 1614 1236 esse
1640 1208 1780 1237 dubitatu-

149 1279 232 1299 rum:
252 1278 315 1298 nam
325 1277 413 1305 pauca
425 1270 472 1297 illa
486 1277 547 1305 qua;
561 1269 595 1297 de
606 1270 703 1297 exsilio
715 1277 765 1297 suo
777 1269 876 1305 primo,
896 1269 984 1304 deque
1002 1277 1128 1305 regressu
1153 1278 1204 1299 suo
1226 1272 1321 1306 tangit,
1343 1272 1380 1300 ita
1402 1279 1529 1302 accurate
1555 1274 1642 1310 posita
1660 1279 1737 1309 sunt,
1750 1281 1781 1304 ιιι

147 1347 181 1368 ea
197 1339 323 1368 Graculo
334 1339 465 1375 cuipiam,
477 1347 510 1367 ex
523 1346 617 1367 eorum
634 1345 750 1366 numero
767 1338 813 1372 qui
827 1338 965 1366 oratiOnes
975 1342 1001 1366 et
1015 1339 1142 1367 homilias
1166 1347 1181 1367 a
1206 1347 1236 1367 se
1257 1340 1299 1367 vel
1313 1340 1399 1369 factas
1417 1342 1459 1369 vel
1481 1342 1544 1369 hinc
1564 1342 1627 1370 inde
1642 1343 1781 1371 consarci-

149 1415 232 1440 natae
245 1410 444 1447 Chrysostomo
455 1409 571 1444 aliiSque
587 1408 716 1436 Patribus
738 1407 931 1436 ndscribebant
943 1428 950 1441 ,
964 1408 1048 1436 tribui
1069 1416 1123 1436 non
1141 1410 1237 1444 possit.
1252 1409 1312 1438 Non
1336 1411 1355 1438 ii
1380 1412 1479 1446 quippe
1500 1417 1588 1445 erant,
1605 1413 1651 1448 qui
1669 1416 1781 1448 possent

150 1480 283 1509 historica
296 1484 358 1508 acta
371 1478 516 1515 diligenter
531 1482 558 1505 et
573 1476 721 1505 secundum
737 1484 830 1504 veram
845 1476 942 1504 seriem
959 1476 1078 1510 referre;
1093 1485 1147 1504 non
1160 1483 1219 1506 erat
1234 1480 1346 1514 nugacis
1370 1480 1485 1508 Gra'culi
1505 1482 1619 1517 carptim
1643 1482 1734 1511 dicere
1751 1483 1779 1510 in

147 1552 242 1588 priore
252 1551 351 1580 exsilio
363 1551 464 1580 multos
475 1559 507 1580 ex
522 1552 566 1586 iis,
580 1551 627 1588 qui
642 1553 791 1581 adversarii
805 1552 994 1589 Cbrysostomi
1009 1553 1129 1587 fuerant,
1143 1554 1330 1582 misericordia
1345 1560 1434 1583 motos
1450 1555 1484 1583 ad
1503 1555 1563 1590 ejus
1577 1560 1669 1590 partes
1690 1562 1781 1584 trans-

147 1623 227 1656 iisse,
249 1623 322 1659 quod
336 1624 429 1658 utique
440 1628 546 1658 gestum
558 1623 619 1656 fuit,
635 1627 664 1651 ut
677 1627 704 1651 et
722 1625 749 1650 In
767 1624 819 1651 hac
831 1623 940 1651 homilia
955 1623 1144 1659 signiﬁcatur;
1161 1631 1215 1651 non
1239 1629 1297 1652 erat
1313 1624 1429 1652 Graeculi
1445 1632 1584 1658 enarrarc,
1598 1625 1690 1653 statim
1713 1630 1776 1661 post

147 1693 530 1730 regressum‘Chrysostomi,
552 1701 648 1722 omnes
668 1693 841 1722 adversarios
864 1693 924 1728 ejus
947 1693 1039 1729 fugam
1058 1693 1167 1727 fecisse,
1188 1693 1225 1721 ita
1244 1699 1273 1722 ut
1287 1702 1320 1722 ne
1334 1703 1406 1723 unus
1421 1695 1530 1730 quidem
1544 1699 1734 1730 compareret;
1752 1694 1779 1722 id

147 1762 226 1800 quod
240 1769 314 1791 vera
329 1761 451 1790 historiae
461 1763 586 1798 apprime
599 1770 752 1791 consonum
768 1766 819 1790 est.
831 1761 934 1790 Caetera
950 1769 1011 1797 quae
1022 1765 1176 1797 sequuntur
1190 1762 1216 1789 in
1231 1762 1283 1790 hac
1305 1762 1416 1790 bomilia
1440 1763 1568 1791 existimo
1589 1763 1670 1791 etiam
1691 1763 1780 1799 Chry-

147 1835 263 1864 ιωωωί
277 1842 351 1869 esse,
364 1835 429 1864 licet
443 1843 497 1864 non
513 1835 601 1864 ausim
616 1835 752 1863 aﬂirmare
773 1843 806 1863 ea
829 1843 942 1870 prorsus
962 1842 1024 1863 esse
1050 1834 1147 1863 alienis
1165 1834 1327 1869 quibusdam
1354 1834 1520 1862 assumentis
1544 1842 1647 1872 vacua;
1667 1839 1780 1870 possent

147 1906 223 1934 enim
233 1909 366 1934 extranea
380 1914 463 1934 manu
478 1910 624 1935 retractata
635 1906 721 1934 fuisse
732 1906 837 1942 aliquot
851 1905 879 1933 in
893 1906 972 1934 locis.
991 1905 1041 1933 Hic
1052 1913 1108 1933 non
1120 1912 1208 1941 pauca
1226 1909 1300 1939 sunt,
1315 1913 1375 1940 quae
1395 1904 1512 1932 Homilia
1529 1905 1565 1933 55
1582 1905 1609 1932 in
1622 1904 1778 1933 Matthaaum

257 1985 328 2014 pene
339 1978 429 2007 verbis
443 1978 584 2013 feruntur;
603 1984 657 2006 tam
674 1978 806 2006 familiare
819 1983 908 2005 autem
928 1978 977 2005 l'uit
993 1977 1198 2013 Clirysostomo,
1210 1983 1242 2004 ea
1256 1983 1317 2011 qua;
1329 1975 1432 2011 pridem
1446 1975 1562 2009 dixerat,
1576 1975 1602 2003 in
1619 1976 1680 2003 aliis
1694 1975 1780 2003 homi-

146 2049 193 2078 liis
208 2048 324 2082 referre,
340 2053 371 2077 ut
383 2048 409 2077 id
424 2048 517 2084 potius
533 2049 567 2076 ad
586 2053 721 2081 nostram,
735 2055 817 2084 quam
840 2047 874 2075 ad
892 2047 1065 2088 contrariam
1083 2045 1246 2074 sententiam
1268 2045 1398 2073 tuendam
1421 2043 1512 2072 aﬂ‘erri
1533 2051 1612 2079 posse
1639 2048 1777 2079 putemus.

148 2119 202 2148 Ubi
212 2120 296 2148 etiam
310 2120 504 2149 advertendum
528 2120 594 2148 illud
609 2121 637 2148 in
652 2121 704 2149 line
717 2121 799 2156 hujus
825 2120 945 2148 homiliaa

996 2121 1097 2154 tsilum,
1122 2119 1196 2155 quod
1221 2118 1388 2155 μνημονικὸν
1413 2117 1600 2153 Cbrysostomi
1625 2116 1779 2152 ἁμάρτημα

147 2188 266 2218 fortasse
278 2189 381 2224 fuerit;
400 2197 498 2226 nempe
513 2190 591 2218 Dixit
609 2189 689 2222 Deus,
707 2189 771 2216 Fiat
786 2189 890 2221 calum,
906 2193 931 2216 et
948 2188 1049 2222 factum
1064 2193 1103 2216 est
1120 2188 1225 2223 calum,
1241 2189 1269 2216 in
1286 2187 1403 2216 Homilia
1423 2196 1534 2224 quoque
1545 2188 1590 2215 illa
1612 2187 1647 2215 53
1667 2187 1695 2215 in
1709 2186 1778 2214 Mat-

153 2261 254 2290 thau
266 2261 392 2298 reperiri.
409 2261 457 2290 Illa
472 2270 536 2291 vero
547 2262 670 2291 clausula
682 2262 710 2289 in
727 2261 869 2297 Scriptura
882 2269 961 2290 sacra
974 2269 1028 2289 non
1049 2261 1193 2297 reperitur.
1211 2261 1310 2289 Verum
1334 2269 1387 2290 non
1405 2269 1467 2288 raro
1488 2261 1702 2296 Chrysostomus
1722 2269 1779 2289 mc-

147 2333 263 2362 moriter
276 2332 427 2369 Scriptura;
440 2333 522 2361 verba
536 2333 639 2362 referre
653 2334 732 2366 solet,
745 2337 772 2361 et
789 2333 844 2361 alio
863 2341 946 2368 quam
962 2332 1114 2360 habeantur
1137 2331 1220 2359 modo
1234 2338 1404 2366 expromere.

182 2399 222 2430 Ba
233 2406 319 2438 porro
334 2400 464 2433 Hornilia,
478 2407 540 2436 quae
554 2400 625 2428 inter
638 2400 706 2428 alias
723 2399 804 2433 falso,
831 2404 861 2427 ut
887 2399 1063 2428 consentiunt
1082 2406 1178 2426 omnes
1189 2418 1196 2431 ,
1219 2397 1328 2434 Origcni
1350 2398 1494 2434 ascriptas,
1516 2404 1686 2432 rccenselur,
1702 2400 1781 2435 cujus

151 2469 278 2499 muniuit
301 2476 386 2506 supra
409 2468 513 2498 Fronto
531 2468 655 2502 Ducaaus,
675 2468 758 2504 hujus
779 2472 821 2496 est
841 2475 910 2503 pene
928 2467 1131 2503 compendium.
1155 2465 1224 2494 Huic
1247 2466 1355 2500 similis,
1373 2466 1420 2494 sed
1436 2466 1523 2494 multo
1538 2466 1644 2502 longior
1657 2472 1698 2495 est
1715 2467 1779 2502 alia,

147 2547 214 2579 qua
224 2539 298 2568 Inter
305 2526 438 2569 Homilias
449 2548 483 2569 ex
496 2541 580 2568 variis
592 2541 620 2567 in
630 2540 787 2567 Mattmeum
801 2539 869 2567 locis
883 2539 988 2567 decima
1002 2539 1119 2573 septima
1132 2542 1305 2571 numeratur,
1320 2545 1436 2573 quaeque
1455 2537 1483 2565 in
1503 2537 1673 2566 Editionibus
1692 2537 1779 2572 Chry-

146 2610 263 2647 sostotni
276 2610 383 2641 Latinis
395 2615 458 2640 ante
472 2611 639 2640 Frontonem
658 2611 785 2639 Ducat-uin
799 2610 945 2645 publicatis
960 2604 1027 2637 cusa
1044 2609 1107 2637 iuit.

186 2682 274 2722 Hujus
290 2683 421 2715 humilia.
428 2685 681 2722 interpretationem
696 2693 796 2729 novam
809 2684 933 2714 Latinam
948 2684 1154 2714 adornavimus.

5 2748 260 2988 Le
