4100 6196
1076 753 1251 841 ΕΙΣ
1313 755 1540 840 ΤΗΝ
1597 753 2131 840 ΕΠΙΛΥΣΙΝ
2191 756 2410 840 ΤΗΣ
2459 757 3086 847 ΧΑΝΑΝΑΙΑΣ

1163 983 1412 1052 Ἐρῤήθη
1443 981 1510 1034 δὲ
1562 979 1714 1053 μετὰ
1760 979 1824 1035 τὸ
1864 979 2239 1050 ὑποστρέψαι
2285 982 2472 1036 αὐτὸν
2506 983 2576 1036 ἐκ
2611 983 2722 1052 τῆς
2767 983 3023 1052 ἐξορίας.

554 1491 622 1542 α’.
642 1485 813 1550 Πολὺς
839 1487 867 1539 0
887 1482 1116 1556 χειμὼν,
1149 1482 1283 1536 ἀλλὰ
1303 1484 1400 1553 τὴν
1425 1482 1731 1555 προθυμίαν
1754 1481 1862 1536 τῶν
1880 1499 1955 1536 πα
1965 1499 2058 1550 ρα-

484 1577 790 1646 γενομένων
811 1577 871 1628 οὐ
910 1575 1200 1628 διεκώλυσε
1221 1592 1234 1604 ·
1267 1575 1450 1627 πολλοὶ
1488 1577 1534 1626 οἰ
1571 1575 1888 1643 πειρασμοὶ,
1921 1573 2056 1626 ἀλλὰ

483 1667 573 1718 τὸν
599 1665 762 1718 πόθον
793 1665 947 1736 ὑμῶν
967 1667 1066 1718 ούκ
1089 1664 1364 1728 ἐξέλυσαν.
1399 1665 1473 1717 ού
1500 1664 1731 1716 παύεται
1759 1665 1792 1732 ἡ
1829 1662 2058 1732 Ἐκκλη-

487 1759 578 1810 σία
621 1749 1000 1828 πολεμουμένη
1047 1756 1138 1808 καὶ
1172 1755 1412 1816 νικῶσα,
1460 1754 1913 1824 ἐπιϐουλευομένη
1965 1755 2060 1806 καὶ

487 1849 894 1918 περιγινομένη.
943 1847 1106 1898 Ὅσον
1144 1846 1292 1899 ἄλλοι
1325 1844 1760 1908 ἐπιϐουλεύουσι,
1806 1842 2060 1895 τοσοῦτον

483 1939 620 2008 αὓτη
653 1937 873 2002 αὒξεται
895 1954 908 1966 ·
961 1938 1052 1988 καὶ
1085 1936 1154 1988 τά
1199 1937 1297 2005 μέν
1336 1934 1559 2004 κύματα
1597 1934 1904 1995 διαλύεται,
1940 1935 1973 2002 ἡ
2003 1934 2061 1986 δὲ

483 2031 658 2098 πέτρα
701 2030 929 2096 ἕστηκεν
963 2029 1238 2096 ἀκίνητος.
1279 2027 1366 2079 Ἑν
1400 2026 1581 2098 ἡμέρα
1630 2024 1968 2086 διδασκαλία,
2003 2025 2064 2076 ἐν

483 2120 638 2172 νυκτὶ
666 2120 1010 2189 παννυχίδες·
1037 2122 1070 2188 ἡ
1104 2119 1286 2194 ἡμέρα
1313 2118 1451 2188 πρὸς
1487 2116 1588 2186 τὴν
1628 2115 1799 2168 νύκτα
1828 2115 2062 2186 ἁμιλλᾶ-

482 2227 572 2262 ται
592 2227 605 2240 ο
633 2209 919 2279 [432-455]
954 2211 1070 2261 ἐκεῖ
1100 2207 1368 2273 συνάξεις,
1403 2207 1497 2260 καὶ
1526 2206 1761 2258 ἐνταῦθα
1793 2205 2060 2270 συνάξεις.

495 2302 560 2353 'H
586 2301 683 2363 νὺξ
722 2302 820 2367 τὴν
857 2299 1062 2369 ἀγοράν
1095 2297 1389 2368 ἐκκλησίαν
1419 2297 1742 2368 ὲργάζεται’
1779 2298 1813 2366 ἡ
1837 2297 1894 2350 δέ
1929 2314 2066 2368 προ-

486 2393 656 2460 θυμία
694 2391 865 2460 πυρὸς
908 2389 1238 2460 σφοδροτέρα
1263 2402 1312 2441 ο.
1347 2389 1420 2441 Ού
1451 2387 1631 2440 δεῖσθε
1666 2387 2062 2458 παραινέσεως,

487 2483 581 2536 καὶ
605 2482 974 2536 ἐπιδείκνυσθε
997 2483 1096 2552 τὴν
1119 2482 1378 2550 σπουδήν.
1397 2481 1492 2543 Τίς
1511 2481 1612 2532 οὐκ
1633 2480 1700 2554 ἂν
1730 2479 2061 2550 ἐκπλαγείη;

484 2575 569 2637 τίς
595 2574 696 2626 οὐκ
717 2573 784 2627 ἂν
813 2573 1141 2643 θαυμάσειεν
1163 2590 1176 2637 ;
1205 2574 1278 2626 Οὐ
1304 2573 1460 2642 μόνον
1485 2573 1533 2623 οἰ
1559 2571 1712 2634 ὄντες
1731 2573 1830 2624 οὐκ
1857 2572 2068 2624 ἀπελεί-

487 2665 721 2736 φθησαν.
752 2664 888 2718 ἁλλά
916 2664 1008 2717 καὶ
1033 2665 1179 2734 οἰ,μὴ
1206 2665 1356 2726 ὄντες
1383 2661 1794 2733 προσεγένοντο.
1812 2662 2064 2716 Τοιοῦτον

485 2754 594 2805 τῶν
635 2751 958 2822 πειρασμῶν
999 2751 1058 2804 τὸ
1088 2751 1308 2822 κέρδοςο
1348 2749 1600 2818 καθάπερ
1637 2749 1744 2818 γάρ
1785 2749 1940 2811 ὑετὸς
1982 2750 2063 2811 εἰς

485 2845 586 2916 τὴν
612 2845 714 2915 γῆν
745 2841 942 2896 κατιὼν
986 2841 1239 2914 διεγείρει
1282 2840 1350 2895 τά
1402 2841 1693 2911 σπέρματα
1719 2879 1733 2902 ,
1782 2838 1925 2892 οὓτω
1971 2839 2066 2892 καὶ

487 2943 516 2993 0
542 2937 845 3009 πειρασμὸς
871 2937 950 2999 εἰς
976 2937 1076 3007 τὴν
1105 2936 1282 3006 ψυχὴν
1313 2927 1495 2987 εἰσιὼλι
1519 2933 1776 3002 διεγείρει
1804 2931 1901 3001 τὴν
1933 2949 2065 3002 προσ

489 3029 708 3099 θυμίαν.
756 3027 926 3095 Λόγος
958 3026 1075 3078 ἐστὶ
1119 3025 1212 3078 τοῦ
1252 3025 1422 3077 Θεοῦ*
1460 3023 1715 3094 ἀκίνητος
1757 3023 1790 3092 ἠ
1832 3021 2064 3092 Ἐκκλη-

492 3119 650 3173 σίαδο
699 3119 890 3173 Πύλαι
928 3117 1076 3185 ᾅδου
1115 3118 1187 3170 οὺ
1217 3117 1700 3184 κατισχύσουσιν
1744 3112 1954 3180 αὐτῆς.
2004 3113 2064 3166 '0

491 3209 741 3281 πολεμῶν
779 3208 968 3262 ἐαυτὸν
999 3206 1280 3273 καταλύει,
1310 3207 1416 3277 τὴν
1455 3206 1512 3258 δὲ
1551 3203 1874 3274 Ἐκκλησίαν
1913 3206 2063 3273 ἰσχυ-

493 3303 716 3374 ροτέραν
742 3301 1014 3354 δείκνυσιν
1033 3319 1046 3331 ο
1075 3303 1103 3354 0
1140 3299 1394 3369 πολεμῶν
1426 3298 1522 3369 τὴν
1557 3299 1708 3368 ἰσχὺν
1741 3295 1932 3349 ἐαυτοῦ
1963 3313 2064 3349 κα-

488 3393 745 3447 ταϐάλλει
765 3405 814 3454 ο,
845 3391 1002 3464 ἡμῶν
1029 3392 1086 3444 δὲ
1111 3391 1488 3461 λαμπρότερον
1521 3388 1811 3460 ἐργάζεται
1843 3387 1903 3440 τὸ
1939 3388 2064 3458 τρό-

492 3503 672 3539 παιον.
709 3486 766 3538 '0
812 3484 931 3538 Ἰὼϐ
981 3479 1048 3554 ἦν
1094 3482 1256 3545 καλὸς
1300 3482 1393 3534 καὶ
1422 3481 1524 3550 πρὸ
1561 3479 1786 3532 τούτου⁸
1828 3478 1966 3549 μετά
2005 3479 2063 3531 δὲ

489 3573 662 3626 ταῦτα
714 3572 935 3642 βελτίων
1003 3571 1194 3640 ἐφάνη.
1259 3569 1368 3636 Οὐχ
1425 3567 1565 3619 οὓτω
1603 3565 1766 3627 καλὸς
1822 3560 1909 3635 ἦν,
1972 3565 2061 3616 ὅτε

489 3663 680 3732 ἀσινὴς
715 3657 784 3730 ἦν
817 3660 878 3712 τὸ
908 3659 1087 3728 σῶμα,
1121 3658 1197 3720 ὡς
1237 3657 1398 3716 καλὸς
1428 3651 1494 3725 ἦν
1519 3655 1606 3706 ὅτε
1639 3654 1717 3724 τῷ
1753 3653 1910 3723 ἰχῶρι
1953 3653 2062 3705 τῶν

488 3749 814 3819 τραυμάτων
836 3744 1291 3816 ἐστεφανοῦ[ν]το.
1309 3743 1590 3813 Μηδέποτε
1608 3741 1848 3811 φοϐηθῇς
1865 3757 2062 3812 πειρα-

491 3836 647 3906 σμὸν,
676 3837 770 3889 ἐάν
800 3834 978 3905 ψυχὴν
1009 3829 1528 3905 παρεσκευασμένην
1558 3829 1706 3900 ἔχῃς.
1733 3830 1806 3882 Οὐ
1839 3828 2061 3899 βλάπτει

490 3925 526 3991 ἡ
556 3921 761 3991 θλίψις,
806 3921 921 3975 ἀλλ’
958 3918 1233 3990 ὑπομονὴν
1261 3918 1676 3990 κατεργάζεται.
1711 3917 1918 3986 Ὥσπερ
1952 3917 2059 3988 γάρ

487 4009 550 4061 τὸ
573 4009 791 4079 χρυσίον
833 4010 892 4062 οὐ
945 4009 1232 4079 βλάπτειὴ
1269 4008 1533 4077 κάμινος,
1582 4003 1754 4066 οὓτως
1805 4003 1927 4056 ούδέ
1972 4004 2064 4055 τὸν

489 4097 734 4161 γενναῖον
753 4093 1054 4164 διαφθείρει
1082 4097 1115 4163 ὴ
1153 4093 1351 4162 θλίψις.
1379 4094 1422 4146 Τ
1430 4093 1445 4144 ἰ
1478 4095 1624 4144 ποιεῖ
1653 4093 1686 4160 ἠ
1731 4093 1957 4161 κάμινος
1985 4089 2064 4159 τῷ

489 4180 729 4252 χρυσίῳς
755 4181 1005 4250 Καθαρὸν
1041 4180 1362 4233 ἀποτελεῖά.
1393 4181 1436 4231 Τ
1443 4180 1458 4231 ί
1499 4178 1791 4250 ἐργάζεται
1819 4181 1852 4250 ἡ
1888 4178 2064 4246 θλίψις

489 4265 570 4336 τῷ
597 4265 844 4336 φέροντις
873 4267 984 4337 Τὴν
1010 4266 1307 4338 ὑπομονήν.
1342 4265 1702 4336 ’Υψηλότερον
1727 4266 2065 4318 κατασκευά-

491 4353 596 4418 ζει,
634 4353 908 4424 ρᾳθυμίαν
942 4355 1285 4424 περικόπτει,
1316 4354 1536 4420 συνάγει
1576 4353 1674 4421 τὴν
1713 4352 1914 4422 ψυχὴν,
1955 4369 2064 4404 σω-

489 4441 844 4513 φρονέστερον
881 4443 1027 4493 ποιεῖ
1052 4441 1142 4493 τὸν
1183 4439 1461 4509 λογισμόν.
1509 4439 1818 4508 Ἑπήγαγον
1865 4454 2057 4507 πειρα-

491 4528 648 4598 σμόν.
680 4527 766 4580 ἵνα
814 4527 883 4581 τά
915 4527 1161 4599 πρόϐατα
1198 4526 1532 4590 ἀπελάσωσι,
1573 4524 1666 4578 καὶ
1714 4523 1775 4577 τὸ
1819 4523 2059 4577 ἐναντίον

488 4615 669 4686 ἐξέϐηο
700 4616 960 4685 εἰσήγαγε
989 4615 1098 4686 γὰρ
1130 4614 1362 4685 ποιμένα
1379 4625 1424 4664 ο.

572 4704 658 4756 Ἐν
708 4703 911 4757 τίσιτά
955 4702 1235 4774 ὴμέτερα;
1280 4703 1366 4755 Ἐν
1404 4700 1776 4772 εὐδοκιμήσει.
1829 4699 1919 4752 Ἐν
1947 4698 2058 4751 τίσι

549 4884 811 4952 ῗίέφιδθτίο
833 4890 978 4952 πνρὸς
1005 4888 1304 4952 φαιδροτέροιο
1337 4898 1432 4952 "9"
1453 4884 1597 4952 Em}?-

547 4945 578 4983 δ
600 4947 683 4995 Sic
704 4957 837 4996 recte
860 4943 1072 4999 Civlbert.
1087 4943 1144 4999 Ἦ
1161 4943 1421 5007 Ἐκκλησία
1436 4947 1802 4999 desiderabatur
1821 4943 1867 4994 in
1885 4945 2054 4994 editis.

549 5007 572 5034 θ
595 5009 808 5057 Colbert.
834 5011 1072 5057 καταλύει.

547 5066 573 5104 δ
595 5068 732 5117 Cnlb.
759 5071 962 5131 καθαρὸν
982 5069 1125 5118 ποιεῖ.
1163 5069 1288 5118 Ibid.
1313 5069 1359 5117 τί
1380 5067 1638 5131 ἐργάζεται,
1679 5073 1773 5131 etc:
1803 5069 1885 5118 Sic
1923 5070 2055 5117 nulla

483 5125 608 5176 faela
635 5125 923 5192 mutationé,
948 5137 1131 5192 puncto
1175 5132 1334 5178 solum
1381 5125 1716 5189 inivrroganle
1757 5127 2056 5192 interpusito

483 5197 595 5262 [:ost
617 5191 818 5262 φέροντι,
846 5191 985 5262 100113
995 5191 1138 5262 perna
1157 5192 1323 5262 habet,
1345 5198 1397 5239 et
1419 5191 1492 5262 ad_
1509 5194 1690 5262 sqriem
1713 5191 2056 5262 ognniannq-

480 5249 608 5312 (int.
627 5249 714 5300 Hic
736 5255 916 5312 corrigi
939 5253 1078 5310 jubet
1106 5252 1284 5299 Fronto
1311 5265 1371 5299 ex
1403 5252 1512 5298 cod.
1553 5252 1873 5311 l’erroniano,
1905 5249 2054 5310 ἡθλί-

481 5310 563 5384 ιρις
587 5313 655 5384 τῷ
691 5310 921 5384 φέροντιξι
947 5313 1034 5384 τήν
1071 5314 1313 5384 ὑπομονὴν
1340 5313 1648 5384 ’ὑψηλοτέραν
1687 5310 2051 5384 κατασκευάζει,

483 5371 565 5436 Ve]?
593 5375 678 5430 τὴν
702 5371 956 5435 ίνὲτομονὴν
998 5371 1200 5436 ἐμποιεῖ,
1240 5371 1531 5436 ὑψηλότερον
1567 5371 1930 5430 κατασκευάζει·
1965 5371 2052 5422 sed

489 5433 608 5481 mliti
652 5433 822 5483 nostri
841 5435 990 5483 lectio
1009 5433 1203 5492 melior,
1225 5433 1336 5494 qua
1358 5433 1667 5482 conﬁrmatur
1693 5437 1844 5482 etiam
1867 5449 1930 5482 ex
1959 5437 2050 5484 Co-

478 5500 589 5548 dice
613 5495 914 5544 Colberlino.

477 5597 485 5604 .
533 5561 573 5620 _‘
599 5557 736 5608 Cnlb.
761 5557 967 5619 ἐπήγαγε
987 5556 1347 5619 πειρασμὸν.....
1369 5554 1572 5604 ἐναντίον
1592 5557 1819 5620 παρέσχε,
1844 5558 1920 5606 καὶ
1945 5574 2049 5605 ποι-

482 5618 596 5676 μένα
617 5620 854 5678 εἰσήγαγε.

2158 1485 2227 1538 τά
2255 1486 2515 1551 ἐκείνων;
2561 1487 2648 1539 Ἐν
2675 1487 2926 1562 αἰσχύνῃ.
2947 1487 3061 1541 Ποῦ
3089 1489 3195 1541 εἰσι
3226 1489 3295 1543 τὰ
3309 1490 3567 1553 ἐκείνων;
3593 1491 3732 1545 Οὑδέ

2161 1571 2464 1638 φαίνονται.
2513 1570 2624 1640 Τὴν
2674 1573 2882 1641 ἀγοράν
2935 1574 3339 1643 περιέρχομαι,
3400 1573 3496 1623 καὶ
3540 1575 3730 1627 οὐδένα

2160 1652 2358 1720 βλέπω.
2385 1652 2562 1704 Φύλλα
2590 1649 2680 1723 ἦν,
2704 1656 2796 1706 καὶ
2822 1655 3026 1724 ἀνέμου
3063 1660 3408 1725 φυσήσαντος
3441 1657 3696 1720 ἐξέπεσεν
3715 1675 3728 1686 ’

2159 1737 2338 1804 ἄχυρα
2385 1733 2474 1807 ἦν,
2522 1738 2616 1790 καὶ
2665 1739 3067 1810 άνερῤιπίσθη,
3125 1740 3220 1792 καὶ
3270 1743 3299 1793 0
3357 1743 3503 1803 σῖτος
3558 1742 3731 1809 ἐφάνη

2159 1819 2394 1889 ὥριμος·
2452 1821 2714 1890 μόλυϐδος
2760 1819 2848 1892 ἧν,
2901 1825 2997 1876 καὶ
3045 1824 3236 1895 ἐτάκη,
3286 1819 3384 1876 καί
3416 1825 3474 1876 τὸ
3514 1826 3734 1895 χρυσίον

2159 1904 2392 1968 διέμεινε
2422 1905 2678 1975 καθαρόν.
2713 1907 2808 1969 Τίς
2851 1907 3047 1971 αὐτοὺς
3073 1908 3320 1974 ἐλαύνει;
3351 1907 3536 1971 Οὐδείς
3558 1925 3571 1938 ·
3599 1909 3736 1961 ἀλλά

2160 1989 2220 2040 τὸ
2255 1990 2490 2052 συνειδὸς
2540 1989 2798 2060 πολέμιον
2827 1991 3010 2060 ἔχουσι
3064 1993 3413 2044 συνοικοῦντα
3454 1993 3594 2063 μετά
3632 1994 3734 2060 τὴν

2163 2071 2459 2141 ἁμαρτίαν.
2517 2074 2696 2125 ἰσασι
2745 2074 2798 2125 τί
2852 2074 3116 2144 ἔπραξαν.
3162 2076 3313 2128 Ἐπεὶ¹
3364 2075 3458 2126 καὶ
3509 2076 3537 2125 0
3594 2074 3738 2127 Κάῖν

2161 2155 2410 2208 ἐϐούλετο
2440 2156 2640 2224 σφάξαι
2673 2157 2764 2211 τὸν
2797 2159 3021 2226 ἀδελφὸν
3063 2160 3227 2212 αὑτοῦ
3253 2175 3269 2189 ⁸
3310 2160 3422 2212 ἀλλ’
3456 2161 3543 2213 ὅτε
3573 2161 3733 2212 ἐϐού-

2161 2240 2283 2292 λετο
2317 2240 2536 2308 σφάξαι,
2560 2243 2592 2309 ή
2621 2242 2884 2311 ἐπιθυμία
2911 2243 3062 2312 ἧνθει
3088 2259 3101 2272 ⁸
3135 2244 3320 2313 ἐπειδὴ
3351 2244 3406 2296 δὲ
3432 2243 3528 2314 τὴν
3552 2245 3738 2312 άμαρ-

2161 2321 2281 2374 τίαν
2323 2323 2640 2393 εἰργάσατο,
2687 2324 2887 2376 στένων
2932 2328 3024 2378 καὶ
3065 2325 3282 2396 τρέμων
3332 2326 3606 2396 πανταχοῦ
3636 2327 3738 2395 τῆς

2161 2403 2488 2475 οἰκουμένης
2519 2408 2868 2476 περιήρχετο.
2903 2404 3060 2462 Οὗτοι
3085 2409 3163 2473 δὲ,
3201 2410 3248 2460 εἰ
3276 2412 3368 2460 καὶ
3395 2409 3469 2478 μὴ
3497 2409 3738 2476 ἔσφαξαν

2162 2488 2228 2556 τῇ
2281 2487 2486 2556 πείρᾳ.
2539 2487 2676 2540 ἀλλά
2726 2490 2967 2556 ἔσφαξαν
3019 2493 3085 2559 τῇ
3139 2490 3351 2562 γνώμῃ.
3425 2491 3488 2543 Ἡ
3552 2493 3740 2562 σφαγὴ

2165 2569 2556 2641 προεχώρησεν
2583 2571 2706 2624 ὅσον
2731 2573 2869 2624 κατὰ
2889 2574 2987 2642 τὴν
3011 2574 3234 2626 ἐκείνων
3259 2574 3520 2643 πονηρίαν
3537 2590 3550 2602 ’
3594 2577 3626 2644 ἡ
3680 2575 3740 2626 δὲ

2165 2652 2281 2724 ζωὴ
2306 2655 2660 2725 συνεχωρήθη
2701 2655 2790 2708 διά
2837 2655 2935 2725 τὴν
2965 2655 3060 2708 τοῦ
3112 2657 3249 2709 Θεοῦ
3303 2657 3740 2727 φιλανθρωπίαν.

2166 2734 2350 2789 Ταῦτα
2377 2735 2554 2804 λέγω,
2605 2738 2702 2808 τὴν
2737 2739 3050 2808 προθυμίαν
3079 2739 3177 2810 τὴν
3210 2740 3483 2810 ὑμετέραν
3515 2741 3740 2793 ἐπαλεί-

2164 2833 2300 2886 φων,
2332 2821 2418 2872 ἵνα
2449 2820 2719 2891 μηδέποτε
2746 2822 3018 2892 φοϐηθῆτε
3069 2823 3393 2894 πειρασμόν.
3436 2824 3616 2894 Πέτρα
3651 2820 3737 2888 εἶς

2166 2903 2454 2974 Μη-φοϐοῦ
2497 2905 2566 2958 τά
2605 2905 2859 2976 κύματα·
2901 2908 3031 2961 Ἑπί
3066 2909 3177 2977 γὰρ
3208 2909 3393 2977 ταύτῃ
3432 2909 3506 2976 τῇ
3552 2908 3743 2976 πέτρᾳ

2166 2985 2541 3056 οἰκοδομήσω
2557 3005 2675 3056 μου
2697 2989 2813 3056 τὴν
2843 2989 3236 3058 Ἐκκλησίαν,
3265 2992 3362 3045 καί
3386 2992 3572 3044 πύλαι
3589 2990 3740 3057 ᾷὲου

2163 3073 2234 3125 οὐ
2281 3075 2766 3139 κατισχύσουσιν
2816 3073 3052 3142 αὐτῆς,
3109 3075 3262 3144 φησί.
3338 3076 3475 3128 Ποτέ
3540 3075 3743 3138 ἔξωθεν

2162 3155 2211 3206 οἱ
2249 3155 2510 3224 πόλεμοι,
2550 3156 2680 3209 ποτέ
2706 3155 2916 3210 ἔνδοθεν
2941 3171 2956 3186 ο
2985 3157 3122 3210 ἀλλά
3147 3159 3324 3223 οὐδεὶς
3351 3157 3742 3222 καταποντίζει

2163 3237 2223 3290 τὸ
2249 3237 2476 3305 σκάφος.

2235 3319 2385 3392 [454]
2401 3321 2466 3390 β’.
2495 3321 2634 3374 Ἀλλ’
2650 3323 2735 3377 ἵνα
2753 3322 2828 3394 μὴ
2850 3324 2940 3378 τὸν
2963 3325 3176 3379 ἅπαντα
3201 3325 3391 3397 καιρὸν
3409 3327 3488 3389 εἰς
3507 3325 3575 3378 τά
3596 3325 3738 3376 ἐκείο

2162 3421 2268 3457 νων
2286 3405 2606 3476 ἐγκλήματα
2623 3407 3008 3480 ἀναλώσωμεν,
3024 3410 3357 3482 παραδόντες
3375 3410 3601 3472 ἑαυτοὺς
3622 3407 3639 3446 ί
3660 3409 3746 3478 τῷ

2163 3494 2312 3563 φόϐῳ
2327 3493 2421 3547 τοῦ
2444 3497 2762 3562 συνειδότος,
2775 3499 2868 3550 καὶ
2879 3498 2970 3551 τὺν
2983 3499 3174 3570 δήμιον
3190 3500 3416 3568 ἀφέντες
3433 3498 3744 3562 ταλανίζειν

2161 3581 2341 3632 αὐτῶν
2365 3580 2467 3648 τὴν
2509 3583 2746 3637 διάνοιαν
2777 3587 2871 3639 καὶ
2907 3587 2999 3639 τὸν
3051 3587 3310 3658 λογισμὸν
3341 3589 3449 3640 τῶν
3489 3589 3745 3658 ἀκαίρων

2163 3671 2490 3738 ἐπιθυμιῶν,
2519 3672 2751 3740 ἀφέντες
2775 3670 2917 3728 εἶναι
2945 3675 3209 3745 φυγάδας,
3241 3677 3469 3747 μηδενὸς
3490 3676 3739 3728 ἐλαύνονο

2160 3759 2514 3825 τος,άφέντες
2545 3757 2684 3813 εἶναι
2706 3761 2956 3832 ἀτίμους,
2982 3763 3206 3833 μηδενὸς
3232 3765 3417 3828 αὐτοῖς
3445 3765 3570 3818 πολε
3581 3765 3739 3834 μοῦνα

2161 3861 2251 3907 τος
2267 3862 2280 3874 ·
2315 3848 2478 3916 ἡμεῖς
2502 3847 2600 3918 τὴν
2622 3850 2823 3920 συνήθη
2848 3850 3253 3922 παραθήσωμεν
3276 3853 3573 3923 τράπεζαν.
3600 3855 3736 3906 Οὐδὲ

2161 3939 2270 4010 γὰρ
2298 3939 2505 3992 δίκαιον
2547 3941 2639 3994 τὸν
2667 3943 2862 4013 καιρὸν
2895 3943 3172 3997 ἀναλῶσαι
3207 3946 3287 4008 εἰς
3319 3946 3386 3998 τὰ
3415 3946 3740 4016 ἐγκλήματα

2160 4030 2269 4083 τῶν
2302 4031 2532 4102 ἐχθρῶν,
2557 4034 2651 4087 καὶ
2674 4035 2742 4087 τά
2765 4035 2952 4089 παιδία
2979 4035 3122 4106 λιμῷ
3145 4038 3421 4108 τηκόμενα
3464 4038 3735 4109 παριδεῖν.

2161 4121 2305 4183 Χθές
2333 4123 2513 4175 τοίνυν
2537 4126 2565 4176 0
2589 4123 2798 4188 Παῦλος
2827 4127 2925 4196 τὴν
2950 4127 3230 4197 τράπεζαν
3269 4130 3400 4198 ἡμῖν
3429 4129 3738 4198 παρέθηκε,

2164 4211 2404 4282 σήμερον
2433 4216 2460 4266 0
2483 4215 2758 4280 Ματθαῖος
2783 4233 2796 4246 ·
2845 4219 2972 4287 χθὲς
3005 4219 3034 4272 0
3058 4220 3401 4288 σκηνοποιὺς,
3435 4223 3674 4292 σήμερον
3709 4223 3741 4274 δ

2162 4299 2425 4370 τελώνηςο
2452 4302 2578 4372 χθὲς
2598 4304 2625 4354 0
2653 4303 2993 4376 βλάσφημος,
3024 4308 3263 4379 σήμερον
3297 4309 3327 4360 0
3350 4309 3563 4379 ἅρπαξ
3605 4309 3738 4378 χθὲς

2161 4393 2190 4445 0
2221 4391 2474 4462 διώκτης,
2510 4397 2747 4470 σήμερον
2777 4399 2805 4450 0
2843 4397 3190 4470 πλεονέκτης.
3235 4401 3374 4453 Ἀλλ’
3414 4404 3443 4455 0
3489 4401 3735 4472 βλάσφη-

2165 4501 2264 4552 μος
2279 4484 2380 4537 οὐκ
2405 4485 2950 4559 ἔμεινέβλάσφημος,
2979 4490 3105 4543 ἀλλ’
3135 4491 3352 4559 ἐγένετο
3399 4492 3698 4556 ἀπόστολος
3719 4512 3735 4524 ο

2161 4573 2295 4628 καὶὸ
2317 4573 2494 4644 ἅρπαξ
2522 4579 2623 4631 οὐκ
2653 4579 2868 4648 ἔμεινεν
2898 4581 3100 4652 ἅρπαξ,
3120 4583 3234 4636 ἀλλ’
3251 4583 3468 4652 ἐγένετο
3497 4585 3732 4653 εὐαγγε-

2161 4665 2368 4738 λιστής.
2418 4669 2576 4738 Λέγω
2621 4672 2716 4724 καὶ
2766 4671 2866 4742 τὴν
2916 4676 3187 4746 προτέραν
3234 4675 3458 4738 κακίαν,
3495 4678 3586 4730 καὶ
3633 4677 3737 4747 τὴν

2163 4758 2300 4828 μετὰ
2335 4757 2508 4812 ταῦτα
2538 4762 2759 4833 ἀρετὴν,
2800 4763 2886 4816 ἵνα
2911 4764 3089 4837 μάθῃς
3111 4767 3210 4837 ὅση
3244 4768 3343 4838 τῆς
3379 4769 3670 4838 μετανοίας
3702 4773 3736 4839 ὴ

2159 4850 2394 4918 ὠφέλεια
2413 4855 2458 4915 ε,
2496 4853 2583 4906 ἵνα
2609 4855 2880 4924 μηδέποτέ
2906 4874 2998 4910 σου
3027 4859 3126 4928 τῆς
3158 4861 3429 4930 σωτηρίας
3450 4862 3728 4932 ἁπογνῴ-ς.

2157 4941 2219 4994 OE
2255 4941 2562 4996 διδάσκαλοι
2589 4946 2746 5016 ⁴ἡμῶν
2771 4948 2882 5000 ἀπὸ
2911 4949 3184 5019 ἁμαρτίας
3214 4950 3457 5022 ἔλαμπον
3478 4952 3584 5022 πρὸ
3608 4957 3734 5008 τού-

2156 5049 2271 5098 του,
2295 5033 2407 5086 άλλ⁹
2437 5033 2662 5106 ὕστερον
2691 5037 2938 5108 ἔλαμψαν
2965 5040 3074 5094 ἀπὸ
3093 5040 3456 5113 δικαιοσύνης,
3495 5045 3736 5116 τελώνης

2158 5125 2250 5177 καὶ
2277 5125 2615 5197 βλάσφημος,
2648 5128 2714 5181 τά
2741 5131 3028 5197 ἀκροθίνια
3064 5134 3164 5203 τῆς
3209 5135 3494 5206 πονηρίας.
3526 5137 3592 5188 Τί
3622 5139 3737 5208 γάρ

2155 5220 2270 5271 ἐστι
2293 5219 2573 5286 τελῶνιον;
2609 5219 2858 5294 Ἀρπαγὴ
2873 5224 3112 5291 ἔννομος,
3131 5227 3221 5297 βία
3247 5231 3734 5301 πεπαῤῥησιασμέ-

2154 5327 2240 5380 νη,
2277 5310 2458 5364 ἀδικία
2501 5313 2664 5382 νόμον
2703 5314 2905 5384 ἔχουσα
2954 5323 3283 5390 συνήγορον·
3332 5321 3544 5392 λῃστῶν
3570 5323 3734 5393 χαλε-

2155 5401 2398 5474 πὼτερος
2419 5405 2447 5456 0
2479 5405 2738 5476 τελώνης.
2773 5409 2836 5460 Τί
2867 5410 2980 5464 ἐστι
3017 5411 3299 5482 reid:ku
3335 5405 3432 5469 Bia.
3459 5415 3624 5487 νόμον
3651 5419 3733 5482 είς

2223 5557 2238 5622 ί
2269 5559 2420 5622 Sari].
2441 5561 2640 5621 mnjicit
2662 5565 2843 5622 αὐτούς.

2215 5621 2238 5660 ε
2261 5622 2327 5670 tio
2349 5621 2396 5670 b.
2422 5630 2504 5682 τῆς
2525 5629 2786 5688 μεταϐολῆς
2804 5621 2834 5687 ἡ
2853 5631 3104 5694 προθυμία.
