4100 6196
1758 180 1845 237 DE
1899 181 2327 239 CIIANANEA.
3557 187 3664 243 ‘50

2127 535 2149 562 \

1133 715 1259 801 ΙΝ
1335 712 2132 804 DIMISSIONEM
2207 714 2957 806 CHANANIEIE.

1038 962 1269 1008 HABITA
1323 961 1536 1008 AUTEM
1590 961 1706 1007 ns'r
1763 962 1919 1008 pos'r
1976 963 2123 1010 EJUS
2176 965 2455 1010 REDITUM
2505 965 2585 1009 an
2641 965 2878 1010 exsmo
2934 949 3041 1031 (a).

468 1490 520 1543 1.
549 1489 864 1557 Tempestas
889 1486 1075 1556 ingens
1101 1487 1258 1541 saevit
1283 1527 1298 1552 ,
1330 1485 1424 1542 sed
1453 1502 1637 1543 eorum
1663 1488 1752 1558 qui
1782 1502 1980 1543 conve-

394 1591 587 1636 nerunt
616 1580 945 1634 alacritatem
976 1593 1082 1632 non
1113 1577 1387 1641 cohibuit;
1419 1579 1602 1633 multa:
1633 1581 1976 1641 tentationes,

394 1672 492 1726 sed
521 1669 846 1726 desiderium
884 1677 1120 1723 vestrum
1160 1683 1265 1722 non
1308 1669 1599 1724 solverunt.
1647 1669 1763 1724 Non
1805 1680 1981 1725 cessat

396 1762 637 1817 Ecclesia
677 1759 970 1830 oppugnari
1000 1801 1015 1826 ,
1043 1769 1098 1814 et
1135 1758 1387 1825 vincere;
1430 1759 1634 1813 insidiis
1679 1761 1896 1828 impeti,
1926 1768 1981 1814 et

401 1866 652 1921 superare
676 1850 917 1906 insidias.
939 1850 1149 1916 Quanto
1171 1851 1340 1919 magis
1360 1851 1448 1903 alii
1471 1850 1807 1914 insidiantur,
1831 1858 1979 1904 tanto

403 1943 573 2013 magis
601 1942 686 1995 illa
713 1950 935 2011 augetur
963 1959 978 1995 :
1009 1941 1201 1996 ﬂuctus
1226 1941 1570 2010 dissipantur,
1602 1951 1656 1994 et
1694 1951 1842 2011 petra
1873 1950 1980 1996 stat

396 2032 704 2088 immobilis.
733 2032 971 2088 Interdiu
995 2032 1257 2096 doctrina,
1286 2039 1447 2086 noctu
1475 2031 1664 2101 vigilia;
1683 2046 1698 2098 ;
1716 2032 1830 2087 dies
1857 2047 1978 2088 cum

392 2135 550 2180 nocte
576 2133 748 2180 certat
772 2141 786 2179 :
819 2124 930 2178 illic
957 2123 1218 2190 collectte,
1244 2132 1297 2178 et
1333 2123 1420 2177 hic
1446 2123 1684 2177 collectae
1715 2139 1730 2178 :
1761 2137 1865 2178 nox
1894 2121 1978 2178 fo-

391 2229 509 2272 rum
555 2217 824 2272 convertit
868 2215 924 2271 in
964 2216 1285 2281 ecclesiam;
1315 2215 1565 2270 alacritas
1607 2215 1772 2269 animi
1814 2216 1978 2270 vestri

391 2312 512 2381 igne
537 2311 907 2365 vehementior
930 2317 1035 2364 est.
1063 2308 1446 2364 Cohortatione
1473 2322 1581 2362 non
1608 2309 1854 2378 indigetis
1876 2349 1892 2375 ,
1923 2319 1980 2363 et

389 2402 628 2457 studium
665 2400 929 2456 eshibetis
970 2409 1232 2456 vestrum.
1273 2401 1403 2468 Quis
1445 2415 1551 2454 non
1590 2399 1978 2468 Obstupescat?

389 2493 508 2563 quis
545 2507 654 2547 non
698 2492 971 2547 miretur?
998 2491 1114 2546 Non
1159 2489 1319 2545 modo
1344 2491 1430 2560 qui
1461 2491 1631 2546 nostri
1675 2499 1832 2555 eunt,
1869 2504 1976 2544 non

388 2583 675 2639 abfuerunt
698 2623 714 2648 ,
753 2583 850 2638 sed
873 2583 1035 2638 etiam
1061 2581 1153 2652 qui
1196 2581 1365 2636 nostri
1395 2596 1500 2636 non
1538 2589 1661 2636 sunt
1684 2623 1699 2646 ,
1731 2595 1975 2636 accesse-

387 2684 513 2731 runt
579 2673 597 2704 ³
634 2711 651 2728 .
693 2671 1005 2743 llujusmodi
1046 2679 1129 2727 est
1171 2672 1523 2726 tentationum
1555 2672 1774 2726 lucrum
1805 2688 1820 2724 :
1849 2686 1974 2725 nam

384 2771 524 2824 sicut
550 2767 730 2837 pluvia
756 2766 1010 2822 decidens
1044 2765 1250 2820 semina
1274 2765 1505 2829 excitat,
1550 2764 1630 2820 sic
1663 2773 1718 2819 ct
1743 2765 1975 2820 animam

387 2859 647 2914 invadens
692 2859 913 2913 tentatio
957 2858 1114 2928 erigit
1151 2859 1408 2911 animum.
1439 2856 1674 2924 Verbum
1721 2857 1816 2912 Dei
1844 2864 1971 2912 est:

387 2952 705 3007 inconcussa
744 2958 828 3003 est
869 2948 1104 3003 Ecclesia
1135 2964 1150 3002 :
1180 2946 1354 3002 Porta:
1388 2947 1538 3017 inferi
1581 2963 1683 3000 non
1729 2948 1974 3016 prevente-

389 3044 507 3094 bunt
535 3041 779 3093 adversus
809 3055 920 3092 eam
953 3037 972 3111 (
997 3037 1176 3092 Matth.
1210 3037 1298 3093 16.
1327 3037 1452 3106 18).
1482 3037 1584 3103 Qui
1610 3038 1879 3107 impugnat
1907 3036 1973 3091 il-

388 3133 516 3194 lam,
533 3145 592 3184 se
614 3130 788 3200 ipsum
813 3127 1074 3199 proﬂigat,
1103 3127 1378 3197 ipsamque
1404 3126 1676 3182 fortiorem
1698 3127 1968 3183 ostendit:

390 3227 475 3292 qui
513 3224 787 3295 impugnat
829 3221 970 3275 illam
995 3261 1011 3287 ,
1037 3220 1180 3274 vires
1217 3232 1342 3273 suas
1367 3217 1548 3289 dejicit
1573 3257 1588 3284 ,
1626 3227 1972 3288 nostrumque

387 3327 644 3387 tropaeum
670 3315 848 3370 reddit
873 3313 1152 3368 illustrius.
1178 3311 1498 3381 Splendidus
1522 3320 1638 3365 erat
1663 3321 1820 3366 antea
1845 3310 1968 3379 Job,

387 3420 570 3478 postea
613 3423 743 3462 vero
792 3404 1119 3476 Splendidior
1161 3402 1424 3472 apparuit.
1471 3401 1694 3469 Quando
1740 3415 1970 3470 corpore

386 3514 547 3553 mnus
571 3505 708 3563 erat,
741 3512 846 3550 non
874 3496 945 3550 ita
973 3491 1284 3564 splendidus
1311 3490 1427 3559 fuit,
1459 3500 1519 3546 ut
1544 3506 1665 3545 cum
1690 3491 1968 3544 vulnerum

385 3590 536 3644 sanie
576 3587 954 3644 coronabatur.
993 3585 1115 3640 Noli
1147 3583 1492 3640 tentationem
1521 3595 1770 3652 umquam
1800 3579 1964 3635 refor-

385 3683 629 3747 midare,
673 3682 719 3734 si
757 3687 1104 3750 praeparatam
1153 3677 1349 3730 habeas
1386 3675 1641 3730 animam.
1671 3673 1966 3728 Tribulatio

385 3774 516 3827 nihil
544 3772 712 3827 officit
738 3811 756 3838 ,
798 3770 891 3825 sed
937 3768 1242 3839 patientiam
1271 3774 1524 3835 operatur
1552 3764 1570 3835 (
1601 3763 1756 3818 Rom.
1783 3765 1837 3819 5.
1865 3764 1900 3818 5
1920 3762 1959 3834 ).

384 3866 516 3920 Nam
548 3863 996 3935 quemadmodum
1021 3861 1150 3916 nihil
1178 3860 1342 3915 ol'licit
1365 3873 1496 3912 auro
1525 3857 1734 3921 fornax,
1763 3858 1842 3911 sic
1867 3872 1966 3912 nc-

385 3973 490 4026 que
517 3957 789 4012 tribulatio
815 3969 1075 4026 generoso
1101 3961 1274 4007 nocet.
1305 3952 1444 4019 Quid
1477 3950 1602 4005 facit
1632 3949 1819 4005 fornax
1845 3964 1967 4020 quae

386 4063 574 4102 aurum
619 4046 858 4118 excipit?
901 4045 1100 4100 Purum
1143 4043 1270 4098 illud
1314 4041 1510 4096 reddit.
1550 4041 1687 4109 Quid
1716 4050 1967 4128 Operatur

387 4140 658 4194 tribulatio
719 4135 1016 4192 toleranti?
1069 4133 1408 4189 Patientiam.
1463 4132 1840 4187 Sublimiorem
1901 4130 1966 4184 il-

388 4233 495 4285 Ium
513 4231 695 4296 eflicit,
713 4229 1217 4292 desidiam-resecat,
1235 4227 1468 4280 animum
1492 4224 1715 4294 colligit,
1732 4231 1962 4278 mentem

385 4323 562 4378 reddit
610 4321 1100 4391 temperantiorem.
1128 4317 1448 4372 lnvexerunt
1483 4316 1828 4374 tentationem
1853 4353 1870 4380 ,
1907 4320 1966 4368 ut

389 4429 514 4468 ovcs
536 4413 833 4483 abigerent,
858 4419 914 4466 et
939 4410 1263 4466 contrarium
1291 4409 1466 4464 evenit
1497 4408 1553 4474 ¹;
1595 4406 1684 4461 illa
1707 4404 1849 4462 enim
1871 4419 1964 4475 pa-

388 4519 583 4561 storem
613 4505 928 4560 introduxit.

462 4597 640 4652 Hostes
662 4595 1004 4667 Chrysostomi
1022 4594 1111 4648 illo
1139 4608 1335 4648 reverso
1355 4593 1614 4661 fugerunt.
1651 4589 1962 4645 Pubticanus

385 4689 513 4754 quis.
533 4687 770 4741 Liberum
798 4685 1083 4740 arbitrium.
1115 4683 1419 4738 Pamitentia
1445 4681 1617 4735 omnia
1643 4682 1767 4736 vitia
1789 4680 1959 4735 solvit.

457 4806 508 4865 α)
535 4805 722 4854 Collata
751 4817 860 4853 cum
883 4802 1062 4854 Codice
1095 4801 1376 4865 Colbertino
1400 4800 1510 4865 5635.

482 4859 698 4915 (Iolbert.
730 4867 910 4913 verba:
938 4865 1009 4913 Οὐ
1035 4865 1175 4925 μόνον
1211 4866 1256 4911 οἱ
1292 4864 1419 4917 ὄντες
1456 4863 1544 4925 οὐκ
1578 4859 1942 4925 ἀπελείφθῃσαν,

377 4929 496 4980 ἀλλὰ
515 4930 595 4989 sui
627 4930 690 4989 μὴ
717 4918 1222 4989 ὄντες-πρᾳσείένογτο,
1247 4925 1290 4972 Ν
1297 4937 1358 4989 on
1382 4922 1524 4972 modo
1551 4920 1634 4985 qui
1663 4918 1816 4989 nostri
1840 4926 1946 4989 sunt

377 5004 471 5044 non
487 4983 756 5051 obfuerunt,
777 4986 863 5038 sed
891 4983 1036 5037 etiam
1062 4983 1320 5051 quinostri
1360 4997 1455 5033 non
1477 4983 1605 5051 sunt,
1633 4983 1946 5051 advenerunt,

377 5043 464 5101 sic"
487 5043 710 5101 breviter
747 5043 1005 5098 enuntiata
1047 5043 1280 5108 explicari
1325 5054 1444 5108 puto
1471 5058 1560 5107 per
1586 5045 1709 5108 haec
1731 5043 1948 5108 socratis

380 5117 567 5165 verba:
604 5111 664 5160 '0
707 5112 759 5159 δὲ
803 5111 914 5166 λαὸς
955 5102 1168 5171 ἀφορηὲὰ
1211 5102 1510 5171 {cruciatam
1551 5107 1633 5171 olet
1669 5105 1720 5151 δὲ
1744 5104 1812 5171 ’ἐν
1849 5102 1950 5171 ac};

377 5163 612 5228 tcto-61m;
644 5172 764 5235 φιλεῖ
803 5163 1239 5235 γίνεὶῖθαίλίτὲολλοὶ
1285 5171 1380 5235 τῷν
1421 5169 1642 5235 ἀπεχθῶς
1673 5163 1950 5235 apag-aurci:

378 5235 580 5296 ἐχόντων
600 5225 678 5284 liti
703 5225 862 5282 οῐκτὸν
880 5225 1240 5296 μετεϐάλλογτο,
1257 5230 1338 5296 τεαὶ
1352 5225 1752 5296 Δσςυιιθφῇἱγτςείσἰθύει
1771 5225 1950 5296 ilex-av,

379 5287 436 5342 εἶ
451 5296 605 5362 μικρῷ
627 5287 1246 5362 έναιε›ς›‹)’θεηί.ι‹,οιϋιςιφημιὲνφέΔ
1265 5287 1519 5362 ausoauso?
1539 5289 1842 5362 Osdaagﬂat::_

377 5341 851 5417 ouEiVioife‘ridum
888 5353 939 5404 in
967 5341 1166 5417 modum
1194 5341 1569 5417 tttmuittu'tbatur
1592 5360 1609 5397 :
1631 5353 1772 5417 utque
1795 5341 1843 5392 in
1863 5343 1954 5414 Iin-

368 5405 762 5481 insedimus
793 5417 918 5467 solet
945 5412 1162 5481 euenire,
1202 5410 1342 5461 multi
1379 5423 1548 5481 eorum
1575 5407 1660 5472 qui
1688 5405 1956 5481 infensoin

377 5473 516 5530 illum
535 5478 699 5529 animo
718 5483 874 5537 erant,
915 5473 1225 5537 miseratione
1264 5473 1591 5537 movebantur,
1630 5479 1956 5537 eumquehm-

377 5529 576 5609 luminis
617 5529 901 5609 oppressum
923 5536 1164 5596 dicebant,
1199 5548 1340 5601 quem
1361 5533 1510 5596 paulo
1543 5537 1653 5582 ante
1682 5529 1956 5592 depositum

382 5606 549 5653 ridere
568 5608 869 5663 optauerant.
1002 5657 1014 5663 _
1494 5653 1504 5663 .
1531 5653 1561 5663 ..
1857 5647 1869 5659 ο

443 5667 462 5696 ³
487 5653 624 5715 (lolii.
648 5660 847 5725 inuexit,
885 5674 974 5725 pro
997 5657 1310 5724 invaserunt;
1334 5653 1580 5725 prwstitit,
1607 5667 1712 5718 pro,
1732 5653 1903 5706 evenit.

2082 1519 2154 1530 --
2169 1489 2287 1556 Quo
2309 1491 2359 1545 in
2377 1500 2515 1546 statu
2532 1501 2655 1546 sunt
2669 1507 2756 1547 res
2776 1502 2970 1548 nostrae
2985 1495 3008 1548 ’ἰ
3022 1494 3290 1552 Laudibus
3305 1501 3654 1557 celebrantur.

2082 1583 2200 1649 Quo
2223 1584 2274 1637 in
2301 1593 2438 1638 statu
2467 1599 2552 1639 res
2579 1585 2825 1640 illorum?
2847 1587 3133 1656 Ignominia
3164 1593 3514 1646 cumulantur.
3547 1595 3658 1662 Qua

2081 1674 2384 1728 conditione
2397 1685 2520 1728 sunt
2535 1675 2746 1730 illorum
2769 1679 2973 1746 negotia
2993 1677 3014 1731 ’ἔ
3045 1678 3124 1734 Ne
3143 1692 3400 1748 apparent
3420 1684 3630 1752 quidem
3644 1723 3658 1738 .

2081 1764 2276 1818 Forum
2307 1780 2580 1832 percurro,
2625 1777 2679 1820 et
2718 1770 2982 1823 neminem
3014 1771 3187 1825 video.
3219 1773 3459 1829 Frondes
3481 1786 3654 1841 erant,

2080 1862 2135 1906 et
2153 1855 2314 1908 ﬂante
2334 1863 2500 1908 vento
2520 1856 2867 1922 ceciderunt;
2903 1859 3067 1926 palea:
3094 1870 3267 1926 erant,
3310 1873 3364 1917 et
3392 1864 3660 1934 dissipatae

2080 1951 2226 2010 sunt,
2277 1943 2716 2015 frumentumque
2761 1957 3026 2002 maturutn
3073 1951 3344 2019 apparuit;
3385 1955 3656 2022 plumbum

2079 2044 2212 2100 erat,
2261 2044 2316 2090 et
2343 2035 2677 2104 liquefactum
2719 2047 2821 2100 est,
2853 2049 3012 2109 atque
3042 2057 3238 2110 purum
3281 2046 3536 2099 remansit
3564 2061 3660 2100 an-

2079 2137 2218 2178 rum.
2251 2125 2380 2192 Quis
2399 2125 2598 2196 fugavit
2627 2128 2784 2182 illos?
2817 2128 3016 2196 Nemo;
3063 2132 3157 2185 sed
3187 2133 3538 2189 domesticum
3569 2137 3652 2189 ha-

2079 2213 2207 2268 bent
2253 2215 2463 2270 hostem
2511 2218 2888 2273 conscientiam
2937 2229 3058 2288 post
3108 2232 3402 2290 peccatum.
3463 2225 3650 2281 Sciunt
3749 2280 3760 2294 ,

2078 2305 2204 2374 quid
2234 2304 2474 2361 fecerint.
2505 2307 2634 2362 Nam
2663 2319 2716 2362 et
2733 2308 2862 2364 Cain
2897 2311 3109 2366 volebat
3141 2313 3358 2368 fratrem
3386 2329 3539 2370 suum
3561 2333 3657 2373 oc-

2077 2395 2257 2450 cidere
2279 2394 2432 2464 (Gen.
2463 2396 2522 2467 4)
2552 2415 2566 2452 :
2592 2398 2686 2453 sed
2711 2412 2831 2452 cum
2862 2400 3370 2469 volebattoccidere,
3390 2406 3655 2474 cupiditas

2077 2487 2298 2543 ardebat
2325 2505 2338 2542 :
2372 2497 2650 2559 postquam
2681 2501 2858 2546 autem
2887 2504 3164 2562 peccatum
3188 2499 3529 2565 perpetravit,
3555 2514 3651 2569 ge-

2077 2592 2229 2632 mens
2252 2593 2316 2633 ac
2342 2587 2578 2634 tremens
2607 2579 2798 2650 ubique
2829 2591 3084 2636 terrarum
3107 2584 3415 2653 vagabatur.
3445 2586 3505 2640 Hi
3530 2603 3657 2642 vero

2077 2668 2201 2724 licet
2223 2670 2397 2738 reipsa
2418 2685 2522 2724 non
2549 2670 2862 2737 occiderint,
2905 2681 2960 2725 at
2999 2672 3270 2727 voluntate
3303 2682 3479 2729 tamen
3512 2677 3656 2730 occi-

2075 2759 2292 2814 derunt.
2339 2760 2648 2831 Perpetrata
2699 2771 2782 2816 est
2807 2761 2984 2816 caedes
3030 2770 3286 2832 quantum
3335 2764 3390 2818 in
3440 2765 3656 2822 illorum

2076 2849 2405 2919 malignitate
2429 2850 2591 2905 situm
2620 2851 2717 2904 fuit
2756 2850 2889 2916 ;sed
2918 2852 3024 2905 vita
3055 2867 3310 2907 concessa
3332 2864 3416 2908 est
3439 2855 3531 2910 Dei
3563 2856 3656 2914 bc-

2074 2941 2350 3010 nignitate.
2379 2941 2506 2996 Ηωο
2527 2956 2558 2995 a
2590 2956 2676 2996 me
2699 2941 2966 3008 dicuntur,
2997 2952 3055 2998 ut
3073 2944 3403 2998 alacritatem
3419 2958 3653 3003 vestram

2074 3033 2325 3098 excitem,
2357 3040 2414 3086 ut
2458 3047 2749 3102 numquam
2771 3034 3115 3090 tentationem
3145 3034 3522 3092 refortnidetis.
3555 3038 3654 3093 Pe-

2074 3132 2153 3179 tra
2177 3125 2276 3179 es?
2303 3124 2381 3180 Ne
2427 3123 2619 3180 ﬂuctus
2643 3127 2854 3191 timeas,
2895 3141 3020 3179 nam
3073 3126 3240 3197 Super
3281 3128 3413 3181 hanc
3457 3141 3652 3199 petram

2072 3218 2333 3288 aediﬁcabo
2357 3216 2634 3271 Ecclesium
2653 3233 2840 3278 meam.
2866 3225 2914 3271 et
2941 3229 3101 3288 porta:
3117 3219 3266 3288 inferi
3287 3236 3385 3273 non
3411 3222 3652 3289 prwvale-

2072 3308 2195 3363 bunt
2217 3309 2454 3363 adversus
2475 3324 2585 3362 eam
2605 3307 2818 3376 (Matth.
2842 3310 2930 3363 16.
2958 3308 3061 3381 18)
3080 3352 3097 3372 .
3140 3311 3326 3379 inquit.
3350 3313 3649 3382 Aliquando

2070 3409 2344 3466 extranea,
2390 3400 2656 3456 interdum
2703 3401 2951 3457 intestina
2977 3412 3102 3457 sunt
3138 3403 3435 3470 bella;sed
3485 3421 3645 3462 nemo

2074 3500 2248 3561 potest
2274 3492 2449 3546 navim
2474 3491 2837 3562 submergere.

2135 3625 2191 3682 2.
2221 3625 2416 3683 Verum
2442 3642 2510 3682 ne
2551 3635 2718 3682 totum
2755 3633 2967 3698 tempus
3008 3627 3060 3682 in
3094 3625 3384 3685 referendis
3434 3631 3643 3690 illorum
3715 3673 3736 3685 .

2066 3719 2377 3775 criminibus
2405 3718 2794 3788 impendamus,
2814 3720 3151 3774 conscientia:
3179 3722 3365 3774 terrori
3392 3725 3639 3777 commit-

2066 3819 2242 3866 tamus
2267 3821 2381 3872 eos.
2429 3808 2747 3862 etsinamus
2792 3818 3023 3861 mentem
3067 3808 3275 3861 illorum
3315 3825 3378 3864 ac
3425 3811 3640 3866 nefariae

2062 3901 2326 3972 cupidinis
2371 3903 2625 3970 impetum
2669 3914 2700 3953 a
2729 3897 3019 3952 domestico
3044 3898 3293 3953 carniﬁce
3346 3901 3586 3955 divexari
3622 3919 3636 3955 :

2062 3995 2300 4048 sinamus
2324 4007 2416 4048 eos
2445 3991 2626 4062 fugere
2660 3990 2876 4044 nemine
2901 3999 3282 4059 persequente;
3316 3989 3554 4045 sinamus
3580 3991 3634 4045 in

2063 4083 2382 4157 ignominia,
2412 4082 2624 4139 nemine
2660 4087 2996 4154 oppugnante
3038 4095 3282 4151 :nosque
3329 4074 3634 4135 consuetam

2063 4193 2303 4232 mensam
2329 4177 2483 4231 vobis
2506 4189 2854 4245 apponamus.
2882 4174 2998 4228 Non
3019 4173 3161 4228 enim
3199 4190 3406 4242 mquum
3451 4183 3552 4239 est,
3584 4183 3642 4230 ut

2062 4279 2272 4339 tempus
2301 4276 2534 4322 teramus
2557 4263 3070 4320 referendisillorum
3092 4264 3403 4330 sceleribus,
3426 4273 3473 4318 et
3505 4264 3642 4319 filios

2060 4362 2298 4416 sinamus
2327 4357 2466 4412 fame
2509 4356 2756 4412 cruciari.
2807 4355 3070 4410 llesterno
3118 4356 3276 4425 igitur
3321 4354 3406 4409 die
3449 4355 3641 4410 Paulus

2061 4451 2215 4507 nobis
2243 4465 2481 4504 mensam
2505 4447 2798 4516 apparavit,
2840 4444 2998 4499 hodie
3024 4444 3332 4506 Matthazus;
3381 4444 3493 4497 heri
3520 4451 3638 4498 ten-

2062 4541 2254 4598 torium
2295 4539 2492 4610 opifex,
2541 4537 2699 4592 hodie
2747 4537 3088 4606 publicanus;
3120 4535 3229 4588 heri
3276 4535 3637 4603 blasphemus,

2061 4631 2221 4690 hodie
2261 4641 2475 4702 raptor;
2524 4630 2636 4684 heri
2673 4636 3038 4698 persequutor,
3079 4625 3237 4680 hodie
3281 4641 3493 4679 avarus.
3534 4625 3639 4680 Sed

2060 4727 2402 4798 blasphemus
2426 4725 2534 4789 illc,
2566 4723 2906 4790 blasphemus
2932 4735 3034 4772 non
3069 4718 3282 4779 mansit,
3306 4717 3398 4770 sed
3426 4727 3640 4786 aposto-

2063 4821 2147 4877 lus
2194 4822 2364 4876 factus
2387 4827 2503 4883 est;
2532 4831 2631 4871 nec
2657 4823 2838 4883 raptor
2867 4813 2917 4865 in
2951 4811 3149 4880 rapinis
3180 4811 3492 4878 permansit,
3539 4811 3634 4864 sed

2063 4915 2233 4969 factus
2284 4919 2368 4966 est
2405 4906 2748 4976 evangelista.
2799 4901 3172 4956 Commemoro
3212 4899 3486 4968 pristinam
3541 4915 3640 4953 ne-

2063 5003 2307 5076 quitiam,
2338 5009 2392 5055 et
2415 4998 2828 5065 subsequentem
2853 4991 3124 5056 virtutem,
3154 4999 3211 5044 ut
3239 4990 3414 5045 discas
3441 4999 3639 5059 quanta

2061 5092 2475 5165 sitptenitentim
2519 5088 2738 5151 utilitas,
2787 5100 2889 5140 nec
2917 5099 3166 5154 umquam
3206 5083 3274 5137 de
3324 5089 3412 5136 tua
3470 5082 3641 5135 salute

2060 5189 2334 5256 desperes.
2392 5183 2646 5236 Doctores
2701 5177 2866 5232 nostri
2936 5175 3082 5245 prius
3125 5173 3353 5242 nequitia
3410 5171 3642 5226 illustres

2063 5277 2246 5338 fuere,
2299 5272 2392 5327 sed
2440 5269 2632 5324 deinde
2682 5283 2713 5322 a
2754 5265 2958 5334 justitia
3023 5262 3275 5318 celebrati
3335 5271 3488 5323 sunt,
3543 5276 3641 5329 pu-

2061 5369 2301 5423 blicanus
2345 5374 2396 5418 et
2445 5359 2804 5428 blasphemus,
2854 5355 2960 5409 duo
2989 5354 3215 5408 vertices
3260 5352 3631 5422 improbitatis.

2060 5460 2194 5530 Quid
2224 5458 2364 5514 enim
2391 5465 2473 5511 est
2517 5451 2809 5509 telonium?
2831 5448 3033 5519 Rapina
3087 5445 3341 5516 legitima.
3388 5443 3639 5498 violentia

2062 5552 2268 5607 fiduciae
2300 5549 2478 5617 plena,
2503 5545 2750 5614 iniquitas
2779 5540 2908 5610 legis
2933 5537 3229 5606 patrocinio
3249 5534 3376 5588 fulta
3405 5531 3642 5586 :furilms

2061 5646 2192 5717 ipsis
2218 5641 2402 5697 durior
2429 5645 2511 5695 est
2541 5635 2876 5707 publicanus.
2905 5630 3042 5698 Quid
3069 5635 3152 5684 est
3199 5621 3495 5682 tclouium!
3523 5617 3643 5672 Vio-
