4100 6196
402 207 496 264 ιδι

398 321 558 376 lentia
589 334 707 391 quae
751 318 1103 388 patrocinium
1147 319 1280 388 legis
1308 314 1567 380 obtendit,
1604 329 1724 384 qua:
1757 311 1970 367 carniﬁ-

397 429 515 468 cem
561 427 659 482 pro
709 411 1139 467 medico'hahct.
1191 409 1513 478 Intelligisne
1555 405 1679 476 quid
1718 403 1978 459 dixerim?

397 504 569 574 Leges
591 512 713 558 sunt
743 504 953 567 medici,
985 500 1174 556 deinde
1203 500 1335 553 ﬁunt
1362 497 1638 553 carniﬁces
1663 513 1677 550 :
1711 511 1815 550 non
1835 495 1976 549 enim

400 595 548 650 ulcus
578 603 786 660 sanant,
817 594 912 650 sed
938 601 1150 663 augent.
1181 591 1317 658 Quid
1347 600 1430 645 est
1449 588 1703 643 telonium
1725 589 1749 642 ἲ
1775 587 1974 641 Ρεοεδο

402 698 511 742 tum
540 686 836 756 impudens,
859 685 1040 752 rapina
1071 682 1348 737 occasione
1383 681 1653 744 destituta,
1683 677 1962 732 latrocinio

399 781 650 834 deterior.
677 778 834 832 Latro
862 776 986 830 dum
1036 773 1258 836 furatur,
1307 773 1494 827 saltem
1543 772 1853 834 erubescit;
1893 769 1978 823 hic

398 883 528 924 vero
569 884 688 923 cum
744 866 930 920 ﬁducia
981 865 1271 934 pra'datur.
1298 864 1496 918 Verum
1527 863 1611 916 hic
1663 862 1980 930 publicanus

323 995 326 998 η
398 966 619 1027 repente
665 955 983 1024 evangelista
1033 955 1201 1009 lactus
1239 962 1340 1007 est.
1373 951 1651 1018 Quomodo
1679 959 1736 1006 et
1763 966 1864 1020 qua
1889 965 1978 1004 ra-

399 1051 580 1103 tione?
601 1048 894 1111 Transiens,
927 1048 1115 1116 inquit,
1144 1045 1296 1100 Jesus
1322 1044 1441 1098 vidit
1471 1043 1769 1097 Matthazum
1801 1041 1981 1096 seden-

399 1149 496 1192 tem
523 1139 574 1191 iu
603 1139 787 1192 telouio
812 1178 826 1202 ,
867 1147 912 1190 et
937 1137 1062 1190 dixit
1095 1138 1168 1196 ei.
1198 1136 1418 1206 Sequere
1464 1151 1543 1187 me
1568 1134 1775 1206 (Matth.
1806 1133 1858 1188 9.
1886 1131 1983 1203 9).

397 1229 442 1283 Ο
482 1229 651 1284 virtus
682 1229 980 1283 sermonis!
1014 1227 1225 1282 intravit
1254 1227 1462 1290 hamus,
1490 1234 1544 1278 et
1579 1225 1843 1293 captivum
1877 1225 1981 1278 mi-

397 1321 542 1374 litem
565 1319 754 1384 el‘tic'it,
793 1320 958 1373 lutum
987 1320 1038 1372 in
1068 1334 1254 1372 aurum
1297 1317 1594 1380 convertit;
1626 1317 1841 1371 intravit
1887 1314 1983 1369 ha—

397 1428 538 1476 mus,
578 1411 642 1465 Et
673 1414 852 1466 statim
899 1429 1110 1482 surgens
1163 1421 1397 1481 sequutus
1427 1421 1496 1463 est
1551 1427 1684 1462 eum.
1716 1409 1773 1462 ln
1817 1408 1980 1462 fundo

397 1514 514 1559 erat
542 1505 854 1574 iniquitatis,
883 1515 936 1559 et
957 1505 1022 1557 ad
1053 1503 1267 1559 culmen
1291 1503 1502 1557 virtutis
1536 1500 1791 1556 ascendit.
1816 1500 1980 1554 Nemo

399 1595 598 1664 itaque,
621 1595 825 1659 dilecti,
855 1594 921 1648 de
943 1609 1038 1648 sua
1083 1595 1256 1648 salute
1281 1593 1548 1662 desperet.
1572 1592 1686 1647 Non
1715 1592 1854 1646 enim
1877 1591 1980 1644 im-

398 1685 635 1752 probitas
655 1685 851 1738 malmn
883 1695 964 1739 est
990 1699 1018 1736 a
1049 1693 1234 1738 natura
1276 1684 1494 1736 insitum
1522 1700 1534 1736 :
1565 1682 1732 1736 libero
1762 1681 1980 1740 arbitrio

398 1784 454 1829 et
480 1776 720 1830 libertate
737 1775 971 1828 decorati
998 1789 1200 1828 sumus.
1223 1774 1542 1828 Puhlicanus
1568 1773 1660 1826 es?
1680 1771 1835 1825 Potes
1865 1769 1979 1825 ﬁeri

399 1867 748 1936 evangelista.
798 1866 1148 1934 BlaSphemus
1189 1865 1291 1918 es?
1330 1864 1486 1918 Potes
1516 1862 1786 1931 apostolus
1838 1875 1976 1914 esse.

397 1957 557 2010 Latro
606 1957 704 2011 es?
753 1957 910 2010 Potes
945 1955 1241 2025 depraedari
1295 1955 1616 2023 paradisum.
1661 1952 1842 2021 Magus
1886 1952 1980 2004 es?

397 2047 562 2102 Potes
583 2047 808 2101 adorare
839 2047 1139 2100 Dominum.
1166 2045 1282 2099 Non
1305 2054 1388 2099 est
1412 2045 1598 2098 vitium
1621 2044 1804 2108 ullum,
1837 2043 1979 2111 quod

397 2154 502 2191 non
549 2137 856 2207 poenitentia
904 2137 1160 2192 solvatur.
1213 2136 1416 2190 Idcirco
1440 2133 1682 2190 Christus
1732 2134 1980 2204 nequitia:

396 2230 628 2284 culmina
664 2229 879 2298 delegit,
917 2237 974 2284 ut
996 2229 1051 2283 in
1068 2228 1168 2283 ﬁne
1190 2228 1393 2282 nullum
1405 2226 1793 2297 subterfugium
1813 2225 1978 2282 relin-

396 2329 543 2389 quat.

469 2418 520 2470 5.
548 2415 625 2470 Ne
649 2414 778 2470 mihi
807 2413 974 2478 dicas,
1007 2413 1166 2476 Perii,
1210 2411 1338 2484 quid
1365 2411 1492 2468 mihi
1547 2410 1846 2467 faciendum
1887 2426 1978 2466 re-

397 2507 538 2560 stat?
563 2522 630 2560 ne
656 2505 782 2559 mihi
809 2505 954 2559 dicas
975 2545 988 2570 ,
1023 2504 1265 2569 Peccavi,
1299 2514 1352 2559 et
1396 2503 1526 2573 quid
1551 2503 1775 2558 faciam?
1806 2503 1979 2558 Habes

397 2599 661 2654 medicum
704 2598 892 2652 morbo
940 2597 1330 2666 potentiorem,
1384 2595 1650 2651 medicum
1701 2595 1864 2650 habes
1889 2595 1979 2666 qui

397 2689 568 2744 morbi
615 2699 856 2743 naturam
903 2695 1139 2756 supcrat.
1197 2686 1459 2741 medicum
1504 2685 1668 2741 habes
1705 2686 1795 2756 qui
1849 2692 1979 2739 nutu

395 2783 512 2837 solo
541 2791 692 2836 curat
726 2821 740 2845 ,
769 2779 1033 2834 medicum
1077 2778 1241 2834 habes
1266 2779 1355 2848 qui
1405 2777 1678 2832 voluntate
1721 2776 1974 2846 corrigit,

395 2873 486 2942 qui
512 2879 684 2941 potest
707 2877 760 2924 et
777 2869 888 2923 vult
912 2883 1122 2924 sanare.
1146 2867 1280 2922 Cum
1304 2881 1408 2922 non
1429 2882 1597 2932 esses,
1619 2875 1671 2921 te
1688 2865 1938 2936 produxit
1961 2881 1976 2930 ;

396 2978 517 3018 cum
543 2963 653 3031 jam
680 2962 754 3015 sis
780 2968 835 3014 et
873 2974 1154 3029 perversus
1179 2958 1254 3012 sis
1273 2998 1288 3022 ,
1320 2957 1486 3011 multo
1513 2959 1679 3026 magis
1705 2957 1898 3026 poterit
1929 2967 1980 3010 te

395 3053 686 3122 corrigere.
738 3049 858 3105 Non
906 3049 1098 3104 audisti
1126 3048 1397 3119 quomodo
1440 3048 1565 3102 olim
1600 3049 1868 3116 pulverem
1912 3047 1979 3101 de

397 3155 539 3200 terra
565 3143 873 3214 sumpserit,
896 3152 952 3197 et
972 3142 1244 3196 hominem
1289 3141 1538 3195 ﬁnxerit?
1562 3140 1839 3207 Quomodo
1869 3149 1979 3194 ter-

399 3252 512 3291 ram
540 3234 866 3291 converterit
894 3234 946 3288 in
995 3247 1212 3288 carnem
1233 3232 1257 3284 ?
1281 3232 1548 3302 quomodo
1571 3245 1765 3286 nervos
1790 3231 1979 3285 condi-

398 3328 558 3392 derit,
589 3326 856 3396 quomodo
879 3339 1020 3392 ossa,
1049 3324 1317 3395 quomodo
1353 3323 1564 3392 pellem,
1595 3321 1861 3393 quomodo
1885 3337 1979 3376 ve-

399 3435 515 3483 nas,
537 3419 805 3490 quomodo
827 3433 1034 3482 nasum,
1059 3416 1326 3487 quomodo
1351 3417 1554 3483 oculos,
1574 3415 1838 3486 quomodo
1859 3416 1978 3486 pal-

401 3511 612 3582 pebras,
661 3503 930 3580 Quomodo
972 3507 1334 3579 supercilium,
1381 3507 1648 3578 quomodo
1701 3507 1974 3577 linguam,

398 3602 665 3674 quomodo
693 3612 896 3672 pectus,
939 3599 1206 3670 quomodo
1244 3613 1450 3663 manus,
1498 3598 1764 3676 quomodo
1793 3597 1976 3668 pedes,

396 3693 664 3764 quomodo
707 3691 907 3761 reliqua
950 3690 1170 3744 omnia?
1196 3689 1360 3744 Terra
1405 3697 1521 3744 erat
1565 3689 1823 3757 subjecta,
1876 3703 1978 3743 una

397 3785 692 3841 substantia
721 3800 736 3838 :
779 3793 836 3838 et
871 3783 1082 3838 intravit
1127 3797 1236 3846 ars,
1268 3792 1428 3852 atque
1462 3781 1666 3835 varium
1709 3780 1978 3851 opiﬁcium

399 3875 667 3944 produxit.
690 3873 953 3945 Numquid
973 3873 1188 3928 modum
1217 3881 1368 3943 potes
1384 3887 1673 3941 exponere,
1697 3886 1802 3942 quo
1825 3886 1979 3926 crea-

398 3978 482 4022 tus
507 3968 608 4021 es?
650 3966 739 4022 Sic
765 3981 937 4036 neque
963 3965 1180 4020 modum
1228 3974 1381 4034 potes
1432 3964 1601 4031 eﬁ‘ari,
1631 3980 1736 4034 quo
1764 3975 1979 4034 peccata

399 4061 675 4114 tolluntur.
687 4057 743 4112 Si
756 4058 896 4112 enim
912 4056 1295 4127 ignisincidens
1311 4057 1362 4110 in
1380 4057 1580 4126 Spinas,
1601 4055 1976 4122 illasabsumit,

398 4153 566 4206 multo
596 4149 762 4217 magis
782 4149 1027 4203 voluntas
1059 4148 1235 4202 divina
1262 4147 1455 4202 delicta
1482 4155 1661 4202 nostra
1689 4149 1974 4215 consumit,

398 4241 652 4296 radicitus
676 4239 881 4306 evellit,
928 4247 982 4294 et
1009 4250 1343 4310 peccatorem
1395 4241 1442 4294 ei
1469 4239 1559 4309 qui
1587 4256 1692 4295 non
1739 4243 1978 4310 peccavit

396 4333 624 4391 similem
647 4331 839 4388 reddit.
862 4330 939 4386 Ne
961 4346 1168 4401 quieras
1195 4331 1430 4397 modum,
1460 4349 1527 4386 ne
1546 4333 1830 4402 investiges
1849 4333 1978 4403 quid

399 4425 596 4479 factum
624 4423 727 4487 sit;
761 4421 852 4477 sed
873 4422 1127 4476 miraculo
1149 4421 1328 4476 crede.
1351 4422 1510 4477 Multa
1534 4438 1830 4494 magnaque
1859 4440 1980 4494 pec-

397 4514 534 4579 cavi,
561 4513 714 4568 dicis.
749 4512 946 4582 Ecquis
970 4527 998 4564 a
1029 4522 1250 4581 peccato
1285 4513 1570 4566 immunis?
1605 4515 1675 4567 At
1707 4529 1824 4568 mea
1853 4529 1979 4584 gra~

398 4606 480 4658 via
511 4612 655 4668 sunt,
711 4612 764 4657 et
791 4601 1101 4673 quorumvis
1145 4601 1418 4656 hominum
1453 4612 1666 4672 peccata
1705 4613 1975 4673 superant.

397 4699 509 4752 Hoc
536 4697 628 4752 tibi
653 4695 848 4750 sufﬁcit
875 4695 941 4749 ad
973 4694 1292 4749 sacriﬁcium
1322 4713 1334 4747 :
1369 4694 1461 4748 Dic
1484 4706 1536 4748 tu
1558 4697 1844 4766 iniquitates
1866 4708 1977 4752 tuas

399 4790 612 4858 primus,
636 4787 996 4858 utjustificeris
1023 4787 1040 4856 (
1063 4785 1189 4841 Isai.
1220 4787 1310 4841 45.
1342 4787 1470 4858 26).
1503 4789 1747 4858 Agnosce
1777 4799 1828 4844 te
1856 4805 1979 4858 pec-

395 4895 568 4944 casse,
598 4887 653 4934 et
680 4879 883 4932 initium
929 4878 1020 4932 tibi
1060 4880 1410 4933 correctionis
1467 4880 1567 4933 hoc
1609 4881 1720 4934 ﬁet.
1759 4881 1976 4937 Mmatus

394 4982 532 5035 esto,
560 4969 821 5038 lacrymas
857 4968 1036 5023 funde.
1083 4970 1345 5039 Numquid
1387 4971 1529 5025 aliud
1557 4973 1824 5043 quidpiam
1857 4990 1974 5029 me-

395 5060 560 5114 retrix
597 5057 784 5113 eﬂ'udit
820 5058 845 5109 ?
870 5057 1007 5111 Nihil
1035 5058 1196 5124 aliud,
1228 5077 1384 5129 quam
1432 5062 1696 5131 lacrymas
1720 5074 1776 5120 et
1804 5067 1976 5134 paeni-

398 5151 614 5205 tentiam
639 5167 655 5216 ;
682 5149 869 5204 ducem
887 5150 1175 5218 assumpsit
1200 5153 1580 5224 ptenitentiam,
1600 5164 1651 5209 et
1677 5155 1744 5209 ad
1773 5156 1971 5212 fontem

391 5246 639 5300 accessit.

465 5341 518 5394 4.
547 5337 682 5405 Quid
705 5352 835 5392 vero
853 5337 1162 5408 publicanus
1180 5345 1233 5391 et
1249 5338 1571 5408 evangelista
1594 5339 1748 5402 dicat,
1791 5341 1973 5395 audia-

393 5445 530 5483 mus.
566 5428 630 5482 Et
654 5445 876 5500 egressus
896 5429 1012 5483 inde
1034 5427 1185 5482 Jesus
1204 5430 1336 5482 venit
1362 5431 1415 5482 in
1449 5441 1615 5498 partes
1643 5430 1764 5500 Tyri
1791 5440 1836 5485 et
1885 5431 1972 5485 Si-

389 5522 537 5574 donis
581 5535 600 5574 .'
639 5531 684 5574 et
729 5537 839 5574 ecce
881 5521 1082 5576 mulier.
1131 5521 1349 5576 Miratur
1397 5523 1718 5591 evangelista
1777 5541 1790 5578 :
1845 5523 1972 5578 Ecce

391 5613 588 5683 mulier,
620 5621 823 5670 vetusta
842 5622 1107 5670 armatura
1134 5612 1350 5681 diaboli,
1374 5628 1490 5683 quae
1518 5628 1604 5668 me
1627 5613 1694 5669 dc
1727 5617 1971 5685 paradiso

1101 203 1160 260 S.
1199 200 1477 259 JOANNIS
1513 194 1993 256 CllRYSOSTOMl
2030 192 2350 252 ARCHIEP.
2391 192 2928 251 CONSTANTINOP.

3549 201 3658 259 452

2081 307 2320 378 expulit,
2347 317 2517 364 mater
2539 310 2763 378 peccati,
2790 309 3036 378 princeps
3060 307 3540 377 pravaricationis;
3567 311 3656 368 illa

2079 401 2192 470 ipsa
2223 401 2414 454 mulier
2439 401 2627 467 venit,
2677 401 2789 469 ipsa
2839 409 3066 454 natura:
3097 415 3290 454 novum
3333 413 3398 454 ac
3439 410 3662 469 stupen-

2080 495 2206 569 dum
2227 494 2584 563 spectaculum
2620 492 2823 546 :Jud:ei
2867 493 3090 560 lugiunt,
3120 503 3175 548 et
3199 491 3388 546 mulier
3403 494 3664 562 sequitur.

2079 585 2146 639 Et
2167 602 2278 639 ecce
2294 585 2471 638 mulier
2484 585 2546 637 de
2561 583 2742 652 ﬁnibus
2760 582 2862 636 illis
2880 599 3078 652 egressa
3098 582 3305 650 roqabat
3329 596 3444 635 eum
3469 583 3670 635 dicens:

2082 674 2316 736 Domine,
2354 675 2431 745 ﬁli
2459 674 2642 738 David,
2681 675 2912 726 miserere
2937 673 3032 727 mei
3051 671 3265 742 (Matth.
3297 675 3386 728 15.
3418 672 3507 728 21.
3531 669 3664 736 εἰ).

2081 769 2421 838 Evangelista
2445 767 2504 821 fit
2532 766 2746 827 mulier,
2775 780 2837 820 ac
2861 767 3191 822 divinitatem
3219 766 3673 821 incarnationem-

2079 874 2185 927 qne
2221 857 2544 924 conﬁtetur;
2600 856 2832 920 Domine,
2882 855 3328 921 dominationem;
3361 857 3435 924 ﬁli
3473 855 3668 922 David,

2081 950 2500 1004 incarnationem
2551 948 2788 1004 denotat.
2835 947 3074 1002 Miserere
3099 949 3217 1004 mei.
3269 949 3398 1004 Vide
3423 949 3668 1018 philoso-

2080 1042 2291 1112 phicam
2321 1043 2569 1096 animam.
2611 1040 2854 1095 Miserere
2884 1041 2980 1094 mei
3007 1056 3026 1094 :
3055 1056 3161 1095 non
3190 1040 3359 1095 habeo
3384 1041 3665 1096 conscier-

2081 1134 2208 1188 tiam
2236 1133 2495 1187 bonorum
2523 1147 2764 1202 operum,
2794 1147 2900 1186 non
2943 1139 3103 1186 recta:
3130 1131 3253 1185 vita:
3283 1131 3524 1186 ﬁduciam
3550 1148 3564 1195 ;
3597 1132 3663 1184 ad

2081 1223 2500 1278 misericordiam
2535 1222 2804 1291 coniugio,
2837 1222 2904 1276 ad
2941 1235 3278 1276 communem
3329 1230 3662 1292 peccatorum

2085 1324 2292 1382 portum
2327 1313 2434 1368 :ad
2456 1313 2872 1368 misericordiam
2902 1311 3170 1384 confugio,
3197 1313 3286 1367 ubi
3321 1314 3523 1369 nullum
3565 1315 3662 1369 tri-

2082 1403 2263 1470 bunal,
2295 1403 2382 1458 ubi
2442 1405 2558 1459 sine
2584 1406 2828 1458 examine
2857 1403 3002 1458 salus
3031 1422 3043 1458 :
3077 1405 3154 1458 sic
3181 1406 3448 1474 peccatrix
3485 1416 3538 1462 et
3573 1407 3666 1460 ini-

2081 1513 2184 1566 qua
2214 1497 2468 1551 accedere
2493 1511 2618 1551 ausa
2642 1507 2745 1552 est.
2777 1497 2906 1552 Vide
2937 1497 3066 1553 mihi
3112 1497 3498 1568 philosophiam
3546 1515 3668 1553 mu~

2083 1587 2267 1650 lieris;
2302 1603 2409 1642 non
2454 1597 2606 1657 rogat
2643 1587 2924 1655 Jacobum,
2977 1604 3085 1644 non
3139 1589 3402 1657 supplicat
3449 1588 3662 1654 Joauni,

2082 1694 2186 1732 non
2217 1677 2425 1732 accedit
2453 1677 2518 1732 ad
2550 1677 2784 1744 Petrum,
2814 1694 2914 1734 nec
2942 1678 3119 1733 divisit
3141 1680 3498 1748 apostolorum
3529 1681 3660 1734 cho-

2081 1786 2220 1826 rum.
2244 1770 2358 1824 Non
2377 1786 2509 1841 egeo
2531 1771 2843 1836 mediatore,
2867 1772 2961 1826 sed
2990 1771 3358 1840 paenitentiam
3385 1787 3667 1828 assumens

2081 1863 2418 1930 advocatum,
2449 1864 2514 1917 ad
2546 1864 2718 1933 ipsum
2770 1864 2969 1920 fontem
3003 1881 3182 1935 pergo.
3217 1865 3341 1919 ldeo
3368 1865 3663 1931 descendit,

2082 1955 2204 2010 ideo
2231 1971 2448 2009 carnem
2479 1956 2768 2026 assumpsit
2793 1998 2808 2021 ,
2837 1965 2896 2010 ut
2923 1971 3022 2026 ego
3049 1958 3223 2026 ipsum
3254 1958 3514 2027 alloquar.
3536 1959 3668 2014 Sur-

2081 2060 2197 2098 sum
2227 2045 2516 2100 (Jherubim
2546 2046 2714 2115 ipsum
2756 2053 3010 2110 tremunt,
3040 2056 3093 2102 et
3125 2048 3372 2102 deorsum
3413 2052 3667 2106 meretrix

2080 2137 2228 2192 illum
2255 2137 2560 2207 alloquitur.
2589 2136 2833 2192 Miserere
2860 2139 2984 2193 mei.
3000 2138 3182 2194 Nudus
3209 2156 3385 2194 sermo
3414 2181 3429 2205 ,
3461 2141 3556 2197 sed
3581 2157 3669 2195 sa-

2081 2227 2213 2282 lutis
2243 2228 2562 2283 immensum
2601 2230 2822 2300 pelagus
2848 2231 3066 2298 reperit.
3097 2231 3336 2285 Miserere
3385 2233 3521 2299 mei;
3548 2233 3668 2287 ideo

2081 2319 2296 2384 venisti,
2318 2318 2439 2374 ideo
2461 2333 2680 2375 carnem
2713 2320 3073 2391 assumpsisti,
3098 2321 3217 2375 ideo
3245 2323 3411 2376 factus
3440 2338 3498 2378 es
3525 2323 3669 2392 quod

2081 2425 2180 2480 ego
2204 2425 2342 2466 sum.
2373 2410 2613 2481 Superne
2644 2419 2862 2475 tremor,
2892 2421 2947 2466 et
2966 2411 3216 2467 deorsum
3265 2412 3477 2467 ﬁducia.
3506 2413 3670 2468 Mise-

2080 2521 2191 2559 rere
2213 2505 2312 2558 mei
2335 2519 2354 2567 ;
2380 2519 2483 2559 non
2501 2519 2634 2573 egeo
2654 2503 2968 2570 mediatore,
3003 2503 3247 2560 Miserere
3265 2507 3379 2559 mei.
3402 2507 3518 2573 Quo
3534 2522 3672 2576 opus

2082 2597 2284 2653 habes?
2327 2597 2747 2652 Misericordiam
2800 2612 3002 2666 qumro.
3046 2597 3182 2663 Quid
3247 2598 3486 2666 pateris?
3529 2598 3671 2653 Filia

2081 2703 2192 2741 mea
2241 2687 2424 2740 malea
2449 2685 2698 2740 dwmonio
2719 2684 3133 2757 vexaturUbid.)
3167 2704 3178 2739 :
3212 2696 3400 2742 natura
3447 2697 3671 2757 torquer-

2084 2787 2189 2840 tur,
2230 2777 2626 2832 commiseratio
2661 2756 2962 2832 exercetur.
3008 2778 3237 2846 Egressa
3279 2787 3364 2833 est
3413 2780 3670 2837 advocata

2082 2867 2206 2921 ﬁlia:
2236 2885 2250 2921 :
2281 2883 2385 2921 non
2415 2866 2569 2921 aﬂ‘ert
2597 2883 2817 2937 :rgram,
2847 2868 2938 2925 sed
2971 2867 3128 2922 ﬁdem
3166 2868 3321 2923 affert
3346 2888 3358 2922 :
3395 2871 3532 2924 Deus
3560 2881 3669 2937 cst,

2083 2969 2136 3014 et
2160 2960 2335 3014 omnia
2379 2959 2543 3014 videt.
2600 2958 2738 3014 Filia
2777 2976 2888 3014 mea
2914 2961 3044 3013 male
3073 2977 3104 3012 a
3141 2961 3392 3015 dwmonio
3434 2972 3668 3018 vexatur.

2082 3050 2269 3106 Gravis
2295 3051 2468 3105 luctus
2502 3067 2515 3103 :
2561 3060 2763 3105 natura:
2811 3051 3055 3106 stimulus
3087 3062 3297 3105 uterum
3346 3053 3576 3119 discidit,
3614 3055 3670 3110 in

2073 3141 2374 3197 visceribus
2407 3151 2712 3211 tempestas.
2765 3142 2902 3208 Quid
2951 3142 3183 3196 faciam?
3211 3143 3364 3212 perii.
3406 3144 3512 3200 Cur
3557 3159 3670 3198 non

2081 3232 2235 3298 dicis,
2272 3231 2524 3287 Miserere
2577 3231 2699 3286 ﬁliae
2743 3247 2896 3298 mere,
2953 3231 3069 3297 sed,
3111 3231 3351 3287 Miserere
3397 3234 3532 3287 mei?
3575 3234 3669 3288 illa

2081 3323 2254 3377 morbi
2284 3338 2500 3378 sensum
2531 3339 2636 3379 non
2666 3323 2843 3390 habet,
2867 3323 3037 3378 nescit
3064 3324 3190 3394 quid
3233 3327 3480 3394 patiatur,
3515 3324 3672 3381 dolo-

2082 3431 2192 3470 rem
2224 3431 2328 3470 non
2357 3417 2555 3471 sentit:
2586 3415 2805 3482 doloris,
2852 3416 2960 3470 imo
2989 3426 3044 3472 et
3087 3432 3279 3472 sensus
3305 3418 3544 3473 vacuitas
3583 3427 3671 3474 est

2083 3506 2181 3575 ipsi
2214 3506 2388 3561 velum
2415 3506 2754 3561 calamitatis.
2805 3506 3046 3561 Miserere
3080 3509 3178 3561 mei
3207 3508 3518 3565 diurnorum
3547 3525 3670 3564 ma-

2083 3599 2255 3652 lorum
2285 3599 2652 3668 spectatricis;
2681 3598 2825 3653 domi
2850 3598 3167 3654 calamitatis
3191 3601 3460 3655 theatrum
3485 3600 3662 3655 adest.

2080 3691 2196 3758 Quo
2224 3691 2477 3761 pergam?
2504 3690 2558 3744 ln
2578 3689 2846 3746 desertum
2869 3691 2891 3745 ?
2917 3693 2985 3745 At
3013 3707 3117 3746 non
3137 3691 3309 3748 audeo
3332 3693 3471 3747 illam
3491 3695 3667 3749 solam

2080 3781 2397 3851 relinquere.
2419 3780 2642 3836 Domine
2664 3780 2914 3836 sedeam?
2934 3781 3037 3837 Sed
3060 3781 3376 3838 intrinsecus
3398 3794 3479 3838 est
3499 3784 3674 3838 inimi-

2081 3888 2198 3942 cus,
2243 3882 2530 3944 tempestas
2564 3874 2618 3928 in
2672 3881 2848 3943 portu,
2905 3875 3267 3942 spectaculum
3317 3874 3663 3930 calamitatis.

2081 3967 2198 4034 Quo
2254 3965 2473 4021 nomine
2499 3965 2706 4021 vocabo
2734 3965 2918 4019 illam?
2952 3965 3313 4020 Mortuamne?
3341 3965 3447 4021 Sed
3484 3980 3672 4021 move-

2082 4065 2188 4110 tur.
2223 4055 2536 4112 Viventem?
2557 4058 2627 4110 At
2655 4056 2823 4112 nescit
2841 4054 2967 4125 quid
2997 4055 3171 4111 iaciat.
3201 4055 3442 4112 Invenire
3467 4071 3672 4112 nomen

2082 4162 2290 4216 nequeo
2342 4162 2447 4218 quo
2493 4148 2737 4204 morbum
2787 4145 3074 4216 appellem.
3147 4146 3390 4202 Miserere
3433 4149 3548 4202 mei.
3604 4148 3671 4204 Si

2083 4247 2292 4292 mortua
2318 4247 2462 4293 esset
2491 4239 2597 4292 lilia
2639 4254 2776 4302 mea,
2807 4253 2912 4293 non
2942 4238 3064 4292 talia
3120 4249 3362 4308 paterer;
3390 4255 3582 4308 corpus
3607 4241 3670 4296 in

2083 4329 2378 4383 visceribus
2425 4339 2581 4384 terra:
2619 4329 3019 4398 deposuissem,
3077 4341 3131 4384 et
3173 4329 3356 4401 elapso
3425 4341 3671 4400 tempore
3745 4339 3754 4346 '

2082 4418 2136 4472 in
2166 4418 2486 4474 oblivionem
2529 4420 2790 4473 malorum
2826 4420 3112 4488 venissem,
3153 4431 3207 4475 et
3238 4423 3386 4476 ulcus
3410 4421 3672 4477 obduxis-

2081 4526 2196 4567 sem
2226 4529 2239 4566 :
2263 4527 2402 4567 nunc
2425 4522 2600 4566 autem
2627 4513 2854 4568 cadaver
2880 4513 3052 4568 habeo
3078 4513 3351 4569 assiduum
3381 4523 3672 4582 spectacu-

2085 4602 2215 4668 lum,
2237 4603 2380 4673 quod
2407 4603 2534 4658 mihi
2569 4604 2761 4658 vulnus
2790 4613 3067 4673 perennet,
3099 4613 3154 4658 et
3179 4604 3420 4659 dolorem
3447 4616 3667 4674 augeat.

2081 4695 2361 4762 Quomodo
2384 4710 2600 4766 cernam
2620 4697 2808 4750 oculos
2851 4706 3204 4762 transversos,
3237 4713 3424 4752 manus
3443 4707 3668 4752 contor-

2081 4796 2181 4853 tas,
2216 4803 2404 4857 passos
2431 4787 2629 4853 crines,
2658 4787 2906 4842 omissam
2947 4803 3211 4857 spumam,
3242 4789 3546 4843 carniﬁcem
3577 4789 3665 4843 in.

2083 4891 2167 4937 tus
2194 4883 2423 4953 positum
2454 4892 2507 4937 et
2528 4897 2632 4935 non
2660 4891 3022 4951 apparentem,
3049 4880 3406 4951 ﬁagellantcm
3434 4882 3522 4952 qui
3553 4899 3665 4938 non

2079 4973 2340 5039 videatur,
2375 4972 2498 5027 dum
2530 4973 2792 5042 ﬂagellum
2833 4973 3004 5042 ipsum
3031 4971 3276 5027 videtur?
3317 4971 3412 5028 Sto
3442 4987 3666 5042 specta-

2082 5069 2183 5122 trix
2212 5053 2504 5122 alienorum
2532 5065 2793 5119 malorum
2821 5106 2836 5129 ,
2867 5075 2951 5120 sto
2975 5074 3160 5119 natura
3182 5067 3524 5132 stimulante;
3560 5067 3669 5120 Μι-

2079 5175 2242 5213 serere
2264 5157 2378 5212 mei.
2397 5155 2584 5212 Gravis
2613 5165 2897 5225 tempeSIas
2925 5156 3181 5226 aegritudo
3207 5165 3259 5210 et
3287 5158 3476 5222 timor;
3502 5158 3668 5226 regri~

2080 5252 2218 5306 tudo
2237 5262 2461 5314 naturae,
2487 5259 2539 5304 et
2586 5251 2746 5304 timor
2768 5251 3044 5304 daunonis.
3083 5250 3352 5305 Accedere
3396 5264 3501 5304 non
3533 5265 3666 5319 pos-

2078 5357 2218 5407 sum,
2248 5355 2421 5410 neque
2462 5343 2789 5409 contingere.
2821 5340 3047 5410 Impellit
3074 5357 3160 5396 me
3183 5340 3404 5396 affectus
3435 5383 3452 5410 ,
3499 5340 3667 5411 abigit

2077 5433 2267 5498 timor;
2291 5433 2530 5486 Miserere
2555 5433 2669 5486 mei.

2148 5526 2204 5581 5.
2227 5522 2408 5594 Cogita
2436 5523 2671 5578 mulieris
2701 5523 3110 5594 philosophiam.
3164 5523 3279 5578 Non
3317 5523 3445 5576 adiit
3476 5539 3665 5594 magos

2079 5633 2184 5674 non
2217 5616 2427 5698 vocavit
2469 5616 2692 5685 divinos,
2730 5633 2834 5672 non
2864 5616 3117 5688 ligaturas
3146 5615 3380 5681 admisit,
3408 5627 3513 5666 non
3542 5627 3660 5665 ma-
