4100 6196
462 319 567 375 453

461 442 522 502 οὐ
555 437 994 510 μαγγανευτρίας
1024 434 1288 503 γυναῖκας
1313 428 1672 500 ἐμισθώσατο,
1695 427 1898 487 ταύτας
1928 425 2026 485 τὰς

379 545 388 556 '
461 527 828 598 γοητευούσας
865 526 1122 594 δαίμονας
1149 522 1244 574 καὶ
1276 515 1546 583 αύξούσας
1589 515 1650 568 τὸ
1690 514 1874 576 ἕλκος·
1913 511 2026 564 ἀλλ’

461 615 642 685 ἀφῆκε
669 615 762 666 τοῦ
790 611 1032 666 διαϐόλου
1061 609 1122 662 τὸ
1149 605 1528 678 ἐργαστήριον,
1557 602 1651 655 καὶ
1683 600 1901 670 ἔρχεται
1935 599 2029 651 ἐπὶ

460 705 552 756 τὸν
571 702 796 772 Σωτῆρα
817 697 923 751 τῶν
942 695 1126 766 ψυχῶν
1152 694 1258 748 τῶν
1283 691 1585 764 ἡμετέρων.
1626 689 1919 753 Ἐλέησόν
1929 701 2024 754 με·

462 793 501 856 ἡ
519 787 776 858 θυγάτηρ
783 803 902 854 μου
926 781 1120 848 κακῶς
1140 778 1550 850 δαιμονίζεται.
1573 779 1717 830 Ἴστε
1744 775 1807 828 τὸ
1830 774 2026 838 πάθος,

461 877 576 930 ὅσοι
601 875 833 943 πατέρες
856 869 1103 938 ἐγένεσθε
1120 885 1134 900 ⁸
1165 866 1471 938 βοηθήσατέ
1499 883 1600 936 μου
1627 864 1706 935 τῷ
1725 863 1889 932 λόγῳ,
1907 863 2028 915 ὅσαι

465 962 698 1034 μητέρες
743 958 1017 1027 ἐγένεσθε.
1049 957 1124 1010 Οὐ
1153 955 1388 1024 δύναμαι
1431 952 1767 1024 ἑρμηνεῦσαι
1795 952 1883 1004 τὸν
1913 967 2028 1020 χει-

467 1048 708 1120 μῶνα,όν
733 1046 989 1117 ὑπέμεινε
1014 1045 1074 1097 τὸ
1095 1044 1330 1113 γύναιον.
1367 1040 1659 1109 Ἐλέησόν
1675 1054 1768 1108 με·
1793 1040 1828 1106 ἡ
1855 1037 2032 1106 θυγά-

463 1155 572 1205 τηρ
598 1152 716 1205 μου
758 1132 953 1199 κακῶς
973 1129 1383 1200 δαιμονίζεται.
1409 1124 1561 1190 Εἶδες
1588 1126 1686 1197 τὴν
1711 1125 2032 1194 φιλοσοφίαν

464 1225 564 1293 τῆς
588 1221 874 1289 γυναικός;
924 1213 1062 1281 εἶδες
1090 1217 1188 1288 τὴν
1228 1215 1558 1286 καρτερίαν;
1601 1215 1700 1284 τὴν
1729 1211 1984 1282 ἀνδρείαν
2015 1227 2032 1278 ;

465 1309 564 1374 τὴν
598 1309 906 1379 ὑπομονήν;
939 1306 994 1358 '0
1020 1305 1088 1357 δὲ
1113 1306 1224 1357 οὐκ
1249 1303 1612 1371 ἀπεκρίνατο
1641 1299 1797 1369 αὐτῇ
1821 1300 2031 1368 λόγον.

465 1397 645 1472 Καινά
682 1395 1002 1465 πράγματα.
1037 1389 1386 1463 Παρακαλεῖ,
1442 1389 1642 1450 δέεται,
1696 1386 1873 1441 κλαίει
1935 1386 2035 1456 τὴν

466 1471 774 1553 συμφορὰν,
800 1478 950 1544 αὔξει
981 1479 1081 1549 τὴν
1095 1475 1428 1547 τραγῳδίαν,
1459 1474 1728 1545 διηγεῖται
1752 1472 1811 1525 τὸ
1828 1471 2031 1534 πάθοςο

467 1570 564 1622 καὶ¹
581 1571 609 1622 6
630 1569 1006 1638 φιλάνθρωπος
1026 1566 1126 1618 οὐκ
1149 1563 1500 1635 ἀποκρίνεται
1520 1576 1536 1592 °
1567 1562 1596 1614 6
1635 1560 1805 1628 Λόγος
1835 1559 2035 1628 σιωπᾷ,

466 1658 501 1726 ἡ
526 1657 674 1726 πηγὴ
698 1654 956 1716 κλείεται,
984 1655 1012 1706 ὁ
1043 1652 1222 1724 ἰατρὸς
1240 1651 1311 1705 τά
1344 1649 1613 1721 φάρμακα
1652 1647 2014 1702 συστέλλει.Τ
2022 1645 2038 1699 ί

468 1744 528 1797 τὸ
553 1745 770 1810 καινόν;
809 1743 861 1796 τί
882 1744 942 1796 τὸ
963 1741 1294 1814 παράδοξον;
1335 1739 1550 1803 Ἀλλοις
1576 1738 1905 1810 ἐπιτρέχεις,
1945 1736 2040 1791 καὶ

468 1831 674 1901 ταύτην
725 1831 1122 1900 ἐπιτρέχουσαν
1172 1827 1445 1892 ἐλαύνεις;
1486 1825 1628 1879 Ἀλλ’
1655 1826 1906 1896 ἐννόησον
1943 1824 2040 1877 τοῦ

475 1917 661 1989 ἰατροῦ
689 1919 788 1988 τὴν
812 1916 1152 1986 φιλοσοφίαν.
1187 1916 1250 1968 '0
1280 1914 1350 1968 δὲ
1370 1917 1480 1969 οὐκ
1504 1913 1870 1981 ἀπεκρίνατο
1887 1909 2042 1979 αὐτῇ

470 2007 676 2074 λόγον.
721 2005 876 2068 Τίνος
907 2004 1102 2070 ἐνεκα;
1131 2005 1253 2056 ’Ὁτι
1283 2003 1344 2056 οὐ
1377 2001 1448 2055 τὰ
1478 2003 1700 2072 ῥήματα
1750 2000 2041 2071 ἐξήταζεν,

472 2093 610 2145 ἀλλὰ
631 2091 699 2146 τά
730 2092 1016 2164 ἀπόρρητα
1047 2091 1143 2161 τῆς
1170 2089 1407 2154 διανοίας
1433 2088 1868 2158 κατεμάνθανεν.
1902 2088 1956 2140 Ὀ
1977 2085 2045 2140 δὲ

470 2184 582 2234 οὐκ
621 2181 979 2248 ἁπεκρίνατο
1034 2178 1188 2246 αὐτῇ
1227 2179 1430 2247 λόγον.
1466 2178 1531 2230 Τί
1562 2177 1619 2230 δέ
1664 2178 1716 2229 οἰ
1757 2175 2043 2246 μαθηταίς

473 2269 622 2340 [457]
659 2268 872 2338 Ἐπειδὴ
903 2269 1002 2320 ούκ
1027 2267 1212 2336 ἔτυχεν
1241 2269 1273 2337 ἡ
1308 2267 1445 2334 γυνὴ
1478 2265 1846 2335 ἀποκρίσεως,
1873 2281 2045 2335 προσ-

472 2356 720 2418 ελθόντες
763 2356 911 2425 αὐτῷ
953 2355 1239 2422 λέγουσιν’
1294 2354 1637 2406 Ἀπόλυσον
1679 2351 1902 2418 αὐτὴν,
1957 2351 2046 2404 ὄτι

473 2446 665 2515 κράζὶξι
697 2448 946 2500 ὄπισθεν
976 2445 1163 2514 ἡμῶν.
1210 2444 1368 2497 Ἀλλά
1392 2446 1456 2497 σὺ
1478 2445 1575 2514 τῆς
1605 2443 1803 2507 ἔξωθεν
1827 2441 2048 2504 ἀκούεις

475 2535 745 2606 κραυγῆς,
795 2532 906 2602 ἐγὼ
937 2533 993 2586 δέ
1026 2533 1126 2602 τῆς
1151 2532 1364 2585 ἔνδοθεν
1385 2549 1398 2563 ο
1441 2529 1652 2601 μεγάλη
1697 2531 1730 2600 ἡ
1762 2530 1915 2600 φωνὴ
1953 2528 2045 2581 τοῦ

477 2625 767 2692 στόματος,
801 2621 938 2675 ἀλλά
968 2621 1170 2692 μείζων
1204 2622 1237 2692 ἡ
1266 2623 1365 2691 τῆς
1407 2620 1672 2684 διανοίας.
1713 2619 2049 2673 Ἀπόλυσον

473 2710 689 2779 αὐτὴν,
723 2709 812 2763 ὅτι
831 2708 1022 2778 κράζει
1046 2708 1296 2762 ὄπισθεν
1325 2707 1525 2777 ἡμῶν*
1558 2707 1714 2769 ἄλλος
1745 2705 1801 2758 δέ
1838 2705 1986 2773 λέγει
2021 2716 2046 2744 ι

475 2798 902 2868 εὐαγγελιστὴς,
969 2798 1353 2866 Ἐμπροσθεν
1406 2793 1596 2863 ἡμῶν.
1657 2793 1904 2846 Ἑναντία
1978 2791 2049 2844 τά

476 2886 761 2956 εἰρημένα,
819 2884 934 2936 ἀλλ’
971 2885 1032 2937 ού
1071 2883 1240 2952 ψευδῆ
1274 2899 1288 2913 ο
1345 2881 1629 2952 ἀμφότερα
1679 2880 1790 2950 γάρ
1850 2879 2045 2932 ἐποίει.

477 2972 748 3039 Πρότερον
768 2970 877 3040 γάρ
902 2969 1127 3022 ὄπισθεν
1158 2969 1386 3040 ἔκραζεν
1402 2985 1414 2998 ’
1434 2969 1522 3020 ὅτε
1551 2967 1607 3019 δὲ
1628 2968 1729 3020 οὐκ
1753 2966 2046 3038 ἀπεκρίθη,

477 3055 642 3129 ἦλθεν
669 3057 998 3127 ἔμπροσθεν,
1029 3056 1280 3125 καθάπερ
1315 3055 1460 3108 κύων
1497 3055 1692 3124 λείχων
1720 3056 1847 3118 τοὺς
1885 3054 2051 3118 πόδας

478 3145 572 3200 τοῦ
608 3145 798 3216 κυρίου
832 3143 1019 3197 αὑτοῦ.
1060 3144 1403 3197 Ἀπόλυσον
1434 3141 1629 3210 αὐτήν
1652 3158 1667 3172 ο
1700 3141 1927 3211 θέατρον
1956 3159 2052 3194 πε-

485 3231 759 3303 ριέστησε,
803 3231 976 3301 δῆμον
1033 3231 1343 3300 συνήγαγε·
1380 3230 1480 3300 τὴν
1535 3229 1726 3298 ὀδύνην
1784 3228 2052 3301 ἐθεώρουν

479 3321 579 3389 τὴν
595 3317 940 3388 ἀνθρωπίνην
974 3320 1189 3379 ἐκεῖνοι,
1209 3317 1238 3368 6
1261 3315 1317 3368 δὲ
1339 3316 1613 3386 Δεσπότης
1636 3317 1735 3388 τὴν
1758 3316 2054 3388 φιλανθρω·

483 3410 638 3468 πίαν,
669 3408 762 3460 καὶ
805 3406 902 3476 τὴν
936 3406 1211 3475 σωτηρίαν
1253 3405 1352 3475 τῆς
1388 3405 1668 3472 γυναικός.
1721 3406 2054 3472 Ἀπόλυσον

482 3496 698 3564 αὐτὴν,
717 3494 806 3548 ὅτι
834 3491 1023 3562 κράζει
1043 3493 1293 3546 ὄπισθεν
1311 3491 1497 3562 ἡμῶν.
1525 3493 1589 3546 Τί
1621 3488 1714 3546 οῦν
1734 3495 1763 3546 6
1785 3494 2014 3564 Χριστός
2037 3511 2051 3560 ;

486 3586 610 3639 Οὐκ
637 3580 991 3648 ἀπεστάλην
1016 3582 1068 3634 εί
1091 3580 1178 3648 μὴ
1234 3583 1321 3646 είς
1365 3580 1438 3634 τὰ
1476 3581 1748 3647 πρόϐατα
1793 3582 1867 3637 τὰ
1903 3582 2053 3636 ἀπο-

485 3672 724 3727 λωλότα
774 3670 942 3722 οἴκου
983 3666 1248 3734 Ἰσραήλ.
1282 3668 1410 3720 Ὅτε
1464 3668 1820 3738 ἁπεκρίνατο,
1872 3670 2054 3738 χεῖρον

484 3760 655 3829 αὐτῆς
692 3756 914 3824 ἐποίησε
941 3754 1002 3808 τὸ
1035 3755 1223 3818 ἕλκος·
1264 3753 1442 3826 ἰατρὸς
1473 3751 1582 3825 γὰρ
1604 3750 1670 3825 ἦν
1694 3754 1932 3825 τέμνων,
1957 3755 2057 3826 οὐχ

478 3848 568 3900 ἵνα
606 3844 777 3915 διέλῃ,
808 3842 922 3896 ἀλλ’
951 3841 1037 3893 ἵνα
1063 3839 1296 3913 συνάψῃ.

556 3943 631 3990 ς’,
664 3931 930 3986 Ἐνταῦθα
947 3930 1242 4002 προσέχετέ
1258 3947 1346 4000 μοι
1363 3929 1501 4000 μετὰ
1511 3929 1916 4001 ἀκριϐείας,κα“ι
1935 3947 2059 3982 συν-

481 4026 696 4080 τείνατέ
734 4043 822 4094 μοι
847 4024 946 4094 τὴν
976 4023 1236 4076 διάνοιαν.
1270 4023 1496 4093 Ζήτημα
1527 4021 1637 4092 γάρ
1665 4021 1801 4092 βαθὺ
1830 4021 2057 4093 ἀνερευ-

488 4121 647 4190 νῆσαι
682 4115 962 4186 βούλομαι.
995 4117 1117 4168 Οὐκ
1145 4114 1505 4181 ἀπεστάλην
1524 4115 1578 4166 εί
1604 4112 1685 4181 μὴ
1708 4115 1795 4179 εἰς
1817 4113 1889 4168 τὰ
1913 4116 2058 4182 πρό-

489 4211 635 4263 ϐατα
655 4206 726 4259 τὰ
743 4205 1104 4257 ἀπολωλότα
1121 4204 1291 4256 οἴκου
1325 4202 1582 4270 Ἰσραήλ.
1605 4202 1776 4256 Τοῦτο
1791 4204 1908 4257 ὅλον
1928 4223 1943 4270 ;
1963 4205 2060 4262 Διά

490 4299 650 4353 τοῦτο
679 4295 962 4366 ἄνθρωπος
985 4293 1193 4362 ἐγένου,
1233 4292 1412 4364 σάρκα
1437 4294 1717 4358 άνέλαϐες,
1752 4296 2062 4367 οἰκονομίας

488 4385 759 4448 τοσαύτας
785 4386 1050 4456 εἰργάσω,
1081 4381 1167 4434 ἴνα
1201 4381 1328 4451 μίαν
1356 4383 1556 4450 γωνίαν
1586 4383 1784 4454 σώσῃς,
1818 4386 1912 4437 καὶ
1939 4384 2063 4437 ταύ-

487 4497 589 4552 την
638 4475 1055 4556 ἀπολλυμένηγς
1097 4475 1130 4543 ή
1183 4473 1242 4526 δέ
1295 4472 1588 4543 οἰκουμένη
1633 4475 1785 4527 πᾶσα
1822 4474 2059 4546 ἕρημος,

490 4571 713 4634 Σκύθαι,
756 4569 990 4640 Θρᾷκες,
1041 4565 1211 4630 Ἰνδοὶ,
1257 4564 1492 4635 Μαῦροι,
1540 4565 1780 4630 Κίλικες,
1822 4568 2063 4622 Καππά-

490 4665 667 4726 δοκες,
702 4660 885 4731 Σύροι,
939 4658 1217 4720 Φοίνικες,⁸
1255 4656 1387 4728 ὅσην
1418 4656 1446 4708 6
1489 4655 1643 4726 ἥλιος
1690 4658 1862 4729 ἐφορᾷ
1913 4661 2055 4731 γῆν;

492 4755 591 4809 Διά
629 4754 916 4816 Ἰουδαίους
951 4751 1143 4823 μόνους
1171 4746 1357 4821 ἦλθες,
1391 4750 1462 4804 τὰ
1493 4749 1551 4804 δέ
1580 4750 1708 4822 ἔθνη
1755 4753 1813 4806 ἐν
1855 4755 2062 4827 ἐρημία

495 4848 804 4917 ὑπερορᾷςς
837 4846 930 4898 καὶ
950 4845 1213 4916 περιορᾷς
1243 4843 1498 4908 κνίσσαν;
1530 4845 1791 4914 περιορᾷς
1820 4847 2062 4912 καπνόν;

494 4940 756 5009 περιορᾷς
778 4939 867 4991 τὸν
901 4937 1120 5008 Πατέρα
1143 4955 1238 4990 σου
1266 4935 1651 5007 ὑϐριζόμενον;
1681 4936 1877 4990 εἴδωλα
1897 4955 2065 5010 προσ-

496 5028 804 5099 κυνούμενα
824 5047 839 5094 ;
856 5029 1113 5098 δαίμονας
1127 5027 1592 5099 θεραπευομένους
1611 5044 1626 5092 ;
1641 5027 1835 5081 Καίτοι
1859 5031 1906 5081 οἱ
1932 5047 2035 5100 προ
2049 5061 2065 5071 -

497 5120 666 5190 φῆται
693 5119 752 5171 ού
778 5117 950 5170 ταῦτα
973 5118 1238 5185 λέγουσιν,
1271 5119 1386 5171 ἀλλ’
1407 5119 1436 5170 6
1461 5117 1727 5188 πρόγονός
1754 5136 1848 5172 σου
1871 5121 1899 5173 6
1924 5121 2065 5177 κατὰ

496 5213 675 5283 σάρκα
706 5211 760 5263 τί
795 5224 986 5278 φησιν;
1013 5208 1264 5274 Αττηααι
1292 5211 1425 5276 παρ’
1455 5209 1620 5278 ἐμοῦ,
1649 5211 1747 5265 καὶ
1768 5210 1940 5265 δώσω
1967 5228 2066 5267 σοι

501 5303 648 5368 ἔθνη
679 5301 792 5364 τὴν
825 5297 1229 5366 κληρονομίαν
1249 5313 1388 5358 σου,
1418 5300 1517 5351 καί
1551 5299 1666 5365 τὴν
1697 5301 2068 5370 κατάσχεσίν

495 5409 613 5446 σου
638 5391 706 5444 τὰ
729 5391 952 5457 πέρατα
982 5389 1091 5458 τῆς
1117 5389 1250 5458 γῆς.
1293 5389 1516 5451 Ἡσαΐας
1545 5390 1602 5442 δὲ
1629 5391 1657 5442 6
1684 5391 1790 5443 τῶν
1816 5393 2067 5464 Σεραφὶμ

496 5477 869 5548 θεωρόςνΚαὶ
895 5476 1063 5530 ἔσται
1107 5478 1146 5543 ἡ
1177 5473 1307 5543 ῥίζα
1335 5476 1442 5530 τοῦ
1488 5477 1734 5540 Ἰεσσαί,
1770 5479 1870 5531 καί
1898 5483 1930 5533 ό
1961 5481 2067 5534 ἀν-

499 5567 816 5638 ιστάμενος
831 5569 1036 5638 ἄρχειν
1054 5567 1262 5622 ἐθνὼνο
1279 5567 1370 5620 ἐπ’
1391 5568 1579 5622 αὐτόν
1593 5569 1734 5636 ἔθνη
1757 5571 2061 5626 έλπιοῦσι.

558 5755 582 5783 ⁸
608 5751 796 5802 Ilarcus
815 5752 864 5813 Ἰ,
887 5750 950 5801 25
972 5769 986 5801 ι
1008 5750 1273 5813 προσέπεσε
1287 5750 1402 5814 πρὸς
1419 5749 1528 5806 τοὺς
1546 5751 1693 5805 πόδας
1716 5750 1879 5802 αὐτοῦ.

1142 316 1200 372 S.
1241 315 1526 372 JOANNIS
1560 303 2040 368 CHRYSOSTOMI
2079 303 2397 359 ARCHIEP.
2436 301 2981 358 CONSTA'NTINOP.

3587 295 3615 350 εἰ
3627 295 3692 350 ἴἱὲ

2131 424 2239 476 Καὶ
2291 419 2505 475 Ἰακώϐ
2541 421 2660 472 Ούκ
2691 417 2958 483 ἐκλείψει
2978 414 3178 480 ἅρχων
3212 409 3281 473 ἐξ
3314 409 3521 470 Ἰούδα,
3555 411 3697 462 οὐδὲ

2131 507 2463 574 ἡγούμενος
2487 503 2554 556 ἐκ
2583 500 2702 555 τῶν
2727 499 2936 569 μηρῶν
2982 494 3188 556 αὑτοῦ,
3224 494 3336 558 ἕως
3374 489 3446 547 οὗ
3475 493 3624 558 ἔλθῃ
3649 488 3698 560 ᾧ

2131 589 2458 650 ἀπόκειται,
2490 584 2588 638 καί
2613 583 2796 648 αὐτὸς
2833 579 3169 648 προσδοκία
3201 576 3411 631 ἐθνῶν.
3442 577 3550 628 Καὶ
3580 578 3700 628 Ma-

2129 671 2356 740 λαχίαςο
2404 670 2557 725 Διότι
2600 667 2671 720 ἐν
2707 665 2853 734 ὑμῖν
2879 659 3469 732 συγκλεισθήσονται
3515 660 3698 713 πύλαι

2131 751 2371 822 χαλκαῖ,
2394 751 2492 805 καὶ
2514 752 2626 804 οὐκ
2661 746 3033 809 ἀλλάξονται
3062 743 3130 798 τὸ
3161 744 3575 810 προκείμενον,
3611 742 3702 794 ὅτι

2129 836 2250 889 ἀπὸ
2281 831 2594 889 ἀνατολῶν
2625 833 2724 886 καί
2750 829 2925 899 μέχρι
2943 825 3190 896 δυσμῶν
3218 827 3396 893 ἡλίου
3419 825 3484 878 τὸ
3515 824 3704 892 ὄνομά

2130 931 2249 971 σου
2277 917 2576 980 δοξάζεται
2605 915 2673 967 ἐν
2701 913 2824 978 τοῖς
2857 912 3082 968 ἔθνεσι.
3115 908 3214 962 καί
3249 909 3320 962 ἐν
3344 907 3518 960 παντὶ
3543 908 3705 970 τόπῳ

2133 1000 2394 1068 θυμίαμα
2411 996 2807 1065 προσφέρεται
2823 993 2902 1059 τῷ
2919 994 3131 1060 Κυρίῳ,
3144 993 3241 1046 καὶ
3259 991 3437 1048 θυσία
3453 988 3701 1056 καθαρά.

2137 1084 2247 1137 Καὶ
2269 1084 2298 1135 6
2325 1081 2487 1136 Δαυῖδ
2519 1079 2710 1135 πάλιν·
2735 1073 2935 1129 Πάντα
2949 1077 3018 1130 τὰ
3033 1075 3199 1141 ἔθνη,
3223 1074 3555 1142 κροτήσατε
3584 1072 3704 1142 χεῖ-

2127 1183 2261 1234 ρας.
2296 1161 2645 1228 ἀλαλάξατε
2670 1159 2750 1226 τῷ
2780 1158 2900 1226 Θεῷ
2933 1159 3006 1214 ἐν
3031 1156 3204 1228 φωνῇ
3235 1157 3652 1226 ἀγαλλιάσεως
3688 1172 3702 1186 ·

2137 1249 2224 1302 ὅτι
2276 1248 2494 1314 Κύριος
2521 1245 2800 1313 ὕψιστος,
2850 1241 3121 1311 φοϐερὸς,
3169 1238 3470 1304 ,βασιλεὺς
3517 1236 3708 1306 μέγας

2135 1329 2235 1384 ἐπὶ
2258 1327 2465 1383 πᾶσαν
2483 1327 2598 1395 τὴν
2620 1325 2756 1395 γῆν.
2803 1324 3010 1392 Ἀνέϐη
3031 1326 3064 1377 ό
3102 1323 3243 1388 Θεὸς
3266 1322 3336 1376 ἐν
3359 1318 3707 1388 ἀλαλαγμῷ,

2137 1415 2350 1480 Κύριος
2373 1412 2444 1464 ἐν
2471 1407 2639 1480 φωνῇ
2660 1406 3017 1476 σάλπιγγος.
3063 1406 3172 1460 Καὶ
3210 1404 3402 1466 ἄλλος’
3434 1400 3709 1471 Εὐφράν-

2136 1499 2298 1561 θητε,
2330 1491 2493 1564 ἔθνη,
2529 1489 2677 1556 μετὰ
2725 1489 2831 1543 τοῦ
2863 1488 3019 1543 λαοῦ
3047 1487 3253 1542 αὑτοῦ.
3285 1486 3395 1540 Καὶ
3431 1487 3497 1538 σὺ
3549 1485 3712 1546 αὐτὸς

2140 1575 2308 1632 ἐλθὼν
2337 1576 2399 1629 οὐ
2433 1578 2639 1646 μάγους
2672 1571 2877 1635 εὐθέως
2927 1570 3227 1632 ἐκάλεσας,
3276 1568 3378 1638 τὴν
3415 1567 3711 1637 ἀκρόπολιν

2139 1659 2248 1714 τῶν
2279 1659 2446 1713 ἐθνῶν
2465 1674 2480 1721 ;
2499 1658 2596 1728 τὴν
2612 1656 2900 1728 τυραννίδα
2925 1655 3020 1708 τοῦ
3048 1653 3328 1718 διαϐόλους
3355 1652 3455 1721 τὴν
3481 1651 3715 1719 δύναμιν

2141 1744 2249 1797 τῶν
2306 1743 2627 1813 δαιμόνων;
2710 1740 2772 1796 οὐ
2829 1738 3078 1801 καταϐὰς
3157 1737 3442 1807 προφήτας
3515 1733 3713 1796 αὐτοὺς

2142 1825 2403 1895 ἐποίησας
2424 1841 2438 1889 ;
2465 1824 2535 1875 Σὺ
2561 1823 2767 1894 μάγους
2785 1822 2969 1883 καλεῖς
2990 1837 3003 1851 '
3022 1821 3069 1874 οἱ
3092 1820 3368 1891 προφῆται
3386 1817 3514 1886 περὶ
3540 1815 3714 1868 ἐθνῶν

2142 1909 2410 1976 λέγουσιν.
2457 1905 2720 1968 Ἀναστὰς
2751 1904 2858 1958 ἀπὸ
2890 1902 2984 1956 τοῦ
3017 1902 3140 1974 ᾇδου
3170 1901 3348 1968 λέγεις
3393 1903 3506 1962 τοῖς
3536 1899 3714 1968 μαθη·

2144 1995 2262 2056 ταῖς
2286 2007 2299 2022 ·
2343 1989 2738 2058 Πορευθέντες
2761 1988 3176 2058 μαθητεύσατε
3197 1983 3392 2037 πάντα
3418 1983 3490 2036 τὰ
3535 1983 3680 2045 ἔθνη
3698 2021 3714 2041 ,

2139 2073 2531 2141 βαπτίζοντες
2560 2071 2782 2137 αὐτοὺς
2820 2073 2908 2137 είς
2943 2070 3008 2122 τὸ
3043 2069 3230 2137 ὄνομα
3257 2067 3362 2122 τοῦ
3413 2064 3563 2137 [458]
3598 2067 3718 2118 Πα-

2145 2159 2303 2226 τρός,
2325 2158 2424 2211 καὶ
2458 2155 2565 2210 τοῦ
2585 2155 2742 2219 Υίοῦ,
2761 2155 2856 2208 καί
2880 2153 2986 2208 τοῦ
3016 2152 3186 2224 ἁγίου
3215 2151 3561 2219 Πνεύματος
3581 2164 3595 2179 ⁶
3620 2148 3718 2204 καὶ

2146 2243 2235 2296 ὅτε
2267 2238 2429 2310 ἦλθεν
2460 2243 2493 2311 ὴ
2530 2239 2710 2303 ἀθλία,
2750 2241 2785 2310 ἡ
2826 2237 3170 2307 ταλαίπωρος
3194 2273 3208 2296 ,
3259 2234 3403 2304 ὑπὲρ
3448 2232 3720 2303 θυγατρὸς

2147 2323 2562 2396 παρακαλοῦσα,
2592 2321 2874 2393 συμφορὰν
2906 2319 3135 2388 δεομένη
3156 2317 3336 2380 λῦσαι,
3360 2317 3480 2370 τότε
3505 2315 3680 2382 λέγεις
3701 2329 3715 2346 ο

2153 2412 2275 2464 Οὐκ
2305 2406 2659 2473 ἀπεστάλην
2675 2408 2728 2460 εί
2747 2404 2833 2474 μὴ
2867 2407 2954 2468 είς
2981 2404 3053 2457 τὰ
3077 2403 3340 2470 πρόϐατα
3385 2401 3457 2455 τὰ
3484 2402 3722 2454 ἀπολω-

2148 2492 2300 2546 λότα
2343 2491 2519 2544 οἵκου
2563 2488 2845 2558 Ἰσραήλ;
2886 2487 2998 2541 Καὶ
3044 2485 3132 2538 ὅτε
3179 2486 3277 2556 μὲν
3325 2483 3723 2554 ἑκατόνταρχος

2150 2573 2445 2646 προσῆλθε,
2496 2571 2711 2640 λέγεις’
2762 2570 2910 2642 Ἐγὼ
2953 2569 3147 2622 ἐλθὼν
3201 2566 3441 2636 ίάσομαι
3494 2565 3719 2619 αὐτόν’

2149 2661 2238 2714 ὅτε
2265 2662 2294 2714 6
2328 2658 2549 2729 λῃστὴς,
2581 2655 2852 2725 Σήμερον
2870 2652 2996 2722 μετ’
3018 2652 3164 2722 ἐμοῦ
3193 2653 3306 2719 ἔσῃ
3333 2651 3402 2704 ἐν
3429 2649 3507 2715 τῷ
3527 2665 3722 2716 παρα-

2151 2743 2363 2808 δείσφ’
2394 2745 2482 2795 ὅτε
2507 2743 2535 2794 6
2565 2737 2948 2810 παραλυτικὸς,
2977 2737 3271 2805 Ἐγερθεὶς
3288 2734 3436 2802 ἆρόν
3465 2747 3579 2786 σου
3607 2730 3727 2796 τὴν

2153 2828 2396 2894 κλίνην,
2423 2825 2520 2879 καὶ
2544 2823 2736 2891 ὕπαγε
2753 2837 2768 2851 ο
2792 2823 2882 2875 ὅτε
2920 2821 2950 2874 6
2974 2820 3244 2889 Λάζαρος,
3267 2816 3509 2884 Λάζαρε.
3542 2812 3726 2882 δεῦρο

2152 2909 2289 2974 ἔξω,
2333 2909 2428 2961 καὶ
2456 2905 2645 2976 ἐξῆλθε
2672 2905 3072 2976 τετραήμερος.
3103 2900 3354 2970 Λεπροῦς
3398 2895 3682 2968 καθαίρεις
3708 2937 3724 2957 ,

2153 2991 2376 3062 νεκροὺς
2431 2990 2699 3061 ἐγείρεις,
2741 2986 3111 3058 παραλυτικὸν
3153 2983 3440 3052 σφίγγεις,
3488 2978 3728 3048 τυφλοὺς

2155 3073 2492 3147 θεραπεύεις,
2523 3071 2723 3144 λῃστὰς
2746 3069 2956 3135 σώζεις,
2989 3069 3192 3138 πόρνην
3219 3064 3486 3135 παρθένου
3512 3078 3727 3147 σωφρο-

2153 3145 2412 3228 νεστέραν
2466 3158 2658 3220 ποιεῖς,
2695 3152 2987 3224 καὶταύτῃ
3026 3151 3174 3204 οὐδὲν
3221 3147 3531 3220 ἀποκρίνῃ;
3559 3145 3627 3199 Τί
3662 3145 3731 3198 τὸ

2155 3242 2375 3305 καινόν;
2402 3239 2456 3292 τί
2473 3239 2534 3292 τὸ
2562 3239 2709 3302 ξένον
2727 3256 2741 3303 ;
2762 3237 2814 3289 τί
2842 3235 2902 3288 τὸ
2930 3233 3261 3305 παράδοξονς

2225 3351 2270 3416 ζ’
2277 3392 2290 3406 .
2301 3353 2342 3404 Π
2350 3350 2608 3422 ροσέχετε
2616 3347 2856 3419 ἀκριϐῶς
2865 3346 2971 3405 ,ἵνα
2990 3343 3196 3415 μάθητε
3208 3341 3462 3411 γυναικὸς
3474 3337 3734 3408 ἀνδρείαν

2157 3447 2251 3502 καὶ
2309 3446 2578 3499 Δεσπότου
2621 3443 2812 3512 σοφίαν
2855 3441 2950 3495 καί
2987 3438 3338 3511 κηδεμονίαν,
3383 3437 3470 3490 ἵνα
3517 3435 3732 3506 μάθητε

2162 3537 2418 3610 μέλλησιν
2461 3536 2652 3606 κέρδος
2703 3534 2959 3604 ἔχουσαν,
3005 3531 3093 3584 ίνα
3132 3529 3343 3601 μάθητε
3394 3526 3733 3597 παραίτησιν

2160 3629 2390 3683 πλοῦτον
2419 3627 2798 3696 παρεχομένην
2818 3641 2832 3655 ο
2862 3625 2948 3676 ἵνα
2985 3623 3090 3677 κάν
3115 3621 3248 3693 εὔξῃ
3292 3621 3385 3674 καὶ
3416 3621 3500 3682 σὺ,
3532 3620 3626 3671 καὶ
3653 3618 3733 3687 μὴ

2159 3719 2352 3790 λάϐῃς,
2400 3719 2670 3789 μηδέποτε
2711 3716 2972 3786 ἀποστῇς.
3023 3714 3260 3785 Πρόσεχε
3316 3711 3410 3764 καὶ
3455 3709 3732 3764 σύντεινον

2162 3811 2409 3864 σεαυτόν.
2443 3809 2574 3862 Ὅτε
2601 3807 2701 3878 τῆς
2729 3805 3108 3876 Αἰγυπτιακῆς
3168 3802 3560 3874 ἀπηλλάγησαν
3597 3798 3728 3854 ἰουο

2160 3901 2297 3954 δαῖοι
2323 3899 2657 3972 τυραννίδος,
2692 3897 2787 3951 καὶ
2813 3896 2906 3951 τοῦ
2938 3894 3139 3967 Φαραὼ
3182 3894 3280 3958 τὰς
3312 3896 3497 3965 χεῖρας
3521 3892 3735 3960 ἀποφυ-

2162 3992 2351 4062 γόντες
2382 3990 2474 4043 ἐπὶ
2498 3990 2596 4059 τὴν
2634 3988 2839 4060 ἔρημον
2868 3987 3037 4059 ᾔεσαν
3063 4027 3078 4052 ,
3123 3987 3218 4039 καὶ
3246 3984 3469 4056 ἔμελλον
3505 3983 3736 4040 εἰσιέναι

2159 4079 2260 4151 τὴν
2290 4077 2604 4132 Χαναναίων
2636 4077 2760 4147 γῆν,
2816 4077 2925 4130 τῶν
2973 4073 3348 4146 είδωλομανῶν
3379 4073 3490 4128 καὶ
3518 4073 3736 4128 ἀσεϐῶν

2164 4171 2500 4242 ἀνθρώπων,
2557 4167 3004 4238 προσκυνούντων
3049 4167 3264 4232 λίθους,
3321 4165 3736 4237 θεραπευόντων

2165 4264 2322 4332 ξύλα,
2357 4262 2557 4334 πολλὴν
2585 4261 2837 4316 ἀσέϐειαν
2862 4260 3337 4332 ἐπιδεικνυμένων,
3370 4258 3598 4312 δέδωκεν
3629 4257 3734 4309 αὒ-

2162 4358 2276 4419 τοῖς
2307 4356 2336 4408 6
2371 4353 2502 4418 Θεὸς
2541 4353 2633 4408 τὸν
2681 4353 2843 4424 νόμον
2896 4351 3108 4413 τοῦτον,
3159 4339 3333 4419 λέγων
3367 4365 3380 4382 ο
3439 4349 3532 4428 Μὴ
3559 4346 3738 4417 λάϐῃς

2165 4445 2319 4517 παρά
2355 4444 2462 4498 τῶν
2487 4443 2618 4496 υἰῶν
2663 4443 2745 4507 εἰς
2776 4441 3083 4513 γαμϐροὺς,
3130 4440 3264 4512 μηδὲ
3296 4438 3400 4510 δῷς
3429 4438 3530 4509 τὴν
3565 4436 3740 4504 θυγα-

2161 4539 2299 4610 τέρα
2321 4555 2414 4591 σου
2444 4535 2661 4606 νύμφην
2678 4534 2984 4605 αὐτοῖς.Μὴ
3013 4531 3252 4604 μεταδῷς
3282 4532 3465 4593 αὐτοῖς
3487 4527 3734 4600 χρυσίον.

2169 4631 2310 4701 μήτε
2363 4625 2643 4700 τραπέζης
2697 4625 3004 4690 κοινωνίαν,
3065 4623 3200 4695 μηδὲ
3253 4619 3738 4689 συνουσίανκμηδὲ

2165 4722 2326 4776 ἄλλου
2367 4717 2593 4791 μηδενὸς
2619 4715 2727 4770 τῶν
2756 4716 3034 4778 τοιούτων,
3059 4716 3140 4770 ὅτι
3169 4713 3461 4786 παράνομα
3488 4711 3555 4765 τά
3581 4710 3734 4779 ἔθνη,

2165 4814 2246 4876 εἰς
2274 4811 2311 4867 ἃ.
2338 4811 2543 4878 εἰσάγω
2571 4824 2632 4862 σε
2660 4805 3071 4878 κληρονομῆσαι
3095 4803 3294 4858 αὐτῶν,
3326 4801 3497 4859 Τοῦτο
3521 4795 3614 4854 οὖν
3637 4801 3741 4852 αύ-

2164 4909 2277 4968 τοῖς
2327 4903 2357 4958 6
2414 4902 2578 4971 νόμος
2625 4897 2907 4969 μονονουχὶ
2952 4895 3284 4952 ἐνετέλλετοο
3319 4894 3409 4964 Μὴ
3434 4892 3736 4963 ἀγοράσῃς,

2173 4997 2248 5068 μὴ
2283 4992 2562 5063 πωλήσῃς,
2621 4988 2695 5060 μὴ
2741 4986 2919 5057 γάμον
2968 4984 3306 5054 ἐπιτελέσης,
3345 4982 3480 5053 μηδέ
3525 4981 3733 5052 συμϐό-

2166 5086 2315 5149 λαια,
2360 5080 2473 5136 ἀλλ’
2514 5079 2626 5144 ἔσο,
2669 5078 2718 5131 εἰ
2768 5075 2864 5131 καὶ
2909 5075 2989 5145 τῷ
3023 5075 3175 5145 τόπῳ
3222 5074 3413 5142 ἐγγὺς,
3470 5071 3606 5125 ἀλλά
3657 5071 3739 5140 τῷ

2167 5174 2351 5247 τρόπῳ
2404 5167 2826 5240 κεχωρισμένος.
2860 5165 3042 5236 Μηδέν
3072 5177 3180 5216 ’σοι
3229 5162 3408 5215 κοινὸν
3455 5161 3590 5232 πρὸς
3634 5160 3738 5212 αύ-

2167 5265 2316 5328 τοίις,
2377 5261 2451 5332 μὴ
2501 5258 2940 5326 συναλλάγματα,
2994 5255 3066 5326 μὴ
3118 5253 3369 5325 πράσεις,
3422 5251 3498 5322 μὴ
3529 5251 3736 5320 ἀγορα-

2165 5355 2298 5416 σίαι,
2356 5351 2431 5423 μὴ
2483 5347 2792 5419 ἐπιγαμίαι,
2838 5347 2911 5419 μὴ
2949 5344 3348 5416 ἐπιγαμϐρίαι,
3403 5343 3491 5394 ἵνα
3527 5341 3602 5412 μὴ
3632 5341 3737 5410 τῆς

2169 5442 2488 5513 συγγενείας
2515 5441 2548 5510 ἡ
2571 5439 2784 5508 ἀνάγκη
2801 5439 2881 5501 είς
2909 5434 3164 5489 ἀσέϐειάν
3183 5449 3243 5486 σε
3260 5430 3604 5500 ἐξολισθῆσαι
3633 5446 3738 5480 πα-

2173 5533 2505 5608 ρασκευάσῃ,
2540 5531 2626 5583 ἵνα
2673 5527 2745 5599 μὴ
2771 5527 2832 5580 τδ
2871 5525 3053 5579 δοῦναι
3094 5523 3190 5576 καὶ
3211 5524 3272 5575 τδ
3295 5520 3480 5574 λαϐεῖν
3514 5521 3640 5588 ποιῇ
3679 5535 3736 5570 σε

2167 5625 2321 5694 φίλον
2352 5623 2562 5676 αὐτῶνθ
2593 5619 2707 5673 ἀλλ’
2734 5616 2926 5689 ἐχθρὸς
2953 5615 3040 5668 ἀεὶ
3087 5613 3180 5666 ἐσο
3209 5613 3412 5675 αὐτοῖς.
3445 5608 3626 5680 Μηδὲν
3653 5610 3732 5660 σοὶ

2169 5716 2263 5769 καὶ
2291 5713 2644 5774 Χαναναίοις·
2681 5709 2756 5780 μὴ
2791 5707 2991 5779 χρυσὸν
3021 5703 3202 5761 αὐτῶν
3236 5701 3425 5774 λάϐῃς,
3467 5699 3600 5771 μηδέ
3631 5699 3736 5770 ἀρ-
