4100 6196
319 255 432 311 655

321 360 771 424 leitessmulieres
791 358 1038 416 mercede
1051 353 1328 421 conduxit,
1351 367 1444 411 ess
1467 367 1587 424 quae
1605 352 1779 408 solent
1799 351 1910 408 die.

322 470 516 513 rnonas
540 468 768 509 evocare
793 463 859 507 et
883 451 1034 506 ulcus
1078 463 1276 518 augere
1297 463 1312 512 ;
1336 446 1430 501 sed
1475 444 1676 501 dimisit
1705 443 1904 500 diaboli

320 547 617 609 ofﬁcinam,
635 551 691 599 et
707 541 933 597 accessit
952 539 1018 594 ad
1035 537 1371 595 Servatorem
1391 535 1688 592 animarum
1705 544 1910 591 nostra-

321 653 469 693 rum.
500 635 745 689 Miserere
769 631 888 696 mei,
915 629 1026 698 ﬁlia
1063 645 1177 683 mea
1203 626 1337 704 male
1355 644 1386 681 a
1411 626 1659 684 dcemonio
1679 635 1907 680 vexatur.

323 729 508 784 Nostis
533 726 781 781 allectum
805 721 1186 787 miserationis,
1212 727 1472 790 quotquot
1493 727 1668 788 patres
1694 717 1906 781 fuistin

318 821 509 891 iuvate
548 832 634 872 me
668 815 863 878 verbis,
891 819 1150 884 quotquot
1178 818 1376 865 matres
1413 808 1604 864 fuistis.
1637 808 1751 862 Non
1788 821 1911 877 pos-

323 926 450 966 sum
500 906 808 962 describere
853 911 1224 972 tempestatem
1290 915 1450 970 quam
1495 898 1745 954 sustinuit
1794 913 1912 951 mu-

325 998 546 1055 liercula
593 996 702 1051 illa.
754 992 994 1048 Miserere
1039 992 1134 1045 mei
1174 1007 1194 1045 :
1239 991 1350 1058 ﬁlia
1388 1006 1499 1044 ntea
1549 988 1682 1043 male
1727 1004 1760 1041 a
1805 988 1913 1041 da:-

327 1091 501 1144 nwnio
538 1096 766 1142 vexatur.
823 1083 1013 1139 Vidisti
1067 1082 1456 1152 pltilOSOphiam
1499 1080 1776 1146 mulieris,
1833 1079 1911 1131 vi-

325 1184 452 1238 disti
486 1177 932 1252 perseverantiam
955 1217 972 1242 ,
1003 1175 1180 1230 vidisti
1215 1173 1536 1239 virilitatem,
1566 1169 1910 1243 patientiam?

331 1273 434 1328 Ille
454 1288 568 1327 vero
598 1287 700 1324 non
725 1266 982 1338 respondit
1019 1267 1067 1320 ei
1111 1263 1313 1319 verbum
1375 1261 1589 1333 (Matth.
1636 1263 1726 1316 l5.
1777 1260 1909 1330 25).

327 1365 464 1420 Rem
492 1361 717 1418 novam!
774 1359 966 1428 Rogat,
1007 1357 1272 1421 obsecrat,
1322 1353 1674 1409 calamitatem
1722 1352 1912 1421 deplo-

330 1466 435 1516 rat,
474 1462 632 1523 auget
678 1449 1012 1520 tragaadiam,
1063 1447 1411 1501 al‘ﬁictionem
1462 1455 1680 1510 narrat;
1725 1452 1781 1499 et
1823 1444 1912 1498 ille

329 1544 604 1597 hominum
657 1549 1007 1608 amator‘non
1070 1536 1378 1606 respondet.
1438 1534 1670 1589 Verbum
1729 1542 1908 1598 tacet,

331 1632 452 1687 fons
478 1633 693 1686 clausus
719 1638 823 1690 est.
847 1626 1084 1682 medicus
1105 1625 1384 1695 pbarmaca
1409 1626 1622 1679 retinet.
1650 1623 1786 1692 Quid
1812 1639 1913 1678 uo-

331 1721 497 1775 vum?
523 1719 648 1791 quid
678 1716 1026 1772 admirabile?
1064 1715 1142 1770 Ad
1169 1716 1306 1772 alios
1343 1715 1536 1780 curris,
1567 1724 1622 1769 et
1645 1714 1784 1769 banc
1808 1715 1912 1791 mi-

331 1827 514 1866 seram
540 1789 902 1865 aecurreutem
920 1805 1136 1876 abigis?
1165 1806 1257 1860 sed
1280 1805 1557 1860 considera
1579 1804 1767 1859 medici
1792 1789 1912 1874 phi-

335 1903 657 1972 losophiam.
685 1901 786 1956 Ille
799 1909 962 1953 autem
987 1915 1090 1953 non
1109 1897 1369 1967 respondit
1388 1898 1435 1951 ei
1451 1897 1672 1951 uerbum.
1705 1895 1912 1962 Quare?

336 1994 478 2061 Quia
501 1993 657 2048 verba
683 2009 786 2047 non
813 1990 1183 2056 examinahat;
1237 1989 1334 2045 sed
1359 2003 1555 2043 arcana
1583 1989 1776 2042 mentis
1793 1989 1913 2042 ani-

335 2085 717 2142 madvertebat.
751 2083 852 2139 Ille
876 2093 1041 2137 autem
1065 2099 1164 2136 non
1189 2080 1502 2148 responditei
1520 2079 1740 2134 uerbum.
1766 2079 1904 2145 Quid

331 2187 512 2233 autem
543 2175 835 2244 discipuli?
863 2173 986 2243 quia
1018 2187 1334 2242 responsum
1370 2170 1561 2224 mulier
1580 2185 1685 2223 non
1713 2170 1913 2224 obtine-

337 2269 446 2334 bat,
497 2268 815 2323 accedentes
841 2265 907 2319 ad
945 2279 1067 2318 eum
1116 2263 1342 2318 dicunt:
1384 2260 1590 2315 Dimitte
1613 2260 1776 2326 illam,
1798 2261 1916 2330 quia

331 2358 518 2412 clamat
544 2369 654 2427 post
682 2374 775 2412 nos
796 2354 1010 2425 (Matth.
1046 2354 1134 2409 15.
1165 2351 1281 2425 25).
1304 2351 1409 2408 Sed
1431 2363 1485 2406 tu
1512 2360 1792 2406 externum
1815 2366 1913 2405 au-

331 2450 417 2505 dis
468 2450 786 2513 clamorem,
829 2461 928 2518 ego
955 2447 1222 2501 internum
1250 2461 1266 2499 :
1298 2457 1487 2514 magna
1534 2452 1618 2498 est
1642 2458 1741 2497 vox
1783 2443 1912 2509 oris,

334 2541 428 2595 sed
451 2541 622 2610 major
635 2539 847 2595 mentis.
883 2537 1084 2591 Dimitte
1102 2535 1266 2601 illam,
1294 2535 1415 2606 quia
1437 2534 1622 2587 clamat
1643 2541 1752 2602 post
1776 2549 1866 2588 nos
1893 2550 1912 2588 :

333 2633 469 2687 alius
490 2641 670 2685 autem
700 2629 1021 2699 evangelista
1043 2627 1117 2696 (α)
1143 2625 1301 2690 dicit,
1334 2623 1465 2678 Ante
1499 2639 1611 2677 nos.
1641 2623 1915 2678 Contraria

335 2725 450 2780 haec
475 2725 617 2779 dicta
657 2722 938 2784 videntur;
967 2719 1060 2774 sed
1087 2735 1192 2772 non
1218 2716 1490 2773 mendacia
1515 2723 1640 2770 sunt
1671 2731 1684 2768 :
1715 2724 1916 2772 utrum-

333 2830 441 2884 que
463 2814 608 2869 eniru
640 2813 850 2882 agebat.
885 2810 1064 2864 Primo
1103 2807 1247 2862 enim
1294 2815 1438 2861 retro
1466 2805 1767 2869 clamabat;
1793 2819 1915 2859 cum

333 2913 511 2957 autem
539 2899 643 2956 non
666 2899 1014 2970 responderet
1039 2897 1149 2962 ille,
1191 2893 1566 2964 anteperrexit,
1594 2894 1746 2964 quasi
1769 2894 1917 2949 canis

335 2995 578 3049 lambens
605 2991 828 3061 vestigia
851 2989 1050 3044 domini
1073 2988 1174 3042 sui.
1199 2986 1406 3040 Dimitte
1427 2985 1608 3050 illam;
1630 2994 1907 3054 spectacu-

331 3086 445 3140 lina
468 3085 668 3139 circum
693 3083 904 3147 edebat,
936 3079 1186 3150 populum
1228 3076 1518 3132 advocabat
1547 3093 1562 3132 :
1592 3076 1666 3132 illi
1710 3076 1778 3130 ad
1821 3076 1919 3130 hu-

331 3189 552 3228 manum
602 3173 842 3227 dolorem
888 3169 1263 3239 respiciebant,
1326 3167 1582 3221 Dominus
1622 3175 1797 3221 autem
1852 3167 1918 3220 ad

329 3265 564 3318 salutem
590 3262 831 3317 mulieris
847 3261 1140 3330 spectabat.
1165 3258 1375 3312 Dimitte
1401 3258 1564 3322 illam,
1592 3261 1711 3327 quia
1734 3259 1919 3312 clamat

335 3367 450 3415 post
475 3369 586 3406 nos.
618 3352 752 3418 Quid
785 3352 941 3419 igitur
965 3347 1251 3403 Christus?
1296 3346 1418 3402 Non
1461 3363 1573 3401 sum
1607 3348 1787 3401 missus
1821 3348 1918 3401 nisi

333 3445 408 3496 ad
430 3459 547 3498 oues
574 3459 686 3512 qua
711 3445 965 3513 perierunt
1008 3441 1186 3495 domus
1220 3439 1387 3494 Israel
1427 3437 1534 3510 (Ib.
1565 3454 1614 3492 υ.
1641 3438 1765 3509 24).
1787 3439 1916 3494 Cutn

336 3536 636 3604 respondit,
666 3536 808 3590 illius
836 3535 984 3589 ulcus
1014 3533 1165 3588 auxit
1192 3551 1206 3587 :
1232 3533 1470 3587 medicus
1505 3533 1648 3587 enim
1694 3541 1810 3587 erat
1832 3547 1918 3586 se-

336 3642 492 3689 cans,
524 3643 630 3680 non
671 3636 732 3680 ut
757 3626 1037 3691 divideret,
1068 3624 1164 3680 sed
1195 3633 1250 3678 ut
1269 3623 1636 3693 conjungeret.

408 3721 465 3774 ὅ.
489 3717 717 3773 Christus
743 3735 836 3788 pro
863 3717 1090 3772 omnibus
1105 3715 1331 3787 gentibus
1357 3715 1490 3768 uenit
1507 3715 1562 3767 in
1582 3712 1920 3767 mundum.—

334 3812 436 3866 llic
457 3812 585 3865 mihi
615 3827 711 3864 vos
741 3820 970 3864 attentos
998 3811 1251 3878 pmbete,
1281 3815 1336 3861 et
1362 3805 1596 3859 animum
1622 3805 1879 3859 advertite
1903 3821 1917 3858 :

334 3901 652 3972 profundam
678 3901 819 3954 enim
849 3901 1201 3969 quaestionem
1251 3896 1571 3965 investigare
1607 3895 1748 3948 volo.
1796 3892 1918 3947 Non

335 4011 453 4048 sum
489 3994 673 4047 missus
711 3993 810 4046 nisi
837 3991 904 4044 ad
945 4006 1058 4044 oves
1101 4005 1215 4060 qua:
1241 3989 1496 4058 perierunt
1523 3987 1704 4040 domus
1736 3985 1918 4040 Israel.

341 4087 576 4141 Hoecine
603 4095 768 4140 totum
791 4084 916 4139 est?
945 4083 1138 4138 ldeone
1167 4081 1327 4136 homo
1353 4080 1520 4135 lactus
1545 4095 1604 4133 es
1629 4088 1682 4132 et
1704 4092 1919 4133 carnem

337 4175 712 4244 assumpsisti,
751 4181 1056 4243 tantamque
1083 4169 1435 4227 oeconomiam
1483 4168 1768 4223 adhibuisti
1800 4209 1816 4232 ,
1866 4177 1924 4223 ut

339 4283 506 4322 unum
535 4281 783 4322 servares
808 4264 1058 4335 angulum
1077 4304 1094 4328 ,
1121 4272 1176 4318 et
1201 4264 1342 4316 hunc
1370 4269 1680 4332 pereuntem
1703 4259 1728 4312 ‘i
1751 4259 1924 4314 orbis-

340 4376 410 4413 ne
441 4368 583 4413 totus
608 4358 852 4413 desertus
876 4366 989 4419 est,
1019 4354 1252 4426 Scythas.
1280 4353 1536 4419 Thraces,
1567 4351 1703 4418 indi,
1734 4351 1918 4415 Mauri,

339 4452 556 4516 Cilices,
585 4447 952 4518 Cappadoces,
982 4448 1124 4520 Syri,
1152 4446 1465 4511 Plimnices,
1495 4453 1732 4514 totaque,
1762 4458 1922 4512 quam

342 4542 423 4594 sol
451 4541 687 4609 respicit,
722 4549 861 4594 terra
879 4540 904 4580 ν
931 4540 1011 4594 An
1037 4546 1252 4609 propter
1270 4536 1483 4592 Judaeos
1512 4535 1684 4590 solum
1711 4534 1921 4597 venisti,

343 4638 400 4683 et
417 4639 606 4699 gentes
625 4629 833 4685 deseris
852 4627 1224 4698 despicisque?
1251 4641 1321 4681 an
1341 4626 1638 4681 contemnis
1659 4624 1921 4686 nidorem,

345 4734 414 4772 an
459 4720 663 4774 fumum
685 4720 710 4772 ?
751 4734 819 4773 an
857 4720 1154 4777 contemnis
1191 4717 1400 4773 Patrem
1433 4726 1579 4770 tuum
1605 4715 1924 4770 contumelia

347 4809 642 4866 allectum?
691 4825 760 4864 sn
810 4809 1068 4864 idolorum
1117 4809 1523 4876 dtemonumque
1572 4805 1768 4860 cultum
1819 4821 1923 4859 non

347 4901 542 4955 curas?
569 4900 731 4969 Atqui
759 4915 864 4954 non
906 4899 1008 4955 hoc
1033 4900 1216 4955 dicunt
1245 4898 1515 4968 prophetae
1534 4939 1549 4962 ,
1580 4897 1673 4952 sed
1702 4911 1927 4966 proavus

351 5000 472 5045 tuus
498 4991 792 5046 secundum
818 5006 1033 5047 carnem
1063 4990 1186 5061 quid
1228 4990 1501 5061 loquitur?
1529 4989 1742 5043 Postulo
1770 5007 1803 5044 a
1825 5006 1922 5056 me,

349 5093 395 5136 et
425 5082 558 5136 dabo
601 5083 690 5136 tibi
733 5094 901 5153 gentes
929 5083 1252 5138 hereditatem
1276 5093 1415 5135 tuam
1435 5124 1450 5146 ,
1475 5091 1543 5136 ‘et
1568 5083 1927 5151 possessionem

351 5179 492 5224 tuam
523 5173 759 5225 terminos
788 5182 934 5226 terra:
964 5171 1145 5244 (Psal.
1174 5171 1229 5226 2.
1259 5171 1354 5240 8).
1399 5170 1618 5226 llesaias
1645 5186 1774 5226 vero
1792 5211 1808 5237 ,
1837 5172 1925 5242 qui

349 5262 633 5333 Seraphim
661 5266 1054 5335 contemplatus
1083 5272 1166 5320 est
1194 5282 1208 5320 ε
1251 5263 1318 5318 Et
1346 5264 1437 5318 erit
1477 5265 1628 5318 radix
1667 5263 1810 5318 Jesse
1833 5303 1849 5326 ,
1877 5275 1927 5317 et

350 5356 436 5425 qui
463 5364 700 5424 exsurget
724 5357 970 5422 imperare
997 5356 1226 5427 gentibus
1253 5369 1272 5407 :
1296 5353 1350 5408 in
1369 5352 1535 5424 ipsum
1561 5363 1730 5424 gentes
1747 5369 1926 5422 spera-

414 5510 511 5576 (a)_
526 5517 708 5576 larens
726 5513 776 5571 7.
799 5513 862 5562 25
886 5527 899 5562 :
928 5512 1140 5576 procidit
1161 5518 1270 5563 ante
1291 5512 1438 5576 pedes
1455 5514 1576 5575 ejus.
1601 5519 1709 5563 Haec
1723 5513 1839 5564 dicit
1861 5514 1927 5565 de

345 5568 730 5646 Syrophteuissa,
751 5568 861 5646 qua;
885 5575 1057 5646 eadem
1081 5581 1158 5646 est
1178 5568 1325 5646 atque
1347 5568 1624 5646 Chananaaa.
1659 5577 1774 5626 tlinc
1788 5576 1932 5642 Chry-

356 5643 615 5694 sostonms,
637 5635 919 5687 memoriter
944 5635 1167 5698 loquens,
1189 5635 1299 5688 ante
1319 5650 1422 5698 nos,
1445 5636 1645 5686 dixerit.

1702 239 1794 298 DE
1830 237 2244 298 CIIANANIRA.

3475 248 3579 303 ιπι

2018 352 2139 406 bunt
2181 351 2349 422 (lsai.
2379 352 2462 406 ll.
2493 349 2618 420 l0).
2652 351 2708 404 Et
2741 351 2907 406 Jacoh
2932 369 2944 405 :
2971 351 3090 406 Non
3117 354 3309 422 deﬁciet
3351 357 3582 425 princeps

2018 460 2080 501 ra:
2102 444 2275 505 Iuda,
2310 461 2467 512 neque
2507 447 2612 499 dua;
2649 446 2712 502 de
2749 447 3021 515 femoribus
3051 448 3158 519 ejus
3181 489 3195 511 ,
3223 449 3382 504 donec
3422 453 3584 506 ueniat

2017 538 2099 591 cui
2124 539 2395 606 repositum
2424 549 2497 592 est
2527 556 2548 594 :
2585 548 2634 593 et
2664 541 2770 608 ipse
2811 543 3114 609 exspectatio
3153 545 3372 614 gentium
3413 544 3582 615 (Cen.

2017 629 2106 682 49.
2135 628 2202 683 10
2225 630 2265 698 ).
2303 630 2374 684 Et
2401 630 2685 686 Malachias
2723 650 2738 686 :
2783 632 2913 698 Quia
2957 635 3011 687 in
3053 635 3188 688 vobis
3225 637 3579 692 concludentm

2017 729 2176 788 portat
2211 736 2355 774 terea:
2377 761 2394 788 ,
2439 731 2486 775 et
2527 738 2630 775 non
2668 723 2928 776 mutabunt
2955 725 3088 793 quod
3136 728 3450 796 propositum
3493 740 3585 790 est,

2014 809 2134 876 quia
2161 812 2226 862 ab
2253 822 2366 863 ortu
2390 812 2512 864 solis
2533 827 2687 880 usque
2709 813 2776 864 ad
2799 828 3029 866 occasum
3055 830 3235 869 stamen
3261 826 3402 872 tuum
3431 819 3598 888 glori-

2017 899 2200 965 ﬁcatur
2221 900 2274 954 in
2299 900 2526 971 gentibus
2549 943 2564 967 ,
2602 911 2648 955 et
2686 903 2740 956 in
2765 905 2900 955 omni
2938 904 3048 957 loco
3085 906 3340 961 incensum
3376 911 3593 975 οπερ-την

2017 990 2265 1057 Domino,
2293 1003 2344 1046 ct
2363 994 2667 1063 sacriﬁcium
2693 995 2936 1048 mundum
2967 995 2986 1063 (
3010 995 3230 1051 Malach.
3262 1000 3315 1053 1.
3340 1000 3425 1054 10.
3451 1003 3511 1056 Η
3542 1004 3582 1070 ).

2020 1080 2088 1134 Et
2134 1081 2298 1136 David
2328 1097 2537 1137 rursum
2571 1101 2585 1137 :
2622 1084 2806 1138 Omnes
2833 1095 3030 1155 gentes,
3063 1086 3287 1156 plaudite
3331 1097 3582 1156 manibus,

2011 1171 2226 1238 jubilate
2265 1169 2375 1224 Deo
2415 1172 2468 1225 in
2505 1188 2622 1226 uoce
2659 1174 3043 1238 ett-saltationis;
3079 1177 3315 1245 quoniam
3337 1178 3585 1234 Dominus

2018 1261 2261 1324 excelsus,
2294 1263 2558 1330 terribilis,
2591 1264 2699 1317 Rea:
2722 1281 2936 1335 magnus
2971 1281 3124 1335 super
3146 1282 3343 1322 omnem
3379 1279 3584 1325 terram.

2017 1354 2255 1407 Ascendit
2293 1354 2432 1408 Deus
2467 1355 2521 1408 in
2558 1353 2894 1423 jubilatione,
2931 1355 3178 1410 Dominus
3211 1359 3264 1412 in
3305 1375 3420 1414 voce
3458 1361 3585 1414 tuba!

2019 1444 2038 1512 (
2061 1443 2209 1499 Psal.
2233 1445 2324 1500 46.
2351 1446 2406 1500 2.
2433 1448 2487 1502 5.
2515 1444 2609 1518 5).
2640 1447 2708 1500 Ει
2732 1447 2868 1501 alius
2896 1463 2912 1501 :
2940 1446 3227 1514 Lwtamini,
3253 1460 3449 1521 gentes,
3476 1469 3585 1505 cum

2016 1536 2205 1604 populo
2227 1537 2340 1606 ejus
2368 1536 2542 1608 (Deut.
2567 1537 2656 1592 52.
2678 1538 2793 1607 45).
2823 1539 2890 1592 Et
2916 1547 2972 1592 tu
3001 1540 3115 1608 ipse
3145 1542 3381 1606 veniens,
3413 1558 3586 1598 nonne

2016 1640 2202 1693 magos
2237 1627 2415 1680 statim
2441 1626 2749 1693 advocasti,
2781 1643 2957 1683 arcem
2987 1632 3251 1699 gentium,
3279 1631 3474 1687 diaboli
3503 1645 3584 1705 ty-

2017 1716 2297 1769 rannidem
2318 1757 2334 1780 ,
2366 1717 2614 1772 virtutem
2645 1718 2987 1773 daemonum?
3029 1735 3206 1776 nonne
3237 1722 3584 1790 descendens,

2017 1805 2303 1873 prOphetas
2331 1821 2424 1860 eos
2449 1808 2761 1862 reddidisti?
2789 1809 2866 1862 'l‘u
2892 1825 3074 1879 magos
3097 1827 3255 1867 vocas
3280 1832 3294 1868 :
3318 1815 3587 1884 propheta:

2017 1895 2085 1950 de
2113 1897 2355 1966 gentibus
2384 1897 2485 1951 hoc
2513 1899 2714 1953 dicunt.
2761 1900 3043 1970 Postquam
3085 1903 3153 1957 ab
3198 1904 3379 1960 inferis
3413 1924 3573 1963 resur-

2017 2001 2252 2051 rexeras,
2281 1987 2554 2058 discipulis
2580 1989 2712 2044 dicis
2741 2006 2758 2044 :
2791 1989 2982 2045 Euutes
3003 1993 3176 2046 docete
3202 2011 3372 2050 omnes
3395 2009 3581 2067 gentes,

2016 2076 2322 2148 baptizantes
2348 2095 2430 2134 eos
2459 2080 2510 2132 in
2545 2081 2746 2133 nomine
2783 2081 2956 2134 Patris
2976 2123 2990 2144 ,
3019 2093 3067 2136 et
3103 2083 3261 2148 Filii,
3291 2096 3337 2139 et
3366 2087 3587 2157 Spiritus

2016 2170 2180 2223 sancti
2223 2168 2456 2239 (Matth.
2478 2170 2568 2225 28.
2599 2170 2750 2240 l9);
2792 2179 2846 2224 ct
2888 2173 3100 2240 quando
3137 2175 3279 2229 venit
3315 2177 3493 2232 infelix
3535 2191 3586 2234 et

2017 2259 2210 2312 misera
2241 2259 2328 2313 illa
2352 2300 2367 2323 ,
2414 2275 2514 2329 pro
2553 2260 2656 2313 ﬁlia
2689 2276 2909 2330 rogans,
2940 2277 3336 2334 azrumnamque
3379 2268 3586 2338 diepelli
3633 2333 3638 2348 1

2017 2350 2321 2418 supplicans
2339 2391 2354 2412 ,
2388 2361 2512 2405 tunc
2538 2351 2669 2406 dicis
2697 2368 2711 2405 :
2741 2351 2862 2406 Non
2900 2370 3011 2406 sum
3041 2356 3220 2409 missus
3259 2358 3356 2410 nisi
3383 2360 3450 2411 ad
3477 2377 3590 2413 ores

2015 2456 2130 2510 qua:
2153 2442 2410 2510 perierunt
2434 2445 2611 2496 domus
2637 2443 2804 2497 Israel
2819 2461 2838 2509 ;
2866 2454 3056 2499 etcum
3083 2449 3420 2504 centenarius
3439 2467 3589 2506 acce-

2018 2533 2134 2599 dit,
2174 2532 2350 2589 dicis:
2379 2534 2490 2605 Ego
2527 2536 2727 2589 veniens
2770 2537 2956 2589 curabo
2985 2553 3096 2590 cum
3135 2539 3153 2606 (
3179 2539 3364 2594 Matth.
3391 2543 3444 2596 8.
3476 2544 3547 2612 7)
3573 2564 3587 2608 ;

2017 2635 2142 2676 cum
2172 2623 2308 2678 latro
2346 2625 2610 2694 supplicat
2649 2643 2663 2678 :
2707 2624 2875 2679 Hodie
2903 2641 3093 2679 mecum
3133 2629 3231 2680 eris
3266 2631 3320 2682 in
3351 2633 3588 2698 paradiso

2019 2711 2170 2784 (Luc.
2196 2714 2286 2769 25.
2309 2715 2437 2784 45);
2473 2731 2594 2770 cum
2624 2716 2944 2785 paralyticus
2973 2734 2986 2769 :
3017 2717 3217 2788 Surge.
3249 2720 3370 2773 tolle
3411 2723 3590 2776 lectum

2020 2814 2162 2860 tuum
2185 2845 2200 2868 ,
2247 2813 2292 2858 ct
2330 2807 2456 2859 vade
2481 2805 2709 2875 (Matth.
2733 2806 2786 2859 9.
2817 2805 2888 2875 6)
2917 2822 2930 2857 :
2961 2821 3082 2860 cum
3109 2809 3309 2862 Lazaro
3335 2811 3588 2879 loqueris,

2018 2896 2247 2962 Lazare,
2286 2897 2397 2950 veni
2437 2900 2576 2967 foras
2610 2895 2808 2967 (Joan.
2835 2898 2920 2952 ll.
2950 2898 3053 2965 45)
3077 2940 3092 2962 ,
3121 2907 3176 2952 et
3211 2901 3591 2969 quatriduanus

2018 2987 2205 3044 exivit.
2230 2988 2496 3058 chrosos
2522 2988 2767 3054 mundas,
2799 2999 3035 3044 mortuos
3063 2992 3306 3054 suscitas.
3337 2995 3590 3065 paralyti-

2019 3095 2138 3135 cum
2169 3080 2378 3145 ﬁrmas,
2407 3095 2579 3135 czecos
2607 3080 2891 3142 illuminas,
2924 3081 3156 3136 latrones
3182 3097 3382 3146 servas,
3415 3100 3591 3140 mere-

2021 3171 2205 3226 tricem
2255 3172 2432 3226 reddis
2471 3172 2672 3241 virgine
2716 3170 3036 3235 castiorem,
3068 3182 3120 3226 et
3161 3174 3283 3227 huic
3326 3175 3456 3229 nihil
3503 3191 3587 3230 re-

2020 3264 2250 3332 spondes
2269 3264 2294 3316 ?
2329 3264 2498 3330 Quam
2525 3279 2719 3317 novum
2746 3263 2797 3318 id
2823 3264 2836 3317 !
2864 3279 3020 3332 quam
3046 3265 3363 3334 stupendum
3387 3267 3400 3320 l
3433 3283 3592 3338 quant

2021 3355 2288 3409 insolitum
2314 3357 2328 3408 l

2094 3445 2148 3498 7.
2191 3446 2436 3498 Animum
2467 3443 2724 3499 advertite
2752 3445 3052 3515 diligenter,
3084 3453 3141 3499 ut
3164 3445 3382 3502 discatis
3408 3449 3594 3504 mulie-

2023 3535 2097 3590 ris
2118 3536 2417 3590 virilitatem
2439 3551 2501 3591 ac
2525 3536 2728 3590 Domini
2751 3538 3062 3606 sapientiam
3084 3539 3591 3609 providentiamque;

2021 3635 2079 3679 ut
2119 3625 2336 3680 discatis
2380 3641 2557 3680 moras
2601 3626 2804 3681 lucrum
2848 3628 3124 3692 attulisse,
3169 3637 3222 3682 et
3263 3633 3592 3699 negationem

2022 3716 2234 3771 divitias
2263 3718 2567 3786 peperisse;
2599 3727 2655 3770 ut
2683 3718 2727 3771 si
2753 3719 2987 3772 oraveris
3015 3727 3070 3773 et
3109 3726 3164 3771 tn
3187 3759 3201 3781 ,
3237 3728 3289 3772 et
3318 3736 3421 3772 non
3452 3723 3594 3774 acci-

2024 3807 2139 3876 pias
2158 3847 2172 3867 .
2202 3823 2488 3876 numquam
2519 3807 2766 3862 desistas.
2799 3809 3046 3862 Animum
3075 3808 3354 3878 diligenter
3379 3809 3593 3865 adhibe.

2021 3896 2243 3964 Quando
2268 3897 2435 3952 Judzci
2464 3897 2532 3951 ab
2556 3897 2868 3968 Egyptiaca
2899 3899 3177 3969 tyrannide
3219 3899 3424 3953 liberati
3451 3911 3596 3964 sunt.

2022 3997 2077 4042 et
2100 3985 2388 4041 Pharaonis
2420 4003 2608 4042 manus
2633 3989 2930 4057 ell‘ugerunt
2950 4030 2964 4051 ,
2991 3989 3056 4042 ad
3087 3989 3461 4061 desertumque
3489 4008 3600 4062 per-

2011 4087 2295 4145 rexerunt,
2328 4079 2571 4133 intraturi
2617 4080 2670 4134 iu
2701 4089 2897 4134 terram
2924 4078 3344 4137 Chananzrorum
3379 4085 3600 4142 idolola-

2024 4177 2223 4222 trarnm
2271 4169 2660 4238 impiormnque
2707 4169 3000 4236 hominum,
3047 4172 3136 4242 qui
3182 4173 3381 4242 lapides
3409 4177 3601 4232 adora-

2025 4258 2170 4320 hant.
2197 4259 2444 4329 lignaque
2473 4260 2738 4322 colebant.
2767 4276 3116 4330 magnamque
3143 4263 3463 4332 impietatem
3491 4283 3600 4335 pne

2024 4363 2084 4405 se
2110 4351 2372 4415 ferebant,
2398 4351 2546 4406 dedit
2574 4353 2702 4421 ipsis
2723 4353 2863 4406 Deus
2890 4352 3024 4408 hanc
3050 4354 3218 4422 legem
3245 4372 3258 4408 :
3285 4373 3352 4410 ne
3371 4359 3602 4427 accipias

2025 4455 2090 4494 ex
2120 4439 2243 4494 ﬁliis
2266 4457 2449 4496 eorum
2472 4457 2720 4511 generos,
2743 4457 2916 4512 neque
2939 4443 3032 4497 des
3055 4443 3214 4498 ﬁliam
3238 4453 3381 4498 tuam
3409 4463 3599 4500 nutum

2027 4532 2160 4602 ipsis
2187 4534 2205 4604 (
2229 4534 2396 4588 Exod.
2419 4534 2510 4590 25.
2532 4534 2603 4590 24
2625 4532 2666 4607 ),.
2697 4534 2774 4590 Ne
2805 4536 2983 4590 tradas
3027 4537 3127 4590 illis
3155 4551 3340 4590 aurum
3368 4579 3384 4604 ,
3430 4554 3603 4606 neque

2028 4639 2231 4679 mensa!
2262 4625 2571 4680 societatem
2593 4667 2608 4690 ,
2657 4642 2827 4695 neque
2853 4627 3214 4691 consortium,
3259 4642 3430 4698 neque
3459 4629 3605 4684 aliud

2029 4715 2296 4786 quidpiam
2328 4717 2503 4772 simile
2527 4733 2542 4781 ;
2588 4718 2709 4788 quia
2754 4718 2946 4786 iniqtnr
2977 4729 3097 4772 sunt
3124 4727 3309 4788 gentes
3333 4761 3348 4784 ,
3375 4721 3441 4775 ad
3470 4739 3609 4791 quas

2030 4805 2312 4860 introduco
2355 4815 2442 4870 te,
2481 4817 2540 4861 ut
2579 4807 2852 4876 possideas
2897 4807 3012 4860 illas
3053 4808 3244 4876 (Deut.
3272 4810 3325 4864 7.
3353 4812 3448 4882 5:.
3493 4813 3610 4868 lloc

2031 4897 2191 4966 igitur
2233 4897 2336 4952 illis
2380 4898 2761 4968 propemodum
2795 4899 2876 4952 lex
2921 4899 3257 4968 praecipiebat
3291 4920 3305 4956 :
3336 4919 3404 4958 ne
3432 4920 3605 4967 emas.

2033 5001 2100 5041 ne
2125 4987 2322 5041 vendas
2345 5027 2363 5052 ,
2401 5003 2467 5043 ne
2508 4987 2768 5042 connubia
2803 4987 3024 5057 iungas,
3069 5005 3239 5060 neque
3275 5002 3604 5059 contractus,

2031 5077 2126 5133 sed
2161 5079 2260 5132 etsi
2289 5079 2406 5134 loco
2448 5079 2687 5146 vicinus,
2715 5080 2952 5135 moribus
2979 5093 3252 5151 separatus
3293 5095 3428 5141 esto.
3467 5088 3606 5143 Nihil

2033 5170 2127 5225 tibi
2153 5170 2221 5226 sit
2247 5185 2530 5226 commune
2555 5185 2673 5226 cum
2705 5171 2828 5238 illis,
2859 5187 2964 5226 non
2998 5185 3168 5242 pacta,
3202 5190 3304 5230 non
3334 5180 3601 5235 venditio-

2033 5277 2148 5326 nes,
2173 5277 2278 5316 non
2298 5263 2612 5331 emptiones,
2635 5277 2738 5315 non
2760 5265 3126 5326 matrimonia;
3160 5282 3226 5319 ne
3255 5267 3389 5322 forte
3414 5285 3607 5340 cogna-

2036 5353 2196 5408 tionis
2223 5353 2514 5407 necessitas
2541 5351 2591 5406 id
2618 5351 2810 5407 elﬁciat
2836 5361 2894 5406 ut
2925 5353 2974 5406 in
3006 5353 3327 5425 impietatem
3360 5359 3607 5425 prolaba-

2035 5445 2110 5499 ris
2138 5460 2152 5495 :
2182 5459 2250 5499 ne
2269 5442 2394 5498 dum
2421 5443 2522 5498 illis
2545 5441 2640 5497 das
2663 5450 2718 5498 et
2739 5443 2806 5497 ab
2831 5442 2935 5497 illis
2954 5443 3170 5514 accipis,
3197 5445 3401 5500 amicus
3420 5462 3603 5501 eorum

2036 5536 2131 5590 ﬁas
2160 5553 2175 5590 :
2205 5535 2300 5592 sed
2342 5534 2418 5589 illi
2466 5550 2677 5606 semper
2721 5534 2967 5590 inimicus
2995 5545 3129 5590 esto.
3163 5535 3300 5590 Nihil
3331 5535 3421 5589 tibi
3452 5552 3604 5591 com-

2039 5643 2199 5684 mune
2242 5631 2310 5686 sit
2351 5643 2473 5683 cnm
2518 5626 2868 5693 Chananzeis;
2912 5642 2980 5683 ne
3021 5642 3208 5684 aurum
3253 5627 3462 5682 illorum
3491 5667 3506 5692 ,
3539 5643 3607 5682 ne
