4100 6196
499 303 601 358 855

500 420 802 483 argentum,
828 420 901 462 ne
923 410 1147 464 vestem,
1177 413 1246 453 ne
1275 397 1461 460 ﬁliam,
1490 409 1559 448 ne
1585 393 1770 455 ﬁlium,
1799 404 1901 445 nec
1928 387 2069 443 aliud

501 481 773 574 quidpiam
818 493 992 550 simile
1019 489 1286 559 accipias;
1335 485 1430 540 sed
1465 485 1578 552 ipse
1620 482 1843 536 scorsim
1884 481 2066 550 degas.

504 570 764 662 Linguam
793 585 961 640 habes
989 592 1040 636 te
1065 585 1430 648 separantem,
1479 575 1752 642 legemque
1787 571 1880 624 tibi
1907 570 2028 624 dedi
2053 586 2068 624 ε

505 686 830 756 quaprOpter
868 675 953 729 lex
981 685 1139 739 sepes
1161 676 1400 723 vocatur.
1439 663 1892 733 Quemadmodum
1929 662 2072 716 enim
2107 685 2110 687 λ

509 754 663 829 vinea
687 781 814 837 sepe
839 760 1217 824 circumdatur,
1253 758 1331 812 sic
1354 765 1408 811 et
1433 755 1599 810 Judaei
1628 756 1741 823 lege
1764 754 2076 807 circummu-

503 865 744 922 niuntnr,
788 862 846 908 ut
879 867 947 906 ne
989 849 1124 903 hanc
1149 845 1595 916 transgredientes
1619 857 1739 898 cum
1763 840 2077 896 Chananaeis

509 953 854 1007 misceantur.
883 941 1044 994 Erant
1072 939 1214 992 enim
1239 936 1376 1005 apud
1407 936 1527 990 illos
1559 934 1735 1002 iniqua
1761 930 2078 986 commercia

505 1033 804 1100 depravata:
857 1034 1058 1079 naturae
1106 1021 1284 1090 leges:
1326 1017 1680 1070 adorabantur
1729 1011 1888 1073 idola,
1936 1008 2078 1077 ligna

506 1121 837 1182 colebantur,
871 1116 1008 1170 Deus
1032 1109 1356 1167 contumelia
1389 1105 1738 1167 afﬁciebatur,
1769 1100 1861 1154 ﬁlii
1887 1107 2082 1153 macta-

510 1213 724 1273 hantur,
751 1215 928 1278 patres
953 1201 1402 1272 despiciebantur,
1439 1202 1636 1251 matres
1678 1189 2092 1248 contemneban-

511 1314 620 1370 tnr,
644 1302 820 1358 omnia
849 1301 1120 1353 immutata
1147 1303 1318 1358 erant,
1348 1293 1525 1347 omnia
1568 1287 1842 1349 subversa,
1893 1282 2092 1336 dmmo-

513 1405 650 1450 num‘
671 1407 816 1448 more
837 1389 1104 1444 vivebant.
1127 1385 1356 1454 Ideoque
1377 1381 1519 1436 nulla
1545 1375 1862 1434 commercia
1891 1372 2094 1427 inibant

513 1501 638 1540 cum
669 1483 774 1538 illis
794 1522 809 1547 ,
852 1479 982 1534 nihil
1009 1478 1139 1546 ipsis
1178 1473 1498 1536 vendebant,
1541 1469 1636 1524 sed
1665 1469 1750 1523 lex
1780 1464 1984 1534 magnis
2003 1462 2094 1516 in-

515 1576 672 1630 dictis
718 1573 890 1644 pocnis
915 1569 1128 1624 vetabat
1169 1565 1433 1622 connubia
1457 1577 1578 1616 cum
1601 1559 1723 1622 illis,
1751 1565 1923 1628 pecta,
1962 1569 2096 1608 ven-

517 1667 746 1720 ditiones
795 1681 808 1717 :
863 1660 1100 1728 nihilque
1153 1669 1434 1712 commune
1479 1667 1600 1706 cum
1640 1649 1768 1718 ipsis
1812 1644 2094 1700 habebant.

522 1761 746 1813 Cautum
791 1756 950 1824 igitur
979 1753 1094 1820 lege
1123 1759 1277 1814 erat,
1331 1761 1398 1801 ue
1445 1753 1594 1814 pacta
1625 1757 1746 1796 cum
1785 1737 2100 1793 Chauanaeis

524 1853 803 1914 inirentur,
833 1862 898 1902 ue
924 1861 1110 1899 aurum
1134 1843 1265 1912 ipsis
1293 1839 1612 1900 traderetur,
1644 1849 1743 1890 nec
1771 1831 1914 1888 aliud
1940 1828 2097 1900 quid-

522 1944 686 2014 piam,
707 1957 786 1999 ne
803 1939 1052 1995 'amicitia
1073 1935 1359 2004 impietatis
1403 1931 1612 1986 occasio
1635 1935 1814 1991 esset;
1846 1927 1930 1980 lex
1957 1922 2103 1992 ipsos

523 2035 672 2106 quasi
693 2047 850 2103 sepes
876 2026 1375 2086 circummuniebat.
1411 2023 1638 2086 Vineam,
1669 2021 1856 2090 inquit,
1880 2015 2103 2087 plantavi

525 2136 572 2179 et
603 2140 767 2193 sepem
795 2123 896 2191 ipsi
917 2117 1224 2173 circumdedi
1254 2115 1272 2185 (
1296 2113 1424 2169 Isai.
1453 2112 1505 2166 5.
1539 2113 1588 2166 i.
1617 2110 1686 2179 2)
1709 2150 1723 2175 ,
1753 2109 1806 2163 id
1827 2115 1910 2162 est
1933 2107 2103 2174 legem

527 2231 632 2270 non
677 2213 878 2282 spinis,
922 2209 1016 2264 sed
1078 2205 1340 2261 mandatis
1385 2210 1751 2264 constantem,
1793 2213 1912 2268 quae
1962 2196 2106 2264 ipsos

527 2307 880 2360 communiret
930 2311 982 2354 et
1029 2305 1322 2368 separaret.
1377 2291 1771 2349 Abominabiles
1799 2303 1928 2358 ergo
1955 2293 2107 2340 erant

529 2395 817 2451 Chananzci
837 2436 852 2458 ,
880 2389 1190 2446 exsecrandi
1218 2429 1233 2453 ,
1268 2385 1413 2454 impii
1439 2425 1454 2450 ,
1481 2381 1728 2443 scelesti,
1752 2379 1974 2449 impuri,
2005 2378 2105 2430 im-

533 2487 757 2553 mundi;
810 2486 1034 2553 ideoque
1070 2497 1137 2535 ne
1175 2478 1360 2533 audire
1409 2474 1624 2545 quidem
1687 2471 1804 2525 illos
1862 2468 2110 2522 volebant

532 2580 700 2636 Judzci
725 2579 894 2648 legem
927 2589 1077 2629 suam
1130 2571 1428 2640 implentes.
1472 2565 1603 2620 Cum
1630 2577 1758 2632 ergo
1780 2562 1892 2615 haec
1921 2558 2112 2613 mulier

534 2690 601 2728 ex
627 2667 942 2726 Chananwis
970 2673 1112 2720 esset
1169 2666 1328 2733 (nam
1372 2661 1503 2714 Ecce
1545 2657 1752 2721 mulier,
1805 2653 2004 2724 inquit,
2049 2667 2112 2704 at:

537 2763 721 2832 ﬁnibus
746 2761 848 2814 illis
869 2774 1065 2830 egressa
1087 2749 1194 2821 esti
1221 2753 1404 2806 Matth.
1446 2745 1685 2818 15.2“2]),
1703 2748 1846 2818 quia,
1875 2747 2108 2814 inquam,

541 2853 656 2908 hanc
703 2851 896 2906 mulier
938 2865 1001 2902 ex
1046 2846 1356 2901 Chanauzris
1377 2849 1510 2907 erat,
1543 2839 1832 2895 ctacccssit
1855 2837 1920 2890 ad
1952 2835 2111 2890 Chri-

539 2957 702 3012 stum,
732 2943 850 2997 ideo
879 2941 1107 3004 dicebat,
1134 2938 1261 3004 Quis
1287 2952 1348 2990 ex
1369 2934 1504 2988 vobis
1531 2942 1706 3003 arguet
1724 2947 1802 2984 me
1825 2930 1886 2982 de
1911 2937 2112 2999 peccato

539 3036 739 3107 (Joan.
761 3036 813 3087 8.
845 3031 914 3086 46
940 3033 955 3098 )
977 3032 1000 3082 ‘t
1024 3046 1155 3107 num.
1186 3028 1351 3094 legem
1383 3034 1745 3107 transgressus
1778 3019 1934 3107 sum?
1980 3015 2114 3072 Cum

534 3099 676 3162 cnim
707 3109 864 3159 homo
893 3112 1056 3168 esset,
1095 3105 1321 3156 humana
1350 3099 1636 3156 exhibebat
1660 3101 1854 3156 ofﬁcia.

607 3196 661 3250 8.
703 3194 929 3248 Christus
960 3193 1117 3262 legem
1141 3191 1362 3258 implevit
1385 3230 1401 3256 ,
1432 3206 1584 3258 quare
1605 3191 1630 3244 ?
1649 3220 1720 3230 —
1744 3191 1842 3246 Hic
1889 3191 2101 3246 demum

535 3286 793 3344 attendite
817 3285 1119 3354 diligenter.
1169 3283 1300 3348 Quia
1335 3283 1528 3337 mulier
1559 3283 1854 3338 Chanantea
1895 3295 2012 3341 erat
2047 3296 2103 3342 et

537 3394 602 3433 ex
636 3376 825 3431 ﬁnibus
855 3375 975 3436 illis,
1023 3374 1110 3429 ubi
1153 3374 1354 3438 rabies,
1405 3373 1587 3438 furor,
1628 3384 1682 3430 et
1723 3376 1984 3445 impietas,
2015 3379 2104 3433 ubi

537 3469 735 3525 diaboli
766 3467 1005 3537 tyrannis
1028 3507 1043 3530 ,
1075 3465 1375 3520 daemonum
1403 3464 1845 3521 dcbacchationes
1869 3509 1885 3533 ,
1916 3477 2103 3523 natura

537 3558 847 3615 conculcata
870 3572 885 3621 ;
917 3556 1005 3610 ubi
1034 3555 1101 3609 ad
1127 3556 1403 3610 brutorum
1425 3555 1608 3610 brutos
1631 3556 1849 3612 affectus
1875 3557 2105 3613 devoluti

538 3659 709 3712 erant,
738 3657 792 3702 et
819 3647 882 3700 ad
908 3646 1205 3700 (lmmonum
1235 3645 1462 3711 furores,
1491 3654 1546 3700 et
1586 3647 1707 3715 quia
1736 3647 1816 3702 lex
1845 3647 2108 3717 ιιι-πάρες.

538 3743 630 3798 bat
671 3739 802 3795 nihil
845 3739 936 3793 tibi
981 3737 1051 3792 sit
1091 3753 1211 3798 cum
1240 3737 1572 3803 Chananzcis,
1622 3753 1690 3794 ne
1734 3738 1830 3794 des
1871 3739 1991 3804 illis,
2039 3756 2106 3795 ne

538 3832 766 3901 accipias
792 3830 859 3884 ab
886 3830 1007 3894 illis,
1031 3844 1096 3884 ne
1126 3844 1344 3884 uxorem
1373 3829 1556 3895 ducas,
1583 3845 1650 3885 ne
1672 3831 1831 3885 ﬁlium
1857 3833 2101 3900 accipias,

541 3936 611 3976 ue
638 3929 792 3990 pacta
823 3919 988 3984 ineas,
1036 3919 1121 3974 vel
1146 3929 1444 3984 conventa;
1486 3935 1607 3974 nam
1635 3922 1753 3975 ideo
1780 3937 1957 3992 sepem
1999 3923 2106 3976 cir-

539 4009 854 4079 cumposui;
900 4008 1244 4077 Christusque
1268 4009 1488 4064 veniens
1525 4009 1796 4065 hominum
1823 4013 2109 4080 assumpsit

543 4113 713 4164 arma,
739 4112 837 4151 suo
864 4105 1099 4166 tempore
1121 4097 1462 4152 circumcisus
1485 4108 1586 4164 est,
1611 4101 1868 4155 sacriﬁcia
1895 4101 2105 4167 obtulit,

540 4188 837 4242 oblationes
883 4195 939 4240 et
980 4186 1081 4238 alia
1129 4187 1340 4252 omnia,
1391 4203 1512 4242 cum
1553 4188 1722 4257 legem
1764 4190 2107 4258 abrogaturus

542 4285 726 4341 esset;
769 4291 834 4329 ne
863 4275 1194 4344 objicerent,
1226 4275 1304 4329 Eo
1332 4277 1472 4346 quod
1518 4294 1623 4332 nou
1671 4288 1848 4347 posset
1889 4280 2110 4349 implere

545 4368 718 4438 legem
744 4407 760 4432 ,
808 4364 927 4419 ideo
971 4380 1089 4418 eam
1141 4366 1458 4435 abrogavit:
1504 4367 1648 4436 prius
1691 4368 1858 4437 ipsam
1906 4369 2105 4438 implet,

547 4469 730 4532 postea
759 4458 1015 4528 abrogat;
1060 4471 1127 4511 ne
1153 4467 1307 4526 putes
1337 4458 1504 4526 ipsum
1550 4460 1770 4528 implere
1798 4475 1900 4514 non
1933 4441 2106 4528 posse,

547 4552 723 4608 omnia
752 4549 1042 4605 secundum
1077 4564 1278 4603 morem
1317 4550 1638 4618 exsequitur.
1680 4551 1962 4620 Propterea
2002 4552 2109 4606 cla-

547 4655 656 4700 mat
685 4645 766 4698 his
795 4643 968 4698 verbis
1001 4659 1015 4694 :
1051 4641 1174 4708 Quis
1216 4634 1279 4695 ea:
1307 4641 1440 4694 vobis
1480 4651 1652 4711 arguet
1690 4657 1776 4698 me
1808 4643 1870 4695 de
1910 4652 2109 4710 peccato

547 4737 726 4803 (Joan.
757 4734 810 4789 8.
840 4732 976 4801 46)?
1005 4732 1137 4786 Cum
1165 4732 1340 4801 itaque
1369 4731 1495 4785 illud
1521 4731 1679 4785 etiam
1706 4732 1770 4786 ad
1802 4734 1967 4801 legem
1999 4748 2108 4801 per-

549 4828 759 4890 tineret,
785 4841 851 4880 ne
874 4824 997 4893 quid
1018 4837 1298 4878 commune
1326 4837 1444 4877 cum
1464 4821 1778 4878 Chauanaeis
1807 4823 2108 4890 haberetur;

549 4933 619 4974 ne
649 4919 819 4988 ipsum
864 4916 1030 4970 Judzei
1078 4917 1379 4970 incusarent
1423 4914 1763 4984 dicerentqne
1795 4933 1808 4968 :
1842 4914 1961 4970 Ideo
2003 4933 2108 4971 non

543 5005 808 5062 credimus
839 5005 953 5071 tibi,
984 5005 1123 5074 quod
1155 5006 1227 5058 sis
1257 5006 1498 5074 iniquus,
1531 5006 1670 5074 quod
1698 5005 1865 5076 legem
1892 5007 2066 5062 solvas
2093 5025 2107 5061 ε

547 5102 602 5154 in
634 5108 827 5152 terram
853 5093 1266 5150 Chauanaeorum
1292 5097 1500 5160 abiisti,
1546 5107 1741 5152 etcum
1781 5097 1845 5151 iis
1884 5097 2111 5153 habuisti

547 5187 870 5244 consortium
895 5227 912 5252 ,
943 5185 1067 5240 licet
1096 5185 1147 5239 id
1189 5185 1304 5254 lege
1345 5187 1726 5256 prohibeatur:
1773 5189 1890 5244 ideo
1933 5191 2112 5244 statim

551 5277 680 5332 nihil
710 5275 1038 5346 loquebatur.
1087 5275 1315 5330 Attende
1351 5277 1616 5345 quomodo
1659 5279 1829 5348 legem
1873 5280 2109 5347 impleat,

549 5381 650 5421 nec
690 5366 914 5419 salutem
955 5367 1130 5418 statim
1178 5365 1458 5434 impertiat,
1501 5367 1816 5438 Judzcosque
1858 5369 2107 5432 refrenet,

547 5464 602 5511 et
629 5455 767 5508 hanc
794 5461 1015 5508 recreet.
1047 5452 1146 5505 Ille
1174 5464 1369 5521 autem,
1416 5457 1616 5525 inquit,
1661 5475 1760 5511 non
1787 5459 2042 5527 respondit
2068 5459 2113 5512 ei

548 5547 767 5600 verbum.
795 5541 872 5599 Ne
902 5543 1175 5598 iucusandi
1205 5546 1534 5602 occasionem
1564 5549 1786 5617 arripias
1810 5566 1824 5612 ;
1853 5564 1976 5605 ecce
2005 5565 2109 5604 non

543 5635 736 5701 loquor
755 5676 773 5704 ,
803 5652 908 5691 non
937 5650 1236 5693 sermonem
1270 5640 1468 5696 misceo
1498 5657 1510 5695 :
1543 5640 1693 5698 adest
1721 5643 1991 5697 calamitas
2013 5684 2026 5710 ,
2059 5651 2113 5699 ct

1188 288 1247 342 S.
1287 281 1562 342 JOANNIS
1588 276 2055 336 CHRYSOSTOMI
2093 275 2408 332 ARCHIEP.
2447 273 2978 330 CONSTANTINOP.

3643 277 3744 331 456

2174 387 2314 457 quod
2343 387 2490 442 soleo
2534 386 2741 450 facere,
2783 399 2886 440 non
2929 385 3196 440 exhibeo:
3224 398 3351 440 ecce
3393 383 3743 456 naufragium,

2174 487 2230 532 et
2256 493 2356 546 ego
2381 477 2703 547 gubernator
2731 492 2835 530 non
2873 477 3023 531 solvo
3054 485 3420 544 tempeStatem
3449 477 3520 532 ob
3546 477 3747 546 impro-

2177 567 2301 621 bum
2328 567 2564 620 animum
2590 577 2844 627 vestrum,
2893 581 2962 619 ne
2991 565 3098 619 ulla
3137 565 3207 620 sit
3231 565 3382 620 vobis
3419 566 3747 620 detractandi

2175 659 2408 712 occasio.
2441 657 2578 711 Ecce
2602 657 2795 712 mulier
2819 666 3144 725 spectatores
3190 657 3316 711 mihi
3357 658 3558 711 circum
3583 656 3750 710 advo-s

2177 747 2338 812 cavit,
2365 755 2421 800 ct
2449 745 2680 799 nondum
2707 746 2756 800 ei
2781 745 3065 813 respondi;
3109 760 3177 800 ne
3203 746 3412 810 dicatis,
3448 746 3524 800 Te
3545 746 3753 800 Chana-

2180 836 2312 889 nreis
2357 834 2650 898 tradidisti,
2695 843 2748 888 et
2793 834 2961 903 legem
3008 844 3368 905 transgressus
3411 851 3489 900 es,
3535 845 3588 890 et
3631 835 3753 890 hinc

2180 927 2333 980 nobis
2360 926 2570 980 oceasio
2602 925 2691 978 tibi
2737 940 2840 978 non
2885 925 3157 980 credendi.
3201 927 3576 980 Animadverte
3616 941 3754 992 quo-

2181 1017 2342 1071 modo
2365 1016 2571 1070 mulieri
2593 1031 2698 1070 non
2720 1015 3074 1084 responderit,
3095 1025 3150 1069 ut
3166 1015 3752 1085 responderetludaais:
3851 1017 3858 1023 ’

2185 1107 2450 1162 silentium
2481 1121 2603 1175 erga
2633 1105 2909 1159 mulierem
2935 1145 2952 1166 .
2997 1121 3100 1159 vox
3141 1114 3257 1159 erat
3296 1121 3414 1176 qua:
3449 1105 3755 1160 Judazorum

2181 1198 2482 1267 improbum
2510 1197 2742 1250 animum
2778 1197 3052 1265 arguebat.

2258 1288 2312 1343 9.
2354 1289 2479 1342 litec
2504 1296 2677 1340 autem
2708 1286 2933 1340 faciebat
2957 1302 3063 1340 non
3090 1286 3379 1340 secundum
3407 1302 3556 1341 suam
3581 1286 3757 1356 digni-

2184 1391 2344 1436 tatem
2371 1423 2386 1446 ,
2417 1381 2510 1436 sed
2538 1380 2754 1434 illorum
2782 1393 2842 1434 se
2871 1379 3161 1432 inﬁrmitati
3200 1388 3579 1448 attemperans.
3625 1378 3760 1432 Nam

2184 1486 2306 1527 cum
2348 1471 2618 1539 leprosum
2662 1468 2980 1533 mundaret,
3011 1468 3180 1531 dixit,
3215 1467 3389 1535 Vade,
3426 1469 3552 1535 offer
3576 1485 3763 1522 munus

2186 1572 2348 1630 tuum,
2372 1563 2504 1634 quod
2535 1561 2776 1631 pracepit
2811 1559 3013 1630 Moyses
3041 1559 3262 1630 (Matth.
3289 1560 3343 1615 8.
3370 1561 3404 1615 4
3421 1559 3460 1631 ).
3487 1561 3567 1615 Tu
3604 1576 3764 1614 mun-

2186 1654 2354 1718 dasti,
2386 1661 2440 1708 et
2483 1652 2648 1706 mittis
2686 1651 2834 1704 illum
2870 1649 2940 1704 ad
2978 1651 3148 1719 legem
3176 1650 3387 1720 Moysis.
3419 1651 3610 1704 Etiam.
3655 1649 3768 1703 Cur

2188 1744 2334 1799 hoc?
2375 1744 2602 1812 Propter
2626 1741 2864 1804 Iudaeos,
2896 1755 2963 1794 ne
2990 1754 3075 1793 me
3105 1739 3308 1793 violata:
3338 1739 3467 1808 legis
3492 1748 3762 1793 accusent.

2191 1833 2316 1890 Ideo
2345 1848 2467 1886 cum
2494 1831 2764 1900 leprosum
2794 1828 3088 1893 mandavit,
3117 1827 3168 1882 id
3193 1828 3402 1884 insolito
3421 1827 3579 1882 modo
3607 1827 3764 1881 fecit:

2191 1923 2314 1977 audi
2359 1921 2644 1992 quomodo.
2707 1918 2774 1973 Et
2814 1935 2928 1973 ecce
2975 1920 3205 1988 leprosus
3271 1918 3511 1972 accedens
3559 1918 3768 1988 rogabat

2192 2031 2304 2069 eum
2343 2015 2552 2068 dicens:
2580 2012 2828 2076 Domine,
2871 2011 2915 2065 si
2953 2011 3061 2076 vis,
3096 2020 3235 2078 potes
3275 2027 3355 2064 me
3389 2013 3671 2072 mundare;
3716 2020 3762 2062 et

2193 2105 2462 2160 extendens
2491 2119 2697 2156 manum
2720 2118 2864 2156 suam
2890 2102 3048 2171 tetigit
3068 2117 3181 2154 eum
3207 2101 3381 2155 dicens
3407 2115 3427 2154 :
3454 2100 3600 2165 Volo,
3621 2117 3770 2153 mun-

2195 2196 2318 2250 dare
2353 2194 2568 2264 (Matth.
2591 2194 2644 2248 8.
2666 2193 2720 2246 2.
2751 2192 2830 2263 ὅ).
2874 2191 3174 2247 Secundum
3214 2192 3380 2261 legem
3426 2207 3531 2246 non
3576 2192 3772 2246 licebat

2195 2285 2467 2354 leprosum
2496 2293 2729 2353 tangere.
2754 2282 2884 2336 Cum
2916 2298 3044 2352 ergo
3064 2283 3208 2337 venit
3228 2282 3473 2336 Nemman
3500 2282 3602 2335 dux
3623 2296 3774 2335 exer-

2200 2377 2337 2429 citus
2362 2375 2603 2442 leprosns
2630 2375 2696 2426 ad
2726 2373 2970 2426 Eliszcum
3000 2373 3334 2442 prophetam,
3359 2373 3485 2427 dicit
3515 2373 3588 2426 illi
3612 2372 3774 2425 disci-

2199 2469 2372 2538 pulus,
2418 2467 2556 2522 Ecce
2584 2465 2824 2535 leprosos
2867 2466 3112 2534 princeps
3152 2465 3351 2518 militiae
3393 2463 3524 2518 foris
3566 2473 3647 2517 est
3675 2463 3770 2532 (4.

2200 2559 2328 2628 Reg.
2355 2558 2431 2627 5).
2463 2555 2554 2610 Ille
2581 2571 2708 2609 vero
2737 2555 2897 2607 mittit
2923 2553 3234 2622 discipulum
3277 2554 3364 2622 qui
3402 2553 3501 2621 ipsi
3527 2545 3772 2606 diceret:

2213 2647 2599 2701 Vade-lavatum
2636 2645 2703 2698 ad
2723 2645 3003 2698 Jordanem
3028 2645 3240 2714 [luvium
3283 2643 3398 2710 (Ib.
3427 2661 3476 2698 υ.
3502 2643 3600 2710 10)
3625 2658 3640 2705 ;
3677 2658 3777 2698 nec

2199 2754 2370 2803 ausus
2384 2749 2465 2792 est
2491 2737 2602 2806 ipse
2631 2736 2831 2806 egredi,
2863 2752 2964 2790 nec
2988 2736 3168 2790 videre
3197 2738 3461 2806 leprosum
3484 2775 3500 2802 ,
3528 2737 3778 2804 ipsnmve

2203 2841 2439 2900 tangere.
2468 2830 2603 2896 Quia
2645 2829 2804 2898 igitur
2830 2828 3101 2882 mandavit
3128 2829 3350 2882 Eliszeus
3380 2827 3680 2897 leprosum,
3714 2843 3779 2881 ne

2202 2921 2440 2976 dicerent
2461 2920 2630 2975 Judaei
2655 2921 2826 2990 ipsum
2853 2921 3042 2975 eodem
3068 2937 3170 2990 quo
3197 2921 3416 2974 Eliszeus
3442 2921 3596 2974 modo
3616 2935 3778 2974 mnu-

2201 3013 2356 3068 dassc
2379 3053 2394 3079 ,
2427 3013 2547 3068 ideo
2584 3013 2804 3068 Eliszeus
2832 3013 3042 3083 quidem
3072 3029 3176 3067 non
3223 3027 3385 3066 ausus
3411 3021 3495 3067 est
3520 3021 3778 3079 tangere;

2205 3105 2291 3159 hic
2317 3119 2444 3158 vero
2471 3104 2633 3174 tangit
2659 3113 2716 3157 et
2743 3104 2892 3170 dicit,
2933 3103 3083 3167 Volo,
3110 3103 3394 3166 mundare;
3421 3111 3467 3156 et
3503 3101 3776 3155 extendens

2205 3211 2409 3248 manum
2447 3195 2604 3264 tetigit
2649 3194 2922 3262 leprosum.
2965 3193 3073 3248 Cur
3116 3193 3326 3262 tetigit?
3375 3192 3442 3248 Ut
3484 3201 3535 3246 te
3558 3191 3781 3246 doceret

2205 3301 2266 3340 se
2313 3301 2417 3339 non
2460 3299 2580 3340 esse
2623 3298 2835 3339 servum
2879 3283 2982 3353 legi
3025 3283 3312 3348 subditum,
3355 3282 3452 3338 sed
3493 3281 3772 3336 dominum

2205 3375 2308 3446 legi
2355 3375 2724 3444 imperantem.
2769 3373 3049 3441 Quomodo
3101 3373 3260 3444 igitur
3304 3373 3472 3441 legem
3501 3373 3781 3428 servavit?

2207 3466 2359 3533 Quod
2398 3465 2613 3529 dixerit,
2664 3464 2813 3531 Volo,
2854 3465 3118 3530 mundare,
3158 3474 3213 3518 et
3237 3479 3342 3519 non
3383 3464 3559 3519 statim
3603 3463 3781 3531 ipsum

2209 3557 2456 3627 tetigerit.
2501 3557 2783 3611 Praecessit
2810 3571 2986 3611 sermo
3005 3596 3021 3621 ,
3051 3555 3258 3625 fugatus
3287 3563 3370 3610 est
3393 3555 3606 3610 morbus
3630 3569 3647 3618 ;
3683 3555 3782 3608 de-

2209 3648 2332 3702 inde
2357 3647 2527 3714 tetigit
2558 3646 2908 3713 immundum,
2937 3656 2992 3701 et
3015 3647 3169 3712 dixit,
3200 3645 3346 3710 Volo,
3370 3645 3635 3699 mundare.
3666 3644 3782 3712 Qua

2208 3737 2458 3792 ratione?
2498 3736 2564 3790 Et
2603 3738 2772 3790 statim
2810 3737 3078 3791 mundatus
3105 3746 3198 3790 est.
3245 3736 3362 3790 Non
3407 3735 3572 3804 potuit
3614 3749 3784 3790 evan-

2207 3828 2392 3899 gelista
2425 3842 2605 3882 vocem
2636 3827 2872 3895 reperire
2897 3827 3229 3881 velocitatem
3273 3826 3558 3880 curationis
3595 3827 3782 3895 expri-

2209 3929 2440 3974 mentem
2466 3933 2481 3982 ;
2512 3933 2630 3970 nam
2653 3917 2805 3985 illud,
2831 3919 3019 3981 statim,
3044 3917 3202 3972 etiam
3231 3916 3430 3971 tardius
3455 3931 3565 3971 rem
3589 3917 3782 3971 factam

2210 4010 2488 4081 signiﬁcat.
2531 4010 2756 4073 Statim;
2783 4010 3092 4080 quomodo?
3137 4008 3303 4065 Simul
3334 4023 3577 4079 egressus
3600 4021 3786 4062 sermo

2211 4111 2312 4164 est,
2341 4113 2394 4156 et
2422 4099 2629 4170 fugatus
2655 4109 2739 4156 est
2763 4101 3001 4162 morbus,
3033 4100 3204 4169 fugata
3231 4109 3313 4154 est
3339 4099 3507 4166 lepra,
3529 4097 3785 4164 deinceps

2211 4193 2442 4248 mundus
2461 4201 2576 4248 erat
2600 4193 2862 4261 Ieprosns.
2893 4192 3172 4258 Propterea
3198 4189 3324 4244 dicit
3347 4206 3359 4242 :
3394 4186 3544 4248 Vade,
3567 4187 3786 4248 teipsum

2212 4285 2415 4339 ostende
2451 4284 2728 4345 sacerdoti,
2761 4294 2807 4336 et
2832 4282 2959 4348 offer
2986 4283 3207 4347 donum,
3237 4281 3374 4350 quod
3400 4280 3552 4350 jussit
3578 4277 3787 4348 Moyses

2213 4375 2266 4428 in
2295 4375 2628 4428 testimonium
2675 4373 2800 4426 illis.
2845 4372 3334 4440 QuibusHudaais,
3380 4387 3446 4425 ne
3485 4371 3666 4425 dicant
3701 4386 3789 4423 me

2213 4464 2386 4533 legem
2416 4464 2729 4533 transgredi.
2763 4465 2874 4533 Ego
2897 4464 3074 4518 sanavi
3095 4505 3110 4527 ,
3137 4472 3192 4517 et
3217 4463 3336 4518 dico
3360 4479 3372 4513 :
3404 4460 3544 4527 Oli'er
3570 4461 3786 4521 donum,

2213 4554 2504 4610 secundum
2532 4555 2722 4622 legem,
2748 4564 2804 4607 ut
2832 4555 2880 4607 iu
2910 4555 2997 4608 die
3024 4554 3110 4608 illa
3136 4554 3377 4622 leprosos
3403 4553 3546 4620 ipsos
3569 4562 3787 4606 accuset

2215 4644 2298 4698 his
2323 4644 2522 4708 verbis,
2573 4644 2832 4713 Praecepit
2874 4644 3003 4697 mihi
3047 4644 3244 4697 donum
3277 4642 3565 4696 secundum
3609 4639 3788 4709 legem

2215 4735 2425 4789 oﬁ'erre.
2457 4736 2534 4788 Ac
2577 4733 3021 4802 quemadmodum
3067 4732 3227 4786 multa
3275 4730 3500 4784 faciebat
3535 4728 3787 4784 Christus

2217 4835 2434 4896 propter
2473 4823 2707 4888 Judaeos,
2751 4833 2808 4877 ut
2846 4825 2897 4878 in
2937 4823 3184 4877 omnibus
3228 4822 3372 4891 ipsos
3402 4819 3794 4874 inexcusabiies

2216 4915 2465 4970 redderet
2489 4933 2502 4968 :
2534 4917 2602 4969 ita
2632 4925 2685 4969 et
2709 4916 2795 4968 hic
2814 4913 2958 4968 fecit.
2989 4914 3230 4968 Miserere
3254 4913 3369 4973 mei.
3395 4912 3512 4982 quia
3539 4910 3653 4979 ﬁlia
3679 4927 3793 4964 mea

2216 5008 2347 5061 male
2374 5024 2405 5061 α
2433 5007 2680 5061 άωηιοηίο
2724 5016 2948 5060 vexatur.
2979 5003 3082 5058 Ille
3118 5021 3232 5058 vero
3255 5019 3355 5057 non
3382 5001 3716 5071 respondebat
3746 5001 3793 5052 ei

2217 5100 2435 5154 verbum.
2484 5099 2782 5153 Accedentes
2828 5110 2996 5152 autem
3039 5077 3273 5165 discipuli
3321 5095 3388 5147 ad
3433 5111 3543 5148 eum
3589 5094 3790 5155 dicunt,

2218 5189 2424 5245 Dimitte
2445 5191 2605 5253 illam,
2627 5191 2744 5259 quia
2765 5190 2947 5242 clamat
2975 5197 3083 5257 post
3104 5204 3193 5241 nos
3215 5186 3428 5257 (Matth.
3450 5186 3534 5240 15.
3557 5184 3645 5238 22.
3669 5184 3791 5252 23).

2217 5282 2354 5347 Quid
2384 5282 2541 5350 igitur
2567 5280 2696 5334 ille?
2738 5280 2858 5333 Non
2902 5296 3014 5332 sum
3051 5280 3236 5332 missus
3281 5277 3377 5330 nisi
3419 5277 3489 5327 ad
3531 5291 3643 5328 oves
3673 5290 3795 5342 quae

2219 5373 2470 5439 perierunt
2495 5372 2672 5424 domus
2702 5369 2868 5424 Israel
2893 5368 3065 5438 (Ibid.
3088 5385 3134 5422 υ.
3155 5370 3225 5422 24
3246 5368 3286 5436 ).
3313 5366 3391 5421 Ne
3425 5366 3665 5420 dicerent
3690 5363 3793 5418 Ju-

2217 5461 2316 5514 daei
2345 5479 2357 5514 :
2384 5461 2490 5514 Nos
2517 5461 2785 5524 dimisisti,
2815 5470 2869 5514 et
2897 5460 2960 5513 ad
2992 5470 3273 5514 extraneos
3299 5457 3604 5528 perrexisti,
3637 5455 3796 5508 ideo-

2221 5566 2325 5624 que
2365 5552 2457 5606 tibi
2497 5567 2602 5606 non
2644 5552 3003 5607 credidimus:
3032 5551 3188 5616 Ecce,
3219 5550 3411 5620 inquit.
3453 5563 3515 5599 ex
3537 5542 3800 5608 gentibus

2219 5643 2515 5713 accedunt,
2560 5644 2782 5715 illosque
2825 5659 2930 5699 non
2977 5643 3175 5713 recipio
3215 5660 3229 5697 :
3270 5655 3364 5696 vos
3409 5651 3590 5697 autem
3616 5633 3792 5690 etiam
