4100 6196
384 299 491 357 ιεε

377 413 596 484 γύριον,
637 410 713 483 μὴ
758 410 1073 481 ἱματισμὸν,
1128 414 1201 485 μὴ
1251 413 1545 488 θυγατέρα,
1583 417 1657 489 μὴ
1708 418 1843 481 υἱὸν,
1888 416 1962 488 μὴ

381 495 512 548 ἀλλο
532 510 588 547 τι
620 494 733 547 τῶν
760 492 1020 548 τοιούτων
1048 496 1241 567 μηδέν·
1278 498 1393 551 ἀλλ’
1416 500 1579 564 αὐτὸς
1622 500 1743 554 καθ’
1771 500 1962 553 ἐαυτὸν

380 576 496 631 ἔσο.
550 575 800 630 Γλῶτταν
845 575 989 646 ἔχεις
1020 579 1357 649 χωρίζουσάν
1393 598 1472 645 σε,
1527 582 1620 636 καὶ
1666 582 1829 654 νόμον
1882 597 1963 635 σοι

378 664 564 718 ἔδωκα
584 680 598 694 ο
627 663 716 717 διά
742 661 899 717 τοῦτο
930 665 1024 718 καὶ
1048 667 1077 717 0
1109 665 1270 735 νόμος
1295 667 1546 738 φραγμὸς
1564 668 1801 736 λέγεται.
1835 669 1963 720 Ὠσ-

383 769 492 822 περ
522 750 634 821 γάρ
680 750 961 821 ἀμπελῶνι
1012 753 1267 822 φραγμὸς
1316 755 1643 825 περίκειται,
1681 755 1827 808 οὕτω
1864 755 1961 808 καλ⁸

380 838 499 898 τοῖς
543 833 816 897 Ἰουδαίοις
850 836 879 887 0
905 833 1089 905 νόμος,
1123 835 1208 888 ἵνα
1259 836 1333 906 μὴ
1379 837 1716 909 ὑπερϐάντες
1761 840 1962 909 ἀναμι-

381 917 526 986 γῶσι
557 919 668 979 τοῖς
686 916 1035 980 Χαναναίοις.
1075 913 1254 973 Ἶίσαν
1269 919 1378 991 γὰρ
1408 922 1539 993 παρ’
1568 922 1751 986 αὑτοῖς
1778 923 1961 993 παρά-

383 1017 542 1070 νομοι
578 999 872 1069 ἐπιμιξίαι,
901 999 1283 1072 διεφθαρμένοι
1321 1005 1420 1073 τῆς
1463 1006 1677 1073 φύσεως
1712 1008 1761 1059 οί
1786 1006 1959 1075 νόμοι,

382 1082 583 1135 είὸωλα
630 1082 1101 1154 προσκυνούμενα,
1164 1084 1296 1151 ξύλα
1348 1087 1784 1159 θεραπευόμενα,
1830 1090 1962 1153 Θεὸς

385 1164 765 1235 ὑϐριζόμενος,
797 1165 962 1218 τέκνα
1002 1168 1361 1239 σφαττόμενα,
1394 1171 1627 1242 πατέρες
1650 1173 1963 1242 ἐμπτυόμε-

385 1267 487 1315 νοι,
530 1249 768 1321 μητέρες
816 1250 1230 1319 ἀτιμαζόμεναι,
1260 1252 1435 1307 πάντα
1479 1254 1757 1324 ἠλλοίωτο,
1786 1256 1964 1310 πάντα

384 1332 789 1403 ἀνατέτραπτο,
833 1331 1100 1402 δαιμόνων
1134 1333 1277 1405 ζωὴν
1316 1334 1473 1400 ἔζων.
1505 1337 1602 1389 Διά
1631 1336 1788 1389 τοῦτο
1816 1338 1955 1390 οὐδέ-

383 1431 520 1468 ποτε
552 1413 976 1484 συναλλάγματα
1018 1415 1255 1479 ἐποίουν,
1295 1419 1357 1470 οὑ
1388 1417 1707 1488 συμϐόλαια,
1738 1420 1798 1472 οὑ
1825 1423 1964 1491 πρά-

384 1514 502 1559 σεις
538 1496 656 1566 μετ’
686 1497 941 1549 ἐκείνων·
975 1495 1089 1549 ἀλλ’
1118 1499 1146 1550 0
1185 1497 1345 1568 νόμος
1384 1500 1478 1551 ἐπὶ
1530 1503 1642 1564 τοῖς
1688 1490 1962 1570 μεγίστοις

384 1582 659 1652 κείμενος,
687 1574 839 1650 εἶργε
873 1581 991 1651 μετ’
1030 1579 1273 1651 ἀλλήλων
1300 1584 1425 1645 τοὺς
1453 1582 1684 1653 γάμους,
1720 1584 1788 1636 τὰ
1827 1601 1963 1655 συμ-

385 1663 598 1725 ϐόλαια,
622 1663 722 1724 τάς
754 1662 1153 1733 ἐπιγαμϐρίας·
1186 1663 1336 1716 οὐδὲν
1362 1665 1535 1718 κοινὸν
1563 1666 1697 1737 πρὸς
1725 1667 1965 1730 ἐκείνους

383 1741 553 1816 εἶχον.
592 1746 984 1816 ’Λπειρημένον
1027 1742 1118 1800 οὖν
1160 1742 1227 1817 ἦν
1255 1746 1332 1816 τῷ
1359 1748 1508 1819 νόμῳ
1546 1747 1605 1801 τὸ
1643 1748 1994 1813 συναλλάξαι

384 1828 732 1891 Χαναναίοις,
771 1828 830 1881 τὸ
869 1828 1091 1899 χρυσίον
1133 1830 1472 1899 μεταδοῦναι,
1500 1830 1533 1902 ἢ
1568 1831 1751 1901 ἐτερόν
1775 1850 1846 1896 τι,
1879 1833 1964 1885 ἵνα

394 1912 477 1983 μὴ
494 1912 590 1981 τῆς
622 1910 851 1981 φιλίαςή
874 1911 1127 1976 ὑπόθεσις
1153 1912 1406 1976 ἀσεϐείας
1420 1914 1639 1986 ἀφορμὴ
1668 1915 1912 1985 γένηται·
1937 1918 1966 1969 0

390 1995 559 2063 νόμος
590 1993 891 2065 περιέκειτο
922 1994 1044 2047 ἀντὶ
1071 1995 1325 2066 φραγμοῦ
1348 2013 1363 2028 ο
1408 1997 1777 2065 Ἀμπελῶνα,
1806 1996 1965 2069 [459]

392 2076 582 2147 φησὶν,
618 2076 938 2145 ἐφύτευσα,
996 2077 1089 2130 καί
1146 2078 1417 2148 φραγμέν
1469 2080 1807 2147 περιέθηκα,
1840 2096 1965 2133 του-

387 2161 541 2213 τέστι
589 2159 771 2229 νόμον,
820 2159 938 2230 οὐχὶ
968 2160 1076 2213 ἀπὸ
1129 2160 1400 2225 ἀκανθῶν,
1428 2161 1541 2215 ἀλλ’
1576 2162 1686 2215 ἀπὸ
1717 2162 1963 2224 ἐντολῶν,

385 2240 693 2311 τειχίζοντα
721 2241 817 2294 καὶ
844 2242 1175 2313 ἀπείργοντα
1203 2242 1417 2307 αὑτούς.
1459 2244 1842 2315 Ἀπειρημένοι
1873 2241 1967 2298 οὖν

383 2324 440 2377 ei
494 2324 805 2389 Χαναναῖοι,
869 2324 1130 2395 βδελυροὶ,
1173 2327 1408 2393 ἀσεϐεῖς,
1464 2329 1696 2397 ἐναγεῖς,
1759 2330 1965 2399 μιαροὶ,

387 2406 731 2471 ἀκάθαρτοι·
762 2408 843 2460 διὸ
881 2409 1117 2463 καὶοὺδέ
1147 2409 1375 2467 ἀκοῦσαι
1407 2411 1586 2465 αὑτῶν
1613 2409 1891 2480 ἠνείχοντο
1916 2413 1966 2464 οἱ

400 2490 643 2544 Ἰουδαῖοι
665 2491 759 2545 τὸν
776 2491 937 2561 νόμον
956 2492 1287 2563 πληροῦντες
1301 2493 1459 2548 αὑτὸν
1482 2493 1686 2547 λοιπόν.
1705 2495 1856 2547 Ἐπεὶ
1876 2489 1968 2548 οὖν

387 2572 529 2646 αὕτη
553 2576 588 2645 ἡ
602 2575 741 2644 γυνὴ
764 2575 873 2628 ἀπὸ
898 2573 1007 2627 τῶν
1034 2575 1353 2629 Χαναναίων
1377 2572 1465 2647 ἦν·
1503 2575 1649 2635 Ἰδοὺ
1666 2576 1774 2648 γὰρ
1789 2576 1967 2646 γυνὴ,

385 2658 578 2727 φησιν,
624 2657 746 2712 ἀπὸ
794 2655 912 2711 τῶν
953 2657 1131 2726 ὁρίων
1168 2658 1417 2712 ἐκείνων
1446 2658 1811 2722 ἐξελθοῦσα·
1847 2661 1971 2713 ἐπεὶ

384 2736 483 2792 οὖν
510 2739 651 2811 αὕτη
683 2741 716 2810 ἠ
744 2740 879 2812 γυνὴ
926 2742 1034 2794 ἀπὸ
1090 2741 1196 2794 τῶν
1232 2741 1549 2795 Χαναναίων
1577 2738 1665 2814 ἦν,
1695 2743 1968 2813 προσῆλθε

384 2824 446 2876 δὲ
479 2821 556 2893 τῷ
586 2823 830 2894 Χριστῷ,
859 2822 945 2876 διά
959 2824 1117 2877 τοῦτο
1140 2824 1360 2893 ἐλεγει,
1391 2824 1487 2890 Τίς
1515 2825 1583 2890 ἐξ
1606 2824 1772 2895 ὑμῶν
1799 2825 1969 2894 ἐλέγ-

388 2923 482 2974 χει
530 2925 611 2975 με
639 2909 771 2976 περὶ
810 2909 1119 2976 ἁμαρτίας,
1153 2909 1200 2960 εί
1248 2907 1495 2979 παρέϐην
1524 2908 1614 2963 τὸν
1643 2909 1842 2980 νόμον;
1886 2911 1972 2962 Ἐ-

390 2990 551 3060 πειδὴ
582 2990 693 3062 γάρ
742 2990 1027 3062 ἄνθρωπος
1064 2987 1148 3062 ἦν,
1194 2991 1288 3044 καὶ
1330 2990 1401 3044 τά
1429 2990 1740 3062 ἀνθρώπινα
1766 2992 1973 3045 ἐπεδείο

387 3089 574 3127 κνυτο.

462 3154 741 3225 η’.Λοιπὸν
754 3154 1048 3226 προσέχετε
1074 3155 1209 3223 μετὰ
1226 3156 1507 3228 ἀκριϐείας
1520 3156 1599 3228 τῷ
1615 3157 1777 3228 λόγῳ.
1795 3157 1975 3211 Ἐπει-

381 3236 457 3308 δὴ
487 3239 522 3308 ἡ
545 3238 684 3310 γυνη
715 3240 997 3293 Χαναναία
1018 3236 1107 3311 ἦν,
1139 3241 1231 3294 καὶ
1256 3239 1365 3295 τῶν
1396 3241 1557 3312 ὁρίων
1579 3242 1822 3305 ἐκείνων,
1847 3240 1973 3293 ἔνθα

386 3322 489 3374 καὶ
516 3321 732 3388 λύσσαι,
782 3323 877 3375 καὶ
928 3323 1113 3394 μανία,
1143 3324 1237 3377 καὶ
1277 3324 1518 3388 ἀσέϐεια,
1562 3324 1690 3377 ἔνθα
1729 3325 1972 3378 διαϐόλου

383 3406 671 3475 τυραννὶς,
709 3407 805 3459 καὶ
845 3407 1112 3479 δαιμόνων
1144 3408 1415 3478 βακχεῖαι,
1447 3409 1540 3461 καὶ
1572 3408 1733 3476 φύσις
1772 3425 1974 3462 πατου-

387 3488 558 3560 μένη,
592 3489 689 3541 καὶ
708 3490 790 3552 είς
808 3491 1018 3559 ἀλόγων
1045 3491 1265 3560 ἀλογίας
1293 3490 1721 3562 κατηνέχθησαν,
1750 3492 1827 3554 είς
1856 3491 1974 3544 0a:—

390 3573 574 3642 μόνων
607 3575 826 3644 μανίας,
852 3575 1113 3628 ἐπέταττε
1146 3575 1203 3627 δέ
1246 3576 1341 3629 καὶ
1393 3578 1421 3629 0
1465 3576 1647 3645 νόμος,
1678 3574 1860 3644 Μηδέν
1893 3575 1975 3627 σοὶ

388 3657 490 3709 καὶ
522 3657 868 3725 Χαναναίοις,
899 3659 971 3729 μὴ
1001 3658 1129 3726 δῷς,
1160 3658 1234 3730 μὴ
1261 3657 1432 3732 λάϐῃς
1462 3661 1590 3730 παρ’
1623 3658 1868 3721 ἐκείνων,
1900 3657 1975 3728 μὴ

390 3744 631 3808 γυναῖκα
674 3741 865 3813 λάϐῃς,
900 3743 975 3813 μὴ
997 3743 1111 3794 υίδν
1162 3742 1350 3812 λάϐῃς.
1388 3743 1464 3813 μὴ
1494 3741 1794 3811 συμϐόλαια
1821 3742 1977 3812 ποιή-

392 3838 515 3893 σῃς,
555 3824 632 3894 μὴ
667 3825 1083 3894 συναλλάγματα
1103 3841 1117 3855 ·
1152 3824 1238 3877 διά
1267 3823 1421 3876 τοῦτο
1457 3824 1513 3877 δέ
1539 3823 1791 3894 φραγμὸν
1817 3840 1975 3896 περι-

391 3906 569 3975 ἐθηκα
592 3923 606 3937 ·
644 3907 813 3961 ἐλθὼν
863 3908 919 3961 δέ
956 3910 985 3961 0
1010 3908 1259 3980 Χριστὸς,
1290 3908 1384 3961 καλ⁸
1427 3906 1497 3960 τά
1543 3907 1652 3959 τῶν
1674 3906 1976 3977 ἀνθρώπων

392 3989 680 4042 ἀναλαϐὼν
716 3991 878 4052 ὅπλα,
913 3990 1158 4061 αὑθωρον
1199 3989 1559 4060 περιετμήθη,
1594 3988 1779 4051 θυσίας
1810 4005 1977 4059 προσ-

391 4070 619 4142 ήνεγκε,
664 4073 995 4143 προσφορὰς,
1030 4074 1096 4126 τά
1143 4072 1274 4129 ἄλλα
1305 4075 1500 4135 πάντα,
1538 4071 1723 4141 ἔμελλε
1751 4072 1805 4123 δέ
1829 4071 1977 4124 λύειν

388 4157 488 4209 τὸν
520 4157 710 4225 νόμον·
748 4155 834 4207 ἵνα
870 4157 943 4225 μὴ
987 4154 1235 4223 λέγωσιν,
1266 4156 1347 4209 ὄτι
1384 4157 1644 4225 ἀτονήσας
1695 4154 1978 4225 πληρῶσαι

395 4237 578 4301 αὑτὸν,
602 4237 691 4290 διά
716 4236 874 4290 τοῦτο
903 4237 1081 4299 ἔλυσε,
1119 4238 1382 4308 πρότερον
1427 4237 1587 4290 αὑτὸν
1633 4237 1845 4308 πληροῖ,
1880 4237 1977 4290 καὶ

394 4319 517 4371 τότε
567 4319 708 4384 λύει,
767 4320 850 4371 ἵνα
904 4320 978 4389 μὴ
1010 4321 1238 4390 νομίσῃς
1265 4322 1356 4372 ὅτι
1391 4321 1591 4379 ἀτονεῖ,
1619 4320 1752 4373 ἀλλά
1781 4319 1977 4388 πληροῖ

396 4403 575 4457 πάντα
601 4402 745 4456 κατά
776 4402 838 4455 τὸ
863 4403 1004 4467 ἔθος.
1029 4406 1124 4458 Διά
1154 4404 1311 4457 τοῦτο
1343 4404 1438 4474 βοᾷ
1466 4406 1557 4457 καὶ
1584 4404 1750 4472 λέγει,
1785 4404 1880 4469 Τίς
1907 4402 1976 4467 ἐξ

396 4485 565 4555 ὑμῶν
614 4486 849 4555 ἐλέγχει
902 4503 979 4556 με
1034 4487 1165 4555 περὶ
1216 4487 1534 4556 ἀμαρτίαςς
1574 4487 1726 4540 Ἐπεὶ
1756 4484 1848 4539 οὖν
1881 4487 1977 4539 καὶ

397 4570 554 4622 τοῦτο
582 4570 814 4640 νόμιμον
836 4565 925 4641 ἦν,
956 4570 1016 4624 τὸ
1042 4569 1207 4639 μηδὲν
1235 4570 1410 4622 κοινὸν
1442 4572 1588 4639 ἐχειν
1622 4569 1759 4640 μετά
1791 4570 1974 4622 Χανα-

399 4653 584 4717 ναίων,
610 4654 699 4705 ῖνα
734 4653 809 4724 μὴ
858 4653 1128 4723 ἄρξωνται
1159 4653 1410 4720 ἐγκαλεῖν
1450 4652 1601 4722 αὑτῷ
1638 4653 1689 4705 οί
1734 4652 1975 4706 Ἰουδαῖοι

401 4736 494 4787 καί
517 4735 723 4804 λέγειν,
753 4736 850 4788 Διά
874 4737 1029 4789 τοῦτο
1047 4735 1147 4788 οὐκ
1175 4734 1574 4805 ἐπιστεύσαμέν
1599 4752 1680 4788 σοι
1703 4752 1715 4765 ·
1739 4736 1977 4806 παράνο-

405 4837 502 4890 μος
527 4822 637 4893 γάρ
667 4816 757 4892 ἧς,
792 4820 987 4883 ἔλυσας
1015 4810 1104 4874 τὸν
1132 4819 1295 4889 νόμον
1316 4836 1331 4851 ·
1361 4819 1601 4888 ἀπῆλθες
1631 4822 1710 4882 είς
1742 4821 1841 4891 τὴν
1866 4821 1977 4874 Χα-

402 4905 632 4959 ναναίων
662 4905 866 4976 χώραν,
894 4904 1218 4967 Χαναναίοις
1263 4904 1549 4974 ἀνεμίγης.
1576 4903 1668 4957 τοῦ
1696 4902 1862 4973 νόμου
1886 4903 1974 4955 λέ·-

403 5004 619 5054 γοντος·
658 4987 750 5057 Μὴ
798 4988 1099 5057 ἀναμιγῇς·
1131 4985 1219 5039 διὰ
1266 4985 1422 5040 τοῦτο
1448 4987 1583 5056 αὑτῇ
1628 4984 1776 5038 οὐδὲν
1827 4984 1979 5038 λαλεῖ

402 5070 555 5134 τέως.
590 5071 832 5141 Πρόσεχε
856 5070 971 5133 πῶς
1000 5070 1196 5141 πληροῖ
1215 5070 1305 5123 τὸν
1333 5070 1514 5140 νόμον,
1543 5070 1636 5121 καὶ
1681 5070 1741 5120 οὑ
1791 5068 1977 5138 προδί-

401 5154 528 5206 δωσι
557 5155 658 5223 τὴν
696 5153 971 5225 σωτηρίαν
992 5169 1004 5182 ·
1046 5156 1139 5206 καὶ
1179 5151 1462 5216 Ἰουδαίους
1494 5149 1857 5221 ἐπιστομίζει,
1882 5151 1978 5205 καὶ

402 5239 605 5309 ταύτην
647 5239 962 5292 ἀιακτᾶται.
1006 5239 1069 5291 ’0
1107 5237 1175 5291 δέ·
1209 5239 1319 5292 οὐκ
1358 5238 1739 5306 ἀπεκρίνατο,
1794 5238 1978 5305 φησὶν,

402 5323 554 5389 αὐτῇ
584 5324 787 5390 λόγον.
818 5325 909 5393 Μή
945 5339 1035 5394 μοι
1067 5322 1362 5391 προφάσεις
1389 5322 1566 5390 εῖπῃς.
1593 5321 1716 5385 Ἴδε,
1734 5321 1795 5374 οὐ
1812 5320 1979 5373 λαλῶ·

405 5406 498 5468 ῐδε,
522 5406 585 5457 οὐ
615 5404 961 5475 διαλέγομαι·
993 5404 1066 5457 ἴδε
1097 5402 1369 5473 συμφορά,
1405 5404 1496 5455 καὶ
1529 5403 1587 5455 τὸ
1616 5401 1851 5472 ἐμαυτοῦ
1880 5403 1981 5456 οὐκ

404 5490 778 5559 ἐπιδείκνυμι·
834 5490 908 5543 ἴδε
957 5489 1234 5555 ναυάγιον,
1280 5486 1372 5540 καὶ
1417 5488 1444 5539 0
1498 5486 1837 5558 κυϐερνήτης
1883 5487 1981 5539 οὐκ

404 5574 621 5628 ἀναλύω
648 5574 738 5626 τὸν
771 5573 1017 5643 χειμῶνα
1039 5571 1128 5625 διὰ
1151 5571 1250 5642 τὴν
1273 5571 1543 5644 ὑμετέραν
1569 5569 1980 5641 ἀγνωμοσύνην,

468 5743 493 5769 ⁸
518 5741 628 5789 “re
650 5742 864 5788 deficere
891 5738 1135 5787 videnlur.

700 5839 970 5900 Ριτιιοι..
1016 5836 1132 5896 Gn.
1182 5835 1305 5901 LII.

1724 306 1811 361 DE
1848 304 2264 365 CIIANANEA.

2062 419 2145 471 ἵνα
2174 420 2248 490 μὴ
2282 419 2439 492 ἔχητε
2485 420 2774 493 πρόφασιν.
2817 423 2942 491 Ἴδε,
2975 422 3112 495 γυνὴ
3141 422 3365 494 θέατρόν
3418 440 3506 494 μοι
3547 442 3635 477 πε-

2061 500 2337 571 ριέστηκε,
2378 504 2471 556 καὶ⁹
2497 502 2649 556 οὑπω
2680 503 2946 574 λαμϐάνει
2975 506 3284 577 ἀπόκρισιν,
3323 506 3410 559 ἵνα
3454 506 3527 576 μὴ
3547 505 3638 558 λέ-

2058 600 2212 654 γητε,
2241 586 2322 638 ὅτι
2374 586 2685 649 Ἐπέδωκας
2737 588 2956 641 σεαυτὸν
2990 588 3332 653 Χαναναίοις,
3367 589 3460 642 καὶ
3497 604 3638 660 παρ-

2059 665 2191 737 έϐης
2216 667 2308 721 τὸν
2341 666 2523 738 νόμον,
2558 668 2651 721 καὶ
2679 669 2880 741 ταύτην
2915 671 3185 740 πρόφασιν
3222 672 3416 742 ἔχομεν
3436 670 3528 725 τοῦ
3559 674 3634 744 μὴ

2060 750 2346 803 πιστεῦσαί
2371 767 2472 805 σοι.
2506 751 2705 805 Σκόπει
2742 753 2857 815 πῶς
2884 752 2973 806 διὰ
3001 754 3158 807 τοῦτο
3180 755 3279 806 οὑκ
3305 754 3638 825 ἀπεκρίνατο

2059 836 2123 903 τῇ
2157 834 2398 900 γυναικὶ,
2423 835 2510 889 ’ίνα
2542 835 2812 908 ἀποκριθῇ
2844 836 3147 900 Ἰουδαίοις·
3182 837 3214 906 ὴ
3247 836 3382 906 πρὸς
3411 838 3509 906 τὴν
3538 854 3636 906 γυ-

2058 921 2219 971 ναῖκα
2267 919 2413 990 σιγὴ,
2451 920 2601 989 φωνὴ
2639 918 3027 990 ἀγνωμοσύνης
3071 921 3182 983 τοῖς
3220 919 3493 984 Ἰουδαίοις
3526 920 3637 988 ἐγί-

2057 1016 2197 1054 νετο.

2130 1083 2196 1137 θ’.
2224 1083 2410 1138 Ταῦτα
2434 1083 2491 1137 δὲ
2508 1084 2687 1138 ἐποίει
2708 1084 2769 1138 οὐ
2791 1084 2928 1154 πρὸς
2946 1083 3045 1155 τὴν
3070 1082 3276 1137 οἰκείαν
3302 1083 3479 1149 ἀξίαν,
3500 1083 3637 1139 ἀλλά

2059 1168 2195 1238 πρὸς
2226 1166 2322 1238 τὴν
2345 1167 2568 1220 ἐκείνων
2595 1166 3043 1237 συγκαταϐαίνων
3069 1166 3375 1220 ἀσθένειαν.
3394 1167 3501 1220 Καὶ
3525 1166 3634 1240 γάρ

2058 1253 2147 1304 ὅτε
2185 1251 2274 1304 τὸν
2321 1250 2520 1321 λεπρὸν
2554 1251 2869 1321 ἐκαθάρισε,
2912 1249 3090 1317 λέγει·
3133 1251 3413 1312 Ἀπελθε,
3446 1262 3635 1316 προσ-

2056 1334 2266 1401 ένεγκε
2298 1331 2446 1405 [460]
2478 1333 2544 1385 τὸ
2580 1332 2793 1400 δῶρον,
2827 1332 2859 1385 ὃ
2886 1331 3221 1399 προσέταξε
3247 1329 3527 1400 Μωῦσῆς.
3560 1330 3634 1384 Σὺ

2059 1417 2333 1489 ἐκάθαρας
2350 1416 2399 1482 δ,
2436 1417 2529 1470 καὶ
2567 1416 2806 1486 πέμπεις
2835 1415 2996 1469 αὑτὸν
3024 1416 3104 1477 εἰς
3135 1415 3224 1467 τὸν
3277 1413 3441 1484 νόμον
3475 1413 3636 1467 Μωῡ·

2061 1500 2229 1567 σέως;
2264 1500 2390 1552 Ναί.
2433 1498 2530 1553 Διά
2558 1499 2640 1564 τίς
2672 1496 2770 1552 Διά
2798 1498 2924 1561 τοὺς
2964 1496 3269 1561 Ἰουδαίους,
3308 1496 3395 1549 ἴνα
3431 1494 3506 1565 μὴ
3538 1493 3639 1565 ἀρ-

2061 1580 2256 1645 ξωνται
2292 1581 2564 1650 ἐγκαλεῖν,
2589 1582 2671 1634 ὅτι
2702 1580 2947 1651 παρέϐην
2985 1579 3077 1633 τὸν
3113 1578 3297 1649 νόμον.
3342 1576 3442 1630 Διά
3478 1574 3637 1629 τοῦτο

2060 1666 2153 1718 καὶ
2183 1666 2273 1718 ὅτε
2310 1666 2641 1735 ἐθεράπευσε
2678 1665 2770 1718 τὸν
2819 1662 3039 1734 λεπρδν,
3071 1661 3236 1726 ξένως
3273 1660 3637 1733 ἐθεράπευσεν

2059 1749 2250 1802 αὐτόν·
2274 1749 2365 1801 καὶ
2396 1750 2558 1802 ἄκουε
2592 1747 2728 1812 πῶς·
2755 1746 2860 1803 Καὶ
2883 1745 3012 1800 ἰδοὺ
3032 1747 3254 1813 λεπρὸς
3281 1740 3638 1812 προσελθὼν

2061 1829 2383 1897 παρεκάλει
2415 1831 2602 1883 αὐτὸν
2638 1831 2850 1900 λέγων,
2887 1830 3083 1897 Κύριε,
3131 1827 3239 1882 ἐὰν
3292 1827 3498 1895 θέλῃς,
3528 1825 3636 1880 δύ-

2059 1913 2244 1964 νασαί
2266 1928 2343 1980 με
2373 1913 2715 1979 καθαρίσαι·
2743 1911 2839 1964 καὶ
2867 1911 3142 1975 ἐκτείνας
3181 1909 3295 1977 τὴν
3330 1908 3500 1977 χεῖρα
3530 1908 3638 1962 αὐ-

2061 1993 2186 2058 τοῦ,
2222 1993 2422 2061 ἥψατο
2455 1993 2641 2061 αὺτοῦ
2693 1992 2924 2062 λέγων·
2975 1990 3161 2056 Θέλω,
3221 1992 3632 2058 καθαρίσθητι.

2073 2077 2162 2130 Ἐν
2193 2076 2271 2146 τῷ
2293 2077 2443 2147 νόμῳ
2472 2078 2573 2130 οὐκ
2602 2077 2767 2149 ἐχρῆν
2793 2074 3056 2129 ἅπτεσθαι
3096 2073 3317 2144 λεπροῦ.
3364 2074 3495 2127 Ὅτε
3540 2068 3637 2127 οὖν

2060 2154 2191 2229 ἦλθε
2253 2158 2502 2230 Νεαιμάν
2540 2160 2568 2212 0
2604 2158 2977 2230 στρατηλάτης
3022 2156 3160 2227 πρὸς
3204 2154 3637 2209 Ἐλισσαῖονςτδν

2063 2243 2347 2315 προιρήτην
2400 2243 2579 2314 λέπρᾳ
2636 2242 3017 2312 κατεχόμενος,
3046 2240 3193 2308 λέγει
3222 2239 3372 2310 αὑτῷ
3394 2241 3423 2293 0
3468 2238 3640 2310 μαθηο

2063 2329 2182 2401 τὴς,
2221 2328 2352 2381 Ἰδοὺ
2405 2327 2606 2398 λεπρὸς
2654 2325 3029 2397 στρατηλάττς
3080 2322 3205 2390 ἔξω.
3247 2322 3305 2376 ὐ
3335 2322 3393 2376 δὲ
3430 2322 3639 2393 πέμπει

2062 2411 2152 2463 τδν
2174 2408 2421 2482 μαθητὴν
2445 2408 2680 2474 ἐξελθεῖν
2702 2408 2795 2461 καὶ
2815 2409 2987 2460 εἰπεῖν
3017 2406 3187 2477 αὐτῷ,
3208 2406 3480 2469 Ἀπελθε,
3497 2403 3640 2458 λοῦ-

2063 2507 2165 2544 σαι
2198 2495 2286 2558 είς
2314 2492 2421 2545 τὸν
2458 2489 2777 2562 Ἰορδάνην.
2815 2489 2926 2543 Καὶ
2946 2488 3045 2542 οὑκ
3076 2487 3375 2559 ἐτόλμησεν
3405 2484 3639 2552 ἐξελθεῖν

2039 2577 2226 2641 ,αὐτὸς
2248 2576 2341 2630 καὶ
2369 2576 2495 2629 ίδεῖν
2523 2575 2614 2628 τὸν
2643 2573 2862 2645 λεπρδν,
2887 2573 2982 2627 καὶ
2997 2571 3237 2641 ἅψασθαι
3263 2569 3450 2625 αὐτοῦ.
3486 2567 3639 2623 Ἐπεὶ

2064 2657 2156 2715 οὖν
2186 2660 2510 2731 ἐκαθάρισεν
2546 2660 2575 2712 0
2611 2658 2905 2719 Ἐλισσαῖος
2932 2655 3150 2726 λεπρδν,
3179 2654 3266 2708 ἵνα
3303 2652 3380 2724 μὴ
3406 2651 3638 2720 λέγωσιν

2063 2746 2113 2798 οί
2167 2744 2426 2807 Ἰουδαῖοι,
2452 2743 2532 2796 ὅτι
2556 2740 2756 2811 ὁμοίως
2795 2738 3077 2808 Ἐλισσαίῳ
3104 2736 3361 2808 ἐκάθαρε,
3383 2734 3470 2788 διά
3481 2733 3639 2787 τοῦτο

2064 2830 2270 2890 ἐκεῖνος
2290 2828 2389 2897 μὲν
2418 2826 2478 2879 οὐ
2504 2826 2676 2895 τολμᾷ
2701 2823 2959 2894 ἅψασθαι,
2978 2817 3130 2885 οὗτος
3167 2820 3225 2874 δὲ
3254 2820 3503 2886 ἅπτεται,
3545 2820 3640 2873 καὶ

2065 2913 2233 2981 λέγει,
2258 2914 2440 2975 Θέλω,
2470 2910 2884 2979 καθαρίσθητι·
2914 2906 3010 2961 καὶ
3038 2907 3307 2972 ἐκτείνας
3332 2903 3446 2972 τὴν
3473 2903 3641 2974 χεῖρα

2065 2996 2273 3061 αὑτοῦ,
2297 2995 2496 3064 ἥψατο
2524 2994 2631 3049 τοῦ
2670 2991 2919 3062 λεπροῦ.
2949 2990 3048 3044 Διά
3091 2990 3145 3043 τί
3177 2990 3390 3060 ἧψατος
3423 2989 3542 3041 Ἵνα
3581 3003 3642 3040 σε

2066 3080 2251 3153 διδάξῃ
2279 3081 2361 3133 ὅτι
2392 3080 2492 3133 οὑκ
2531 3077 2646 3132 ἐστι
2688 3076 2870 3140 δοῦλος
2905 3074 3263 3145 ὑποκείμενος
3300 3073 3479 3153 νόμῳ,
3506 3069 3644 3125 ἀλλά

2067 3152 2343 3232 Δεσπότης
2375 3162 2718 3233 ἐπικείμενος
2770 3160 2849 3231 τῷ
2881 3160 3050 3229 νόμῳ.
3096 3157 3219 3221 Πῶς
3261 3152 3355 3211 οὖν
3406 3154 3643 3227 ἐτήρησε

2068 3249 2159 3302 τὸν
2186 3248 2378 3318 νόμον;
2419 3246 2510 3315 Τῷ
2554 3246 2747 3310 εἰπεῖν,
2791 3242 2976 3306 Θέλω,
3004 3242 3413 3311 καθαρίσθητι,
3443 3239 3537 3291 καὶ
3567 3235 3644 3308 μὴ

2067 3328 2461 3395 εὐθέωςάὑτοῦ
2491 3327 2748 3398 ἅψασθαι.
2785 3324 3090 3398 Προέλαϐεν
3138 3327 3166 3379 0
3205 3323 3384 3392 λόγος,
3414 3320 3645 3393 ἐδραπέ-

2066 3431 2222 3469 τευσε
2250 3412 2313 3466 τὸ
2350 3412 2585 3483 νόσημα,
2632 3405 2752 3462 εἶτα
2808 3408 2984 3481 ἥψατο
3036 3406 3132 3462 τοῦ
3182 3405 3517 3477 ἀκαθάρτου,
3549 3403 3647 3457 καὶ

2068 3494 2210 3563 εἶπε,
2261 3496 2444 3558 Θέλω,
2495 3494 2905 3562 καθαρίσθητι.
2956 3492 3116 3558 Πῶς;
3150 3490 3387 3557 Εὐθέως
3427 3489 3645 3543 ἐκαθα-

2062 3582 2267 3650 ρίσθη.
2298 3580 2409 3650 Οὐχ
2440 3579 2680 3650 εὑρίσκει
2701 3579 2730 3631 0
2764 3576 3153 3649 εὑαγγελιστὴς
3191 3576 3363 3628 είπεῖν
3396 3572 3514 3642 (καὶ
3536 3569 3646 3641 γάρ

2070 3668 2130 3721 τὸ
2153 3666 2372 3733 εὐθέως
2395 3666 2560 3738 βραδύ
2588 3668 2750 3729 ἐστι),
2782 3666 2879 3735 οὑχ
2909 3664 3155 3735 εὑρίσκει
3178 3662 3335 3730 λόγον
3359 3660 3647 3730 ἰσόρροπον

2069 3756 2149 3826 τῷ
2180 3756 2332 3825 τάχει
2356 3755 2456 3824 τῆς
2483 3754 2781 3827 ἐνεργείας.
2813 3751 3074 3815 Εὐθέως·
3118 3749 3267 3814 πῶς;
3297 3748 3449 3816 Ἀμα
3485 3744 3646 3813 ἐξέϐη

2069 3844 2099 3897 0
2128 3843 2305 3911 λόγος,
2339 3843 2433 3895 καὶ
2461 3840 2819 3912 ἐδραπέτευσε
2855 3838 2917 3891 τὸ
2952 3838 3183 3908 νόσημα,
3222 3831 3563 3903 ἐφυγαδεύθη
3611 3833 3645 3902 ἡ

2069 3930 2265 4001 λέπρα,
2306 3929 2491 3983 λοιπὸν
2523 3927 2760 3998 καθαρὸς
2793 3929 2822 3979 0
2873 3924 3089 3995 λεπρός.
3125 3921 3224 3976 Διά
3267 3920 3425 3975 τοῦτο
3468 3919 3644 3988 λέγει·

2074 4017 2313 4082 Ὕπαγε,
2339 4015 2599 4069 σεαυτὸν
2631 4012 2834 4077 δεῖξον
2860 4009 2941 4076 τῷ
2966 4010 3126 4079 ἱερεῖ,
3160 4010 3256 4064 καὶ
3282 4006 3649 4077 προσένεγκε

2071 4111 2136 4160 τὸ
2171 4104 2382 4173 δῶρον,
2417 4103 2448 4158 ὃ
2482 4101 2816 4171 προσέταξε
2876 4098 3157 4167 Μωϋσῆς,
3193 4102 3281 4165 είς
3322 4098 3648 4167 ,ιαιρτύριον

2070 4192 2295 4259 αὐτοῖς.
2331 4193 2487 4258 Τίσι;
2540 4193 2663 4254 Τοῖς
2711 4191 3004 4253 Ἰουδαίοις,
3035 4188 3121 4242 ἵνα
3174 4189 3249 4260 μὴ
3279 4186 3509 4255 λέγωσιν
3562 4185 3647 4237 ὅτι

2072 4280 2396 4354 παραϐαίνω
2424 4281 2514 4333 τὸν
2538 4279 2724 4349 νόμον.
2764 4280 2908 4348 Ἐγὼ
2939 4277 3299 4348 ἐθεράπευσα,
3334 4273 3427 4328 καὶ
3483 4272 3646 4341 λέγω,

2071 4367 2443 4437 Προσένεγκε
2486 4366 2553 4420 τὸ
2610 4365 2805 4435 δῶρον
2856 4365 2947 4417 τοῦ
2987 4364 3175 4433 νόμου,
3222 4363 3308 4414 ἴνα
3350 4360 3533 4430 ἐκείνῃ
3580 4361 3646 4430 τῇ

2070 4457 2252 4528 ἡμέρᾳ
2266 4457 2294 4509 0
2308 4456 2504 4527 λεπρὸς
2518 4454 2694 4508 αὐτῶν
2720 4453 3072 4524 κατηγορήσῃ
3086 4450 3276 4518 λέγων,
3307 4451 3362 4500 Ἐ
3370 4448 3458 4518 μοὶ
3484 4463 3624 4517 προσ
3638 4479 3648 4485 -

2072 4544 2229 4611 έταξε
2261 4542 2431 4615 δῶρον
2481 4542 2620 4597 κατά
2661 4542 2824 4609 νόμον
2860 4538 3259 4608 προσενεγκεῖν.
3308 4535 3415 4586 Καὶ
3461 4531 3647 4602 ὥσπερ

2074 4628 2246 4683 πολλὰ
2278 4629 2464 4683 ἐνεκεν
2504 4626 2771 4681 Ἰουδαίων
2813 4624 2985 4678 ἐποίει
3034 4625 3062 4677 0
3093 4619 3344 4692 Χριστὸς,
3394 4617 3649 4672 ἀναπολο-

2073 4718 2272 4788 γήτους
2327 4717 2524 4779 αὑτοὺς
2555 4717 2635 4778 είς
2666 4713 2841 4767 πάντα
2868 4705 3056 4772 ποιῶν,
3091 4708 3233 4762 οὓτω
3264 4705 3358 4761 καὶ
3391 4704 3645 4759 ἐνταῦθα.

2086 4804 2383 4872 Ἐλέησόν
2406 4820 2501 4873 με,
2535 4802 2624 4855 ὅτι
2649 4801 2687 4868 ἠ
2711 4799 2971 4869 θυγάτηρ
2993 4814 3113 4865 μευ
3152 4792 3349 4861 κακῶς
3383 4792 3649 4863 δαιμονί-

2075 4890 2244 4953 ζεται.
2288 4891 2341 4942 '0
2362 4890 2429 4943 δὲ
2458 4891 2568 4943 οὐκ
2592 4887 2947 4955 ἀπεκρίνετο
2968 4882 3121 4951 αὐτῇ
3151 4882 3356 4952 λόγον.
3388 4885 3644 4950 Προσελ-

2074 4977 2281 5039 θόι·τες
2298 4972 2366 5025 δέ
2392 4976 2445 5027 al
2459 4970 2713 5040 μαθηταί
2741 4967 2947 5030 αὐτοῦ,
2967 4966 3273 5036 λέγουσιν,
3318 4966 3652 5019 Ἀπόλυσον

2074 5060 2290 5126 αὐτὴν,
2328 5060 2414 5112 ὅτι
2461 5055 2651 5125 κράζει
2702 5056 2954 5110 ὄπισθεν
2997 5052 3184 5123 ήμῶν.
3220 5054 3285 5106 Τί
3317 5049 3411 5107 οὖν
3453 5052 3648 5121 αὑτός;

2081 5150 2201 5201 Οὐκ
2232 5144 2588 5209 ἀπεστάλην
2610 5146 2663 5197 εί
2685 5141 2771 5212 μὴ
2812 5144 2900 5206 είς
2927 5144 3000 5195 τὰ
3024 5143 3288 5209 πρόϐατα
3315 5139 3386 5193 τὰ
3416 5141 3651 5194 ἀπολω-

2076 5238 2227 5290 λότα
2254 5234 2422 5287 οῖκου
2465 5226 2734 5302 Ἰσραήλ·
2772 5231 2857 5286 ἴνα
2894 5229 2968 5301 μὴ
2997 5229 3228 5297 λέγωσιν
3268 5228 3529 5291 Ἰουδαῖοι,
3569 5227 3651 5280 ὅτι

2091 5324 2333 5390 ’Δφῆκας
2363 5323 2528 5389 ἡμᾶς,
2561 5320 2654 5370 καὶ
2682 5317 2923 5388 ἀπῆλθες
2958 5315 3083 5379 ἔξω,
3120 5314 3213 5368 καὶ
3261 5314 3351 5367 διά
3389 5314 3546 5366 τοῦτό
3569 5330 3651 5367 σοι

2079 5408 2180 5461 οὑκ
2212 5405 2631 5475 ἐπιστεύσαμεν.
2668 5403 2821 5467 Ἰδοὺ,
2855 5402 3007 5473 φησὶ,
3034 5402 3127 5455 καὶ
3151 5402 3258 5455 ἀπὸ
3277 5400 3446 5454 ἐθνῶν
3470 5401 3654 5473 ἔρχον-

2079 5513 2192 5559 ται,
2221 5497 2313 5549 καὶ
2344 5492 2403 5546 οὑ
2447 5492 2670 5561 δέχομαι
2701 5489 2924 5554 αὐτούς·
2955 5490 3097 5560 ὑμᾶς
3129 5488 3184 5543 δέ
3216 5489 3309 5542 καὶ
3354 5486 3653 5556 φεύγοντας

2150 5665 2326 5714 που).
2350 5662 2432 5725 σῦλ
2452 5663 2687 5725 ἐκάθηρες.
2712 5661 2819 5710 Aha
2862 5661 3059 5724 prxferl
3084 5662 3218 5714 Colb.
3250 5659 3516 5710 lectionum)
3542 5651 3641 5704 dis-

2080 5725 2312 5785 crimina,
2346 5721 2435 5772 sed
2465 5721 2645 5774 nullius
2662 5726 2828 5786 pretii.

3530 307 3634 364 456
3734 280 3739 283 ’
