4100 6196
343 178 444 248 £52

339 297 601 365 fugientes
625 295 825 351 advoco
852 312 868 349 ε
922 295 1083 351 lenite
1123 296 1192 349 ad
1218 310 1316 371 .me
1342 309 1512 356 omnes
1556 293 1645 364 qui
1682 292 1922 346 laboratis

337 385 555 454 (illati/1.
582 387 668 439 11.
692 382 806 456 28),
837 396 888 438 et
921 400 1024 439 non
1049 385 1278 448 venitis;
1310 387 1446 437 hanc
1477 396 1600 436 vero
1623 380 1839 446 reticio,
1867 389 1921 435 et

336 488 517 530 Lumen
550 484 776 545 perstat.
826 474 1094 544 Populus,
1124 491 1267 545 quem
1310 491 1409 528 non
1446 488 1651 540 cognorit
1717 471 1918 524 servivit

334 567 465 621 milii
485 609 500 634 ,
541 568 706 638 inquit
732 584 747 633 ;
788 567 838 621 in
874 568 1049 620 auditu
1076 568 1213 620 auris
1239 564 1447 619 obedivit
1473 564 1593 617 mihi
1621 560 1805 634 (Psal.
1833 562 1913 615 17.

332 661 433 732 45)
461 678 477 727 ;
508 669 563 715 et
601 659 727 714 alibi
756 678 768 714 :
805 659 1027 728 dpparui
1069 660 1130 712 iis
1155 657 1241 733 qui
1279 674 1357 710 me
1392 673 1492 710 non
1521 654 1806 727 qucei'ebant
1827 694 1841 719 ,
1869 661 1916 706 et

333 751 573 805 iuventus
599 767 708 804 sum
736 752 798 803 ab
832 750 915 816 iis,
943 750 1030 818 qui
1058 766 1134 807 me
1162 764 1260 802 non
1287 747 1681 816 in:errogabant.
1709 742 1919 810 Dimitte

332 842 504 909 illam,
545 845 668 911 quia
694 841 878 895 clamat
924 849 1034 909 post
1064 856 1154 894 nos
1204 837 1370 911 (Isai.
1394 837 1482 892 65.
1510 838 1531 891 1
1628 835 1915 891 Videamus

335 934 517 1004 itaque
557 932 684 1003 quid
728 932 971 988 Christus
1001 932 1161 986 dicat.
1210 930 1331 985 Non
1375 946 1487 984 sum
1518 930 1697 983 missus
1725 929 1822 982 nisi
1848 927 1917 980 ad

334 1042 453 1080 ores
495 1042 608 1096 qua:
647 1026 900 1095 perierunt
940 1025 1119 1079 domus
1162 1023 1344 1078 Israel.
1388 1025 1578 1077 Annon
1611 1021 1726 1075 lucc
1755 1015 1916 1074 verba

330 1125 495 1173 erant
522 1115 879 1186 repellentis?
918 1115 988 1169 Ita
1030 1116 1173 1170 enim
1211 1113 1589 1184 propemodum
1618 1110 1781 1166 dicit:
1808 1109 1919 1165 Ab-

334 1205 521 1270 scede,
561 1206 685 1277 quia
715 1205 849 1260 nihil
874 1206 966 1259 tibi
998 1204 1075 1259 rei
1107 1220 1314 1259 mecum
1355 1211 1438 1260 est
1465 1220 1479 1256 :
1507 1218 1613 1256 non
1641 1201 1759 1255 veni
1788 1216 1915 1270 pro-

336 1305 456 1364 pter
488 1306 562 1359 te,
595 1295 688 1351 sed
713 1306 928 1366 propter
947 1294 1179 1351 Judmos.
1213 1293 1335 1347 Non
1367 1309 1478 1348 sum
1517 1292 1699 1345 missus
1727 1291 1824 1345 nisi
1847 1289 1915 1345 ad

331 1403 449 1441 oves
488 1403 601 1456 qua:
641 1386 975 1455 disperierunt
1012 1385 1191 1440 domus
1224 1383 1408 1438 Israel.
1466 1382 1562 1437 His
1598 1381 1790 1436 auditis
1827 1382 1912 1435 illa

333 1478 493 1540 dixit,
522 1476 712 1540 Etiam,
741 1475 998 1541 Domine;
1039 1475 1227 1546 adjuva
1251 1492 1346 1541 me,
1382 1484 1427 1527 et
1463 1474 1707 1528 adorabat
1745 1473 1916 1527 dicens

340 1566 906 1639 lJIatth.i5.25);ille
924 1579 1048 1624 vero
1075 1581 1184 1621 non
1225 1565 1499 1635 respondit
1539 1565 1609 1621 ei.
1651 1564 1756 1620 Sed
1797 1564 1916 1620 vide

338 1657 743 1728 responsionem
772 1676 786 1712 :
816 1657 936 1711 Non
959 1668 1030 1711 est
1055 1659 1238 1712 bonum
1257 1674 1451 1712 sumere
1470 1674 1648 1727 panem
1668 1657 1912 1727 ﬁliorum,

332 1758 384 1802 et
410 1749 655 1819 projicere
678 1748 884 1802 canibus
911 1746 1084 1820 (Ibid.
1117 1764 1163 1801 υ.
1195 1747 1266 1802 26
1283 1745 1326 1820 ).
1369 1745 1413 1802 Ο
1449 1762 1576 1802 cura
1602 1746 1792 1802 medici
1817 1747 1831 1801 l
1861 1748 1914 1801 in

338 1840 763 1909 desperatiOnem
810 1839 1025 1896 deducit
1049 1855 1188 1894 eam.
1236 1838 1360 1893 Non
1398 1847 1472 1894 est
1513 1839 1697 1895 bonum
1722 1855 1917 1893 sumere

344 1947 525 1999 panem
552 1931 768 1998 ﬁliorum
788 1947 807 1985 :
831 1946 1057 2001 quorum
1076 1931 1099 1985 ‘!
1119 1929 1424 1988 indecorum
1442 1946 1456 1995 ;
1477 1938 1525 1983 et
1544 1930 1666 1984 dare
1686 1929 1910 1997 canibus,

340 2021 447 2075 hoc
462 2029 560 2085 est,
590 2022 761 2076 vobis.

409 2111 493 2168 10.
534 2112 690 2177 Certe
715 2110 781 2167 ad
808 2112 1147 2183 ignominiam
1173 2113 1482 2169 Iudaeorum
1509 2112 1624 2169 huic
1647 2111 1780 2168 dixit
1806 2112 1910 2168 Do-

334 2202 511 2259 minus
543 2219 558 2255 :
589 2217 712 2256 nam
739 2202 831 2259 ﬁlii
874 2203 1065 2269 vocati,
1111 2218 1272 2259 canes
1298 2203 1470 2258 eﬂecti
1513 2210 1654 2259 sunt.
1689 2202 1914 2272 Ideoque

333 2293 528 2350 Paulus
565 2294 697 2349 dicit
729 2310 742 2346 :
791 2293 962 2357 Videte
1003 2312 1170 2361 canes,
1206 2295 1366 2351 videte
1401 2294 1562 2357 malos
1617 2294 1872 2364 operarios
1893 2332 1911 2358 ,

331 2385 490 2441 videte
536 2385 969 2449 circumcisionem
1011 2402 1031 2440 :
1077 2401 1168 2439 nos
1223 2385 1357 2439 enim
1401 2400 1574 2449 sumus
1601 2382 1913 2437 circumcisio

337 2477 357 2547 (
386 2476 621 2547 Philipp.
653 2478 706 2531 '5.
736 2476 791 2530 2.
819 2475 914 2547 5).
946 2475 1187 2532 Gentiles
1235 2490 1396 2531 canes
1447 2474 1619 2533 vocati
1671 2482 1792 2528 sunt
1816 2512 1831 2538 ,
1860 2482 1915 2528 et

334 2569 425 2624 lilii
449 2578 573 2627 sunt
602 2568 800 2629 eﬂ'ccti.
834 2567 1009 2623 Filioli
1039 2569 1156 2634 mei,
1188 2584 1309 2638 quos
1337 2569 1519 2623 iterum
1548 2566 1791 2636 parturio,
1813 2565 1913 2623 tio-

332 2676 420 2713 nec
448 2664 696 2731 formetur
723 2659 953 2713 Christus
1000 2659 1053 2712 in
1103 2659 1239 2713 vobis
1273 2658 1312 2727 (ι
1332 2656 1501 2712 Galat.
1526 2656 1579 2712 1».
1613 2656 1738 2724 19).
1772 2654 1913 2710 Laus

333 2750 469 2815 haec,
491 2748 800 2804 Judzcorum
830 2749 1098 2804 accusatio
1127 2758 1229 2803 est.
1256 2746 1375 2802 Non
1409 2757 1481 2801 est
1508 2747 1690 2800 bonum
1717 2761 1914 2800 sumere

330 2859 511 2913 panem
562 2842 783 2911 ﬁliorum
803 2882 820 2908 ,
851 2850 896 2894 et
925 2840 1046 2895 dare
1074 2840 1300 2894 canibus.
1335 2838 1471 2906 Quid
1499 2838 1656 2908 igitur
1680 2835 1913 2893 mulier?

334 2932 532 2997 Etiam,
586 2932 823 2985 Domine.
870 2930 916 2986 0
960 2931 1207 2985 violentia
1261 2930 1528 2984 mulieris!
1569 2943 1603 2983 ο
1643 2926 1912 2982 contentio

333 3029 529 3083 animae
557 3027 572 3081 !
604 3026 839 3082 Medicus
867 3025 1032 3092 dicit,
1066 3023 1223 3090 Non;
1266 3035 1321 3079 et
1362 3024 1445 3078 illa
1488 3021 1656 3089 dicit,
1696 3019 1868 3074 Etiam
1893 3034 1913 3074 :

337 3121 593 3175 Dominus
624 3119 776 3184 dicit,
820 3116 983 3182 Non;
1013 3127 1065 3171 et
1098 3117 1183 3170 illa
1212 3115 1361 3180 dicit,
1393 3115 1601 3168 Etiam:
1630 3128 1733 3167 non
1760 3113 1911 3167 incu-

337 3225 465 3264 sans
515 3217 605 3263 aut
637 3206 973 3279 impudenter
1001 3220 1163 3275 agens
1201 3204 1301 3259 hoc
1326 3203 1493 3268 dicit;
1543 3202 1635 3257 sed
1685 3202 1910 3257 salutem

335 3290 666 3370 exspectans.
699 3296 831 3352 Non
849 3306 922 3351 est
968 3295 1152 3349 bonum
1194 3310 1390 3350 sumere
1417 3308 1596 3363 panem
1645 3292 1904 3362 ﬁliorum,

334 3402 379 3444 ct
403 3392 525 3444 dare
552 3390 781 3444 canibus.
817 3376 1009 3454 Etiam,
1044 3386 1273 3439 Domine.
1327 3384 1525 3438 Canem
1577 3398 1662 3437 me
1706 3396 1864 3436 vocas
1891 3420 1909 3445 ,

334 3498 430 3552 ego
456 3491 508 3537 te
534 3481 811 3535 Dominum
825 3493 959 3533 voco
991 3495 1004 3531 :
1029 3486 1085 3531 tu
1108 3492 1194 3531 me
1238 3474 1556 3530 contumelia
1584 3473 1770 3538 amcis,
1813 3486 1906 3542 ego

337 3582 387 3628 te
425 3572 658 3627 celebro.
703 3569 892 3634 Etiam,
938 3567 1196 3621 Domine:
1225 3582 1341 3619 nam
1384 3574 1430 3618 et
1458 3564 1625 3617 catelli
1667 3563 1822 3617 edunt
1852 3562 1907 3615 de

336 3666 494 3728 micis,
514 3679 626 3735 qua:
648 3662 833 3716 cadunt
856 3661 919 3714 de
938 3675 1109 3713 mensa
1133 3658 1449 3711 dominorum
1463 3671 1670 3709 suorum
1696 3651 1903 3722 (Matth.

341 3757 423 3811 13.
453 3754 571 3824 27).
600 3752 647 3808 Ο
675 3751 935 3822 sapientia
962 3747 1234 3804 mulieris!
1262 3746 1329 3800 ab
1346 3747 1506 3799 allato
1522 3744 1766 3825 exemplo
1796 3757 1900 3796 ser-

335 3861 545 3901 monem
570 3845 710 3899 eruit
740 3848 1177 3899 consentaneum.
1204 3837 1406 3897 Canem
1430 3850 1518 3893 me
1545 3850 1723 3898 vocas,
1750 3842 1915 3903 utca-

336 3938 416 3992 nis
443 3936 578 3990 alor.
605 3934 721 3991 Non
747 3947 943 4001 respuo
971 3929 1347 4003 opprobrium;
1376 3942 1480 3982 non
1510 3940 1697 3983 recuso
1728 3924 1910 3994 appel-

339 4027 585 4081 lationem
622 4041 634 4077 :
665 4022 917 4091 accipiam
960 4034 1087 4088 ergo
1128 4018 1277 4073 canis
1324 4017 1667 4081 alimentum;
1694 4030 1914 4082 remque

337 4118 461 4173 dicit
486 4125 818 4172 consuetam.
855 4112 935 4167 Tu
976 4111 1133 4166 verba
1163 4118 1251 4163 tua
1290 4110 1543 4164 confirma
1574 4123 1589 4160 :
1618 4121 1801 4162 canem
1828 4121 1914 4162 me

338 4212 572 4276 vocasti;
613 4210 679 4263 da
708 4208 839 4263 mihi
887 4206 1076 4261 micam
1106 4204 1432 4267 :advocatus
1473 4201 1738 4271 petitionis
1780 4214 1914 4255 mea:

336 4302 508 4357 lactus
536 4316 598 4365 es
630 4317 645 4365 ;
675 4300 729 4357 in
758 4297 1094 4367 recusatione
1122 4309 1443 4355 consensum
1486 4303 1632 4367 tuum
1672 4291 1911 4363 ostende.

340 4396 528 4461 Etiam,
562 4392 821 4457 Domine;
863 4406 980 4444 nam
1013 4398 1058 4442 et
1096 4387 1263 4442 catelli
1291 4389 1442 4441 edunt
1467 4387 1529 4439 de
1573 4386 1713 4439 micis
1736 4426 1749 4449 ,
1802 4399 1916 4453 qua:

336 4488 521 4540 cadunt
546 4488 613 4537 de
634 4499 802 4535 mensa
833 4480 1152 4534 dominorum
1188 4493 1415 4531 suorunt.
1457 4476 1591 4544 Quid
1638 4477 1797 4543 igitur
1825 4475 1913 4528 ille

338 4578 423 4647 qui
445 4574 752 4637 recusabat,
779 4573 867 4641 qui
890 4569 1184 4640 rejiciebat,
1212 4569 1300 4637 qui
1349 4568 1576 4637 pellebat
1600 4606 1614 4632 ,
1645 4566 1733 4636 qui
1762 4567 1908 4620 dice-

340 4672 445 4732 bat,
470 4667 600 4722 Non
627 4675 703 4720 est
726 4666 911 4719 bonum
944 4664 1171 4732 accipere
1201 4678 1379 4730 panem
1402 4663 1622 4728 ﬁliorum
1646 4702 1661 4725 ,
1690 4671 1734 4714 et
1758 4660 1917 4730 proji-

342 4776 453 4815 cere
477 4759 690 4812 canibus
711 4759 736 4811 ?
764 4757 852 4825 qui
877 4755 1090 4809 dicebat
1121 4771 1134 4807 :
1170 4752 1289 4806 Non
1339 4768 1449 4805 sum
1489 4752 1670 4805 missus
1712 4752 1810 4804 nisi
1847 4751 1916 4804 ad

336 4868 448 4907 ones
470 4866 583 4921 qua:
616 4849 873 4918 perierunt
905 4846 1084 4899 domus
1130 4841 1294 4897 Israel
1321 4843 1341 4895 !
1376 4842 1418 4895 Ο
1455 4841 1633 4917 mulier
1661 4843 1681 4895 .'
1729 4858 1914 4910 magna

337 4956 408 4999 est
431 4937 559 5013 ﬁdes
591 4940 722 5010 tua(
757 4938 892 4993 Ibid.
937 4955 985 4993 υ.
1016 4936 1087 4991 28
1126 4936 1166 5008 ).
1215 4936 1295 4990 An
1344 4935 1582 4988 laudator
1628 4933 1915 5000 derepente

338 5037 507 5089 lactus
536 5033 638 5088 es?
664 5030 940 5085 mulierem
974 5025 1299 5096 deprmdicas
1319 5026 1340 5079 ’ἔ
1362 5039 1533 5078 annon
1576 5023 1914 5092 rcpellelias?

337 5143 514 5183 annon
580 5122 895 5193 rejiciebas?
944 5119 1199 5183 Conlide;
1255 5118 1373 5171 ideo
1434 5116 1627 5170 distuli.
1681 5114 1813 5169 Nam
1868 5114 1913 5169 si

334 5222 403 5275 an
433 5218 584 5273 initio
607 5216 750 5269 illam
771 5214 1101 5283 repulissem,
1120 5211 1243 5279 ‘ejus
1273 5208 1426 5263 ﬁdem
1456 5224 1558 5262 non
1580 5206 1911 5261 edidicisses.

336 5311 391 5367 Si
422 5326 451 5364 a
480 5309 740 5379 principio
793 5306 1089 5375 accepisset
1119 5344 1133 5367 ,
1178 5304 1284 5356 citn
1336 5301 1663 5365 recessisset,
1693 5298 1915 5368 ejusque

335 5405 645 5458 thesaurum
698 5415 858 5456 nemo
905 5397 1162 5453 novisset.
1203 5395 1329 5450 ideo
1384 5410 1575 5451 munus
1624 5392 1824 5457 distuli,
1858 5402 1916 5447 ut

334 5494 449 5561 ejus
473 5493 630 5546 tidem
655 5491 904 5547 omnibus
917 5487 1278 5544 ostenderem.

408 5582 838 5638 Priscocrandum
859 5580 1229 5651 inprecatione.
1256 5608 1327 5620 —-—
1354 5576 1400 5634 0
1425 5575 1624 5631 mulier.
1657 5575 1800 5631 Deus
1825 5573 1907 5630 di-

1728 172 1816 228 DE
1854 171 2267 227 CIIANANEA.

3483 195 3585 250 £38

2028 290 2133 356 cit,
2163 289 2209 345 0
2233 292 2456 347 mulier!
2478 294 2709 350 Audiam
2735 296 2793 367 ii,
2814 297 3043 368 quicum
3080 299 3306 371 quadam
3334 300 3593 371 imperitia

2026 389 2329 449 precantur.
2356 381 2677 440 Cum'alicui
2721 386 2880 455 dico,
2926 387 3071 459 Roga
3120 390 3284 451 Deum
3311 430 3327 456 ,
3371 389 3593 447 obsecra

2023 485 2168 536 eum,
2196 471 2433 543 supplica
2469 473 2518 528 ei
2550 489 2565 538 ;
2593 475 2881 547 respondet
2909 478 2997 533 ille
3019 518 3034 543 ,
3062 479 3260 549 Rogavi
3289 479 3473 546 semel,
3506 494 3595 536 se-

2023 560 2218 626 cundo,
2250 563 2425 630 tertio,
2453 562 2635 619 decies
2665 574 2718 619 et
2761 566 3019 637 vigesies,
3060 577 3117 624 et
3146 584 3475 640 nequaquam
3504 584 3595 625 ac-

2021 651 2158 721 cepi.
2187 650 2263 707 Ne
2290 666 2471 709 cesses
2494 692 2509 720 ,
2560 653 2725 711 frater
2745 697 2762 725 ,
2793 657 2963 712 donec
3007 659 3235 730 accipias
3266 678 3280 715 :
3309 660 3429 715 linis
3459 661 3593 729 peti-

2023 740 2183 799 tionis
2219 751 2301 796 est
2342 742 2539 799 donum
2578 754 2874 813 acceptum.
2902 745 3051 802 Tunc
3078 762 3247 811 cessa,
3289 764 3415 813 cum
3442 763 3593 803 acce-

2021 834 2202 909 peris;
2231 834 2339 889 imo
2365 833 2540 903 potius
2586 850 2654 890 ne
2694 844 2820 891 tunc
2845 836 3007 891 etiam
3039 852 3215 893 cesses
3240 879 3259 906 ,
3298 838 3392 899 sed
3421 838 3596 895 adhuc

2023 939 2327 995 persevera.
2359 925 2416 983 Si
2464 941 2569 981 non
2607 927 2898 1001 acceperis,
2928 937 3050 997 pete
3086 936 3142 982 ut
3181 928 3446 997 accipias;
3474 945 3593 983 cum

2021 1024 2199 1073 autem
2229 1017 2519 1086 acceperis,
2551 1016 2619 1072 de
2667 1026 2890 1088 accepto
2925 1019 3126 1089 gratias
3163 1035 3279 1090 age.
3322 1020 3471 1077 Multi
3513 1020 3596 1074 in-

2021 1116 2163 1165 trant
2191 1108 2242 1162 in
2273 1109 2576 1176 ecclesiam,
2604 1118 2677 1172 et
2707 1110 2851 1165 mille
2880 1125 3067 1165 versus
3114 1110 3319 1166 orando
3366 1110 3593 1180 profun—

2021 1199 2221 1255 duntet
2251 1201 2633 1272 egrediuntur;
2664 1216 2765 1257 nec
2793 1197 3120 1272 sciunt'quid
3154 1203 3421 1270 dixerint;
3455 1205 3592 1260 labia

2020 1298 2319 1355 moventur,
2348 1307 2446 1347 nec
2473 1291 2571 1363 ipsi
2610 1292 2853 1348 audiunt.
2887 1293 2963 1348 Tu
2994 1294 3108 1363 ipse
3137 1309 3241 1349 non
3282 1295 3434 1357 audis
3461 1311 3587 1352 ora-

2020 1384 2217 1438 tionem
2248 1392 2412 1449 tuam,
2440 1392 2493 1440 et
2518 1384 2682 1439 Deum
2708 1385 2790 1441 vis
2822 1385 3115 1441 exaudire?
3165 1386 3333 1452 Flexi,
3365 1386 3463 1449 ais,
3501 1402 3593 1457 ge-

2021 1490 2122 1529 nua
2149 1494 2162 1530 :
2188 1491 2371 1531 verum
2395 1491 2546 1532 mens
2574 1485 2661 1531 tua
2693 1476 2836 1534 foras
2864 1478 3095 1533 aveiavit
3113 1496 3126 1532 :
3146 1493 3343 1549 corpus
3364 1489 3506 1534 tuum
3534 1482 3607 1553 in.

2020 1567 2245 1622 ecclesia
2298 1576 2455 1633 erat,
2510 1575 2562 1622 et
2608 1567 2859 1638 cogitatio
2894 1576 2987 1629 tua
3030 1567 3160 1624 loris
3189 1570 3501 1639 vagabatur;
3531 1584 3593 1626 os

2020 1664 2165 1711 tuum
2196 1658 2551 1726 precationem
2579 1658 2854 1723 recitabat,
2882 1658 2976 1714 sed
3002 1673 3153 1714 mens
3182 1674 3368 1715 usuras
3405 1674 3594 1729 suppu-

2019 1746 2183 1813 tabat,
2213 1755 2384 1817 pacta,
2407 1759 2731 1815 contractus,
2763 1763 2943 1818 agros,
2976 1751 3360 1818 possessiones,
3391 1765 3592 1806 amico-

2017 1852 2135 1892 rum
2176 1840 2466 1894 cousortia.
2502 1839 2753 1897 Diabolus
2792 1842 2960 1907 enim,
3013 1843 3278 1913 malignus
3320 1859 3441 1899 cum
3479 1845 3588 1910 sit,

2022 1943 2250 1999 cumque
2267 1930 2402 1983 sciat
2429 1943 2529 1984 nos
2554 1938 2793 1999 tempore
2821 1932 3140 1999 precationis
3158 1932 3442 1988 admodum
3470 1948 3594 2002 pro-

2018 2018 2178 2075 ﬁcere
2205 2059 2220 2085 ,
2269 2028 2395 2074 tunc
2439 2019 2672 2075 maxime
2719 2020 2898 2074 instat.
2943 2020 3096 2089 Saepe
3142 2020 3196 2074 in
3236 2020 3378 2076 lecto
3416 2023 3591 2091 supini

2013 2112 2276 2183 iacemus,
2306 2120 2362 2167 et
2386 2111 2520 2166 nihil
2553 2113 2881 2180 cogitamus;
2909 2112 3004 2168 sed
3034 2114 3077 2167 si
3108 2123 3379 2183 precatum
3422 2116 3593 2171 venia-

2019 2219 2158 2267 mus,
2192 2213 2473 2265 sescentas
2519 2204 2868 2274 cogitationes
2908 2204 3166 2273 itumittit,
3200 2214 3257 2261 ut
3294 2206 3466 2263 fructu
3493 2222 3590 2262 va-

2017 2293 2102 2350 cui
2131 2293 2479 2353 recedamnsz
3420 2278 3433 2287 '

2088 2387 2176 2451 11.
2219 2385 2344 2440 Haec
2386 2401 2507 2445 cum
2549 2386 2710 2453 scias,
2736 2386 2952 2453 dilecte,
2986 2387 3040 2442 in
3080 2387 3474 2458 precationibus
3498 2403 3591 2447 ac-

2016 2477 2216 2541 cidere,
2246 2477 2600 2541 Cliananteam
2628 2478 2871 2545 imitare;
2903 2480 2986 2534 vir
3007 2482 3305 2547 mulierem,
3334 2481 3590 2552 alienige-

2016 2582 2162 2632 nam,
2194 2567 2478 2633 iulirmam,
2500 2567 2784 2637 abjectam,
2811 2569 2991 2625 vilem.
3014 2569 3081 2624 At
3103 2583 3211 2623 non
3245 2568 3409 2624 habes
3429 2570 3591 2625 tiliam

2015 2673 2047 2712 a
2076 2657 2319 2714 daemone
2345 2659 2627 2715 vexatam?
2650 2659 2745 2715 sed
2772 2659 2938 2714 babes
2954 2660 3182 2713 animam
3220 2662 3589 2729 peccatricem.

2017 2748 2152 2815 Quid
2176 2748 2251 2805 ait
2284 2748 2626 2811 Chaunum?
2652 2748 2893 2803 Miserere
2911 2750 3045 2813 mei;
3096 2750 3204 2817 ﬁlia
3238 2766 3349 2805 mea
3391 2753 3523 2807 male
3558 2770 3592 2807 a

2015 2840 2265 2897 dwmonio
2304 2848 2512 2897 uexatur
2542 2854 2561 2894 :
2588 2838 2676 2894 dic
2722 2848 2776 2895 ct
2808 2848 2863 2895 tu
2896 2856 2911 2892 :
2955 2838 3196 2895 Hiserere
3236 2842 3371 2908 mei;
3413 2843 3589 2899 anima

2015 2945 2133 2986 mea
2163 2929 2299 2985 male
2323 2944 2354 2983 a
2383 2928 2647 2985 daemonio
2674 2939 2909 2987 vexatur.
2955 2928 3183 2985 Grandis
3203 2932 3352 2985 enim
3381 2932 3590 2988 daemon

2018 3031 2291 3093 peccatum
2321 3031 2422 3079 est.
2448 3023 2815 3078 Dtemoniacus
2837 3022 2904 3078 ad
2947 3023 3363 3081 misericordiam
3392 3033 3589 3088 movet.

2015 3126 2265 3186 peccator
2299 3118 2423 3173 odio
2470 3117 2694 3174 habetur
2723 3136 2737 3171 :
2766 3118 2841 3173 illi
2862 3118 3015 3173 venia
3044 3118 3367 3184 conceditur,
3395 3119 3480 3174 hic
3500 3135 3591 3175 ex-

2013 3212 2290 3264 cusatione
2336 3196 2590 3280 privatur.
2625 3209 2869 3264 Miserere
2896 3210 2993 3264 mei
3023 3226 3042 3264 :
3079 3209 3254 3264 brevis
3291 3211 3587 3275 sententia,

2016 3299 2110 3354 sed
2142 3300 2480 3371 benignitatis
2524 3300 2743 3371 pelagus
2766 3300 3013 3356 invenit:
3066 3300 3153 3355 ubi
3203 3302 3346 3357 enim
3386 3302 3591 3359 miseri~

2016 3391 2218 3455 cordia,
2250 3390 2321 3445 ibi
2368 3392 2506 3446 bona
2544 3391 2740 3445 omnia.

2090 3480 2265 3535 Omnis
2308 3481 2447 3535 locus
2493 3480 2562 3534 ad
2591 3481 2894 3551 precandum
2927 3490 3345 3551 Opportunus.—
3368 3482 3587 3539 Etiamsi

2017 3580 2167 3627 extra
2218 3571 2497 3633 ecclesiam
2528 3572 2622 3636 sis,
2655 3572 2822 3633 clama
2854 3581 2906 3628 et
2930 3571 3037 3638 dic,
3066 3571 3307 3625 Miserere
3335 3573 3451 3638 mei,
3484 3588 3590 3628 non

2017 3665 2155 3719 labia
2193 3680 2437 3730 movens,
2463 3665 2557 3720 sed
2583 3675 2762 3720 mente
2789 3665 3026 3719 clamans
3057 3682 3070 3717 :
3103 3680 3223 3718 nam
3252 3666 3331 3719 vel
3356 3675 3590 3721 tacentes

2016 3755 2161 3809 audit
2193 3755 2351 3809 Deus.
2380 3754 2495 3809 Non
2517 3756 2985 3824 requiriturlocus,
3015 3754 3106 3808 sed
3136 3769 3339 3808 morum
3362 3754 3584 3809 initium.

2015 3843 2276 3899 Jeremias
2320 3844 2374 3897 in
2400 3859 2556 3899 emno
2584 3853 2719 3907 erat,
2766 3854 2821 3899 et
2856 3843 3020 3897 Deum
3040 3844 3295 3908 attraxit;
3327 3844 3508 3899 Daniel
3539 3847 3587 3901 in

2018 3936 2134 4003 lacu
2173 3935 2406 4001 leonum,
2434 3944 2491 3991 et
2526 3934 2698 3999 .Deom
2720 3934 2824 3997 ,sibi
2856 3934 3147 4003 propitium
3184 3934 3450 3992 reddidit:
3484 3945 3588 3991 tres

2016 4027 2165 4097 pueri
2196 4027 2247 4079 in
2264 4025 2471 4081 camino
2486 4033 2658 4090 erant,
2687 4033 2743 4079 et
2770 4025 2931 4079 Deum
2953 4023 3284 4089 celebrantes
3308 4024 3587 4090 ﬂexerunt;

1954 4179 1978 4197 ί
2016 4117 2153 4172 latro
2181 4115 2462 4172 cruciﬁxus
2505 4124 2586 4169 est
2610 4124 2665 4169 et
2695 4114 2823 4169 nihil
2850 4113 2948 4185 ipsi
2975 4112 3140 4168 obfuit
3170 4130 3320 4180 crux,
3370 4116 3462 4169 sed
3512 4131 3579 4191 pa

2017 4209 2249 4264 rudlsum
2276 4206 2510 4276 aperuit:
2536 4206 2638 4262 Job
2660 4207 2711 4261 in
2742 4207 2864 4261 limo
2881 4213 3014 4273 erat,
3045 4214 3099 4261 et
3126 4206 3288 4260 Deum
3308 4206 3589 4276 propitium

2017 4301 2281 4365 reddidit;
2337 4299 2500 4359 lanas
2528 4298 2585 4355 in
2610 4307 2793 4353 ventre
2816 4297 2943 4361 ceti,
2973 4306 3028 4352 et
3074 4297 3238 4359 Deum
3285 4297 3385 4351 sibi
3430 4297 3590 4349 obse-

2018 4401 2264 4465 quentem
2292 4391 2494 4449 habuit.
2516 4389 2581 4451 ,Si
2608 4390 2662 4451 in
2703 4389 2890 4445 balneo
2912 4389 3006 4456 sis,
3035 4402 3280 4458 precare;
3311 4388 3354 4440 si
3404 4388 3456 4441 in
3485 4388 3587 4451 via,

2019 4484 2062 4539 si
2121 4484 2175 4537 in
2228 4483 2400 4545 lecto,
2445 4482 2725 4537 similiter:
2759 4481 3075 4550 ubicumque
3113 4478 3297 4543 fueris,
3348 4492 3581 4547 precare.

2019 4574 2294 4643 Templum
2321 4588 2380 4628 es
2406 4573 2524 4636 Dei,
2552 4587 2620 4627 ne
2645 4585 2852 4642 quaeras
2891 4571 3064 4623 locum
3090 4585 3105 4634 ;
3138 4567 3421 4621 voluntatis
3463 4566 3589 4622 affe-

2019 4675 2135 4719 ctus
2174 4665 2347 4719 solum
2395 4664 2697 4734 requiritur.
2738 4660 2792 4716 Si
2818 4673 2995 4713 coram
3014 4656 3192 4727 judice
3218 4656 3441 4720 sistaris,
3470 4673 3586 4725 prc-

2019 4771 2169 4817 care;
2195 4771 2315 4810 cum
2338 4752 2779 4821 irascitnrjudex,
2813 4761 3048 4819 precare.
3077 4746 3217 4801 Mare
3243 4760 3422 4800 coram
3452 4754 3588 4814 erat,

2019 4863 2047 4899 a
2081 4859 2227 4917 tergo
2250 4846 2507 4916 Egyptii.
2552 4846 2601 4898 in
2635 4842 2810 4897 medio
2853 4840 3093 4911 Moyses;
3120 4839 3284 4899 multa
3327 4839 3378 4892 in
3410 4853 3590 4908 preca-

2003 4934 2153 4986 tione
2180 4930 2431 5000 angustia
2459 4945 2474 4991 ;
2508 4927 2603 4983 sed
2635 4927 2873 4997 amplum
2900 4935 3018 4982 erat
3037 4929 3231 4984 orandi
3255 4932 3514 5001 spatium.
3536 4933 3581 4986 A

2005 5030 2161 5092 (ergo
2193 5019 2434 5097 [Egyptii
2464 5018 2929 5089 insequebantur;
2964 5034 3113 5075 mare
3137 5036 3324 5075 coram
3356 5033 3496 5088 erat,
3527 5024 3579 5076 in

2005 5114 2183 5168 medio
2204 5120 2382 5165 autem
2410 5112 2584 5165 oratio
2608 5127 2622 5174 ;
2651 5110 2894 5180 nihilque
2914 5111 3233 5181 loquebatur
3254 5113 3485 5185 Moyses.
3528 5124 3584 5168 (ι

2006 5205 2082 5259 ait
2118 5204 2197 5258 illi
2222 5203 2364 5258 Deus
2396 5222 2408 5257 :
2437 5202 2579 5268 Quid
2601 5204 2804 5256 clamas
2833 5202 2904 5255 ad
2922 5203 3215 5275 melExod.
3250 5204 3337 5259 14.
3372 5205 3488 5276 l5)?
3507 5204 3581 5261 Os

2006 5309 2117 5348 non
2151 5294 2501 5362 loquebatur,
2536 5292 2631 5346 sed
2670 5307 2825 5347 mens
2858 5294 3157 5347 clamabat.
3182 5292 3249 5346 Et
3280 5305 3336 5347 ιιι
3375 5295 3580 5364 itaque,

2005 5387 2224 5448 dilecte,
2243 5399 2367 5439 cum
2389 5385 2610 5439 steteris
2627 5400 2811 5439 coram
2829 5385 3015 5454 judice
3038 5384 3280 5451 furente,
3299 5388 3584 5456 tyrannice

2008 5481 2285 5549 loquente,
2323 5478 2528 5533 acriter
2557 5478 2867 5543 minitante,
2897 5488 2950 5534 et
2985 5480 3106 5535 aliis
3130 5478 3484 5534 carniﬁcibus
3505 5479 3585 5530 si-

2010 5573 2215 5629 militer
2239 5572 2550 5640 agentibus,
2583 5570 2750 5626 Deum
2777 5585 3024 5637 precare,
3048 5583 3104 5635 et
3126 5579 3179 5628 te
3212 5576 3463 5638 precante
3481 5567 3583 5621 au-
