4100 6196
441 233 543 287 43)

441 358 555 401 ctus
582 345 980 416 mitigabuntur.
1033 346 1204 402 Iudex
1246 346 1442 400 instat?
1471 345 1552 400 Tu
1589 344 1655 397 ad
1689 344 1851 397 Deum
1875 357 2008 397 con-

440 425 624 508 fugite.
654 439 904 509 Princeps
933 439 1122 493 adest?
1149 438 1229 493 Tu
1261 439 1537 492 Dominum
1567 450 1717 490 voca.
1747 433 2010 503 Numquid

443 529 604 584 homo
632 537 734 596 est,
762 538 816 582 ut
842 528 910 583 ad
955 529 1181 598 aliquem
1220 542 1407 597 pergas
1437 526 1648 581 locum?
1681 526 1824 580 Deus
1849 538 2014 594 prope

441 634 652 688 semper
676 628 777 674 est.
819 618 876 673 Si
913 619 1177 672 hominem
1217 632 1403 686 rogare
1433 616 1683 681 volueris,
1720 615 2013 685 interrogas

439 707 563 778 quid
608 716 747 778 agat,
773 707 1090 772 dormiatne,
1122 721 1188 760 an
1217 722 1247 762 a
1290 707 1514 777 negotiis
1537 714 1716 772 vacet;
1747 704 2015 758 minister-

440 812 543 864 que
584 811 688 851 non
719 796 809 850 tibi
840 795 1143 865 respondet.
1174 796 1254 850 Ad
1299 797 1465 850 Deum
1504 793 1828 865 precandum
1871 793 2014 847 nullo

443 889 631 942 horum
673 902 806 956 opus
835 887 997 942 habes
1027 905 1041 941 :
1075 903 1406 958 quocumque
1441 888 1564 942 ieris
1588 895 1641 941 et
1666 885 2011 950 invocaveris,

441 977 530 1032 ille
556 975 704 1031 audit
731 994 744 1030 :
776 977 917 1031 nulla
945 978 1222 1047 occupatio
1242 1019 1256 1044 ,
1291 978 1465 1031 nullus
1504 975 1880 1036 intermedius.
1911 975 2014 1027 mi-

443 1068 605 1122 nister
647 1067 823 1123 nullos
851 1068 1088 1123 auditum
1140 1068 1459 1123 intercludit.
1496 1067 1606 1130 Die,
1636 1066 1876 1120 Miserere
1897 1065 2011 1130 mei,

442 1164 492 1212 et
523 1158 699 1212 statim
734 1159 872 1213 Deus
899 1159 1106 1214 aderit:
1138 1159 1316 1212 Adhuc
1363 1168 1409 1213 te
1436 1158 1684 1226 loquente,
1718 1156 1902 1226 inquit,
1932 1156 2043 1208 di-.

441 1265 550 1301 cam
574 1289 590 1314 ,
634 1265 744 1304 ecce
785 1250 963 1303 adsum
1004 1249 1154 1320 (Isai.
1181 1250 1268 1306 58.
1303 1250 1382 1321 9).
1411 1249 1454 1304 Ο
1489 1264 1666 1304 sermo
1693 1248 2014 1316 benignitate

439 1338 627 1406 plenus
651 1340 663 1393 !
696 1338 808 1394 Non
837 1348 1106 1409 exspectat
1129 1341 1444 1409 precationis
1473 1340 1628 1394 linem
1657 1355 1668 1392 :
1701 1339 1932 1393 nondum
1951 1339 2015 1392 ϐ-

443 1429 549 1481 nita
577 1428 814 1483 oratione
838 1428 1031 1483 donum
1058 1429 1268 1498 accipis.
1304 1428 1539 1482 Miserere
1579 1429 1692 1483 mei.
1723 1429 1868 1482 l-lane
1895 1428 2014 1482 imi-

441 1525 613 1570 temur
631 1515 998 1580 Chananseam,
1020 1534 1228 1588 qumso:
1250 1517 1488 1572 Miserere
1501 1519 1596 1571 mei
1617 1535 1635 1571 :
1649 1519 1758 1585 ﬁlia
1773 1534 1881 1572 mea
1906 1535 2018 1571 ma-

443 1605 490 1658 le
512 1622 542 1658 α
570 1606 819 1660 daemonio
846 1617 1053 1660 vexatur
1073 1611 1101 1660 ':
1131 1608 1384 1663 Dominus
1413 1618 1586 1662 autem
1616 1607 1742 1662 dicit
1763 1608 1827 1662 ad
1858 1623 1973 1662 eam
2001 1626 2014 1661 :

442 1693 486 1746 0
513 1696 727 1750 mulier!
753 1713 935 1766 magna
956 1706 1029 1751 est
1054 1698 1180 1766 ﬁdes
1201 1709 1286 1752 tua
1319 1700 1448 1765 :ﬁat
1477 1699 1565 1752 tibi
1585 1700 1712 1753 sicut
1733 1699 1804 1751 vis
1838 1698 2014 1768 (Matt.

441 1787 530 1842 ίῦ.
554 1787 668 1858 28).
697 1787 922 1842 Ubinam
953 1789 1272 1843 haereticus?
1303 1788 1436 1842 Num
1475 1789 1637 1856 dixit,
1685 1789 1898 1858 Rogabo
1925 1804 2019 1858 pa-

440 1886 573 1930 trem
603 1879 803 1932 meum?
842 1893 966 1931 num
994 1879 1147 1942 dixit,
1182 1879 1446 1933 Precabor
1473 1879 1777 1934 Genitorem
1805 1879 2020 1934 meum?

439 1967 696 2036 numquid
715 1968 954 2023 oratione
981 1970 1164 2039 eguit?
1185 1969 1418 2025 Minime.
1450 1971 1657 2038 Quare?
1683 1971 1814 2037 Quia
1832 1986 2020 2042 magna

440 2066 555 2112 erat
603 2058 769 2125 ﬁdes,
819 2075 1068 2130 magnum
1116 2076 1228 2128 vas,
1255 2061 1466 2132 copiosa
1507 2063 1674 2118 ell'usa
1702 2072 1784 2117 est
1823 2064 2016 2132 gratia.

442 2147 540 2202 Ubi
568 2148 738 2202 oratio
760 2151 1058 2204 necessaria
1085 2160 1186 2216 est,
1215 2152 1285 2206 ibi
1313 2167 1403 2205 vas
1426 2152 1690 2207 inﬁrmum
1712 2159 1811 2207 est.
1840 2150 1884 2206 0
1910 2169 2021 2206 mu-

443 2237 570 2290 lier!
598 2253 782 2307 magna
811 2247 881 2291 est
909 2239 1033 2307 ﬁdes
1060 2250 1163 2292 tua.
1193 2240 1308 2295 Non
1350 2240 1528 2295 vidisti
1558 2249 1822 2296 mortuum
1848 2243 2020 2297 susci-

443 2337 632 2393 tatum,
663 2344 767 2381 non
795 2329 1061 2398 leprosum
1090 2331 1418 2399 mundatum,
1445 2348 1554 2387 non
1582 2332 1771 2387 audisti
1790 2335 2019 2403 prophe-

445 2426 543 2484 tas,
572 2433 678 2473 non
700 2417 869 2489 legem
897 2419 1153 2475 meditata
1179 2436 1256 2489 es,
1281 2437 1386 2476 non
1411 2438 1556 2478 mare
1572 2423 1796 2478 divisum
1821 2424 2017 2491 vidisti,

443 2523 548 2564 nun
587 2509 725 2564 aliud
755 2526 784 2562 a
812 2526 898 2565 me
942 2520 1200 2581 patratum
1229 2513 1436 2583 signum
1462 2514 1669 2581 vidisti;
1722 2516 1829 2571 imo
1870 2531 1900 2571 a
1932 2532 2020 2572 me

445 2601 693 2668 despecta
722 2609 776 2656 et
803 2603 1112 2658 conturbata
1158 2619 1253 2669 es;
1285 2621 1635 2661 mrumnosam
1667 2615 1718 2662 te
1748 2609 1934 2677 repuli,
1964 2620 2018 2663 et

443 2704 546 2744 non
578 2692 862 2758 recessisti,
905 2693 996 2748 sed
1025 2694 1300 2762 perstitisti
1335 2714 1348 2749 :
1381 2695 1594 2751 demum
1631 2711 1661 2751 a
1701 2713 1786 2753 me
1807 2698 2018 2766 dignam

443 2790 494 2832 et
515 2788 923 2836 consentaneam
953 2784 1132 2853 accipe
1158 2784 1363 2840 laudem
1387 2785 1468 2840 :0
1495 2785 1680 2840 Mulier
1701 2787 1721 2840 !
1746 2803 1926 2858 magna
1951 2796 2021 2842 est

1193 233 1250 288 S.
1291 231 1566 290 JOANNIS
1603 227 2070 284 CHRYSOSTOlll
2111 226 2422 282 AllClllEP.
2463 225 2987 283 CONSTANTINOP.

3593 233 3691 291 460

2125 340 2402 410 Ingredere
2425 342 2474 395 in
2505 342 2780 396 ecclesiam
2807 343 3108 409 Persarum,
3137 354 3189 399 et
3214 344 3396 400 audies
3420 345 3691 406 Christum

2118 432 2399 495 dicentem,
2435 430 2479 485 0
2507 432 2714 485 mulier!
2747 449 2930 503 magna
2970 443 3040 488 est
3087 435 3213 502 ﬁdes
3238 445 3360 496 tua;
3407 437 3459 491 iu
3492 437 3696 493 Gotho-

2121 536 2236 574 rum
2265 522 2412 587 item,
2444 521 2495 574 in
2528 521 2890 586 barbarorum,
2915 524 2966 577 in
2996 523 3262 592 ludorum,
3293 526 3343 579 in
3367 526 3690 596 Maurorum,

2117 620 2168 664 et
2188 611 2236 663 in
2253 619 2726 680 quantamcumque
2742 612 2821 665 sol
2836 613 3045 682 reSpieit
3063 623 3284 668 terram:
3302 617 3517 669 verbum
3533 634 3693 672 unum

2119 700 2338 770 protulit
2360 701 2617 764 Christus,
2643 710 2694 756 et
2737 704 2950 757 verbum
2997 703 3120 757 illud
3148 720 3254 758 non
3288 716 3462 759 cessat
3495 706 3695 774 eﬁ'erri,

2119 792 2212 847 sed
2241 807 2430 861 magna
2465 807 2595 846 voce
2624 793 2738 860 ejus
2770 792 2928 846 ﬁdem
2945 793 3230 862 prmdicat:
3271 794 3314 848 0
3336 796 3559 849 mulier!
3587 813 3694 849 ma-

2119 901 2217 954 gna
2242 893 2312 937 est
2332 883 2458 952 ﬁdes
2486 895 2573 937 tua
2601 900 2620 938 :
2647 886 2737 951 ﬁat
2773 885 2860 938 tibi
2886 885 3016 938 sicut
3055 888 3148 940 vis.
3179 886 3294 940 Non
3325 887 3456 942 dixit
3490 907 3504 941 :
3533 904 3694 943 sane-

2122 985 2206 1030 tur
2232 976 2331 1030 lilia
2365 987 2487 1040 tua;
2549 977 2664 1042 sed,
2712 977 2856 1032 Sicut
2882 980 2973 1031 vis.
3005 978 3082 1033 Tu
3108 980 3272 1048 ipsam
3317 996 3465 1047 sana,
3499 991 3551 1036 tu
3580 991 3696 1036 esto

2123 1066 2377 1132 medicus,
2425 1067 2514 1120 tibi
2569 1067 3010 1122 medicamentum
3043 1069 3213 1134 trado,
3261 1070 3428 1137 vade,
3459 1087 3692 1140 appone,

2125 1156 2242 1211 Fiat
2268 1158 2355 1211 tibi
2391 1159 2520 1211 sicut
2561 1158 2652 1211 vis.
2685 1158 2942 1212 Voluntas
2968 1167 3053 1212 tua
3080 1168 3232 1214 sanet
3261 1159 3448 1228 ipsam.
3476 1161 3696 1216 Chana-

2122 1262 2234 1302 naaa
2260 1247 2527 1302 voluntate
2547 1263 2639 1301 sua
2667 1248 2888 1312 sanavit,
2917 1256 2972 1301 et
2999 1248 3161 1302 Filius
3189 1248 3280 1303 Dei
3311 1264 3338 1301 a
3367 1251 3542 1320 seipso
3585 1267 3694 1306 non

2121 1337 2362 1391 sanabit?
2385 1337 2501 1390 Fiat
2528 1339 2617 1390 tibi
2644 1340 2770 1391 sicut
2810 1339 2902 1390 eis.
2931 1337 3044 1391 Non
3070 1338 3228 1407 jussit
3257 1340 3476 1406 mulier,
3519 1357 3697 1412 neque

2121 1427 2333 1482 diabolo
2372 1429 2652 1497 praecepit;
2679 1427 2772 1482 sed
2803 1428 2965 1482 voluit
2993 1438 3213 1495 tantum,
3243 1437 3297 1483 et
3324 1430 3562 1484 voluntas
3587 1447 3699 1484 mn-

2123 1519 2270 1573 lieris
2299 1518 2525 1581 sanavit,
2558 1518 2930 1588 daemonasque
2965 1518 3138 1587 ejecit.
3165 1518 3264 1574 Ubi
3292 1529 3415 1573 sunt
3437 1520 3471 1572 ii
3497 1520 3582 1588 qui
3610 1520 3699 1574 di-

2123 1623 2245 1663 cere
2273 1609 2473 1662 audent
2522 1608 2712 1662 Filium
2758 1623 2852 1678 per
2883 1611 3175 1663 orationem
3221 1617 3494 1678 apemtum
3537 1611 3698 1665 esse?

2125 1698 2247 1752 Fiat
2267 1699 2353 1751 tibi
2375 1698 2500 1751 sicut
2521 1699 2610 1752 vis.
2629 1698 2758 1752 Vide
2777 1699 3024 1752 dictionis
3047 1700 3411 1769 cognationem
3442 1718 3455 1752 :
3484 1700 3696 1755 Patrem

2124 1803 2275 1842 suum
2318 1788 2571 1841 imitatur.
2616 1787 2745 1842 Cum
2774 1787 2914 1841 enim
2955 1788 3094 1842 Deus
3121 1788 3307 1841 caelum
3335 1787 3590 1853 faciebat,
3619 1788 3699 1842 dio

2124 1878 2220 1937 xit.
2269 1877 2385 1931 Fiat
2411 1877 2618 1941 czclum,
2649 1885 2704 1930 et
2744 1875 2936 1930 factum
2965 1885 3045 1930 est
3091 1877 3278 1930 caelum
3304 1893 3318 1941 ;
3345 1876 3461 1930 Fiat
3491 1877 3590 1944 sol,
3641 1886 3702 1931 ct

2126 1967 2294 2022 iactus
2313 1977 2392 2022 est
2413 1968 2522 2033 sol;
2567 1967 2684 2020 Fiat
2724 1975 2884 2031 terra,
2909 1976 2962 2020 et
2989 1967 3124 2021 laeta
3152 1977 3233 2022 est
3255 1976 3414 2021 terra.
3447 1966 3700 2022 Jussione

2125 2058 2466 2113 substantiam
2501 2055 2764 2126 produxit.
2799 2055 2888 2111 Sic
2912 2065 2966 2111 et
2986 2057 3071 2111 ille
3095 2096 3111 2123 ,
3145 2055 3262 2109 Fiat
3291 2056 3379 2109 tibi
3421 2057 3548 2110 sicut
3577 2057 3647 2110 vis
3679 2072 3703 2112 :

2125 2146 2368 2217 cognatio
2390 2147 2649 2201 sermonis
2669 2147 3093 2200 communionem
3121 2146 3355 2200 ostendit
3381 2155 3601 2201 naturai.
3627 2146 3701 2202 Et

2123 2245 2303 2290 sanata
2331 2245 2402 2290 est
2427 2235 2538 2305 ﬁlia
2566 2236 2693 2305 ejus.
2722 2234 3102 2300 Quandonam?
3125 2233 3192 2310 n
3217 2235 3308 2289 illa
3329 2235 3452 2288 hora
3483 2235 3700 2306 (Matth.

2126 2329 2214 2382 15.
2238 2327 2362 2398 28);
2405 2343 2511 2381 ηοη
2532 2326 2741 2396 quando
2761 2335 2930 2380 mater
2963 2326 3107 2380 venit
3144 2325 3386 2390 domum,
3414 2327 3509 2380 sed
3546 2336 3704 2381 ante-

2127 2436 2283 2491 quam
2304 2419 2525 2473 veniret.
2557 2411 2712 2474 Venit
2742 2419 3016 2472 inventura
3046 2416 3446 2482 daemoniacam,
3473 2424 3528 2470 et
3550 2417 3706 2472 inve-

2127 2511 2202 2564 nit
2229 2525 2434 2576 sanam,
2478 2509 2744 2563 voluntate
2773 2524 2868 2563 sua
2899 2507 3107 2562 sanitati
3133 2507 3451 2561 restitutam.
3481 2507 3586 2561 Pro
3611 2506 3703 2561 his

2125 2601 2368 2656 omnibus
2393 2599 2589 2670 gratias
2612 2615 2830 2669 agamus
2859 2600 2988 2664 Deo,
3016 2599 3136 2673 quia
3162 2599 3330 2667 ipsum
3353 2597 3502 2653 decet
3527 2598 3703 2668 gloria

2126 2695 2176 2748 in
2208 2694 2400 2749 szecula
2427 2693 2760 2747 saeculorum.
2794 2691 2960 2744 Amen
2989 2691 3029 2743 ί.

2187 2826 2203 2856 ί
2237 2826 2309 2874 sic
2339 2832 2495 2873 Graeca
2540 2823 2740 2872 habent.
2784 2829 2833 2869 tn
2878 2822 3035 2870 veteri
3089 2821 3490 2881 interpretatione
3533 2822 3704 2868 Latina

444 2869 568 2937 ﬁdes
595 2878 698 2922 tua.
728 2868 930 2925 Mortua
957 2881 1036 2927 est
1058 2874 1266 2938 mulier,
1304 2886 1358 2928 et
1393 2877 1716 2944 praeconium
1762 2880 1878 2945 ejus
1904 2892 2020 2931 ma-

446 2968 556 3024 net,
585 2959 884 3017 diademate
908 2964 1256 3032 splendidius.
1288 2966 1634 3038 Quocumque
1673 2969 1795 3024 ieris
1837 2969 2021 3025 audies

450 3049 716 3105 Christum
751 3053 1036 3122 dicentem,
1083 3055 1127 3110 0
1167 3058 1389 3113 mulier!
1418 3075 1599 3128 magna
1643 3070 1712 3114 est
1755 3060 1880 3128 ﬁdes
1907 3069 2016 3115 tua.

2123 2888 2195 2936 sic
2226 2885 2492 2949 clauditur:
2518 2893 2613 2933 Pro
2634 2883 2708 2949 Itis
2730 2889 2888 2932 autem
2925 2881 3138 2931 erunibus
3159 2881 3339 2944 gratias
3374 2894 3571 2943 agamus
3598 2889 3707 2949 Deo

2124 2961 2210 3010 per
2242 2946 2479 2996 Christum
2524 2943 2777 3010 Dominum
2817 2950 3067 3010 nostrum,_
3091 2943 3200 2992 cum
3222 2956 3313 3010 quo
3334 2949 3402 2991 est
3428 2951 3526 3010 Deo
3559 2943 3704 2992 Patri

2126 3003 2221 3056 una
2244 3021 2352 3056 cum
2376 3013 2538 3068 sancto
2557 3004 2734 3068 Spiritu
2757 3005 2922 3061 honor,
2944 3004 3097 3067 gloria
3115 3013 3159 3054 et
3176 3003 3376 3066 potestas
3393 3017 3477 3067 per
3499 3003 3703 3053 immor-

2124 3068 2241 3120 talia
2262 3067 2441 3119 strcula
2463 3067 2764 3118 swculorum.
2799 3077 2962 3117 Arnen.

973 3597 1135 3722 [444]
1175 3645 1256 3707 ΙΝ
1297 3634 1620 3718 LIBRUM,
1661 3645 1862 3718 QUOD
1909 3646 2116 3707 NEMO
2156 3647 2544 3709 LIEDATUR
2586 3647 2737 3710 NlSI
2779 3651 2824 3709 A
2867 3649 3142 3724 SEIPSO,

517 3854 618 3912 ilic
654 3857 1054 3927 pulcherrimus
1083 3859 1239 3928 liber,
1281 3858 1439 3930 cujus
1467 3859 1553 3915 vel
1585 3859 1777 3915 titulus
1805 3859 2123 3916 Chrisuame
2162 3861 2522 3932 philosophia:
2561 3877 2832 3918 summam
2877 3863 3278 3934 complectitur,
3315 3861 3392 3919 sic
3437 3877 3468 3916 a
3508 3862 3694 3935 Chry-

449 3984 691 4029 sostomo
719 3983 1181 4033 commemoratur
1230 3977 1373 4034 infra
1399 4018 1416 4046 ,
1461 3977 1703 4049 Epistola
1733 3988 1928 4050 quarta
1971 3980 2038 4034 ad
2079 3979 2448 4051 Olympiadem
2477 3981 2560 4037 his
2588 3981 2808 4037 verbis:
2857 3981 3013 4035 Mitto
3053 3981 3122 4034 ad
3154 3991 3199 4035 te
3229 3983 3284 4035 id
3334 3982 3472 4051 quod
3518 3997 3694 4050 nuper

464 4091 660 4145 litteris
691 4093 967 4160 mandavi,
1018 4112 1199 4166 nempe
1224 4114 1343 4152 eum
1375 4100 1466 4168 qui
1497 4099 1724 4170 seipsum
1760 4116 1861 4155 non
1908 4101 2140 4168 lazserit,
2187 4118 2220 4155 a
2255 4101 2457 4156 nemine
2503 4100 2612 4154 alio
2658 4100 2781 4156 ιωάὶ
2823 4115 2991 4169 posse.
3032 4098 3146 4152 IIoc
3187 4098 3373 4168 quippe
3417 4098 3692 4151 contendit

452 4208 549 4262 illa
577 4210 769 4277 oratio,
799 4227 956 4280 quam
983 4228 1119 4266 nunc
1150 4216 1218 4268 ad
1248 4223 1295 4270 te
1324 4217 1494 4270 mitto.
1537 4216 1700 4270 Illam
1733 4219 1897 4288 igitur
1928 4218 2140 4274 assidue
2175 4219 2372 4285 volvas,
2402 4220 2508 4272 imo
2533 4219 2714 4283 etiam,
2750 4218 2798 4272 si
2837 4235 2928 4289 per
2971 4217 3321 4272 ualetudinem
3355 4216 3508 4281 licet,
3552 4215 3696 4268 reci-

451 4338 547 4381 tes.
577 4325 644 4379 Id
672 4327 812 4382 enim
833 4328 1198 4398 pharmacum,
1234 4333 1280 4386 si
1309 4332 1518 4401 quidem
1562 4333 1812 4400 uolueris,
1850 4335 1944 4388 tibi
1988 4335 2196 4404 suﬁicit.
2239 4335 2334 4390 Sin
2371 4335 2519 4389 nobis
2563 4335 2882 4405 pertinacius
2921 4333 3201 4387 oblucteris
3225 4371 3240 4397 ,
3295 4348 3357 4384 ac
3409 4345 3569 4398 neque
3609 4336 3696 4380 te-

452 4449 621 4513 ipsam
664 4462 833 4512 cures,
870 4463 962 4501 nec
987 4449 1224 4516 quamvis
1254 4449 1552 4504 innumeras
1585 4449 1966 4503 admonitiones
2005 4459 2050 4503 et
2083 4449 2466 4504 cohortationes
2511 4459 2702 4520 praesto
2742 4447 2930 4505 habeas
2984 4464 3012 4501 e
3056 4445 3291 4500 mceroris
3334 4453 3504 4497 tamen
3546 4457 3697 4496 aeno

1097 4735 1280 4742 σ-τ-.--.,.ν
1295 4733 1612 4741 ....._.._.-__.__
1625 4735 1630 4738 .

1891 4981 2242 5073 LIBER

1143 5223 1312 5276 QUOD
1355 5225 1462 5277 QUI
1507 5223 1766 5268 SEIPSUM
1815 5225 1939 5268 NON
1986 5223 2207 5278 LEDIT,
2256 5224 2429 5266 NEMO
2472 5221 2734 5264 LEDERB
2780 5219 3005 5265 POSSIT.

517 5411 568 5466 ‘I.
589 5411 629 5464 A
641 5411 941 5465 ttentionem
956 5420 1004 5464 et
1025 5411 1430 5464 benevolentiam
1447 5411 1548 5464 sibi
1565 5412 1832 5476 conciliat;
1845 5411 2020 5466 Iudex

455 5515 728 5572 utramque
741 5509 940 5570 partem
961 5502 1144 5556 audire
1182 5502 1350 5557 debet.
1372 5533 1442 5544 —
1463 5503 1588 5557 Scio
1618 5503 1753 5569 fore,
1785 5515 1842 5558 ut
1872 5521 2021 5560 eras-

457 5599 709 5666 sioribus
733 5599 936 5668 quique
956 5597 1318 5668 praesentibus
1335 5599 1497 5655 rebus
1529 5598 1756 5668 inhiant,
1776 5618 1837 5655 ae
1865 5611 2018 5657 terra:

2133 5422 2262 5468 sunt
2291 5413 2463 5482 afﬁxi,
2483 5423 2537 5472 et
2566 5431 2826 5473 sensuum
2847 5415 3216 5483 voluptatibus
3237 5413 3503 5476 serviunt,
3532 5412 3698 5482 Spiri-

2133 5506 2372 5562 tualibus
2391 5523 2497 5560 non
2518 5507 2810 5562 admodum
2826 5506 3015 5569 dediti,
3030 5521 3167 5560 nova
3189 5505 3324 5566 haec,
3345 5503 3697 5571 insolensque

2134 5599 2380 5655 videatur
2417 5599 2625 5668 oratio;
2658 5613 2722 5654 ac
2753 5613 2852 5655 nos
2889 5597 3120 5653 ubertim
3166 5596 3397 5660 rideant,
3429 5602 3484 5649 et
3507 5600 3697 5647 conte-
