4100 6196
375 323 474 378 ιιι

372 435 481 508 μὴν
513 437 600 492 διά
629 438 787 493 τοῦτο
813 441 1230 515 ἀποστησόμεθα
1261 443 1359 513 τῆς
1389 443 1741 512 ἐπαγγελίας,
1771 442 1904 496 ἀλλά
1938 443 2032 495 καὶ

370 529 438 580 δι’
469 527 602 582 αὐτὸ
629 533 727 600 μὲν
771 525 864 583 οὖν
909 531 1065 586 τοῦτο
1111 530 1344 600 μάλιστα
1377 530 1468 583 ἐπὶ
1495 531 1590 593 τὰς
1626 529 1938 594 ἐποδείξεις,
1960 522 2032 584 ὧν

372 615 740 687 ὑπεσχόμεθα,
775 617 909 686 μετὰ
943 618 1142 688 πολλῆς
1177 616 1506 688 βαδιούμεθα
1537 618 1635 688 τῆς
1659 617 1914 686 σπουδῆς.
1939 618 2033 669 “Av

374 702 483 773 γὰρ
519 703 848 773 βουληθῶσιν
885 707 935 758 οἰ
962 705 1102 757 οὕτω
1127 705 1456 776 διακείμενοι
1494 704 1570 776 μὴ
1597 705 1863 776 θορυϐεῖν,
1901 704 2032 774 μηδέ

372 791 680 860 ταράττειν,
712 791 848 843 ἀλλά
893 790 1180 861 ἀναμένειν
1224 791 1314 845 τοῦ
1353 792 1512 861 λόγου
1548 792 1608 845 τὸ
1657 792 1827 856 τέλος,
1861 787 1918 844 εὖ
1939 789 2035 844 οἶδ’

373 879 452 930 ὃτι
481 878 600 949 μεθ’
652 879 810 949 ἡμῶν
840 880 1148 949 στήσονται,
1195 881 1289 933 κα)⁸
1335 881 1544 933 ἑαυτῶν
1573 879 2032 948 καταγνώσονται,

370 964 447 1028 ὡς
473 965 562 1018 τὸν
591 965 898 1035 ἔμπροσθεν
940 967 1281 1038 ἡπατημένοι
1316 969 1524 1040 χρόνον,
1563 968 1657 1022 καὶ
1710 967 2035 1038 παλινῳδίαν

371 1051 613 1121 ᾄσονται,
636 1053 729 1104 καὶ
749 1053 1201 1124 ἀπολογήσονται,
1229 1056 1322 1108 καὶ
1339 1053 1666 1126 συγγνώμην
1699 1057 2032 1125 αἰτήσονται,

373 1139 512 1209 ὑπὲρ
527 1135 600 1191 ὧν
633 1139 732 1192 οὐκ
759 1139 925 1212 ὀρθὴν
955 1142 1082 1211 περὶ
1110 1141 1218 1196 τῶν
1251 1143 1590 1213 πραγμάτων
1621 1142 1777 1214 ἔσχον
1805 1142 1902 1214 τὴν
1927 1143 2033 1213 ψῆ-

372 1237 491 1288 φον,
523 1221 616 1272 καὶ
641 1221 802 1293 χάριν
829 1224 958 1293 ἡμῖν
979 1223 1213 1277 εἴσονται
1250 1224 1468 1295 πολλὴν,
1511 1225 1696 1297 ὥσπερ
1734 1229 1782 1279 οἱ
1810 1227 2036 1297 κάμνον-

369 1325 460 1372 τες
486 1311 596 1372 τοῖς
635 1312 858 1381 ἰατροῖς,
908 1310 1126 1364 ἐπειδὰν
1159 1311 1270 1365 τῶν
1302 1313 1624 1383 νοσημάτων
1659 1312 2032 1382 ἀπαλλαγῶσι,

371 1393 480 1446 τῶν
511 1395 572 1447 τὸ
593 1395 750 1465 σῶμα
784 1396 1214 1468 πολιορκούντων
1240 1399 1441 1462 αὐτοῖς.
1464 1399 1555 1470 Μὴ
1583 1400 1689 1470 γάρ
1710 1418 1797 1470 μοι
1812 1402 1910 1472 τὴν
1941 1399 2034 1453 νῦν

371 1482 708 1551 κατέχουσαν
737 1483 890 1556 παρὰ
923 1484 1007 1536 σοὶ
1037 1485 1218 1556 κρίσιν
1245 1484 1395 1554 λέγε,
1430 1484 1569 1539 ἀλλά
1600 1487 1888 1556 ἀνάμεινον
1943 1487 2036 1540 καὶ

369 1567 479 1621 τῶν
507 1569 679 1636 λόγων
701 1569 811 1623 τῶν
843 1569 1126 1641 ἡμετέρων
1147 1572 1271 1635 τούς
1307 1571 1543 1640 ἀγῶνας,
1574 1574 1666 1626 καὶ
1688 1563 1804 1626 τότε
1833 1574 2034 1646 δυνήσῃ

372 1656 471 1728 τὴν
503 1655 679 1726 ψῆφον
702 1657 994 1711 ἀδέκαστον
1019 1660 1283 1728 ἐνεγκεῖν,
1323 1659 1475 1713 οὐδέν
1505 1659 1566 1724 ἐξ
1596 1660 1817 1728 ἀγνοίας
1871 1663 1949 1724 εἰς
1974 1661 2035 1714 τὸ

372 1742 580 1812 τάληθῆ
607 1742 816 1814 κρίνειν
841 1743 1384 1816 παραϐλαπτόμενος.
1423 1746 1577 1798 Ἐπεὶ
1612 1748 1707 1801 καὶ
1739 1749 1789 1800 οί
1817 1748 2035 1801 ἐπὶτῶν

373 1827 647 1896 βιωτικῶν
682 1829 887 1884 τούτων
929 1832 1272 1902 πραγμάτων
1309 1831 1606 1904 καθήμενοι
1631 1835 1901 1899 δικασταὶ,
1935 1837 2036 1889 οὐκ

372 1916 676 1986 ἀνέχονται,
713 1915 813 1971 κᾶν
844 1917 1091 1989 σφοδρῶς
1123 1918 1315 1987 ῥέοντα
1350 1919 1500 1973 ίδωσι
1527 1921 1616 1973 τὸν
1647 1921 1908 1992 πρότερον
1936 1923 2036 1993 ρή-

372 2017 528 2072 τορα,
581 2004 674 2056 καὶ
705 2005 882 2062 πάντα
933 2004 1292 2070 ἐπικλύζοντα
1320 2009 1386 2078 τῇ
1441 2006 1677 2079 γλώττῇμ
1719 2007 1793 2079 μὴ
1823 2009 1918 2062 καὶ
1968 2008 2037 2062 τά

373 2085 600 2157 θατέρου
643 2088 778 2158 μετὰ
805 2090 1188 2160 μακροθυμίας
1219 2090 1548 2156 ἀκούσαντες
1578 2093 1672 2146 τοῦ
1709 2093 1843 2164 πρὸς
1875 2093 2034 2146 αὐτὸν

373 2175 683 2244 ἱσταμένου,
721 2175 818 2246 τὴν
872 2176 1048 2246 ψῆφον
1105 2178 1368 2247 ἐνεγκεῖν·
1400 2179 1536 2233 ἀλλά
1574 2181 1675 2234 κᾶν
1707 2181 1964 2252 μυριάκις
2005 2180 2037 2234 ό

372 2263 524 2338 [MS]
555 2267 816 2336 πρότερος
837 2266 967 2337 δοκῇ
1004 2266 1186 2321 δίκαια
1211 2269 1412 2337 λέγειν,
1439 2270 1712 2340 ἀνέπαφον
1743 2271 1842 2342 τὴν
1867 2271 2038 2342 ἀκοὴν

374 2353 468 2407 καὶ
498 2352 576 2423 τῷ
605 2352 843 2423 δευτέρῳ
889 2353 1166 2424 τηροῦσιν.
1210 2356 1536 2428 Ἐπειδήπερ
1592 2359 1683 2410 καὶ
1709 2357 1846 2429 αὕτη
1881 2358 2037 2411 δικα-

373 2439 516 2494 στῶν
548 2442 694 2493 ἐστιν
739 2441 930 2512 ἀρετὴ,
979 2439 1050 2494 τά
1101 2443 1230 2514 παρ’
1262 2445 1535 2517 ἑκατέρων
1586 2445 1854 2516 μαθόντας
1897 2445 2035 2516 μετά

373 2526 657 2598 ἀκριϐείας
682 2525 921 2598 ἀπάσης,
947 2528 1068 2581 τότε
1096 2529 1165 2583 τά
1197 2532 1326 2602 παρ’
1354 2532 1564 2585 ἑαυτῶν
1593 2532 1836 2600 ἐπάγειν.
1885 2533 2036 2586 Ἐπεὶ

372 2609 464 2666 οὖν
491 2615 584 2667 καὶ
614 2613 709 2667 νῦν
742 2614 861 2667 ἀντί
887 2616 1116 2687 ρήτορός
1130 2633 1274 2682 τινος
1300 2619 1332 2688 ἡ
1367 2619 1517 2690 κοινὴ
1540 2620 1646 2672 τῶν
1676 2618 1883 2673 πολλῶν
1903 2619 2037 2689 πρό-

373 2699 554 2768 ληψις,
607 2700 700 2753 καὶ
731 2701 790 2753 ἐν
826 2699 904 2772 τῷ
957 2702 1154 2774 μακρῷ
1195 2704 1369 2777 χρόνῳ
1418 2705 1706 2776 ριζωθεῖσα
1741 2706 1890 2778 παρά
1917 2709 2035 2770 ταῖς

374 2785 479 2839 τῶν
518 2786 728 2840 πολλῶν
747 2787 1027 2855 διανοίαις,
1063 2789 1235 2843 ταῦτα
1268 2791 1408 2845 κατά
1433 2793 1530 2863 τὴν
1552 2793 1874 2862 οἰκουμένην
1891 2793 2034 2847 ἀπαέ

375 2889 474 2928 σαν
526 2874 808 2945 ρητορεύει
843 2876 1094 2946 λέγουσα,
1129 2878 1336 2944 Πάντα,
1383 2880 1568 2951 φησὶν,
1602 2879 1714 2934 ἀνω
1740 2880 1834 2933 καὶ
1886 2879 2036 2934 κάτω

375 2960 586 3029 γέγονε,
624 2961 824 3032 πολλῆς
856 2965 1172 3035 συγχύσεως
1192 2967 1253 3020 τὸ
1284 2967 1391 3021 τῶν
1419 2967 1719 3039 ἀνθρώπων
1750 2968 2034 3040 ἐμπέπλη-

377 3064 499 3103 σται
519 3051 696 3118 γένος,
719 3052 813 3104 καὶ
840 3052 1024 3106 πολλοὶ
1055 3054 1175 3107 καθ’
1209 3056 1446 3126 ἑκάστην
1479 3057 1690 3126 ἡμέραν
1723 3057 1773 3109 οἰ
1816 3057 2036 3110 ἀδικού-

379 3149 552 3202 μενοι,
575 3139 622 3190 οί
647 3139 1097 3210 ἐπηρεαζόμενοι,
1127 3142 1176 3193 οἰ
1210 3140 1538 3212 βιαζόμενοι,
1563 3144 1611 3194 οί
1654 3142 2034 3213 βλαπτόμενοι,

373 3225 424 3274 οί
459 3223 708 3288 ἀσθενεῖς
759 3225 908 3297 παρὰ
957 3227 1065 3281 τῶν
1111 3227 1509 3299 δυνατωτέρων,
1547 3231 1594 3281 οί
1625 3229 1856 3300 πένητες
1886 3229 2038 3301 παρά

373 3311 484 3364 τῶν
514 3309 805 3365 πλουσίων·
845 3314 938 3366 καὶ
967 3313 1154 3384 ὥσπερ
1182 3313 1252 3368 τά
1271 3315 1492 3384 κύματα
1519 3315 1619 3386 τῆς
1641 3315 1914 3388 θαλάσσης
1939 3318 2038 3371 οὐκ

379 3403 522 3457 ἐστιν
555 3400 827 3472 ἀριθμεῖν,
857 3401 1027 3466 οὕτως
1043 3403 1163 3456 οὐδὲ
1177 3404 1238 3456 τὸ
1270 3402 1471 3474 πλῆθος
1497 3403 1604 3457 τῶν
1621 3404 2039 3475 ἐπιϐουλευομέ-

375 3501 502 3548 νων,
536 3485 644 3539 τῶν
684 3487 1159 3559 ἐπηρεαζομένων,
1193 3489 1299 3543 τῶν
1347 3490 1532 3554 κακῶς
1563 3492 1896 3562 πασχόντων·
1943 3492 2038 3546 καὶ

373 3571 499 3625 οὐτε
529 3573 708 3644 νόμων
765 3575 1068 3645 διόρθωσις,
1105 3575 1227 3630 οὐτε
1268 3577 1631 3648 δικαστηρίων
1681 3579 1862 3647 φόϐος,
1914 3578 2036 3632 οὐτε

375 3659 503 3712 ἄλλο
525 3661 676 3715 οὐδὲν
703 3661 793 3716 τὸν
818 3663 1002 3734 λοιμὸν
1029 3663 1216 3718 τοῦτον
1247 3665 1441 3735 ἔστησε
1464 3665 1557 3718 καὶ
1588 3665 1685 3737 τὴν
1714 3666 2038 3730 νόσον,ἀλλά

375 3749 498 3801 καθ’
533 3751 768 3822 ἑκάστην
795 3751 1008 3823 ἡμέραν
1054 3753 1342 3820 αὐξάνεται
1365 3753 1425 3806 τὸ
1451 3754 1638 3822 κακὸν,
1672 3755 1764 3808 καὶ
1800 3754 2037 3826 οἰμωγαὶ

376 3837 672 3909 πανταχοῦ,
717 3839 811 3892 καὶ
858 3839 1064 3914 θρῆνοι,
1115 3842 1207 3896 καὶ
1241 3841 1452 3914 δάκρυα
1500 3842 1608 3896 τῶν
1652 3843 2034 3915 ἀδικουμένων·

378 3925 470 3977 καὶ
502 3925 549 3978 οἱ
599 3925 888 3995 ταχθέντες
925 3927 993 3981 τά
1021 3927 1245 3982 τοιαῦτα
1283 3927 1525 4001 διορθοῦν
1568 3928 1835 3994 δικασταὶ,
1884 3929 2038 3983 αὐτοὶ

375 4011 466 4064 τὸν
516 4014 760 4082 χειμῶνα
799 4015 1147 4084 ἐπιτείνουσι,
1182 4019 1277 4070 καὶ
1332 4017 1432 4089 τήν
1476 4016 1629 4071 νόσον
1676 4016 2034 4088 ἐπιτρίϐουσι·

376 4096 561 4150 πολλοὶ
590 4099 646 4151 δὲ
680 4099 928 4154 ἐντεῦθεν
969 4102 1079 4156 τῶν
1129 4104 1500 4176 ἀνοητοτέρων
1543 4104 1637 4157 καὶ
1673 4104 2036 4174 ἀθλιωτέρων,

377 4186 570 4254 καινήν
598 4203 721 4240 τινα
737 4188 995 4256 μανέντες
1013 4190 1232 4260 μανίαν,
1264 4192 1362 4262 τῆς
1392 4192 1484 4244 τοῦ
1519 4191 1654 4244 Θεοῦ
1677 4191 2036 4262 κατηγοροῦσι

376 4273 653 4344 προνοίας,
671 4273 908 4346 όρῶντες
935 4276 1028 4330 τὸν
1066 4278 1164 4348 μὲν
1199 4280 1414 4350 ἐπιεικῆ
1448 4279 1706 4343 πολλάκις
1727 4280 2036 4350 ἑλκόμενον,

377 4363 841 4433 σπαραττόμενον,
861 4364 1178 4436 ἀρχόμενον,
1203 4365 1292 4418 τὸν
1315 4365 1373 4418 δὲ
1401 4366 1626 4438 θρασὺν,
1662 4368 1754 4420 καὶ
1783 4367 1970 4438 ἰταμὸν
1987 4379 2037 4432 ι,

375 4447 471 4499 καὶ
498 4447 710 4519 ἄτιμον,
733 4451 827 4503 καὶ
857 4451 915 4517 ἐξ
950 4451 1180 4522 ἀτίμων,
1212 4451 1564 4515 πλουτοῦντα,
1601 4453 1692 4505 καὶ
1725 4453 2039 4508 δυναστείαν

376 4536 855 4608 περιϐεϐλημένον,
890 4537 1118 4609 φοϐερόν
1149 4555 1210 4591 τε
1243 4539 1455 4602 πολλοῖς
1486 4541 1784 4610 γινόμενον.
1817 4541 1910 4594 καὶ
1940 4559 2040 4612 μυ-

376 4623 466 4691 ρία
503 4625 958 4697 προστριϐόμενον
988 4630 1099 4690 τοῖς
1131 4627 1552 4699 ἐπιεικεστέροις
1573 4628 1738 4694 δεινὰ,
1759 4629 2040 4683 καὶταῦτα

373 4709 433 4760 ἐν
467 4711 650 4764 πόλεσι
681 4714 773 4766 καὶ
827 4715 884 4767 ἐν
930 4714 1157 4786 χώραις,
1198 4715 1296 4769 καὶ
1349 4717 1407 4770 ἐν
1439 4717 1714 4789 ἐρημίαις,
1761 4717 1855 4770 καὶ
1876 4718 1932 4768 ἐν
1966 4720 2036 4789 γῇ

375 4797 470 4849 καὶ
499 4799 556 4851 ὲν
581 4800 818 4872 θαλάττῃ
837 4803 1178 4874 τολμώμενα·
1210 4805 1507 4874 ἀναγκαῖος
1536 4808 1666 4877 ἡμῖν
1705 4808 1733 4858 ό
1764 4805 1918 4874 λόγος
1945 4800 2036 4859 οῦ-

374 4903 465 4948 τος
507 4889 835 4959 εἰσέρχεται,
867 4892 1194 4957 ἀπεναντίας
1232 4897 1346 4958 τοῖς
1384 4893 1692 4966 εἰρημένοις
1728 4894 2035 4964 ἱστάμενος,

377 4983 470 5034 καὶ
503 4982 687 5050 ἀγῶνα
721 4983 1112 5056 ἀγωνιζόμενος
1142 4988 1171 5028 δ
1204 4989 1391 5043 καινὸν
1424 4989 1541 5060 μὲν,
1569 4991 1706 5061 ὅπερ
1737 4990 2038 5061 ἀρχόμενος

378 5072 550 5140 εἷπον,
581 5078 674 5130 καὶ
702 5078 1019 5151 παράδοξον,
1048 5083 1317 5153 χρήσιμον
1349 5084 1405 5138 δὲ
1445 5086 1541 5138 καὶ
1586 5084 1783 5156 ἀληθῆ,
1807 5085 1900 5138 καὶ
1923 5088 2036 5151 τοῖς

378 5163 722 5235 βουλομένοις
751 5167 1035 5238 προσέχειν
1063 5171 1158 5222 καὶ
1193 5171 1475 5226 πείθεσθαι
1505 5173 1774 5245 λυσιτελῆ·
1806 5175 1900 5227 καὶ
1930 5173 2036 5244 γὰρ

376 5252 772 5321 ἐπαγγέλλεται
805 5254 999 5320 δείξειν
1034 5256 1192 5327 (ἀλλά
1239 5260 1316 5331 μὴ
1349 5261 1681 5333 θορυϐεῖσθε)
1709 5261 1894 5316 οὐδένα
1927 5261 2036 5314 τῶν

376 5341 746 5412 ἀδικουμένων
778 5341 909 5413 παρ’
938 5343 1125 5415 ἐτέρου
1147 5345 1288 5411 τινὸς
1319 5347 1692 5420 ἀδικούμενον,
1743 5347 1879 5402 ἀλλά
1904 5350 2034 5421 παρ’

373 5425 572 5479 ἑαυτοῦ
596 5429 752 5482 τοῦτο
782 5430 1080 5499 πάσχοντα.

438 5568 462 5638 ’ξ
489 5569 580 5616 Καὶ
600 5569 767 5638 ἰταμόν
787 5570 936 5638 ρβθει
955 5571 1003 5619 in
1033 5572 1181 5623 Savil.
1206 5576 1332 5624 etin
1368 5576 1557 5627 duobus
1581 5591 1694 5627 mss.
1722 5583 1776 5626 et.
1805 5576 1928 5626 infra
1954 5578 2035 5627 καί

384 5635 497 5692 aute
525 5631 665 5692 μυρία
688 5631 936 5680 similiter.

442 5690 606 5767 ’{P’gs‘t
630 5692 1135 5767 ἀγωνιζόμενοςηυρυξ
1179 5701 1367 5767 tantum
1411 5701 1569 5752 codex
1611 5701 1715 5754 hac
1760 5703 2037 5763 interserit,

381 5755 476 5804 επεὶ
508 5755 585 5802 οὖν
610 5755 756 5802 ταῦτα
784 5755 880 5810 τοῖς
905 5757 1095 5814 πολλοῖς
1115 5759 1414 5819 ὑπείληπται.

1148 327 1206 383 S.
1244 325 1527 382 JUANNIS
1564 325 2051 381 CHRYSOSTUMI
2095 326 2402 382 ARCHIEP.
2447 325 2988 382 CONSTANTINOP.

3683 325 3784 379 εί(ἱῖ

2204 443 2393 511 β’.”1να
2411 443 2464 496 δέ
2486 444 2813 514 σαφέστερος
2840 443 2868 492 ὁ
2887 439 3041 507 λόγος
3060 436 3304 506 γένηται,
3321 436 3451 507 φέρε
3484 436 3693 506 πρῶτον
3712 443 3783 504 ἐξ.

2131 533 2410 601 ετάσωμεν
2446 530 2498 583 τί
2537 532 2682 582 ἐστιν
2715 528 2912 591 ἀδικία,
2946 525 3036 578 καὶ
3069 525 3197 594 περὶ
3246 523 3412 575 ποίων
3452 527 3782 595 πραγμάτων

2133 617 2264 688 ὓλην
2293 616 2635 670 συνίστασθαι
2671 615 2903 683 πέφυκε·
2928 613 3019 665 καὶ
3044 611 3096 663 τί
3137 609 3268 662 ποτέ
3300 611 3446 663 ἐστιν
3475 609 3780 682 ἀνθρωπίνη

2131 704 2317 775 ἀρετὴ,
2350 703 2442 755 καί
2471 700 2524 754 τί
2542 702 2600 754 :0
2621 700 3009 772 λυμαινόμενον
3037 697 3261 766 ταύτην·
3295 697 3387 749 καὶ
3414 695 3467 748 τί
3501 713 3625 748 ποτε
3645 695 3785 749 δοκεῖ

2135 792 2232 861 μὲν
2278 789 2652 860 λυμαίνεσθαι,
2687 789 2748 842 οὐ
2801 787 3121 858 λυμαίνεται
3180 785 3256 837 δέ.
3291 779 3416 837 Οίον
3451 784 3554 855 (δεῖ
3591 783 3697 854 γὰρ
3724 788 3783 838 ἐκ

2133 877 2589 947 παραδειγμάτων
2619 876 2805 945 ἐντελῆ
2828 874 3047 942 ποιῆσαι
3069 870 3158 925 τὸν
3183 871 3382 940 λόγον),
3419 872 3645 924 ἕκαστον
3681 871 3783 924 τῶν

2132 964 2470 1035 πραγμάτων
2501 965 2558 1016 ἓν
2595 975 2616 1002 ο
2661 963 2772 1034 ἔχει
2821 963 2880 1014 τὸ
2923 961 3336 1032 λυμαινόμενον·
3387 961 3414 1013 ό
3456 959 3670 1030 σίδηρος
3697 959 3783 1012 τὸν

2135 1052 2231 1114 ίὸν,
2263 1056 2352 1105 τὸν
2389 1053 2526 1122 σῆτα
2555 1051 2615 1104 τὸ
2639 1050 2802 1122 ἔριον,
2846 1049 3134 1120 προϐάτων
3176 1047 3367 1117 ἀγέλαι
3405 1049 3531 1109 τοὺς
3573 1047 3780 1110 λύκους.

2131 1135 2240 1188 Καὶ
2270 1135 2412 1186 οίνου
2452 1133 2552 1203 μὲν
2583 1132 2782 1204 ἀρετῆς
2814 1129 2982 1202 βλάϐη
3027 1131 3087 1184 τὸ
3121 1130 3547 1200 παρατραπῆναι
3589 1130 3681 1183 καὶ
3708 1131 3785 1193 εἰς

2130 1217 2310 1287 ὀξίνην
2332 1217 2678 1269 καταπεσεῖν·
2715 1214 2927 1285 μέλιτος
2958 1213 3035 1278 δὲ,
3067 1213 3129 1265 τὸ
3156 1213 3256 1282 τὴν
3289 1211 3565 1281 σύμφυτον
3592 1212 3784 1265 ἀπολέ-

2133 1316 2222 1352 σαι
2246 1297 2580 1368 γλυκύτητα,
2607 1298 2700 1351 καὶ
2721 1299 2800 1359 εἰς
2824 1296 3018 1367 πικρὸν
3040 1294 3427 1364 κατενεχθῆναι
3461 1295 3651 1364 χυμόν.
3683 1296 3789 1346 Λυ-

2136 1380 2383 1452 μαίνεται
2415 1379 2471 1432 δέ
2495 1379 2588 1432 καὶ
2621 1378 2788 1448 ληῒων
2818 1378 3018 1448 κόμαις
3051 1377 3280 1448 ἐρυσίϐη
3305 1377 3397 1428 καὶ
3418 1376 3642 1446 αὐχμὸς,
3696 1377 3789 1428 καὶ

2131 1461 2390 1532 ἀμπέλων
2412 1460 2626 1532 καρπῷ,
2661 1461 2755 1514 καὶ
2803 1460 3042 1529 φύλλοις,
3082 1460 3174 1512 καὶ
3203 1459 3445 1529 κλήμασι
3472 1459 3532 1511 τὸ
3553 1459 3788 1528 πονηρὸν

2131 1545 2240 1599 τῶν
2265 1545 2499 1615 ἀκρίδων
2532 1543 2911 1614 στρατόπεδον,
2935 1544 3028 1597 καὶ
3058 1543 3263 1613 ἑτέροις
3288 1543 3558 1613 δένδρεσιν
3584 1543 3616 1611 ἡ
3647 1542 3792 1612 κάμ-

2134 1645 2232 1697 πη,
2264 1627 2358 1680 καί
2399 1627 2614 1697 σώμασι
2647 1626 2702 1680 δὲ
2734 1626 2952 1692 ἀλόγοις
2980 1626 3200 1678 ποικίλα
3239 1629 3540 1695 νοσήματα·
3566 1623 3661 1676 καὶ
3703 1623 3789 1676 ἴνα

2136 1711 2211 1781 μὴ
2236 1713 2410 1764 πάντα
2433 1709 2739 1775 ἐπεξιόντες
2777 1709 2986 1779 μακρόν
3016 1709 3332 1779 ποιήσωμεν
3364 1707 3454 1760 τὸν
3488 1704 3661 1773 λόγον,
3698 1705 3789 1758 καὶ

2132 1794 2196 1862 τῇ
2219 1792 2385 1862 σαρκὶ⁸
2404 1791 2458 1843 δέ
2494 1793 2560 1861 τῇ
2596 1791 2842 1861 ἡμετέρᾳ
2864 1792 2958 1842 καὶ
2988 1790 3232 1860 πυρετοὶ,
3261 1789 3356 1842 καὶ
3379 1787 3659 1858 παρέσεις,
3698 1789 3792 1840 καὶ

2133 1874 2334 1944 ἐτέρων
2363 1873 2683 1942 νοσημάτων
2731 1872 2918 1942 ἐσμός.
2948 1873 3157 1941 Ὥσπερ
3189 1867 3279 1924 οῦν
3307 1871 3511 1924 τούτων
3560 1870 3792 1921 ἕκαστον

2133 1956 2244 2028 ἔχει
2279 1955 2340 2008 τὸ
2366 1953 2512 2026 [446]
2554 1953 2944 2024 λυμαινόμενον
2976 1953 3139 2006 αὐτοῦ
3167 1956 3232 2020 τῇ
3280 1953 3471 2024 ἀρετῇ.
3503 1952 3633 2022 φέρε
3667 1967 3792 2004 σκο-

2133 2039 2398 2108 πὴσωμεν
2421 2035 2474 2088 τί
2503 2035 2598 2088 καὶ
2625 2035 2685 2087 τὸ
2717 2033 2822 2088 τῶν
2849 2034 3150 2105 ἀνθρώπων
3195 2034 3571 2106 παραϐλάπτει
3610 2031 3792 2099 γένος.

2132 2121 2227 2173 καὶ
2257 2120 2308 2172 τί
2337 2119 2469 2171 ποτέ
2502 2117 2618 2170 ἐστι
2651 2117 2711 2170 τὸ
2737 2116 3128 2187 λυμαινόμενον
3159 2116 3445 2186 ἀνθρώπου
3474 2115 3700 2185 ἀρετήν.
3735 2115 3793 2167 Ol

2137 2203 2235 2273 μὲν
2265 2198 2358 2255 οὖν
2381 2199 2568 2254 πολλοὶ
2601 2200 2765 2271 ἐτερά
2799 2216 2919 2252 τινα
2953 2199 3086 2252 ἄλλα
3112 2200 3414 2268 νομίζουσι.
3451 2201 3540 2251 Δεῖ
3557 2199 3668 2266 γάρ
3700 2197 3797 2249 καὶ

2131 2285 2230 2348 τὰς
2263 2282 2684 2354 πεπλανημένας
2719 2279 2874 2346 δόξας
2904 2283 3101 2343 εἰπεῖν,
3149 2281 3241 2333 καὶ
3287 2278 3576 2341 ἀνελόντας
3598 2276 3795 2340 αὐτάς,

2132 2369 2274 2422 οὕτω
2311 2367 2406 2438 τὴν
2441 2366 2609 2428 ὅντως
2651 2363 3055 2435 λυμαινομένην
3093 2361 3250 2434 ἡμῶν
3292 2365 3408 2424 ταῖς
3441 2362 3662 2432 ἀρεταῖς
3719 2359 3798 2422 είς

2136 2451 2298 2523 μέσον
2318 2451 2564 2518 ἀγαγεῖν,
2582 2448 2676 2501 καὶ
2702 2447 2868 2512 δεῖξαι
2887 2446 3092 2513 σαφῶς,
3122 2447 3201 2498 ὃτι
3227 2445 3429 2514 ταύτην
3455 2445 3600 2514 ἡμᾶς
3619 2443 3798 2506 οὐδεὶς

2129 2531 2331 2588 δύναιτ’
2358 2531 2423 2584 ἂν
2457 2529 2713 2600 ἀδικῆσαι
2746 2529 2844 2600 τὴν
2874 2529 3109 2594 ἀδικίαν,
3158 2527 3277 2580 οὐδέ
3316 2525 3658 2597 λυμήνασθαι
3701 2525 3799 2596 τὴν

2131 2616 2332 2687 λύμην,
2359 2615 2407 2667 εἰ
2433 2615 2506 2685 μὴ
2536 2613 2688 2666 αὐτοὶ
2704 2613 2926 2674 ἑαυτοὺς
2949 2611 3168 2681 προδοίη
3180 2627 3295 2680 μεν.
3333 2611 3396 2661 Οἱ
3431 2610 3528 2679 μὲν
3554 2603 3646 2660 οὖν
3670 2607 3802 2687 πυλ-

2133 2685 2216 2754 λοίξ
2252 2685 2680 2766 πεπλανημένας
2718 2693 2934 2764 ἔχοντες
2972 2693 3148 2757 δόξας,
3181 2693 3344 2762 ’ἐτερα
3373 2691 3688 2760 νομίζουσιν
3723 2685 3802 2743 εἰ·

2133 2799 2219 2835 ναι
2251 2782 2319 2836 τά
2347 2780 2714 2850 λυμαινόμενα
2746 2777 2902 2848 ἡμῶν
2931 2779 2996 2848 τῇ
3027 2777 3192 2847 ἀρετῇ
3222 2774 3272 2838 ἀ,
3305 2776 3354 2826 οί
3381 2774 3478 2844 μὲν
3507 2774 3729 2837 πενίαν,
3755 2775 3802 2826 οἱ

2131 2864 2189 2918 δὲ
2219 2864 2376 2918 νόσον
2397 2862 2668 2934 σώματος,
2701 2863 2747 2914 οί
2780 2860 2837 2913 δὲ
2873 2859 2971 2930 τήν
2999 2862 3056 2910 ἐν
3089 2862 3331 2928 χρήμασι
3364 2855 3587 2926 ζημίαν,
3619 2856 3804 2926 ’έτεροι

2135 2947 2519 3014 συκοφαντίαν,
2577 2945 2729 2999 ἄλλοι
2773 2943 3022 3004 θάνατον,
3065 2940 3360 2994 καὶταῦτα
3402 2939 3804 3008 ἀποδυρόμενοι

2135 3029 2229 3083 καὶ
2257 3028 2582 3100 θρηνοῦντες
2616 3025 2938 3079 διατελοῦσι·
2971 3025 3063 3076 καὶ
3098 3025 3226 3085 τοὺς
3258 3023 3561 3093 πάσχοντας
3585 3021 3808 3075 ἐλεοῦν-

2133 3131 2242 3177 τες,
2274 3114 2368 3166 καὶ
2389 3111 2738 3182 δακρύοντες,
2773 3111 2871 3163 καὶ
2916 3107 3336 3178 ἐκπληττόμενοι
3365 3106 3499 3176 πρὸς
3536 3105 3806 3174 ἀλλήλους

2133 3197 2408 3265 λέγουσιν·
2455 3191 2557 3248 Οἷα
2599 3194 2866 3246 πέπονθεν
2911 3195 2938 3244 ὁ
2963 3192 3143 3255 δεῖνα;
3191 3189 3384 3260 ἀθρόον
3410 3188 3665 3261 ἀφῃρέθη
3707 3188 3806 3257 τὴν

2133 3279 2320 3332 οὐσίαν
2349 3278 2588 3332 ἀπασαν.
2615 3277 2844 3346 Ἕτερος
2888 3274 3016 3344 περὶ
3049 3272 3240 3342 ἐτέρου
3279 3271 3461 3324 πάλιν·
3502 3275 3530 3324 ό
3556 3271 3714 3324 δεῖνα
3749 3269 3807 3322 δὲ

2135 3359 2417 3434 ἀρρωστία
2465 3358 2680 3430 χαλεπῇ
2739 3357 3049 3428 περιπεσὼν
3096 3355 3445 3423 ἀπέγνωσται
3489 3353 3643 3423 παρά
3697 3354 3807 3406 τῶν

2136 3444 2274 3516 πρὸς
2308 3442 2470 3496 αὐτὸν
2516 3441 2774 3494 ἐσιόντων
2806 3438 3028 3509 ίατρῶν.
3052 3438 3162 3490 Καὶ
3181 3439 3209 3489 ὁ
3238 3436 3336 3508 μὲν
3353 3437 3481 3498 τούς
3507 3436 3566 3488 τὸ
3587 3436 3812 3506 δεσμω-

2133 3528 2320 3597 τήριον
2357 3523 2660 3587 οἰκοῦντας,
2705 3523 2733 3574 ὁ
2771 3521 2829 3574 δέ
2861 3523 2987 3582 τούς
3032 3521 3129 3590 τῆς
3156 3520 3413 3591 πατρίδος
3444 3518 3810 3582 ἐκπεσόντας,

2135 3607 2393 3680 καὶπρὸς
2437 3606 2536 3678 τὴν
2563 3606 2858 3676 ὑπερορίαν
2907 3603 3345 3674 μεταναστάντας
3397 3613 3442 3664 ο,
3487 3601 3645 3664 ἀλλος
3676 3603 3812 3663 τούς

2134 3691 2446 3762 ἐλευθερίας
2501 3687 2942 3750 ἐκπεπτωκότας,
2992 3687 3178 3756 ἕτερος
3214 3686 3340 3748 τοὺς
3377 3684 3482 3737 ὑπὸ
3517 3683 3810 3753 πολεμίων

2135 3774 2498 3846 ἀρπαγέντας,
2546 3770 2640 3824 καὶ
2688 3769 3010 3840 γενομένους
3060 3767 3455 3838 αἰχμαλώτους,
3489 3766 3682 3836 ἕτερος
3714 3767 3808 3822 τὸν

2134 3857 2654 3918 καταποντισθέντα,
2687 3856 2720 3925 ἢ
2744 3853 2966 3916 καέντα,
2984 3851 3140 3913 ἄλλος
3171 3852 3263 3904 τὸν
3291 3851 3394 3904 ὐπὸ
3421 3849 3594 3912 οἰκίας
3623 3867 3809 3903 κατα-

2135 3940 2412 4012 χωσθέντα
2450 3937 2727 4010 θρηνοῦσι,
2760 3939 2854 3989 καὶ
2881 3934 3256 4005 ὀλοφύρονται,
3286 3935 3413 3997 τοὺς
3443 3933 3498 3985 δὲ
3536 3935 3594 3986 ἐν
3627 3950 3808 4005 πονηο

2136 4023 2229 4094 ρίᾳ
2256 4021 2464 4086 ζῶντας
2512 4020 2706 4084 οὐδείς·
2740 4019 2885 4092 ἀλλ’,
2925 4017 2953 4071 δ
2986 4019 3201 4071 πάντων
3252 4017 3366 4070 ἐστὶ
3395 4014 3811 4088 χαλεπώτερον,

2135 4106 2396 4169 πολλάκις
2441 4106 2636 4168 αὐτοὺς
2680 4103 2774 4157 καὶ
2820 4101 3236 4174 μακαρίζουσιν,
3271 4101 3300 4154 δ
3346 4103 3441 4154 κα)⁸
3468 4100 3695 4154 πάντων
3726 4100 3816 4153 αῑ-

2134 4190 2248 4244 τιόν
2297 4192 2414 4242 ἐστι
2455 4188 2564 4241 τῶν
2615 4187 2820 4241 κακῶν.
2853 4187 2991 4258 Φέρε
3022 4181 3114 4239 οῦν
3151 4186 3285 4256 (ἀλλ’
3331 4187 3468 4258 ὅπερ
3517 4185 3575 4251 ἐξ
3624 4185 3816 4256 ἀρχῆς

2137 4271 2506 4342 παρεκάλεσα,
2531 4271 2604 4340 μὴ
2628 4269 2950 4341 θορυϐεῖτε),
2981 4268 3264 4340 δείξωμεν,
3293 4269 3368 4332 ὠς
3397 4267 3549 4321 οὐδὲν
3583 4267 3704 4320 τῶν
3736 4270 3818 4322 εἰ·

2139 4355 2390 4425 ρημένων
2441 4352 2615 4406 ἀδικεῖ
2663 4353 2754 4405 τὸν
2786 4353 3026 4422 νήφοντα
3054 4352 3360 4422 ἄνθρωπον,
3384 4351 3504 4404 οὐδέ
3539 4350 3644 4421 τήν
3681 4353 3822 4423 ἀρε-

2136 4439 2232 4509 τὴν
2262 4435 2426 4490 αὐτοῦ
2449 4435 2794 4506 λυμήνασθαι
2823 4435 3025 4488 δύναιτ’
3044 4435 3130 4490 ἄν.
3167 4437 3231 4488 Τί
3259 4437 3388 4506 γάρ,
3418 4435 3536 4487 εἰπέ
3567 4451 3690 4505 μοι,
3724 4436 3824 4489 τὸν

2136 4521 2203 4574 τὰ
2229 4519 2393 4573 αὐτοῦ
2435 4519 2610 4571 πάντα
2646 4517 3045 4582 ἀπολωλεκότα,
3077 4517 3109 4589 ἢ
3145 4518 3296 4590 παρὰ
3344 4518 3730 4586 συκοφαντῶν,
3783 4515 3823 4587 ἢ

2138 4604 2291 4675 παρὰ
2318 4602 2551 4675 λῃστῶν,
2581 4602 2613 4672 ἡ
2669 4602 2766 4656 καὶ
2815 4602 3040 4654 οἰκετῶν
3072 4603 3393 4670 κακούργων
3435 4600 3825 4670 ἀφαιρεθέντα

2136 4691 2204 4744 τὰ
2225 4691 2373 4753 ὄντα,
2392 4688 2621 4757 ἔϐλαψεν
2643 4687 2828 4758 αῦτηὴ
2851 4688 3021 4758 ζημία
3050 4690 3128 4750 εἰς
3144 4689 3342 4758 ἀρετὴν
3365 4687 3456 4740 τοῦ
3479 4687 3822 4756 ἀνθρώπους

2207 4773 2422 4826 Μᾶλλον
2451 4772 2528 4837 δέ,
2557 4774 2604 4823 εἰ
2627 4771 2794 4837 δοκεῖ,
2820 4771 3031 4841 πρῶτον
3075 4770 3480 4840 ὐπογράφωμεν
3515 4769 3562 4831 τ,
3586 4769 3643 4820 τί
3679 4768 3824 4822 ποτέ

2137 4859 2284 4910 ἐστιν
2309 4855 2595 4926 ἀνθρώπου
2624 4853 2816 4924 ἀρετὴ,
2851 4856 2907 4906 ἐν
2935 4854 3148 4924 ἑτέραις
3170 4853 3378 4915 οὐσίαις
3413 4852 3680 4923 πρότερον
3723 4853 3822 4904 τὸν

2137 4944 2292 5014 λόγον
2320 4943 2720 5014 γυμνάσαντες,
2761 4941 2899 4994 ὥστε
2945 4942 3344 5012 εὐμαθέστερον
3382 4940 3544 4993 αὐτὸν
3577 4942 3822 5011 ποιῆσαι

2137 5029 2232 5083 καὶ
2267 5020 2600 5096 σαφέστερον
2626 5026 2738 5087 τοῖς
2761 5023 2991 5086 πολλοῖς.

2207 5109 2354 5180 γ¹.Ί“ἰ
2372 5109 2489 5163 ποτ’
2508 5104 2599 5161 οὖν
2617 5109 2763 5159 ἐστιν
2780 5106 2943 5158 ἵππου
2965 5105 3154 5176 ἀρετή;
3171 5101 3240 5156 Ἀ
3251 5121 3318 5175 ρα
3334 5103 3393 5156 τὸ
3407 5102 3640 5174 χρυσοῦν
3662 5103 3761 5173 ἔχε
3770 5121 3821 5156 ιν

2137 5195 2374 5266 χαλινὸν,
2403 5192 2498 5246 καὶ
2531 5189 2851 5260 τελαμῶνας
2878 5187 3172 5250 τοιούτους,
3212 5188 3306 5239 καὶ
3345 5186 3693 5258 στρωμάτων
3727 5186 3827 5237 δερ

2139 5278 2274 5348 σμὸν
2301 5278 2365 5329 ἐκ
2411 5273 2649 5342 σηρικῶν
2691 5271 2948 5341 νημάτων
2987 5269 3370 5339 συγκείμενον,
3407 5270 3500 5322 καὶ
3549 5269 3823 5339 τάπητας

2138 5360 2415 5422 ποικίλους
2441 5359 2536 5412 καὶ
2584 5354 3016 5428 χρυσοπάστους,
3046 5353 3140 5407 καὶ
3185 5351 3402 5423 φάλαρα
3425 5351 3822 5423 λιθοκόλλητα,

2196 5449 2221 5478 °
2241 5448 2332 5495 ’Ἐν
2354 5447 2499 5495 deest
2518 5443 2565 5494 in
2586 5443 2778 5492 duobus
2799 5455 2914 5490 mss.

2199 5508 2225 5548 ἆ
2247 5511 2354 5559 Duo
2377 5521 2488 5555 mss.
2515 5508 2600 5562 τήν
2620 5505 2805 5568 ἀρετ-ὗν.

2203 5575 2226 5602 ε
2253 5571 2347 5619 Alii
2375 5567 2711 5631 μεταστάντας.

2207 5631 2226 5671 ί
2253 5622 2384 5681 'l‘res'
2412 5643 2528 5678 mss.
2553 5626 2921 5690 ὐπογράψωμεν,
2943 5637 3150 5690 quorum
3177 5639 3303 5690 unus
3322 5625 3494 5690 ab_hqc
3510 5622 3669 5690 verbo
3688 5625 3831 5672 im“-

2139 5697 2211 5759 pit
2236 5715 2247 5742 :
2276 5707 2404 5759 ηοω-
2427 5697 2625 5748 caetera,
2647 5687 2761 5750 qinaé
2781 5687 3081 5759 praeppdunt,
3107 5687 3357 5739 deﬁciunt.
3388 5687 3515 5737 Infra
3558 5688 3658 5736 duo
3690 5700 3824 5736 mss.

2145 5749 2198 5808 ξι
2221 5757 2368 5807 Savil.
2393 5755 2443 5803 in
2465 5765 2615 5813 marg.
2641 5749 3089 5814 στρωματόδεσμον.
