4100 6196
370 276 466 329 iiii

368 392 575 447 ηιιιειιιι,
610 389 665 436 ut
685 381 773 450 qui
796 379 862 435 ab
883 378 1032 433 initio
1059 377 1422 449 promissionis
1447 375 1663 430 minime
1694 370 1953 428 verisimi-

369 477 435 529 lia
468 474 731 528 dicamus.
762 470 960 524 Verum
987 483 1093 523 non
1115 467 1237 522 ideo
1263 481 1361 521 nos
1400 480 1430 520 a
1461 464 1840 535 pollicitatione
1864 460 1959 514 de-

366 566 623 620 δὶειοοιηιις
652 579 664 613 :
697 562 823 630 quin
852 560 1012 615 etiam
1041 559 1177 613 hanc
1197 555 1365 629 ipsam
1401 555 1630 610 maxime
1657 554 1726 607 ob
1744 564 1958 607 causam

366 653 434 708 ad
466 650 861 722 comprobanda
889 664 951 705 ea
989 664 1106 719 qua!
1150 647 1509 718 promisimus,
1565 658 1755 713 magno
1783 641 1960 697 studio

370 743 763 813 aggrediemur.
785 740 841 796 Si
859 740 999 796 enim
1018 739 1280 794 voluerint
1300 737 1387 809 qui
1410 738 1477 791 ita
1495 747 1618 791 sunt
1641 734 1833 800 affecti,
1854 749 1957 787 non

371 833 711 899 tumultuari,
756 847 928 901 neque
953 830 1259 897 obturbare,
1293 828 1388 885 sed
1417 828 1575 882 finem
1598 826 1849 881 orationis
1869 839 1961 879 ex.

368 938 638 995 Spectare,
672 941 701 978 a
732 925 905 988 nubis,
952 932 1035 978 sat
1080 924 1212 989 seio,
1243 922 1478 986 stabunt,
1511 932 1731 990 seseque
1770 916 1962 986 prioris

371 1018 575 1072 erroris
612 1016 1078 1081 condemnabunt,
1116 1013 1435 1084 palinodiam
1481 1018 1712 1073 canent,
1756 1008 1960 1062 veniam

371 1124 496 1164 cum
526 1107 869 1163 excusatione
913 1113 1111 1175 petent,
1146 1120 1210 1161 eo
1250 1104 1388 1175 quod
1421 1120 1523 1158 non
1550 1092 1728 1157 veram
1776 1100 1843 1155 de
1879 1115 1964 1153 rc-

371 1199 474 1253 bus
523 1196 789 1252 tenuerint
833 1196 1182 1262 sententiam,
1243 1208 1591 1265 magnamque
1642 1191 1795 1247 nobis
1842 1205 1963 1259 gra-

376 1288 502 1342 tiam
532 1285 820 1351 habebunt,
855 1294 914 1340 ut
935 1284 1153 1340 medicis
1172 1286 1319 1354 aegri,
1344 1300 1376 1338 e
1399 1281 1597 1337 morbis
1615 1323 1630 1348 ,
1661 1282 1853 1350 quibus
1874 1294 1966 1334 eo.

373 1393 495 1432 rum
523 1391 721 1447 corpus
748 1375 895 1431 velut
918 1375 1193 1430 obsessum
1233 1376 1422 1439 fuerat,
1446 1373 1690 1428 recreati.
1720 1370 1796 1425 Ne
1821 1371 1962 1425 enim

375 1468 508 1523 mihi
535 1483 656 1538 quae
679 1476 730 1524 te
755 1483 898 1524 nunc
931 1476 1096 1532 tenet,
1140 1466 1323 1539 profer
1357 1464 1672 1520 sententiam
1699 1504 1714 1529 ,
1742 1463 1835 1517 sed
1866 1478 1962 1517 ex-

372 1571 558 1630 specta
588 1562 749 1616 etiam
775 1570 972 1615 nostra!
1019 1560 1276 1616 orationis
1302 1558 1694 1615 contentionem
1720 1565 1773 1610 et
1801 1569 1965 1609 cona-

376 1663 482 1720 lus,
514 1669 576 1709 ac
601 1664 711 1708 tum
759 1656 979 1724 poteris,
1020 1655 1313 1724 ignorantia
1345 1667 1530 1707 verum
1560 1650 1815 1720 judicium
1856 1664 1962 1705 non

378 1745 722 1814 impediente,
750 1745 959 1800 sincere
985 1743 1125 1799 ferre
1146 1744 1482 1799 sententiam.
1505 1742 1637 1797 Nam
1661 1750 1716 1797 et
1744 1741 1966 1797 saecula-

379 1837 519 1890 rium
548 1852 728 1892 rerum
759 1837 980 1891 istarum
1001 1836 1229 1905 judices,
1258 1836 1465 1891 etiamsi
1490 1834 1705 1890 videant
1727 1849 1846 1889 eum
1871 1833 1962 1903 qui

381 1929 532 1997 prius
560 1928 702 1993 dicit,
748 1937 1017 1983 oratorem
1071 1928 1337 1982 concitato
1384 1925 1703 1996 eloquentiae
1745 1923 1965 1979 ﬂumine

387 2019 565 2072 omnia
589 2019 951 2087 inundantem,
976 2034 1083 2075 non
1111 2020 1327 2085 audent,
1369 2018 1469 2074 nisi
1491 2019 1648 2074 etiam
1674 2016 1963 2071 adversarii

381 2110 813 2180 responsionibus
837 2125 956 2166 cum
977 2110 1375 2181 longanimitate
1412 2110 1624 2175 auditis,
1656 2108 1964 2179 pronuntia-

380 2215 441 2255 re
465 2202 780 2257 sententiam
806 2218 818 2256 :
844 2201 937 2257 sed
968 2202 1176 2258 etiamsi
1202 2202 1346 2272 prior
1366 2200 1714 2273 justissimam
1749 2214 1963 2255 causam

378 2290 577 2346 habere
602 2290 866 2359 videatur,
890 2291 1123 2362 integras
1142 2304 1300 2346 aures
1319 2292 1474 2346 etiam
1496 2291 1646 2345 alteri
1668 2297 1962 2346 reservant.

378 2380 651 2451 Siquidem
683 2381 798 2438 hzec
833 2397 1047 2454 quoque
1067 2383 1302 2454 judicum
1331 2384 1500 2439 virtus
1526 2366 1635 2448 est,
1685 2392 1738 2439 ut
1765 2382 1963 2439 utrius-

377 2488 481 2542 que
506 2473 674 2544 partis
692 2487 853 2529 causa
880 2488 1039 2546 quam
1064 2474 1458 2530 accuratissime
1477 2475 1707 2545 cognita,
1730 2483 1841 2530 tum
1870 2473 1965 2529 de-

383 2578 529 2618 mum
574 2563 677 2634 ipsi
706 2578 861 2619 suum
897 2565 1239 2636 interponant
1257 2564 1533 2634 judicium.
1566 2565 1827 2634 Quoniam
1870 2565 1970 2636 igi-

381 2664 468 2710 tur
496 2656 657 2711 etiam
688 2671 830 2712 nunc
867 2657 1017 2713 velut
1059 2656 1289 2713 rhetoris
1316 2657 1590 2728 cujusdam
1618 2656 1735 2712 loco
1762 2664 1845 2713 est
1873 2656 1965 2713 illa

379 2751 665 2805 multorum
694 2753 996 2807 communis
1031 2760 1086 2806 et
1114 2751 1395 2823 anticipata
1426 2751 1626 2821 opinio,
1659 2766 1778 2822 quas
1807 2750 1966 2822 longo

382 2852 621 2913 tempore
651 2843 703 2898 in
734 2843 926 2900 animis
953 2844 1305 2900 multitudinis
1330 2844 1580 2907 radicata,
1614 2844 1728 2899 haec
1749 2859 1841 2913 per
1877 2850 1961 2897 to-

381 2944 490 2988 tum
518 2945 779 2990 terrarum
808 2935 992 2991 orbem
1020 2934 1305 3003 declamat,
1344 2935 1521 2989 omnia
1549 2948 1758 2989 sursum
1800 2932 1963 2988 deor-

379 3039 496 3080 sum
535 3040 689 3081 versa
725 3040 866 3093 esse,
894 3027 946 3082 in
984 3041 1230 3097 magnam
1259 3024 1622 3081 confusionem
1648 3039 1816 3095 genus
1859 3024 1961 3078 hu-

381 3130 595 3171 manum
646 3117 930 3184 incidisse,
963 3118 1015 3172 in
1061 3118 1174 3173 dies
1202 3117 1440 3187 injurias,
1472 3116 1763 3172 calumnias
1784 3157 1797 3179 ,
1830 3117 1959 3183 vim,

380 3206 570 3262 damna
593 3208 792 3277 afferri,
824 3208 1105 3264 imbecillis
1143 3223 1173 3263 a
1201 3207 1520 3279 potentibus,
1550 3206 1868 3276 pauperibus
1894 3206 1964 3262 ab

381 3300 674 3367 epulentis;
717 3309 772 3356 et
804 3308 862 3355 ut
895 3299 1085 3355 fluctus
1102 3300 1265 3355 maris
1286 3297 1553 3354 numerari
1582 3314 1687 3353 non
1720 3306 1959 3368 possunt,

383 3390 451 3443 ita
504 3406 607 3446 nec
648 3391 932 3446 multitudo
959 3372 1176 3458 eorum:
1200 3392 1288 3461 qui
1317 3390 1523 3446 insidiis
1566 3398 1835 3461 petuntur,
1876 3390 1964 3445 da-

380 3480 518 3535 mnis
541 3480 867 3549 affieiuntur,
895 3482 1038 3538 male
1073 3483 1437 3537 mulctantur:
1482 3496 1546 3537 ac
1578 3497 1748 3552 neque
1788 3481 1959 3551 legum

380 3573 731 3641 correctione,
760 3589 934 3645 neque
970 3573 1290 3644 judiciorum
1334 3581 1499 3640 metu,
1529 3587 1701 3642 neque
1745 3572 1850 3627 ulla
1902 3587 1961 3628 re

380 3663 481 3717 alia
506 3668 642 3719 hanc
670 3665 933 3736 exstingui
961 3674 1161 3734 pestem
1214 3680 1276 3720 ac
1301 3664 1542 3720 morbum
1564 3707 1580 3732 ,
1625 3664 1719 3720 sed
1763 3665 1960 3720 malum

378 3754 614 3823 quotidie
654 3756 855 3826 augeri,
905 3756 1100 3826 ubique
1137 3770 1257 3811 esse
1292 3755 1554 3826 gemitus,
1582 3756 1833 3820 lamenta,
1884 3755 1963 3809 la-

380 3857 588 3914 crymas
622 3860 809 3899 eorum
837 3846 925 3916 qui
973 3845 1191 3915 injurias
1217 3845 1525 3916 accipiunt:
1566 3845 1773 3914 judices
1816 3845 1960 3915 ipsos

379 3937 567 4005 quibus
593 3938 957 4004 hujuscemodi
1007 3954 1184 3994 rerum
1220 3938 1523 3993 emendatio
1564 3937 1811 3993 mandata
1854 3948 1955 4006 est,

381 4037 748 4096 tempestatem
777 4030 1074 4097 intendere,
1103 4030 1348 4086 morbum
1377 4030 1556 4085 fovere
1585 4048 1598 4083 :
1638 4030 1760 4085 hinc
1780 4039 1957 4086 autem

380 4118 527 4177 multi
550 4133 616 4172 ex
648 4117 1102 4189 insipientioribus
1129 4134 1192 4174 ac
1214 4119 1613 4187 infelicioribus,
1663 4136 1802 4175 novo
1821 4135 1958 4191 quo-

378 4207 496 4264 dam
515 4210 696 4266 furore
718 4212 971 4282 correpti,
1004 4212 1093 4266 Dei
1127 4211 1515 4282 providentiam
1545 4211 1808 4279 incusant,
1834 4228 1955 4266 cum

381 4301 559 4355 vident
589 4301 919 4356 moderatum
964 4318 1026 4357 ac
1051 4303 1275 4373 probum
1314 4320 1457 4374 saepe
1509 4303 1679 4371 trahi,
1723 4304 1951 4369 laniari,

380 4392 685 4461 praefocari;
715 4392 990 4461 audacem,
1032 4394 1356 4462 improbum,
1388 4394 1656 4461 infamem,
1687 4403 1742 4450 et
1776 4411 1842 4450 ex
1876 4400 1959 4450 ln-

379 4483 604 4541 famibus
630 4494 807 4541 ortum
825 4528 839 4551 ,
861 4485 1145 4553 ditescere,
1174 4488 1461 4556 potentiam
1488 4486 1743 4554 nancisci,
1774 4487 1955 4544 multis

376 4575 763 4632 formidabilem
791 4592 944 4644 esse,
989 4593 1053 4633 ac
1099 4578 1411 4635 melioribus
1454 4594 1513 4634 se
1554 4579 1755 4634 infinita
1814 4581 1953 4635 mala

379 4669 597 4734 inferre,
642 4677 800 4739 atque
825 4670 940 4724 haec
966 4670 1018 4723 in
1043 4671 1368 4736 civitatibus,
1397 4670 1449 4725 in
1475 4675 1615 4741 agris
1633 4711 1647 4735 ,
1676 4671 1728 4724 in
1768 4672 1954 4727 solitu-

377 4760 608 4827 dinibus,
647 4769 788 4816 terra
838 4763 1081 4832 marique
1111 4763 1404 4833 perpetrari
1435 4763 1775 4819 :necessario
1801 4779 1831 4818 a
1860 4780 1957 4819 no-

379 4851 597 4909 bishznc
625 4854 918 4909 instituitur
958 4855 1151 4920 oratio,
1187 4871 1308 4925 qum
1352 4870 1513 4926 supra
1557 4855 1695 4911 dicta
1738 4856 1953 4927 refutet,

378 4957 430 4999 et
478 4958 750 5003 certamen
791 4949 967 5017 ineat,
1000 4963 1196 5004 novum
1241 4948 1478 5019 quidem,
1502 4956 1559 5003 ut
1588 4949 1738 5003 initio
1771 4948 1879 5005 dixi
1909 4952 1950 5015 ί,

377 5048 427 5090 et
452 5038 918 5107 inopinatum,sed
949 5038 1343 5108 ntile,jnstum,
1387 5047 1441 5093 et
1484 5038 1814 5096 auditoribus
1859 5058 1953 5097 au-

379 5131 633 5186 scnitandi
661 5131 1170 5202 obtemperandique
1196 5130 1403 5201 cupidis
1428 5132 1759 5189 conducibile
1784 5151 1798 5198 ;
1827 5148 1952 5202 pro-

381 5221 552 5277 litctur
566 5223 708 5278 enim
725 5237 785 5278 se
807 5234 1141 5278 ostensuram
1165 5222 1294 5290 (sed
1322 5240 1391 5279 ne
1411 5224 1835 5295 tumultuemini)
1858 5241 1953 5280 ne-

379 5317 572 5371 minem
615 5333 802 5374 eorum
832 5318 919 5387 qui
950 5317 1149 5374 damno
1178 5317 1497 5383 afficiuntur,
1524 5318 1592 5373 ab
1620 5317 1758 5376 alio.
1793 5319 1889 5373 sed
1919 5335 1950 5374 a

377 5408 548 5476 seipso
573 5408 714 5464 lanii.
1437 5416 1447 5427 “

439 5563 455 5594 ⁸
481 5567 587 5632 Post
620 5568 860 5632 certamen
892 5560 1040 5621 ἔπεσι,
1076 5575 1213 5632 unus
1234 5570 1429 5632 tantum
1468 5564 1627 5615 Codex
1664 5565 1736 5617 sic
1766 5567 1948 5618 habet:

378 5622 785 5742 ἵῶιῗιηάέιέιιέάεηι
806 5622 911 5676 [tax
934 5637 966 5675 a
987 5623 1146 5676 multis
1165 5625 1455 5690 objiciuntur
1476 5639 1495 5689 ,'
1515 5641 1687 5679 novum
1709 5642 1824 5681 sane
1845 5643 1949 5681 cer-

1298 312 1301 317 .
1393 266 1578 336 ouou
1618 262 1803 321 uano
1834 250 2161 312 LEDITUR
2201 250 2328 307 NlSl
2369 251 2407 304 Α
2453 247 2712 305 SEIPSO.

2042 374 2050 386 '
2136 369 2189 423 Ξ.
2233 369 2301 426 Ut
2323 379 2497 426 autem
2527 370 2807 425 dilucidior
2852 370 2922 425 sit
2967 369 3154 435 oratio,
3181 384 3278 440 age
3308 372 3531 439 primum
3564 370 3646 423 in-

3541 252 3643 306 iﬁ‘l

2062 461 2331 530 quiramus
2356 462 2482 532 quid
2512 462 2583 517 sit
2607 461 2879 523 damnum,
2903 471 2958 517 et
2999 461 3052 516 in
3081 477 3301 531 quarum
3328 476 3506 515 rerum
3535 476 3643 514 ma-

2064 550 2195 609 ieria
2217 552 2419 606 versari
2442 552 2611 607 soleat
2648 570 2662 606 :
2694 562 2748 607 et
2774 552 2901 623 quid
2935 552 3145 607 tandem
3176 552 3245 607 sit
3284 551 3511 605 lmmana
3543 552 3645 605 vir-

2067 648 2173 706 tus,
2202 643 2434 713 quidque
2466 660 2583 699 eam
2615 644 2792 711 laedat,
2840 645 2965 713 quid
2998 646 3121 699 item
3163 645 3405 700 videatur
3432 629 3644 710 lardere,

2064 749 2163 789 nec
2191 746 2365 791 tamen
2393 736 2570 791 lzedat.
2598 737 2841 807 Exetrpli
2868 752 3025 793 causa
3055 737 3336 807 (exemplis
3356 738 3497 791 enim
3525 751 3644 790 ora-

2067 825 2138 880 tio
2169 826 2490 894 perﬁcienda
2518 827 2646 897 est),
2691 828 2911 897 singula:
2936 843 3025 883 res
3048 843 3075 881 a
3104 828 3325 898 singulis
3362 827 3646 891 laeduntur,

2066 914 2261 969 ferrum
2291 931 2321 969 a
2353 916 2612 987 rubigine,
2652 917 2769 970 lana
2805 931 2832 969 a
2873 919 3032 984 tinea,
3075 917 3257 971 ovium
3285 931 3479 986 greges
3508 930 3539 969 a
3566 917 3644 969 lt:-

2066 1005 2167 1073 pis.
2200 1008 2274 1060 Ac
2302 1007 2406 1059 vini
2434 1006 2647 1076 quidem
2675 1008 2759 1060 vis
2787 1007 3148 1072 labefactatur,
3198 1021 3323 1061 cum
3366 1007 3417 1060 id
3447 1007 3640 1074 depra-

2065 1104 2236 1159 vatur,
2283 1104 2339 1151 et
2377 1097 2428 1150 in
2462 1112 2687 1167 vappam
2721 1107 3111 1163 commutatur;
3152 1098 3324 1151 mellis
3346 1113 3491 1160 vero,
3525 1113 3643 1151 cum

2069 1186 2356 1257 ingenitam
2384 1189 2580 1244 amittit
2605 1188 2960 1256 dulcedinem,
2979 1195 3034 1243 et
3050 1189 3103 1243 in
3123 1202 3359 1241 amarum
3386 1187 3646 1254 liquorem

2067 1281 2414 1335 convertitur.
2448 1280 2691 1337 Triticeis
2733 1280 2975 1350 frugibus
3019 1280 3173 1335 obest
3212 1294 3389 1349 aerugo
3414 1288 3466 1333 ct
3494 1278 3647 1333 sicci-

2068 1379 2168 1438 tas,
2232 1373 2415 1427 vitium
2467 1372 2694 1440 fructui,
2759 1372 3020 1443 pampinis
3064 1381 3117 1426 et
3176 1371 3479 1441 palmitibus
3531 1385 3646 1423 ma-

2066 1464 2150 1519 lus
2205 1464 2524 1521 locustarum
2579 1467 2878 1541 exercitus;
2924 1466 3041 1520 aliis
3096 1466 3374 1520 arboribus
3431 1480 3587 1519 eruca
3624 1506 3639 1531 ,

2066 1556 2378 1625 corporibus
2417 1556 2543 1611 item
2573 1558 2793 1612 rationis
2819 1556 3127 1627 expertibus
3175 1556 3305 1609 varii
3350 1555 3520 1610 morbi
3547 1572 3559 1608 :
3583 1570 3647 1609 ac

2067 1664 2135 1704 ne
2172 1649 2393 1720 singulis
2434 1649 2816 1720 percensendis
2860 1650 3075 1720 longum
3124 1661 3399 1704 nectamus
3440 1662 3647 1701 sermo-

2067 1755 2213 1805 nem,
2245 1741 2457 1811 corpori
2501 1756 2712 1811 quoque
2742 1750 2925 1795 nostro
2959 1749 3013 1795 et
3056 1739 3254 1805 febres,
3280 1749 3335 1794 et
3371 1738 3645 1809 paralysis,

2066 1830 2261 1899 aliique
2293 1831 2462 1885 morbi
2497 1831 2729 1901 plurimi.
2758 1831 3219 1898 Quemadmodum
3242 1845 3369 1899 ergo
3397 1829 3511 1884 haec
3539 1828 3649 1883 sin-

2070 1923 2193 1994 gula
2229 1923 2426 1977 habent
2450 1938 2479 1976 a
2502 1938 2606 1993 quo
2636 1923 2802 1977 virtus
2830 1938 3013 1977 eorum
3060 1921 3422 1985 labefactetur,
3452 1935 3547 1989 age
3571 1920 3648 1971 vi.

2072 2014 2294 2071 deamus
2320 2016 2445 2086 quid
2470 2016 2631 2071 etiam
2657 2015 2932 2070 hominum
2977 2014 3157 2084 generi
3197 2022 3404 2074 noceat,
3444 2021 3495 2065 et
3522 2010 3647 2081 quid

2072 2109 2283 2165 tandem
2309 2110 2378 2164 sit
2403 2108 2546 2179 quod
2574 2107 2805 2163 hominis
2844 2106 3093 2161 virtutem
3116 2104 3413 2159 labefactet.
3447 2102 3649 2171 Vulgus

2067 2200 2280 2272 quidem
2307 2199 2408 2255 alia
2431 2198 2671 2269 quaedam
2698 2212 2814 2254 eam
2834 2195 3028 2252 laedere
3044 2195 3310 2263 opinatur.
3336 2193 3464 2247 Nam
3487 2193 3646 2247 etiam

2068 2293 2212 2348 falsae
2232 2292 2513 2362 opiniones
2533 2289 2823 2346 recitandae
2848 2294 2991 2355 sunt,
3012 2288 3181 2357 iisque
3198 2282 3503 2348 confutatis,
3522 2297 3645 2338 vera

2066 2393 2369 2441 nostrarum
2400 2384 2655 2438 virtutum
2702 2380 3001 2451 corruptela
3032 2380 3084 2435 in
3113 2378 3344 2434 medium
3373 2377 3648 2448 proferen-

2066 2476 2157 2545 da,
2188 2485 2242 2531 et
2266 2475 2546 2546 perspicue
2571 2472 2981 2539 ostendendum,
3019 2470 3073 2526 id
3117 2470 3517 2531 detrimentum,
3557 2475 3647 2521 aut

2067 2567 2120 2624 id
2140 2568 2389 2624 damnum
2408 2584 2435 2623 a
2458 2567 2669 2623 nemine
2686 2565 2836 2622 nobis
2850 2564 2965 2619 dari
2982 2577 3156 2634 posse,
3176 2563 3276 2616 nisi
3294 2560 3647 2628 nosmetipsos

2067 2661 2376 2730 prodamus.
2412 2660 2612 2730 Vulgus
2649 2673 2778 2729 ergo
2803 2657 2980 2728 pravis
3023 2656 3278 2710 imbutum
3307 2653 3646 2721 opinionibus

2066 2751 2273 2807 diversa
2313 2752 2581 2806 existimat
2615 2758 2812 2805 nostra!
2849 2749 3033 2803 virtuti
3060 2761 3272 2810 nocere,
3300 2745 3384 2798 alii
3416 2760 3643 2814 pauper~

2069 2852 2250 2908 tatem,
2283 2843 2371 2897 alii
2398 2843 2636 2911 corporis
2666 2840 2933 2908 morbum,
2963 2824 3055 2895 alii
3096 2832 3338 2910 pecunia:
3360 2837 3641 2907 jacturam,

2066 2936 2154 2990 alii
2181 2936 2525 3003 calumniam,
2563 2935 2651 2989 alii
2678 2942 2924 2998 mortem,
2955 2940 3113 3003 atque
3138 2930 3253 2985 haec
3283 2938 3537 3001 perpetuo
3564 2929 3643 2983 la-

2068 3035 2375 3082 mentantur
2403 3041 2466 3083 ac
2493 3025 2809 3097 deplorant;
2842 3033 2895 3080 ct
2942 3037 3057 3092 eos,
3087 3023 3276 3095 quibus
3304 3023 3390 3077 illa
3418 3020 3643 3091 contige-

2068 3128 2215 3185 runt,
2250 3118 2585 3183 miserantes,
2625 3126 2680 3173 et
2718 3117 2929 3182 ﬂentes,
2970 3124 3025 3171 et
3062 3113 3411 3185 obstupefacti
3460 3111 3646 3168 dicunt

2066 3210 2206 3266 inter
2232 3226 2291 3266 se
2315 3227 2328 3263 :
2353 3209 2539 3278 Qualia
2571 3223 2855 3280 perpessus
2882 3217 2965 3263 est
2989 3206 3113 3262 ille?
3159 3213 3377 3275 repente
3398 3204 3644 3259 omnibus

2066 3304 2293 3360 fortunis
2320 3318 2541 3359 eversus
2564 3312 2664 3359 est.
2713 3302 2865 3357 Alius
2903 3300 2971 3356 de
3014 3299 3121 3354 alio
3159 3297 3393 3354 vicissim
3420 3313 3435 3353 :
3462 3296 3531 3351 At
3557 3295 3645 3351 ille

2066 3396 2118 3452 in
2150 3411 2364 3467 gravem
2394 3395 2638 3450 morbum
2670 3394 2872 3459 incidit,
2902 3401 2955 3448 et
2975 3407 3005 3446 a
3040 3389 3279 3456 medicis,
3308 3388 3397 3460 qui
3426 3387 3490 3442 ad
3520 3403 3642 3443 eum

2071 3487 2415 3553 accedebant,
2449 3485 2766 3555 desperatus
2791 3492 2893 3541 est.
2926 3484 3046 3539 Jam
3088 3482 3224 3536 alius
3251 3481 3479 3536 carceris
3505 3479 3644 3534 inco-

2065 3579 2164 3643 las,
2191 3578 2325 3632 alius
2348 3578 2517 3649 patria
2548 3578 2749 3647 pulsos,
2795 3584 2849 3633 et
2874 3575 2926 3630 in
2956 3574 3201 3632 exsilium
3226 3573 3489 3644 relegatos
3518 3589 3531 3625 :
3556 3570 3644 3625 hic

2065 3668 2310 3724 libertate
2331 3678 2541 3737 exutos,
2567 3669 2658 3724 ille
2677 3669 2745 3724 ab
2769 3666 3012 3724 hostibus
3033 3667 3086 3722 in
3106 3664 3462 3735 captivitatem
3490 3663 3643 3719 abre-

2064 3768 2203 3830 ptos,
2236 3761 2336 3816 iste
2379 3761 2736 3826 submersum,
2767 3767 2862 3815 aut
2894 3757 3256 3821 combustum,
3298 3755 3435 3808 alius
3482 3753 3637 3808 ruina

2063 3850 2253 3906 domus
2282 3866 2617 3921 oppressum,
2651 3851 2794 3920 luget
2820 3863 2882 3905 ac
2907 3846 3088 3914 deﬂet,
3113 3855 3166 3901 at
3186 3844 3427 3916 improbe
3455 3845 3640 3899 viven-

2063 3951 2144 3997 tes
2187 3957 2345 3997 nemo
2385 3960 2398 3996 :
2435 3943 2528 3997 sed
2552 3942 2690 4011 quod
2721 3940 2969 3995 omnibus
2991 3947 3075 3994 est
3098 3938 3330 4010 gravius,
3379 3951 3472 3993 cos
3499 3951 3642 4006 saepe

2060 4048 2272 4104 quoque
2303 4033 2488 4088 beatos
2514 4031 2826 4103 prtedicant,
2858 4045 2976 4101 qua:
3004 4030 3162 4085 etiam
3202 4027 3439 4084 omnium
3469 4027 3638 4082 malo-

2062 4140 2179 4179 rum
2211 4138 2371 4178 causa
2396 4132 2497 4179 est.
2524 4125 2637 4193 Age
2661 4124 2818 4194 igitur
2849 4120 2965 4194 (sed
2985 4131 3043 4176 ut
3062 4120 3324 4192 principio
3349 4119 3550 4189 rogavi,
3575 4134 3642 4173 ne

2062 4214 2498 4287 tumultuemini),
2517 4215 2858 4271 ostendamus
2887 4213 3019 4268 nihil
3043 4228 3226 4269 eorum
3253 4227 3369 4283 qua:
3385 4210 3638 4275 diximus,

2061 4325 2257 4365 nocere
2284 4309 2463 4363 sobrio
2488 4308 2710 4373 homini,
2739 4320 2914 4377 neque
2942 4306 3192 4361 virtutem
3220 4302 3333 4372 ejus
3360 4303 3637 4358 labefacta-
3670 4356 3681 4377 ι

2061 4418 2120 4457 re
2149 4416 2324 4471 posse.
2354 4399 2490 4470 Quid
2517 4401 2679 4464 enim,
2707 4399 2793 4455 die
2822 4399 2973 4464 mihi,
3015 4398 3264 4454 omnibus
3290 4397 3481 4467 opibus
3509 4411 3637 4465 ενοι
3670 4392 3679 4411 ί

2062 4493 2209 4558 liato,
2241 4503 2333 4546 aut
2360 4508 2390 4547 a
2433 4490 2927 4555 calumniatoribus,
2956 4489 3070 4544 sive
3097 4504 3128 4543 a
3157 4487 3514 4558 praedonibus,
3547 4493 3638 4539 aut

2060 4586 2217 4641 etiam
2244 4583 2499 4655 improbis
2528 4584 2695 4639 servis
2711 4589 2869 4637 exuto
2885 4582 3131 4637 omnibus
3151 4579 3487 4633 facultatibus
3502 4578 3632 4640 suis,

2063 4675 2163 4730 hoc
2186 4674 2439 4729 damnum
2484 4673 2672 4736 obfuit,
2703 4680 2957 4742 quantum
2990 4669 3059 4724 ad
3083 4670 3329 4723 virtutem
3365 4668 3636 4724 homlnis?

2134 4765 2269 4832 Quid
2289 4765 2354 4819 sit
2379 4764 2533 4818 virtus
2563 4764 2799 4827 hominis,
2838 4771 2885 4816 et
2903 4760 3025 4832 quid
3049 4775 3158 4814 eam
3187 4760 3369 4815 laedere
3387 4761 3639 4831 possit.—

2061 4860 2166 4916 Sed
2198 4860 2395 4929 potius,
2424 4858 2469 4913 si
2501 4858 2569 4911 ita
2597 4855 2823 4921 videtur,
2852 4854 3083 4929 primum
3108 4851 3470 4907 describamus
3525 4853 3633 4905 vir-

2062 4926 2226 5007 tutem
2256 4950 2506 5014 hominis,
2539 4948 2789 5019 quidnam
2815 4926 2879 5003 e’a
2910 4945 3120 5002 tandem
3160 4945 3248 5005 sit,
3278 4946 3365 5001 ubi
3397 4946 3540 5016 prius
3570 4946 3634 4999 ad

2057 5044 2187 5096 alias
2211 5056 2301 5096 res
2328 5024 2619 5096 orationem
2647 5038 3094 5103 converterimus,
3140 5045 3196 5091 ut
3234 5053 3353 5092 eam
3394 5037 3632 5091 multitu-

2058 5133 2167 5187 dini
2197 5131 2263 5187 ad
2292 5128 2687 5201 intelligendum
2720 5128 3011 5184 faciliorem
3040 5136 3095 5184 et
3123 5127 3493 5185 dilucidiorem
3520 5127 3636 5182 efli-

2056 5228 2279 5284 ciamus.
3070 5218 3075 5223 ’

2128 5319 2181 5373 5.
2223 5316 2359 5386 Quid
2380 5331 2506 5386 ergo
2527 5324 2608 5369 est
2628 5314 2797 5369 virtus
2822 5313 2982 5383 equi?
3006 5311 3270 5383 Numquid
3300 5328 3517 5367 aureum
3543 5312 3638 5366 ba-

2058 5410 2184 5464 bcre
2220 5408 2447 5471 frenum,
2493 5412 2547 5460 et
2592 5401 2962 5475 hujuscemodi
2993 5402 3237 5473 cingula,
3279 5403 3632 5473 stragulorum

2057 5497 2265 5553 vincula
2303 5511 2368 5551 ex
2411 5494 2597 5551 sericis
2637 5494 2740 5548 filis
2784 5503 3055 5558 contexta,
3097 5501 3302 5564 tapetas
3339 5494 3635 5563 variegatos

2057 5604 2293 5660 auroque
2335 5587 2671 5655 intertextos,
2702 5585 2948 5657 phaleras
2976 5586 3199 5655 gemmis
3226 5583 3524 5649 distinctas,
3549 5584 3632 5652 ju-

2063 5681 2157 5738 has
2186 5680 2362 5739 aureis
2387 5680 2631 5739 funiculis
2659 5678 2998 5751 complicatas
3029 5695 3043 5734 :
3073 5694 3140 5735 an
3173 5691 3301 5734 vero
3328 5692 3490 5733 cursu
3518 5689 3635 5733 esse
