4100 6196
373 204 477 258 665

381 311 637 376 velocem,
663 299 907 364 cruribus
928 308 1062 364 bene
1086 307 1268 372 firmis,
1294 318 1574 361 numerose
1593 298 1866 363 incedere,
1896 308 1952 352 et

383 401 606 470 ungulas
653 399 850 454 habere
895 411 1155 468 generoso
1192 409 1330 464 equo
1375 394 1592 462 dignas;
1643 388 1955 444 fortitudine

386 490 664 559 praeditum
697 504 845 553 esse,
886 489 1056 558 longis
1107 485 1383 541 itineribus
1425 500 1487 539 ac
1530 483 1683 538 bellis
1725 481 1950 545 idonea;

386 580 541 651 posse
567 591 621 636 ct
659 583 712 635 in
749 582 863 635 acie
899 594 1090 649 magno
1132 578 1311 632 animo
1350 585 1525 641 stare,
1568 581 1623 629 et
1659 573 1796 628 facta
1837 572 1953 640 fuga

384 673 613 740 equitem
646 671 963 724 incolumem
985 668 1342 723 conservare?
1382 669 1572 721 Annon
1616 663 1952 734 perspicuum

384 774 484 830 est,
518 765 616 830 his,
643 778 748 817 non
777 763 878 816 illis
905 763 1026 830 equi
1055 762 1303 815 virtutem
1329 758 1629 814 contineri?
1670 757 1953 811 Asinorum

385 871 510 909 vero
536 863 588 908 et
614 853 877 906 mulorum
895 866 1053 921 quam
1077 850 1327 905 virtutem
1354 865 1473 904 esse
1494 847 1737 902 diceres?
1761 849 1951 899 Annon

384 962 540 1017 posse
567 959 733 999 onera
761 943 1040 997 commode
1066 951 1298 1012 gestare,
1332 941 1516 994 itinera
1546 939 1696 992 facile
1723 936 1953 992 confice-

385 1053 460 1102 re,
496 1035 691 1090 liabere
720 1033 902 1104 pedes,
935 1032 1028 1102 qui
1049 1032 1293 1086 firmitate
1319 1045 1442 1084 saxa
1475 1026 1784 1083 imitentur?
1817 1027 1952 1080 Num

382 1143 465 1191 ea,
506 1126 698 1196 quibus
739 1123 1070 1178 extrinsecus
1112 1120 1420 1175 circumdati
1459 1128 1602 1184 sunt,
1645 1117 1840 1186 aliquid
1885 1116 1952 1171 ad

380 1222 626 1272 virtutem
670 1216 902 1284 ipsorum
941 1214 1210 1284 proprium
1251 1211 1494 1267 conferre
1529 1209 1808 1265 dicemus?
1851 1208 1954 1262 Ne-

378 1325 663 1380 quaquam.
692 1309 908 1361 Vineam
937 1305 1127 1360 deinde
1147 1319 1305 1374 quam
1336 1301 1759 1358 admirabimur?
1791 1300 1954 1354 Foliis

382 1409 643 1455 cometam
685 1408 739 1453 et
783 1397 1100 1467 palmitibus,
1150 1411 1215 1449 an
1263 1395 1432 1449 fructu
1475 1393 1754 1448 onustam?
1782 1392 1950 1459 Quam

381 1493 541 1546 etiam
570 1490 720 1545 olivae
744 1489 989 1542 virtutem
1013 1501 1131 1540 esse
1160 1485 1421 1539 dicimus?
1446 1485 1580 1540 Cum
1607 1498 1825 1553 magnos
1855 1482 1952 1534 ha-

383 1581 474 1636 bet
499 1594 698 1645 ramos,
722 1587 777 1634 et
806 1577 1023 1632 multam
1050 1576 1292 1630 foliorum
1323 1591 1550 1639 comam,
1568 1591 1635 1628 an
1659 1589 1779 1628 cum
1799 1588 1952 1628 suum

381 1672 610 1725 fructum
642 1669 862 1725 uberem
890 1669 1016 1724 etin
1038 1683 1223 1722 omnes
1242 1677 1421 1738 partes
1447 1667 1743 1738 dispersum
1773 1675 1954 1720 osten-

384 1765 496 1818 tat?
527 1763 616 1818 Sic
645 1763 802 1832 igitur
833 1763 990 1817 etiam
1020 1761 1071 1814 in
1108 1761 1411 1815 hominibus
1437 1760 1705 1815 faciamus.
1740 1760 1951 1814 Discer-

382 1870 570 1911 namus
592 1855 838 1910 virtutem
867 1852 1122 1916 hominis,
1173 1852 1328 1921 idque
1354 1853 1522 1905 solum
1563 1851 1811 1904 damnum
1842 1851 1952 1902 exi-

379 1948 682 2010 stimemus,
706 1945 845 2014 quod
889 1945 1029 1996 illam
1071 1943 1252 1997 violet.
1297 1941 1434 2008 Quid
1475 1942 1633 2012 igitur
1670 1948 1752 1995 est
1785 1940 1952 1994 virtus

381 2037 648 2093 hominis?
670 2036 785 2092 Non
807 2035 1064 2106 pecuniae,
1095 2043 1151 2090 ut
1179 2043 1540 2104 paupertatem
1581 2042 1818 2097 metuas;
1853 2047 1952 2086 nec

379 2128 578 2183 sanitas
599 2127 860 2196 corporis,
886 2136 944 2180 ut
965 2127 1152 2180 timeas
1173 2125 1452 2190 morbum;
1477 2139 1580 2178 non
1603 2122 1952 2177 multitudinis

379 2217 581 2288 Opinio,
618 2225 676 2270 ut
704 2225 1002 2285 suspectam
1026 2215 1223 2270 habeas
1251 2215 1690 2268 existimationem
1723 2213 1949 2280 malam;

380 2323 480 2364 nec
503 2308 609 2362 vita
635 2322 730 2376 per
757 2322 817 2362 se
841 2307 956 2360 sola
977 2307 1094 2361 sine
1122 2305 1443 2374 abjectione.
1475 2313 1727 2374 certoque
1755 2319 1950 2374 propo-

381 2400 482 2453 sito
513 2397 638 2463 line,
669 2405 726 2452 ut
754 2412 898 2452 mors
941 2397 1034 2450 tibi
1075 2395 1422 2451 formidabilis
1463 2396 1714 2461 exsistat;
1757 2411 1855 2450 nec
1888 2394 1952 2448 li-

383 2489 583 2554 bertas,
617 2495 675 2542 ut
703 2487 1008 2542 servitutem
1038 2485 1205 2556 fugias
1237 2505 1249 2540 :
1282 2487 1374 2541 sed
1398 2502 1534 2540 verae
1554 2486 1808 2542 doctrina:
1833 2486 1953 2541 diliv

379 2594 512 2648 gens
551 2577 807 2641 studium,
850 2585 903 2632 et
942 2577 1063 2631 vita:
1107 2578 1376 2633 honestas.
1409 2577 1533 2632 llmc
1562 2593 1689 2632 vero
1715 2593 1813 2632 nec
1839 2578 1954 2647 ipse

379 2669 622 2724 diabolus
650 2670 843 2738 poterit
872 2670 1104 2739 eripere,
1135 2669 1178 2724 si
1208 2684 1482 2738 possessor
1506 2685 1708 2740 ea,qua
1733 2684 1827 2738 par
1848 2677 1948 2734 est,

380 2777 505 2816 cura
534 2760 798 2816 custodiat
823 2778 836 2814 :
869 2760 1026 2831 idque
1051 2761 1405 2832 nequissimus
1434 2771 1487 2816 et
1517 2762 1845 2815 truculentus
1864 2761 1952 2817 ille

381 2851 591 2906 daemon
617 2851 781 2906 novit.
812 2851 955 2906 lianc
981 2852 1121 2907 enim
1146 2853 1214 2907 ob
1234 2868 1447 2909 causam
1484 2854 1642 2910 etiam
1672 2853 1772 2908 Job
1797 2853 1953 2908 bonis

379 2941 644 3010 spoliavit,
672 2957 778 2996 non
805 2951 864 2996 ut
888 2958 1013 3000 eum
1038 2958 1321 3014 pauperem
1340 2943 1604 3009 redderet,
1621 2943 1716 2999 sed
1740 2955 1794 2999 ut
1815 2945 1952 3000 blas-

380 3036 630 3103 phemum
672 3035 886 3104 aliquod
926 3035 1149 3090 verbum
1177 3035 1364 3090 efferre
1391 3047 1603 3107 cogeret
1631 3055 1646 3092 :
1681 3047 1734 3092 et
1762 3053 1957 3108 corpus

383 3125 636 3188 concidit,
668 3141 770 3178 non
801 3133 861 3188 ut
887 3125 938 3180 in
965 3126 1209 3182 morbum
1239 3127 1546 3196 conjiceret,
1568 3127 1658 3183 sed
1688 3136 1745 3184 ut
1763 3130 1953 3186 animae

383 3216 630 3282 virtutem
667 3214 1026 3270 labefactaret.
1075 3215 1180 3271 Sed
1221 3225 1394 3272 tamen
1435 3232 1555 3272 eum
1603 3233 1788 3273 omnes
1827 3234 1954 3275 suas

383 3305 659 3359 machinas
685 3305 1027 3371 admovisset,
1058 3315 1114 3361 et
1153 3323 1218 3363 ex
1245 3306 1408 3363 divite
1436 3324 1720 3378 pauperem
1751 3309 1955 3365 effecis-

383 3407 463 3451 set
495 3396 569 3467 (id
611 3398 753 3467 quod
786 3399 938 3456 nobis
974 3400 1207 3454 omnium
1255 3401 1483 3456 maxime
1523 3401 1775 3458 horribile
1805 3401 1952 3457 vide-

383 3492 514 3560 tur),
541 3505 610 3543 ex
642 3489 926 3545 multorum
971 3492 1259 3547 liberorum
1289 3501 1436 3562 patre
1461 3494 1682 3560 orbum;
1725 3511 1843 3549 cum
1875 3503 1954 3549 to-

385 3590 494 3635 tum
522 3581 636 3651 ejus
665 3597 862 3651 corpus
903 3584 1119 3653 gravius
1146 3585 1453 3648 lacerasset,
1485 3601 1640 3656 quam
1678 3585 1953 3640 carnifices

382 3669 434 3723 in
465 3672 729 3740 prretoriis
761 3662 956 3744 (neque
985 3674 1126 3728 enim
1159 3673 1368 3728 illorum
1416 3675 1624 3746 ungula:
1665 3676 1733 3729 ita
1778 3677 1953 3744 perfo-

383 3765 536 3819 diunt
561 3781 772 3832 eorum,
800 3769 890 3838 qui
918 3769 970 3822 in
1002 3783 1188 3824 manus
1218 3770 1449 3839 ipsorum
1481 3769 1736 3836 incidunt,
1768 3771 1950 3836 latera,

385 3864 439 3909 ut
480 3856 596 3920 ejus
631 3872 846 3914 carnem
881 3874 1087 3914 vermes
1122 3859 1443 3930 lacerarunt)
1465 3902 1480 3927 ,
1521 3877 1639 3915 cum
1683 3861 1873 3915 malam
1904 3861 1954 3915 ei

383 3948 826 4003 existimationem
853 3951 1186 4006 conciliasset
1215 3951 1390 4023 (amici
1414 3953 1575 4018 enim,
1597 3953 1684 4022 qui
1711 3952 1951 4018 aderant,

391 4035 504 4089 Non
523 4037 730 4105 dignas,
751 4039 978 4105 aiebant,
1007 4043 1237 4110 peccatis
1267 4043 1367 4098 tuis
1385 4059 1565 4112 plenas
1583 4044 1793 4108 dedisti,
1819 4045 1955 4098 mul-

390 4116 561 4195 tisque
599 4127 776 4180 verbis
803 4143 921 4181 eum
963 4131 1325 4202 accusabant),
1369 4149 1488 4187 cum
1518 4150 1622 4186 non
1658 4136 1788 4189 urbe
1831 4150 1956 4189 exa-

388 4225 530 4269 ctum
562 4225 652 4268 aut
677 4216 838 4270 domo
867 4218 917 4270 in
947 4218 1101 4273 aliam
1128 4221 1394 4276 civitatem
1424 4232 1624 4277 tantum
1658 4226 1956 4279 transtulis-

385 4315 486 4370 set,
535 4307 631 4362 sed
676 4309 1064 4378 Sterquilinium
1115 4313 1162 4366 ei
1205 4325 1258 4367 et
1309 4313 1500 4368 domus
1547 4324 1601 4370 et
1645 4317 1790 4371 urbis
1834 4318 1953 4372 loco

385 4399 748 4453 constituisset
792 4416 805 4451 :
844 4415 948 4454 non
975 4401 1135 4456 modo
1188 4403 1236 4457 ei
1268 4418 1371 4456 non
1414 4405 1612 4471 nocuit,
1653 4406 1747 4461 sed
1791 4408 1951 4462 etiam

384 4488 724 4544 illustriorem
748 4505 841 4559 per
866 4489 1086 4545 insidias
1109 4492 1353 4547 reddidit.
1371 4493 1550 4563 Neque
1578 4505 1776 4549 tantum
1801 4498 1954 4567 quid-

383 4595 539 4648 quam
571 4581 637 4635 de
664 4581 817 4636 bonis
845 4599 947 4637 non
978 4584 1214 4650 abstulit,
1249 4580 1566 4656 quamquam
1606 4595 1680 4642 tot
1706 4597 1954 4659 tantaque

387 4672 710 4735 abstulisset,
731 4673 824 4728 sed
853 4675 1012 4730 etiam
1039 4675 1268 4745 majores
1284 4677 1331 4731 ei
1352 4677 1562 4732 divitias
1585 4679 1794 4734 virtutis
1816 4693 1954 4734 eom-

385 4763 606 4826 paravit.
639 4764 844 4819 Etenim
891 4767 1091 4836 majore
1135 4767 1389 4837 deinceps
1429 4761 1699 4825 fruebatur
1737 4770 1949 4838 fiducia,

388 4853 577 4921 quippe
598 4854 879 4910 difficiliori
903 4874 1110 4927 quoque
1131 4859 1421 4914 certamine
1447 4860 1772 4929 perfunctus.
1801 4861 1952 4932 Quod

383 4943 426 4995 si
459 4944 520 5004 is,
549 4945 637 5013 qui
668 4953 808 4999 tanta
840 4963 1134 5018 perpessus,
1154 4961 1256 5019 est,
1301 4951 1606 5006 detrimenti
1649 4953 1776 5008 nihil
1802 4968 1954 5009 acce-

385 5034 481 5101 pit,
503 5051 564 5088 ac
594 5051 875 5106 perpessus
903 5056 1005 5094 non
1030 5040 1096 5094 ab
1114 5041 1347 5110 homine,
1372 5045 1463 5099 sed
1480 5061 1508 5098 a
1528 5046 1767 5101 dmmone
1791 5048 1954 5102 omni-

382 5124 480 5179 bus
511 5125 812 5184 hominibus
847 5131 1101 5199 nequiore
1130 5150 1142 5185 :
1167 5134 1292 5202 quid
1318 5139 1675 5202 excusationis
1701 5139 1952 5211 deinceps

382 5216 597 5272 habebit
639 5220 918 5288 quisquam
972 5238 1179 5288 eorum,
1221 5225 1309 5292 qui
1353 5225 1592 5281 dictitant
1634 5247 1647 5283 :
1685 5228 1779 5284 Ille
1821 5231 1952 5285 mihi

378 5306 631 5362 damnum
657 5319 747 5364 aut
789 5311 1162 5368 detrimentum
1204 5316 1422 5371 attulit?
1461 5317 1517 5372 Si
1543 5320 1685 5374 enim
1710 5321 1952 5379 diabolus

378 5406 521 5450 tanta
548 5399 733 5466 plenus
759 5399 1116 5468 improlntatc,
1144 5406 1388 5460 omnibus
1420 5407 1784 5465 instrumentis
1804 5411 1952 5466 adhi-

375 5487 518 5552 bitis,
569 5488 815 5544 omnibus
855 5491 1032 5547 missis
1071 5492 1214 5559 telis,
1263 5496 1507 5551 omnibus
1547 5499 1722 5560 malis.
1751 5516 1867 5571 qua:
1897 5502 1948 5556 in

378 5577 680 5635 hominibus
711 5590 888 5652 erant,
913 5597 1107 5655 magno
1139 5601 1256 5640 cum
1291 5601 1514 5644 excessu
1541 5599 1593 5645 ct
1619 5591 1667 5645 in
1698 5589 1944 5647 familiam

1072 195 1127 252 S.
1169 192 1442 250 JOANNIS
1481 184 1943 247 CllRYSOSTOMi
1980 183 2290 238 ARCHHJ'.
2331 186 2855 244 CONSTANTINOP.

3531 188 3631 248 464

2053 296 2180 367 justi
2210 299 2345 352 illius
2376 307 2428 353 et
2462 299 2516 352 in
2554 313 2746 368 corpus
2781 298 3066 370 congestis,
3111 299 3238 356 nihil
3267 301 3387 360 .viro
3426 303 3616 370 obfuit,

2060 390 2172 456 sed,
2199 401 2255 444 ut
2293 390 2420 457 dixi,
2450 394 2630 460 potius
2653 393 2812 448 etiam
2843 392 3041 462 profuit
3069 412 3081 448 :
3123 396 3212 464 qui
3245 406 3489 464 poterunt
3515 399 3630 467 qui-

2054 477 2176 532 dam
2213 479 2352 534 hunc
2391 490 2483 534 aut
2525 481 2671 536 illum
2698 497 2947 538 accusare
2966 524 2982 549 ,
3012 487 3162 555 quasi
3192 487 3328 547 alter
3355 486 3422 541 ab
3441 487 3612 543 altero

2056 583 2118 624 ac
2140 585 2251 624 non
2283 570 2458 639 potius
2483 586 2512 625 a
2539 573 2839 642 semetipsis
2865 582 3060 628 damno
3089 575 3260 630 affecti

2125 661 2178 714 4.
2427 663 2655 731 exemplo
2673 663 2893 732 idipsum
2913 666 3121 734 probat;
3141 666 3409 736 objectiom'
3429 684 3628 738 respon-

2055 749 2136 802 det
2167 749 2229 804 de
2266 751 2424 821 poenis
2448 762 2494 806 et
2513 752 2795 822 suppliciis.
2820 783 2888 792 --
2915 753 3050 821 Quid
3079 770 3227 825 ergo,
3257 756 3398 811 dicet
3420 757 3631 826 aliquis.

2036 839 2322 894 Adamum
2361 856 2464 896 non
2491 841 2626 896 hesit
2664 857 2726 897 ac
2763 845 3140 913 supplantavit,
3176 855 3230 900 et
3256 846 3501 915 paradiso
3526 851 3640 916 ej..-

2059 930 2171 983 cit?
2199 929 2316 985 Non
2352 932 2458 997 ille,
2490 931 2584 988 sed
2613 933 2726 988 laesi
2760 934 2993 1004 ignavia,
3021 936 3106 1005 qui
3139 952 3238 992 nec
3270 938 3500 1002 sobrius,
3539 954 3636 994 nec

2055 1022 2276 1091 vigilans
2300 1023 2507 1078 fuisset.
2533 1024 2666 1079 Nam
2694 1027 2783 1096 qui
2821 1027 3014 1082 talibus
3051 1043 3113 1082 ac
3150 1029 3304 1082 tantis
3333 1029 3502 1082 allatis
3524 1045 3636 1083 ma-

2058 1110 2233 1166 chinis
2275 1113 2374 1168 Job
2418 1113 2700 1171 deturbare
2743 1118 2996 1187 nequivit,
3045 1119 3308 1188 quomodo
3347 1121 3636 1175 minoribus

2055 1214 2356 1273 superasset
2376 1207 2656 1274 Adamum,
2682 1209 2780 1263 nisi
2799 1211 2844 1263 is
2874 1225 2967 1280 per
2989 1225 3140 1266 suam
3162 1212 3417 1281 ignaviam
3439 1224 3633 1268 semet-

2058 1294 2230 1362 ipsum
2265 1295 2590 1351 dedidisset?
2616 1298 2750 1364 Quid
2781 1301 2973 1370 igitur?
2999 1301 3088 1370 qui
3115 1303 3635 1380 {calumniatoribus

2055 1386 2447 1443 circumventus
2473 1399 2527 1444 et
2569 1391 2846 1459 publicatis
2892 1393 3046 1448 bonis
3083 1395 3410 1464 proscriptus
3435 1404 3536 1460 est,
3563 1413 3634 1449 an

2063 1476 2108 1530 is
2132 1493 2236 1532 non
2259 1478 2506 1533 damnum
2529 1483 2991 1551 acccpitomnibus
3007 1483 3341 1539 facultatibus
3357 1486 3633 1556 spoliatus,

2057 1567 2256 1621 amisso
2285 1569 2621 1638 patrimonio,
2647 1572 2939 1628 colluctans
2972 1590 3094 1629 cum
3124 1585 3358 1629 extrema
3405 1591 3631 1646 pauper-

2062 1658 2201 1713 tate?
2231 1659 2343 1714 Non
2383 1661 2634 1716 damnum
2684 1666 2909 1734 accepit,
2949 1665 3042 1720 sed
3088 1667 3311 1732 lucrum,
3343 1668 3392 1722 si
3424 1669 3640 1725 sobrius,

2056 1759 2157 1804 est.
2199 1750 2336 1818 Quid
2375 1754 2538 1821 enim,
2582 1769 2784 1824 qumso,
2823 1757 2873 1810 id
2912 1757 3079 1811 obfuit
3116 1759 3404 1827 apostolis?
3445 1760 3633 1816 Nonne

2061 1855 2181 1894 cum
2212 1843 2370 1906 fame,
2401 1843 2507 1907 siti,
2540 1845 2777 1901 nuditate
2821 1848 3153 1903 continenter
3187 1849 3550 1904 luctabantur?
3579 1861 3632 1906 et

2055 1931 2124 1984 ob
2155 1932 2254 1985 hoc
2279 1933 2448 2002 ipsum
2477 1935 2701 2002 proinde
2728 1937 2890 1991 etiam
2918 1937 3201 1993 admodum
3225 1940 3455 1994 illustres
3482 1950 3631 1996 erant

2056 2029 2110 2074 et
2153 2021 2302 2088 clari,
2345 2039 2698 2095 magnumque
2733 2041 2764 2080 a
2807 2027 2916 2082 Deo
2958 2029 3211 2083 auxilium
3257 2029 3630 2099 impetrarunt.

2056 2111 2189 2176 Quid
2223 2113 2421 2168 Lazaro
2447 2115 2687 2180 morbus,
2720 2117 2918 2183 ulcera,
2942 2129 3244 2188 paupertas,
3287 2122 3518 2176 solitudo
3538 2138 3632 2178 eo-

2056 2222 2175 2260 rum
2204 2207 2291 2276 qui
2318 2208 2650 2275 assisterent,
2688 2210 2894 2265 obfuit?
2925 2213 3114 2267 Annon
3143 2213 3224 2267 bis
3255 2215 3410 2269 rebus
3436 2217 3484 2270 ei
3516 2233 3632 2268 ma-

2056 2298 2134 2368 gis
2165 2308 2289 2352 sunt
2325 2310 2586 2356 contextae
2615 2303 2869 2356 coronae?
2899 2302 3034 2370 Quid
3063 2304 3296 2374 Josepho
3332 2307 3467 2360 mala
3493 2308 3635 2364 fama

2057 2390 2200 2445 domi
2248 2392 2482 2469 forisque
2519 2394 2776 2450 collecta?
2804 2411 2925 2449 natu
2960 2406 3014 2451 et
3045 2397 3253 2452 adulter
3277 2409 3331 2453 et
3371 2410 3633 2455 scortator

2060 2483 2355 2540 habebatur
2387 2502 2400 2538 :
2428 2486 2551 2556 quid
2581 2487 2851 2542 servitus?
2877 2489 3000 2558 quid
3030 2489 3310 2544 exsilium?
3336 2491 3524 2545 Annon
3565 2494 3640 2545 oh

2055 2573 2170 2630 haec
2186 2591 2306 2630 eum
2336 2577 2562 2630 maxime
2587 2577 2908 2632 admiramur
2943 2587 2997 2633 et
3018 2579 3476 2648 ObSlilpeSClHIUS?
3497 2583 3635 2649 Quid

2058 2665 2180 2721 dico
2209 2667 2474 2733 exsilium,
2505 2676 2890 2737 paupertatem,
2934 2675 3124 2722 malam
3155 2670 3368 2735 famam,
3391 2679 3444 2726 et
3468 2673 3634 2725 servi-

2062 2759 2266 2813 tutem?
2294 2758 2434 2813 Mors
2463 2760 2604 2813 enim
2630 2759 2743 2829 ipsa
2776 2760 2902 2830 quid
2946 2760 3078 2815 Abel
3107 2761 3293 2826 obfuit,
3324 2772 3378 2818 et
3404 2763 3635 2819 violenta

2056 2856 2111 2903 et
2138 2847 2438 2913 immatura,
2469 2858 2522 2905 et
2565 2865 2664 2920 per
2689 2848 2868 2906 fratris
2895 2867 3108 2910 manum
3149 2853 3405 2908 scelerate
3439 2855 3635 2909 allata?

2057 2938 2250 2995 Annon
2279 2937 2416 2994 hanc
2445 2939 2515 2994 ob
2539 2957 2653 2994 rem
2673 2940 2871 3012 ubique
2900 2950 3160 2996 terrarum
3190 2942 3522 2998 celebratur?
3545 2944 3636 2998 Vi-

2056 3029 2222 3087 desne
2244 3041 2301 3084 ut
2329 3031 2480 3102 plura
2506 3047 2662 3102 quam
2690 3033 3010 3102 promiserit,
3035 3035 3205 3089 oratio
3221 3033 3634 3090 demonstrarit?

2058 3121 2175 3178 Non
2215 3122 2357 3178 enim
2411 3130 2614 3178 tantum
2659 3125 2947 3179 declaravit
2985 3127 3251 3180 neminem
3295 3141 3322 3178 a
3366 3142 3634 3198 quoquam

2057 3213 2254 3268 damno
2283 3212 2448 3280 afci,
2474 3229 2660 3268 verum
2691 3214 2849 3269 etiam
2889 3217 3067 3284 potius
3107 3215 3311 3269 lucrum
3336 3214 3510 3271 facere
3539 3231 3636 3271 eos

2062 3305 2151 3374 qui
2179 3303 2279 3358 sibi
2310 3307 2607 3360 attendunt.
2638 3307 2799 3374 Cujus
2833 3306 2990 3376 igitur
3015 3309 3182 3378 gratia
3221 3323 3392 3379 poma:
3433 3318 3488 3364 et
3509 3325 3636 3381 sup-

2058 3396 2255 3467 plicia?
2295 3397 2438 3453 dicet
2481 3399 2708 3468 aliquis;
2753 3399 2904 3468 cujus
2951 3401 3118 3470 gratia
3159 3401 3438 3471 gelienna?
3484 3403 3637 3473 cujus

2057 3489 2223 3558 gratia
2255 3495 2332 3542 tot
2359 3489 2515 3542 mium
2547 3489 2909 3557 intenduntur,
2956 3492 3000 3546 si
3044 3507 3202 3546 nemo
3244 3509 3341 3548 nec
3381 3495 3632 3550 damnum

2058 3579 2167 3643 dat,
2195 3594 2294 3632 nec
2317 3579 2506 3649 accipit
2585 3579 2721 3646 Quid
2761 3581 2933 3636 dicis?
2963 3582 3087 3651 quid
3118 3583 3400 3640 confundis
3431 3587 3634 3640 oratio-

2058 3671 2220 3725 nem?
2247 3671 2428 3745 Neque
2453 3672 2595 3726 enim
2625 3673 2753 3738 dixi,
2780 3675 3045 3730 neminem
3077 3675 3329 3733 damnum
3359 3679 3506 3745 dare,
3537 3677 3634 3736 sed

2064 3763 2330 3816 neminem
2352 3741 2614 3833 accipere.
2634 3763 2814 3835 Ecqua
2835 3765 3039 3819 ratione
3058 3766 3166 3820 fieri
3189 3777 3381 3838 potest,
3405 3769 3630 3838 inquies,

2059 3855 2240 3908 multis
2263 3854 2513 3910 damnum
2539 3854 2788 3910 dantibus
2825 3873 2931 3910 non
2974 3859 3201 3928 aliquem
3237 3861 3515 3931 accipere?
3561 3863 3634 3917 Ea

2057 3961 2159 4014 qua
2209 3948 2320 4014 jam
2375 3944 2530 3999 docui
2587 3947 2813 4002 ratione.
2877 3947 3007 4000 Nam
3061 3960 3113 4002 ct
3162 3949 3396 4020 Joscplio
3445 3950 3636 4007 fratres

2060 4038 2312 4092 damnum
2341 4037 2623 4107 dederunt,
2653 4039 2764 4109 ipse
2792 4049 2964 4094 tamen
3001 4057 3105 4096 non
3135 4045 3340 4113 accepit
3369 4061 3381 4097 :
3423 4053 3475 4099 et
3500 4046 3635 4100 Abel

2058 4128 2277 4183 insidias
2302 4129 2523 4184 tetendit
2549 4129 2703 4198 Cain,
2737 4131 2826 4186 ille
2856 4141 3030 4188 tamen
3063 4134 3126 4186 iis
3173 4151 3279 4189 non
3306 4146 3386 4190 est
3415 4137 3636 4205 implici-

2060 4229 2163 4275 tus.
2189 4221 2299 4276 Hac
2319 4221 2385 4276 de
2414 4236 2571 4275 causa
2603 4237 2774 4291 preme
2805 4231 2860 4278 et
2885 4225 3140 4293 supplicia
3169 4230 3450 4280 constituta
3487 4237 3631 4281 sunt.

2059 4311 2238 4381 Neque
2264 4312 2405 4366 enim
2435 4312 2504 4366 ob
2544 4328 2728 4366 eorum
2773 4316 2861 4383 qui
2887 4315 3160 4383 patiuntur
3198 4317 3467 4380 virtutem,
3496 4317 3635 4372 Deus

2060 4417 2246 4472 poenas
2295 4401 2459 4466 tollit,
2512 4403 2606 4457 sed
2665 4413 2880 4472 pr0pter
2928 4405 3318 4474 improbitatem
3371 4407 3635 4463 malitiose

2056 4495 2344 4565 agentium,
2371 4497 2618 4565 proponit
2644 4497 2917 4566 supplicia.
2944 4498 3056 4552 Etsi
3086 4499 3226 4553 enim
3248 4501 3337 4569 qui
3365 4501 3486 4555 mali
3507 4501 3633 4570 quid

2059 4586 2127 4639 ab
2158 4587 2552 4641 insidiatoribus
2593 4588 2884 4660 patiuntur,
2930 4589 3243 4644 illustriores
3281 4590 3532 4657 evadunt,
3583 4594 3641 4648 id

2058 4687 2234 4734 tamen
2263 4694 2369 4734 non
2395 4678 2756 4735 insidiantium
2785 4683 2968 4746 menti,
3001 4681 3094 4736 sed
3123 4698 3306 4736 eorum
3337 4681 3528 4753 quibus
3556 4686 3638 4738 in-

2057 4769 2206 4824 sidize
2237 4778 2511 4826 struuntur
2537 4770 2831 4827 fortitudini
2859 4772 3196 4826 tribuendum
3243 4782 3343 4828 est.
3375 4773 3638 4841 Quocirca

2059 4859 2142 4914 his
2167 4861 2437 4931 sapientiae
2460 4863 2696 4932 prtemia,
2744 4863 2849 4920 illis
2873 4865 3121 4933 nequitia:
3153 4867 3410 4935 supplicia
3431 4866 3639 4922 consti-

2059 4960 2274 5008 tuuntur
2297 4970 2358 5009 ac
2404 4964 2786 5026 praeparantur.
2826 4956 3094 5026 Spoliatus
3134 4974 3193 5012 es
3225 4959 3492 5026 pecuniis?
3520 4959 3635 5023 Dic,

2060 5044 2246 5100 Nudus
2266 5063 2489 5117 egressus
2513 5064 2623 5101 sum
2656 5064 2718 5102 ex
2737 5057 2874 5102 utero
2903 5049 3078 5102 matris
3116 5065 3257 5113 mare,
3302 5051 3468 5104 nudus
3486 5051 3638 5104 etiam

2057 5148 2273 5192 revertar
2323 5139 2451 5211 (Job
2524 5141 2575 5195 1.
2602 5140 2665 5194 21
2691 5141 2743 5211 )
2772 5141 2907 5196 adde
2933 5141 3058 5195 illud
3103 5142 3449 5210 apostolicum
3483 5158 3499 5195 :
3530 5141 3637 5196 Ni-

2057 5230 2129 5282 hil
2153 5231 2283 5282 enim
2305 5231 2567 5284 intulimus
2587 5231 2638 5283 in
2659 5231 2791 5284 hunc
2811 5231 3091 5295 mundum;
3121 5233 3256 5284 haud
3280 5232 3480 5285 dubium
3501 5238 3640 5300 quod

2056 5337 2146 5374 nec
2174 5325 2372 5390 auferre
2395 5322 2514 5390 quid
2541 5337 2802 5391 possumus
2825 5323 2902 5390 (i.
2923 5322 3058 5376 Tim.
3089 5322 3140 5376 6.
3163 5323 3239 5394 7).
3270 5322 3403 5377 Male
3417 5324 3609 5377 audisti
3621 5371 3641 5396 ,

2055 5425 2118 5464 ac
2144 5419 2196 5464 te
2221 5414 2484 5465 sexcentis
2510 5411 2744 5480 quipiam
2789 5413 3048 5468 conviciis
3075 5415 3398 5468 onerarunt?
3434 5415 3632 5469 Recor-

2054 5500 2183 5555 dare
2205 5501 2343 5554 illius
2363 5500 2486 5555 dicti
2521 5519 2534 5556 :
2571 5500 2655 5556 Va:
2671 5504 2806 5557 vobis
2825 5521 2936 5556 cum
2977 5503 3314 5558 beitrdixcrint
3360 5520 3442 5558 vos
3463 5522 3636 5559 omnes

2061 5594 2280 5647 homines
2303 5593 2446 5662 (Luc.
2479 5593 2530 5648 6.
2567 5593 2697 5663 26);
2734 5605 2822 5664 et,
2869 5595 3091 5650 Gaudete
3131 5608 3176 5650 et
3220 5597 3482 5661 exsultute,
3516 5615 3635 5652 cum
