4100 6196
489 270 600 323 465

490 387 682 455 ὄνομα
731 389 1017 455 πονηρόν.
1080 388 1223 458 Πρὸς
1274 390 1373 456 τὴν
1423 390 1719 461 ὑπερορίαν
1773 393 2155 464 μετῳκίσθης;

504 473 785 543 Ἐννόησον
813 475 894 527 ὅτι
920 476 1019 527 οὐκ
1047 475 1192 545 ἔχεις
1226 477 1459 530 ἐνταῦθα
1493 479 1747 550 πατρίδα,
1778 478 1928 552 [449]
1963 481 2077 534 ἀλλ’
2108 483 2157 535 εί

496 560 710 629 μέλλεις
754 561 1082 630 φιλοσοφεῖν,
1120 563 1213 614 καὶ
1241 563 1341 632 τὴν
1366 564 1469 634 γῆν
1498 563 1715 618 ἃπασαν
1744 566 1901 636 ξένην
1935 567 2153 620 ἐκελεύ-

494 646 629 717 σθης
666 642 804 700 εἶναι
839 648 1102 718 νομίζειν.
1157 647 1320 701 Ἀλλά
1367 649 1510 720 νόσῳ
1556 652 1859 727 παρεδόθης
1907 652 2152 724 χαλεπῆς

491 735 628 787 Εἰπὲ
656 734 717 788 τὸ
744 734 1099 787 ἀποστολικὸν
1123 735 1301 789 ἐκεῖνο
1321 751 1334 766 ’
1367 736 1531 801 Ὅσῳ
1562 738 1594 790 ὸ
1617 738 1838 802 ἔξωθεν
1861 739 2028 807 ἡμῶν
2048 740 2153 792 ἄν-

491 824 725 889 θρωπος
759 820 1174 889 διαφθείρεται,
1200 824 1468 890 τοσούτῳ
1505 828 1538 879 ό
1566 826 1687 879 ἔσω
1729 827 2153 881 ἀνακαινοῦται

491 909 680 977 ἡμέρᾳ
708 909 807 962 καὶ
834 908 1044 978 ἡμέρᾳ.
1093 910 1252 963 Ἀλλά
1280 911 1505 966 θάνατον
1536 914 1791 984 ὑπέμεινέ
1818 932 1902 978 τις
1939 915 2113 985 βίαιον
2136 932 2151 982 ;

505 996 788 1066 Ἐννόησον
831 996 922 1050 τὸν
966 998 1243 1069 Ἰωάννην,
1282 1001 1374 1053 καὶ
1402 1003 1501 1071 τὴν
1540 1003 1946 1072 ἀποτμηθεῖσαν
1973 1007 2029 1057 ἐν
2070 1004 2155 1057 δε-

493 1085 789 1155 σμωτηρίῳ
818 1086 1082 1158 κεφαλὴν,
1116 1088 1209 1141 ἐπὶ
1232 1088 1458 1152 πίνακος
1480 1089 1810 1159 ἐνεχθεῖσαν,
1840 1093 1933 1145 καὶ
1966 1098 2154 1162 πορνι-

491 1172 595 1241 κῆς
621 1173 903 1243 ὀρχήσεως
935 1174 1237 1245 γενομένην
1262 1175 1474 1247 μισθόν.
1524 1177 1806 1249 Ἐννόησον
1837 1179 1936 1243 τὰς
1968 1179 2154 1233 ἐντεῦ-

491 1258 583 1309 θεν
629 1258 899 1328 ἁμοιϐἀςο
953 1260 1125 1314 ταῦτα
1155 1260 1263 1333 γὰρ
1297 1261 1514 1315 ἅπαντα
1555 1263 1624 1316 τὰ
1671 1264 1987 1335 παθήματα,
2028 1267 2155 1319 ὅταν

491 1344 694 1409 ἀδίκως
720 1346 871 1418 παρά
896 1363 1043 1411 τινος
1066 1348 1343 1420 ἐπάγηταί
1363 1368 1487 1413 τινι,
1516 1351 1607 1404 καὶ
1624 1352 1991 1423 ἁμαρτήματα
2016 1354 2151 1420 λύει,

493 1433 587 1485 καὶ
599 1431 946 1504 δικαιοσύνην
962 1435 1274 1506 ἐργάζεται.
1300 1436 1565 1491 Τοσοῦτον
1588 1438 1768 1492 αὐτῶν
1781 1440 1880 1510 τῆς
1893 1440 2158 1509 ὠφελείας

491 1519 553 1572 τὸ
594 1518 822 1597 μέγεθος
851 1521 944 1574 ἐπὶ
976 1522 1086 1576 τῶν
1117 1523 1378 1591 γενναίως
1406 1523 1544 1577 αὐτά
1571 1525 1864 1597 φερόντων.

564 1586 625 1659 ελ.
654 1586 822 1659 Ὅταν
839 1603 931 1662 οὖν
957 1610 1094 1679 μήτε
1112 1586 1285 1680 ζημία
1304 1586 1620 1682 χρημάτων,
1638 1586 1777 1684 μήτε
1808 1613 2157 1683 συκοφαντίαι

493 1692 588 1745 καὶ
615 1692 894 1764 λοιδορίαι,
924 1696 1063 1766 μήτε
1086 1695 1147 1749 τδ
1179 1698 1315 1769 πρὸς
1350 1700 1448 1769 τὴν
1481 1699 1772 1771 ὑπερορίαν
1802 1701 2154 1772 μεταστῆναι,

498 1780 634 1849 μήτε
658 1780 800 1833 νόσοι
832 1781 924 1834 καὶ
952 1781 1194 1852 βάσανοι,
1245 1785 1381 1856 μήτε
1410 1785 1566 1849 αὐτὸ,
1597 1786 1626 1840 δ
1655 1789 1869 1841 πάντων
1893 1788 2039 1842 δοκεῖ
2064 1806 2186 1858 φοο-

493 1864 801 1937 ϐερώτερον
846 1862 1006 1933 εἶναι,
1040 1870 1069 1921 ό
1109 1868 1359 1935 θάνατος,
1412 1871 1622 1945 βλάπτῃ
1663 1875 1790 1937 τοὺς
1832 1874 2156 1944 πάσχοντας,

492 1949 633 2003 ἀλλά
663 1952 757 2004 καὶ
784 1952 969 2025 ὠφελῇ
1029 1954 1314 2025 μειζόνως,
1346 1956 1510 2012 πόθεν
1545 1958 1686 2030 ἔχεις
1732 1977 1821 2031 μοι
1846 1961 2014 2029 δεῖξαί
2038 1980 2156 2016 τινα

490 2036 866 2109 ἀδικούμενον,
896 2041 1025 2096 ὅταν
1060 2042 1309 2097 ἐντεῦθεν
1353 2045 1521 2116 μηδὲν
1552 2047 1835 2118 ἀδικῆται;
1881 2048 2022 2119 Ἐγὼ
2049 2052 2157 2122 γὰρ

491 2125 802 2179 τούναντίον
845 2126 1125 2194 ἀποδεῖξαι
1161 2131 1518 2203 πειράσομαι,
1564 2134 1647 2188 ὃτι
1688 2136 1738 2188 οἱ
1777 2135 2013 2205 μάλιστα
2040 2137 2157 2190 ἀδι-

493 2210 751 2281 κούμενοι
788 2213 879 2265 καὶ
917 2213 1377 2286 ἐπηρεαζόμενοι,
1407 2219 1502 2271 καὶ
1527 2218 1595 2273 τὰ
1623 2221 1898 2291 ἀνήκεστα
1923 2222 2158 2291 πάσχον-

492 2314 606 2361 τες,
633 2297 684 2349 οῖ
714 2297 886 2352 ταῦτα
913 2299 1190 2363 ποιοῦντές
1223 2304 1350 2357 εἰσι.
1378 2299 1444 2357 Τί
1470 2304 1580 2376 γὰρ
1602 2306 1933 2379 ἀθλιώτερον
1962 2308 2156 2378 γένοιτ’

492 2382 559 2436 ἂν
594 2383 689 2437 τοῦ
726 2385 890 2449 Κάῖν,
923 2384 1019 2439 τοῦ
1050 2388 1273 2442 τοιαῦτα
1299 2390 1391 2444 τὸν
1415 2392 1644 2463 ἀδελφὸν
1673 2393 1982 2460 διαθέντος;
2014 2396 2065 2448 τί
2099 2395 2156 2448 δέ

491 2470 594 2553 τῆς
620 2470 888 2524 Φιλίππου
918 2474 1178 2540 γυναικὸς
1213 2476 1593 2549 ἐλεεινότερον,
1630 2482 1730 2550 τῆς
1773 2483 1862 2535 τὸν
1907 2483 2157 2553 Ἰωάννην

493 2551 909 2624 ἀποτεμούσηςς
936 2556 991 2609 τί
1016 2556 1073 2610 δέ
1091 2558 1201 2612 τῶν
1225 2559 1468 2629 ἀδελφῶν
1488 2562 1583 2616 τοῦ
1617 2565 1833 2636 Ἰωσὴφ,
1849 2566 1958 2619 τῶν
1975 2568 2078 2620 ἀπε
2087 2551 2156 2638 μ-

491 2638 843 2710 πολησάντων
871 2642 1053 2707 αὐτὸν,
1088 2645 1181 2699 καὶ
1231 2646 1368 2717 πρὸς
1405 2647 1505 2720 τὴν
1556 2650 1849 2722 ὑπερορίαν
1890 2669 2159 2726 μεταστη-

488 2726 707 2783 ,σάντων
725 2729 750 2794 ;’
767 2729 820 2782 τί
846 2729 904 2783 δὲ
945 2731 1039 2785 τοῦ
1071 2731 1320 2786 διαϐόλου
1348 2735 1441 2788 τοῦ
1480 2736 1571 2790 τὸν
1611 2738 1730 2791 Ἰὼϐ
1759 2740 2031 2805 τοσούτοις
2054 2758 2157 2795 κα-

490 2812 821 2880 ταξάναντος
845 2820 1073 2885 κακοῖς;
1105 2821 1180 2873 Οὐ
1209 2819 1317 2893 γὰρ
1353 2821 1418 2893 δὴ
1451 2825 1610 2895 μόνον
1647 2827 1756 2881 τῶν
1793 2829 1987 2894 ἄλλων,
2022 2830 2158 2884 ἀλλά

492 2899 590 2987 καὶ,
615 2899 789 2966 οὕτως
810 2904 871 2955 οὐ
888 2904 1014 2977 ,τὴν
1047 2906 1315 2977 τυχοῦσαν
1338 2907 1498 2964 δώσει
1529 2912 1685 2985 δίκην
1712 2915 1813 2986 τῆς
1843 2916 2155 2987 ἐπιϐουλῆς.

492 2983 646 3051 Εἶδες
692 2990 811 3054 πῶς
842 2993 1120 3047 κάνταῦθα
1173 2995 1345 3051 πλείω
1388 3000 1489 3069 τῆς
1537 2983 1884 3073 ὑποσχέσεως
1925 3007 1954 3059 δ
2000 2983 2159 3074 λόγος

408 3072 429 3081 “
492 3074 810 3147 ἀπέδειξενς
837 3082 897 3134 οὐ
929 3082 1089 3153 μόνον
1121 3085 1379 3157 οὐδεμίαν
1397 3088 1576 3160 λύμην
1595 3072 1709 3144 ἀπὸν
1723 3091 1832 3148 τῶν
1857 3072 2158 3148 ἐπιϐούλων

491 3160 697 3217 τούτων
719 3165 1090 3237 ὑπομένοντας
1121 3174 1252 3238 τοὺς
1278 3176 1771 3247 ἐπηρεαζομένους,
1805 3179 1942 3233 ἀλλά
1968 3182 2061 3235 καὶ
2098 3181 2159 3235 τὸ

494 3249 604 3337 πᾶν
635 3252 716 3315 είς
744 3252 843 3325 τὴν
860 3254 969 3309 τῶν
1004 3258 1466 3317 ἐπιϐουλευόντων
1500 3267 1961 3337 περιτρεπόμενον
1987 3286 2159 3337 κεφα-

491 3332 626 3426 ληη
664 3339 881 3426 Ἐπειδὴ
904 3341 1012 3415 γὰρ
1036 3344 1161 3399 οὐτε
1177 3347 1427 3416 πλοῦτος,
1458 3332 1584 3404 οὐτε
1605 3332 1674 3405 τδή
1693 3332 1974 3426 ἐλεύθερον
1995 3332 2158 3421 εἶναι,

492 3421 617 3512 οὐτε
646 3425 705 3477 τὸ
737 3429 972 3499 πατρίδα
1008 3433 1200 3497 οίκείν,
1235 3434 1359 3490 οὐτε
1386 3437 1455 3491 τά
1498 3438 1652 3505 ἄλλα,
1688 3438 1832 3512 άπερ
1861 3421 2034 3509 εἷπον,
2062 3445 2158 3498 ἁν-

496 3507 716 3599 θρώπου
743 3515 882 3569 είσὶν
898 3516 1113 3587 ἀρεταὶ,
1139 3520 1276 3576 ἀλλά
1302 3523 1403 3594 τῆς
1428 3523 1606 3594 ψυχῆς
1628 3525 1697 3579 τὰ
1725 3507 2123 3599 κατορθώματα
2141 3548 2156 3562 ·

493 3595 738 3688 είκότως,
773 3601 902 3657 ὅταν
932 3607 1012 3669 είς
1044 3608 1217 3663 ταῦτα
1246 3611 1279 3680 ἡ
1314 3609 1486 3684 βλάϐη
1536 3613 1776 3683 γίνηται,
1820 3595 2029 3688 οὐδὲν-ἠ
2062 3620 2159 3671 ἀν-

494 3681 741 3760 θρωπίνη
785 3692 1237 3763 παραϐλάπτεται
1276 3681 1484 3770 ἀρετή.-
1508 3700 1574 3752 Τί
1613 3681 1727 3764 οῦν,
1763 3701 1831 3755 ἂν
1866 3705 1946 3764 είς
1989 3681 2159 3776 αὐτὴν

491 3787 578 3860 τις
604 3777 928 3852 παραϐλαϐῇ
954 3781 1056 3853 τῆς
1074 3782 1256 3856 ψυχῆς
1270 3786 1368 3858 τὴν
1390 3786 1728 3858 φιλοσοφίαν;
1747 3789 1881 3844 Οὐδέ
1906 3792 2158 3860 ἐνταῦθα,

494 3858 563 3912 ἂν
605 3861 805 3936 βλαϐῇ,
853 3868 985 3941 παρ’
1040 3870 1229 3943 ἐτέρου
1281 3872 1599 3943 βλάπτεται,
1633 3874 1748 3929 ἀλλ’
1800 3877 2012 3933 οἴκοθεν
2065 3858 2160 3934 καῖ

496 3950 629 4037 παρ’
679 3952 896 4010 ἐαυτοῦ.
947 3956 1074 4022 Πῶς
1118 3959 1331 4015 οἴκοθεν
1377 3962 1471 4015 καὶ
1521 3963 1652 4036 παρ’
1701 3965 1918 4031 ἑαυτοῦ,
1960 3968 2158 4037 φησίν;

495 4029 668 4124 ἶοταν
695 4041 1017 4111 μαστιχθεὶς
1050 4046 1182 4117 παρ’
1209 4048 1454 4114 ὁτουοῦν,
1489 4048 1523 4121 ἢ
1553 4029 1622 4104 τά
1649 4050 1777 4105 ὄντα
1821 4029 2160 4124 ἀφαιρεθεὶς,

561 4120 802 4212 χαλεπήν
826 4143 949 4182 τινα
966 4115 1165 4202 ἑτέραν
1185 4133 1486 4204 ὑπομείνας
1510 4115 1800 4208 ἐπήρειαν,
1841 4115 2160 4212 βλάσφημόν

492 4221 553 4301 τι
576 4208 726 4280 ῥῆμα
754 4212 1037 4301 ἐξενέγκῃ,
1061 4217 1266 4291 ἐϐλάϐη
1293 4221 1392 4292 μὲν
1425 4224 1683 4290 ἐνταῦθα,
1708 4227 1803 4280 και
1836 4208 2164 4301 βλάϐην-’με-

495 4294 713 4388 γίστην,
737 4299 797 4352 οὐ
832 4300 942 4372 μὴν
971 4304 1123 4376 παρὰ
1146 4306 1240 4360 τοῦ
1272 4309 1698 4380 ἐπηρεάσαντος,
1726 4294 1861 4371 ἀλλά
1887 4294 2037 4388 παρά
2064 4294 2161 4388 τῆς

494 4384 1118 4483 οίκείιιςωμικροιίςυχίαςῙ
1168 4394 1356 4483 ’ρπερι
1375 4396 1485 4468 γάρ
1511 4397 1821 4470 ἔμπροσθεν
1858 4384 2039 4483 εἷπον,
2068 4384 2171 4468 καὶ,

494 4470 590 4565 νῦν
809 4477 984 4543 οὐδεὶς
1027 4470 1468 4553 ἀνθρώπων’κᾶν
1516 4488 1779 4559 μυριάκις
1902 4492 2157 4565 πονηρὸς,

494 4561 588 4614 τοῦ
621 4562 920 4634 ἀλάστορος
943 4568 1154 4624 ἐκείνου
1180 4569 1437 4642 δαίμονος
1466 4575 1562 4627 καὶ
1575 4561 2000 4645 ἀκαταλλάκτως

493 4653 640 4744 ἡμᾶς
673 4654 908 4726 ἔχοντος,
932 4657 1025 4713 τοῦ
1059 4659 1326 4728 διαϐόλου,
1352 4663 1718 4738 πονηρότερον
1751 4666 1816 4722 ἄν
1856 4685 1961 4723 τινι
1989 4688 2159 4744 προσ-

495 4742 668 4809 ϐάλοι,
703 4745 825 4799 οὐδέ
867 4748 1192 4822 πικρότερον
1217 4766 1231 4782 ⁸
1277 4751 1396 4806 ἀλλ’
1441 4754 1590 4825 ὅμως
1648 4757 1677 4808 ὁ
1720 4756 1955 4827 χαλεπὸς
2002 4742 2159 4826 οὗτος

493 4828 706 4920 δαίμων
751 4836 853 4889 οὐκ
900 4837 1088 4908 ἴσχυσε
1134 4839 1226 4894 τὸν
1260 4840 1368 4913 πρὸ
1401 4841 1496 4897 τοῦ
1530 4842 1719 4914 νόμου,
1770 4845 1861 4900 τὸν
1909 4847 2013 4917 πρὸ
2058 4849 2159 4920 τῆς

496 4917 737 5007 χάριτος,
758 4923 1001 4977 τοσαῦτα
1032 4927 1155 4982 κατ’
1191 4928 1357 4983 αὐτοῦ
1387 4929 1517 5002 βέλη
1541 4932 1635 4985 καὶ
1659 4932 1802 4987 οὕτω
1828 4937 2000 5007 πικρὰ
2024 4917 2160 4990 παν-

490 5004 725 5097 ταγόθεν
742 5009 941 5097 ἀφεὶς,
976 5014 1332 5072 ὑποσκελίσαι
1374 5018 1471 5073 καὶ
1519 5021 1860 5076 καταϐαλεῖν.
1906 5004 2158 5097 Τοσαύτη

491 5089 595 5162 τῆς
625 5092 805 5165 ψυχῆς
841 5097 991 5152 ἐστιν
1019 5103 1053 5170 η
1097 5101 1370 5170 εὐγένεια.
1409 5106 1475 5159 Τί
1505 5107 1562 5161 δὲ
1603 5109 1632 5161 δ
1673 5108 1911 5175 Παῦλος;
1951 5113 2027 5165 Οὐ
2065 5089 2158 5167 ’το-ί

497 5178 670 5271 σαῦτα
690 5181 865 5271 ἐπαθε
888 5182 1080 5251 ’δεινὼ
1113 5187 1150 5242 ἃ
1187 5190 1321 5261 μηδέ
1364 5194 1657 5260 καταλέξαι
1694 5198 1908 5269 ῥᾴδιονς
1936 5201 2160 5271 Δεσμω-

493 5267 662 5337 τήρια
689 5267 841 5342 [450]
866 5273 1051 5339 οἰκῶν,
1082 5274 1301 5341 ἁλύσεις
1332 5267 1747 5351 περικείμενος,
1764 5267 2158 5357 ἀγόμενος-καὶ

494 5357 913 5426 περιαγόμενος,
952 5363 1383 5436 μαστιγούμενος
1417 5369 1568 5441 παρὰ
1611 5370 1909 5442 Ἰουδαίων,
1940 5375 2157 5441 λιθαζόο

500 5455 681 5529 μενος,
717 5443 815 5515 οὐχ
862 5446 1017 5517 ίμάσι
1052 5451 1256 5520 μόνοις,
1302 5453 1440 5508 ἀλλὰ
1486 5457 1583 5509 καὶ
1635 5459 1848 5529 ῥάϐδοις
1895 5460 1965 5515 τὰ
2009 5463 2156 5517 νῶτα

496 5528 829 5623 ξαινόμενος,
861 5537 1410 5623 καταποντιζόμενος,
1441 5541 1668 5615 λῃσταῖς
1702 5546 1960 5613 πολλάκις
2002 5568 2159 5623 περι-

498 5612 1022 5709 πίπτων,ἐμφύλιον
1044 5622 1334 5695 ὑπομένων
1351 5612 1607 5701 πόλεμον,
1626 5633 1778 5703 παρά
1797 5635 1906 5689 τῶν
1923 5612 2154 5709 ἐχθρῶν,

507 5703 657 5775 ποιρά
685 5708 795 5763 τῶν
813 5710 1101 5782 γνωρίμων
1125 5710 1451 5785 βαλλόμενος
1470 5716 1754 5788 διηνεκῶς,
1788 5703 2151 5792 μυρία-ις-ἐπιο

1269 274 1327 332 S.
1368 275 1655 331 JOAXNIS
1693 275 2188 333 CHRYSOSTORH
2231 277 2542 334 ARCIHEP.
2585 279 3129 339 CONSTANTINOP.

3814 292 3919 344 4156

2261 392 2653 464 ϐουλευόμενος
2680 396 3013 461 ἐπιϐουλαῖς,
3044 396 3189 468 λιμῷ
3211 396 3307 451 καὶ
3331 400 3626 472 γυμνότητι
3652 403 3915 463 παλαίων,

2260 480 2451 550 ἐτέρας
2486 480 2694 545 πυκνὰς
2725 483 2816 535 καὶ
2856 487 3100 553 συνεχεῖς
3129 485 3417 554 ὑπομένων
3451 489 3798 557 περιστάσεις
3826 496 3920 545 καὶ

2259 568 2498 649 θλίψειςο
2556 570 2652 623 καὶ
2702 570 2755 622 τί
2799 570 2879 624 δεῖ
2918 571 2988 624 τά
3049 570 3219 624 πολλά
3271 571 3484 641 λέγειν;
3525 575 3647 627 καθ’
3681 576 3919 649 ἑκάστην

2258 647 2618 727 ἀποθνήσκων
2647 649 2745 719 τὴν
2787 650 3034 719 ἡμέραν·
3070 650 3185 703 ἀλλ’
3221 651 3371 721 ὅμως
3420 654 3655 707 τοσαῦτα
3697 647 3924 727 πάσχων

2258 725 2352 777 καὶ
2387 724 2712 806 τηλικαῦτα,
2742 727 2802 779 οὐ
2835 728 2992 797 μόνον
3021 728 3173 782 οὐδὲν
3199 728 3460 799 ἐξήνεγκε
3501 732 3649 803 ῥῆμα
3683 724 3922 806 βλάσφη-

2262 820 2383 873 μον,
2420 805 2536 858 ἀλλ’
2579 804 2799 878 ἔχαιρεν
2840 808 2934 860 ἐπὶ
2970 809 3179 871 τούτοις
3218 810 3312 862 καὶ
3358 812 3661 881 ἐκαυχᾶτοο
3696 815 3791 868 καὶ
3827 804 3922 867 νῦν

2262 883 2363 953 μέν
2404 901 2576 953 φησι·
2610 886 2805 955 Χαίρω
2828 886 2896 938 ἐν
2932 886 3056 952 τοῖς
3084 887 3396 955 παθήμασί
3428 909 3567 958 μου·
3599 891 3694 944 νῦν
3721 894 3779 946 δὲ
3812 895 3921 947 πά-

2258 962 2340 1015 λιν
2361 979 2374 992 '
2412 966 2495 1018 Οὐ
2517 967 2710 1033 μόνον
2733 965 2820 1027 δὲ,
2854 966 3014 1019 ἀλλὰ
3040 966 3137 1019 καὶ
3164 967 3515 1036 καυχώμεθα
3548 971 3617 1024 ὲν
3638 971 3767 1036 ταῖς
3791 973 3922 1026 θλί-

2258 1046 2465 1112 ψεσιν.
2513 1045 2576 1096 El
2621 1045 2800 1097 τοίνυν
2832 1044 3068 1099 τοσαῦτα
3102 1048 3328 1117 πάσχων
3371 1048 3534 1111 αὐτὸς
3581 1049 3788 1120 ἔχαιρε,
3828 1058 3924 1107 καὶ

2258 1122 2552 1190 ἐκαυχᾶτο,
2590 1121 2709 1176 τίνα
2748 1123 2888 1188 ἕξεις
2922 1123 3276 1196 συγγνώμην,
3315 1126 3476 1179 ποίαν
3520 1128 3579 1180 δὲ
3630 1130 3924 1198 ἀπολογίαν

2257 1201 2320 1252 σὺ
2356 1200 2415 1251 οὐ
2445 1198 2506 1252 τὸ
2537 1200 2826 1253 πολλοστὸν
2856 1201 3035 1254 αὐτῶν
3082 1203 3371 1273 ὑπομένων
3402 1205 3589 1276 μέρος,
3635 1208 3728 1261 καὶ
3755 1209 3923 1279 βλασο

2259 1292 2492 1347 φημωνς

2330 1364 2405 1421 ς’.
2423 1357 2561 1409 Ἀλλ’
2588 1356 2789 1427 ἐτέρως
2801 1359 3111 1430 ἀδικοῦμαι,
3126 1362 3280 1431 φησὶ,
3300 1362 3401 1415 κᾶν
3420 1362 3494 1433 μὴ
3526 1363 3927 1438 βλασφημήσω,

2257 1435 2327 1517 τά
2377 1439 2637 1517 χρήματα
2686 1438 3002 1508 ἀφαιρεθεὶς
3053 1440 3327 1511 ἄχρηστος
3366 1444 3592 1514 γίνομαι
3643 1446 3783 1516 πρὸς
3811 1435 3929 1517 τὴν

2260 1515 2668 1587 ἐλεημοσύνην,
2723 1518 2878 1587 φησί.
2926 1519 3137 1587 Σκῆψις
3184 1519 3355 1573 ταῦτα
3389 1523 3482 1574 καὶ
3529 1515 3827 1593 πρόφασις.
3869 1515 3930 1581 Et

2258 1594 2369 1666 γὰρ
2407 1595 2494 1648 διὰ
2526 1596 2684 1649 τοῦτο
2732 1597 2941 1664 ἀλγεῖς,
2988 1598 3127 1669 μάθε
3155 1600 3361 1668 σαφῶς,
3398 1601 3478 1654 ὅτι
3506 1603 3662 1655 πενία
3694 1602 3931 1672 ἐλεημο-

2262 1672 2431 1752 σύνης
2457 1674 2518 1727 οὐ
2550 1674 2761 1743 γίνεται
2791 1675 3036 1748 κώλυμα.
3069 1679 3189 1732 Κᾶν
3214 1679 3323 1749 γὰρ
3361 1679 3616 1749 μυριάκις
3656 1676 3707 1733 εῐ
3733 1682 3929 1752 πένης,

2259 1751 2360 1832 οὐκ
2381 1748 2435 1832 εί
2460 1753 2686 1832 πενέστε
2696 1770 2786 1825 ρος
2806 1755 2905 1825 τῆς
2924 1755 3099 1827 δράκα
3122 1748 3539 1832 ἀλεύρουμόνον
3563 1748 3929 1832 κεκτημένης.

2261 1830 2485 1901 καὶτῆς
2523 1830 2615 1884 δύο
2656 1832 2817 1902 μόνον
2871 1834 3105 1905 ἐχούσης
3137 1834 3377 1900 ὀϐολοὺς,
3426 1831 3501 1890 ὧν
3547 1838 3788 1908 ἑκατέρα
3835 1830 3933 1904 τὴν

2260 1911 2448 1965 οὐσίαν
2482 1912 2699 1965 ἃπασαν
2720 1915 2800 1977 είς
2818 1916 2947 1979 τοὺς
2975 1914 3262 1986 δεομένους
3291 1917 3578 1972 κενώσασα
3608 1919 3934 1990 παραδόξως

2261 1990 2583 2062 ἐθαυμάσθη
2608 2008 2622 2022 ⁸
2662 1993 2757 2046 καὶ
2799 1995 2833 2065 ἡ
2880 1994 3118 2066 τοσαύτη
3153 1995 3311 2048 πενία
3350 2000 3419 2067 τῇ
3458 1998 3694 2069 τοσαύτῃ
3741 2002 3934 2067 φιλαν-

2261 2071 2476 2145 θρωπίᾳ
2499 2075 2558 2127 οὐ
2589 2074 2781 2143 γέγονε
2812 2074 3061 2146 κώλυμα,
3090 2077 3206 2130 ἀλλ’
3237 2076 3381 2132 οὑτω
3405 2078 3632 2149 δαψιλὴς
3654 2080 3747 2132 καὶ
3779 2080 3935 2148 φιλό-

2258 2169 2417 2223 τιμος
2450 2156 2482 2225 ἡ
2518 2154 2582 2207 ἐκ
2622 2156 2734 2208 τῶν
2779 2155 2874 2208 δύο
2919 2155 3132 2210 λεπτῶν
3173 2158 3396 2225 γέγονεν
3443 2158 3813 2231 ἐλεημοσύνη,
3860 2161 3934 2225 ὡς

2260 2240 2386 2303 τοὺς
2417 2240 2780 2303 πλουτοῦντας
2802 2241 3049 2306 ἅπαντας
3071 2243 3409 2317 ἀποκρύψαι,
3432 2245 3527 2298 καὶ
3551 2248 3677 2308 τοὺς
3698 2247 3933 2310 πολλοὺς

2261 2326 2539 2398 στατῆρας
2574 2328 2982 2399 καταϐαλόντας
3013 2330 3442 2401 ὑπερακοντίσαι
3469 2333 3548 2403 τῷ
3589 2333 3814 2403 πλούτῳ
3839 2336 3933 2404 τῆς

2259 2412 2486 2486 γνώμης
2519 2415 2614 2467 καὶ
2658 2418 2724 2486 τῇ
2760 2416 3055 2489 περιουσίᾳ
3092 2417 3195 2488 τῆς
3240 2418 3570 2490 προθυμίας.
3605 2420 3775 2473 Ὥστε
3815 2421 3935 2474 οὐδέ

2261 2500 2501 2555 ἐνταῦθα
2551 2502 2828 2574 ἠδίκησαι,
2860 2502 2997 2557 ἀλλά
3050 2505 3148 2559 καὶ
3190 2505 3455 2576 μειζόνως
3502 2506 3826 2576 ἐκέρδανας,
3866 2506 3935 2561 δι’

2260 2588 2449 2661 ὀλίγης
2488 2591 2750 2660 εἰσφορᾶς
2789 2589 2898 2643 τῶν
2930 2590 3001 2645 τά
3035 2591 3208 2646 πολλά
3237 2593 3584 2647 καταθέντων
3613 2593 3936 2665 λαμπροτέ-

2264 2693 2391 2747 ρους
2419 2676 2601 2730 λαϐὼν
2628 2678 2755 2741 τοὺς
2787 2678 3107 2747 στεφάνους.
3144 2680 3285 2733 Ἀλλ’
3309 2681 3520 2753 ἐπειδὴ,
3540 2680 3641 2735 κᾶν
3668 2684 3937 2755 μυριάκις

2261 2763 2433 2818 ταῦτα
2465 2764 2732 2836 εἴπωμεν,
2768 2767 2823 2818 αἱ
2861 2765 3230 2838 φιλοσώματοι
3260 2767 3430 2839 ψυχαὶ
3457 2770 3552 2822 καὶ
3590 2773 3703 2833 τοῖς
3746 2769 3939 2841 βιωτι-

2262 2854 2378 2916 κοῖς
2407 2851 2578 2923 ἡδέως
2610 2852 3119 2925 ἐγκαλινδούμεναι,
3164 2858 3259 2910 καὶ
3290 2860 3402 2921 τοῖς
3432 2857 3701 2930 παροῦσιν
3732 2859 3938 2929 ἐνηδυ-

2264 2939 2534 2993 παθοῦσαι
2582 2940 2927 3012 πράγμασιν,
2976 2942 3076 2997 οὐκ
3118 2942 3184 2997 ἂν
3215 2943 3413 3016 ῥᾳδίως
3458 2945 3786 3016 ἀνάσχοιντο
3827 2948 3938 3001 τῶν

2263 3028 2733 3099 κατασηπομένων
2784 3028 2961 3082 ἀνθῶν
3022 3030 3326 3102 ἀποστῆναι
3379 3032 3625 3101 (τοιαῦτα
3676 3034 3795 3106 γὰρ
3838 3032 3937 3089 τοῦ

2264 3112 2381 3184 βίου
2412 3114 2482 3167 τά
2508 3114 2708 3186 φαιδρὰ
2736 3114 2971 3186 τούτου),
2992 3115 3112 3170 οὐδέ
3139 3116 3240 3181 τὰς
3270 3118 3429 3183 σκιὰς
3461 3120 3681 3189 ἀφεῖναι
3709 3121 3939 3192 ἀνέχον-

2260 3216 2382 3253 ται·
2414 3200 2528 3254 ἀλλ’
2549 3204 2597 3255 οί
2626 3201 2726 3272 μὲν
2755 3202 3152 3275 ἐπιεικέστεροι
3179 3205 3448 3260 κάκείνων
3466 3206 3788 3261 καὶτούτων
3809 3210 3937 3262 ἀντ-

2263 3286 2501 3359 έχονται,
2529 3290 2577 3342 οἱ
2608 3289 2665 3342 δὲ
2707 3289 3058 3362 ἐλεεινότεροι
3097 3293 3194 3345 καὶ
3231 3292 3549 3365 ἀθλιώτεροι
3587 3296 3653 3349 ἐκ
3684 3296 3940 3361 πλείονος

2267 3376 2367 3446 μὲν
2401 3377 2625 3432 ἐκείνων
2663 3374 2887 3449 μοίρας,
2927 3378 3133 3432 τούτων
3174 3379 3231 3433 δὲ
3254 3380 3313 3448 ἐξ
3358 3380 3637 3446 ἐλάττονος
3685 3386 3938 3456 σφόδρα·

2265 3459 2397 3531 φέρε
2426 3460 2490 3531 δὴ
2530 3460 2599 3514 τὰ
2634 3463 2956 3532 προσωπεῖα
2985 3462 3279 3532 ἀφελόντες
3306 3462 3374 3518 τά
3408 3464 3610 3536 φαιδρὰ
3646 3467 3747 3519 καὶ
3788 3486 3942 3541 περι-

2265 3547 2404 3619 φανῆ
2433 3550 2533 3619 τῆς
2557 3550 2792 3620 αἰσχρᾶς
2823 3550 2918 3604 καὶ
2946 3549 3224 3617 δυσειδοῦς
3249 3551 3359 3607 τῶν
3386 3555 3725 3625 πραγμάτων
3759 3558 3943 3627 ὄψεως

2262 3633 2491 3697 τούτων,
2522 3635 2787 3705 δείξωμεν
2814 3637 2913 3707 τῆς
2945 3638 3366 3710 ἑταιριζομένης
3397 3643 3656 3709 γυναικὸς
3681 3642 3794 3714 τὴν
3827 3645 3945 3716 βδε-

2264 3720 2503 3789 λυγμίαν
2534 3734 2583 3775 α.
2619 3722 2871 3775 Τοιοῦτον
2894 3724 3004 3795 γάρ
3035 3726 3067 3796 η
3094 3726 3319 3797 τοιαύτη
3343 3725 3476 3799 ζωὴ,
3511 3730 3544 3800 ἡ
3573 3735 3819 3800 τρυφαῖς
3848 3733 3943 3785 καὶ

2266 3807 2482 3879 πλούτῳ
2522 3810 2614 3863 καὶ
2647 3810 2993 3876 δυναστείαις
3030 3814 3405 3886 προσέχουσαο
3451 3815 3513 3869 τὸ
3564 3818 3801 3888 αἰσχρὸν
3848 3823 3945 3874 καὶ

2263 3897 2503 3962 δυσειδὲς
2548 3900 2642 3952 καὶ
2678 3899 2879 3971 πολλῆς
2930 3902 3261 3975 βδελυγμίας
3293 3905 3484 3975 γέμον,
3531 3905 3592 3960 τὸ
3629 3908 3806 3978 ἀηδὲς
3850 3911 3945 3963 καὶ

2265 3978 2521 4058 φορτικὸν
2550 3978 2645 4032 καὶ
2674 3979 2901 4058 πικρίας
2924 3982 3401 4054 ἐμπεπλησμένον.
3426 3985 3535 4037 Καὶ
3553 3984 3662 4057 γὰρ
3682 3986 3751 4058 δὴ
3780 3989 3947 4043 τοῦτο

2269 4057 2505 4128 μάλιστά
2549 4059 2666 4111 ἐστι
2699 4057 2759 4111 τὸ
2793 4059 2974 4129 πάσης
3022 4061 3361 4133 ἀποστεροῦν
3393 4064 3517 4127 τούς
3553 4064 3788 4129 ἁλόντας
3818 4084 3948 4135 συγ-

2264 4135 2510 4217 γνώμης,
2547 4138 2629 4191 ὅτι
2664 4137 2758 4190 καὶ
2804 4138 2996 4217 ἀηδίας
3026 4141 3120 4193 καὶ⁸
3146 4141 3348 4211 πολλῆς
3377 4143 3477 4213 τῆς
3504 4144 3728 4215 πικρίας
3762 4150 3946 4217 ἐμπε-

2260 4215 2572 4287 πλησμένος
2598 4219 2626 4270 δ
2660 4216 2775 4287 βίος
2815 4213 2989 4281 οὗτος,
3034 4220 3280 4284 ποθεινός
3323 4238 3384 4274 τε
3414 4213 3727 4286 αὐτοῖςκαὶ
3786 4213 3947 4297 περι-

2269 4293 2600 4357 σπούδαστός
2641 4297 2779 4360 ἐστι,
2811 4297 2904 4350 καὶ
2937 4299 3146 4369 μυρίων
3183 4299 3368 4370 γέμων
3403 4301 3608 4363 κακῶν,
3645 4293 3943 4369 κινδύνων,

2265 4374 2534 4443 αἱμάτων,
2585 4374 2865 4444 κρημνῶν.
2909 4376 3208 4441 σκοπέλων,
3243 4380 3337 4430 καὶ⁵
3371 4379 3567 4448 φόνων,
3600 4381 3692 4433 καὶ
3723 4385 3944 4451 φόϐων,

2265 4452 2362 4506 καὶ
2388 4451 2625 4522 τρόμων,
2658 4452 2753 4505 καὶ
2777 4453 2996 4522 φθόνου,
3030 4456 3123 4509 καὶ
3154 4453 3305 4527 [451]
3333 4455 3649 4527 βασκανίας,
3686 4464 3790 4516 καὶ
3820 4465 3945 4516 ἐπι-

2265 4531 2485 4600 ϐουλῆς,
2534 4531 2631 4584 καὶ
2683 4533 2962 4602 φροντίδος
3007 4533 3290 4605 διηνεκοῦς
3336 4537 3431 4589 καὶ
3481 4538 3787 4609 μερίμνης,
3843 4543 3945 4607 καὶ

2266 4609 2457 4683 κέρδος
2489 4608 2628 4680 ἔχων
2665 4610 2841 4674 οὐδὲν,
2883 4612 3002 4665 οὐδὲ
3036 4613 3246 4685 καρπὸν
3281 4612 3389 4668 τῶν
3430 4608 3721 4671 τοσούτων
3749 4621 3944 4675 κακῶν

2262 4689 2451 4744 οὐδένα
2485 4689 2689 4761 φέρων,
2746 4689 2860 4743 ἀλλ’
2894 4690 2926 4761 ἢ
2958 4691 3179 4746 κόλασιν
3226 4692 3323 4745 καὶ
3378 4696 3668 4764 τιμωρίαν,
3730 4701 3833 4752 καὶ
3877 4698 3944 4752 τὸ

2260 4768 2525 4840 διηνεκῶς
2560 4767 2965 4838 βασανίζεσθαι.
2996 4771 3213 4843 Καίπερ
3236 4770 3479 4837 τοιοῦτος
3505 4773 3581 4825 ὢν
3603 4774 3654 4836 δ,
3687 4775 3940 4847 ζηλωτὸς

2262 4847 2402 4904 εἶναι
2429 4851 2545 4912 τοῖς
2578 4847 2789 4913 πολλοῖς
2813 4849 2962 4904 δοκεῖ
3005 4852 3097 4904 καὶ
3137 4852 3530 4924 περιμάχητος,
3555 4852 3585 4906 δ
3606 4854 3708 4925 τῆς
3740 4857 3937 4919 ἀνοίας

2262 4930 2373 4985 τῶν
2412 4928 2784 5000 ἁλισκομένων
2814 4930 2983 4997 ἐστὶν,
3015 4931 3076 4984 οὐ
3104 4930 3204 4999 τῆς
3235 4930 3332 4984 τοῦ
3379 4932 3713 5003 πράγματος
3754 4952 3938 5003 μακα-

2265 5010 2536 5084 ριότητος.
2581 5007 2734 5060 Ἐπεὶ
2783 5009 2876 5062 καὶ
2911 5009 2981 5063 τά
3026 5010 3213 5063 παιδία
3243 5009 3314 5064 τὰ
3348 5011 3525 5082 μικρὰ
3555 5012 3695 5083 πρὸς
3731 5015 3837 5083 μὲν
3868 5014 3940 5066 τὰ

2263 5088 2559 5159 ἀθύρματα
2581 5087 2776 5156 κέχηνε
2801 5088 2893 5140 καὶ
2914 5088 3195 5159 ἐπτόηται,
3226 5089 3333 5144 τῶν
3352 5090 3412 5143 δέ
3440 5090 3670 5153 τελείοις
3700 5092 3937 5163 ἀνδράσι

2265 5167 2587 5240 πρεπόντων
2613 5167 2953 5236 πραγμάτων
2980 5167 3099 5222 οὐδέ
3124 5167 3375 5240 αἴσθησιν
3395 5168 3579 5223 λαϐεῖν
3607 5169 3817 5224 δύναιτ’
3845 5171 3935 5225 ἄν.

2275 5246 2413 5301 Ἀλλ’
2448 5245 2676 5308 ἐκείνοις
2703 5244 2800 5315 μὲν
2828 5245 3121 5318 συγγνώμη
3145 5246 3234 5301 διὰ
3258 5247 3320 5301 τὸ
3350 5248 3451 5318 τῆς
3476 5247 3691 5318 ἡλικίας
3711 5248 3903 5318 ἄωρον
3921 5267 3936 5280 ·

2259 5326 2404 5385 οὗτοι
2435 5326 2492 5379 δέ
2530 5322 2822 5392 ἀπολογίας
2856 5325 3230 5398 ἐκϐέϐληνται,
3261 5327 3318 5378 ἐν
3353 5325 3540 5397 ἡλικίᾳ
3568 5326 3757 5396 τελείᾳ.
3806 5345 3942 5381 παι-

2263 5408 2419 5478 δικὴν
2461 5403 2674 5474 ἔχοντες
2712 5401 2956 5476 γνώμην,
3005 5400 3273 5459 κάκείνων
3320 5405 3671 5477 ἀνοητότερον
3718 5404 3941 5460 διακεί-

2264 5504 2436 5559 μενοι.

2327 5611 2353 5640 ⁸
2384 5610 2518 5659 Unus
2538 5607 2796 5670 βδελυρίαν.

2324 5671 2352 5708 ι»
2378 5671 2512 5727 Hac,
2535 5664 2703 5730 καίπερ
2726 5665 2938 5724 τοιοῦτος
2960 5669 3044 5730 ῶν,
3068 5667 3119 5717 in
3142 5666 3298 5718 tribus
3319 5680 3435 5717 mss.
3461 5667 3653 5718 desunt.
3686 5664 3801 5716 Mox
3837 5667 3941 5719 duo

2259 5748 2373 5784 mss.
2389 5733 2415 5780 ὃ
2438 5737 2519 5789 τῆς
2537 5731 2755 5785 διανοίας.
