4100 6196
290 309 404 364 ιεδ

293 419 600 487 protulerint
631 418 894 473 adversum
929 434 1015 472 vos
1040 431 1220 471 nomen
1245 416 1434 469 malum
1468 417 1880 490 (διατιμηὸλι).

292 511 348 563 ln
380 511 635 565 exsilium
663 511 865 579 ejectus
891 509 989 564 es?
1013 508 1198 578 Cogita
1227 517 1278 561 te
1319 507 1403 560 liic
1428 522 1534 561 non
1564 506 1760 560 habere
1789 521 1883 576 pa-

291 604 478 666 triam,
508 601 602 656 sed
634 601 679 654 si
725 598 1088 669 philosophari
1127 596 1277 661 velis,
1319 598 1526 666 jussuin
1564 611 1683 652 esse
1724 599 1883 650 etiam

291 703 464 745 totam
498 703 696 746 terram
723 706 817 760 pro
842 689 1117 759 peregrina
1147 688 1360 743 ducere.
1381 689 1448 742 At
1473 687 1525 742 in
1557 703 1768 757 gravem
1798 688 1848 742 in

291 783 476 838 cidisti
511 781 798 836 morbum?
839 781 936 835 Die
961 780 1086 835 illud
1115 778 1462 849 apostolicum
1503 795 1517 833 :
1555 779 1752 846 Quanto
1774 793 1881 830 mo-

287 875 367 943 gis
393 873 611 926 exterior
633 882 802 926 noster
835 874 985 926 homo
1023 871 1379 940 corrumpitur,
1407 880 1544 924 tanta
1572 871 1730 940 magis
1751 871 1878 923 inte-

285 965 398 1015 rior
429 972 699 1016 renovatur
721 961 785 1015 de
823 962 906 1016 die
936 962 990 1016 in
1016 961 1148 1015 diem
1171 959 1259 1034 (2.
1293 959 1410 1014 Cor.
1438 962 1490 1014 4.
1520 961 1642 1030 16).
1675 963 1741 1013 At
1768 960 1879 1015 vio-

291 1052 500 1107 lentam
535 1053 654 1122 quis
691 1062 916 1106 mortem
966 1052 1259 1106 sustinuit?
1301 1052 1485 1123 Cogita
1515 1051 1792 1118 Joannem,
1825 1060 1878 1106 et

285 1145 587 1199 abscissum
633 1145 686 1198 in
735 1159 952 1200 carcere
978 1153 1157 1213 caput,
1197 1146 1248 1198 in
1290 1145 1441 1201 lance
1468 1146 1705 1209 allatum,
1744 1147 1873 1200 etin

286 1238 606 1291 meretricia!
627 1238 928 1292 saltationis
947 1237 1247 1292 mercedem
1277 1237 1474 1292 datum.
1497 1238 1676 1308 Cogita
1702 1254 1877 1292 remu-

285 1332 597 1386 nerationes
625 1331 753 1385 inde
782 1339 1059 1385 secuturas
1080 1349 1094 1384 :
1116 1331 1293 1384 omnia
1307 1332 1450 1386 enim
1478 1329 1662 1386 isthtec
1683 1330 1872 1384 damna

283 1438 406 1477 cum
440 1438 537 1491 per
572 1421 824 1491 injuriam
861 1421 1180 1487 inferuntur,
1211 1431 1265 1476 et
1295 1431 1509 1491 peccata
1551 1422 1789 1491 expiant,
1821 1429 1874 1475 et

280 1515 541 1583 justitiam
573 1513 878 1568 conferunt.
902 1513 1070 1588 Tanta
1096 1524 1178 1568 est
1199 1513 1439 1567 utilitatis
1460 1528 1644 1568 eorum
1671 1514 1874 1583 magni-

283 1605 412 1658 tudo
439 1605 489 1657 in
514 1605 580 1658 iis
606 1605 696 1674 qui
725 1618 987 1673 generoso
1011 1619 1073 1658 ea
1095 1603 1274 1658 animo
1301 1603 1498 1658 ferunt.

355 1695 407 1748 5.
449 1696 580 1748 Cum
621 1696 783 1764 igitur
821 1709 993 1764 neque
1037 1695 1272 1763 pecunia:
1299 1693 1507 1763 jactura
1529 1735 1543 1758 ,
1578 1708 1748 1763 neque
1776 1707 1871 1760 cae

285 1785 502 1839 lnmnize
541 1795 593 1839 et
631 1787 870 1840 convicia
895 1828 910 1852 ,
942 1800 1115 1854 neque
1143 1785 1386 1840 exsilium
1413 1827 1428 1850 ,
1459 1799 1629 1854 neque
1657 1785 1823 1839 morbi
1849 1825 1864 1850 ,

279 1891 462 1944 neque
487 1876 770 1939 cruciatus,
801 1890 973 1945 neque
1003 1875 1052 1929 id
1083 1874 1252 1943 ipsum
1274 1916 1290 1941 ,
1319 1874 1459 1945 quod
1485 1874 1730 1928 omnibus
1757 1884 1866 1927 ter-

274 1967 494 2020 ribilius
533 1982 650 2021 esse
692 1967 899 2022 videtur
921 2009 936 2034 ,
969 1982 1115 2022 mors
1137 2008 1152 2034 ,
1186 1965 1576 2038 perferentibus
1615 1965 1866 2021 damnum

278 2058 498 2121 afferat,
531 2057 622 2112 sed
652 2059 925 2112 utilitatem
959 2058 1132 2128 potius
1162 2075 1176 2112 :
1204 2058 1394 2128 quibus
1423 2057 1584 2112 rebus
1609 2056 1736 2110 mihi
1768 2071 1865 2126 po-

274 2157 358 2202 tes
380 2147 661 2203 ostendere
680 2149 981 2219 quempiam
1005 2149 1145 2216 lazdi,
1161 2149 1374 2220 quando
1393 2149 1475 2204 liis
1496 2163 1599 2202 non
1622 2147 1867 2203 laeditur?

273 2238 391 2308 Ego
419 2239 562 2293 enim
587 2241 914 2294 contrarium
945 2240 1314 2296 demonstrare
1342 2239 1577 2296 conabor
1607 2256 1619 2292 :
1649 2254 1860 2310 nempe,

269 2329 362 2398 qui
388 2329 618 2383 maxima
650 2329 843 2384 damna
871 2345 935 2385 ac
961 2331 1300 2396 detrimenta,
1333 2340 1388 2386 et
1411 2329 1728 2385 incurabiles
1755 2329 1864 2384 cla-

269 2420 367 2476 des
397 2422 674 2492 perferant
695 2464 712 2489 ,
742 2438 836 2478 eos
861 2437 980 2478 esse
1005 2423 1092 2492 qui
1132 2422 1383 2477 inferunt.
1427 2422 1560 2488 Quid
1589 2421 1730 2476 enim
1757 2421 1860 2474 mi-

269 2513 554 2566 serabilius
580 2528 700 2568 esse
730 2513 934 2583 possit,
964 2529 1121 2582 quam
1147 2511 1276 2568 Cain
1303 2554 1318 2580 ,
1347 2513 1437 2583 qui
1469 2512 1660 2567 talibus
1688 2512 1861 2567 modis

268 2603 490 2660 fratrem
522 2607 765 2676 accepit?
793 2607 918 2676 quid
954 2607 1215 2661 infelicius
1251 2621 1417 2661 uxore
1443 2605 1672 2676 Philippi
1697 2646 1711 2670 ,
1739 2621 1860 2675 qua:

265 2695 464 2750 Joamti
493 2707 652 2766 caput
674 2697 939 2752 abscidit?
965 2697 1090 2767 quid
1111 2696 1360 2752 fratribus
1380 2695 1598 2766 Josepli,
1624 2696 1710 2765 qui
1737 2711 1856 2750 eum

266 2787 754 2853 venumdederunt,
784 2797 837 2843 et
867 2788 921 2842 in
951 2788 1196 2843 exsilium
1224 2787 1560 2858 relegarunt?
1589 2781 1717 2856 quid
1739 2786 1857 2840 dia-

265 2879 390 2932 bolo
410 2921 427 2944 ,
465 2879 558 2948 qui
588 2879 690 2934 Job
723 2887 801 2934 tot
823 2879 976 2934 malis
995 2878 1210 2934 all‘ecit?
1241 2877 1358 2934 Non
1377 2879 1518 2934 enim
1539 2887 1857 2935 cinterorum

263 2969 553 3023 dumtaxat
579 2969 839 3025 scelerum
859 3011 874 3036 ,
907 2969 999 3026 sed
1029 2971 1099 3025 ita
1127 2984 1340 3040 quoque
1365 2985 1469 3025 non
1498 2970 1746 3040 vulgares
1773 2971 1856 3025 in-

263 3061 523 3115 sidiarum
555 3077 739 3132 pinnas
762 3062 925 3118 dabit.
965 3063 1150 3118 Cernis
1178 3063 1336 3118 etiam
1369 3065 1452 3119 hic
1482 3064 1632 3134 plura
1651 3106 1669 3132 ,
1695 3079 1855 3134 quam

263 3154 499 3222 ponieita
533 3154 703 3210 fuerat
727 3196 742 3220 ,
771 3155 1068 3210 orationem
1097 3154 1534 3210 demonstrasse?
1559 3171 1662 3208 non
1693 3155 1855 3210 modo

262 3247 470 3300 nullum
502 3246 895 3302 incommodum
923 3263 1018 3303 eos
1040 3289 1055 3313 ,
1087 3246 1176 3316 qui
1204 3247 1472 3318 perferunt
1497 3247 1716 3301 insidias
1737 3288 1753 3312 ,
1784 3246 1855 3302 ah

262 3337 671 3392 insidiatoribus
694 3338 956 3407 accipere,
977 3352 1163 3393 verum
1183 3339 1340 3392 etiam
1368 3337 1419 3392 id
1441 3352 1598 3393 omne
1619 3339 1672 3391 in
1695 3347 1854 3407 caput

262 3428 638 3483 insidiantium
664 3429 940 3484 converti?
963 3429 1223 3497 Quoniam
1251 3429 1393 3484 enim
1419 3443 1517 3483 nec
1544 3429 1596 3482 in
1623 3428 1848 3496 divitiis,

260 3535 444 3590 neque
473 3521 527 3574 in
558 3520 801 3575 libertate
821 3563 835 3586 ,
865 3536 1035 3589 neque
1061 3521 1114 3574 in
1146 3519 1432 3574 habitanda
1463 3520 1654 3589 patria,
1677 3535 1852 3590 neque

258 3611 310 3666 in
341 3612 595 3677 exteris,
621 3627 739 3682 qua
764 3612 910 3677 dixi,
939 3612 1168 3666 hominis
1195 3612 1291 3666 sita
1323 3619 1406 3667 est
1432 3613 1638 3678 virtus,
1671 3612 1763 3666 sed
1797 3613 1850 3667 in

255 3703 459 3757 animat
502 3710 647 3758 recte
685 3703 834 3757 factis
861 3721 872 3756 :
902 3702 1091 3757 merito
1113 3744 1128 3768 ,
1161 3717 1280 3757 cum
1313 3702 1500 3757 horum
1529 3703 1585 3758 fit
1608 3703 1810 3774 jactura
1832 3745 1848 3771 ,

258 3793 395 3847 nihil
437 3793 744 3848 detrimenti
769 3795 960 3862 accipit
987 3793 1154 3847 virtus
1185 3793 1436 3849 hominis.
1477 3793 1614 3860 Quid
1643 3796 1803 3864 igitur
1829 3837 1844 3860 ,

257 3887 299 3937 si
350 3884 531 3953 ipsius
568 3883 760 3938 anima:
807 3884 1153 3954 philosophia:
1189 3885 1451 3955 jacturam
1484 3886 1602 3955 quis
1647 3885 1850 3941 faciat?

256 3976 448 4046 Neque
474 3975 595 4043 hic,
625 3977 669 4030 si
695 3977 932 4042 laeditur,
964 3978 1032 4032 ab
1058 3979 1165 4033 alio
1193 3978 1433 4045 keditur,
1467 3979 1561 4033 sed
1587 3994 1618 4033 a
1647 3979 1844 4051 seipse.

256 4066 572 4133 Quomodo,
604 4068 830 4136 inquies,
862 4083 892 4122 a
918 4069 1132 4138 seipse?
1157 4069 1288 4124 Cum
1319 4069 1437 4140 quis
1466 4084 1636 4125 caasus
1661 4085 1690 4123 a
1715 4087 1847 4140 quo-

254 4163 427 4228 piam,
452 4168 547 4213 aut
572 4157 906 4214 facultatibus
935 4171 1144 4224 exutus,
1172 4170 1261 4215 aut
1285 4161 1514 4231 aliquam
1543 4162 1700 4216 aliam
1727 4177 1848 4232 gra-

253 4268 380 4308 vem
407 4267 691 4323 perpessus
712 4252 980 4322 injuriam,
1003 4253 1371 4323 blasphemum
1391 4254 1602 4324 aliquod
1625 4255 1846 4310 verbum

254 4344 524 4414 protulit,
555 4343 642 4398 hic
678 4344 900 4399 affectus
937 4355 1020 4399 est
1063 4345 1150 4400 ille
1180 4345 1392 4414 quidem
1419 4346 1612 4400 damno
1635 4388 1649 4412 ,
1678 4361 1848 4418 eoque

254 4437 518 4501 maximo,
552 4450 658 4490 non
687 4445 863 4491 tamen
886 4436 954 4490 ab
982 4437 1193 4506 injurio,
1221 4437 1315 4491 sed
1345 4452 1374 4490 a
1401 4439 1610 4508 propria
1636 4439 1846 4508 pusilla-

253 4526 527 4581 nimitate.
554 4526 705 4592 Quod
726 4527 868 4582 enim
895 4535 1020 4582 ante
1043 4526 1174 4593 dixi,
1195 4526 1488 4582 etiamnum
1511 4529 1704 4596 dicam,
1729 4529 1847 4584 nul-

253 4618 368 4672 lum
401 4617 672 4673 hominem
693 4659 708 4683 ,
738 4618 882 4674 mille
912 4619 1039 4674 licet
1066 4620 1290 4675 nocendi
1318 4620 1520 4676 artibus
1550 4623 1806 4678 imbutum
1828 4665 1844 4692 ,

255 4711 457 4766 infesto
484 4710 578 4765 illo
604 4710 846 4766 daemone
870 4720 925 4766 et
954 4711 1271 4782 implacabili
1300 4721 1481 4767 nostro
1510 4713 1661 4769 hoste
1685 4757 1700 4781 ,
1729 4717 1846 4770 dia-

251 4803 387 4857 bolo
406 4844 422 4868 ,
447 4801 600 4873 pejus
631 4802 831 4874 aliquid
854 4804 1082 4874 cuipiam
1109 4803 1345 4874 inﬂigere
1366 4820 1522 4875 posse
1541 4849 1556 4874 ,
1583 4818 1672 4861 aut
1692 4822 1845 4862 acer-

253 4893 382 4946 bius
408 4911 421 4945 :
445 4903 502 4947 at
537 4894 696 4949 istum
725 4909 924 4950 saevum
952 4896 1250 4951 dmmonem
1282 4907 1458 4952 tamen
1485 4914 1589 4953 non
1619 4900 1847 4956 valuisse

251 5000 384 5038 eum
416 4984 507 5055 qui
536 4995 660 5041 ante
690 4986 884 5056 legem,
908 4995 1030 5043 ante
1053 4989 1274 5058 gratiam
1299 4989 1446 5052 vixit,
1478 4998 1555 5044 tot
1583 4989 1632 5044 in
1666 4993 1843 5059 illum,

254 5087 481 5146 tamque
495 5077 741 5146 gravibus
757 5077 1010 5134 immissis
1027 5079 1258 5151 undique
1273 5079 1486 5150 jaculis,
1506 5083 1847 5152 supplantare

253 5179 316 5222 et
343 5168 596 5238 dejicere.
642 5169 811 5224 Tanta
839 5180 921 5226 est
947 5172 1139 5225 anima:
1174 5173 1525 5242 generositas.
1555 5174 1690 5242 Quid
1721 5190 1847 5229 vero

253 5257 504 5314 Paulus?
527 5261 718 5315 Annon
747 5262 969 5331 pertulit
1003 5273 1080 5318 tot
1118 5263 1258 5318 mala
1281 5303 1298 5330 ,
1326 5278 1443 5334 qua:
1473 5281 1540 5320 ne
1565 5281 1848 5322 recensere

252 5352 482 5419 quidem
508 5352 659 5408 facile
686 5357 802 5410 est?
831 5357 1085 5412 Carcercs
1112 5357 1436 5424 inhabitans,
1466 5359 1674 5413 vinctus
1703 5371 1846 5415 cate-

254 5443 346 5496 nis
365 5484 381 5508 ,
413 5452 566 5497 actus
599 5454 655 5500 et
688 5445 1040 5502 circumactus
1061 5490 1077 5514 ,
1105 5446 1325 5518 flagellis
1356 5461 1527 5503 caesus
1553 5465 1581 5503 a
1612 5449 1808 5506 Iudaeis
1827 5492 1842 5518 ,

255 5535 548 5603 lapidatus,
570 5553 677 5592 non
703 5539 831 5592 loris
853 5549 1052 5594 tantum
1075 5582 1090 5606 ,
1117 5540 1210 5596 sed
1231 5541 1390 5596 etiam
1413 5542 1572 5612 virgis
1593 5542 1845 5599 humeros

260 5627 530 5683 laceratus
554 5669 569 5694 ,
601 5629 654 5683 in
686 5646 832 5686 mare
858 5630 1133 5687 demersus
1152 5673 1168 5698 ,
1198 5648 1341 5704 stepe
1369 5635 1422 5690 in
1453 5635 1688 5692 latrones
1716 5638 1846 5692 inci-

255 5720 416 5787 dens,
437 5722 742 5780 intestinum
768 5724 963 5782 bellum
989 5724 1183 5794 ferens,
1207 5725 1274 5784 ab
1295 5728 1541 5798 inimicis,
1570 5730 1637 5787 ab
1658 5731 1841 5787 amicis

1228 299 1413 368 QUOD
1449 297 1636 354 ΝΕΜΟ
1676 296 1994 353 ιίΕῡιΤΕΙῖ
2033 297 2160 354 NlSl
2202 301 2242 352 Α
2284 299 2542 357 SEIPSO.

3450 305 3554 364 ,ιϐὶ

1990 412 2596 485 jactatus‘continenter,
2631 421 2845 476 inﬁnitis
2877 423 3082 478 insidiis
3107 425 3415 492 exagitatus,
3445 438 3571 483 cuttl

1989 505 2128 563 fame
2171 523 2234 563 ac
2275 509 2514 565 nuditate
2556 512 2781 567 luctatus
2801 556 2814 576 ,
2843 515 2973 568 alios
3001 514 3218 569 crebros
3248 525 3299 569 et
3327 513 3566 569 assiduos

1987 614 2144 652 casus
2168 608 2221 653 et
2249 600 2564 655 afﬂictiones
2588 618 2870 672 perpessus
2895 622 2907 658 :
2933 605 3057 673 quid
3084 619 3219 673 opus
3244 615 3322 660 est
3347 605 3566 658 multis?

1987 690 2219 758 quotidie
2245 691 2503 756 moriens;
2536 692 2627 747 sed
2653 702 2824 748 tamen
2852 701 2929 746 tot
2951 702 3197 762 tantaque
3221 709 3426 762 passus,
3454 710 3557 748 non

1986 780 2146 833 modo
2176 781 2375 834 nullum
2395 783 2610 836 verbum
2634 783 2946 840 maledicum
2967 783 3162 849 edidit,
3186 785 3278 838 sed
3301 785 3560 853 gaudebat

1986 869 2068 925 his
2093 871 2251 925 rebus
2275 882 2326 925 et
2355 873 2705 942 gloriabatur;
2733 885 2890 944 atque
2918 877 3066 938 alias,
3096 875 3324 939 Gaudeo,
3357 875 3560 944 inquit,

1983 964 2034 1016 in
2057 964 2369 1032 passionibus
2389 966 2507 1018 meis
2527 965 2657 1035 (Col.
2679 966 2730 1020 1.
2749 964 2841 1036 24)
2859 981 2872 1029 ;
2889 965 3045 1019 alias:
3063 964 3182 1020 Non
3199 967 3360 1020 solum
3374 976 3558 1028 autem,

1983 1054 2069 1107 sed
2088 1064 2133 1107 et
2154 1054 2431 1125 gloriantur
2451 1057 2501 1108 in
2534 1057 2931 1112 tribulationibus
2955 1057 3125 1126 (Rom.
3150 1059 3202 1112 5.
3227 1058 3304 1127 3).
3329 1056 3381 1112 Si
3407 1059 3559 1126 igitur

1985 1148 2096 1217 ipse
2122 1158 2262 1202 tanta
2295 1150 2565 1218 perferens
2590 1150 2850 1220 gaudebat
2875 1158 2929 1205 et
2952 1149 3294 1219 gloriabatur,
3321 1165 3439 1219 qua:
3471 1166 3556 1202 reo

1981 1242 2065 1293 nia
2095 1241 2326 1305 dabitur,
2355 1258 2474 1310 qum
2503 1244 2772 1296 excusatio
2799 1244 2890 1298 tibi
2912 1283 2926 1308 ,
2954 1243 3042 1312 qui
3076 1258 3174 1296 nec
3203 1243 3470 1296 minimam
3501 1243 3561 1294 il-

1980 1332 2150 1386 lorum
2189 1343 2393 1402 partem
2425 1335 2676 1400 sustines,
2709 1343 2761 1388 et
2791 1345 2964 1388 tamen
2995 1334 3300 1388 maledicis?

2049 1423 2101 1478 6.
2145 1422 2284 1477 Nunt
2311 1425 2596 1495 aﬂlictiones
2623 1434 2780 1478 vetent
2807 1423 3170 1495 elcemosynam
3201 1423 3460 1493 impertiri.
3486 1449 3556 1462 --—

1977 1512 2080 1568 Sed
2102 1514 2259 1568 variis
2287 1514 2492 1583 injuriis
2518 1514 2739 1578 afficior,
2764 1515 2988 1583 inquies,
3009 1528 3069 1567 ac
3096 1513 3193 1567 nisi
3225 1513 3557 1578 maledicam,

1977 1605 2195 1674 direptis
2227 1607 2380 1661 bonis
2410 1606 2476 1660 ad
2507 1607 2696 1675 stipem
2727 1606 3044 1676 erogandam
3072 1606 3201 1660 nihil
3231 1605 3357 1658 mihi
3391 1607 3444 1659 fit
3472 1621 3555 1660 re-

1975 1695 2194 1766 liquum.
2220 1697 2328 1750 lloc
2350 1697 2478 1750 nihil
2500 1706 2581 1751 est
2601 1697 2762 1764 aliud,
2787 1712 2940 1766 quam
2967 1707 3250 1766 pi-zetextus
3274 1711 3335 1750 ac
3351 1696 3558 1764 Species

1975 1788 2235 1857 qumdam.
2267 1789 2322 1844 Si
2348 1789 2487 1843 enim
2517 1788 2617 1842 hoc
2641 1788 2731 1843 tibi
2756 1788 2920 1855 dolet,
2945 1797 3092 1842 certo
3118 1789 3252 1842 scias
3279 1795 3551 1857 pauperta-

1976 1886 2078 1932 tem
2108 1878 2389 1947 erogandie
2417 1879 2537 1946 stipi
2570 1895 2674 1932 non
2703 1878 3080 1948 impedimento
3105 1893 3241 1932 esse.
3273 1878 3382 1931 Etsi
3409 1878 3550 1930 enim

1973 1985 2131 2040 quam
2162 1971 2528 2039 pauperrimus
2557 1970 2653 2035 sis,
2684 1983 2790 2023 non
2815 1969 3097 2038 pauperior
3126 1984 3182 2022 es
3213 1976 3388 2022 tamen
3421 1969 3505 2021 illa
3535 2010 3548 2032 ,

1971 2075 2088 2129 qua:
2111 2059 2292 2114 farina:
2317 2070 2516 2115 tantum
2541 2061 2790 2130 pugillum
2818 2059 3043 2114 habebat
3075 2059 3146 2129 ('5.
3171 2057 3294 2128 Reg.
3325 2061 3408 2112 l7.
3440 2058 3548 2128 η),

1971 2162 2025 2207 et
2068 2152 2153 2206 illa
2177 2194 2191 2217 ,
2223 2167 2341 2222 quae
2383 2153 2516 2207 duos
2559 2162 2760 2207 tantum
2803 2151 2990 2205 obolos
3015 2190 3030 2216 ,
3061 2163 3285 2218 quarum
3325 2159 3550 2218 utraque

1969 2242 2115 2296 omni
2144 2257 2202 2297 re
2229 2241 2472 2296 familiari
2503 2242 2556 2296 in
2582 2250 2798 2312 egentes
2825 2241 3014 2294 collata
3036 2282 3050 2305 ,
3078 2255 3320 2309 magnam
3347 2241 3424 2292 sui
3456 2240 3551 2293 ad-

1967 2336 2304 2391 mirationem
2331 2335 2544 2405 reliquit
2569 2334 2718 2408 (Luc.
2742 2333 2831 2387 2i.
2856 2332 2915 2403 2)
2942 2351 2955 2386 :
2979 2347 3076 2386 nec
3103 2339 3244 2385 tanta
3267 2343 3550 2401 paupertas

1968 2435 2132 2482 tanta:
2163 2427 2461 2482 liberalitati
2492 2424 2872 2495 impedimento
2898 2422 2992 2477 fuit
3018 2463 3033 2490 ,
3063 2423 3154 2478 sed
3187 2422 3409 2476 duorum
3455 2423 3551 2476 nii-

1967 2528 2214 2572 nutorum
2246 2519 2378 2586 stips
2406 2516 2541 2572 adeo
2568 2517 2713 2586 larga
2755 2524 2811 2569 et
2847 2514 3076 2584 gloriosa
3117 2513 3250 2575 fuit,
3281 2523 3334 2566 ut
3365 2527 3550 2566 omnes

1965 2609 2158 2665 divites
2183 2610 2492 2663 obscuraret
2514 2649 2530 2675 ,
2557 2623 2752 2678 eosque
2778 2607 2866 2674 qui
2895 2607 3090 2661 multos
3117 2615 3341 2659 stateras
3365 2606 3546 2672 eonje-

1964 2709 2165 2764 cerant,
2189 2699 2382 2755 divitiis
2404 2701 2597 2755 mentis
2618 2740 2632 2763 ,
2657 2710 2708 2753 et
2728 2699 3014 2753 alacritatis
3033 2698 3219 2766 opibus
3244 2704 3540 2764 superaret.

1963 2791 2138 2860 Quare
2167 2807 2337 2862 neque
2367 2792 2450 2846 hic
2479 2791 2728 2844 damnum
2758 2805 2944 2858 passus
2973 2804 3051 2854 es,
3083 2787 3176 2843 sed
3207 2787 3410 2840 lucrum
3443 2784 3539 2837 ha-

1961 2881 2122 2937 buisti
2151 2882 2342 2951 potius,
2375 2881 2561 2950 exigua
2592 2881 2844 2949 pensione
2871 2878 3188 2948 insigniores
3214 2918 3228 2942 ,
3262 2891 3420 2947 quam
3452 2875 3540 2943 qui

1961 2974 2127 3029 multa
2152 2972 2508 3036 contulerunt,
2531 2986 2754 3026 coronas
2775 2970 3016 3040 adeptus.
3045 2968 3244 3022 Verum
3270 2968 3540 3036 quoniam,

1962 3065 2087 3120 licet
2127 3066 2241 3119 haec
2281 3064 2580 3118 sexcenties
2617 3061 2892 3124 dicamus,
2922 3060 3113 3114 animre
3153 3072 3344 3127 corpus
3388 3057 3545 3110 nimis

1961 3167 2222 3222 amantes,
2247 3155 2586 3211 saecularibus
2605 3155 2830 3224 negotiis
2857 3154 3080 3209 libenter
3103 3151 3389 3222 implieitrr,
3413 3165 3546 3219 prie-

1960 3249 2192 3305 sentium
2221 3263 2400 3302 rerum
2431 3247 2698 3316 voluptate
2723 3255 2892 3314 captae
2915 3285 2929 3309 ,
2961 3259 3068 3298 non
3110 3242 3260 3296 facile
3297 3249 3548 3310 poterunt

1959 3347 2355 3394 marcescentes
2380 3336 2541 3392 flores
2567 3336 2866 3404 relinquere
2894 3333 3041 3407 (talia
3067 3333 3208 3387 enim
3234 3341 3356 3386 sunt
3385 3329 3547 3399 linjus

1957 3430 2080 3484 vitae
2107 3427 2330 3498 gaudia)
2360 3469 2374 3492 ,
2403 3443 2574 3498 neque
2602 3427 2818 3480 umbras
2845 3427 3035 3481 missas
3074 3423 3251 3478 facere
3281 3440 3293 3476 :
3324 3421 3416 3476 sed
3448 3421 3539 3476 ho-

1957 3519 2249 3576 nestissimi
2265 3520 2459 3590 quique
2478 3528 2580 3572 tam
2600 3518 2686 3572 illa
2703 3534 2858 3587 quam
2877 3518 2974 3572 ista
2993 3516 3262 3571 mordicus
3276 3515 3536 3581 retinent;

1956 3611 2262 3667 miseriores
2280 3626 2406 3666 vero
2427 3619 2478 3665 et
2500 3609 2820 3665 infeliciores
2840 3610 2927 3664 illa
2949 3609 3158 3678 quidem
3183 3609 3390 3678 majori,
3419 3606 3533 3662 haec

1955 3718 2086 3758 vero
2113 3705 2270 3772 longe
2296 3701 2490 3759 minori
2516 3716 2581 3756 ex
2605 3711 2756 3772 parte
2786 3718 2799 3755 :
2829 3716 2924 3771 age
2948 3715 3073 3754 vero
3101 3699 3357 3768 speciosis
3380 3695 3540 3750 larvis

1955 3809 1985 3848 a
2014 3794 2152 3864 turpi
2175 3809 2238 3848 ac
2265 3793 2490 3848 deformi
2526 3793 2712 3846 harum
2739 3806 2913 3846 rerum
2945 3789 3079 3845 facie
3107 3788 3358 3842 detractis
3379 3829 3394 3851 ,
3425 3803 3540 3842 me-

1956 3887 2165 3941 retricis
2207 3886 2443 3940 mulieris
2484 3885 2774 3939 fmditatcm
2815 3882 3176 3937 ostendamus.
3224 3881 3367 3935 Talis
3386 3878 3531 3930 enim

1952 3986 2036 4033 est
2072 3977 2178 4030 vita
2217 3977 2283 4031 ad
2321 3977 2648 4045 voluptates,
2679 3974 2922 4036 divitias,
2947 3981 3004 4028 et
3043 3971 3330 4042 potentiam
3368 3980 3540 4028 atten-

1956 4079 2041 4135 ta;
2073 4070 2258 4140 turpis,
2287 4067 2560 4132 deformis,
2588 4067 2751 4120 multa
2778 4064 3013 4120 fmditate
3037 4063 3254 4129 referta,
3285 4063 3530 4125 molesta,

1954 4162 2128 4233 gravis
2153 4203 2168 4226 ,
2197 4158 2549 4216 amaritudine
2581 4158 2759 4226 plena.
2803 4156 2913 4211 Hoc
2941 4155 3084 4210 enim
3125 4164 3242 4220 est,
3275 4155 3412 4224 quod
3443 4155 3541 4209 hac

1953 4255 2059 4307 vita
2081 4251 2250 4322 captis
2271 4265 2482 4306 omnem
2507 4249 2693 4304 adimit
2713 4247 2945 4314 veniam,
2972 4246 3112 4317 quod
3133 4261 3194 4302 ea
3217 4257 3269 4301 et
3296 4247 3536 4300 molestia

1953 4355 2007 4401 et
2031 4361 2219 4416 magna
2242 4343 2588 4399 amaritudine
2619 4343 2809 4397 referta
2828 4383 2844 4407 ,
2873 4340 3210 4395 desideratur
3237 4339 3304 4393 ab
3334 4339 3411 4392 eis
3436 4381 3448 4402 ,
3481 4349 3536 4392 et

1955 4451 2278 4508 magnOpere
2307 4435 2591 4506 expetitur,
2623 4433 2840 4489 infinitis
2870 4433 3022 4487 malis
3052 4432 3228 4502 plena,
3257 4431 3538 4500 periculis,

1953 4531 2231 4601 sanguine,
2262 4527 2567 4600 priecipitiis
2589 4569 2602 4591 ,
2631 4526 2894 4597 scopulis,
2923 4524 3155 4580 ca'dibus
3176 4565 3191 4591 ,
3220 4522 3500 4577 timoribus
3520 4563 3535 4584 ,

1953 4621 2266 4688 terroribus,
2301 4621 2523 4686 invidia,
2555 4619 2744 4684 livore,
2779 4617 2982 4673 insidiis
3005 4656 3020 4682 ,
3052 4623 3303 4686 perpetua
3330 4628 3453 4668 cura
3487 4622 3538 4667 et

1953 4715 2311 4770 sollicitudine
2331 4755 2345 4776 ,
2372 4728 2595 4784 quisque
2623 4711 2826 4766 nullum
2856 4709 3090 4772 lucrum,
3124 4705 3325 4760 nullum
3361 4713 3537 4758 tanto-

1954 4823 2070 4861 rum
2103 4807 2342 4861 laborum
2371 4807 2594 4860 fructum
2623 4803 2829 4867 affet-at,
2861 4801 2960 4855 nisi
2989 4813 3225 4868 pinnam,
3250 4813 3310 4852 ac
3337 4789 3539 4867 suppli-

1953 4900 2094 4953 cium
2121 4939 2134 4963 ,
2165 4907 2220 4952 et
2259 4909 2489 4952 aeternos
2519 4897 2800 4950 cruciatus.
2836 4894 2914 4947 Ac
2953 4892 3079 4945 licet
3104 4889 3364 4959 ejusmodi
3391 4891 3459 4942 sit
3482 4891 3497 4920 ¹
3523 4932 3538 4954 ,

1953 4989 2136 5044 multis
2178 4997 2353 5043 tamen
2386 4989 2539 5041 beata
2580 4985 2790 5039 videtur
2813 5024 2828 5048 ,
2856 4990 2910 5038 et
2943 4982 3170 5036 maxime
3199 4981 3492 5050 appetenda
3522 5021 3536 5045 ,

1952 5095 2070 5151 quae
2100 5089 2278 5134 mente
2301 5089 2572 5147 captorum
2590 5077 2769 5146 opinio
2785 5084 2887 5144 est,
2918 5087 3022 5128 non
3045 5088 3168 5128 vera
3193 5073 3268 5127 rei
3293 5072 3534 5127 felicitas.

1951 5171 2083 5227 Nam
2111 5181 2164 5226 et
2187 5171 2392 5240 pueruli
2420 5169 2579 5223 dediti
2608 5168 2899 5238 intentique
2919 5174 3043 5221 sunt
3064 5166 3300 5229 ludicris,
3328 5165 3536 5234 negotia

1951 5279 2080 5318 vero
2105 5263 2298 5317 adultis
2321 5262 2448 5316 viris
2474 5260 2629 5331 digna
2657 5276 2722 5316 ne
2751 5260 3024 5329 percipere
3048 5257 3261 5329 quidem
3289 5265 3534 5327 possunt.

1956 5355 2148 5408 Verum
2182 5355 2262 5406 bis
2289 5353 2499 5423 quidem
2527 5355 2595 5405 ob
2622 5353 2957 5405 immaturam
2985 5359 3194 5404 tetatem
3225 5350 3374 5402 venia
3407 5363 3535 5402 con-

1952 5444 2183 5499 cedenda
2210 5453 2324 5507 est;
2356 5444 2428 5498 illi
2451 5458 2577 5498 vero
2602 5442 2745 5496 omni
2772 5441 3116 5497 excusatione
3139 5449 3342 5506 carent,
3371 5439 3424 5493 in
3455 5437 3528 5493 in-

1954 5546 2097 5606 tegra
2137 5544 2292 5590 ωιςιῑο
2323 5537 2577 5605 puerilem
2621 5535 2856 5590 animum
2885 5542 3135 5606 gerentes
3159 5573 3174 5597 .
3204 5533 3409 5602 illisque
3437 5531 3532 5584 de—

1953 5627 2260 5682 tuentiuics.

2023 5745 2037 5776 ι
2076 5749 2203 5803 ilice,
2230 5758 2287 5795 nc
2310 5743 2416 5795 licet
2441 5743 2673 5806 ejusmodi
2696 5744 2774 5806 sit,
2798 5744 2845 5792 in
2873 5743 3028 5793 tribus
3049 5748 3156 5792 Mss.
3184 5742 3377 5789 desunt.
