4100 6196
503 251 598 310 hi7

571 365 646 418 De
671 365 943 435 cupiditate
967 363 1271 427 divitiarum,
1294 372 1340 415 et
1361 378 1452 414 cur
1470 376 1541 413 ore
1554 360 1650 412 sint
1669 362 1972 426 expetenda.
1993 387 2060 397 --

501 459 591 511 Dic
614 457 755 512 enim
786 455 934 519 mihi,
965 455 1308 524 quamobrem
1338 450 1648 519 expetendae
1677 459 1798 503 sunt
1824 447 2058 501 divitiae?

497 549 626 603 Nam
659 549 780 604 hinc
801 547 1179 603 exordiendum
1208 554 1289 600 est
1307 586 1321 611 ,
1349 544 1594 614 quoniam
1624 541 1848 595 sanitate
1868 581 1884 604 ,
1915 540 2018 592 vita
2043 578 2060 606 ,

496 639 676 709 populi
701 638 1171 698 commendatione,
1197 650 1260 689 ac
1280 637 1414 689 bona
1439 632 1849 694 existimatione,
1873 629 2060 697 patria,

497 729 860 792 familiaribus,
886 726 1089 790 amicis,
1113 725 1368 795 cognatis,
1389 722 1803 794 praestabiliores
1822 721 2066 776 videntur

496 819 762 890 plerisque
789 831 973 871 eorum
995 858 1011 884 ,
1043 819 1131 886 qui
1158 816 1304 887 gravi
1335 816 1434 870 hoc
1458 815 1644 869 morbo
1669 814 1893 882 correpti
1919 821 2070 886 sunt.

497 909 577 962 Ad
602 909 742 976 ipsas
763 908 955 963 deinde
980 909 1145 964 nubes
1163 907 1401 963 ascendit
1425 908 1538 962 haec
1565 922 1726 978 pyra;
1761 915 2063 975 terramque

493 1009 540 1055 et
567 1015 716 1055 mare
731 1001 967 1054 caminus
989 1001 1089 1054 iste
1109 1000 1406 1070 occupavit.
1437 999 1502 1052 Et
1521 1000 1730 1068 quidem
1753 998 2064 1068 quiexstin-

493 1101 618 1159 gnat
655 1089 918 1144 ﬂammam
944 1132 959 1157 ,
990 1099 1072 1145 est
1098 1106 1286 1153 nemo;
1315 1091 1403 1160 qui
1431 1105 1556 1144 vero
1581 1089 1908 1153 accendant,
1941 1097 2066 1142 sunt

495 1195 681 1234 omnes
701 1219 716 1244 ,
753 1189 855 1233 tam
889 1181 985 1248 ipsi
1012 1180 1113 1248 iam
1141 1180 1277 1248 capti
1303 1221 1318 1246 ,
1350 1194 1506 1248 quam
1536 1179 1766 1234 nondum
1793 1179 1930 1248 capti
1959 1218 1973 1244 ,
2008 1187 2067 1232 ut

496 1272 790 1340 capiantur.
842 1272 1089 1341 Singulos
1131 1271 1308 1326 videre
1337 1271 1459 1326 licet
1487 1313 1502 1333 ,
1528 1271 1672 1325 viros
1708 1286 1771 1326 ac
1800 1269 2021 1325 feminas
2045 1309 2062 1334 ,

495 1377 684 1418 servos
701 1378 763 1418 ac
783 1363 998 1428 liberos,
1017 1363 1204 1416 divites
1225 1371 1277 1417 et
1296 1376 1554 1431 pauperes
1573 1376 1668 1431 pro
1689 1361 1885 1416 viribus
1905 1375 2066 1415 onera

497 1461 710 1520 portare
729 1493 744 1517 ,
776 1467 893 1521 quae
921 1451 1147 1506 ﬂammae
1177 1451 1297 1506 huic
1323 1450 1409 1506 die
1438 1460 1695 1520 nocteque
1724 1450 1944 1504 multum
1969 1465 2064 1520 pa-

499 1543 675 1596 bulum
706 1543 976 1612 praebent;
1003 1557 1167 1596 onera
1192 1558 1298 1597 non
1322 1543 1604 1611 lignorum,
1628 1557 1798 1610 neque
1819 1541 2068 1610 virgulto-

499 1648 616 1686 rum
653 1633 777 1703 (non
807 1634 947 1687 enim
975 1633 1184 1687 ﬂamma
1211 1642 1292 1688 est
1321 1633 1625 1704 ejusmodi),
1656 1632 1748 1688 sed
1774 1633 2067 1687 animarum

498 1733 554 1778 et
571 1739 870 1793 corporum,
898 1725 1162 1794 injustitiae
1188 1734 1239 1779 et
1263 1726 1566 1795 iniquitatis.
1603 1726 1723 1780 llaec
1748 1726 1888 1780 enim
1909 1724 2064 1779 ﬂam-

499 1830 584 1868 ma
615 1824 800 1868 natura
832 1816 900 1868 ita
931 1825 1229 1882 comparata
1259 1825 1360 1882 est,
1395 1827 1448 1870 ut
1479 1817 1592 1871 istis
1620 1817 1778 1870 rebus
1807 1818 2068 1872 accenda-

504 1915 604 1958 tur.
649 1905 778 1958 Nam
810 1914 862 1960 et
887 1905 1076 1960 divites
1103 1906 1343 1961 absurdae
1369 1906 1493 1960 huic
1517 1907 1783 1976 cupiditati
1813 1923 2069 1977 nusquam

502 1995 785 2050 terminum
815 1997 1178 2062 constituunt,
1217 2013 1532 2068 quamquam
1568 2014 1778 2054 omnem
1811 2009 2070 2055 terrarum

503 2087 688 2142 orbem
725 2091 1148 2160 comparaverint
1171 2108 1185 2156 ;
1215 2101 1269 2145 et
1297 2107 1555 2162 pauperes
1581 2095 1926 2148 connitnntur
1954 2095 2074 2149 illos

505 2181 794 2247 praevenire
821 2196 916 2234 :ac
943 2181 1114 2235 rabies
1135 2182 1372 2250 quaedam
1401 2183 1720 2248 incnrahilis,
1753 2186 1898 2239 furor
1918 2185 2073 2242 effre-

503 2279 693 2335 natus,
727 2270 942 2324 morbus
985 2271 1291 2326 insanabilis
1337 2275 1571 2329 omnium
1616 2278 1822 2331 animos
1850 2277 2070 2333 obtinet.

506 2357 602 2412 llic
627 2374 776 2412 amor
797 2374 1006 2414 omnem
1035 2376 1271 2417 amorem
1301 2363 1565 2418 devictum
1589 2375 1643 2420 et
1669 2369 1934 2443 repulsum
1966 2369 2075 2440 eje-

507 2449 578 2502 cit
615 2463 678 2502 ex
720 2449 914 2503 animo.
952 2449 1132 2520 Neque
1174 2453 1416 2508 amicitur:
1446 2456 1580 2510 ratio
1613 2455 1835 2512 habetur
1859 2498 1874 2523 ,
1907 2473 2078 2528 neque

505 2538 832 2607 cognationis
867 2541 882 2571 ³
915 2557 930 2606 ;
975 2541 1101 2610 quid
1139 2541 1294 2610 dico,
1337 2544 1582 2600 amicitiae
1619 2558 1673 2600 et
1710 2547 2081 2617 cognationis?

505 2644 611 2684 non
655 2631 832 2685 uxoris
852 2632 1484 2705 etliberorum,quoquid
1511 2638 1638 2694 viris
1664 2655 1784 2696 esse
1811 2651 1966 2711 queat
1991 2659 2080 2698 ca-

507 2723 656 2778 rius?
686 2723 780 2779 sed
808 2727 982 2780 omnia
1007 2729 1151 2782 humi
1179 2728 1381 2800 ahjecta
1409 2739 1462 2784 et
1486 2731 1794 2786 conculcata
1825 2742 1967 2800 sunt,
1991 2733 2080 2789 ubi

510 2813 740 2870 crudelis
782 2815 965 2872 isthaec
992 2827 1046 2874 et
1086 2817 1370 2873 inhumana
1401 2828 1674 2890 captorum
1721 2822 1933 2877 domina
1963 2837 2080 2876 om-

509 2905 654 2959 nium
683 2905 887 2960 animos
915 2909 1208 2978 occupavit.
1254 2910 1460 2966 Etenim
1490 2919 1755 2982 tamquam
1796 2913 2081 2969 inhumana

509 3010 694 3051 eorum
735 2996 945 3052 domina
969 3040 984 3064 ,
1016 3007 1281 3070 tamquam
1317 3017 1491 3057 saevus
1526 3011 1780 3073 tyrannus
1803 3044 1819 3071 ,
1860 3003 2083 3059 barbara

509 3087 751 3158 quaedam
774 3089 1042 3159 immanis,
1071 3101 1334 3162 tamquam
1364 3096 1612 3149 meretrix
1638 3095 1843 3164 publica
1863 3107 1918 3152 et
1939 3112 2085 3151 sum-

510 3187 697 3248 ptuosa
715 3179 1017 3248 dedecorat,
1036 3183 1270 3247 coniicit,
1290 3193 1343 3239 et
1361 3186 1624 3255 sexcentis
1641 3186 1822 3257 objicit
1840 3188 2084 3257 periculis

510 3285 578 3324 ac
603 3271 772 3340 panis
800 3286 912 3338 eos,
944 3274 1033 3343 qui
1063 3275 1134 3330 illi
1161 3276 1362 3332 servire
1386 3277 1438 3331 in
1465 3276 1698 3333 animum
1725 3280 2082 3348 induxerunt;

511 3377 740 3433 cumque
768 3364 837 3419 sit
865 3365 1114 3422 terribilis
1138 3408 1152 3433 ,
1183 3369 1372 3424 acerba
1392 3411 1407 3437 ,
1437 3371 1667 3427 crudelis
1689 3413 1703 3439 ,
1731 3387 1869 3428 saeva
1892 3417 1907 3439 ,
1937 3375 2084 3429 vultu

512 3454 787 3510 barbarico
809 3497 825 3524 ,
853 3459 979 3527 quin
1016 3459 1189 3527 potius
1227 3459 1396 3515 ferino
1420 3501 1435 3527 ,
1462 3471 1517 3516 et
1541 3478 1697 3533 quam
1729 3464 1882 3535 lnptts
1911 3481 1972 3520 ac
2002 3465 2086 3521 leo

512 3549 781 3616 truciore;
829 3559 1104 3606 mansueta
1148 3562 1324 3606 tamen
1367 3561 1421 3608 et
1458 3555 1750 3623 expetenda
1775 3597 1789 3619 ,
1833 3565 1888 3612 et
1924 3558 2086 3612 melle

483 3649 486 3652 ’
512 3641 718 3696 dulcior
744 3657 863 3698 esse
891 3643 1101 3698 videtur
1124 3645 1345 3714 captivis
1375 3645 1508 3716 ejus.
1538 3646 1671 3702 Cum
1702 3649 1858 3702 etiam
1883 3648 2086 3718 gladios

511 3739 566 3786 et
605 3747 751 3786 arma
780 3733 1013 3804 quotidie
1038 3744 1221 3790 contra
1252 3751 1345 3791 eos
1374 3737 1529 3792 cudat
1553 3780 1568 3803 ,
1596 3753 1659 3792 ac
1685 3739 1934 3794 barathra
1958 3741 2089 3796 eﬂ‘o—

512 3824 625 3879 diat
643 3867 657 3892 ,
681 3825 746 3879 ad
773 3828 1058 3897 praecipitia
1086 3829 1246 3884 ducat
1269 3837 1323 3884 et
1349 3830 1625 3900 scepnlos,
1655 3840 1707 3886 et
1733 3831 1934 3887 infinita
1962 3848 2086 3904 snp-

515 3919 654 3989 plicii
695 3923 825 3976 retia
853 3931 1014 3988 texat,
1037 3923 1221 3979 beatos
1244 3938 1336 3979 eos
1365 3934 1539 3979 tamen
1566 3933 1816 3994 praestare
1841 3935 2089 3981 censetur

516 4019 627 4066 tum
653 4014 720 4066 ab
740 4013 865 4082 ipsis
893 4017 1078 4083 captis,
1112 4025 1222 4071 tum
1250 4016 1639 4088 a.cupientibus
1666 4016 1802 4086 capi.
1834 4019 2004 4087 Atque
2035 4026 2092 4072 ut

517 4103 570 4156 in
600 4103 779 4156 cloaca
809 4114 862 4157 et
886 4120 1040 4158 emno
1065 4122 1153 4161 sus
1182 4123 1303 4162 cum
1335 4110 1603 4178 voluptate
1629 4117 1683 4164 et
1707 4110 1910 4165 deliciis
1941 4111 2088 4165 volu-

516 4200 677 4256 tatur,
709 4201 798 4245 aut
825 4202 878 4246 ut
908 4193 1159 4248 scarabaei
1189 4196 1240 4250 in
1264 4205 1497 4252 stercore
1519 4200 1850 4255 continenter
1874 4216 2092 4254 versan—

517 4293 644 4339 tur:
674 4285 745 4340 ita
783 4285 942 4339 etiam
982 4287 1195 4340 avaritia
1235 4289 1374 4358 capti
1416 4290 1531 4344 istis
1572 4293 1928 4346 animantibus
1966 4303 2092 4348 sunt

516 4377 839 4432 miseriores.
873 4377 1082 4432 Etenim
1109 4379 1280 4448 major
1305 4379 1420 4437 haec
1439 4391 1521 4437 est
1545 4381 1775 4449 deditas,
1801 4394 1854 4439 et
1879 4399 2087 4440 ctenum

515 4468 726 4538 gravius
767 4467 962 4522 olens:
991 4483 1113 4522 nam
1156 4468 1278 4524 dum
1317 4471 1370 4524 in
1413 4470 1516 4526 hoc
1552 4472 1738 4526 morbo
1772 4484 2084 4544 versantur,

518 4576 763 4631 magnum
786 4561 908 4618 inde
936 4577 998 4618 se
1021 4563 1302 4632 voluptatis
1328 4561 1555 4620 fructum
1577 4575 1848 4636 reportare
1872 4576 2087 4636 putant;

516 4652 659 4722 quod
681 4668 783 4708 non
814 4654 880 4710 ad
905 4654 983 4710 rei
1004 4663 1266 4720 naturam,
1289 4655 1382 4712 sed
1401 4656 1467 4711 ad
1486 4666 1827 4726 aegrotantem
1849 4659 2085 4714 animum

516 4743 852 4799 referendum
884 4754 986 4811 est,
1013 4763 1182 4817 eaque
1211 4763 1273 4802 ex
1304 4756 1450 4816 parte
1478 4748 1580 4802 illis
1605 4749 1805 4804 ratione
1825 4749 2092 4806 destitutis

517 4843 639 4887 sunt
683 4834 996 4891 deteriores.
1048 4837 1502 4904 Quemadmodum
1546 4839 1703 4908 igitur
1741 4841 1792 4894 in
1837 4855 1990 4895 coeno
2029 4857 2094 4898 ae

517 4931 755 4977 stercore
779 4965 794 4989 ,
827 4941 934 4979 non
977 4942 1187 4983 caenum
1231 4943 1294 4983 ac
1337 4937 1541 4984 stercus
1570 4930 1623 4982 in
1653 4945 1808 4984 causa
1841 4941 1960 4998 est,
1997 4933 2092 4987 sed

517 5015 740 5069 rationis
765 5018 981 5084 penuria
1010 5020 1431 5090 immergentium
1459 5037 1576 5078 sese
1604 5024 1952 5080 animantium
1979 5043 1991 5080 :
2015 5027 2094 5082 sic

517 5107 677 5162 etiam
708 5109 775 5163 de
805 5108 1018 5164 homine
1045 5114 1380 5171 ratiocinare.

589 5201 640 5253 7.
670 5203 749 5256 An
795 5204 1085 5272 expetenda:
1124 5207 1224 5260 sint
1260 5209 1448 5263 divitia:
1484 5211 1545 5264 ob
1575 5212 1898 5283 voluptates;
1951 5213 2093 5269 Utro:

514 5296 846 5369 jucundiores
886 5312 1088 5364 mensae,
1130 5297 1340 5352 divitum
1379 5317 1446 5354 an
1472 5318 1768 5372 pauperum.
1811 5335 1880 5344 —
1918 5305 2093 5376 Ecqua

517 5389 722 5443 ratione
750 5389 1080 5444 medebimur
1103 5389 1243 5445 hunc
1305 5392 1358 5446 in
1403 5392 1617 5452 modum
1649 5394 1889 5449 aﬂ‘ectis?
1918 5395 1974 5448 Si
2005 5411 2096 5452 vo-

584 5547 597 5577 ¹
636 5553 684 5594 In
709 5559 804 5596 uno
828 5555 906 5597 Ms.
932 5553 1056 5612 post,
1071 5546 1380 5612 cognationis;
1398 5547 1446 5595 in
1465 5551 1686 5612 margine
1711 5549 1898 5612 additur
1922 5550 2094 5601 eadem

518 5619 680 5662 manu.
707 5615 889 5659 tantum
911 5607 1004 5663 vim
1029 5607 1202 5660 habere
1225 5607 1365 5672 solet,
1384 5615 1433 5661 ut
1455 5607 1954 5664 luotc'ineluctabz'lem
1981 5615 2094 5676 nm:-

515 5677 642 5720 a‘um
666 5669 893 5724 cohibeat.

1237 252 1291 308 S.
1331 249 1602 306 JOANNIS
1639 246 2106 303 CHRYSOSTOMI
2146 245 2459 303 ARCHIEP.
2499 244 3032 301 CONSTANTINOP.

3634 249 3740 304 368

2171 358 2367 413 ltterint
2394 357 2544 412 nobis
2575 356 2873 427 patefacere
2898 370 3076 422 aures,
3109 356 3445 426 animumque
3478 358 3744 428 pandere,

2167 460 2221 505 et
2258 450 2646 519 amplectiquae
2671 449 2942 503 dicuntur.
2998 449 3128 503 Nam
3183 449 3477 504 animantes
3523 452 3742 519 quidem

2167 541 2387 596 rationis
2415 547 2660 610 expertes
2687 541 2752 595 ab
2780 543 2984 609 impura
3015 541 3341 595 volutatione
3371 541 3658 597 transferre
3687 553 3745 596 et

2166 629 2431 684 abducere
2485 644 2596 684 non
2641 644 2921 699 possumus
2967 646 2983 684 :
3032 631 3256 684 rationis
3307 631 3446 684 enim
3495 641 3744 700 expertes

2167 727 2323 785 sunt;
2354 727 2409 774 at
2433 735 2558 776 vero
2583 720 3064 776 mansuetissimum
3092 720 3193 776 hoc
3218 736 3412 791 genus,
3443 721 3748 792 intelligen-

2169 811 2240 864 tia
2265 818 2319 866 et
2345 812 2549 866 ratione
2574 811 2997 879 cohonestatum,
3024 812 3330 876 humanam,
3359 811 3573 884 inq'uam
3594 854 3608 877 ,
3642 829 3748 866 na-

2171 909 2340 955 turam
2360 942 2375 967 ,
2411 901 2460 955 si
2491 901 2637 969 velit,
2671 901 2825 958 facile
2850 913 2934 958 est
2961 902 3218 974 valdeque
3239 903 3566 973 expeditum,
3583 919 3749 959 emno

2171 1003 2225 1063 et
2249 995 2605 1063 graveolcutia
2637 1035 2652 1062 ,
2693 1005 2929 1052 stercore
2969 1005 3022 1050 et
3072 996 3310 1052 foeditate
3353 997 3451 1051 illa.
3493 996 3744 1052 liberare.

2171 1084 2347 1151 Quare
2373 1085 2538 1153 enim,
2564 1101 2596 1140 ο
2624 1086 2784 1141 homo
2805 1127 2819 1150 ,
2851 1087 3049 1142 divitiae
3097 1087 3188 1142 tibi
3223 1102 3542 1158 magnopere
3577 1103 3744 1156 expe-

2171 1175 2342 1229 tendae
2367 1175 2658 1231 videntur?
2707 1177 2928 1246 Propter
2969 1180 3289 1247 voluptatem
3326 1179 3541 1232 omnino
3565 1194 3683 1248 qnae
3713 1193 3749 1232 e

2170 1268 2368 1340 mensis
2429 1267 2714 1322 hauritur?
2762 1279 2978 1337 propter
3027 1269 3281 1324 honorem
3334 1279 3388 1323 et
3430 1268 3745 1323 comiaatum

2171 1375 2376 1425 eorum,
2409 1360 2498 1430 qui
2542 1359 2844 1414 divitiarum
2885 1375 3042 1414 causa
3074 1368 3123 1414 te
3150 1360 3333 1414 colunt
3358 1360 3379 1413 ?
3404 1370 3616 1430 promer
3643 1376 3758 1428 po-

2174 1458 2416 1505 testatem
2447 1451 2736 1505 ulciscendi
2768 1447 2858 1521 qui
2890 1458 2942 1505 te
2973 1449 3313 1515 offenderint,
3335 1459 3472 1504 etut
3499 1451 3758 1504 omnibus

2171 1541 2245 1596 sis
2277 1541 2508 1596 terrori?
2537 1541 2718 1612 Neque
2743 1542 2884 1596 enim
2913 1526 3044 1595 alias
3067 1555 3252 1595 causas
3281 1539 3470 1594 aﬂ’erre
3505 1542 3704 1608 poteris
3727 1581 3754 1606 ,.

2172 1649 2328 1702 quam
2369 1633 2716 1701 voluptatem,
2764 1633 3156 1698 adulationem,
3187 1639 3442 1686 terrorem
3485 1640 3538 1684 et
3584 1632 3748 1684 ultio-

2175 1739 2330 1780 nem:
2360 1738 2480 1776 nam
2512 1738 2684 1793 neque
2713 1723 3087 1792 sapientiorem
3108 1764 3123 1788 ,
3161 1737 3332 1790 neque
3369 1721 3750 1789 temperantio-

2174 1829 2310 1880 rem,
2344 1829 2513 1883 neque
2552 1814 2815 1868 mitiorem
2843 1854 2858 1880 ,
2913 1828 3084 1882 neque
3112 1812 3504 1882 prudentiorem
3531 1812 3756 1865 omnino

2174 1906 2371 1961 divitiae
2400 1906 2612 1962 efﬁcere
2662 1906 2876 1970 solent;
2909 1921 3014 1960 non
3060 1906 3344 1975 benignum
3370 1947 3384 1970 ,
3417 1920 3519 1958 non
3564 1904 3768 1958 huma-.

2178 2014 2322 2062 num,
2367 2013 2470 2052 non
2503 1998 2594 2051 irae
2641 2005 2938 2066 potentem,
2971 2012 3078 2051 non
3113 1997 3284 2052 ventri
3364 1996 3706 2065 imperantem
3732 2037 3751 2060 ,

2179 2104 2284 2143 non
2329 2088 2689 2158 voluptatibus
2747 2089 3117 2158 superiorem;
3172 2101 3280 2141 non
3331 2087 3759 2140 moderationem

2179 2181 2393 2244 docent,
2425 2195 2528 2234 non
2560 2179 2936 2246 humilitatem,
2969 2194 3075 2232 non
3098 2178 3327 2248 aliquam
3351 2177 3505 2231 aliam
3536 2178 3759 2231 virtutis

2180 2281 2383 2342 partem
2414 2270 2467 2324 in
2495 2271 2727 2325 animum
2770 2270 3024 2324 inducunt
3061 2277 3117 2324 et
3161 2269 3418 2323 inserunt.
3463 2267 3641 2338 Neque
3669 2269 3759 2320 di-

2180 2377 2302 2417 cere
2329 2362 2526 2431 poteris
2547 2401 2562 2426 ,
2601 2361 2670 2415 ob
2696 2360 2948 2430 quidnam
2979 2377 3048 2416 ex
3104 2360 3218 2414 istis
3264 2374 3447 2414 earum
3484 2359 3616 2413 adeo
3641 2368 3759 2411 stu-

2182 2453 2364 2507 diosus
2393 2453 2469 2508 sis
2495 2460 2548 2506 et
2571 2454 2814 2522 cupidus.
2845 2451 2976 2506 Nam
3027 2467 3132 2505 non
3180 2449 3338 2504 modo
3393 2465 3498 2504 non
3559 2459 3760 2502 norunt

2160 2545 2424 2614 'plantare
2457 2553 2549 2598 aut
2577 2559 2756 2598 serere
2777 2543 3064 2613 quidquam
3096 2543 3353 2598 honorum
3378 2583 3392 2607 ,
3425 2542 3514 2597 sed
3547 2543 3764 2596 etiamsi

2185 2633 2457 2690 recondita
2487 2636 2779 2700 inveni..nt,
2807 2643 3033 2700 vastant,
3078 2633 3393 2702 impediunt,
3423 2641 3476 2687 et
3506 2642 3560 2686 ιιι
3580 2648 3762 2687 emar-

2184 2737 2402 2784 ccscaut
2450 2728 2687 2784 efficiunt
2731 2745 2744 2780 :
2797 2729 3040 2798 quaedam
3095 2730 3236 2784 enim
3280 2728 3537 2790 evellunt,
3587 2727 3765 2796 iisque

2184 2823 2446 2878 contraria
2477 2821 2750 2884 inducunt,
2784 2823 2966 2876 luxum
3033 2821 3476 2885 immoderatum,
3525 2820 3761 2873 furorem

2188 2913 2639 2982 intempestivum,
2683 2912 2814 2966 iram
2865 2912 3136 2982 injustam,
3184 2911 3540 2983 arrogantiam
3567 2924 3764 2979 supcr-

2187 3003 2350 3070 biam,
2377 2999 2688 3058 amentiam.
2713 3003 2906 3058 Verum
2929 3003 2994 3059 de
3018 3002 3102 3059 his
3129 3018 3236 3058 non
3263 3003 3433 3058 dicam
3457 3019 3470 3055 :
3501 3003 3588 3072 qui
3613 3001 3768 3056 enim

2188 3095 2290 3150 hoc
2316 3095 2502 3150 morbo
2531 3095 2764 3165 correpti
2805 3103 2948 3162 sunt,
2993 3111 3101 3149 non
3131 3094 3457 3150 sustinerent
3482 3093 3667 3148 audire
3691 3092 3765 3146 de

2187 3189 2383 3244 virtute
2411 3190 2630 3256 etvitio,
2661 3189 2705 3243 si
2726 3197 3104 3244 accusarentur
3124 3188 3280 3244 simul
3306 3197 3359 3244 et
3378 3187 3766 3242 convinceren-

2189 3292 2294 3349 tur,
2335 3297 2455 3338 cum
2499 3283 2552 3337 in
2580 3282 2855 3352 voluptate
2903 3282 2999 3338 toti
3047 3283 3185 3346 sint,
3235 3279 3456 3349 ideoque
3493 3279 3607 3348 ejus
3637 3277 3776 3333 fact“:

2193 3375 2354 3431 servi.
2387 3375 2500 3445 Age
2529 3375 2690 3446 igitur
2719 3374 2880 3430 missa
2911 3373 3121 3429 interim
3150 3373 3218 3428 de
3257 3372 3340 3427 his
3369 3370 3724 3441 disputatione
3748 3413 3763 3434 ,

2188 3484 2306 3540 quae
2355 3467 2557 3538 reliqua
2599 3478 2722 3524 sunt
2763 3467 3079 3524 inmedium
3136 3465 3457 3532 adferamus,
3492 3480 3555 3520 ac
3594 3462 3776 3518 videa-

2190 3576 2342 3624 mus,
2386 3576 2513 3615 num
2552 3577 2713 3630 quam
2740 3549 2940 3615 divitiae
2964 3561 3292 3631 voluptatem
3336 3559 3603 3624 habeant,
3635 3572 3771 3611 num

2190 3668 2348 3724 quem
2377 3652 2663 3715 honorem;
2694 3653 2871 3707 omnia
2900 3652 3042 3707 enim
3089 3652 3351 3707 contraria
3391 3649 3566 3704 video.
3598 3649 3674 3702 Ac
3718 3649 3780 3703 se

2193 3745 2374 3811 vultis,
2407 3744 2641 3814 primum
2683 3744 2734 3798 in
2764 3757 2977 3798 mensas
3003 3743 3225 3797 divitum
3257 3751 3310 3796 et
3355 3754 3637 3809 pauperum
3678 3739 3774 3791 in-

2191 3837 2501 3907 quiramns,
2553 3850 2905 3906 rogemusqne
2951 3845 3229 3890 vescentes
3271 3836 3483 3904 quinam
3537 3832 3778 3886 maxime

2193 3945 2322 4000 pura
2361 3938 2416 3984 et
2449 3929 2646 3999 liquida
2693 3928 3035 3998 perfruantur
3079 3928 3388 3996 voluptate“!
3434 3925 3521 3994 qui
3571 3923 3636 3977 ad
3683 3924 3772 3976 di-

2195 4037 2435 4076 mensum
2482 4021 2623 4076 diem
2651 4035 2811 4089 super
2838 4029 2984 4074 toros
3025 4019 3372 4084 accumbunt,
3419 4030 3600 4072 cannas
3643 4030 3782 4068 cum.

2196 4114 2436 4183 prandiis
2474 4112 2746 4182 cepulaut,
2783 4120 3024 4166 ventrem
3055 4110 3408 4178 disrumpunt,
3441 4121 3628 4162 sensus
3670 4105 3775 4159 de-

2196 4213 2420 4276 pravant
2444 4246 2460 4271 ,
2516 4204 2801 4259 immodico
2843 4204 3141 4259 ednliorum
3177 4218 3340 4258 onere
3375 4201 3638 4271 navigium
3676 4199 3778 4252 de-

2199 4305 2465 4365 mergunt,
2499 4296 2761 4350 sentinam
2790 4295 3158 4351 inexhaustatn
3189 4303 3242 4349 et
3267 4294 3619 4350 exundantem
3642 4291 3775 4345 red-

2196 4388 2352 4451 dunt,
2380 4396 2434 4441 et
2459 4395 2726 4455 tamquam
2750 4387 2801 4440 in
2831 4387 3071 4455 corporis
3102 4385 3372 4455 naufragio
3397 4399 3582 4438 navem
3615 4382 3781 4438 undis

2197 4480 2474 4541 obruunt,
2518 4477 2753 4547 pedicas,
2783 4477 3049 4544 manicas,
3096 4485 3150 4530 et
3189 4475 3382 4544 linguae
3431 4473 3635 4529 vincula
3676 4489 3782 4528 ne-

2197 4579 2374 4635 ctunt,
2408 4577 2680 4638 totumque
2707 4583 2899 4636 corpus
2927 4582 3079 4622 suum
3108 4568 3342 4621 vinciunt
3365 4565 3574 4620 vinculo
3597 4564 3783 4620 ebrie-

2182 4662 2320 4716 'tatis
2357 4668 2412 4714 et
2443 4660 2596 4714 luxus
2635 4660 2880 4728 graviore
2909 4673 3068 4728 quem
3123 4657 3294 4714 ferrea
3343 4667 3550 4722 catena,
3582 4670 3643 4710 ac
3673 4672 3782 4711 nec

2199 4755 2464 4808 sincerum
2486 4760 2538 4806 et
2563 4740 2993 4821 purum'capiunt
3015 4765 3258 4806 somnum
3285 4788 3300 4812 ,
3348 4763 3521 4817 neque
3551 4748 3618 4801 ab
3643 4746 3784 4799 hor-

2200 4844 2441 4899 rihilibus
2471 4843 2750 4898 insomniis
2797 4843 2948 4897 liberi
2980 4851 3134 4905 sunt,
3165 4839 3563 4906 furentibusque
3609 4836 3784 4890 mise-

2199 4937 2406 5000 riores,
2438 4935 2801 4996 voluntarium
2851 4933 3137 5003 quemdam
3193 4931 3490 4986 daemonem
3547 4944 3599 4983 tn
3655 4929 3782 4980 ani-

2200 5042 2343 5081 mum
2373 5023 2653 5092 inducunt,
2687 5023 2816 5078 risui
2861 5022 3216 5094 spectantium
3261 5021 3580 5076 famulorum
3610 5035 3784 5089 expo-

2199 5120 2307 5186 siti,
2341 5120 2448 5174 imo
2479 5134 2608 5174 vero
2633 5119 2793 5173 etiam
2815 5117 2977 5172 luctui
3004 5125 3056 5170 et
3087 5114 3336 5186 lacrymis
3373 5115 3654 5169 meliorum
3681 5113 3774 5164 in-

2202 5218 2283 5263 ter
2309 5225 2402 5264 eos
2427 5227 2441 5274 ;
2469 5209 2737 5263 neminem
2765 5215 3028 5263 noverunt
3066 5221 3275 5268 eorum,
3305 5205 3393 5275 qui
3423 5203 3636 5266 adsunt,
3679 5217 3785 5256 ne-

2201 5315 2302 5370 que
2331 5300 2510 5356 dicere
2562 5299 2724 5370 quid,
2779 5315 2952 5370 neque
2999 5300 3186 5354 audire
3228 5306 3468 5369 possunt,
3501 5296 3594 5350 sed
3643 5296 3792 5348 inter

2199 5392 2518 5460 gestantium
2551 5407 2743 5446 manus
2785 5406 2814 5445 a
2848 5391 2976 5446 toris
3003 5392 3068 5446 ad
3109 5393 3359 5446 lectulum
3398 5391 3683 5446 feruntur?
3709 5405 3784 5445 an

2200 5498 2326 5537 vero
2361 5483 2561 5549 sobrii,
2601 5484 2913 5554 vigilantes,
2959 5484 3154 5554 quique
3197 5483 3411 5538 modum
3461 5482 3796 5536 necessitate

2201 5575 2481 5640 deliniant,
2524 5577 2771 5632 secundis
2797 5565 2982 5632 ventis
3012 5577 3280 5643 navigant,
3312 5593 3372 5631 ac
3416 5590 3513 5644 pro
3545 5574 3794 5627 maximo

2203 5665 2594 5722 oblectamento
2616 5676 2720 5722 tam
2744 5668 2794 5722 in
2821 5668 2950 5724 cibis
2985 5683 3141 5738 quam
3178 5668 3228 5723 in
3259 5677 3384 5738 potu
3408 5666 3599 5722 famem
3621 5673 3680 5719 et
3703 5664 3800 5721 si-
