4100 6196
204 267 311 322 167

188 642 547 713 ὑπολήψεως,
585 644 680 697 καὶ
715 645 991 714 πατρίδος,
1032 648 1126 701 καὶ
1156 649 1392 717 οίκείων,
1426 654 1521 706 καὶ⁵
1549 654 1739 723 φίλων,
1777 659 1873 713 καὶ

191 730 504 799 συγγενῶν,
556 730 654 784 καὶ
698 730 805 786 τῶν
851 732 1026 787 ἄλλων
1079 735 1332 790 ἁπάντων
1376 738 1485 793 τῶν
1530 740 1589 793 τὸ
1635 742 1871 812 χαλεπὸν

186 816 353 869 τοῦτο
384 817 599 887 νόσημα
625 818 996 888 νενοσηκότων
1019 822 1355 894 τιμιώτερον
1380 828 1493 889 τοῖς
1516 826 1729 892 πολλοῖς
1759 829 1871 884 ἐδο-

186 903 279 970 ξεν
310 899 483 960 εἶναι.
515 905 625 959 Kal
644 904 784 977 πρὸς
826 907 999 971 αὐτάς
1042 909 1210 981 ἀνέϐη
1240 910 1425 965 λοιπὸν
1452 913 1553 979 τὰς
1578 917 1805 986 νεφέλας
1830 920 1863 990 ἡ

187 990 379 1060 πυρά’
422 990 521 1045 καὶ
569 991 674 1061 γῆν
723 991 817 1044 καὶ
867 990 1139 1048 θάλατταν
1190 998 1224 1068 η
1268 998 1499 1069 κάμινος
1540 1001 1677 1074 αὐτη
1735 1021 1867 1058 κατ-

186 1077 377 1134 ἐλαϐε.
408 1078 522 1132 Kal
550 1080 580 1131 6
604 1078 704 1149 μὲν
734 1078 1004 1135 σϐεννύων
1032 1082 1329 1155 τὴνφλόγα
1356 1087 1558 1159 ταύτην
1583 1091 1786 1154 οὐδείς·
1814 1094 1862 1147 οί

184 1164 239 1217 δὲ
266 1164 651 1229 ἀνακαίοντες,
678 1166 938 1230 ἅπαντες,
968 1168 1123 1223 αὐτοί
1146 1187 1207 1224 τε
1232 1173 1282 1225 oi
1316 1172 1534 1239 ἁλόντες
1565 1176 1688 1248 ἥδη,
1731 1180 1860 1232 οἵτε

186 1252 423 1321 μηδέπω
456 1251 696 1316 ἁλόντες,
733 1253 821 1306 ἵνα
864 1253 1053 1309 ἀλῶσι.
1090 1257 1202 1311 Kal
1249 1258 1476 1315 ἕκαστον
1517 1261 1615 1316 ῐδοι
1651 1281 1731 1329 τις
1769 1264 1855 1330 ἂν,

184 1340 278 1391 καὶ
314 1338 489 1409 ἄνδρα
517 1338 611 1391 xal
637 1342 896 1406 γυναῖκα,
927 1342 1023 1395 καὶ
1061 1342 1282 1415 οἰκέτην
1313 1346 1406 1400 καὶ
1430 1347 1732 1421 ἐλεύθερον,
1765 1353 1859 1405 καὶ

183 1423 442 1477 πλούσιον
474 1424 569 1479 καὶ
612 1424 843 1496 πένητα,
887 1427 1028 1481 κατὰ
1056 1428 1284 1501 δύναμιν
1312 1432 1409 1504 τὴν
1435 1436 1627 1489 ἐαυτοῦ
1665 1439 1856 1508 φορτία

180 1511 545 1579 βαστάζοντα,
571 1510 645 1564 τὰ
669 1515 735 1583 τῇ
756 1513 913 1582 φλογὶ
936 1515 1109 1588 ταύτῃ
1129 1517 1196 1570 δι’
1230 1520 1439 1591 ἡμέρας
1460 1539 1517 1575 τε
1539 1523 1633 1576 καὶ
1664 1525 1856 1588 νυκτὸς

177 1597 382 1669 πολλὴν
417 1598 729 1670 παρέχοντα
766 1599 864 1669 τὴν
905 1604 1149 1674 τροφήνο
1191 1607 1386 1676 φορτία
1412 1608 1473 1660 οὐ
1506 1609 1697 1675 ξύλων,
1732 1612 1853 1667 οὐδὲ

175 1683 474 1753 φρυγάνων
512 1685 598 1753 (οὐ
642 1686 755 1758 γὰρ
803 1687 1025 1760 τοιαύτη
1060 1692 1093 1760 ἡ
1125 1690 1298 1762 φλὸξ),
1346 1692 1482 1749 ἀλλά
1525 1694 1711 1766 ψυχῶν
1756 1696 1852 1750 καὶ

175 1771 474 1841 σωμάτων,
511 1772 729 1837 ἀδικίας
759 1775 854 1827 καὶ
899 1779 1266 1849 παρανομίας.
1323 1781 1454 1834 Ἀπὸ
1496 1783 1604 1853 γάρ
1648 1784 1852 1839 τούτων

170 1859 521 1914 ἀνάπτεσθαι
545 1861 787 1929 πέφυκεν
807 1862 945 1935 αὐτη
968 1866 1066 1935 τῆς
1089 1866 1283 1936 φλογὸς
1303 1870 1337 1940 ή
1361 1869 1540 1937 φύσις.
1567 1872 1635 1925 υἴ
1657 1889 1714 1924 τε
1743 1872 1850 1945 γὰρ

167 1946 546 2011 πλουτοῦντες
575 1948 805 2020 οὐδαμοῦ
845 1951 943 2021 τῆς
974 1952 1175 2005 ἀτόπου
1214 1955 1420 2026 ταύτης
1455 1957 1696 2011 ἵστανται
1726 1961 1847 2012 ἐπι-

166 2032 403 2103 θυμίας,
446 2034 550 2087 κᾶν
579 2034 790 2090 ἃπασαν
831 2038 1229 2108 περιϐάλωνται
1267 2043 1368 2113 τὴν
1404 2045 1756 2116 οἰκουμένην·
1798 2048 1853 2101 σί

161 2136 221 2172 τε
258 2121 509 2193 πένητες
538 2122 849 2191 ἐπείγονται
899 2125 1102 2194 φθάσαι
1140 2129 1402 2195 ἐκείνους,
1438 2131 1532 2185 καὶ
1561 2132 1731 2187 λύσσα
1763 2152 1847 2199 τις

162 2209 393 2273 ἀνίατος
428 2208 526 2263 καὶ
561 2211 732 2280 μανία
756 2210 1195 2278 ἀκάθεκτοςμκαὶ
1219 2216 1373 2281 νόσος
1397 2218 1721 2290 ἀδιόρθωτος
1745 2221 1845 2286 τάς

162 2296 387 2351 πάντων
418 2297 641 2369 κατέχει
664 2298 864 2370 ψυχάς.
893 2300 1004 2354 Καὶ
1032 2300 1208 2356 πάντα
1238 2302 1416 2375 ἔρωτα
1436 2299 1588 2370 οὗτος
1614 2308 1843 2378 νικήσας

162 2381 189 2432 6
218 2380 364 2452 ἔρως
398 2381 499 2435 καὶ
530 2384 929 2455 παρωσάμενος
970 2383 1192 2451 ἐξέϐαλε
1221 2389 1322 2460 τῆς
1344 2385 1543 2461 ψυχῆς.
1578 2394 1689 2447 Kal
1717 2393 1840 2448 οὐτε

165 2466 345 2532 φιλίας
380 2466 564 2537 λόγος.
617 2468 744 2523 οὐτε
789 2472 1109 2539 συγγενείας
1137 2485 1164 2514 ι
1186 2489 1200 2503 ·
1236 2475 1331 2528 καὶ
1378 2476 1434 2529 τί
1462 2476 1605 2547 λέγω
1657 2479 1840 2549 φιλίας

166 2556 249 2607 ul
290 2556 654 2624 συγγενείας;
694 2556 756 2609 οὐ
788 2558 1045 2625 γυναικὸς
1074 2560 1170 2614 καὶ
1215 2561 1441 2631 παίδων,
1474 2559 1535 2620 οὑ
1565 2564 1619 2618 τί
1643 2566 1836 2635 γένοιτ’

165 2644 222 2696 ἀν
270 2644 507 2715 ἀνδράσι
555 2643 958 2717 ποθεινότερονς
993 2648 1129 2703 ἀλλά
1164 2650 1342 2705 πάντα
1375 2654 1549 2724 χαμαὶ
1581 2654 1835 2726 ἔρριπται

162 2732 247 2782 ul
273 2732 767 2803 καταπεπάτηται,
790 2734 891 2804 τῆς
922 2735 1082 2807 ὠμῆς
1107 2737 1312 2809 ταύτης
1344 2740 1440 2793 καὶ
1466 2742 1832 2814 ἀπανθρώπου

161 2818 449 2890 δεσποίνης
480 2818 592 2871 τῶν
620 2819 855 2875 ἁλόντων
882 2821 981 2886 τὰς
1008 2824 1264 2879 ἀπάντων
1289 2826 1704 2900 καταλαϐούσης
1730 2829 1832 2900 ψυ-

162 2904 268 2973 ιίς.
300 2906 422 2960 Kal
454 2906 569 2978 γὰρ
592 2906 667 2971 ὡς
691 2908 950 2963 δέσποινα
977 2910 1184 2966 τούτων
1211 2913 1595 2985 ἀπάνθρωπος,
1628 2918 1724 2971 καὶ
1755 2918 1831 2983 ὡς

166 2992 419 3062 τύραννος
449 2993 688 3065 ἀπηνὴς,
718 2995 812 3048 καὶ
837 2996 914 3060 ὡς
946 2997 1220 3070 βάρϐαρος
1249 2999 1396 3072 ὠμὴ,
1428 3002 1521 3055 καὶ
1553 3002 1629 3067 ὡς
1656 3004 1828 3077 πόρνη

167 3078 440 3151 ⁴εάνδημος
486 3080 584 3132 καὶ
611 3081 928 3154 πολυτελὴς,
976 3086 1329 3157 κατάισχύνει
1370 3088 1465 3141 καὶ
1497 3091 1825 3158 κατατείνει,

164 3167 240 3218 ul
281 3166 518 3237 μυρίοις
551 3167 767 3233 κολάζει
812 3169 1080 3235 κινδύνοις
1115 3188 1175 3225 τε
1226 3174 1322 3227 καὶ
1377 3176 1668 3246 τιμωρίαις
1699 3179 1826 3242 τοὺς

160 3252 446 3323 ἑλομένους
484 3253 758 3311 δουλεύειν
798 3257 971 3330 αὑτῇο
1019 3259 1115 3313 καὶ¹
1159 3259 1368 3331 φοϐερά
1418 3279 1501 3326 τις
1545 3258 1677 3317 οὖσα
1730 3265 1831 3320 καὶ

159 3341 496 3410 ἀμείλικτος,
529 3340 695 3413 ἀγρία
720 3361 781 3398 τε
806 3345 900 3398 καὶ
926 3347 1162 3416 ἀπηνὴς,
1191 3348 1286 3401 καὶ
1309 3348 1598 3420 πρόσωπον
1627 3350 1827 3421 ἔχουσα

151 3428 513 3501 βαρϐαρικὸν,
549 3430 747 3501 μᾶλλον
773 3431 829 3485 δὲ
860 3431 1144 3503 θηριῶδες,
1178 3434 1273 3487 καὶ
1298 3434 1461 3488 λύκου
1492 3436 1582 3489 καὶ
1614 3437 1824 3503 λέοντος

150 3509 511 3587 ἀγριώτεροι),
548 3518 827 3589 προσηνής
855 3536 939 3583 τις
972 3514 1112 3573 εἶναι
1146 3520 1316 3586 δοκεῖ,
1353 3522 1445 3574 καὶ
1484 3522 1704 3596 ποθεινὴ
1732 3527 1823 3580 καὶ

147 3603 364 3670 μέλιτος
412 3603 730 3675 γλυκυτέρα
784 3607 899 3669 τοῖς
942 3606 1453 3676 αίχμαλωτισθεῖσιν
1500 3610 1593 3664 ὑπ’
1630 3612 1820 3684 αὐτῆς.

146 3691 249 3744 Kal
271 3691 410 3763 ξίφη
438 3690 537 3744 καὶ
563 3691 703 3746 δπλα
720 3692 842 3746 καθ’
870 3693 1107 3765 ἐκάστην
1135 3694 1257 3747 κατ’
1284 3696 1462 3749 αὐτῶν
1485 3697 1821 3768 χαλκεύουσα

141 3786 232 3856 τὴν
256 3787 507 3858 ἡμέραν,
527 3786 620 3840 καὶ
636 3785 886 3860 βάραθρα
911 3789 1301 3861 ἀνορύττουσα,
1320 3792 1412 3845 καὶ
1429 3793 1523 3846 ἐπὶ
1543 3797 1821 3866 κρημνοὺς

139 3878 293 3954 [452]
316 3882 537 3950 ἀγουσα
561 3884 655 3937 καὶ
683 3884 999 3949 σκοπέλους,
1023 3886 1117 3940 καὶ
1146 3885 1313 3957 μυρία
1337 3888 1522 3951 αὐτοῖς
1545 3888 1817 3946 πλέκουσα

144 3978 424 4043 κολάσεως
476 3977 689 4042 δίκτυα,
743 3979 1019 4052 ζηλωτοὺς
1067 3982 1265 4046 αὐτοὺς
1313 3983 1593 4055 νομίζεται
1644 3990 1817 4042 ποιεῖν

144 4076 242 4138 τοῖς
272 4089 338 4125 τε
381 4074 684 4129 ἐαλωκόσιν
724 4077 928 4143 αὐτοῖς,
964 4080 1078 4141 τοῖς
1118 4096 1176 4132 τε
1207 4078 1565 4151 ἐπιθυμοῦσιν
1589 4081 1812 4137 ἀλῶναι.

143 4167 242 4221 Kal
270 4168 533 4242 καθάπερ
555 4164 619 4234 ὗς
649 4170 709 4225 ἐν
737 4172 931 4245 ἀμάρᾳ
958 4174 1055 4228 καὶ
1079 4173 1324 4247 βορϐόρῳ
1353 4177 1810 4253 ἐγκαλινδουμένη
1863 4187 1891 4211 ’

138 4261 319 4329 ἥδεται
347 4264 447 4317 καὶ
468 4266 671 4336 τρυφᾷ,
704 4266 798 4319 καὶ
822 4266 1084 4340 κάνθαροι
1113 4269 1321 4340 κόπρον
1345 4271 1584 4343 συνεχῶς
1612 4273 1816 4327 ἀνελίτ-

134 4372 317 4421 twn-sc
334 4377 352 4392 ο
385 4359 533 4412 οὕτω
553 4360 620 4431 δὴ
640 4362 735 4415 καὶ
758 4364 806 4415 οἱ
839 4365 904 4435 τῇ
930 4364 1264 4436 φιλαργυρίᾳ
1286 4366 1504 4432 ἁλόντες
1526 4367 1633 4422 τῶν
1656 4368 1811 4433 ζώων

131 4455 340 4508 τούτων
375 4452 519 4508 είσϊν
556 4454 900 4519 ἀθλιώτεροι.
937 4460 1047 4513 Kal
1096 4460 1205 4535 γάρ
1257 4460 1460 4532 μείζων
1507 4465 1540 4535 η
1580 4464 1813 4519 ἐνταῦθα

128 4548 455 4620 βδελυγμία,
474 4550 569 4604 καὶ
588 4552 618 4604 6
639 4550 895 4625 βόρϐορος
923 4552 1319 4627 δυσωδέστερος
1334 4573 1348 4587 '
1383 4558 1810 4631 ἐνδιατρίϐοντες

126 4640 232 4711 γάρ
264 4640 348 4711 τῷ
384 4640 573 4708 πάθει,
608 4643 808 4716 πολλὴν
833 4646 1146 4717 νομίζουσιν
1175 4647 1367 4721 ἡδονὴν
1397 4649 1645 4705 ἐντεῦθεν
1673 4670 1808 4721 καρ-

124 4734 369 4788 ποῦσθαι
394 4750 410 4765 ·
440 4736 578 4808 ὅπερ
626 4738 689 4791 οὑ
731 4739 833 4809 τῆς
865 4740 1083 4809 φύσεως
1119 4742 1215 4796 τοῦ
1265 4746 1589 4819 πράγματός
1635 4750 1803 4813 ἐστιν,

124 4821 260 4874 ἀλλά
283 4821 397 4891 τῆς
420 4823 517 4895 τὴν
538 4825 795 4897 τοιαύτην
819 4828 1044 4898 ἀλογίαν
1074 4831 1338 4905 νοσούσης
1359 4834 1617 4903 διανοίας.
1637 4840 1807 4894 Τοῦτο

122 4910 172 4963 ἓ
209 4913 320 4983 τῆς
373 4912 597 4983 ἀλογίας
646 4918 872 4973 ἐκείνων
912 4924 1118 4993 χεῖρον.
1159 4924 1370 4998 Ὠσπερ
1420 4924 1513 4983 οὖν
1564 4930 1659 4983 ἐπὶ
1710 4933 1804 4987 τοῦ

432 5006 524 5059 καὶ
549 5006 651 5078 τῆς
674 5008 903 5081 κόπρου,
932 5012 991 5066 οὑ
1021 5013 1116 5068 τοῦ
1147 5015 1407 5090 βορϐόρου
1441 5021 1535 5074 καὶ
1564 5023 1662 5093 τῆς
1712 5025 1805 5078 κό-

124 5107 264 5159 πρου
306 5094 374 5147 τὸ
404 5094 594 5161 αἴτιον,
629 5099 770 5155 ἀλλά
812 5102 912 5171 τῆς
958 5104 1182 5172 ἀλογίας
1218 5107 1325 5161 τῶν
1357 5110 1802 5181 ἐμπεπτωκότων

126 5184 276 5243 ζώων
300 5202 319 5216 ’
351 5184 499 5241 οὑτω
530 5190 626 5242 καὶ
652 5192 745 5245 ἐπὶ
777 5193 885 5247 τῶν
918 5194 1222 5267 ἀνθρώπων
1252 5198 1491 5269 λογίζου.

184 5275 257 5336 ζ’.
277 5275 399 5329 Kal
434 5276 550 5342 πῶς
570 5278 637 5334 ἀν
660 5281 950 5354 ίασαίμεθα
974 5288 1100 5351 τοὺς
1129 5285 1272 5342 οὑτω
1297 5289 1679 5363 διακειμένους
1702 5296 1799 5363 ;ΕΞ

122 5363 527 5435 ῥουληθείησαν
551 5369 686 5438 ἡμῖν
710 5372 920 5440 ἀνοῖξαι
949 5375 1050 5439 τὰς
1077 5377 1266 5441 ἀκοὰς,
1306 5380 1402 5432 καὶ
1425 5381 1671 5436 ἀπλῶσαι
1698 5385 1796 5455 τὴν

116 5455 391 5524 διάνοιαν,
422 5461 515 5515 καὶ
538 5464 793 5530 δέξασθαι
824 5468 893 5522 τὰ
923 5468 1211 5543 λεγόμενα.
1242 5472 1323 5526 Τά
1352 5474 1454 5541 μὲν
1481 5474 1590 5550 γὰρ
1623 5479 1793 5549 ἀλογα

176 5606 301 5692 :Vn.
328 5629 432 5664 uno
469 5632 557 5692 qn.
600 5628 707 5692 pqst
748 5625 1020 5692 συγγενείας
1060 5627 1110 5676 in
1153 5631 1372 5692 margine
1397 5633 1592 5683 additur
1614 5638 1787 5687 eadem

118 5684 257 5724 Inoa
282 5677 461 5738 ἴσχυσε
482 5677 691 5745 ἐπισχεῖν
711 5686 798 5743 τὴν
819 5677 1076 5737 ἀκάθεκτον
1097 5677 1576 5757 τώτὴνσδρμῆνῖ-ίξαὶ

1280 275 1469 342 QUOD
1506 278 1695 335 ΝΕ.Μο
1729 281 2064 339 LA‘SDITUR
2103 287 2239 345 NlSl
2278 292 2322 346 Α
2353 291 2614 355 SEIPSO.

271 383 377 438 Διά
416 384 475 438 τί
514 382 624 454 γάρ
666 383 907 471 ζηλωτὸν
930 387 960 439 6
1005 388 1253 454 πλοῦτος,
1289 392 1411 445 εἰπέ
1444 410 1567 464 μοι;
1609 397 1720 450 Kal
1766 398 1877 471 γὰρ

190 472 505 539 ἀναγκαῖον
533 469 784 525 ἐντεῦθεν
813 475 1294 545 προοιμιάσασθαι,
1334 480 1521 553 ἐπειδὴ
1552 483 1742 551 ὑγείας
1779 469 1875 539 καὶ
1972 491 2082 546 ἔνι’
2122 495 2182 550 λο

189 557 345 628 ζωῆς
380 558 479 611 καὶ
509 558 609 628 τῆς
642 557 795 630 παρὰ
819 559 929 651 τῶν
951 560 1162 617 πολλῶν
1193 564 1494 651 εὐφημίας,
1517 570 1613 622 καὶ
1634 572 1876 643 χρηστῆς
1971 583 2146 651 γένος,

3529 320 3636 376 468

1977 402 2287 499 μεταθεῖναι
2308 411 2408 482 τῆς
2431 415 2743 489 ἀκαθάρτου
2768 422 3049 495 διατριϐῆς
3077 424 3172 480 καὶ
3202 427 3509 499 ἀπαγαγεῖν
3535 435 3635 489 οὑκ

1970 675 2130 778 cisia?
2175 677 2317 749 λέγω
2355 685 2615 756 φύσινλεί
2650 690 2956 767 βουληθείη,
2994 675 3176 769 ῥᾴδιόν
3211 717 3270 753 τε
3297 675 3391 755 καὶ
3426 675 3631 778 σφόδρα

1967 765 2187 865 εὐκολον
2216 773 2311 826 καὶ
2344 776 2437 829 τοῦ
2475 777 2736 853 βορϐόρου
2778 787 2873 840 καὶ
2921 765 3333 858 δυσωδίας,
3383 765 3484 848 καί
3525 765 3627 865 τῆς

1967 856 2171 958 κέπρξω
2204 867 2306 958 ,κει
2340 870 2440 940 τῆς
2491 872 2814 947 βδελυγμίας
2848 856 3150 947 ἀπαλλάξαι
3183 886 3416 958 ἐκείνης.
3446 856 3625 943 Διὰ

1964 949 2072 1022 γάρ
2104 954 2131 1006 6
2162 953 2410 1025 πλοῦτος,
2460 963 2733 1037 ἄνθρωπε,
2765 974 3227 1044 περισπούδαστος
3261 949 3400 1032 εἷναί
3431 997 3513 1034 σοι
3541 980 3625 1035 δο-

1965 1045 2085 1142 κειὶᾋ
2119 1048 2237 1142 ,Διά
2284 1052 2381 1126 τὴν
2412 1057 2604 1130 ἡδονὴν
2638 1063 2853 1127 πάντως
2889 1067 2987 1137 τὴν
3020 1068 3127 1121 ἀπὸ
3160 1069 3268 1124 τῶν
3294 1073 3619 1142 τραπεζῶνς

1957 1132 2055 1233 6d-
2080 1136 2176 1209 τὴν
2200 1144 2397 1233 τιμὴν,
2444 1150 2537 1202 καὶ
2586 1152 2685 1223 τὴν
2727 1132 3048 1231 δορυφορίαν
3085 1160 3182 1233 τὴν
3229 1132 3340 1216 ἀπδ
3381 1132 3498 1219 τῶν.
3531 1132 3622 1220 ad}

1961 1226 2151 1283 τοῦτον
2191 1231 2639 1309 θεραπευόντων;
2674 1243 2761 1298 διά
2789 1245 2850 1299 τὸ
2875 1247 3131 1304 δύνασθαι
3166 1254 3293 1316 τοὺς
3317 1253 3618 1320 λυποῦντας

1956 1316 2282 1389 ἀμύνασθαι,
2320 1328 2413 1380 καὶ
2446 1331 2611 1385 πᾶσιν
2644 1329 2783 1388 εἷναι
2813 1336 3069 1410 φοϐερόν;
3106 1341 3239 1395 Οὐδὲ
3268 1343 3376 1415 γάρ
3406 1345 3471 1398 ἂν
3499 1316 3616 1400 ἐτέζ

1958 1423 2054 1501 ρας
2081 1413 2260 1477 αίτίας
2299 1415 2442 1487 ἔχοις
2472 1422 2665 1489 εἰπεῖν,
2706 1425 2823 1479 ἀλλ’
2868 1428 2900 1498 ἢ
2939 1428 3149 1501 ἡδονὴν,
3178 1432 3270 1485 καὶ
3298 1413 3608 1501 κολακείαν,

1954 1498 2046 1552 καὶ
2088 1502 2272 1594 φόϐον,
2312 1508 2404 1560 καὶ
2452 1513 2751 1583 τιμωρίαν·
2800 1516 2922 1570 οὐτε
2956 1498 3433 1594 γάρνσοφώτερον,
3485 1498 3607 1579 οὔτε

1954 1592 2410 1666 σωφρονέστερον,
2441 1599 2563 1653 οὐτε
2608 1605 3029 1680 ἐπιεικέστερον,
3068 1610 3192 1664 οὐτε
3247 1614 3608 1689 συνετώτερον

1948 1680 2167 1776 πάντως
2195 1687 2221 1739 6
2251 1687 2479 1755 πλοῦτος
2514 1698 2687 1747 ποιεῖν
2720 1698 2933 1765 εἴωθεν,
2964 1702 3023 1753 οὐ
3051 1704 3301 1774 χρηστὸν,
3332 1707 3393 1759 οὐ
3424 1680 3612 1776 φιλάν-

1955 1768 2195 1871 θρωπον,
2229 1778 2330 1846 οὐκ
2358 1781 2527 1851 ὀργῆς
2558 1784 2893 1865 κρείττοντα,
2916 1791 2977 1843 οὑ
3009 1768 3246 1865 γαστρὸς
3263 1768 3487 1866 ἀμείνω,
3511 1799 3609 1871 οὐχ

1949 1862 2152 1932 ἡδονῶν
2180 1868 2449 1941 ἀνώτερον
2471 1890 2483 1902 ·
2512 1874 2573 1927 οὐ
2609 1862 2920 1949 μετριάζειν
2947 1883 3209 1949 παιδεύει,
3234 1888 3294 1939 οὑ
3321 1890 3608 1944 συνεστάλ-

1947 1953 2037 2009 θαι
2080 1958 2338 2027 διδάσκει,
2376 1965 2475 2019 οὐκ
2506 1967 2633 2021 ἀλλο
2680 1987 2734 2023 τι
2787 1972 2951 2044 μέρος
3000 1974 3097 2045 τῆς
3148 1979 3345 2050 ἀρετῆς
3386 1985 3466 2047 είς
3504 1985 3604 2056 τὴν

1943 2046 2120 2122 ψυχὴν
2153 2054 2363 2119 εἰσάγει
2416 2058 2510 2111 καὶ
2543 2063 2926 2131 καταφυτεύει.
2977 2068 3098 2121 Οὐδ’
3126 2069 3192 2123 ἂν
3235 2046 3376 2141 ἔχοις
3426 2046 3600 2131 εἰπείν

1945 2138 2035 2235 διὰ
2070 2142 2123 2196 τί
2163 2146 2368 2201 τούτων
2407 2152 2870 2221 περισπούδαστός
2915 2158 3034 2211 ἐστί
3083 2176 3166 2214 σοι
3220 2138 3311 2215 καὶ
3356 2166 3601 2235 ποθεινός

1948 2225 2124 2298 οὗτος.
2161 2237 2236 2289 Οὐ
2264 2237 2374 2309 γὰρ
2397 2239 2462 2311 δὴ
2494 2242 2655 2312 μόνον
2683 2245 2834 2299 οὐδὲν
2865 2243 2971 2300 οἶδε
2999 2253 3249 2318 φυτεύειν
3268 2256 3303 2327 ἢ
3337 2225 3602 2330 γεωργεῖν

1939 2327 2048 2382 τῶν
2079 2328 2321 2398 ἀγαθῶν,
2372 2331 2507 2385 ἀλλά
2540 2334 2644 2387 κᾶν
2690 2336 3026 2408 ἀποκείμενα
3076 2341 3232 2417 εὑρη,
3284 2327 3599 2418 λυμαίνεται

1941 2420 2037 2475 καὶ
2060 2421 2259 2475 κωλύει
2293 2423 2388 2476 καὶ
2413 2428 2811 2498 καταμαραίνει
2831 2446 2846 2461 ο
2878 2430 2993 2485 ἔνια
3022 2433 3084 2487 δὲ
3115 2438 3207 2490 καὶ
3238 2438 3473 2512 ἀνασπᾷ,
3507 2445 3599 2498 καὶ

1934 2511 2004 2566 τὰ
2022 2513 2240 2568 ἐναντία
2268 2514 2473 2570 τούτων
2494 2516 2795 2587 ἐπεισάγει,
2827 2520 3121 2578 ἀκολασίαν
3144 2525 3399 2600 ἄμετρον,
3428 2511 3596 2605 θυμὸν

1933 2604 2184 2676 ἀκαιρον,
2219 2605 2388 2678 ὀργὴν
2414 2607 2618 2677 ἄδικον,
2652 2611 2930 2678 ἀπόνοιαν,
2962 2614 3355 2688 ὑπερηφανίαν,
3387 2623 3591 2681 ἄνοιαν.

1945 2697 2106 2771 Ἀλλά
2138 2698 2214 2771 μὴ
2242 2701 2380 2753 είπω
2415 2702 2543 2771 περὶ
2577 2703 2817 2757 τούτων’
2862 2707 2912 2758 οί
2954 2707 3064 2779 γὰρ
3106 2712 3173 2780 τῇ
3226 2712 3366 2784 νόσῳ
3416 2716 3590 2790 ταύτῃ

1930 2790 2231 2855 ἐαλωκότες
2271 2794 2372 2846 οὐκ
2414 2793 2480 2847 ἀν
2508 2795 2826 2865 ἀνάσχοιντο
2861 2799 2989 2870 περὶ
3031 2800 3232 2872 ἀρετῆς
3272 2805 3367 2859 καὶ
3394 2803 3586 2868 κακίας

1929 2881 2239 2949 ἀκούοντες,
2265 2883 2365 2953 τῆς
2398 2884 2591 2956 ἡδονῆς
2624 2886 2775 2952 ὄντες
2817 2888 2948 2956 ὅλοι,
2991 2891 3084 2946 καὶ
3121 2892 3209 2947 διά
3236 2893 3394 2950 τοῦτο
3420 2899 3590 2971 αὐτῆς

1927 2975 2199 3045 γινόμενοι
2222 2974 2417 3052 δοῦλοι,
2451 2981 2940 3052 κατηγορουμένων
2964 2984 3143 3041 αὐτῶν
3164 2988 3298 3058 ὁμοῦ
3321 2989 3414 3044 καὶ
3443 2989 3590 3062 ἐλεγ-

1928 3065 2174 3135 χομένων
2205 3066 2330 3121 ίδεῖν
2355 3067 2406 3121 ι).
2440 3068 2578 3140 Φέρε
2627 3067 2719 3124 οὑν
2750 3072 2887 3136 τέως
2914 3074 3005 3128 τὸν
3035 3078 3162 3148 περὶ
3194 3079 3395 3135 τούτων
3434 3080 3588 3153 λόγον

1925 3158 2174 3227 ἀφέντες,
2214 3159 2284 3212 τὰ
2307 3159 2469 3214 λοιπὰ
2491 3164 2572 3224 είς
2602 3164 2765 3234 μέσον
2795 3165 3111 3238 ἀγάγωμεν,
3148 3170 3241 3224 καὶ
3289 3173 3504 3245 ἴδωμεν,
3537 3177 3591 3230 εί

1921 3263 2044 3303 τινα
2077 3250 2270 3323 ἡδονὴν
2299 3253 2328 3305 6
2370 3251 2599 3317 πλοῦτος
2637 3253 2770 3325 ἔχει,
2811 3256 2867 3309 εί
2890 3274 3011 3312 τινα
3048 3263 3243 3333 τιμηνο
3280 3266 3589 3323 τούναντίον

1922 3337 2029 3413 γάρ
2056 3342 2201 3396 ἀπαν
2241 3343 2373 3414 δρῶ.
2403 3344 2513 3398 Kal
2545 3346 2594 3398 εί
2627 3344 2903 3415 βούλεσθε,
2939 3351 3153 3422 πρῶτον
3191 3352 3288 3418 τὰς
3307 3357 3586 3427 τραπέζας

1921 3432 2030 3485 τῶν
2059 3432 2431 3487 πλουτούντων
2460 3434 2556 3488 καὶ
2598 3436 2908 3507 πενομένων
2936 3439 3297 3512 ἐξετάζωμεν,
3327 3447 3418 3499 καὶ
3446 3448 3588 3519 ἐρώ-

1924 3522 2066 3593 μεθα
2115 3523 2263 3596 [455]
2308 3527 2434 3589 τοὺς
2466 3527 2853 3598 ἑστιωμένους,
2886 3530 3031 3595 τίνες
3075 3532 3311 3601 μάλιστά
3355 3538 3492 3592 εἰσιν
3532 3542 3584 3595 οί

1920 3617 2166 3688 καθαράν
2196 3618 2293 3671 καὶ
2329 3619 2558 3689 γνησίαν
2583 3620 2952 3692 καρπούμενοι
2978 3625 3200 3697 ἡδονήν;
3231 3631 3279 3681 οἰ
3308 3629 3444 3701 πρὸς
3468 3632 3584 3685 διαο

1923 3709 2347 3782 μεμετρημένην
2376 3711 2475 3781 τὴν
2502 3712 2716 3783 ἡμέραν
2758 3714 2850 3767 ἐπὶ
2877 3716 2984 3770 τῶν
3019 3719 3284 3773 στιϐάδων
3330 3723 3581 3776 κατακεί-

1923 3821 2093 3876 μενοι,
2122 3806 2216 3857 xal
2243 3804 2312 3857 τὰ
2336 3804 2523 3859 δεῖπνα
2548 3810 2659 3870 τοῖς
2677 3808 2922 3879 ἀρίστοις
2949 3810 3327 3878 συνάπτοντες,
3358 3816 3450 3867 καὶ
3477 3816 3581 3887 τὴν

1917 3897 2160 3968 γαστέρα
2189 3896 2631 3969 διαρῤηγνύντες,
2667 3900 2759 3952 καὶ
2790 3901 2889 3963 τάς
2935 3901 3214 3972 αἰσθήσεις
3250 3904 3574 3975 πηροῦντες,

1914 3988 2008 4041 καὶ
2048 3988 2125 4060 τῷ
2153 3990 2441 4060 ὑπερόγκῳ
2472 3989 2583 4042 τῶν
2611 3989 2922 4060 ἐδεσμάτων
2950 3992 3155 4063 φορτίῳ
3184 3993 3245 4047 τὸ
3269 3996 3450 4051 πλοῖον
3473 4016 3576 4053 κα-

1912 4086 2345 4152 ταποντίζοντες,
2377 4088 2470 4140 καὶ
2499 4086 2831 4158 ὑπέραντλον
2861 4089 3142 4155 ποιοῦντες
3172 4092 3270 4165 τὴν
3298 4094 3451 4164 ναῦν,
3482 4098 3576 4151 καὶ⁵

1913 4181 2163 4256 καθάπερ
2213 4185 2271 4237 ἐν
2304 4184 2551 4257 ναυαγίῳ
2588 4183 2666 4255 τῷ
2713 4184 2808 4239 τοῦ
2844 4186 3095 4259 σώματος
3144 4182 3575 4261 κατακλύζοντες

1912 4279 2102 4349 αὐτὴν,
2137 4279 2232 4333 καὶ
2280 4280 2469 4343 πέδας,
2524 4281 2619 4335 καὶ
2668 4283 3008 4353 χειροπέδας,
3044 4287 3138 4340 καὶ
3162 4280 3165 4283 ’
3190 4287 3574 4362 γλωσσοπέδας

1911 4376 2272 4440 ἐπινοοῦντες,
2322 4375 2417 4430 καὶ
2447 4377 2591 4430 άπαν
2616 4377 2794 4430 αὐτῶν
2833 4378 3297 4451 καταδεσμοῦντες
3324 4386 3386 4439 τὸ
3415 4388 3572 4457 σῶμα

1908 4472 2153 4535 ἁλύσεως
2185 4472 2409 4544 σιδηρᾶς
2450 4472 2814 4544 χαλεπωτέρῳ
2845 4474 3026 4547 δεσμῷ
3057 4476 3135 4547 τῷ
3160 4478 3257 4549 τῆς
3282 4480 3453 4553 μέθης
3477 4486 3572 4537 καὶ

1907 4568 2006 4639 τῆς
2048 4569 2278 4640 τρυφῆς,
2310 4570 2405 4623 καὶ
2431 4571 2567 4641 μήτε
2611 4569 2777 4624 ὑπνον
2809 4571 3121 4643 αἱρούμενοι
3165 4576 3408 4644 γνήσιον,
3439 4577 3569 4631 είλι-

1908 4666 2090 4736 κρινῆ,
2143 4668 2278 4736 μήτε
2309 4665 2603 4737 ὀνειράτων
2635 4666 3044 4739 ἀπηλλαγμένοι
3075 4668 3342 4740 φοϐερῶν,
3377 4672 3485 4728 τῶν
3507 4691 3567 4728 τε

1910 4762 2252 4835 μαινομένων
2281 4764 2433 4828 ὄντες
2456 4763 2796 4836 ἀθλιώτεροι,
2832 4766 2926 4818 καὶ
2951 4764 3269 4838 αὐθαίρετόν
3310 4786 3430 4824 τινα
3453 4770 3568 4825 δαί-

1909 4877 2045 4930 μονα
2074 4859 2453 4928 ἐπεισάγοντες
2477 4863 2542 4931 τῇ
2583 4860 2752 4932 ψυχῇ,
2782 4862 2875 4914 καὶ
2913 4861 3084 4929 γέλως
3113 4864 3458 4935 προκείμενοι
3488 4867 3566 4938 τῷ

1904 4949 2115 5021 θεάτρῳ
2157 4950 2266 5003 τῶν
2294 4951 2538 5014 οἰκετῶν,
2585 4951 2783 5021 μᾶλλον
2807 4951 2864 5004 δέ
2896 4951 2987 5004 καὶ
3014 4953 3289 5025 τραγῳδία
3333 4956 3426 5009 καὶ
3467 4956 3565 5011 δα·-

1902 5051 2086 5122 κρύων
2109 5050 2364 5114 ὑπόθεσις
2384 5055 2498 5115 τοῖς
2527 5052 2948 5124 ἐπιεικεστέροις
2981 5053 3178 5120 αὐτῶν,
3219 5057 3312 5111 καὶ
3359 5058 3565 5130 μηδένα

1899 5155 2100 5218 εἰδότες
2119 5153 2226 5207 τῶν
2250 5154 2552 5224 παρόντων,
2585 5155 2722 5225 μήτε
2751 5156 2925 5208 εἰπεῖν
2945 5171 2998 5209 τι
3023 5156 3117 5209 καὶ
3149 5156 3378 5211 ἀκοῦσαι
3397 5158 3563 5213 δυνά-

1902 5264 2074 5318 μενοι,
2108 5247 2244 5302 ἀλλά
2285 5247 2523 5319 φοράδην
2560 5247 2669 5302 ἀπὺ
2691 5249 2799 5303 τῶν
2826 5249 3087 5304 στιϐάδων
3119 5251 3212 5305 ἐπὶ
3237 5251 3337 5323 τὴν
3373 5251 3562 5325 κλίνην

1897 5344 2187 5412 ἀγόμενοι,
2223 5345 2257 5414 ἢ
2295 5347 2343 5397 οί
2382 5346 2643 5415 νήφοντες
2674 5346 2768 5399 καὶ
2814 5348 2864 5399 οί
2904 5349 3287 5419 ἐγρηγορότες,
3338 5350 3433 5404 καὶ
3489 5355 3559 5423 τῇ

1898 5442 2059 5515 χρείᾳ
2094 5440 2156 5495 τὸ
2190 5444 2387 5514 μέτρον
2410 5442 2705 5514 ὁρίζοντες,
2730 5444 2825 5497 καὶ
2857 5440 2917 5509 ἐξ
2943 5446 3128 5516 οὐρίας
3160 5445 3433 5511 πλέοντες,
3464 5447 3559 5500 καὶ

1900 5541 2152 5610 μέγιστον
2175 5540 2392 5610 ἥδυσμα
2421 5540 2483 5594 τὸ
2512 5542 2701 5611 πεινῇν
2720 5541 2813 5595 καὶ
2839 5541 2997 5613 διψῇν
3020 5541 3230 5615 ἔχοντες
3253 5543 3344 5598 ἐπί
3361 5560 3419 5598 τε
3449 5546 3558 5604 τῶν

1963 5696 2119 5751 bCod.
2147 5707 2200 5751 el
2218 5702 2269 5752 (ἶ.
2294 5701 2686 5753 Savil.omiuunl
2705 5703 2836 5753 ἰδεῖν.
