4100 6196
252 223 360 283 669

246 347 346 399 tim
380 343 619 399 habent?
656 342 806 398 'Nihil
856 342 998 398 enim
1030 342 1098 397 ita
1125 350 1183 397 et
1222 341 1289 396 ad
1316 342 1640 410 voluptatem
1678 344 1735 392 et
1757 334 1825 390 ad

242 436 537 490 sanitatem
562 433 769 499 faeit,ut
789 434 1118 489 esurientem
1135 445 1197 487 ac
1221 433 1509 496 sitientem,
1529 430 1598 484 ita
1615 426 1827 483 demum

241 541 367 595 qua:
398 532 739 594 apponuntur
762 537 1063 594 capessere,
1075 533 1129 577 et
1151 523 1318 578 solam
1342 521 1708 578 necessitatem
1732 532 1828 587 pro

239 617 498 672 satietate
536 615 753 682 ducere,
776 630 947 686 neque
971 615 1086 685 ejus
1106 615 1299 670 limites
1324 613 1588 669 transilire
1612 652 1626 677 ,
1655 624 1828 681 neque

238 706 462 776 corpori
487 706 659 775 majus
686 721 847 776 quam
876 704 1015 761 ferre
1053 705 1250 775 possit,
1280 719 1414 761 onus
1459 705 1752 773 imponere.

314 796 371 851 8.
401 796 555 863 Quod
584 796 629 852 si
659 796 888 850 orationi
918 810 1051 851 mea:
1074 810 1177 849 non
1209 795 1374 850 habes
1405 793 1584 859 fidem,
1606 791 1825 848 consule

236 899 600 957 utrorumque
630 902 881 958 corpora,
909 897 963 941 et
1004 886 1329 957 singulorum
1357 888 1607 945 animam.
1637 883 1825 939 Nonne

239 981 315 1032 ita
363 979 642 1033 moderate
687 976 1029 1050 viventium(
1067 995 1134 1034 ne
1176 979 1318 1034 enim
1362 979 1491 1032 mihi
1533 978 1674 1047 quod
1702 993 1824 1032 raro

237 1071 524 1141 contingit,
554 1070 722 1137 dicas,
747 1078 803 1125 et
828 1071 869 1124 si
893 1071 981 1141 qui
1002 1086 1071 1124 ex
1100 1071 1200 1125 alia
1235 1070 1459 1140 quadam
1480 1069 1826 1125 circumstan-

240 1162 314 1214 tia
343 1161 469 1230 mgri
511 1172 666 1228 sunt,
695 1161 789 1217 sed
810 1177 876 1216 ex
906 1161 999 1230 iis,
1025 1178 1143 1232 quae
1168 1177 1381 1227 semper
1404 1171 1470 1218 .et
1490 1162 1823 1216 continenter

236 1251 517 1317 eveniunt,
541 1253 620 1305 fer
643 1251 1012 1321 sententiam),
1043 1266 1245 1318 nonne,
1275 1253 1362 1319 ini;
1383 1266 1514 1318 iam,
1545 1251 1821 1306 moderato

239 1345 575 1397 vescentium
599 1359 827 1413 corpora
859 1345 993 1398 bene
1021 1343 1171 1398 ﬁrma
1201 1355 1352 1409 sunt,
1383 1356 1445 1399 ac
1471 1358 1657 1398 sensus
1684 1343 1821 1398 inte.

236 1435 341 1503 gri,
369 1435 566 1504 quique
594 1448 781 1501 magna
810 1449 931 1487 cum
970 1432 1225 1489 facilitate
1244 1436 1411 1493 vicem
1440 1448 1588 1488 suam
1628 1432 1819 1502 imple-

233 1524 375 1577 ant?
406 1525 617 1578 illorum
649 1538 779 1579 vero
819 1523 985 1577 nimio
1014 1523 1237 1579 humore
1283 1523 1463 1577 vitiata
1504 1522 1648 1577 omni
1694 1536 1815 1577 cera

235 1613 486 1665 molliora
513 1654 529 1679 ,
558 1623 609 1667 et
656 1613 871 1681 agmine
924 1613 1230 1666 morborum
1285 1613 1545 1667 obsessa?
1589 1612 1720 1666 Nam
1761 1619 1817 1666 et

233 1702 490 1772 podagrae
527 1703 775 1757 celeriter
802 1702 1084 1767 invadunt,
1123 1712 1178 1757 et
1205 1711 1407 1757 tremor
1446 1702 1811 1772 importunus,

232 1802 295 1844 et
329 1802 583 1846 senectus
624 1791 929 1859 immatura,
964 1800 1017 1846 et
1042 1791 1230 1861 capitis
1251 1791 1485 1852 dolores.
1514 1792 1803 1845 distensio—

230 1895 337 1937 nes
354 1892 412 1935 et
433 1881 818 1936 stomachorum
842 1881 1268 1953 depravationes,
1285 1883 1548 1952 appetitus
1571 1882 1809 1946 amissio;

226 1976 517 2043 perpetuis
545 1974 770 2045 indigent
810 1975 1055 2041 medicis,
1096 1975 1367 2031 continuis
1410 1974 1811 2030 medicamentis

226 2076 287 2120 et
339 2066 617 2121 curatione
657 2067 982 2136 quotidiana.
1024 2068 1269 2124 Haeccine
1299 2069 1613 2139 voluptuosa
1638 2069 1810 2122 sunt?

226 2160 317 2214 dic
341 2159 494 2213 mihi.
533 2158 729 2227 Ecquis
757 2162 935 2217 sciens
967 2160 1094 2230 quid
1116 2162 1329 2216 tandem
1350 2162 1420 2215 sit
1447 2161 1709 2230 voluptas,
1729 2159 1809 2213 di-

226 2260 317 2305 cet
360 2251 522 2305 esse?
556 2250 982 2320 Voluptas'enim
1013 2254 1320 2322 percipitur,
1370 2267 1490 2307 cum
1535 2266 1808 2322 prmeunte

223 2342 520 2413 cupiditate
558 2341 761 2397 fructus
803 2347 1076 2413 sequitur:
1101 2344 1241 2414 quod
1269 2344 1313 2398 si
1352 2343 1554 2397 fructus
1590 2343 1803 2413 quidem

226 2443 445 2498 exstet,
480 2433 745 2502 cupiditas
774 2448 902 2488 vero
941 2449 1203 2504 nusquam
1251 2445 1534 2504 appareat,
1564 2433 1805 2501 voluptas

221 2529 505 2581 evanescit
546 2537 601 2580 ct
645 2527 906 2581 exstincta
938 2535 1041 2582 est.
1093 2526 1426 2595 Quapropter
1455 2526 1611 2581 etiam
1639 2523 1801 2593 a-gri,

219 2632 547 2686 quamquam
586 2617 887 2672 suavissimi
926 2625 1262 2687 apponuntur
1288 2616 1390 2671 cibi
1416 2657 1431 2681 ,
1457 2630 1578 2671 cum
1607 2628 1803 2669 nausea

219 2716 403 2761 tamen
433 2706 738 2777 degustant,
767 2706 972 2776 sibique
1000 2706 1296 2760 molestiam
1321 2704 1561 2761 exhiberi
1580 2704 1804 2773 opinan-

218 2807 306 2852 tur
337 2815 351 2849 :
377 2800 630 2867 quoniam
654 2799 811 2854 abest
838 2798 1118 2869 cupiditas,
1137 2812 1254 2868 quae
1277 2796 1501 2851 fructum
1524 2794 1800 2866 iucundis-

214 2891 417 2945 simum
464 2890 657 2945 reddit.
710 2889 892 2960 Neque
943 2890 1084 2945 enim
1112 2890 1349 2943 ciborum
1382 2895 1597 2952 natura,
1630 2900 1800 2955 neque

180 3002 193 3007 ν
214 2995 404 3053 pctus,
429 2982 528 3035 sed
558 2982 883 3036 vescentium
921 2981 1187 3050 appetitus
1228 2979 1568 3049 cupiditatem
1611 2992 1799 3048 parere

214 3076 379 3137 solet,
406 3084 461 3127 et
498 3084 553 3128 ut
583 3074 904 3143 voluptatem
937 3073 1121 3127 aﬂ‘erat
1164 3087 1193 3124 a
1234 3084 1418 3124 natura
1462 3077 1797 3137 comparatus

212 3176 319 3219 est.
354 3164 562 3218 ldcirco
590 3169 799 3233 sapiens
839 3163 1047 3232 quidam
1078 3162 1179 3229 vir,
1211 3161 1300 3231 qui
1345 3160 1666 3229 voluptatem
1704 3174 1794 3212 ac-

212 3266 402 3311 curate
445 3256 711 3325 cognitam
753 3254 969 3319 habuit,
1015 3262 1173 3324 atque
1207 3253 1275 3307 de
1315 3252 1396 3307 his
1435 3250 1793 3322 philosophari

214 3354 449 3412 fuderat,
482 3345 693 3400 dicebat
724 3361 739 3398 :
768 3346 949 3397 Anima
985 3353 1210 3398 saturata
1234 3343 1360 3415 favis
1388 3341 1557 3396 illudit
1585 3341 1605 3413 (
1634 3339 1787 3393 Prov.

207 3434 297 3486 Ξῖ.
326 3434 402 3503 7)
427 3452 443 3501 ;
472 3442 531 3485 ut
556 3430 863 3487 ostenderet
906 3445 1010 3485 non
1040 3432 1090 3485 in
1121 3438 1306 3484 natura
1336 3429 1459 3493 cibi,
1497 3427 1590 3482 sed
1617 3428 1668 3481 in
1697 3442 1791 3482 ve-

208 3524 481 3577 sccnlium
524 3520 806 3577 affectione
834 3521 1159 3592 voluptatem
1188 3518 1500 3574 consistere.
1524 3517 1691 3584 Quam
1719 3516 1791 3571 ob

205 3630 429 3670 causam
461 3615 622 3669 etiam
648 3613 927 3685 propheta,
963 3629 1084 3668 cum
1113 3612 1367 3667 miracula
1395 3612 1444 3665 in
1477 3609 1705 3681 Egypto
1733 3618 1788 3663 et

207 3707 262 3758 in
289 3704 582 3759 solitudine
604 3705 741 3760 edita
780 3712 1086 3759 recenseret
1106 3744 1121 3769 ,
1153 3704 1291 3757 inter
1314 3702 1415 3755 alia
1449 3701 1552 3756 hoc
1579 3714 1788 3770 quoque

204 3798 342 3851 dixit
374 3816 386 3850 :
418 3796 500 3850 De
529 3806 669 3866 petra
717 3795 864 3850 melle
906 3799 1145 3850 saturavit
1188 3811 1270 3848 eos
1308 3794 1327 3864 (
1365 3791 1510 3847 Psal.
1532 3792 1619 3847 80.
1650 3793 1712 3846 l7
1742 3790 1783 3861 ).

203 3889 370 3955 Atqui
423 3903 686 3956 nusquam
732 3895 951 3957 apparet
1009 3897 1211 3956 petram
1261 3886 1339 3940 eis
1381 3885 1483 3939 mel
1543 3884 1783 3938 fudisse:

198 3980 330 4047 quid
363 3996 494 4047 ergo
522 3989 604 4033 est
632 3979 774 4049 quod
795 3979 968 4034 dixit?
997 3978 1430 4047 Quandoquidem
1464 3977 1630 4031 multo
1652 3990 1786 4032 con-

198 4070 321 4123 fecti
348 4071 534 4123 labore
559 4078 612 4124 et
662 4072 887 4137 itinere,
914 4070 1319 4139 vehementique
1351 4067 1632 4122 conﬂictati
1672 4067 1780 4133 siti,

195 4163 253 4215 in
283 4162 508 4232 frigidas
534 4170 696 4231 aquas
728 4162 1065 4229 inciderunt,
1098 4172 1153 4217 et
1188 4177 1284 4231 pro
1319 4176 1507 4232 magna
1542 4161 1781 4215 oblecta-

195 4254 349 4306 tione
379 4252 679 4307 habuerunt
701 4252 908 4317 bibere,
942 4261 1002 4306 ut
1026 4253 1352 4321 voluptatem
1376 4266 1630 4320 aquarum
1660 4250 1780 4304 illa-

196 4361 323 4397 rum
371 4353 799 4414 rcprazsentaret,
839 4359 1028 4415 aquam
1052 4344 1264 4399 vocavit
1309 4344 1413 4397 ntcl
1439 4385 1454 4410 ,
1498 4358 1604 4397 non
1637 4342 1779 4412 quod

188 4435 317 4501 ejus
367 4443 550 4486 natura
598 4433 651 4488 in
705 4435 809 4489 mel
860 4443 1177 4490 commutata
1231 4434 1455 4497 fuisset,
1498 4433 1592 4505 sed
1638 4432 1779 4502 quod

188 4525 447 4593 voluptas
474 4539 623 4594 aqum
649 4534 876 4581 certaret
920 4541 1039 4580 cum
1081 4526 1168 4580 illa
1192 4526 1491 4592 dulcedine,
1515 4526 1638 4596 quia
1665 4525 1779 4579 siti-

188 4615 370 4669 bundi
404 4616 457 4669 in
482 4632 599 4669 eam
640 4616 946 4671 incidissent
967 4618 1056 4687 qui
1096 4618 1361 4672 biberunt.
1399 4617 1527 4684 Quae
1554 4632 1672 4672 cum
1706 4618 1774 4671 ita

186 4711 328 4773 sint,
359 4723 616 4778 nemoque
646 4710 1009 4765 contradicere
1038 4711 1241 4781 possit,
1279 4711 1487 4766 etiamsi
1511 4711 1666 4765 valde
1707 4710 1777 4764 sit

185 4798 443 4869 stupidus
472 4817 487 4853 :
514 4815 692 4854 annon
720 4802 921 4855 clarum
952 4811 1053 4866 est,
1088 4817 1291 4871 puram,
1320 4801 1568 4871 liquidam
1607 4809 1661 4855 et
1684 4816 1776 4871 ge-

184 4893 420 4945 nuinam
456 4892 786 4961 voluptatem
831 4906 950 4946 esse
1001 4892 1053 4946 in
1108 4891 1307 4945 mensis
1354 4890 1678 4960 pauperum?
1718 4890 1770 4945 in

184 4984 399 5035 mensis
443 4992 617 5036 autem
646 4984 887 5047 divitum,
918 4983 1254 5048 molestiam,
1285 4979 1552 5035 fastidium
1576 5023 1590 5045 ,
1615 4996 1772 5049 spur-

181 5072 423 5127 citiem?
454 5080 611 5143 atque
637 5084 692 5127 ut
735 5075 946 5142 sapiens
982 5073 1071 5128 ille
1091 5073 1172 5127 vir
1200 5071 1363 5139 dixit,
1391 5071 1562 5128 Etiam
1600 5070 1771 5125 dulcia

181 5164 479 5218 molestiam
507 5164 726 5236 prccbere
762 5166 992 5219 videntur
1028 5167 1047 5234 (
1085 5165 1233 5219 Prov.
1258 5166 1348 5220 27.
1379 5167 1452 5236 7).

255 5256 318 5310 9.
356 5254 491 5308 Num
506 5258 767 5311 concilient
781 5257 1019 5311 honorent
1045 5259 1231 5313 divitia:
1253 5268 1299 5312 ct
1337 5259 1405 5311 ad
1425 5259 1660 5313 ultionem
1672 5259 1768 5327 ju-

179 5356 302 5399 ecnt
319 5362 339 5408 ;
356 5344 590 5399 honorem
616 5348 724 5402 sola
752 5350 906 5402 virtus
940 5349 1192 5402 conciliat.
1215 5378 1287 5389 —
1305 5349 1372 5403 At
1392 5348 1606 5416 divitiae,
1629 5350 1769 5405 dicet

180 5440 293 5507 qtzi-
315 5439 475 5508 piam,
525 5441 723 5495 faciunt
747 5450 805 5496 ut
836 5458 1175 5512 possessores
1200 5458 1380 5497 earum
1412 5442 1763 5509 honorentur,

178 5541 349 5599 atque
371 5529 609 5585 inimicos
635 5533 812 5589 ulcisci
845 5534 993 5589 facile
1022 5536 1244 5604 possint.
1275 5534 1631 5607 Proptereanc
1666 5535 1765 5606 igi-

180 5631 292 5683 tur,
324 5621 406 5674 dic
431 5621 576 5684 mihi,
597 5626 897 5693 expetenda:
932 5633 980 5679 ct
1010 5627 1253 5685 omnibus
1274 5630 1460 5702 opibus
1478 5644 1539 5685 ac
1564 5629 1763 5684 viribus

1248 225 1430 294 QUOD
1467 222 1650 279 ΝΕΜο
1689 218 2011 275 ΙΑΕΠΙἸἪῐὶ
2050 219 2177 277 NlSl
2217 224 2260 277 Δ
2299 221 2553 281 SEIPSO.

3407 233 3504 289 470

1941 338 2309 405 comparandae
2327 338 2480 395 vobis
2502 340 2746 397 videntur
2771 342 2990 411 divitiae,
3006 345 3145 418 quod
3170 346 3509 416 gravissimas

1935 425 2166 479 nutriant
2192 426 2244 481 in
2272 428 2423 482 nobis
2443 430 2801 500 aegritudines,
2843 433 2970 489 dum
3003 434 3132 489 iram
3169 434 3238 490 ad
3263 435 3506 493 eﬂ‘ectum

1933 515 2244 584 perducunt,
2292 518 2533 574 insanum
2572 521 2755 591 gloria:
2795 538 3031 580 amorem
3078 527 3226 595 quasi
3253 529 3507 598 quasdam

1934 607 2103 663 bullas
2147 609 2200 663 in
2232 610 2488 680 majorem
2534 620 2792 667 tumorem
2821 614 3065 683 efferunt,
3109 618 3175 671 ad
3202 619 3505 687 superbiam

1932 699 2161 754 excitant
2182 709 2236 755 et
2273 703 2648 758 exstimulant?
2674 705 2780 759 Has
2801 721 2929 775 ergo
2967 707 3195 764 maxime
3220 709 3290 765 ob
3319 725 3507 766 causas

1933 802 2009 843 ea:
2035 806 2138 843 non
2168 799 2466 847 retroversa
2510 793 2646 849 facie
2675 795 2934 865 fugienda:
2963 809 3107 867 sunt,
3135 800 3273 870 quod
3303 801 3507 858 feroces

1930 881 2181 950 quasdam
2209 898 2270 938 ac
2297 898 2468 941 saevas
2496 885 2695 942 bestias
2718 888 2769 941 in
2797 890 3028 945 animum
3063 901 3301 946 nostrum
3332 893 3504 948 intro-

1928 970 2146 1037 ducunt,
2176 987 2240 1027 ac
2264 990 2391 1030 vera
2417 975 2652 1046 quidem,
2683 985 2739 1032 et
2766 994 2883 1047 qua:
2917 979 3055 1048 apud
3079 981 3352 1038 universos
3372 998 3503 1037 con-

1927 1062 2095 1117 ciliari
2132 1065 2291 1130 solet,
2336 1067 2505 1136 gloria
2550 1083 2647 1123 nos
2690 1068 2952 1136 fraudant,
3003 1071 3158 1141 eique
3184 1074 3500 1129 contrariam

1927 1155 2197 1212 coloribus
2217 1157 2356 1212 illius
2377 1158 2605 1213 fucatam
2623 1158 2856 1230 deceptis
2874 1161 3115 1228 olfcrunt,
3133 1179 3194 1218 ac
3209 1164 3426 1219 suadent
3442 1176 3501 1219 ut

1928 1244 2063 1300 hanc
2083 1247 2228 1301 illam
2264 1263 2382 1303 esse
2410 1249 2795 1317 existimemus,
2827 1268 2944 1306 cum
2965 1268 3029 1308 ex
3061 1264 3240 1308 natura
3270 1271 3366 1311 sua
3393 1272 3499 1312 non

1924 1336 2012 1401 sit,
2045 1337 2138 1391 sed
2164 1339 2341 1407 specie
2369 1348 2520 1393 tenus
2547 1355 2666 1396 esse
2690 1341 2947 1396 videatur.
2982 1342 3050 1398 Ut
3086 1344 3230 1398 enim
3268 1345 3499 1414 pulchri-

1924 1424 2052 1479 tudo
2079 1429 2420 1483 meretricum
2458 1429 2591 1485 fucis
2616 1440 2671 1486 et
2708 1431 2992 1502 pigmentis
3015 1443 3338 1504 comparata,
3379 1437 3497 1505 pul—

1921 1514 2222 1572 chritudine
2268 1518 2550 1586 destituta,
2598 1529 2804 1591 turpem
2844 1538 2907 1577 ac
2961 1522 3252 1580 deformem
3309 1527 3495 1582 faciem

1921 1606 2195 1674 pulchram
2222 1616 2286 1663 et
2322 1609 2610 1666 formosam
2636 1627 2757 1668 esse
2797 1614 2921 1670 facit
2963 1615 3092 1681 illis,
3133 1617 3222 1685 qui
3256 1632 3318 1673 ea
3353 1617 3497 1673 deci-

1917 1697 2147 1766 piantur,
2168 1715 2286 1754 cum
2300 1702 2640 1771 pulchrafnon
2657 1705 2728 1760 sit
2746 1723 2759 1757 :
2785 1706 2854 1760 ita
2883 1707 3042 1761 etiam
3058 1708 3257 1764 divitia!
3275 1709 3489 1777 faciunt,

1915 1804 2036 1843 cum
2079 1792 2436 1849 adulationem
2488 1796 2677 1851 volunt
2732 1797 2987 1853 honorem
3031 1800 3217 1855 videri.
3248 1801 3325 1856 Ne
3349 1803 3491 1857 enim

1915 1890 2129 1948 apertas
2175 1891 2231 1936 et
2268 1898 2335 1938 ex
2380 1894 2525 1940 metu
2580 1887 2957 1958 blanditiisque
3003 1890 3267 1958 prolectas
3310 1892 3490 1948 laudes

1915 1969 2190 2037 intuearis,
2236 1972 2319 2027 ha:
2369 1974 2511 2029 enim
2553 1986 2677 2030 sunt
2721 1978 2930 2034 colores
2954 1988 3007 2033 et
3035 1979 3344 2049 pigmenta;
3393 1980 3488 2036 sed

1913 2074 2128 2128 eorum,
2159 2063 2249 2132 qui
2284 2063 2354 2118 ita
2409 2065 2502 2119 tibi
2553 2067 2854 2129 adulantur.
2912 2070 3320 2140 uniuscujusque
3355 2086 3486 2126 con—

1912 2151 2187 2207 scientiam
2222 2153 2392 2223 aperi,
2423 2164 2478 2210 et
2495 2155 2699 2211 videbis
2719 2158 2860 2212 intus
2876 2158 3107 2213 infinitos
3127 2170 3484 2227 accusatores,

1911 2242 1998 2311 qui
2033 2252 2217 2299 contra
2271 2254 2322 2300 te
2361 2245 2737 2313 vociferentur,
2771 2257 2926 2320 teque
2964 2252 3132 2321 magis
3175 2264 3484 2309 aversentur

1910 2340 1964 2386 et
1988 2332 2219 2401 oderint,
2252 2350 2410 2406 quam
2457 2338 2809 2394 inimicissimi
2841 2349 2896 2395 et
2921 2341 3239 2397 infestissimi
3266 2345 3481 2415 quique.

1908 2421 1987 2476 Ac
2001 2423 2272 2492 siquando
2300 2426 2533 2481 indutam
2562 2428 2664 2482 isto
2685 2438 2826 2485 metu
2862 2430 3059 2486 larvam
3098 2434 3482 2503 superveniens

1908 2515 2130 2568 mutatio
2154 2529 2331 2570 rerum
2352 2517 2627 2573 sustulerit
2649 2534 2712 2574 ac
2749 2520 3008 2576 detexcrit
3035 2523 3478 2592 quemadmodum

1907 2606 2083 2660 vultus
2114 2607 2231 2662 illos
2251 2609 2329 2663 sol
2351 2610 2531 2666 missis
2548 2612 2707 2665 radiis
2726 2613 3082 2679 calidioribus,
3107 2623 3215 2669 tum
3240 2616 3319 2670 sic
3338 2615 3480 2669 clare

1905 2695 2107 2749 videbis
2137 2707 2189 2752 te
2212 2702 2356 2752 omni
2383 2702 2645 2769 superiori
2687 2711 2926 2773 tempore
2969 2705 3022 2758 in
3056 2706 3287 2760 maximo
3317 2707 3480 2762 fuisse

1903 2796 2211 2857 contemptu
2257 2790 2394 2858 apud
2427 2806 2520 2846 eos
2547 2794 2635 2862 qui
2666 2803 2716 2848 te
2744 2794 3011 2861 colebant,
3058 2795 3258 2865 tibique
3301 2797 3475 2851 visum

1903 2893 2022 2932 esse
2048 2877 2251 2933 honore
2277 2880 2418 2935 afﬁci
2448 2882 2515 2938 ab
2559 2883 2622 2937 iis
2648 2885 2743 2954 qui
2764 2892 2814 2940 te
2858 2887 3086 2941 maxime
3124 2886 3361 2951 oderant,
3392 2887 3473 2942 in-

1901 2968 2167 3040 ﬁnitisque
2190 2971 2329 3041 apud
2356 2973 2591 3033 animum
2611 2977 2864 3032 conviciis
2892 2977 3317 3047 proscindebant,
3340 2988 3394 3034 et
3417 2981 3473 3034 in

1899 3062 2153 3116 extremis
2192 3062 2582 3122 calamitatibus
2636 3067 2815 3124 videre
2848 3068 3153 3138 cupiebant.
3203 3070 3467 3125 llonorcm

1898 3152 2039 3205 enim
2064 3151 2194 3207 nihil
2220 3155 2289 3209 ita
2310 3157 2597 3213 conciliare
2618 3159 2773 3226 solet,
2793 3168 2849 3215 ut
2871 3161 3058 3225 virtus,
3082 3161 3337 3217 honorem
3362 3180 3465 3217 non

1896 3254 2158 3311 coactum,
2201 3246 2610 3305 honorem'non
2646 3250 2851 3318 fictum,
2911 3268 3083 3323 neque
3113 3254 3253 3308 larva
3292 3256 3465 3326 aliqua

1896 3331 2119 3389 fallacia:
2167 3345 2383 3402 tectum,
2431 3338 2524 3394 sed
2573 3355 2757 3395 verum
2811 3351 2867 3397 et
2903 3348 3224 3413 genuinum,
3272 3346 3468 3417 quique

1849 3427 1861 3437 ‘
1896 3426 2040 3480 nulla
2073 3437 2371 3497 temporum
2399 3429 2713 3488 difﬁcultate
2737 3434 3036 3489 refutetur..

1966 3519 2049 3574 l0.
2089 3519 2166 3573 An
2194 3522 2405 3591 cﬁciant
2445 3523 2632 3578 divitia:
2658 3534 2712 3583 ut
2740 3526 2904 3581 hostes
2927 3527 3258 3593 ulciscantur;
3286 3544 3456 3582 exemv

1891 3610 1977 3692 pla
2001 3608 2186 3665 ιιιιωὶ
2213 3622 2552 3683 panperlatcm
2580 3615 2815 3670 vindicat.
2839 3647 2912 3657 —
2960 3619 3028 3671 At
3054 3618 3235 3672 ulcisci
3263 3618 3342 3670 vis
3369 3631 3463 3671 eos

1890 3704 1977 3770 qui
2001 3712 2060 3761 ,te
2084 3704 2419 3759 oll'euderunt
2443 3707 2467 3760 ἲ
2498 3706 2645 3761 Hanc
2674 3710 2841 3777 ipsam
2870 3710 2940 3763 ob
2962 3722 3173 3763 causam
3206 3708 3456 3770 maxime,

1888 3794 2330 3861 quemadmodum
2377 3805 2500 3851 ante
2528 3796 2655 3861 dixi,
2685 3796 2952 3867 fugiendae
2974 3807 3097 3851 sunt
3121 3794 3337 3850 divitiz'e.
3374 3795 3459 3848 Lf-

1889 3882 2069 3938 ftciunt
2087 3887 2250 3950 enim,
2272 3896 2328 3941 ut
2346 3901 2529 3942 ensem
2556 3888 2608 3941 in
2639 3889 2863 3958 teipsum
2885 3888 3086 3957 adigas,
3106 3897 3158 3941 et
3184 3887 3459 3964 graviores

1887 3974 1938 4028 iu
1966 3975 2142 4031 futuro
2161 3979 2393 4032 rationes
2413 3978 2507 4031 tibi
2534 3978 2782 4043 reddunt,
2805 3988 2859 4033 et
2886 3977 3246 4032 intolerabiles
3270 3991 3456 4046 poenas

1887 4078 2093 4138 parant.
2130 4068 2355 4124 Tantum
2404 4085 2631 4139 namque
2673 4070 2869 4124 malum
2914 4078 2997 4124 est
3027 4069 3180 4133 ultio,
3209 4070 3453 4123 utetiam

1887 4159 1979 4213 Dei
2011 4160 2389 4231 benignitatem
2425 4163 2776 4227 revocaverit,
2804 4170 2857 4216 et
2878 4163 2988 4231 jam
3010 4162 3187 4215 datam
3222 4161 3455 4216 inlinito-

1884 4266 1999 4305 rum
2033 4262 2369 4320 peccatorum
2396 4253 2603 4309 veniam
2629 4253 2817 4308 fecerit
2836 4255 3060 4308 irritam.
3093 4253 3222 4307 Nam
3253 4253 3340 4321 qui
3370 4252 3455 4306 de.

1882 4343 1990 4397 cies
2021 4344 2166 4397 mille
2198 4343 2517 4399 talentorum
2569 4344 3014 4399 condonationem
3040 4343 3282 4411 adeptus,
3321 4341 3454 4393 sola-

1881 4448 1983 4502 que
1998 4433 2350 4489 obtestatione
2375 4442 2573 4489 tantam
2602 4436 2826 4503 gratiam
2857 4442 3213 4501 consequutus
3258 4430 3447 4493 fuerat,

1880 4538 1998 4577 cum
2025 4533 2236 4578 centum
2284 4524 2532 4579 denarios
2557 4524 2793 4594 exigeret
2832 4534 3158 4586 aconservo,
3204 4520 3304 4574 hoc
3347 4529 3446 4583 est,

1880 4628 2001 4669 cum
2040 4613 2353 4669 delictorum
2398 4613 2658 4670 adversus
2685 4628 2744 4668 se
2767 4612 3120 4667 admissurum
3152 4624 3337 4678 poenas
3366 4625 3449 4664 re-

1881 4716 2167 4776 posceret,
2219 4707 2423 4762 StBVllia
2467 4721 2592 4775 erga
2635 4717 2950 4759 conservum
3003 4715 3155 4755 suum
3214 4700 3448 4767 seipsum

1876 4799 2148 4854 damnavit
2194 4800 2213 4872 (
2238 4798 2423 4852 Matth.
2458 4790 2524 4852 l8
2554 4798 2572 4867 )
2597 4813 2613 4862 ;
2640 4812 2811 4866 neque
2832 4809 2968 4850 vero
2988 4793 3147 4847 ullam
3167 4793 3324 4845 aliam
3351 4793 3449 4846 nisi

1878 4891 2014 4947 banc
2038 4893 2106 4947 ob
2131 4908 2244 4947 rem
2272 4891 2560 4947 tortoribus
2591 4890 2837 4954 traditus,
2861 4895 2916 4941 et
2954 4886 3240 4950 cruciatus,
3286 4895 3340 4940 et
3368 4885 3451 4940 de-

1875 4986 1983 5038 cies
2022 4985 2164 5040 mille
2190 4985 2385 5038 talenta
2441 4982 2665 5037 reddere
2697 4980 2877 5049 jussus
2904 4988 2986 5033 cst
3010 4998 3023 5033 :
3051 4981 3252 5034 nullum
3280 4980 3451 5034 venias

1874 5087 1965 5131 aut
2017 5075 2375 5131 excusationis
2422 5075 2595 5128 locum
2636 5071 2855 5136 invenit,
2896 5071 2988 5126 sed
3038 5070 3447 5125 acerbissimum

1876 5170 2189 5240 supplicium
2233 5180 2516 5236 perpessus
2540 5174 2642 5230 est,
2664 5165 2846 5235 jussus
2872 5174 3039 5223 totum
3068 5164 3279 5218 solvere
3299 5163 3449 5218 debi-

1874 5268 2006 5325 tum,
2029 5261 2167 5328 quod
2198 5258 2529 5328 praeveniens
2556 5259 2647 5312 Dei
2688 5258 2981 5326 benignitas
3026 5254 3442 5310 condonaverat.

1873 5352 2233 5422 Pr0ptereane
2263 5350 2420 5420 igitur
2445 5348 2748 5402 divitiarum
2787 5347 2921 5402 adeo
2944 5347 3168 5417 cupidus
3190 5344 3442 5414 es,,quod

1874 5453 1924 5500 te
1958 5444 2108 5498 facile
2136 5441 2204 5499 ad
2234 5440 2496 5513 ejusmodi
2526 5449 2801 5510 peccatum
2829 5437 3166 5508 perducunt?
3192 5436 3352 5504 Atqui
3372 5435 3443 5490 oh

1872 5537 1924 5593 id
1942 5553 2019 5593 ere
2049 5545 2317 5606 tamquam
2347 5536 2573 5590 inimica:
2598 5542 2652 5589 et
2684 5532 2887 5598 hostes,
2917 5541 3077 5601 atque
3103 5528 3322 5585 inﬁnitis
3359 5542 3445 5582 re-

1872 5632 2021 5688 ferta:
2047 5630 2300 5696 caedibus,
2325 5627 2629 5685 aversanda:
2647 5635 2790 5684 sunt.
2816 5625 2885 5681 At
2920 5632 3221 5696 paupertas,
3250 5618 3439 5689 inquit,
