4100 6196
541 302 635 363 ιτι

537 417 806 474 molestias
825 427 990 482 creat,
1033 432 1097 471 ac
1140 431 1280 485 smpe
1309 416 1468 469 etiam
1500 412 1643 478 facit,
1679 422 1737 466 ut
1764 411 2019 467 maledica
2044 412 2100 466 in

540 512 704 566 Deum
731 509 890 564 verba
917 507 1142 572 elfutias,
1183 520 1244 560 ac
1280 503 1553 559 illiberalia
1593 503 1798 572 negotia
1825 500 2101 569 suscipias.

540 602 651 656 Non
685 607 982 669 paupertas,
1029 597 1121 651 sed
1150 594 1551 666 pusillanimitas
1580 611 1594 648 :
1623 608 1742 648 nam
1779 601 1834 647 et
1878 592 2105 647 Lazarus

541 706 740 761 pauper
769 698 900 754 erat,
931 697 982 742 et
1021 687 1305 742 admodum
1351 685 1564 754 quidem
1605 685 1839 754 pauper(
1863 683 1984 736 Luc.
2017 682 2102 736 16.

542 784 611 836 20
641 784 704 852 );
752 780 1043 850 paupertati
1088 777 1373 832 accedebat
1409 776 1628 830 adversa
1674 775 1920 829 valetudo
1963 772 2142 828 omni'

542 880 842 942 paupertate
877 871 1135 935 acerbior,
1165 884 1282 938 qua:
1304 876 1662 937 paupertatem
1685 883 1892 936 quoque
1922 865 2109 920 redde-

541 966 624 1016 bat
651 964 978 1031 graviorem;
1012 961 1246 1016 adversa:
1268 959 1550 1014 valetudini
1573 959 1800 1014 solitudo
1816 971 1867 1013 et
1894 961 2107 1028 penuria

541 1069 744 1115 eorum,
768 1053 855 1122 qui
900 1053 1282 1114 ministrarent,
1308 1066 1423 1120 qua:
1450 1065 1567 1102 cum
1593 1058 1972 1119 paupertatem,
1999 1058 2106 1102 tum

540 1145 816 1198 adversam
859 1143 1208 1196 valetudinem
1256 1141 1479 1195 faciebat
1525 1141 1870 1194 acerbiorem.
1912 1140 2109 1193 llorum

542 1249 769 1300 namque
785 1232 985 1302 singula
1009 1247 1102 1299 per
1127 1246 1181 1284 se
1195 1245 1405 1300 quoque
1426 1231 1643 1284 molesta
1659 1239 1779 1282 sunt
1803 1245 1816 1293 ;
1844 1243 1962 1282 cum
1986 1242 2111 1282 vero

543 1339 715 1391 neque
754 1325 840 1392 qui
887 1323 1207 1386 ministrent,
1263 1321 1476 1387 adsunt,
1516 1319 1686 1389 major
1725 1322 1778 1372 fit
1819 1319 2108 1379 calamitas,

545 1416 738 1468 szevior
782 1417 1015 1477 ﬂamma,
1061 1413 1214 1467 dolor
1243 1413 1502 1474 acerbior,
1541 1419 1824 1478 tempestas
1861 1410 2110 1473 atrocior,

545 1507 735 1559 fluctus
753 1504 1196 1568 vehementiores,
1216 1503 1450 1557 caminus
1468 1501 1754 1556 ardentior.
1773 1501 1920 1567 Quod
1937 1501 1980 1553 si
1998 1500 2114 1568 quis

546 1606 792 1651 accurate
815 1597 1225 1666 circumspiciat,
1270 1594 1414 1648 aliud
1441 1595 1597 1647 etiam
1629 1593 1711 1646 his
1740 1601 1980 1661 quartum
2025 1605 2114 1644 ac-

548 1687 791 1750 cedebat,
822 1702 1013 1755 nempe
1050 1686 1229 1740 divitis
1265 1686 1317 1739 in
1357 1684 1546 1738 vicinia
1583 1682 1868 1737 habitantis
1905 1680 2116 1736 licentia

550 1787 604 1831 et
625 1778 802 1831 luxus.
835 1777 927 1831 Sin
955 1777 1094 1831 aliud
1125 1776 1283 1830 etiam
1316 1776 1558 1846 quintum
1583 1773 1662 1826 vis
1687 1772 1947 1838 invenire,
1975 1770 2116 1824 flam-

553 1885 651 1923 mae
680 1870 816 1923 illius
843 1868 1099 1932 fomitem,
1130 1868 1180 1921 id
1203 1882 1412 1937 quoque
1435 1868 1484 1920 in
1503 1881 1566 1920 eo
1587 1865 1866 1935 perspicue
1892 1863 2116 1918 videbis.

552 1961 664 2014 Non
697 1962 831 2013 cuitu
855 1961 1134 2014 dumtaxat
1181 1961 1336 2029 genio
1369 1958 1672 2026 indulgebat
1698 1957 1847 2010 dives
1887 1956 1998 2020 ille,
2027 1971 2120 2010 ve-

553 2067 668 2104 rum
691 2053 849 2105 etiam
891 2052 991 2105 etsi
1031 2052 1242 2114 iterum,
1275 2053 1512 2114 tertium,
1550 2050 1656 2104 imo
1681 2064 1808 2102 vero
1836 2049 2030 2116 smpius
2067 2047 2119 2100 in

552 2141 639 2195 die
668 2157 787 2194 eum
820 2141 1064 2195 videbat:
1090 2142 1238 2209 juxta
1293 2141 1589 2208 ingressum
1632 2152 1859 2206 namque
1891 2136 2117 2205 jacchat,

555 2231 910 2299 spectaculum
933 2231 1102 2284 dirum
1142 2230 1458 2283 miserabilis
1489 2228 1755 2296 tragmdia:
1774 2229 1814 2291 ',
1847 2236 1898 2281 et
1918 2226 2006 2296 qui
2035 2241 2122 2279 as.

558 2328 713 2389 pectit
733 2321 846 2374 solo
868 2320 948 2372 vel
973 2319 1233 2388 lapideum
1247 2328 1431 2388 pectus
1445 2326 1649 2387 poterat
1664 2317 1928 2372 emollire:
1949 2327 2124 2370 tamen

563 2427 731 2479 neque
758 2413 858 2465 hoc
885 2411 1227 2465 inhumanum
1259 2411 1402 2463 illum
1424 2410 1489 2463 ad
1520 2425 1635 2463 eam
1663 2417 2022 2479 paupertatem
2052 2408 2125 2462 le-

559 2503 785 2558 vandam
824 2504 1084 2573 permovit
1124 2521 1138 2557 :
1180 2503 1272 2557 sed
1315 2503 1401 2557 ille
1452 2501 1787 2573 sybarlticam
1831 2498 2128 2570 apponebat

561 2609 822 2660 mensam,
853 2603 1084 2648 crateras
1119 2593 1347 2648 habebat
1390 2593 1592 2663 plenas,
1625 2607 1828 2647 merum
1858 2591 2002 2662 large
2027 2590 2127 2645 dif-

562 2683 911 2750 fundendum,
951 2684 1145 2738 nitidos
1167 2699 1453 2754 coquorum
1479 2683 1761 2748 exercitus,
1793 2682 2050 2752 parasitos
2075 2691 2128 2736 et

561 2773 860 2827 adulatores
886 2774 1054 2842 prima
1079 2775 1214 2838 luce,
1245 2783 1300 2828 et
1331 2774 1525 2828 choros
1546 2773 1866 2837 canentium,
1895 2771 2014 2825 vina
2045 2771 2128 2825 in-

563 2863 906 2925 fundentium,
937 2865 1075 2917 risus
1122 2865 1440 2918 moventium
1472 2881 1484 2914 :
1513 2878 1670 2918 omne
1716 2877 1880 2933 genus
1925 2861 2128 2916 hellua-

566 2953 722 3006 tionis
755 2955 1101 3022 excogitabat,
1157 2954 1536 3018 inebriabatur,
1589 2953 2022 3024 ingurgitabatnr,
2077 2952 2128 3004 in

565 3041 690 3094 luxu
710 3042 954 3106 vestium,
985 3058 1180 3098 mensa:
1205 3044 1529 3114 aliarumque
1553 3044 1775 3114 plurium
1817 3057 1991 3097 rerum
2015 3057 2134 3110 pcr-

565 3143 725 3202 petno
750 3134 981 3187 vivebat.
1013 3133 1170 3188 Istum
1211 3150 1354 3200 vero,
1383 3151 1538 3204 quem
1581 3137 1726 3205 gravi
1757 3135 1915 3196 fame,
1947 3131 2131 3188 morbo

566 3223 925 3290 acerbissimo,
977 3225 1249 3279 obsidione
1289 3234 1365 3280 tot
1416 3225 1672 3290 ulcerum,
1720 3223 2020 3287 solitudine,
2080 3233 2133 3277 et

567 3314 718 3367 malis
744 3313 865 3368 inde
893 3316 1333 3384 consequentibus
1371 3315 1422 3369 in
1450 3316 1562 3370 dies
1588 3316 1822 3385 singulos
1848 3316 2015 3384 premi
2057 3315 2134 3368 vi-

568 3406 744 3470 debat,
771 3421 836 3459 ne
867 3407 916 3459 in
942 3408 1174 3460 animum
1202 3407 1410 3476 quidem
1450 3407 1732 3477 aliquando
1757 3407 1966 3461 admisit
1997 3425 2010 3461 :
2044 3423 2135 3476 pa-

569 3498 713 3550 rasiti
735 3507 786 3551 et
810 3497 1109 3552 adulatores
1122 3501 1296 3553 nimiis
1311 3500 1479 3568 epulis
1501 3515 1634 3568 pene
1651 3499 2130 3569 disrumpebantur;

567 3598 622 3641 at
647 3589 744 3643 istc
771 3603 988 3658 pauper,
1015 3597 1066 3644 et
1093 3589 1225 3644 adeo
1255 3605 1472 3659 pauper,
1505 3599 1581 3644 tot
1609 3590 1759 3644 malis
1784 3590 2007 3650 cinctus,
2036 3605 2136 3643 nec

567 3677 730 3732 micas
769 3694 835 3731 ex
893 3679 975 3731 illa
1013 3694 1193 3733 mensa
1225 3680 1480 3742 obtinuit,
1526 3681 1622 3734 etsi
1664 3680 1815 3734 valde
1864 3679 2131 3746 cupidus:

570 3784 739 3836 neque
770 3769 956 3822 horum
1002 3771 1283 3839 quidquam
1306 3786 1424 3824 eum
1454 3771 1605 3834 laesit,
1637 3785 1740 3823 non
1766 3769 1983 3824 verbum
2013 3784 2136 3838 pro-

571 3860 686 3912 tulit
711 3863 1010 3928 asperum',
1041 3877 1144 3916 non
1192 3877 1373 3916 vocem
1417 3861 1581 3916 edidit
1609 3861 1970 3930 hlasphemam
2001 3879 2014 3914 :
2043 3861 2133 3914 sed

573 3958 629 4001 ut
669 3965 854 4002 aurum
915 3951 1311 4006 vehementiore
1359 3951 1600 4005 incendio
1653 3951 1818 4020 magis
1863 3959 2134 4019 purgatum

573 4039 911 4106 splendescit,
942 4042 1019 4096 sic
1044 4043 1200 4095 etiam
1233 4043 1319 4096 ille
1342 4041 1713 4096 afflictionibus
1759 4041 1870 4095 istis
1898 4049 2134 4106 vexatus,

572 4128 816 4181 omnibus
839 4128 936 4182 fuit
971 4131 1209 4199 superior
1237 4142 1340 4185 tam
1391 4132 1576 4202 plagis,
1608 4147 1785 4201 quam,
1818 4147 1933 4202 qua:
1960 4133 2138 4185 multis

577 4227 859 4271 nascuntur
906 4219 1047 4284 inde,
1099 4223 1599 4288 perturbationibus.
1645 4223 1700 4278 Si
1737 4224 1877 4277 enim
1921 4224 2138 4276 omnino

576 4323 850 4376 pauperes,
879 4323 996 4362 cum
1045 4310 1235 4364 divites
1268 4311 1464 4377 vident,
1515 4313 1787 4367 tabescunt
1828 4313 2041 4375 invidia,
2087 4322 2139 4367 et

572 4399 908 4452 aemulatione
936 4399 1302 4464 conficiuntur,
1350 4417 1412 4454 ac
1435 4403 1592 4454 vitam
1650 4403 1750 4456 sibi
1779 4419 1880 4457 non
1909 4419 2026 4457 esse
2057 4404 2139 4454 vi-

576 4487 732 4541 talem
763 4489 1082 4553 existimant,
1135 4489 1290 4558 idque
1333 4506 1452 4542 cum
1497 4493 1824 4545 necessarius
1869 4493 1944 4545 eis
1972 4493 2139 4546 victus

575 4580 825 4648 suppetit,
857 4594 1060 4633 necnon
1081 4581 1168 4648 qui
1195 4581 1496 4636 ministrent
1524 4598 1536 4635 :
1570 4581 1666 4636 iste
1693 4597 1907 4651 pauper,
1945 4593 1999 4636 et
2026 4583 2141 4652 qui-

573 4671 693 4725 dem
723 4686 921 4740 pauper
948 4680 1004 4725 ut
1030 4673 1202 4726 nullus
1220 4672 1373 4739 alius,
1407 4689 1502 4728 nec
1532 4689 1728 4743 pauper
1756 4675 1933 4739 modo,
1956 4690 2138 4729 verum

573 4763 730 4816 etiam
762 4777 920 4832 aeger,
945 4763 1137 4832 quique
1163 4780 1267 4818 non
1299 4765 1524 4819 habebat
1551 4765 1639 4835 qui
1668 4766 1899 4822 adstaret
1941 4776 2032 4821 aut
2055 4782 2142 4822 so-

517 4857 525 4866 '
577 4854 756 4906 latium
784 4855 951 4916 daret,
971 4855 1064 4909 sed
1095 4856 1144 4908 io
1175 4855 1342 4910 media
1378 4857 1507 4910 urbe
1533 4859 1677 4911 velut
1713 4859 1764 4911 in
1790 4865 2023 4912 extrema
2062 4859 2143 4927 ja-

576 4943 728 4996 ccbat
780 4947 1078 5012 solitudine,
1111 4947 1245 5001 fame
1297 4947 1597 5001 tabescebat
1639 4949 2013 5015 acerbissima,
2069 4951 2141 5004 illi

576 5034 751 5085 omnia
796 5043 1056 5104 tamquam
1088 5055 1150 5092 ex
1203 5041 1430 5094 fontibus
1477 5039 1692 5094 afﬂuere
1736 5041 1959 5106 videbat,
1998 5043 2139 5096 omni

583 5123 811 5176 humano
832 5128 1020 5180 solatio
1039 5128 1338 5193 destitutus,
1359 5147 1544 5185 canum
1560 5132 1746 5201 linguis
1772 5149 1868 5188 ceu
1893 5142 2142 5203 perpetua

579 5212 819 5280 qumdam
873 5231 1053 5270 mensa
1103 5222 1398 5286 propositus
1459 5223 1576 5292 (ita
1627 5225 1767 5278 enim
1809 5225 1982 5277 omnia
2029 5225 2144 5290 eius

580 5304 814 5358 membra
849 5306 1020 5360 luxata
1046 5323 1109 5361 ac
1130 5309 1378 5364 dissoluta
1411 5323 1578 5376 erant,
1603 5323 1659 5366 ut
1694 5331 1788 5369 nec
1819 5317 1933 5369 illos
1960 5331 2142 5369 arcere

583 5396 822 5463 posset),
851 5413 1004 5465 quam
1035 5399 1212 5467 iniquo
1242 5403 1419 5453 animo
1451 5402 1651 5467 fuisset,
1682 5405 1778 5458 nisi
1802 5405 1951 5458 valde
1978 5420 2141 5473 gene-

581 5498 733 5538 rosus
761 5501 822 5540 ac
843 5489 1052 5556 sapiens
1077 5491 1402 5544 exstitisset?
1425 5491 1626 5558 Cernis,
1655 5497 1821 5565 quise
1840 5512 1942 5551 non
1966 5497 2140 5562 lwdat,

645 5623 660 5691 ξ
697 5625 822 5691 tinus
845 5628 978 5691 Reg...
1003 5624 1324 5684 speriat-idum
1345 5640 1474 5688 mare
1497 5629 1898 5684 conspiciendum.

643 5681 661 5710 ⁵
696 5687 810 5744 Duo,
830 5681 949 5733 nihil
969 5681 1050 5734 aut
1071 5699 1271 5747 parvum
1294 5681 1623 5756 (infitiantium
1648 5691 1826 5742 locutus
1847 5699 1930 5742 est.

1280 302 1335 358 S.
1375 299 1648 358 JOANNIS
1684 295 2153 354 CllRYSOSTOMI
2189 297 2503 356 ARCHlEP.
2543 301 3070 359 CONSTANTINOP.

3681 310 3785 362 ιη

2214 411 2312 466 etsi
2341 409 2410 466 ab
2433 413 2678 469 omnibus
2713 414 2952 481 laedatur,
2977 414 3105 469 nihil
3132 414 3252 470 mali
3278 417 3475 488 perpeti
3501 417 3523 471 ?
3549 429 3787 489 repetam

2209 501 2350 558 enim
2379 502 2619 558 eamdem
2647 504 2963 560 orationem.

2281 593 2368 647 Η.
2407 591 2546 658 Quid
2574 608 2799 663 namque
2819 593 3040 649 adversa
3068 594 3357 650 valetudo?
3384 596 3510 666 quid
3551 596 3792 652 solitudo

2209 697 2393 738 eorum
2439 684 2527 753 qui
2567 684 3029 755 adstarent?quid
3072 701 3320 742 accessus
3369 687 3612 742 canum?
3658 687 3793 758 quid

2211 777 2351 830 mala
2377 777 2555 831 divitis
2585 778 2825 832 vicinitas
2851 779 2874 831 ?
2903 778 3026 848 quid
3077 794 3300 848 magnus
3339 779 3515 844 luxus,
3542 781 3794 850 superbia

2211 874 2263 921 et
2283 867 2578 934 arrogantia
2607 866 2745 920 illius
2770 866 2980 922 athleta:
3006 867 3127 922 huic
3157 869 3494 922 nocuerunt?
3521 885 3643 926 num
3667 885 3793 925 eum

2211 960 2277 1014 ad
2304 960 2609 1014 sustinenda
2631 975 2728 1030 pro
2759 961 2949 1014 virtute
2980 960 3267 1014 certamina
3294 960 3638 1016 reddiderunt
3660 961 3802 1015 mol-

2213 1051 2437 1105 liorem?
2461 1051 2589 1120 quid
2634 1065 2761 1105 vero
2789 1050 3140 1104 constantiam
3173 1051 3288 1118 ejus
3334 1050 3501 1104 ltesit?
3532 1050 3674 1104 Nihil
3705 1066 3799 1104 us-

2213 1158 2389 1212 quam,
2420 1143 2512 1198 sed
2543 1158 2663 1197 eum
2691 1143 2849 1198 etiam
2874 1143 3040 1212 magis
3061 1143 3451 1206 corroboravit,
3482 1153 3535 1197 et
3558 1143 3798 1196 inﬁnita-

2214 1248 2330 1286 rum
2389 1233 2438 1286 ei
2482 1237 2702 1287 materia
2752 1248 3090 1296 coronarum,
3143 1233 3377 1286 accessio
3429 1234 3795 1302 praemiorum,

2215 1325 2594 1379 incrementum
2615 1324 2894 1391 mercedis,
2923 1339 3076 1394 seges
3107 1324 3320 1392 majoris
3349 1325 3798 1379 remunerationis

2217 1416 2416 1469 exstitit
2443 1417 2527 1469 illa
2568 1416 2827 1470 malorum
2856 1403 3158 1480 multitudo,
3185 1414 3464 1483 divitisque
3484 1414 3795 1469 crudelitas.

2217 1505 2397 1574 Neque
2426 1505 2565 1560 enim
2593 1505 2661 1559 ob
2705 1513 3067 1575 paupertatem
3113 1513 3395 1558 coronatus
3441 1514 3524 1558 est
3566 1515 3798 1571 tantum,

2220 1611 2390 1666 neque
2412 1597 2482 1651 ob
2507 1596 2720 1662 famem,
2754 1613 2924 1667 neque
2951 1597 3019 1650 ob
3071 1597 3268 1662 ulcera,
3297 1612 3467 1666 neque
3496 1597 3563 1651 ob
3592 1597 3804 1668 linguas

2216 1704 2429 1752 canum,
2461 1689 2552 1744 sed
2577 1689 2715 1758 quod
2737 1689 2892 1742 talem
2921 1688 3145 1742 vicinum
3161 1703 3280 1742 cum
3300 1688 3538 1754 haberet,
3558 1704 3584 1741 a
3611 1705 3716 1759 quo
3745 1690 3802 1744 in

2220 1778 2335 1834 dies
2357 1779 2681 1847 aspiceretur
2708 1777 3139 1846 eldespiceretur
3167 1787 3442 1846 perpetuo,
3472 1793 3588 1832 eam
3620 1789 3798 1833 tenta-

2225 1872 2420 1926 tionem
2451 1885 2710 1940 generoso
2744 1870 2920 1924 tulerit
2952 1870 3131 1924 animo
3159 1885 3453 1939 magnaque
3480 1870 3798 1937 constantia,

2223 1977 2340 2030 qua:
2367 1960 2576 2031 quidem
2605 1961 2826 2015 tentatio
2851 1968 2905 2015 et
2934 1960 3224 2029 paupertati
3249 1969 3302 2013 et
3324 1959 3564 2014 adversm
3587 1960 3800 2013 valetu-

2222 2053 2354 2119 dini,
2387 2060 2442 2108 et
2467 2051 2736 2108 solitudini
2766 2066 2870 2106 non
2897 2051 3162 2121 exiguam,
3189 2050 3280 2104 sed
3306 2051 3616 2104 acerrimam
3647 2049 3806 2103 flam-

2224 2159 2364 2198 mam
2387 2142 2632 2197 addebat.
3795 2155 3798 2158 ’

2293 2233 2593 2304 Ampliﬁcat
2621 2233 2846 2288 eamdem
2869 2231 3166 2287 sententiam
3195 2230 3417 2300 exeniplo
3446 2227 3600 2282 Pauli
3629 2237 3808 2283 osten-

2227 2323 2349 2376 dens
2373 2324 2618 2377 neminem
2643 2323 2704 2376 ab
2721 2321 3066 2393 aﬂlictionibus
3086 2319 3432 2387 lwdi.—Quid
3458 2335 3583 2374 vero
3609 2319 3806 2375 beatus

2227 2414 2446 2480 Paulus,
2476 2413 2561 2468 dic
2589 2413 2754 2467 mihi?
2779 2413 2908 2467 nihil
2938 2413 3077 2467 enim
3105 2410 3351 2482 prohibet
3392 2411 3580 2465 iterum
3607 2409 3805 2464 memi-

2228 2505 2372 2560 nisse
2399 2505 2520 2559 viri.
2571 2505 2763 2560 Annon
2790 2503 3024 2558 infinitos
3044 2503 3392 2557 tentationum
3425 2509 3688 2571 tamquam
3717 2500 3805 2555 ni-

2227 2597 2368 2650 vium
2391 2596 2586 2651 imbres
2614 2595 2899 2650 sustinuit?
2919 2593 3053 2662 Quid
3076 2608 3202 2663 ergo
3229 2592 3351 2648 inde
3366 2592 3544 2647 damni
3563 2591 3803 2658 accepit?

2229 2688 2416 2741 Annon
2441 2695 2716 2757 propterea
2740 2685 3030 2755 majoribus
3049 2683 3275 2739 donatus
3310 2695 3392 2738 est
3411 2683 3640 2749 coronis,
3657 2683 3802 2754 quod

2229 2777 2520 2838 esuriisset,
2569 2775 2708 2846 quod
2742 2777 2922 2846 algore
2968 2790 3031 2829 ac
3060 2774 3298 2829 nuditate
3335 2773 3625 2839 confectus,
3657 2774 3803 2843 quod

2229 2868 2541 2922 verberibus
2600 2882 2965 2936 saepenumero
3010 2867 3296 2930 concisus,
3345 2865 3485 2936 quod
3540 2865 3806 2936 lapidibus

2231 2959 2513 3027 appetitus,
2558 2959 2698 3028 quod
2745 2959 2794 3012 in
2843 2972 2989 3012 mare
3033 2957 3309 3012 demersus
3364 2957 3580 3009 fuisset?
3616 2957 3685 3008 At
3713 2955 3807 3010 ille

2233 3047 2425 3103 Paulus
2452 3059 2582 3110 erat,
2615 3049 2804 3117 inquit,
2831 3056 2885 3100 et
2907 3056 3123 3100 vocatus
3149 3061 3177 3098 a
3204 3045 3434 3100 Christo.
3460 3044 3618 3111 Atqui
3637 3044 3807 3117 Judas

2231 3143 2444 3198 qu0que
2474 3139 2607 3180 unus
2647 3116 2759 3177 erat
2787 3137 2851 3176 ex
2878 3121 3178 3182 duodecim,
3210 3123 3425 3170 vocatus
3446 3117 3601 3166 etiam
3631 3116 3746 3178 ipse
3773 3124 3806 3161 a

2226 3220 2473 3283 Christo;
2503 3231 2684 3272 verum
2709 3227 2878 3282 neque
2896 3210 3034 3280 quod
3063 3217 3205 3263 esset
3220 3221 3284 3261 ex
3314 3205 3610 3267 duodecim,
3631 3217 3808 3270 neque

2227 3312 2434 3367 vocatio
2460 3306 2656 3363 Christi
2703 3305 2988 3376 quidquam
3040 3301 3088 3355 ei
3133 3298 3344 3369 profuit,
3392 3296 3637 3366 quoniam
3681 3292 3808 3347 aui.-

2230 3419 2372 3459 nmm
2403 3401 2468 3455 ad
2496 3400 2742 3454 virtutem
2771 3402 3011 3466 paratum
3041 3407 3145 3446 non
3183 3388 3427 3444 habebat.
3465 3385 3570 3440 Sed
3610 3382 3815 3437 Paulus

2229 3495 2442 3567 quidem
2473 3502 2527 3547 et
2552 3506 2671 3546 cum
2700 3492 2838 3544 fame
2861 3488 3088 3550 luctans,
3115 3491 3170 3538 et
3195 3479 3492 3536 necessario
3517 3488 3678 3546 egens
3705 3473 3814 3527 ali-

2230 3596 2431 3652 mento,
2450 3595 2504 3639 et
2525 3591 2666 3639 tanta
2695 3583 2747 3636 in
2774 3582 2888 3635 dies
2910 3579 3142 3648 singulos
3159 3574 3448 3646 perferens,
3473 3583 3658 3638 magna
3684 3581 3820 3621 cum

2232 3678 2504 3732 alacritate
2549 3674 2687 3727 viam
2742 3685 2860 3741 qua:
2910 3668 2976 3722 ad
3017 3667 3203 3722 caelum
3242 3663 3407 3728 ducit,
3439 3658 3680 3716 currebat
3714 3673 3728 3708 :
3759 3665 3824 3709 at

2235 3770 2324 3823 ille
2345 3778 2398 3824 et
2417 3775 2541 3821 ante
2566 3764 2707 3818 hunc
2727 3769 2966 3825 vocatus,
2986 3767 3039 3814 et
3057 3757 3263 3819 iisdem,
3288 3752 3476 3823 quibus
3497 3751 3629 3819 ipse,
3653 3745 3820 3801 bonis

2234 3860 2688 3929 potius,suprema
2708 3850 3049 3925 philosophia
3071 3847 3336 3909 initiatus,
3351 3842 3611 3914 particeps
3653 3851 3823 3929 men-

2235 3928 2308 4008 sa:
2347 3965 2512 4007 sacra:
2551 3963 2613 4002 ac
2639 3943 2929 4001 tremendae
2955 3941 3094 3996 illius
3139 3952 3326 3999 Cinna),
3361 3942 3554 3988 tantam
3584 3928 3822 3999 gratiam

2237 4046 2476 4114 adeptus,
2527 4049 2584 4094 ut
2620 4039 2778 4092 etiam
2810 4043 3049 4090 mortuos
3090 4030 3365 4092 excitaret,
3396 4026 3632 4093 leprosos
3659 4034 3828 4073 mun-

2235 4137 2408 4196 daret,
2433 4142 2486 4188 et
2515 4131 2786 4186 daemonas
2811 4124 3122 4194 expelleret,
3151 4118 3354 4175 crebris
3400 4115 3468 4169 de
3506 4117 3822 4181 paupertate

2236 4226 2568 4284 sermonibus
2615 4221 2827 4285 auditis,
2866 4228 2973 4271 tam
3025 4215 3113 4268 diu
3160 4219 3398 4266 versatus
3427 4220 3549 4260 cum
3577 4201 3825 4264 Christo,

2235 4322 2426 4389 cuique
2480 4330 2765 4385 pauperum
2819 4308 3055 4381 pecunia:
3093 4303 3308 4359 credita:
3347 4301 3573 4389 fuerant,
3607 4303 3663 4347 ut
3691 4291 3833 4389 inde

2238 4385 2562 4480 :cgr'itudinis
2583 4406 2829 4459 solatium
2854 4409 3067 4469 caperet
3096 4396 3215 4466 (fur
3235 4394 3374 4448 enim
3405 4398 3521 4444 erat
3545 4388 3596 4453 ),
3641 4400 3708 4439 ne
3739 4385 3834 4438 sic

2238 4501 2449 4571 quidem
2476 4497 2644 4551 factus
2671 4504 2752 4549 est
2772 4493 2980 4555 melior,
3003 4499 3319 4558 quamquam
3340 4490 3536 4535 tantam
3563 4484 3834 4544 eXpertus

2239 4591 2638 4662 indulgentiam.
2661 4588 2792 4643 Cum
2815 4585 2953 4640 enim
2982 4584 3144 4637 sciret
3171 4579 3410 4634 Christus
3433 4588 3554 4630 eum
3595 4585 3831 4624 avarum

2239 4699 2378 4750 esse,
2406 4693 2461 4739 et
2505 4697 2688 4737 amore
2735 4681 2971 4750 pecunia:
3023 4675 3336 4744 periturum,
3383 4683 3486 4724 non
3517 4665 3674 4720 modo
3701 4664 3837 4732 ejus

2240 4779 2318 4833 rei
2346 4788 2454 4832 tum
2483 4777 2550 4830 ab
2573 4791 2639 4831 eo
2664 4787 2846 4844 poenas
2873 4785 2977 4825 non
3008 4764 3330 4838 repoposcit,
3360 4775 3544 4815 verum
3569 4768 3625 4811 ut
3655 4757 3839 4824 ipsius

2241 4871 2604 4942 aegritudinem
2653 4867 2924 4929 ideliniret,
2981 4871 3035 4942 et
3081 4859 3271 4942 minori
3325 4855 3469 4942 malo
3494 4859 3839 4942 praecaveret

2249 4931 2437 5016 mvajus,
2469 4946 2626 4999 etiam
2656 4954 2945 5010 pauperum
2975 4938 3022 4990 ei
3049 4933 3297 5004 pecunias
3324 4931 3574 4997 credidit,
3606 4938 3660 4984 ut
3690 4944 3825 4983 cmn

2249 5039 2464 5093 haberet
2486 5035 2624 5088 unde
2650 5031 2886 5102 pecunia:
2915 5027 3254 5096 cupiditatem
3295 5022 3532 5088 satiaret,
3553 5020 3614 5084 _in
3636 5017 3831 5072 horri-

2248 5131 2352 5186 bile
2378 5129 2500 5182 illud
2527 5124 2828 5180 barathrum
2860 5135 2962 5174 non
2991 5124 3281 5172 corrueret.

2321 5223 2404 5277 12.
2421 5221 2521 5276 Cur
2541 5221 2686 5272 etiam
2703 5213 3038 5283 improborum
3060 5211 3231 5279 lapsus
3248 5209 3491 5276 exprimat
3509 5202 3782 5267 Scriptura
3804 5217 3828 5263 ,-

2253 5313 2492 5383 parabola
2531 5307 2891 5376 wdiﬁcautium
2935 5300 3232 5370 explicatur.
3265 5325 3329 5336 —-
3360 5295 3508 5349 Adeo
3553 5304 3834 5383 nll—SQIdéilll

2250 5376 2525 5471 quisquam
2572 5397 2764 5451 lzedere
2807 5391 3001 5462 poterit
3044 5403 3203 5452 eum,
3249 5384 3335 5453 qui
3367 5376 3839 5450 seipsumlzedere

2252 5493 2385 5547 ttulit
2409 5508 2422 5555 ;
2471 5491 2519 5546 ei
2548 5504 2671 5543 vero
2694 5487 2782 5556 qui
2808 5484 3028 5554 vigilans
3049 5495 3111 5534 ac
3142 5478 3347 5533 sobrius
3374 5488 3491 5528 esse
3511 5513 3526 5534 ,
3563 5483 3839 5536 suamque

2254 5599 2468 5655 operam
2497 5581 2739 5636 conferre
2769 5578 2918 5641 nolit,
2943 5589 3100 5630 nemo
3127 5583 3373 5640 umquam
3399 5561 3656 5655 proderit.
3686 5559 3837 5655 Pro-

2255 5650 2431 5746 pterea
2477 5675 2566 5729 tibi
2619 5671 2871 5728 mirabilis
2926 5681 3133 5739 quoque
3161 5662 3551 5732 Scripturarum
3599 5650 3839 5705 historia
