4100 6196
212 104 309 163 ιη

203 218 612 292 παρασκευάζει
686 217 1087 289 δυσχεραίνειν,
1130 218 1223 272 zeal
1270 217 1528 283 πολλάκις
1577 216 1670 276 zeal
1713 219 1874 293 βλάσ-

205 320 369 380 φημα
432 308 654 375 ρηματα
718 304 1001 358 ἐκϐάλλειν
1057 305 1152 358 καὶ
1202 304 1532 377 ἀνελεύθερα
1575 305 1877 377 πράγματα

197 389 521 459 ὑπομένειν.
553 388 666 459 Οὐχ
694 389 729 459 ἡ
763 388 948 454 πενία,
979 387 1094 441 ἀλλ’
1121 390 1157 459 ἠ
1191 389 1519 460 μικροψυχία
1540 406 1554 419 ·
1586 388 1708 443 ἐπεὶ⁸
1728 390 1820 441 καὶ
1845 389 1873 442 ό

195 477 451 548 Λάζαρος
480 476 652 547 πένης
676 472 767 547 ἦν,
798 477 893 530 zeal
927 476 1134 547 σφόδρα
1157 493 1219 545 γε
1269 476 1465 547 πένης·
1500 476 1594 529 zeal
1624 477 1691 547 τῇ
1719 474 1880 546 πενίᾳ

196 564 415 635 προσῆν
443 564 541 618 zeal
565 562 848 634 ἀρρωστία
891 563 1084 623 πενίας
1112 563 1330 632 ἀπάσης
1368 562 1686 633 πικροτέρα,
1720 562 1754 633 ἠ
1783 562 1878 616 zeal

196 649 294 720 τὴν
323 651 522 704 πενίαν
546 651 748 719 ταύτην
777 649 1165 721 χαλεπωτέραν
1189 649 1452 704 ποιοῦσα·
1484 650 1579 703 zeal
1599 652 1665 720 τῇ
1696 649 1879 720 ἀρρω-

201 742 324 813 στίφ⁵
356 741 567 813 ἐρημία
579 741 690 794 τῶν
718 740 1197 813 προστησομένων,
1221 740 1314 793 zeal
1357 740 1558 812 ἀπορία
1581 737 1691 794 τῶν
1719 739 1878 810 θερα-

199 828 501 891 πευόντων,
538 827 661 896 ἣτις
698 826 794 879 zeal
832 825 931 896 τὴν
976 826 1168 880 πενίαν
1200 827 1293 879 zeal
1321 825 1422 896 τὴν
1454 825 1764 897 ἀρρωστίαν
1789 844 1879 879 πι-

200 913 474 984 κροτέραν
490 912 792 983 εἰργάζετο.
826 911 1043 965 Τούτων
1068 912 1177 984 7&9
1202 913 1431 966 ἕκαστον
1453 914 1542 967 zeal
1568 913 1688 967 καθ’
1720 913 1879 968 ἐαυτδ

202 1001 301 1071 μὲν
335 999 619 1071 ὀδυνηρὸν,
655 999 783 1053 ὅταν
801 999 858 1053 δὲ
882 999 1017 1071 μηδὲ
1042 1001 1094 1053 οἱ
1128 999 1519 1071 θεραπεύοντες
1545 994 1665 1065 ὦσι,
1696 1001 1879 1071 μεῖζον

201 1087 415 1153 γίνεται
461 1085 525 1138 τὸ
563 1084 760 1149 δεινόν,
809 1084 1164 1156 χαλεπωτέρα
1216 1088 1250 1155 ἡ
1308 1085 1459 1155 φλὸξ,
1494 1085 1798 1157 πικροτέρα
1840 1088 1873 1158 ἠ

200 1172 385 1242 ὀδύνη,
412 1169 752 1243 ἀγριώτερος
781 1173 812 1225 6
842 1170 1069 1242 χειμὼν,
1102 1171 1454 1243 σφοδρότερον
1474 1172 1535 1225 τὸ
1565 1173 1875 1239 κλυδώνιον,

201 1258 618 1330 φλογωδεστέρα
650 1260 684 1330 ἡ
706 1258 957 1331 κάμινος.
989 1258 1053 1313 El
1089 1259 1147 1313 δέ
1177 1277 1259 1324 τις
1303 1259 1543 1331 ἀκριϐῶς
1580 1260 1876 1327 ἐξετάσειε,

203 1348 294 1400 καὶ
316 1347 509 1418 ἕτερον
534 1345 746 1403 τούτοις
784 1345 1041 1417 τέταρτον
1072 1347 1301 1418 προσῆν,
1335 1348 1370 1418 ἡ
1403 1346 1496 1400 τοῦ
1526 1345 1878 1410 πλουτοῦντος

202 1434 264 1486 ἐκ
291 1435 556 1502 γειτόνων
581 1431 859 1495 οἰκοῦντος
906 1431 1056 1487 ἄδεια
1081 1433 1176 1486 zeal
1206 1434 1406 1504 τρυφή.
1442 1433 1506 1486 Et
1534 1432 1591 1486 δέ
1622 1432 1799 1503 βούλει
1823 1450 1877 1487 τι

204 1523 298 1576 zeal
332 1522 588 1591 πέμπτον
641 1520 772 1574 ἀλλο
811 1520 1011 1589 εὑρεῖν,
1048 1519 1377 1591 ὑπέκκαυμα
1403 1521 1501 1591 τῆς
1537 1519 1753 1590 φλογὸς,
1784 1520 1877 1575 zeal

202 1608 362 1663 τοῦτο
389 1609 512 1678 ὕψει
544 1608 732 1678 σαφῶς
761 1605 911 1677 αὐτῷ
939 1606 1341 1678 περικείμενον.
1371 1607 1445 1661 Οὐ
1470 1606 1578 1678 γάρ
1616 1606 1676 1679 δὴ
1717 1608 1875 1678 μόνον

204 1698 413 1770 ἐτρύφα
445 1699 476 1750 6
505 1696 761 1759 πλούσιος
798 1696 1023 1759 ἐκεῖνος,
1055 1694 1192 1749 ἀλλά
1226 1695 1321 1749 zeal
1351 1694 1601 1767 δεύτερον
1630 1696 1724 1748 zeal
1756 1694 1876 1766 τρί-

200 1802 314 1848 τον,
347 1783 550 1856 μᾶλλον
577 1783 633 1837 δὲ
671 1784 767 1836 zeal
802 1781 1088 1846 πλεονάκις
1125 1782 1224 1853 τῆς
1261 1780 1473 1853 ἡμέρας
1506 1781 1668 1835 αὐτὸν
1693 1780 1872 1852 όρῶνο

202 1872 360 1944 παρὰ
387 1871 505 1943 7&9
531 1871 629 1942 τὴν
657 1869 859 1924 εἴσοδον
876 1869 1121 1943 ἔρριπτο,
1146 1868 1370 1941 θέατρον
1387 1868 1617 1940 χαλεπὸν
1639 1868 1877 1938 ἐλεεινῆς

200 1958 526 2031 τραγῳδίας
550 1957 624 2011 ὢν
660 1968 707 2021 ι,
751 1957 848 2011 καὶ
894 1958 959 2027 τῇ
988 1954 1107 2024 ὄψει
1139 1954 1300 2027 μόνον
1334 1956 1429 2008 zeal
1456 1952 1664 2025 λιθίνην
1692 1952 1876 2017 ἱκανὸς

199 2043 604 2116 καταμαλάξαι
636 2043 809 2115 ψυχήν
827 2060 841 2072 ·
870 2043 965 2097 καὶ
996 2043 1145 2115 ὅμως
1182 2042 1304 2096 ούδέ
1344 2041 1504 2096 τοῦτο
1530 2040 1877 2096 ἐπεσπάσατο

136 2188 153 2201 _
199 2134 290 2187 τὸν
322 2131 698 2202 ἀπάνθρωπον
718 2132 925 2185 ἐκεῖνον
951 2132 1031 2194 είς
1052 2130 1151 2201 τὴν
1179 2130 1477 2201 τῆςπενίας
1496 2128 1709 2202 ἐκείνης
1725 2128 1876 2182 ἀντί-

200 2218 363 2290 ληψιν
393 2236 408 2250 ’
446 2216 564 2271 ἀλλ’
595 2218 624 2270 6
662 2218 759 2289 μὲν
787 2216 1141 2288 συϐαριτικὴν
1190 2215 1511 2287 παρετίθετο
1562 2216 1874 2286 τράπεζαν,

203 2305 296 2357 zeal
326 2302 621 2375 κρατῆρας
657 2298 799 2373 εἶχεν
829 2301 1218 2372 ἐστεμμένους,
1253 2301 1348 2356 καὶ
1400 2300 1638 2372 ἄκρατον
1690 2301 1877 2367 ἁπλῶς

204 2390 559 2460 ἐκχεόμενον,
608 2390 704 2443 zeal
771 2386 1105 2460 στρατόπεδα
1157 2386 1435 2459 μαγείρων
1477 2386 1727 2460 λαμπρὰ,
1784 2389 1878 2441 zeal

206 2476 547 2548 παρασίτους
579 2476 675 2530 καὶ
714 2476 951 2540 κόλακας
1001 2475 1117 2547 ἅμα
1178 2473 1328 2548 [456]
1353 2475 1517 2547 πρωῒ,
1549 2477 1642 2530 zeal
1682 2477 1877 2547 χοροὺς

205 2566 461 2637 ᾀδόντων,
490 2563 889 2635 οἰνοχοούντων,
918 2562 1418 2633 γελωτοποιούντων
1436 2580 1449 2594 ·
1485 2564 1577 2617 zeal
1608 2565 1715 2617 πᾶν
1741 2558 1876 2628 εἶδος

206 2652 435 2706 ἐπινοῶν
461 2650 721 2715 ἀσωτίας,
751 2652 845 2705 zeal
876 2649 1088 2722 μεθύων
1114 2651 1205 2704 zeal
1235 2650 1569 2724 κραιπαλῶν,
1597 2652 1690 2704 zeal
1719 2650 1876 2722 στολῇ

207 2740 292 2793 zeal
306 2738 595 2810 τραπέζῃ,
620 2739 715 2790 zeal
734 2737 939 2809 ἐτέροις
956 2737 1164 2792 πλείοσι
1191 2738 1409 2809 τρυφῶν
1434 2738 1879 2795 ἆπανταδιετέλει

207 2828 287 2880 τόν
331 2827 556 2898 χρόνον.
590 2824 791 2879 Τοῦτον
835 2824 890 2878 δὲ
923 2824 1067 2898 λιμῷ
1093 2824 1311 2896 χαλεπῷ
1348 2824 1442 2879 zeal
1476 2826 1756 2898 ἀρρωστίᾳ
1790 2844 1881 2880 πι-

211 2915 471 2986 κροτάτῃ,
529 2914 624 2967 zeal
684 2913 967 2984 πολιορκίᾳ
1011 2912 1279 2967 τοσούτων
1308 2912 1503 2979 ἑλκῶν,
1531 2915 1626 2968 zeal
1654 2914 1879 2987 ἐρημίᾳ,

211 3003 292 3055 καὶ
318 3004 441 3065 τοῖς
468 3001 534 3054 ἐκ
567 3000 769 3054 τούτων
806 3003 993 3064 κακοῖς
1023 2999 1166 3072 όρῶν
1206 3000 1326 3054 καθ’
1358 3000 1594 3071 ἑκάστην
1624 3017 1880 3055 κατατει-

212 3085 431 3157 νόμενον
454 3082 556 3155 τὴν
579 3084 814 3155 ἡμέραν,
853 3083 976 3137 ούδέ
1003 3085 1084 3147 εἰς
1116 3083 1241 3138 νοῦν
1273 3101 1403 3138 ποτε
1434 3084 1686 3140 ἐϐάλλετο
1706 3101 1721 3117 ·
1765 3084 1881 3138 ἀλλ’

210 3175 255 3227 οι
284 3174 388 3245 μὶν
416 3172 737 3243 παράσιτοι,
770 3171 864 3224 zeal
912 3172 962 3224 οί
996 3170 1225 3235 κόλακες
1251 3172 1345 3226 καὶ
1376 3172 1515 3244 ὑπὲρ
1547 3172 1647 3244 τὴν
1696 3173 1882 3243 χρείαν

211 3262 601 3332 διερρήγνυντο
619 3275 633 3289 ·
653 3261 684 3312 6
707 3258 765 3312 δέ
792 3258 980 3329 πένης,
1013 3258 1106 3312 zeal
1120 3258 1263 3314 οὕτω
1280 3259 1469 3331 πένης,
1487 3260 1582 3313 zeal
1610 3262 1668 3313 ἐν
1698 3259 1883 3314 τοσού-

208 3363 313 3410 τοις
356 3346 623 3417 κείμενος
657 3347 768 3408 τοῖς
814 3347 1020 3411 κακοῖς,
1053 3345 1175 3399 ούδέ
1204 3345 1399 3416 ψιχίων
1428 3348 1493 3400 ἐκ
1533 3347 1635 3417 τῆς
1675 3347 1881 3418 τραπέ-

206 3434 304 3505 ζης
334 3433 629 3504 ἀπήλαυεν
655 3433 890 3503 ἐκείνης,
913 3432 1009 3486 zeal
1032 3433 1206 3486 ταῦτα
1233 3433 1437 3504 σφόδρα
1457 3433 1737 3504 ἐπιθυμῶν
1761 3434 1883 3490 ’καὶ

204 3525 354 3592 ὅμως
381 3521 544 3576 οὐδὲν
572 3520 735 3574 αὐτὸν
761 3519 965 3574 τούτων
995 3519 1364 3591 παρέϐλαψεν,
1397 3521 1460 3574 ού
1509 3521 1659 3593 ρῆμα
1688 3522 1884 3595 πικρὸν

203 3609 469 3675 ἐξέϐαλεν
496 3607 551 3673 δ,
578 3608 635 3660 ού
659 3606 981 3678 βλάσφημον,
998 3605 1299 3675 ἐφθέγξατο
1330 3606 1487 3677 λόγον
1506 3622 1521 3637 ⁸
1553 3608 1669 3662 ἀλλ’
1697 3608 1883 3682 ῶσπερ

201 3697 434 3769 χρυσίον
451 3698 524 3768 τῇ
567 3695 897 3768 σφοδροτέρᾳ
926 3693 1172 3766 πυρώσει
1207 3695 1466 3766 μειζόνως
1494 3696 1885 3767 καθαιρόμενον

199 3784 616 3857 λαμπρύνεται,
651 3782 794 3838 οὕτω
820 3782 885 3855 δὴ
915 3782 1010 3836 zeal
1044 3782 1250 3846 ἐκεῖνος
1281 3783 1387 3836 ὑπὸ
1410 3782 1519 3837 τῶν
1547 3784 1884 3856 παθημάτων

199 3871 417 3925 τούτων
458 3868 863 3940 ἐνοχλούμενος,
916 3869 1134 3924 πάντων
1175 3869 1501 3942 ὑψηλότερος
1534 3865 1603 3943 ἦν
1641 3872 1735 3926 zeal
1777 3871 1886 3925 τῶν

203 3957 399 4012 παθῶν
419 3997 439 4023 ,
491 3956 591 4011 zeal
649 3955 829 4011 αὐτῶν
868 3955 979 4010 τῶν
1020 3956 1272 4010 ἐντεῦθεν
1306 3956 1519 4022 πολλοῖς
1555 3959 1885 4031 τικτομένων

205 4045 482 4115 θορύϐων.
550 4044 617 4097 Εί
667 4042 777 4115 γὰρ
833 4042 1021 4107 ἀπλῶς
1056 4042 1289 4113 πένητες
1337 4044 1623 4109 πλουσίους
1655 4045 1886 4117 ὁρῶντες

202 4134 476 4202 τήκονται
504 4130 582 4201 τῷ
620 4130 819 4202 φθόνῳ,
852 4130 947 4184 zeal
970 4131 1376 4185 κατατείνονται
1400 4134 1467 4203 τῇ
1486 4133 1771 4204 βασκανίᾳ,
1792 4136 1887 4189 zeal

202 4219 295 4271 τῖον
330 4218 452 4289 βίον
480 4217 714 4272 ἀϐίωτον
752 4218 1063 4289 νομίζουσιν
1096 4213 1258 4283 εἶναι,
1284 4219 1378 4272 zeal
1405 4217 1579 4273 ταῦτα
1606 4220 1702 4289 τῆς
1727 4220 1887 4291 ἀναγ-

200 4308 371 4371 καίας
398 4305 763 4378 εὐποροῦντες
798 4307 1023 4376 τροφῆς,
1065 4305 1162 4359 zeal
1213 4304 1614 4377 θεραπεύοντας
1638 4306 1885 4377 ἔχοντες·

197 4399 227 4447 6
254 4394 443 4465 πένης
474 4387 627 4458 οὗτος
652 4395 727 4458 ὡς
746 4393 921 4457 οὐδεὶς
945 4392 1132 4465 ἐτερος
1150 4393 1316 4461 πένης
1342 4390 1437 4455 ὣν,
1458 4393 1551 4447 zeal
1579 4394 1700 4465 ούχὶ
1722 4395 1889 4466 πένης

196 4483 401 4551 μόνον,
435 4480 573 4534 ἀλλὰ
603 4480 699 4535 zeal
725 4479 977 4551 ἀσθενὴς,
1007 4481 1103 4535 zeal
1136 4479 1340 4551 μηδένα
1369 4478 1506 4550 ἔχων
1530 4481 1620 4534 τὸν
1650 4499 1884 4555 προστη-

196 4570 450 4639 σύμενον
508 4568 602 4621 zeal
662 4567 1136 4641 παρακαλέσοντα,
1174 4566 1288 4621 ἀλλ’
1346 4568 1405 4621 ἐν
1451 4568 1591 4641 μέσῃ
1627 4572 1693 4641 τῇ
1736 4571 1887 4625 πόλει

192 4655 475 4725 καθάπερ
498 4653 558 4707 ἐν
579 4656 783 4727 ἐσχάτῃ
801 4655 1050 4726 κείμενος
1078 4654 1306 4727 ἐρημίᾳ,
1348 4655 1443 4708 zeal
1487 4655 1629 4727 λιμῴ
1660 4657 1890 4730 τηκόμε-

188 4759 298 4805 νος
324 4740 662 4812 πικροτάτῳ.
695 4741 788 4795 καὶ
822 4742 999 4795 πάντα
1021 4739 1163 4811 όρῶν
1192 4739 1385 4811 ἐκείνῳ
1417 4740 1668 4812 καθάπερ
1693 4744 1759 4797 ἐκ
1791 4762 1889 4815 πη-

190 4828 322 4897 γῶν
348 4826 702 4897 ἐπιρρέοντα,
724 4829 817 4881 zeal
842 4826 1188 4899 ἀνθρωπίνης
1205 4826 1304 4897 μὲν
1331 4826 1585 4897 οὐδεμιᾶς
1599 4829 1888 4885 ἀπολαύων

188 4914 593 4988 παραμυθίας,
629 4917 751 4979 ταῖς
776 4915 833 4969 δέ
862 4915 970 4968 τῶν
1005 4913 1184 4969 κυνῶν
1231 4912 1504 4982 γλώσσαις
1533 4915 1891 4987 προκείμενος

189 5002 469 5076 τράπεζα
486 5001 737 5073 διηνεκὴς
764 5000 929 5072 (οὕτω
949 5001 1058 5073 γὰρ
1074 4996 1143 5073 ἦν
1164 5000 1227 5055 τὸ
1256 5000 1416 5071 σῶμα
1441 5004 1771 5074 παρειμένος
1797 5007 1891 5059 zeal

189 5089 624 5159 δεαλελυμένος,
666 5089 744 5153 ὡς
801 5088 936 5160 μηδέ
983 5089 1224 5152 ἐκείνους
1270 5088 1558 5143 ἀποσοϐεῖν
1588 5090 1888 5165 δύνασθαι),

190 5181 253 5233 τί
284 5179 395 5232 οὐκ
437 5175 505 5229 ἂν
532 5175 752 5240 ἔπαθεν,
775 5178 824 5230 εί
868 5178 942 5248 μὴ
973 5176 1177 5248 σφόδρα
1201 5179 1447 5245 γενναῖος
1474 5180 1568 5232 zeal
1604 5179 1892 5251 φιλόσοφος

188 5262 313 5339 iv;
358 5266 531 5337 Ὁρᾷς
566 5264 648 5318 ὅτι
685 5267 712 5319 ό
760 5266 949 5319 ἐαυτὸν
974 5265 1049 5336 μὴ
1092 5265 1312 5330 ἀδικῶν,
1352 5266 1454 5320 κᾶν
1488 5266 1639 5337 παρά
1674 5267 1891 5325 πάντων

272 5405 627 5480 ‘l‘qnuaﬂeg‘.
665 5409 855 5480 65:21:9ov
884 5411 1094 5473 χαλεπῆς
1137 5409 1331 5473 θεωρίας
1354 5409 1440 5472 ὧν,
1477 5412 1574 5463 duo
1596 5410 1682 5464 alii
1699 5413 1893 5480 θέατρον

190 5473 297 5534 ιιεά
316 5472 454 5528 λύπη
480 5471 672 5534 θεωρίας
690 5471 773 5517 ὦν.

274 5532 308 5570 ι
330 5533 452 5586 ι)υο
478 5531 592 5583 mss;
617 5531 673 5580 ού
689 5532 823 5599 ρῆιιά
847 5548 891 5581 τι
912 5533 967 5580 οὐ
993 5532 1157 5595 μικρὸν
1180 5532 1237 5581 οὐ
1261 5532 1381 5596 μέγα
1402 5534 1520 5591 έξέϐ.

628 5625 901 5690 ΡΔτιοι..
946 5624 1065 5689 Gn.
1112 5624 1244 5694 LII.

1280 101 1465 169 QUOD
1504 100 1693 159 ΝΕΜο
1730 99 2060 158 ΙηλΕῡΙΤυῐὶ
2102 96 2231 155 NISI
2270 97 2314 152 Α
2350 92 2619 153 SEIPSO.

3541 95 3644 149 ιη

1975 212 2243 302 ἀδικῆται,
2274 228 2426 282 οὐδὲν
2449 225 2648 297 πάσχει
2665 221 2834 280 δεινόν
2857 240 2872 291 ;
2905 222 3066 278 πάλιν
3088 219 3197 293 γὰρ
3218 222 3307 277 τὸν
3335 221 3495 278 αὑτὸν
3520 224 3643 281 ἀνα·

1977 316 2216 388 λήψομαι
2236 317 2412 383 λόγον.
3371 361 3387 379 ,

2053 413 2218 468 ια⁸.Τί
2241 414 2349 482 γάρ
2369 413 2402 483 ἡ
2426 409 2705 483 ἀρρωστία
2730 425 2744 475 ;
2770 408 2823 461 τί
2844 407 2902 461 δέ
2930 408 2963 478 ὴ
2990 406 3192 480 ἐρημία
3220 406 3329 461 τῶν
3348 422 3647 480 προστησο-

1981 500 2190 571 μένων;
2225 500 2276 552 τί
2327 497 2382 552 δὲ
2412 498 2446 569 ἡ
2479 496 2662 565 ἔφοδος
2684 495 2792 549 τῶν
2839 494 3048 560 κυνῶν;
3073 494 3127 547 τί
3157 495 3213 548 δὲ
3250 495 3313 548 τὸ
3350 494 3647 565 γειτόνημα

1977 583 2071 641 τοῦ
2097 585 2350 640 πλουσίου
2382 584 2444 638 τὸ
2466 582 2737 655 πονηρόν;
2768 582 2893 636 τίδὲ
2916 584 2949 653 ἠ
2981 581 3148 653 πολλὴ
3173 581 3327 652 χλιδὴ
3349 583 3442 635 zeal
3474 582 3644 653 ύπερ-

1978 673 2201 746 ηφανία,
2231 676 2326 728 καὶ
2352 674 2384 743 ἠ
2414 671 2642 725 ἀπόνοια
2687 668 2894 722 ἐκείνου
2922 668 3013 722 τὸν
3041 667 3279 739 ἀθλητὴν
3303 667 3490 722 τοῦτον
3510 684 3649 740 παρ-

1978 759 2273 830 έϐλαψεν;ἢ
2290 756 2674 829 μαλακώτερον
2693 754 2827 827 πρὸς
2844 755 2913 809 τά
2925 753 3065 826 ὑπὲρ
3081 754 3181 826 τῆς
3195 754 3400 826 ἀρετῆς
3419 754 3647 826 ἐποίησε

1980 845 2381 917 σκάμματα;τί
2423 844 2481 898 δέ
2528 834 2694 897 αὐτοῦ
2719 842 2816 912 τὴν
2845 841 3086 895 εὐτονίαν
3112 841 3448 912 ἐλυμήνατο;
3482 841 3646 897 Ούδέν

1977 933 2236 1005 οὐδαμοῦ,
2264 931 2505 986 ἀλλὰκαὶ
2539 928 2736 1002 μᾶλλον
2774 928 2937 983 αὐτὸν
2972 927 3277 1000 ἐπέρρωσε,
3308 929 3402 981 zeal
3436 929 3647 1000 μυρίων

1978 1020 2127 1092 αύτῷ
2143 1018 2423 1089 στεφάνων
2445 1017 2699 1080 ὑπόθεσις
2714 1015 2922 1085 γέγονε,
2942 1015 3034 1069 zeal
3051 1014 3332 1086 προσθήκη
3354 1014 3644 1087 βραϐείων,
3740 1081 3747 1088 _

1977 1107 2071 1161 zeal
2103 1104 2435 1176 πλεονασμὸς
2454 1101 2795 1168 ἀντιδόσεως,
2832 1100 2926 1154 zeal
2963 1098 3226 1170 μειζόνων
3254 1100 3500 1171 ἀμοιϐῶν
3520 1101 3652 1155 ὑπό-

1979 1193 2127 1256 θεσις
2138 1192 2247 1246 τῶν
2270 1191 2459 1245 δεινῶν
2484 1189 2546 1243 τὸ
2568 1188 2767 1261 πλῆθος
2788 1188 2984 1253 ἐκεῖνο,
3006 1187 3098 1240 καὶ
3122 1185 3269 1258 ητοῦ
3292 1186 3647 1252 πλουτοῦντος

1978 1280 2218 1351 ὠμότης.
2252 1281 2326 1333 Οὐ
2353 1276 2462 1349 γὰρ
2494 1276 2557 1347 δὴ
2603 1276 2691 1329 διά
2717 1274 2815 1346 τὴν
2845 1273 3033 1327 πενίαν
3065 1272 3426 1345 ἐστεφανοῦτο
3462 1275 3642 1346 μόνον,

1977 1368 2097 1422 οὐδὲ
2123 1368 2210 1421 διά
2231 1366 2323 1420 τὸν
2337 1365 2515 1435 λιμὸν,
2543 1364 2661 1418 ούδέ
2708 1362 2796 1416 διὰ
2815 1362 2885 1415 τὰ
2913 1361 3068 1433 ἒλκη,
3091 1361 3213 1415 ούδέ
3244 1361 3332 1416 διὰ
3351 1361 3448 1426 τὰς
3471 1361 3648 1433 γλώσ-

1977 1471 2077 1518 σας
2114 1454 2224 1507 τῶν
2277 1453 2455 1507 κυνῶν
2479 1467 2496 1481 ·
2553 1451 2666 1505 ἀλλ’
2692 1451 2774 1504 ὅτι
2835 1448 3075 1503 τοιοῦτον
3112 1448 3328 1517 γείτονα
3361 1446 3521 1519 ἔχων,
3550 1449 3647 1503 zeal

1976 1542 2099 1596 καθ’
2120 1542 2356 1610 ἑκάστην
2376 1539 2652 1613 ὁρώμενος
2681 1537 2774 1590 ὑπ’
2803 1535 2969 1590 αὐτοῦ
2989 1537 3086 1607 τὴν
3104 1535 3337 1606 ἡμέραν,
3363 1535 3459 1588 zeal
3479 1535 3648 1606 61:59-

1977 1628 2252 1700 ορώμενος
2277 1626 2562 1699 διηνεκῶς,
2586 1625 2774 1679 τοῦτον
2805 1624 3003 1694 ἤνεγκε
3034 1623 3299 1694 γενναίως
3328 1622 3420 1677 τὸν
3449 1639 3642 1695 πειρα-

1977 1716 2133 1787 σμὸν,
2167 1717 2261 1769 zeal
2295 1714 2436 1787 μετά
2460 1713 2659 1784 πολλῆς
2686 1713 2784 1783 τῆς
2810 1709 3127 1782 καρτερίας,
3158 1709 3253 1761 zeal
3273 1712 3339 1780 τῇ
3372 1708 3531 1780 πενίᾳ
3552 1710 3648 1763 zeal

1975 1806 2042 1876 τῇ
2064 1804 2364 1875 ἀρρωστίᾳ,
2398 1802 2492 1855 zeal
2514 1804 2581 1871 τῇ
2610 1800 2833 1869 ἐρημίᾳ,
2849 1799 2910 1850 ού
2932 1796 3157 1868 μικρὰν,
3171 1795 3307 1850 ἀλλὰ
3327 1796 3421 1850 zeal
3444 1796 3648 1869 σφόδρα

1975 1890 2344 1960 εὐτονωτάτην
2379 1886 2794 1958 συνεισφέροντα
2819 1883 2917 1954 τὴν
2934 1883 3130 1952 φλόγα.

2045 1986 2111 2041 Τί
2145 1986 2203 2041 δέ
2233 1988 2263 2040 6
2285 1985 2552 2057 μακάριος
2579 1980 2815 2048 Παῦλος,
2839 1978 2961 2034 εἰπέ
2990 1995 3079 2049 μοι
3105 1995 3121 2043 ;
3150 1978 3299 2032 ούδέν
3321 1978 3428 2051 7&9
3450 1977 3648 2033 κωλύει

1977 2073 2144 2129 πάλιν
2197 2070 2600 2143 ἐπιμνησθῆναι
2657 2066 2754 2122 τοῦ
2813 2065 3023 2137 ἀνδρός.
3085 2066 3220 2138 Οὐχὶ
3259 2064 3408 2139 [457]
3447 2067 3648 2138 μυρίας

1979 2136 2219 2227 ἐδέξατο¹
2251 2136 2573 2229 πειρασμῶν
2622 2153 2886 2225 νιφάδας;
2915 2136 2991 2205 ίΤί
3014 2145 3105 2206 οὖν
3137 2136 3645 2225 ἐντεῦθενέϐλάϐης

1977 2249 2091 2302 Ούκ
2154 2243 2404 2300 ἐντεῦθεν
2434 2243 2534 2313 μὲν
2574 2237 2668 2296 οὖν
2698 2240 2794 2294 zeal
2846 2239 3106 2311 μειζόνως
3147 2239 3524 2309 ἐστεφανοῦτο,
3567 2242 3650 2294 ὃτι

1977 2334 2292 2404 ἐλίμωττεν,
2322 2331 2404 2384 ὅτι
2439 2328 2633 2402 κρυμῷ
2662 2328 2756 2382 zeal
2781 2326 3079 2398 γυμνότητι
3126 2329 3455 2398 κατετήκετο
3489 2338 3538 2394 α,
3568 2329 3651 2381 ὅτι

1980 2421 2199 2496 μάστιξι
2232 2419 2490 2482 πολλάκις
2548 2415 2913 2483 κατεξαίνετο,
2942 2416 3024 2469 ὅτι
3069 2413 3235 2479 λίθοις
3264 2414 3535 2481 ἐϐάλλετο,
3569 2416 3651 2470 ὅτι

1978 2506 2418 2570 κατεποντίζετος
2448 2503 2587 2558 Ἀλλ’
2618 2505 2822 2566 ἐκεῖνος
2848 2500 3059 2566 Παῦλος
3092 2497 3183 2572 ἦν,
3208 2501 3363 2571 φησὶ,
3391 2502 3485 2556 zeal
3515 2501 3651 2572 κλη-

1977 2598 2068 2664 τὸς
2094 2595 2188 2651 τοῦ
2210 2592 2467 2667 Χριστεῦ.
2497 2586 2691 2646 Καίτοι
2721 2590 2814 2644 zeal
2845 2589 3044 2653 Ἰούδας
3065 2583 3146 2651 εἷς
3183 2587 3289 2641 τῶν
3318 2586 3526 2641 δώδεκα
3556 2583 3649 2661 ῆν,

1979 2686 2075 2739 zeal
2132 2682 2325 2755 κλητὸς
2360 2680 2453 2734 zeal
2488 2678 2659 2747 ae‘ztbg
2684 2676 2777 2732 τοῦ
2809 2674 3046 2748 Χριστοῦ
3072 2691 3085 2718 9
3122 2675 3235 2729 ἀλλ’
3265 2673 3386 2728 οὗτε
3414 2676 3475 2728 τὸ
3512 2670 3652 2731 εἶναι

1977 2772 2085 2827 τῶν
2108 2770 2332 2835 δώδεκα,
2361 2765 2485 2821 οὔτε
2500 2767 2534 2837 ἡ
2551 2765 2743 2834 κλῆσις
2764 2763 2926 2817 αὑτὸν
2948 2760 3396 2834 ὢνησεν,·ἐπειδὴ
3425 2762 3650 2834 γνώμην

1980 2860 2080 2914 οὐκ
2105 2854 2219 2929 εἶχε
2269 2854 2406 2927 πρὸς
2462 2852 2664 2926 ἀρετὴν
2714 2850 3258 2923 παρεσκευασμένην.
3309 2849 3447 2903 Ἀλλ’
3493 2852 3522 2904 6
3552 2850 3650 2921 μὲν

1983 2945 2194 3009 Παῦλος
2230 2944 2324 2998 zeal
2355 2940 2510 3012 λιμῷ
2540 2938 2805 3004 παλαίων,
2837 2938 2932 2992 καὶ
2964 2937 3065 3009 τῆς
3101 2936 3407 3007 ἀναγκαίας
3428 2936 3650 3009 ἀπορῶν

1979 3033 2205 3105 τροφῆς,
2230 3030 2326 3086 zeal
2346 3028 2583 3083 τοσαῦτα
2611 3026 2733 3081 καθ’
2760 3026 2996 3096 ἑκάστην
3034 3025 3259 3096 πάσχων
3294 3025 3393 3097 τὴν
3421 3026 3650 3097 ἡμέραν,

1985 3119 2124 3193 μετά
2150 3117 2350 3189 πολλῆς
2396 3116 2495 3187 τῆς
2544 3113 2852 3186 προθυμίας
2884 3113 2983 3185 τὴν
3021 3113 3102 3177 είς
3129 3112 3355 3185 οὐρανὸν
3382 3112 3651 3184 φέρουσαν

1986 3208 2205 3281 ἔτρεχεν
2249 3205 2365 3260 ὁδόν
2388 3221 2404 3236 ο
2457 3205 2662 3266 ἐκεῖνος
2698 3201 2754 3255 δὲ
2797 3204 2894 3256 zeal
2934 3200 3041 3272 πρὸ
3070 3198 3261 3254 τούτου
3291 3199 3532 3271 κληθεὶς,
3558 3201 3651 3255 zeal

1980 3294 2091 3349 τῶν
2114 3291 2294 3347 αὐτῶν
2324 3290 2637 3353 ἀπολαύσας
2661 3281 2845 3361 ὧνπερ
2876 3288 2969 3341 zeal
2989 3288 3170 3353 αὐτὸς,
3187 3288 3282 3342 zeal
3304 3287 3530 3359 μυηθεὶς
3553 3288 3652 3360 τὴν

1982 3379 2243 3436 ἀνωτάτω
2273 3376 2612 3448 φιλοσοφίαν,
2644 3375 2739 3429 zeal
2765 3372 3045 3446 τραπέζης
3074 3373 3356 3445 μετασχὼν
3387 3375 3537 3444 ίερᾶς
3558 3376 3651 3430 καὶ

1982 3468 2091 3523 τῶν
2136 3463 2585 3539 φρικωδεστάτων
2627 3460 2849 3514 ἐκείνων
2872 3461 3122 3525 δείπνων,
3154 3460 3249 3514 zeal
3285 3460 3444 3531 χάριν
3472 3460 3650 3515 λαϐὼν

1981 3563 2249 3636 τοσαύτην
2279 3560 2356 3625 ὡς
2390 3559 2486 3615 zeal
2535 3558 2760 3630 νεκροὺς
2782 3556 3038 3629 ἐγείρειν,
3068 3557 3162 3610 zeal
3189 3556 3424 3628 λεπροὺς
3457 3557 3647 3611 καθαί-

1986 3673 2120 3731 ρειν,
2153 3654 2250 3711 zeal
2281 3654 2540 3726 δαίμονας
2562 3651 2827 3717 ἐλαύνειν,
2859 3648 2954 3703 zeal
2981 3650 3106 3712 τοὺς
3123 3649 3249 3719 περὶ⁵
3271 3647 3407 3719 άκτη
3416 3648 3652 3721 μοσύνης

1984 3748 2244 3813 πολλάκις
2266 3746 2502 3808 ἀκούσας
2537 3743 2727 3812 λόγους
2757 3741 2850 3794 zeal
2864 3739 3012 3810 αὐτῷ
3030 3738 3282 3792 τοσοῦτον
3306 3739 3494 3812 χρόνον
3520 3757 3650 3810 συγ.

1982 3840 2272 3913 γενόμενος
2311 3836 2389 3908 τῷ
2421 3835 2662 3908 Χριστῷ,
2719 3832 2814 3886 zeal
2859 3830 2965 3884 τῶν
3014 3831 3257 3902 πενήτων
3293 3830 3360 3884 τά
3396 3832 3650 3903 χρήματα

1984 3930 2314 3997 πιστευθεὶς,
2347 3927 2489 3981 ὥστε
2525 3924 2620 3979 τοῦ
2651 3923 2858 3986 πάθους
2881 3920 3087 3976 ἐκεῖθεν
3126 3920 3269 3992 ἐχειν
3297 3922 3650 3994 παραμυθίαν

1946 4023 2104 4093 ,(καπι
2137 4022 2246 4093 γὰρ
2291 4019 2530 4091 κλέπτης
2572 4014 2686 4088 ἦν),
2743 4014 2865 4069 ούδέ
2911 4013 3083 4078 οὕτως
3135 4013 3352 4079 ἐγένετο
3406 4013 3652 4085 βελτίων,

1984 4115 2162 4171 καίτοι
2210 4110 2479 4181 τοσαύτης
2529 4104 2985 4176 συγκαταϐάσεως
3055 4102 3388 4169 ἀπολαύσας.
3436 4105 3653 4177 Ἐπειδὴ

1984 4206 2091 4280 γὰρ
2120 4206 2237 4278 ⁴ᾔδει
2265 4206 2295 4258 6
2327 4202 2580 4276 Χριστὸς,
2632 4200 2714 4255 ὅτι
2754 4198 3085 4269 φιλάργυρος
3120 4191 3209 4267 ἦν,
3250 4196 3344 4249 zeal
3385 4197 3473 4250 διά
3516 4216 3652 4270 χρη-

1988 4298 2175 4370 μάτων
2201 4296 2377 4369 ἔρωτα
2424 4293 2646 4365 ἔμελλεν
2669 4290 3018 4356 ἀπόλλυσθαι,
3063 4291 3125 4343 οὺ
3174 4290 3333 4360 μόνον
3363 4288 3523 4344 αὐτὸν
3553 4294 3656 4346 ούκ

1985 4386 2231 4458 ἀπῄτησε
2256 4386 2446 4440 τούτου
2470 4383 2622 4447 δίκας
2645 4381 2789 4445 τότε,
2823 4380 2935 4435 ἀλλ’
2965 4378 3102 4432 ὥστε
3127 4378 3292 4432 αὑτοῦ
3325 4380 3652 4435 καταλεᾶναι

1984 4479 2048 4535 τὸ
2076 4478 2268 4544 πάθος,
2307 4476 2402 4532 zeal
2428 4476 2498 4530 τά
2528 4475 2782 4546 χρήματα
2808 4469 2958 4542 αύτῷ
2989 4469 3098 4523 τῶν
3130 4470 3374 4542 πενήτων
3403 4471 3653 4525 ἐπίστευ-

1986 4586 2101 4639 σεν,
2121 4571 2189 4627 ἶν’
2218 4570 2356 4641 ἔχων
2377 4568 2499 4623 ὃθεν
2531 4565 2732 4645 κορέσῃ
2772 4562 2870 4634 τὴν
2904 4560 3354 4633 φιλοχρηματίαν,
3379 4562 3453 4633 μὴ
3482 4580 3647 4618 κατα.

1987 4662 2131 4740 πέσῃ
2154 4664 2236 4725 εἰς
2262 4660 2322 4714 τὸ
2356 4657 2624 4732 φρικῶδες
2658 4655 2928 4728 βάραθρον
2966 4655 3161 4720 ἐκεῖνο,
3206 4653 3446 4709 ἐλάττονι
3498 4655 3651 4728 κακῷ

1985 4755 2048 4810 τὸ
2074 4753 2255 4829 μεῖζον
2284 4748 2749 4824 προαναστέλλων.

2053 4843 2278 4918 ιβῖυύτω
2293 4839 2569 4912 πανταχοῦ
2588 4840 2680 4893 τὸν
2694 4838 2791 4910 μὲν
2807 4836 2997 4892 ἐαυτὸν
3016 4835 3091 4908 μὴ
3110 4834 3427 4907 βουλόμενον
3443 4837 3651 4895 ἀδικεῖν

1987 4940 2164 5003 οὐδεὶς
2199 4936 2386 5009 ἕτερος
2436 4936 2691 5006 ἀδικῆσαι
2718 4933 3031 5003 δυνήσεταιο
3057 4931 3148 4985 τὸν
3177 4930 3236 4985 δὲ
3265 4930 3366 4985 οὐκ
3401 4931 3651 4991 ἐθέλοντα

1988 5033 2198 5102 νήφειν,
2227 5031 2322 5085 zeal
2348 5029 2416 5081 τά
2442 5027 2571 5098 παρ’
2597 5025 2787 5080 ἐαυτοῦ
2821 5024 3192 5096 συνεισφέρειν
3218 5025 3450 5091 οίκοθεν,
3478 5027 3652 5093 οὐδεὶς

1989 5125 2242 5179 οὐδέποτε
2279 5121 2569 5193 ὠφελήσει.
2600 5120 2697 5175 Διά
2729 5118 2886 5173 τοῦτό
2927 5135 3012 5173 σοι
3051 5119 3144 5172 καὶ
3172 5120 3205 5190 ἡ
3238 5118 3515 5190 θαυμασία
3541 5120 3651 5176 τῶν

1991 5213 2221 5287 Γραφῶν
2247 5213 2478 5285 ίστορία,
2507 5210 2756 5284 καθάπερ
2794 5212 2851 5264 ἐν
2882 5210 3050 5266 είκόνι
3079 5210 3188 5265 τιν⁶ι
3220 5210 3398 5284 ὑψηλῇ
3430 5212 3525 5266 zeal
3560 5231 3653 5286 με-

1992 5308 2135 5381 γάλῃ
2164 5308 2259 5360 zeal
2298 5306 2432 5359 πολὺ
2457 5307 2518 5360 τδ
2562 5301 2718 5377 εὖρος
2746 5303 2963 5375 ἐχούσῃ,
3003 5303 3112 5395 τῶν
3156 5303 3403 5359 παλαιῶν
3429 5303 3655 5377 ἀνεγράο

2058 5539 2198 5606 ⁸,Δ1ίὶ
2215 5540 2520 5591 κατετείνετο.
