4030 6206
377 213 484 269 475

368 329 516 384 velut
543 332 596 386 in
621 331 794 406 effigie
822 340 1043 408 quadam
1071 347 1282 404 sublimi
1308 366 1604 427 magnaque
1625 399 1639 423 ,
1665 369 1720 415 et
1747 361 1801 416 in
1829 377 1941 417 ma-

368 432 526 482 gnam
555 421 883 482 latitudinem
912 441 1126 489 extensa
1153 478 1166 502 ,
1208 421 1441 496 veterum
1472 448 1608 503 vitas
1633 450 1940 522 descripsit,

368 512 674 570 narratione
703 517 771 570 ab
795 521 962 575 Adam
995 540 1161 596 usque
1191 529 1256 585 ad
1283 531 1479 589 Christi
1513 539 1794 595 adventum
1824 559 1945 613 pro—

365 600 524 656 ducta
549 620 565 658 :
591 608 926 680 ostenditque
955 615 1045 670 tibi
1075 626 1180 673 tam
1219 623 1580 692 supplantatos
1604 669 1618 694 ,
1666 600 1944 700 quam'co-

364 704 624 762 renatos,
674 709 730 753 ut
775 705 1012 760 omnium
1042 713 1306 781 exemplis
1333 724 1382 770 te
1410 716 1631 787 doceat,
1677 737 1796 778 eum
1849 728 1938 796 qui

360 785 598 852 seipsum
625 803 729 844 non
756 791 933 862 lmdat,
963 812 994 851 a
1019 803 1231 857 nemine
1256 806 1361 860 alio
1390 807 1506 863 laedi
1537 826 1714 880 posse,
1731 817 1937 872 etiamsi

361 881 506 928 totus
527 876 672 932 orbis
691 897 851 950 grave
871 898 1055 944 contra
1081 893 1228 948 illum
1252 899 1481 955 concitet
1505 876 1726 957 bellum.
1755 907 1936 978 Neque

359 965 505 1018 enim
544 967 828 1031 difficultas
850 990 1026 1033 rerum
1051 1021 1066 1046 ,
1113 999 1210 1040 nec
1250 996 1546 1058 temporum
1578 997 1929 1065 mutationes,

358 1068 460 1109 nec
504 1069 778 1125 p0tentum
813 1065 1056 1138 iujurim,
1103 1090 1274 1145 neque
1317 1079 1626 1138 insidiarum
1665 1083 1929 1158 tamquam

357 1145 557 1201 nivium
586 1150 803 1221 imbres,
835 1173 1006 1227 neque
1034 1164 1390 1226 calamitatum
1419 1176 1728 1245 multitudo,
1757 1195 1930 1251 neque

353 1237 590 1292 omnium
609 1279 625 1304 ,
665 1244 854 1312 quibus
881 1248 1122 1308 homines
1147 1271 1458 1326 premuntttr
1481 1307 1496 1330 ,
1534 1267 1794 1324 malorum
1820 1274 1927 1327 col-

351 1327 522 1384 lectus
565 1345 788 1390 acervus
812 1379 827 1404 ,
880 1355 1195 1414 generosum
1221 1390 1236 1414 ,
1281 1353 1513 1409 sobrium
1539 1373 1603 1412 ac
1624 1361 1923 1430 vigilantem

350 1417 434 1471 vel
457 1433 641 1486 parum
671 1423 990 1486 labefactare
1015 1439 1212 1502 poterit
1237 1457 1252 1492 :
1278 1417 1726 1510 quemadmodum
1759 1453 1919 1510 vicis-

351 1508 456 1562 sim
509 1512 793 1584 ignavum,
839 1522 1169 1595 collapsum,
1219 1543 1273 1587 et
1323 1550 1354 1589 a
1396 1539 1572 1608 seipso
1622 1545 1918 1616 proditum,

345 1598 561 1657 etiamsi
600 1605 821 1664 infinita:
854 1617 1158 1674 curationes
1188 1621 1600 1698 admoveantur,
1640 1635 1807 1691 nihilo
1845 1639 1920 1693 fa-

341 1688 492 1743 ciunt
520 1695 816 1754 meliorem.
845 1702 958 1759 lloé
979 1707 1236 1776 siquidem
1265 1715 1424 1772 etiam
1454 1719 1739 1781 insinuavit
1766 1730 1918 1784 nobis

339 1778 432 1833 illa
465 1786 712 1852 parabola
740 1791 809 1848 de
838 1795 1140 1858 hominibus
1169 1805 1300 1874 illis,
1329 1825 1554 1880 quorum
1594 1778 1918 1891 alter

340 1881 548 1938 petram
573 1917 589 1942 ,
626 1894 785 1949 super
807 1900 1022 1944 arenam
1052 1893 1188 1949 alter
1233 1911 1383 1954 suam
1429 1903 1643 1961 domum
1687 1910 1916 1967 aedifica-

344 1962 425 2014 vit
455 1963 671 2034 (Matth.
703 1973 751 2025 7.
782 1974 872 2032 24.
907 1986 1054 2050 sqq.)
1085 2001 1098 2038 :
1127 2001 1232 2042 non
1265 2000 1322 2044 ut
1355 2007 1570 2050 arenam
1612 2009 1666 2054 et

1619 2050 1664 2054 --
1707 2050 1904 2071 τμη-,η

345 2050 730 2129 intelligamus,
780 2081 881 2123 nec
922 2080 1246 2133 structuram
1285 2081 1553 2155 lapidum,
1595 2101 1650 2146 et
1677 2103 1904 2162 tectum,

335 2157 515 2214 neque
539 2158 594 2204 ut
619 2151 832 2211 ﬂumina
855 2199 873 2225 ,
913 2173 967 2217 et
1010 2167 1242 2235 pluviam
1264 2213 1280 2238 ,
1316 2185 1370 2230 et
1403 2191 1578 2235 saevos
1611 2184 1827 2252 spiritus
1854 2189 1904 2244 in

331 2234 555 2292 aedificia
583 2242 883 2317 irruentes;
913 2234 1022 2309 sed
1049 2267 1105 2312 ut
1142 2263 1390 2320 virtutem
1421 2277 1474 2323 et
1499 2271 1682 2328 vitium
1719 2292 1785 2332 ex
1822 2279 1905 2336 his

327 2326 642 2397 colligamus
660 2375 680 2402 ,
708 2346 868 2409 atque
891 2346 1050 2402 etiam
1079 2349 1202 2408 hinc
1227 2359 1605 2428 perspiciamus
1625 2407 1640 2433 ,
1663 2383 1783 2424 cum
1814 2376 1903 2443 qui

1227 2419 1240 2424 _
1350 2419 1368 2428 -
1626 2419 1640 2433 ι
1670 2419 1783 2424 --η-
1818 2419 1901 2443 ‘1"-

324 2429 387 2472 se
426 2419 538 2488 ipse
574 2439 678 2481 non
713 2429 869 2488 lmdat
895 2450 925 2490 a
952 2442 1166 2497 nemine
1211 2445 1350 2501 lardi.
1398 2451 1537 2522 Ergo
1576 2472 1675 2512 nec
1713 2461 1901 2530 pluviae

323 2521 514 2577 magna
541 2529 862 2590 quamquam
893 2527 943 2579 vi
979 2527 1204 2601 delatae,
1250 2552 1423 2609 neque
1459 2521 1674 2602 flumina
1709 2521 1900 2623 magno

1191 2598 1199 2601 ν
1333 2598 1350 2609 _
1709 2598 1895 2623 ---την

322 2598 522 2669 impetu
550 2608 831 2681 irruentia,
861 2633 1032 2689 neque
1051 2627 1176 2679 saevi
1206 2631 1423 2698 spiritus
1452 2637 1747 2698 vehementi
1774 2661 1895 2704 cum

321 2690 519 2750 insultu
548 2699 721 2757 adorti
747 2744 761 2768 ,
812 2718 1016 2776 partem
1045 2715 1203 2772 ullam
1231 2690 1420 2781 domus
1447 2728 1593 2792 illius,
1611 2733 1894 2794 labefacta-

317 2794 472 2852 runt;
521 2791 617 2845 sed
643 2799 838 2853 mansit
862 2811 915 2856 et
955 2803 1403 2884 inexpugnabilis,
1444 2831 1499 2876 et
1542 2825 1758 2884 immota
1790 2850 1804 2886 :
1838 2843 1893 2889 ut

313 2871 510 2941 discas,
543 2883 634 2950 qui
665 2898 725 2940 se
750 2889 864 2956 ipse
889 2908 994 2949 non
1023 2901 1240 2968 prodat,
1275 2921 1394 2962 eum
1427 2913 1569 2968 nulla
1602 2922 1891 2980 tentatione

311 2977 472 3034 posse
497 2970 826 3034 labefactari.
865 2985 935 3040 At
962 2987 1050 3042 illa
1095 2991 1313 3052 alterius
1360 3000 1518 3059 facile
1557 3022 1740 3066 eversa
1769 3024 1886 3083 est,

311 3070 415 3083 ..Λ-ι
446 3059 510 3083 AL
546 3071 652 3083 n-~-
697 3069 730 3083 -'
919 3076 932 3083 ‘

309 3070 416 3110 non
442 3059 514 3116 ob
545 3069 893 3128 tentatiunum
917 3076 1170 3149 impetum
1189 3087 1453 3160 (alioquin
1489 3097 1642 3155 alteri
1669 3059 1879 3177 quoquel

309 3145 447 3177 ἱιίη...
479 3156 702 3177 ---:Js-_
744 3161 790 3177 ,ι
930 3167 944 3177 .
1015 3171 1025 3177 .
1073 3173 1084 3177 -
1157 3175 1165 3177 _

993 3145 1008 3149 _
1193 3145 1204 3156 ,
1343 3145 1358 3160 .
1492 3145 1642 3155 _---..
1669 3145 1877 3177 γυνη.

307 3145 448 3202 idem
476 3156 818 3231 accidisset),
850 3167 945 3222 sed
974 3171 1044 3225 ob
1071 3173 1234 3242 ipsius
1259 3187 1591 3244 vecordiam:
1615 3208 1720 3249 non
1741 3199 1882 3255 enim

303 3241 427 3308 quia
456 3257 646 3304 ventus
665 3252 885 3324 amavit,
909 3259 1030 3318 ideo
1049 3267 1261 3339 cecidit,
1291 3277 1384 3330 sed
1411 3281 1550 3348 quod
1575 3297 1738 3356 super
1763 3305 1881 3346 are-

304 3344 424 3356 ..-...
483 3333 581 3356 ιη
623 3355 629 3356 κ
679 3350 690 3356 -
936 3351 948 3356 -

1247 3333 1259 3339 _
1427 3333 1440 3348 ,
1492 3333 1550 3336 η
1576 3333 1728 3356 --τη
1763 3333 1854 3346 ...ν

303 3344 450 3398 nam,
483 3333 585 3392 hoc
613 3350 716 3408 est,
747 3359 908 3416 super
933 3351 1193 3423 ignaviam
1222 3373 1278 3418 et
1305 3370 1589 3437 nequitiam
1620 3377 1877 3437 aedificata

301 3420 435 3489 fuit,
479 3428 683 3486 ruinam
726 3435 868 3492 fecit.
908 3420 1038 3499 Nam
1081 3451 1228 3518 prius
1256 3457 1416 3512 etiam
1445 3477 1602 3531 quam
1628 3467 1714 3523 illa
1743 3478 1876 3526 tem-

297 3521 480 3578 pestas
521 3518 820 3593 ingrueret,
871 3531 1078 3590 infirma
1117 3553 1234 3597 erat
1268 3555 1323 3600 et
1361 3550 1427 3605 ad
1462 3518 1642 3611 casum
1671 3573 1871 3629 parata.

300 3600 614 3629 ll..:......-__A
642 3611 675 3629 ι.
774 3618 786 3628 .
936 3623 1002 3629 -_-
1046 3627 1052 3629 Α

1365 3600 1427 3605 τ...
1467 3600 1641 3611 -..νε-ιιι
1671 3600 1870 3629 linunt“.

298 3600 676 3670 llujuscemodi
700 3618 842 3673 enim
867 3623 1113 3696 aedificia,
1141 3633 1300 3692 etiam
1329 3642 1544 3700 nemine
1571 3647 1870 3723 infestante,

298 3692 422 3723 δη...
454 3699 711 3723 -..n..__._--
907 3713 998 3723 ---—
1043 3720 1054 3723 -
1107 3720 1123 3723 —

291 3692 423 3749 dum
453 3699 783 3763 subtrahitur
807 3726 869 3766 ac
889 3713 1080 3774 diffluit
1099 3692 1496 3789 fundamentum
1522 3779 1538 3803 ,
1565 3754 1658 3794 sua
1681 3696 1870 3812 sponte

287 3798 570 3847 corruunt.
603 3797 672 3850 At
693 3808 750 3854 ut
785 3817 994 3864 aranete
1017 3811 1191 3881 ultro,
1239 3822 1451 3879 nemine
1481 3827 1609 3896 ipsis
1636 3832 1826 3892 infesto
1849 3879 1865 3903 ,

287 3874 657 3903 δῖοι-ιιι---μμ
793 3891 806 3903 ·

1178 3874 1189 3881 ,
1365 3874 1448 3879 ____
1481 3874 1609 3896 τη,
1636 3874 1826 3892 ..πων
1849 3879 1862 3903 ,

282 3874 699 3951 distrahuntur,
741 3891 955 3952 adamas
1003 3912 1188 3958 contra
1231 3909 1392 3966 etiam
1441 3929 1722 3984 percussus
1759 3941 1862 3982 non

281 3965 552 4039 frangitur
580 3991 594 4029 :
623 3978 701 4035 sic
729 3984 886 4040 etiam
909 3990 997 4057 qui
1017 3997 1288 4065 scmetipsi
1317 4015 1424 4058 non
1447 4004 1864 4076 laedunt,etsiab

278 4059 510 4119 infinitis
530 4065 804 4141 feriantur,
834 4076 1076 4139 fortiores
1105 4087 1338 4146 evadunt
1368 4110 1383 4145 :
1408 4097 1497 4165 qui
1516 4115 1642 4155 vero
1665 4116 1863 4162 semet-

277 4150 430 4218 ipsos
463 4158 711 4228 produnt,
739 4169 838 4223 etsi
860 4185 1018 4228 nemo
1041 4177 1110 4231 sit
1135 4177 1357 4238 infestus
1381 4226 1395 4248 ,
1423 4150 1528 4242 lsua
1550 4205 1739 4260 sponte
1767 4197 1860 4253 de-

273 4242 585 4316 volvuntur,
603 4250 847 4313 difllutmt
864 4275 927 4316 ac
948 4278 1192 4333 pereunt.
1217 4242 1668 4340 Quemadmoditin
1692 4286 1856 4344 Judas

268 4350 522 4406 quoque,
572 4359 676 4398 non
699 4350 856 4405 modo
876 4356 1018 4410 nulla
1045 4359 1327 4421 infestante
1352 4367 1654 4440 hujusmodi
1682 4389 1853 4434 tenta-

270 4426 457 4494 tione,
490 4432 583 4486 sed
610 4451 796 4507 magna
825 4445 984 4499 etiam
1009 4453 1282 4510 curatione
1311 4458 1572 4531 adhibita,
1603 4469 1778 4536 periit.

346 4518 436 4572 15.
463 4519 786 4585 Providentia
809 4532 906 4588 Dei
930 4553 1048 4608 erga
1074 4541 1324 4611 Judwos;
1350 4553 1591 4611 miracula
1604 4518 1760 4616 tedita
1795 4565 1848 4621 in

265 4612 411 4664 exitu
437 4629 502 4666 ea:
523 4615 772 4688 Egi/pta.
792 4654 861 4665 —
878 4626 969 4684 Vis
994 4633 1316 4704 integrarum
1341 4645 1572 4711 gentium
1588 4656 1847 4725 exemplis

1114 4703 1123 4704 κ
1342 4703 1369 4711 ν
1598 4703 1846 4725 """'|"""

264 4703 408 4758 hanc
441 4708 737 4768 orationem
768 4716 1024 4777 illustrem
1048 4726 1071 4779 ?
1096 4726 1302 4794 Quanta
1327 4733 1655 4811 Judteorum,
1671 4749 1846 4815 gentis

409 4812 466 4815 υ
543 4802 590 4815 ..
671 4807 698 4815 ν.
756 4808 844 4815 -.

258 4793 369 4849 fuit
408 4802 778 4866 providentia?
821 4813 1010 4870 Annon
1054 4793 1160 4875 tota
1203 4838 1321 4894 qua:
1364 4829 1572 4888 videtur
1599 4793 1841 4896 ergatam

254 4888 330 4942 ad
361 4905 544 4949 eorum
574 4897 885 4970 obsequium
933 4905 1028 4963 fuit
1065 4888 1405 4983 comparata?
1445 4933 1498 4978 et
1535 4940 1668 4980 nova
1694 4944 1840 4998 qua:-

251 4981 386 5037 dam
415 4985 540 5054 ipsis
573 5003 637 5045 ac
664 4992 796 5048 ntira
845 4998 1051 5056 vivendi
1099 4981 1234 5061 ratio
1275 5009 1616 5071 introducta?
1653 4981 1837 5089 Neque

249 5075 402 5129 enim
431 5079 499 5133 ad
542 5082 712 5139 forum
737 5089 1050 5160 mittebant,
1101 5097 1277 5168 itaque
1306 5118 1410 5158 non
1435 5118 1711 5164 numerata
1737 5075 1833 5182 pe-

247 5165 411 5221 cunia
437 5171 708 5230 venalibus
739 5178 899 5235 rebus
943 5181 1250 5244 fruebantur
1276 5209 1291 5245 :
1323 5209 1424 5250 nec
1459 5197 1637 5254 sulcos
1663 5201 1832 5260 finde-

244 5253 399 5320 bant,
430 5272 602 5330 neque
624 5276 857 5325 aratrum
888 5273 1202 5346 trahebant,
1235 5297 1335 5338 nec
1361 5293 1554 5342 terram
1583 5295 1824 5360 proscin-

243 5343 484 5413 debant,
525 5366 624 5406 nec
651 5360 854 5414 semina
882 5363 1146 5433 jaciebant
1165 5343 1383 5441 ,incque
1409 5343 1601 5444 pluviis
1627 5381 1827 5454 indige-

241 5435 376 5489 bant
416 5447 470 5493 et
503 5445 673 5500 ventis
692 5455 744 5503 et
769 5454 891 5507 anni
925 5460 1251 5527 temporibus
1271 5505 1285 5528 ,
1329 5481 1433 5521 non
1461 5470 1592 5526 solis
1621 5474 1781 5530 radiis
1804 5517 1820 5543 ,

241 5542 351 5582 non
380 5544 537 5588 cursu
568 5537 705 5596 luna:
725 5583 740 5609 ,
783 5561 886 5601 non
923 5553 1063 5606 aeris
1104 5565 1290 5610 natura
1316 5600 1331 5625 ,
1377 5577 1482 5616 non
1509 5565 1611 5620 ulla
1639 5565 1821 5636 hujus-

239 5623 384 5680 tnodi
428 5645 485 5685 rc
514 5634 616 5689 alia
645 5649 658 5698 ;
705 5651 808 5692 non
840 5654 1016 5697 aream
1049 5651 1443 5722 pra‘parahant,
1497 5672 1601 5712 non
1639 5659 1811 5725 fruges

1393 238 1574 305 QUOD
1611 242 1800 301 ΝΕΜΟ
1836 245 2155 310 ΙΑΕΟΙἸἮΒ
2195 257 2320 318 NlSl
2361 264 2400 318 Α
2441 264 2690 328 SEIPSO.

3518 299 3637 354 ιη

2061 371 2401 448 triturabant,
2436 399 2539 439 non
2568 400 2753 445 ventos
2778 393 3150 456 desiderabant
3188 402 3254 457 ad
3298 413 3618 468 secernenda

2050 477 2210 529 grana
2239 481 2267 520 a
2300 471 2464 536 paleis
2482 515 2497 541 ,
2527 492 2630 531 non
2660 482 2852 538 molam
2884 489 3200 554 versabant.
3227 511 3331 550 non
3355 499 3619 559 clibanum

2047 552 2373 613 :edificabant
2397 601 2413 626 ,
2461 579 2564 618 non
2593 567 2730 636 ligna
2757 581 2810 626 et
2834 573 3006 643 ignem
3034 579 3249 638 domum
3284 585 3617 658 inferebant,

2045 658 2148 698 non
2174 651 2398 716 pauitica
2426 657 2649 725 egebant
2684 672 2798 719 arte
2819 708 2832 730 ,
2865 683 2897 720 n
2921 686 2968 723 ιη
3018 671 3246 742 ligonem
3280 681 3610 750 tractabant,

2045 749 2150 791 non
2177 739 2360 796 falcem
2387 749 2664 819 acuebant,
2692 770 2795 810 non
2823 757 2994 828 aliqua
3023 739 3125 818 alia
3148 766 3454 838 indigebant
3478 784 3613 843 arte,

2042 830 2263 882 textoria
2288 869 2302 894 ,
2351 832 2563 904 inquam
2589 881 2604 904 ,
2657 843 3063 906 architectonica
3086 894 3102 920 ,
3158 865 3212 910 et
3247 863 3445 916 sutoria
3470 877 3489 919 z
3516 866 3614 921 sed

2038 919 2213 972 omnia
2244 921 2321 976 eis
2347 935 2462 979 erat
2495 931 2713 986 verbum
2748 935 2861 990 Dei.
2910 939 3438 1007 Mensam'habebant
3462 969 3614 1024 para-

2041 1017 2145 1063 tam
2191 1027 2254 1066 cx
2303 1024 2571 1090 tempore,
2620 1027 2901 1086 sudoribus
2942 1046 2998 1090 et
3048 1036 3315 1097 laboribus
3364 1044 3605 1106 vacuam.

2033 1099 2161 1168 Ejus
2181 1105 2321 1160 enim
2345 1116 2544 1168 natura:
2565 1129 2678 1172 erat
2696 1135 2914 1190 manna;
2941 1141 3091 1193 nova,
3119 1146 3324 1199 recens,
3347 1153 3605 1210 nusquam

3079 1190 3086 1193 _
3313 1190 3324 1199 .
3452 1190 3605 1210 τ--π-

2033 1190 2162 1260 ipsis
2183 1201 2389 1267 negotia
2423 1202 2709 1274 facessens,
2740 1227 2910 1282 neque
2940 1216 3124 1273 labore
3150 1223 3458 1283 conficiens.
3487 1228 3605 1286 Jam

2030 1286 2344 1342 vestimenta
2387 1307 2569 1350 eorum
2613 1308 2663 1354 et
2693 1303 2855 1358 calcei
2897 1317 2950 1361 et
2977 1307 3087 1377 ipsa
3131 1317 3370 1383 corporis
3417 1329 3603 1378 natura

2027 1375 2420 1443 quodammodo
2446 1400 2554 1441 sua:
2583 1390 2880 1462 fragilitatis
2910 1399 3356 1462 obliviscebantur
3405 1427 3420 1463 :

2029 1477 2155 1532 pore
2181 1469 2320 1523 enim
2350 1474 2419 1527 ita
2445 1475 2602 1548 longo
2628 1497 2799 1552 neque
2824 1486 2914 1541 illa
2944 1492 3250 1549 terebantur
3269 1537 3284 1562 ,
3313 1514 3483 1569 neque
3512 1517 3603 1572 pe-

2026 1553 2122 1610 des
2150 1572 2333 1614 eorum
2358 1573 2432 1618 tot
2459 1575 2705 1640 tantaque
2733 1574 2857 1631 licet
2881 1578 3065 1634 itinera
3090 1583 3484 1644 decurrentium
3505 1606 3598 1647 oc-

2023 1645 2337 1704 calluerunt.
2379 1654 2738 1730 Medicorum,
2780 1669 3136 1726 remediorum
3186 1685 3500 1749 ceteraeque
3547 1682 3599 1736 in

2021 1733 2120 1789 hac
2145 1747 2260 1796 arte
2294 1757 2434 1800 curae
2471 1763 2540 1802 ne
2582 1757 2837 1810 memoria
2881 1759 3090 1827 quidem
3120 1766 3260 1833 apud
3298 1781 3394 1823 eos
3431 1782 3546 1826 erat
3579 1791 3594 1828 :

2019 1827 2154 1882 adeo
2183 1829 2336 1902 longe
2366 1835 2550 1893 aberat
2577 1845 2751 1900 omnis
2777 1847 3099 1905 invaletndo.
3137 1853 3329 1910 Eduxit
3357 1860 3487 1913 enim
3514 1878 3596 1917 eor

2017 1919 2069 1972 in
2097 1937 2222 1977 auro
2247 1935 2292 1978 et
2315 1941 2548 1998 argento,
2595 1934 2756 2004 inquit
2779 1953 2795 2001 ;
2838 1950 2885 1993 et
2913 1958 3013 1996 non
3040 1956 3147 1998 erat
3171 1947 3223 2000 in
3253 1950 3473 2005 tribubus
3504 1970 3593 2006 eo-

2016 2027 2129 2064 rum
2175 2015 2407 2082 inﬁrmus
2433 2019 2612 2091 (Psal.
2657 2027 2778 2082 104.
2821 2030 2949 2101 '57).
2983 2033 3178 2090 Verum
3221 2040 3370 2107 quasi
3406 2043 3591 2099 relicto

2016 2101 2116 2157 hoc
2137 2107 2335 2163 mundo
2359 2151 2372 2176 ,
2406 2120 2459 2166 et
2488 2113 2539 2168 in
2565 2115 2727 2171 alium
2757 2121 3028 2178 meliorem
3065 2127 3249 2182 orbem
3293 2131 3590 2188 inhabitan-

2011 2191 2134 2247 dum
2163 2199 2432 2267 translati,
2464 2204 2539 2258 sic
2567 2208 2918 2266 comedebant
2936 2255 2949 2276 ,
2983 2217 3060 2269 sic
3083 2216 3361 2287 bibebant,
3401 2239 3462 2279 ac
3486 2241 3587 2281 nco

2007 2376 2405 2440 disterminabat
2431 2389 2571 2443 enim
2609 2389 2876 2448 flammam
2907 2399 3078 2454 nubes
3103 2402 3335 2473 undique
3371 2406 3582 2476 impen-

2007 2468 2172 2536 dens,
2217 2483 2272 2528 et
2296 2478 2543 2534 omnibus
2574 2481 2678 2538 illis
2706 2483 2917 2542 familiis
2946 2495 3217 2558 gestatorii
3256 2498 3378 2551 tecti
3419 2499 3583 2556 instar

2003 2571 2137 2614 erat.
2167 2563 2350 2634 Neque
2375 2583 2501 2625 vero
2528 2581 2686 2629 noctu
2713 2575 2829 2633 face
2859 2579 3166 2651 indigebant
3190 2593 3308 2655 quae
3333 2589 3582 2648 tenebras

2000 2650 2325 2723 discuteret,
2372 2660 2467 2714 scd
2496 2674 2612 2717 erat
2654 2666 2732 2720 eis
2771 2650 3015 2725 columna
3059 2674 3234 2744 ignis,
3285 2676 3402 2732 fons
3447 2681 3580 2737 lueis

2001 2742 2280 2802 ineffabilis
2307 2749 2359 2803 in
2382 2750 2647 2820 duplicem
2677 2773 2852 2826 usum,
2887 2771 2994 2816 tum
3023 2775 3078 2818 ut
3106 2766 3339 2835 luceret,
3371 2779 3482 2826 tum
3511 2784 3568 2828 ut

2001 2833 2101 2889 iter
2125 2837 2396 2908 dirigeret.
2423 2844 2606 2916 Neque
2637 2850 2775 2904 enim
2805 2852 2975 2908 lucida
3001 2855 3274 2915 dumtaxat
3297 2873 3414 2917 erat
3432 2905 3449 2930 ,
3481 2879 3574 2921 ve-

1995 2939 2109 2979 rum
2131 2928 2288 2983 etiam
2319 2934 2462 2988 omni
2494 2937 2592 2991 vim
2611 2939 2746 2994 duce
2774 2944 2971 2999 certius
3001 2947 3261 3004 infinitum
3289 2953 3434 3008 illum
3463 2971 3562 3026 po-

1994 3017 2173 3085 pulum
2196 3035 2292 3090 per
2316 3024 2653 3084 solitudinem
2681 3032 2826 3088 illam
2845 3034 3092 3093 ducebat.
3123 3041 3274 3097 lbant
3299 3060 3404 3100 non
3428 3017 3566 3104 terra

1989 3108 2198 3175 solum,
2245 3113 2337 3168 sed
2363 3116 2522 3172 etiam
2562 3121 2693 3175 mari
2733 3126 2881 3194 quasi
2914 3137 3073 3184 terra.
3122 3132 3250 3188 Ausi
3278 3146 3399 3190 sunt
3426 3145 3569 3192 trau-

1989 3202 2243 3260 scendere
2271 3205 2403 3263 fines
2429 3221 2652 3280 naturas,
2678 3229 2799 3270 cum
2830 3233 3034 3274 saevum
3063 3223 3190 3278 illud
3213 3226 3432 3298 pelagus
3450 3245 3564 3286 am-

1985 3290 2263 3364 bularent,
2309 3302 2463 3369 quasi
2502 3318 2596 3372 per
2623 3306 2851 3364 solidam
2880 3327 2942 3366 ac
2969 3313 3174 3371 firmam
3214 3329 3416 3387 petram
3462 3323 3564 3380 iter

1985 3382 2254 3453 facerent;
2283 3403 2511 3462 cumque
2558 3395 2660 3452 illis
2703 3399 3026 3458 substratum
3064 3419 3206 3462 esset
3235 3410 3559 3470 elementum

1983 3472 2130 3540 illud,
2159 3477 2385 3536 solidam
2418 3493 2612 3539 terram
2634 3526 2650 3554 ,
2673 3502 2997 3562 camposque
3025 3501 3275 3566 supinos,
3315 3511 3368 3556 et
3403 3518 3560 3574 agros

1977 3564 2283 3624 imitabatur
2310 3590 2325 3625 :
2355 3589 2474 3629 cum
2499 3591 2628 3633 vero
2663 3579 2841 3637 hostes
2869 3588 3194 3655 excepisset,
3243 3595 3404 3648 maris
3439 3610 3555 3648 tnu-

1977 3672 2078 3713 nus
2125 3665 2514 3733 exsequebatur
2552 3685 2568 3724 :
2614 3671 2716 3729 illis
2779 3675 2874 3730 fuit
2920 3678 3258 3747 vehiculum,
3315 3683 3553 3740 hostibus

1974 3749 2210 3817 ipsorum
2238 3757 2578 3825 sepulcrum;
2609 3763 2728 3818 illos
2758 3764 2916 3823 facile
2947 3771 3270 3836 transmisit,
3319 3774 3415 3829 hos
3441 3791 3552 3829 ma-

1969 3853 2072 3907 gna
2119 3857 2240 3897 cunt
2285 3845 2621 3905 vehementia
2665 3854 2968 3911 submersit.
3008 3859 3342 3917 inordinatus
3383 3880 3550 3934 aqua-

1969 3944 2086 3984 rum
2119 3933 2365 4004 impetus,
2394 3939 2629 3997 virorum
2658 3945 2861 4001 ratione
2885 3949 3224 4015 praeditorum
3245 3963 3400 4024 atque
3421 3972 3547 4026 pru-

1966 4019 2399 4082 dentissimorum
2425 4030 2665 4086 ordinem
2691 4043 2744 4088 et
2768 4035 3122 4094 obedientiam
3163 4056 3272 4110 prae
3301 4059 3358 4100 se
3400 4045 3544 4102 fere~

1966 4110 2074 4177 bat,
2101 4116 2343 4184 cumjam
2371 4120 2624 4189 custodis,
2644 4123 2753 4194 jam
2782 4129 3044 4184 carnificis
3061 4132 3228 4187 vicem
3247 4135 3538 4203 obtineret,

1965 4217 2173 4274 unoque
2199 4207 2284 4262 die
2314 4214 2581 4268 contraria
2617 4226 2836 4285 repente
2872 4229 3167 4288 prmstaret.
3216 4225 3352 4292 Quid
3394 4244 3542 4284 com-

1961 4310 2251 4353 memorem
2282 4313 2491 4370 petras,
2524 4321 2641 4373 quze
2677 4306 2868 4365 ﬂuvios
2905 4311 3204 4370 effuderunt
3241 4323 3537 4387 aquarum?

1957 4387 2083 4455 quid
2126 4388 2294 4446 nubes
2337 4393 2651 4464 volucrum,
2718 4415 2835 4470 qua:
2873 4416 3158 4474 corporum
3203 4409 3534 4467 multitudine

1957 4487 2120 4532 totam
2167 4488 2359 4536 terram
2411 4489 2697 4542 texerunt?
2741 4491 2866 4559 quid
2911 4494 3166 4550 miracula
3221 4507 3425 4566 patrata
3476 4501 3528 4554 in

1953 4566 2220 4638 1Egypto?
2244 4573 2366 4641 quid
2389 4576 2623 4648 prodigia
2648 4593 2766 4648 qua:
2782 4583 3116 4654 contigerunt
3136 4586 3187 4640 in
3200 4587 3526 4645 solitudine!

1953 4658 2079 4727 quid
2111 4669 2307 4730 tropaea
2343 4674 2397 4720 et
2423 4665 2725 4724 incruentas
2749 4673 3033 4729 victorias?
3061 4675 3349 4746 Tamquam
3381 4680 3523 4736 enim

1948 4747 2171 4805 choreas
2199 4753 2473 4821 ducerent,
2505 4773 2610 4814 non
2641 4760 2837 4820 bellum
2859 4776 3137 4834 Bercrent,
3165 4768 3234 4821 ita
3265 4769 3520 4828 adversa-

1947 4841 2056 4895 rios
2082 4842 2424 4901 domuerant.
2455 4850 2533 4904 Ac
2556 4850 2800 4908 dominos
2826 4855 3040 4923 quidem
3068 4871 3192 4913 suos
3216 4860 3334 4917 sine
3355 4867 3521 4922 armis

1944 4946 2296 5002 superarunt;
2336 4941 2425 5009 qui
2453 4957 2581 4998 vero
2606 4954 2754 4999 extra
2780 4945 3068 5019 Egyptum
3113 4967 3234 5007 cum
3265 4954 3395 5024 ipsis
3422 4972 3520 5027 pu-

1941 5036 2202 5092 gnarunt,
2245 5043 2340 5084 eos
2376 5031 2514 5086 tubis
2537 5036 2779 5090 canendo
2823 5038 3200 5112 psallendoque
3235 5045 3472 5103 vicerunt
3502 5065 3514 5103 :

1941 5129 2135 5185 resque
2156 5118 2266 5184 illa,
2296 5119 2490 5178 chorea
2518 5125 2695 5194 potius
2719 5137 2836 5184 erat
2862 5145 3020 5200 quam
3044 5132 3261 5203 bellum,
3291 5137 3514 5196 initiatio

1936 5209 2112 5276 potius
2135 5223 2292 5278 quam
2321 5227 2516 5283 pugna.
2540 5213 2726 5272 Omnia
2754 5236 2982 5292 namque
3014 5225 3110 5278 ista
3138 5227 3372 5298 prodigia
3401 5246 3505 5286 non

1933 5298 2003 5351 ob
2032 5297 2083 5352 id
2129 5300 2300 5355 solum
2349 5303 2656 5361 acciderunt
2694 5318 2753 5363 ut
2800 5311 2878 5365 eis
2917 5317 3272 5370 necessarium
3313 5318 3510 5374 ferrent

1931 5389 2223 5446 subsidium
2248 5433 2263 5459 ,
2315 5409 2499 5450 verum
2541 5407 2598 5452 ut
2637 5397 2933 5456 doctrinam
2958 5420 3166 5476 quoque
3192 5408 3510 5477 cognitionis

1929 5480 2046 5547 Dei,
2070 5497 2170 5551 qua
2191 5497 2284 5538 eos
2304 5484 2511 5557 Moyses
2531 5489 2847 5560 instituerat,
2876 5497 3073 5552 certius
3091 5510 3468 5554 eouscrvarent
3491 5520 3502 5566 ;

1927 5573 2156 5643 undique
2205 5591 2366 5632 voces
2406 5579 2734 5650 edebantur,
2778 5600 2895 5654 qua:
2940 5586 3216 5644 Dominum
3245 5589 3501 5658 prmdica-

1928 5677 2040 5722 rent
2099 5666 2219 5724 ηερ
2248 5673 2388 5726 enim
2418 5690 2563 5730 mare
2591 5675 2918 5731 declamabat
2946 5721 2958 5746 ,
3011 5695 3128 5736 cum
3171 5696 3307 5734 nunc
3333 5681 3496 5748 pede.
