4030 6206
432 230 535 284 875

431 344 526 398 stri
571 344 759 402 itinere
800 345 1148 417 trajicerelur,
1178 359 1317 399 nunc
1355 342 1419 397 ad
1462 341 1727 412 ingenium
1767 338 2004 402 rediret;

432 434 567 489 hanc
594 451 776 492 vocem
798 438 1025 494 edebant
1055 438 1207 492 unda:
1229 436 1328 490 Nili
1355 436 1405 488 in
1432 433 1741 502 sanguinem
1767 440 2006 496 mutatas,

429 539 575 580 rana:
599 573 614 599 ,
649 528 965 583 locustarum
998 528 1085 582 ille
1113 527 1374 581 exercitus
1393 565 1406 589 ,
1434 538 1608 578 erucae
1629 564 1643 587 ,
1692 531 1747 577 et
1789 520 2005 591 rubigo,

433 614 548 669 hinc
570 618 712 672 omni
757 618 950 687 popqu
987 618 1376 687 loquebantur:
1420 614 1654 684 prodigia
1697 626 1908 682 quoque
1954 611 2005 664 in

431 707 746 771 solitudine,
782 723 1006 773 manna,
1051 698 1323 769 columna,
1368 706 1567 770 nubes,
1610 710 2002 775 ortygometra,

430 806 622 852 cmlera
653 799 827 851 onmia
851 799 1060 853 fuerunt
1088 798 1167 853 eis
1196 799 1309 852 vice
1334 797 1451 851 libri
1477 805 1531 851 et
1555 796 1824 850 literarum
1843 835 1858 859 ,
1889 809 2007 862 quae

426 901 722 955 numquam
738 886 1006 948 delentur,
1026 904 1147 944 cum
1172 889 1479 943 memoriam
1506 887 1583 942 eis
1608 886 1842 956 quotidie
1858 885 2008 940 refri-

430 991 647 1044 carent,
687 989 743 1035 et
786 982 1023 1050 ipsorum
1053 982 1231 1036 animo
1261 981 1584 1035 insonarent.
1635 980 2004 1034 Verumtamen

428 1082 547 1140 post
578 1083 774 1127 tantam
807 1083 1019 1145 tamque
1064 1073 1407 1143 multiplicem
1456 1071 1843 1142 provisionem,
1889 1083 2007 1141 post

431 1163 712 1218 ineffabilia
740 1164 825 1218 illa
853 1164 1128 1231 beneﬁcia,
1155 1174 1272 1233 post
1294 1170 1434 1218 tanta
1463 1161 1733 1226 miracula,
1759 1169 1878 1231 post
1896 1162 2007 1217 ine-

429 1253 748 1307 tmrrabilcm
779 1270 960 1309 curam
982 1296 996 1318 ,
1028 1265 1147 1324 post
1195 1255 1406 1322 longam
1436 1252 1817 1309 institutionem
1836 1295 1851 1321 ,
1889 1263 2007 1323 post

432 1346 833 1401 instructionem
858 1347 1163 1414 verborum,
1187 1357 1303 1417 post
1326 1347 1749 1401 adhortationem
1773 1348 2003 1415 ipsarum

427 1453 633 1501 rerum,
677 1448 797 1507 post
822 1440 1052 1509 insignes
1077 1438 1355 1503 victorias,
1386 1448 1506 1508 post
1532 1437 1865 1493 admirabilia
1896 1446 2003 1493 tro-

429 1543 559 1593 pum,
627 1540 743 1597 post
766 1528 1025 1584 lautitiam
1051 1544 1357 1584 mensarum
1377 1568 1393 1594 ,
1428 1538 1545 1597 post
1571 1528 1866 1584 ubertatem
1894 1529 2007 1582 illa-

427 1633 545 1670 rum
575 1633 830 1687 aquarum
856 1660 871 1683 ,
918 1628 1037 1688 post
1061 1619 1381 1675 ineffabilem
1406 1618 1649 1689 gloriam,
1681 1635 1840 1688 quam
1865 1619 2004 1688 apud

392 1716 395 1723 λ
429 1705 701 1762 hominum
744 1723 913 1777 genus
952 1710 1256 1763 universum
1294 1708 1504 1763 fuerant
1538 1711 1888 1779 consequuti,
1920 1710 2004 1763 in-

425 1797 558 1862 grati
583 1805 640 1851 et
665 1798 857 1867 stupidi
888 1813 1009 1851 cum
1040 1806 1248 1861 essent,
1290 1798 1506 1852 vitulum
1533 1797 1919 1866 adoraverunt,
1951 1809 2009 1856 et

428 1884 578 1940 bovis
604 1895 763 1955 caput
786 1887 1086 1951 coluerunt,
1114 1886 1347 1956 deosque
1375 1887 1475 1942 sibi
1506 1886 1616 1941 ﬁeri
1644 1888 2004 1957 postularunt,

425 1990 545 2027 t‘llm
574 1976 807 2031 recentia
854 1975 1232 2032 beneﬁciorum
1277 1977 1369 2032 Dei
1398 1978 1448 2031 in
1489 1976 1722 2049 Egyplo
1754 1990 2003 2051 accepto-

426 2081 541 2119 rum
566 2076 908 2121 monumenta
942 2076 1202 2133 tenerent,
1234 2082 1294 2123 ac
1318 2067 1496 2124 multis
1515 2069 1672 2125 etiam
1696 2070 1814 2125 aliis
1833 2071 2005 2128 adhuc

426 2156 750 2213 fruerentur.

499 2252 585 2305 14.
634 2251 790 2305 Aliud
818 2252 1099 2322 exemplum
1122 2251 1464 2307 Ninivitarum
1487 2254 1754 2323 conﬁrmat
1778 2257 2004 2328 aﬁlictio-

425 2360 512 2400 nes
540 2344 729 2398 homini
748 2360 925 2400 nocere
947 2363 1048 2401 non
1074 2362 1237 2417 posse.
1265 2377 1335 2387 -—
1358 2346 1707 2403 Ninivitarum
1750 2363 1879 2404 vero
1911 2364 2007 2420 po-

426 2437 601 2507 pulus,
636 2437 890 2494 barbarus
923 2455 1045 2495 cum
1067 2448 1210 2495 esset
1235 2449 1392 2510 atque
1420 2439 1738 2511 alienigena,
1769 2440 2005 2512 nihilque

428 2528 616 2582 horum
641 2529 1024 2600 participasset,
1058 2546 1163 2585 non
1193 2546 1433 2601 parvum,
1466 2546 1570 2586 non
1596 2546 1865 2602 maguum,
1898 2547 2003 2588 non

423 2621 713 2687 orationes,
747 2636 851 2676 non
882 2622 1157 2689 miracula,
1194 2636 1296 2677 non
1328 2638 1443 2687 res,
1475 2637 1581 2677 non
1610 2622 1766 2677 verba
1793 2638 1807 2688 ;
1841 2623 2004 2679 vidis-

422 2723 609 2784 sctquc
633 2712 899 2768 hominem
922 2729 987 2767 ex
1011 2713 1281 2785 naufragio
1301 2721 1693 2778 conservatum,
1713 2700 2021 2786 nutuquam'

422 2821 604 2861 secum
634 2817 789 2860 antea
816 2815 1082 2860 versatum
1101 2848 1116 2871 ,
1151 2806 1245 2861 sed
1279 2816 1385 2860 tum
1415 2806 1639 2876 primum
1671 2808 1838 2863 visum
1868 2851 1882 2873 ,
1924 2809 2003 2863 in-

421 2912 697 2965 gressum,
737 2911 801 2952 ac
832 2897 1096 2952 dicentem
1139 2915 1152 2952 :
1202 2897 1383 2950 Adhuc
1424 2908 1522 2952 tres
1550 2898 1690 2965 dies,
1736 2910 1784 2952 et
1819 2897 2005 2953 Ninive

421 2988 726 3041 subvertetur
755 2985 911 3059 (Jan.
944 2988 996 3041 5.
1030 2986 1094 3056 4)
1130 3003 1143 3040 :
1172 2986 1307 3043 adeo
1334 2986 1490 3042 nudis
1511 2986 1658 3043 hisce
1685 2988 1859 3045 verbis
1885 3006 2005 3044 mu-

422 3080 516 3133 tati
541 3094 605 3134 ac
629 3079 877 3135 meliores
906 3078 1026 3134 facti
1048 3088 1172 3134 sunt
1194 3118 1210 3144 ,
1258 3089 1314 3135 et
1341 3078 1579 3149 deposita
1605 3080 1768 3151 priori
1800 3082 2003 3137 vitiosi-

316 3185 323 3193 ί
420 3181 529 3226 tate
573 3170 639 3225 ad
682 3171 927 3226 virtutem
957 3185 1051 3242 per
1088 3170 1454 3241 paenitentiam
1484 3171 1904 3235 contenderunt,
1948 3184 2003 3229 ut

421 3264 693 3319 decretum
722 3263 817 3318 Dei
844 3274 1172 3329 revocarent,
1206 3271 1481 3319 nutantem
1513 3265 1699 3319 urbem
1728 3264 1995 3332 sisterent,

422 3355 673 3408 divinitus
703 3354 1091 3424 impendentem
1129 3353 1262 3408 iram
1306 3353 1710 3424 propulsarent,
1753 3355 2002 3426 omnique

419 3445 706 3501 afflictione
736 3445 1108 3501 liberarentur.
1142 3445 1278 3500 Vidit
1300 3448 1443 3501 enim
1481 3445 1633 3511 Deus,
1669 3446 1856 3518 inquit,
1881 3450 2001 3511 quia

422 3555 623 3594 riversus
660 3548 733 3593 est
762 3539 1104 3609 unusquisque
1143 3538 1207 3593 de
1225 3539 1306 3593 via
1330 3555 1423 3592 sua
1452 3537 1588 3591 mala
1608 3580 1623 3605 ,
1664 3549 1711 3592 et
1737 3556 2002 3594 conversus

419 3643 490 3687 cst
518 3633 587 3685 ad
618 3629 888 3686 Dominum
919 3631 1023 3702 (Ib.
1056 3648 1102 3685 υ.
1139 3631 1251 3701 10).
1278 3629 1555 3699 Quomodo
1577 3644 1868 3685 conversus
1896 3640 1996 3696 est,

418 3725 505 3778 die
532 3723 703 3778 mihi?
729 3723 892 3792 Atqui
920 3738 1109 3794 magna
1139 3736 1330 3777 eorum
1349 3730 1469 3777 erat
1488 3722 1717 3787 malitia,
1753 3720 1999 3777 incll'abi-

418 3816 491 3870 lis
519 3815 775 3886 nequitia,
807 3814 981 3870 ulcera
1021 3824 1206 3870 curato
1233 3813 1501 3879 difﬁcilia;
1533 3813 1691 3885 idque
1714 3822 1772 3869 ut
1795 3814 1998 3870 indica-

417 3914 501 3961 ret
526 3906 783 3976 propheta
806 3947 819 3970 ,
847 3905 981 3961 dixit
1007 3923 1019 3959 :
1053 3905 1290 3961 Ascendit
1318 3906 1513 3960 malitia
1539 3921 1712 3960 eorum
1752 3921 1908 3976 usque
1933 3908 2001 3960 ad

416 3997 595 4050 crelum
621 3996 765 4068 (Jan.
794 3999 846 4052 1.
872 3997 930 4067 2)
959 4016 970 4051 :
1003 3998 1250 4053 distantia
1289 3997 1391 4053 loci
1434 3996 1854 4068 magnitudinem
1885 4014 2001 4053 ma-

419 4090 546 4143 litiae
584 4089 819 4158 ipsorum
864 4090 1200 4160 significavit.
1239 4090 1346 4147 Sed
1377 4100 1553 4147 tamen
1584 4098 1785 4147 tantam
1811 4093 1998 4163 nequi-

420 4181 579 4247 tiam,
610 4194 779 4250 usque
803 4179 937 4234 adeo
961 4180 1153 4236 elatam
1182 4191 1232 4236 et
1260 4182 1543 4237 exaltatam
1562 4223 1578 4249 ,
1624 4190 1683 4237 ut
1718 4181 1784 4237 ad
1812 4183 1998 4238 caelum

414 4285 628 4341 quoque
662 4270 1017 4341 pertingeret,
1060 4270 1227 4325 tribus
1272 4270 1496 4337 diebus,
1545 4271 1692 4326 brevi
1741 4273 1997 4342 temporis

419 4373 708 4429 momento,
742 4362 923 4432 paucis
948 4362 1145 4429 verbis,
1178 4377 1296 4432 qua:
1320 4361 1388 4416 ab
1417 4376 1523 4416 uno
1552 4361 1768 4418 homine
1788 4363 2003 4418 audive-

418 4463 573 4518 rant,
607 4455 806 4524 ignoto,
841 4450 1050 4522 hospite
1071 4493 1087 4519 ,
1126 4451 1461 4522 naufragium
1490 4466 1646 4521 passo
1667 4493 1681 4516 ,
1716 4453 1785 4507 ita
1825 4453 2004 4522 profli-

415 4553 675 4617 gaverunt
696 4586 710 4611 ,
743 4546 813 4599 ita
841 4543 1224 4610 aboleverunt,
1270 4542 1341 4596 ita
1371 4556 1404 4598 e
1434 4542 1610 4597 medio
1638 4543 1963 4598 sustulerunt
1983 4587 1998 4609 ,

420 4647 477 4692 ut
507 4637 598 4691 tali
625 4651 755 4693 voce
781 4642 1154 4690 recrearentur
1182 4651 1199 4688 :
1236 4631 1375 4686 Vidit
1406 4632 1539 4688 Deus
1564 4634 1683 4701 quia
1701 4648 1904 4689 aversus
1930 4646 2005 4691 est

416 4729 758 4801 unusquisque
799 4727 861 4781 de
897 4727 977 4781 via
1013 4742 1108 4782 sua
1144 4723 1283 4779 mala
1306 4764 1322 4790 ,
1364 4733 1411 4778 et
1456 4725 1687 4794 paenituit
1715 4740 1828 4778 eum
1853 4741 2005 4795 super

417 4820 611 4872 malitia
630 4861 645 4885 ,
674 4837 824 4888 quant
852 4820 1084 4891 loquutus
1108 4822 1275 4891 fuerat
1304 4815 1442 4872 Deus
1470 4827 1525 4870 ut
1562 4816 1748 4886 faceret
1791 4817 1881 4870 eis.
1914 4816 2004 4872 Vi-

421 4911 588 4963 desne
608 4910 843 4965 sobrium
866 4926 930 4966 ac
951 4911 1252 4982 vigilantem
1283 4924 1388 4963 non
1418 4907 1577 4962 modo
1602 4906 1670 4962 ab
1700 4906 2003 4964 hominibus

421 5017 524 5055 non
550 5000 670 5055 laedi
696 5041 712 5067 ,
757 5017 940 5056 verum
967 5004 1130 5058 ctiam
1169 5003 1299 5057 iram
1326 5001 1579 5057 divinitus
1608 4999 2000 5071 impendentem

415 5094 701 5149 avertere?
732 5094 818 5162 qui
847 5109 972 5149 vero
1007 5094 1352 5164 semetipsum
1384 5091 1573 5165 prodat
1599 5108 1663 5147 ac
1694 5091 1870 5159 laedat,
1902 5094 2002 5148 etsi

418 5185 624 5240 inﬁnita
655 5183 881 5254 accipiat
907 5184 1158 5239 beneﬁcia
1180 5227 1194 5250 ,
1229 5200 1335 5239 non
1363 5185 1587 5239 multum
1614 5184 1747 5239 lucri
1777 5182 1955 5239 facere
1978 5185 2002 5237 ?

417 5277 504 5331 Sic
529 5275 668 5330 enim
692 5289 865 5344 neque
890 5273 994 5329 illis
1023 5272 1334 5344 profuerunt
1360 5264 1503 5330 tanta
1531 5282 1795 5345 portenta,
1830 5290 2004 5344 neque

420 5365 502 5419 his
531 5364 701 5419 obfuit
729 5364 916 5419 iisdem
947 5364 1183 5420 caruisse
1210 5383 1224 5418 :
1256 5379 1436 5419 verum
1466 5380 1588 5420 cum
1612 5374 1799 5419 natura
1830 5363 2004 5419 forent

417 5455 628 5511 candidi
652 5497 667 5524 ,
697 5456 947 5525 exiguum
975 5455 1115 5509 nacti
1142 5463 1466 5509 momentum
1490 5497 1503 5522 ,
1538 5454 1790 5510 meliores
1813 5469 1999 5509 evase-

419 5562 541 5607 runt
570 5592 585 5616 ,
630 5564 949 5623 quamquam
996 5548 1203 5603 barbari
1253 5557 1307 5603 et
1351 5549 1661 5619 alienigenze
1689 5590 1704 5614 ,
1750 5548 2000 5604 inauditis

416 5647 664 5704 nantibus
682 5645 876 5703 divinis
897 5642 1146 5713 oraculis,
1171 5643 1430 5714 longeque
1450 5657 1480 5699 a
1500 5642 1781 5700 Palaestina
1801 5642 1996 5700 dissiti.

1106 229 1159 284 S.
1201 224 1474 283 JOANNIS
1506 218 1971 278 CIIRYSOSTOMI
2016 214 2320 274 ARCIIIEP.
2361 217 2883 277 CONSTANTINOP.
3581 218 3687 276 ηδ

2191 341 2275 396 15.
2304 340 2378 394 De
2405 342 2562 396 tribus
2586 343 2756 411 pueris
2788 340 3011 395 Danielis
3040 340 3201 395 sociis.
3232 369 3300 385 υ·-
3323 336 3459 406 Quid
3486 354 3615 395 vero
3635 340 3689 395 il-

2115 427 2287 484 lorum
2334 432 2490 485 trium
2538 447 2867 501 puerorum,
2918 430 3003 485 dic
3034 429 3195 495 mihi,
3225 429 3684 499 virtutisupervc-

2115 520 2315 574 nicntia
2347 521 2485 575 mala
2529 520 2866 577 affecerunt?
2891 523 3082 576 Annon
3113 520 3289 574 adhuc
3326 519 3549 589 juvenes
3571 560 3588 587 ,
3632 529 3687 574 ct

2113 611 2395 666 admodum
2423 612 2633 682 quidem
2654 614 2899 681 juvenes,
2931 613 2982 666 in
3028 612 3307 666 immatura
3332 617 3488 665 aetate
3529 624 3688 680 grave

2117 702 2249 757 illud
2280 704 2491 758 subiere
2512 705 2827 774 supplicium
2855 712 2910 760 et
2936 704 3318 774 captivitatem,
3354 701 3564 773 longam
3589 716 3687 771 pe-

2113 792 2526 862 regrinationem
2553 794 2871 864 peregrinati
2912 803 3036 848 sunt
3059 808 3088 847 a
3116 793 3283 863 patria
3307 833 3324 858 ,
3351 791 3531 857 domo,
3560 799 3688 847 tem-

2114 883 2221 952 plo,
2252 884 2425 948 altari,
2457 884 2752 948 sacriﬁciis,
2786 884 3137 939 oblationibus
3160 925 3177 950 ,
3207 882 3548 938 libationibus
3573 922 3590 947 ,
3620 883 3688 936 ab

2112 974 2228 1043 ipso
2255 990 2466 1046 quoque
2492 975 2815 1044 psalmorum
2833 985 3013 1039 cantu,
3043 974 3131 1029 ubi
3169 975 3222 1028 in
3253 974 3479 1028 alienam
3510 973 3685 1042 regio-

2113 1082 2232 1123 nem
2259 1077 2516 1123 venerunt
2544 1107 2560 1132 ,
2600 1067 2831 1137 separati
2859 1067 3024 1120 sunt?
3056 1064 3174 1120 Non
3213 1065 3354 1120 enim
3384 1063 3581 1119 domus
3608 1063 3691 1117 eis

2111 1158 2389 1214 dumtaxat
2417 1173 2535 1213 eam
2564 1157 2634 1213 ob
2672 1172 2886 1213 causam
2918 1156 3185 1211 inaccessa
3216 1163 3353 1219 erat,
3380 1153 3474 1208 sed
3520 1153 3690 1207 multa

2111 1264 2320 1320 quoque
2341 1249 2504 1303 divini
2532 1248 2703 1303 cultus
2728 1262 2943 1319 genera.
2977 1250 3169 1301 Annon
3199 1243 3544 1299 barbarorum
3576 1256 3660 1297 me

2112 1344 2266 1399 nibus
2290 1343 2455 1398 dediti
2481 1351 2626 1409 sunt,
2656 1341 2793 1410 lupis
2844 1340 3024 1411 potius
3069 1353 3229 1407 quam
3267 1335 3568 1391 hominibus
3588 1376 3604 1402 ,
3632 1343 3688 1388 ct

2109 1435 2251 1506 quod
2272 1443 2354 1490 est
2381 1433 2776 1504 gravissimum,
2806 1432 2858 1487 in
2882 1441 2988 1486 tam
3013 1432 3170 1500 longe
3194 1426 3437 1484 dissitam
3476 1444 3540 1483 ac
3568 1429 3687 1484 bar-

2110 1529 2293 1584 haram
2321 1527 2535 1582 abducti
2565 1534 2783 1592 terram,
2837 1533 2893 1580 et
2921 1524 3231 1578 servitutem
3257 1522 3619 1593 gravissimam
3645 1523 3686 1586 ‘,

2111 1637 2218 1677 non
2239 1621 2547 1690 magistrum
2578 1618 2884 1682 habebant,
2918 1634 3022 1671 non
3050 1616 3382 1686 prophetam,
3411 1630 3517 1669 non
3545 1616 3691 1685 prin-

2108 1707 2285 1782 cipem
2307 1711 2332 1765 ?
2362 1710 2483 1764 Non
2526 1709 2665 1764 cnim
2709 1717 2782 1763 est
2808 1749 2824 1774 ,
2855 1708 3044 1778 inquit,
3076 1706 3309 1778 princeps
3332 1747 3347 1769 ,
3381 1722 3537 1776 neque
3565 1723 3690 1776 pro-

2110 1804 2282 1875 pheta,
2301 1816 2458 1872 neque
2482 1800 2607 1865 dux,
2637 1815 2796 1870 neque
2821 1798 2961 1852 locus
2986 1796 3310 1864 sacriﬁcandi
3330 1812 3501 1849 coram
3527 1804 3575 1849 te
3592 1837 3607 1860 ,
3640 1806 3688 1848 et

2108 1892 2393 1950 inveniendi
2421 1890 2817 1946 misericordiam
2838 1887 3000 1959 (Dan.
3053 1889 3104 1943 5.
3136 1887 3251 1957 38).
3282 1887 3418 1956 Quin
3448 1887 3607 1941 etiam
3634 1888 3688 1940 in

2110 1987 2329 2043 domum
2357 1983 2584 2055 regiam,
2630 1990 2902 2052 tamquam
2932 1980 2985 2034 in
3014 1979 3292 2050 scopulum
3315 1979 3599 2049 quemdam
3626 1993 3690 2033 ac

2109 2076 2479 2149 praecipitium,
2514 2083 2569 2129 et
2606 2073 2824 2144 pelagus
2868 2072 3012 2127 saxis
3029 2071 3299 2142 petrisque
3324 2072 3424 2127 sub
3447 2086 3581 2141 aqua
3610 2070 3694 2124 la-

2111 2168 2347 2227 tentibus
2376 2167 2654 2234 refertum,
2686 2163 2972 2219 introducti
3001 2172 3147 2230 sunt,
3172 2164 3291 2218 sine
3311 2162 3686 2234 gubernatore,

2108 2263 2226 2318 sine
2245 2267 2478 2331 proreta,
2494 2257 2613 2312 sine
2641 2254 2975 2322 nautis,sine
2995 2253 3145 2321 velis,
3175 2267 3373 2308 saevum
3399 2251 3525 2308 illud
3540 2267 3692 2307 mare

2109 2355 2360 2424 navigare
2379 2349 2586 2416 coacti;
2616 2356 2776 2419 atque
2803 2347 2856 2402 in
2884 2347 3004 2402 aula
3021 2347 3163 2417 regia
3188 2355 3453 2417 tamquam
3480 2346 3532 2400 in
3568 2358 3691 2400 caro

2107 2463 2233 2505 cere
2260 2448 2467 2504 inclusi.
2491 2448 2623 2503 Cum
2643 2448 2786 2503 enim
2810 2444 3175 2518 philosophari
3195 2451 3436 2505 nossent,
3461 2450 3517 2498 et
3531 2442 3691 2498 rebus

2108 2539 2453 2594 saecularibus
2481 2547 2662 2594 essent
2678 2538 3004 2609 superiores,
3027 2549 3241 2591 omnem
3270 2547 3481 2605 quoque
3499 2533 3689 2588 huma-

2108 2647 2235 2688 num
2283 2631 2475 2686 fastum
2511 2630 2940 2697 conculcassent,
2969 2627 3185 2698 alasque
3214 2626 3315 2682 sibi
3343 2626 3488 2681 leves
3507 2624 3689 2681 reddi-

2109 2722 2341 2789 dissent,
2372 2722 2738 2777 accessionem
2792 2720 3054 2775 malorum
3080 2719 3241 2774 etiam
3283 2717 3427 2772 illam
3452 2731 3693 2772 commo-

2108 2814 2370 2869 rationem
2390 2825 2511 2868 esse
2536 2810 2928 2867 existimabant.
2958 2809 3013 2867 Si
3038 2810 3180 2865 enim
3206 2808 3335 2864 foris
3362 2807 3606 2874 fuissent,
3638 2819 3693 2863 et

2108 2906 2160 2961 in
2191 2904 2353 2960 domo
2394 2904 2597 2973 privata
2623 2944 2638 2969 ,
2668 2901 2856 2972 majori
2894 2901 3138 2958 libertate
3193 2899 3403 2955 fruituri
3428 2906 3582 2955 erant
3605 2908 3693 2953 :at

2108 3010 2238 3051 vero
2266 2993 2556 3049 introducti
2598 2992 2652 3047 in
2705 2992 2854 3048 illum
2882 3006 3155 3047 carcerem
3179 2991 3429 3061 (carcere
3460 3004 3695 3060 namque

2106 3103 2321 3143 omnem
2350 3071 2494 3141 illam
2512 3084 2815 3155 splendoris
2841 3092 2897 3139 et
2924 3082 3331 3153 magniﬁcentiae
3358 3079 3614 3151 speciem,
3631 3090 3691 3134 et

2108 3179 2414 3251 prmcipitiis
2443 3178 2784 3248 scapulisque
2812 3176 2981 3231 nihilo
3008 3175 3301 3231 censebant
3345 3188 3468 3230 esse
3495 3173 3693 3229 melio-

2108 3272 2272 3341 rem),
2300 3269 2556 3325 coutinuo
2580 3282 2796 3338 gravem
2821 3266 3186 3322 difﬁcultatem
3217 3265 3540 3320 sustinuere.
3568 3262 3688 3319 Rex

2105 3365 2248 3418 enim
2276 3378 2372 3417 eos
2413 3361 2554 3415 illius
2604 3359 2937 3429 voluptuosa:
2989 3359 3317 3427 impuneque
3364 3365 3419 3410 et
3456 3354 3700 3425 profana:

2107 3467 2307 3508 mensze
2346 3466 2456 3505 sua:
2491 3450 2649 3520 jussit
2681 3462 2802 3504 esse
2850 3447 3027 3503 socios
3051 3488 3064 3511 ,
3096 3446 3148 3502 id
3191 3446 3333 3516 quod
3368 3445 3447 3499 eis
3471 3444 3662 3499 interdi
3683 3477 3701 3485 ς

2106 3553 2249 3598 ctum
2268 3551 2403 3608 crat,
2436 3551 2490 3597 et
2532 3550 2707 3595 morte
2733 3540 2945 3610 gravius
2974 3539 3251 3593 videbatur
3283 3555 3296 3592 :
3330 3551 3391 3591 ac
3418 3536 3516 3591 soli
3541 3536 3703 3590 velut

2106 3635 2225 3705 agni
2251 3635 2305 3687 in
2344 3633 2521 3688 medio
2541 3642 2619 3687 t0t
2646 3632 2890 3701 luporum
2913 3639 3065 3686 erant
3086 3629 3294 3684 inclusi.
3328 3627 3557 3683 Necesse
3573 3641 3704 3683 erat

2106 3734 2197 3779 aut
2242 3724 2380 3778 fame
2422 3723 2713 3785 tabescere,
2749 3722 2858 3776 imo
2886 3736 3013 3777 vero
3062 3720 3129 3774 ad
3173 3728 3396 3775 mortem
3424 3719 3558 3788 rapi,
3596 3729 3706 3773 aut.

2105 3818 2373 3888 prohibita
2417 3816 2592 3872 edulia
2638 3814 2942 3886 degustare.
2972 3812 3108 3880 Quid
3140 3827 3268 3883 ergo
3299 3811 3495 3867 faciunt
3534 3808 3707 3879 juve~

2109 3926 2224 3974 nes,
2254 3909 2505 3980 orphani,
2556 3907 2773 3978 captivi,
2813 3906 3099 3976 peregrini,
3152 3904 3292 3960 servi
3332 3903 3541 3958 illorum
3595 3903 3703 3971 qui

2108 4000 2223 4055 haec
2252 3998 2623 4069 imperabant?
2653 3996 2767 4052 Non
2785 3997 3161 4052 existimarunt
3185 3995 3561 4050 necessitatem
3582 3992 3702 4049 sibi

2106 4089 2173 4144 ad
2203 4090 2604 4144 excusationem
2635 4086 2885 4143 suflicere
2908 4128 2923 4151 ,
2966 4101 3141 4156 neque
3167 4084 3500 4157 tyrannidem
3526 4082 3643 4154 ejus
3681 4127 3701 4150 ,

2106 4180 2195 4250 qui
2243 4180 2430 4235 urbem
2498 4177 2809 4244 obtinebat;
2840 4177 2934 4233 sed
2996 4177 3175 4232 omnia
3248 4174 3710 4231 machinabantur

2110 4272 2592 4341 moliebanturque,
2635 4279 2694 4325 ut
2740 4278 3020 4341 peccatum
3045 4267 3359 4337 effugerent,
3389 4266 3534 4321 omni
3565 4264 3711 4320 licet

2108 4381 2172 4421 ex
2199 4375 2349 4437 parte
2373 4364 2593 4420 deserti.
2621 4362 2804 4433 Neque
2822 4363 2965 4417 enim
2998 4361 3234 4432 pecuniis
3258 4358 3579 4430 persuadere
3598 4373 3713 4428 po-

2109 4466 2321 4524 terant,
2354 4464 2540 4526 utpote
2567 4453 2760 4524 captivi
2786 4469 2801 4518 ;
2828 4467 2933 4508 non
2958 4451 3191 4506 amicitia
3213 4460 3268 4505 et
3294 4448 3708 4514 familiaritate,

2109 4559 2291 4619 utpote
2317 4547 2585 4619 peregrini
2617 4563 2632 4613 ;
2677 4561 2782 4601 non
2810 4544 3044 4616 potentia
3067 4557 3339 4615 superare,
3369 4551 3551 4612 utpote
3570 4554 3713 4596 ser-

2111 4647 2200 4711 vi;
2250 4659 2357 4700 non
2400 4642 2741 4699 multitudine
2786 4641 3021 4705 vincere,
3076 4647 3260 4709 utpote
3309 4646 3418 4691 tres
3462 4642 3713 4689 tantum.

2109 4735 2387 4793 Accedunt
2430 4734 2590 4806 igitur
2631 4733 2697 4787 ad
2717 4731 3022 4788 eunuchum
3052 4772 3067 4795 ,
3106 4730 3198 4800 qui
3223 4742 3341 4783 eam
3368 4732 3717 4798 potestatem

2109 4827 2405 4895 obtinebat,
2431 4826 2591 4897 eique
2615 4824 2793 4880 verbis
2817 4821 3161 4894 persuadent.
3206 4819 3340 4876 Cum
3369 4818 3523 4873 enim
3544 4816 3722 4874 iuve-

2110 4922 2316 4976 nissent
2338 4936 2459 4977 eum
2492 4917 2756 4989 trepidum
2779 4931 2845 4972 ac
2875 4914 3119 4971 timidum
3139 4956 3155 4980 ,
3183 4913 3354 4983 deque
3378 4912 3550 4968 salute
3598 4927 3720 4969 sua

2109 5012 2394 5068 sollicitum
2414 5053 2429 5076 ,
2452 5018 2505 5066 et
2527 5019 2701 5064 melus
2722 5007 2908 5063 mortis
2938 5003 3303 5062 intolerandus
3322 5002 3557 5058 animum
3579 5001 3727 5071 ejus

2109 5113 2418 5161 concuteret
2448 5119 2463 5157 :
2499 5102 2669 5156 Timeo
2703 5101 2846 5156 enim
2872 5115 2984 5171 ego,
3013 5098 3214 5168 inquit,
3238 5096 3498 5149 dominans
3527 5109 3722 5147 meum

2108 5217 2297 5273 regem,
2326 5197 2592 5268 nequando
2617 5196 2780 5250 videat
2800 5194 2964 5248 vultus
2985 5200 3170 5246 vestros
3199 5188 3572 5243 macileutiores
3592 5203 3727 5255 pre

2109 5291 2301 5346 caeteris
2322 5288 2708 5344 adolescentulis
2731 5286 2911 5341 cowvis
2930 5282 3127 5348 vestris,
3155 5290 3200 5336 et
3224 5277 3565 5334 condemnetis
3608 5292 3729 5329 ca-

2112 5391 2201 5452 put
2221 5396 2387 5435 meum
2405 5378 2513 5450 regi
2533 5377 2696 5449 (Dan.
2729 5378 2781 5431 l.
2817 5374 2907 5445 10)
2934 5392 2948 5429 :
2977 5389 3044 5429 eo
3073 5374 3268 5429 timore
3296 5370 3583 5426 liberatum
3610 5368 3721 5423 in—

2111 5472 2335 5537 ducunt,
2382 5479 2443 5524 ut
2469 5469 2621 5525 daret
2651 5468 2780 5538 ipsis
2811 5480 2928 5521 eam
2971 5463 3221 5536 gratiam.
3284 5463 3361 5517 Ac
3413 5469 3729 5531 postquam

2177 5650 2192 5680 ¹
2231 5644 2342 5709 Alii,
2365 5652 2411 5697 et
2434 5652 2746 5711 dimssnnant
2768 5639 3009 5693 servitutis
3031 5638 3202 5704 legem.
