4030 6206
332 333 447 390 4ῗὸ

331 449 441 518 μέν
464 448 825 520 πεζευομένη,
855 449 949 506 νῦν
987 450 1045 506 δὲ
1080 449 1315 508 θάλαττα
1340 453 1600 525 γινομένη
1620 472 1632 485 ο
1666 451 1756 507 καὶ
1784 450 1853 505 τά
1878 451 2004 504 Νει-

331 534 451 606 λῷα
487 536 708 607 νάματα
739 536 946 610 ταύτην
972 539 1120 609 ήφίει
1149 540 1247 612 τὴν
1270 542 1452 613 φωνὴν
1478 540 1615 612 πρὸς
1651 541 1878 611 αἵματος
1907 556 2005 610 με-

328 623 712 696 ταϐαλλόμενα
749 625 940 696 φύσιν·
969 629 1064 683 καὶ
1099 629 1150 683 οἰ
1183 629 1468 702 βάτραχοι,
1495 631 1589 685 καὶ
1622 630 1684 683 τὸ
1710 630 1819 683 τῶν
1845 630 2002 701 ἀκρί-

327 710 440 763 δων
466 712 827 784 στρατόπεδον
875 715 1070 781 ἐκεῖνο,
1103 716 1197 772 καὶ
1243 720 1276 789 ἡ
1326 719 1543 790 κάμπη,
1574 719 1671 773 καί⁵
1711 720 1746 789 ή
1774 717 2002 791 ἐρυσίϐη

327 799 512 854 ταῦτα
552 800 822 868 διελέγετο
858 802 938 874 τῷ
974 803 1130 876 δήμῳ
1158 806 1348 859 παντί·
1385 807 1481 860 καὶ
1516 806 1584 860 τά
1620 806 1714 861 ἐπὶ
1740 807 1841 877 τῆς
1870 807 2001 879 ἐρή-

330 905 439 959 μου
473 890 755 961 τεράστια,
791 892 853 946 τὸ
897 894 1091 964 μάννα,
1132 897 1162 949 ὁ
1191 894 1402 961 στῦλος,
1433 900 1467 969 ἡ
1512 898 1731 970 νεφέλη,
1773 900 1806 969 ή
1838 900 2003 970 όρτυ-

327 979 607 1050 γομήτρα,
635 980 704 1035 τά
732 980 867 1034 ἀλλα
908 981 1085 1037 πάντα
1126 984 1246 1039 ἀντί
1274 985 1476 1056 βιϐλίου
1502 986 1622 1041 τότε
1652 986 1840 1051 αὐτοῖς
1878 986 2002 1056 ἐγέ-

326 1082 455 1121 νετο
487 1067 581 1120 καὶ
610 1069 953 1139 γραμμάτων
998 1071 1250 1126 οὐδέποτε
1293 1074 1741 1146 ἐξαλειφομένων,
1783 1073 2000 1129 ἔναυλον

327 1154 454 1207 καθ’
478 1154 716 1226 ἑκάστην
752 1156 968 1227 ἡμέραν
1003 1161 1356 1232 παρεχόμενα
1405 1162 1588 1226 αὐτοῖς
1613 1163 1713 1234 τὴν
1753 1165 2000 1235 μνήμην,

327 1239 424 1292 καὶ
456 1240 752 1310 ἐνηχοῦντα
793 1243 974 1297 αὐτῶν
1018 1244 1168 1318 [460]
1209 1246 1310 1318 τὴν
1355 1248 1614 1303 διάνοιαν.
1663 1249 1808 1302 Ἀλλ’
1848 1251 1999 1320 ὅμως

327 1329 471 1397 μετά
495 1330 765 1403 τοσαύτην
786 1334 879 1387 καὶ
904 1333 1238 1409 τηλικαύτην
1259 1338 1537 1409 πρόνοιαν,
1565 1341 1703 1411 μετά
1720 1341 1819 1405 τὰς
1844 1341 1998 1412 εὐερ-

325 1416 518 1483 γεσίας
545 1418 646 1483 τάς
677 1420 920 1489 ἀφάτους
945 1422 1181 1490 ὲκείνας,
1219 1427 1357 1496 μετὰ
1383 1426 1445 1480 τδ
1468 1427 1700 1497 μέγεθος
1726 1428 1836 1483 τῶν
1866 1428 1997 1481 θαυ-

325 1505 535 1573 μάτων,
594 1508 736 1578 μετά
769 1508 868 1579 τὴν
904 1510 1231 1582 κηδεμονίαν
1279 1514 1379 1584 τὴν
1424 1514 1683 1587 άρῥητον,
1726 1515 1864 1588 μετά
1896 1516 1996 1590 τὴν

321 1591 676 1650 διδασκαλίαν
707 1597 807 1669 τὴν
839 1598 1088 1671 διηνεκῆ,
1126 1600 1263 1673 μετά
1295 1603 1395 1673 τὴν
1426 1606 1731 1675 κατήχησιν
1762 1604 1862 1678 τὴν
1887 1607 1996 1660 ἀπὸ

322 1679 434 1733 τῶν
468 1683 753 1753 ῥημάτων,
805 1685 944 1757 μετά
975 1686 1075 1758 τὴν
1117 1689 1438 1760 παραίνεσιν
1482 1690 1581 1763 τήν
1613 1692 1721 1746 ἀπὸ
1752 1693 1861 1747 τῶν
1904 1693 1998 1766 έρ-

321 1785 460 1835 γων,
499 1769 636 1850 μετὰ
661 1771 761 1834 τὰς
786 1772 943 1838 νίκας
965 1773 1066 1838 τὰς
1092 1774 1375 1848 λαμπρὰς,
1409 1779 1547 1849 μετά
1570 1780 1639 1832 τά
1661 1780 1896 1850 τρόπαια
1924 1780 1995 1834 τά

322 1854 625 1926 παράδοξα,
660 1858 798 1928 μετά
822 1859 922 1931 τὴν
946 1859 1056 1915 τῶν
1086 1865 1373 1932 τραπεζῶν
1410 1865 1689 1934 ἀφθονίαν,
1718 1868 1858 1938 μετά
1894 1867 1995 1940 τὴν

321 1943 611 2013 δαψίλειαν
628 1947 731 1999 τῶν
749 1950 1006 2019 ναμάτων
1029 1952 1275 2019 ἐκείνων,
1304 1954 1442 2025 μετά
1460 1955 1559 2027 τήν
1585 1955 1792 2025 ἄφατον
1812 1954 1991 2023 δόξαν,

320 2029 392 2099 ῆν
424 2032 842 2104 περιεϐάλλοπο
871 2037 1023 2110 παρὰ
1060 2041 1225 2093 παντὶ
1251 2040 1329 2110 τῷ
1358 2040 1468 2095 τῶν
1495 2042 1798 2115 ἀνθρώπων
1824 2043 1992 2112 γένει,

320 2119 513 2191 ἐπειδὴ
554 2120 869 2193 ἀγνώμονες
899 2120 1038 2194 ἦσαν
1087 2129 1180 2180 καί⁸
1217 2129 1554 2200 ἀναίσθητοι,
1584 2132 1785 2202 μόσχον
1827 2151 1995 2205 προσ·-

318 2206 616 2279 εκύνησαν,
650 2212 744 2264 καὶ
773 2211 897 2281 βοὸς
934 2214 1176 2285 κεφαλὴν
1201 2216 1553 2288 ἐθεράπευον,
1571 2218 1665 2272 καὶ
1683 2219 1839 2285 θεοὺς
1863 2222 1991 2274 ἐπε-

320 2294 522 2365 ζήτουν
556 2298 742 2362 αὐτοῖς
795 2298 1070 2369 γενέσθαι,
1098 2303 1274 2375 νεαρὰ
1299 2304 1368 2359 τά
1391 2305 1757 2377 ὑπομνήματα
1790 2308 1899 2362 τῶν
1932 2310 1991 2363 ἐν

317 2383 585 2455 Αἰγύπτῳ
620 2387 957 2457 εὐεργεσιῶν
990 2389 1205 2460 ἔχοντες
1232 2391 1323 2445 τοῦ
1352 2392 1509 2460 Θεοῦ,
1538 2394 1633 2450 καὶ
1658 2395 1868 2449 πολλῶν
1895 2398 1991 2452 καὶ

316 2471 496 2525 ἄλλων
526 2473 896 2539 ἀπολαύοντες
924 2475 1024 2530 ἐτι.

390 2559 474 2613 ιδ’.
516 2560 576 2614 '0
596 2560 655 2613 δὲ
673 2560 784 2615 τῶν
802 2562 1100 2618 Νινευῖτῶν
1124 2564 1317 2637 δῆμος,
1344 2565 1616 2638 βάρϐαρος
1631 2568 1707 2622 ῶν
1724 2569 1818 2624 καὶ
1834 2571 1982 2625 ἀλλόο

317 2648 511 2716 ςυλος,
544 2648 759 2714 οὐδενὸς
799 2649 1007 2704 τούτων
1038 2652 1409 2724 μετεσχηκὼς,
1441 2655 1515 2708 οὐ-
1541 2657 1760 2729 μικροῦ,
1791 2660 1853 2711 οὐ
1896 2677 1991 2730 με-

314 2735 510 2801 γάλου,
540 2735 602 2788 οὐ
625 2736 823 2805 λόγων,
845 2738 907 2791 οὐ
929 2737 1245 2810 θαυμάτων,
1269 2742 1372 2794 οὐκ
1387 2741 1587 2812 ἔργων,
1616 2745 1675 2798 οὐ
1706 2746 1988 2817 ῥημάτων,

313 2822 508 2894 ἐπειδὴ
538 2823 827 2895 ἄνθρωπον
870 2821 1008 2879 εἶδον
1046 2828 1111 2880 ἐκ
1156 2827 1417 2896 ναυαγίου
1449 2829 1801 2897 διασωθέντα,
1842 2834 1990 2887 οὐδέ-

313 2924 448 2961 ποτε
481 2909 672 2973 αὐτοῖς
688 2911 1098 2982 ’συγγενόμενον
1132 2912 1465 2986 ἔμπροσθεν,
1501 2917 1639 2971 άλλά
1687 2920 1807 2974 τότε
1840 2920 1991 2991 πρῶ-

312 3011 407 3048 τον
425 2995 689 3066 ὀφθέντα,
714 2998 1026 3055 εἰσελθόντα
1047 3002 1141 3056 καὶ
1169 3004 1411 3068 εἰπόντα,
1440 3006 1561 3059 Ἕτι
1582 3008 1735 3075 τρεῖς
1756 3008 1987 3079 ἡμέραι,

312 3085 415 3139 ’.αἰ
443 3085 669 3155 Νινευὴ
696 3090 1259 3159 καταστραφήσεται
1278 3112 1291 3125 ο
1324 3093 1496 3159 οὕτως
1534 3096 1642 3149 ἀπὸ
1673 3097 1781 3151 τῶν
1817 3098 1991 3169 ψιλῶν

311 3173 525 3227 τούτων
546 3174 812 3246 ῥημάτων
837 3177 1197 3247 μετεϐάλοντο
1220 3181 1313 3235 καὶ
1336 3182 1577 3252 βελτίους
1600 3185 1867 3254 ἐγένοντο,
1895 3189 1991 3242 καί

310 3261 413 3331 τὴν
430 3262 709 3333 προτέραν
737 3263 1064 3336 ἀποθέμενοι
1090 3269 1307 3335 κακίαν,
1332 3270 1467 3342 πρὸς
1488 3271 1687 3345 ἀρετήν
1711 3273 1798 3327 διά
1830 3292 1993 3345 μετα-

310 3350 463 3415 νοίας
492 3351 761 3415 ὥδευσαν,
808 3352 885 3417 ὡς
917 3354 1191 3424 ἀπόφασιν
1228 3357 1664 3413 ἀνακαλέσασθαι
1701 3361 1857 3428 Θεοῦ,
1897 3364 1992 3416 καὶ

313 3438 611 3510 σειομένην
642 3440 841 3512 στῆσαι
877 3441 1053 3505 πόλιν,
1083 3445 1176 3497 καὶ
1218 3443 1477 3517 θεήλατον
1507 3447 1676 3520 ὀργήν
1718 3449 1991 3522 ἀποκρού-

313 3524 541 3592 σασθαι,
592 3527 690 3579 καὶ
735 3528 917 3601 πάσης
955 3529 1335 3602 ἀπαλλαγῆναι
1380 3533 1596 3599 κακίας.
1634 3534 1772 3591 Εἷδε
1811 3537 1926 3610 γὰρ
1956 3542 1990 3594 ό

313 3612 487 3679 Θεὸς,
529 3614 719 3684 φησὶν,
748 3615 838 3669 ὅτι
871 3617 1106 3688 ἀπέστη
1142 3618 1396 3686 ἕκαστος
1432 3622 1549 3676 ἀπὸ
1574 3622 1688 3693 τῆς
1719 3624 1864 3681 ὀδοῦ
1884 3628 1991 3681 αὐ-

311 3699 421 3754 τοῦ
447 3698 564 3769 τῆς
587 3701 876 3771 πονηρᾶς,
915 3704 1015 3758 καί
1052 3705 1429 3776 ἐπέστρεψεν
1469 3708 1569 3763 ἐπὶ
1608 3711 1717 3765 τὸν
1748 3714 1989 3782 Κύριον.

315 3786 444 3851 Πῶς
472 3787 712 3860 ἀπέστη,
748 3790 869 3843 εἰπέ
904 3808 1025 3863 μοι;
1053 3794 1246 3847 Καίτοι
1277 3794 1485 3867 μεγάλη
1521 3791 1591 3867 ἦν
1621 3798 1854 3871 αὐτῶνή
1890 3817 1992 3855 κα-

313 3873 431 3940 κία,
461 3875 672 3945 ἀφατος
697 3878 731 3947 ή
760 3878 1018 3961 πονηρία,
1042 3879 1268 3935 δυσίατα
1298 3880 1370 3936 τὰ
1397 3882 1560 3954 ἕλκη·
1589 3886 1862 3941 καὶτοῦτο
1893 3887 1989 3959 δη-

312 3963 426 4017 λῶν
451 3964 485 4017 ό
511 3965 801 4037 προφήτης
817 3966 1029 4035 ἑλεγενα
1060 3969 1258 4039 Ἀνέϐη
1278 3972 1318 4040 ἠ
1340 3972 1519 4027 κακία
1534 3973 1735 4029 αὐτῶν
1751 3974 1864 4042 ἕως
1880 3977 1989 4033 τοῦ

312 4051 614 4121 οὐρανοῦ’
647 4053 726 4123 τῷ
748 4052 1079 4127 διαστήματι
1111 4056 1206 4110 τοῦ
1237 4058 1404 4112 τόπου
1432 4059 1496 4113 τὸ
1527 4061 1756 4131 μέγεθος
1774 4062 1874 4133 τῆς
1896 4080 1995 4118 κα-

314 4140 442 4205 κίας
488 4140 673 4196 αὐτῶν
718 4142 1147 4215 ἐνδεικνύμενος.
1189 4145 1329 4200 Ἀλλ’
1379 4147 1530 4217 ὅμως
1575 4149 1676 4218 τὴν
1722 4151 1991 4222 τοσαύτην

312 4229 608 4301 πονηρίαν,
642 4230 744 4298 τὴν
774 4230 918 4286 οὕτω
965 4233 1376 4303 κορυφωθεῖσαν
1399 4235 1492 4289 καί
1538 4235 1866 4307 ὐψωθεῖσαν,
1914 4238 1993 4301 ὼς

316 4319 414 4372 καὶ
446 4318 557 4382 ἕως
578 4316 676 4372 τοῦ
699 4318 931 4390 οὐρανοῦ
956 4320 1182 4389 φθάσαι,
1211 4321 1415 4394 ταύτην
1437 4323 1496 4376 ἐν
1530 4324 1708 4395 τρισὶν
1728 4325 1986 4396 ήμέραις,

315 4407 378 4461 ιν
406 4405 646 4478 βραχείᾳ
675 4405 870 4477 καιροῦ
913 4409 1078 4479 ῥοπῇ,
1123 4408 1212 4463 διὰ
1256 4410 1515 4481 ῥημάτων
1550 4410 1765 4480 ὀλίγων,
1792 4412 1829 4467 ἃ
1861 4414 1991 4485 παρ’

315 4496 440 4560 ινδς
468 4498 713 4567 ήκουσαν
742 4496 1051 4568 ἀνθρώπου,
1084 4497 1386 4567 ἀγνώστου,
1416 4499 1591 4566 ξένου,
1630 4501 1870 4570 ναυαγοῦ
1893 4518 1989 4571 γε-

318 4585 649 4655 γενημένου,
678 4584 820 4638 οὕτω
840 4584 1163 4650 κατέλυσαν,
1177 4584 1351 4650 οὕτως
1379 4587 1671 4657 ἠφάνισαν,
1695 4587 1869 4654 οὕτως
1900 4591 1992 4644 ἐκ-

322 4671 497 4724 ποδὼν
512 4671 797 4741 ἐποίησαν,
814 4671 890 4736 ὡς
902 4672 1157 4744 τοιαύτης
1171 4674 1476 4729 ἀπολαῦσαι
1499 4675 1703 4746 φωνῆς,
1718 4677 1798 4731 ὅτι
1817 4674 1994 4732 Εἷδεν

322 4758 359 4811 ό
383 4760 547 4824 θεὸς,
595 4758 689 4812 ὅτι
715 4758 951 4829 ἀπέστη
989 4759 1248 4827 ἕκαστος
1286 4761 1407 4816 ἀπὸ
1450 4761 1559 4830 τῆς
1595 4763 1740 4818 ὁδοῦ
1796 4762 1994 4818 αὐτῶν

320 4840 431 4911 τῆς
471 4843 765 4913 πονηρᾶς,
804 4846 903 4900 καὶ
939 4849 1310 4916 μετενόησεν
1350 4848 1467 4902 ἀπὸ
1519 4848 1631 4919 τῆς
1674 4851 1892 4917 κακίας
1916 4845 1995 4921 ἧς

320 4926 491 4985 εἶπεν
523 4933 558 4987 ό
592 4932 739 4998 Θεὸς
765 4933 1017 5002 ποιῆσαι
1047 4934 1271 5001 αὐτοῖς.
1314 4934 1479 5007 Ὁρᾷς
1508 4936 1592 4990 ὅτι
1617 4939 1645 4991 ό
1682 4937 1782 5009 μέν
1806 4938 1994 5010 νήφων

326 5020 416 5073 καὶ
443 5020 765 5093 ὲγρηγορὼς
794 5022 854 5075 οὐ
882 5023 1042 5094 μόνον
1076 5023 1226 5096 παρά
1260 5023 1563 5097 ἀνθρώπων
1608 5026 1761 5079 οὐδὲν
1786 5027 1991 5082 ἀδικεῖ-

324 5124 437 5171 ται,
465 5108 603 5162 ἀλλά
633 5110 727 5162 καί
770 5109 1030 5182 θεήλατον
1058 5106 1227 5183 ὀργήν
1264 5112 1591 5184 ἀνατρέπει;
1627 5114 1655 5166 ὁ
1683 5112 1740 5167 δὲ
1781 5115 1991 5169 οἴκοθεν

324 5196 516 5250 ἑαυτὸν
552 5197 834 5267 προδιδοὺς
872 5199 967 5251 καὶ
1010 5198 1427 5263 καταϐλάπτων,
1453 5199 1556 5253 κάν
1595 5201 1795 5272 μυρίας
1839 5202 1992 5275 εὐερ-

325 5284 515 5351 γεσίας
563 5285 811 5359 ἀπολάϐῃ
840 5299 889 5351 ι,
937 5287 1091 5341 οὐδὲν
1142 5286 1289 5356 μέγα
1333 5288 1633 5355 κερδαίνει;
1673 5290 1830 5343 Οὕτω
1860 5290 1991 5358 γοῦν

325 5370 478 5424 οὐδὲν
499 5372 739 5437 ἐκείνους
761 5374 1012 5445 ὠφέλησε
1041 5375 1110 5429 τά
1138 5372 1375 5427 τοσαῦτα
1404 5378 1627 5447 σημεῖα,
1661 5378 1770 5431 οὐδ’
1796 5381 1993 5445 αὐτοὺς

327 5458 548 5523 τούτους
596 5460 659 5513 τὸ
716 5461 793 5531 μὴ
841 5463 1130 5532 μετασχεῖν
1187 5461 1391 5517 τούτων
1442 5464 1790 5535 παρέϐλαψεν
1809 5484 1824 5499 ·
1877 5466 1993 5522 ἀλλ’

330 5544 515 5618 ἐπειδὴ
540 5546 752 5602 οίκοθεν
794 5543 935 5619 ἦσαν
968 5549 1331 5619 εὐγνώμονες,
1363 5553 1567 5623 μικρᾶς
1612 5554 1993 5626 ἐπιλαϐόμενοι

333 5632 525 5703 ῥοπῆς,
583 5633 824 5705 βελτίους
870 5637 1135 5704 ἐγένοντο,
1183 5639 1358 5695 καίτοι
1388 5640 1656 5712 βάρϐαροι
1685 5642 1859 5709 ἀντες,
1901 5644 1993 5698 καί

397 5796 425 5827 ⁸
448 5797 596 5850 Sm‘il.
629 5805 681 5852 et
694 5815 820 5853 unus
842 5803 928 5852 κᾶν
953 5803 1126 5866 μυρίων
1150 5806 1425 5873 εὐεργεσιῶν
1454 5803 1672 5867 ἀπολαύῃ

1401 334 1592 402 QUOD
1630 332 1820 392 NEMO
1859 331 2193 389 LASDI'IUR
2229 334 2363 391 NISI
2405 336 2446 390 Α
2489 337 2747 396 SEIPSO.

2109 450 2417 520 ἀλλόφυλοι,
2444 454 2538 506 καὶ
2562 453 2777 507 πάντων
2800 454 3021 526 ἀνήκοοι
3045 455 3150 509 τῶν
3179 455 3339 509 θείων
3373 455 3653 528 χρησμῶν,
3682 457 3774 508 καὶ

2110 538 2300 611 πόρῥω
2336 557 2439 594 που
2472 541 2573 610 τῆς
2609 541 2971 611 Παλαιστίνης
2998 543 3392 614 ἀπῳκισμένοι.

2179 633 2260 680 ιε’.
2288 626 2353 679 Τί
2373 627 2430 681 δὲ
2459 628 2567 681 τῶν
2588 628 2790 681 παίδων
2813 630 2922 682 τῶν
2947 630 3135 701 τριῶν,
3166 631 3285 684 είπέ
3309 648 3420 701 μοι,
3454 632 3552 702 τὴν
3576 631 3775 703 ἀρετὴν

2108 714 2175 767 τά
2202 714 2495 768 ἐπελθόντα
2520 716 2666 768 κακὰ
2702 715 3036 787 ἐλυμήνατο;
3074 719 3207 789 Οὐχὶ
3236 717 3314 770 ἔτι
3348 718 3457 771 νέοι
3502 718 3652 782 ὄντες
3680 720 3774 771 καὶ

2109 802 2219 855 νέοι
2246 800 2469 873 κομιδῆ,
2498 802 2557 856 ἐν
2593 802 2780 873 ἡλικίᾳ
2804 802 2965 873 ἀώρῳ
2993 804 3090 875 τὴν
3122 804 3364 877 χαλεπὴν
3393 807 3607 878 ἐκείνην
3641 806 3772 860 ὐπέ-

2110 907 2302 961 μειναν
2324 890 2592 961 τιμωρίαν
2615 891 2709 944 καὶ
2740 891 3133 962 αἰχμαλωσίαν,
3160 894 3253 946 καὶ
3272 894 3370 965 τὴν
3397 894 3615 967 μακράν
3637 896 3772 949 ἀπε*

2103 981 2354 1053 δήμησαν
2387 981 2719 1052 ἀποδημίαν,
2749 982 2843 1036 καί.
2873 983 3129 1054 πατρίδος
3161 986 3255 1039 καὶ
3290 985 3488 1051 οἰκίας,
3515 987 3615 1059 καὶ,
3639 986 3768 1042 ναοῦ

2106 1071 2201 1124 καὶ
2227 1068 2410 1141 βωμοῦ
2440 1070 2535 1124 καὶ
2558 1069 2779 1135 θυσιῶν,
2816 1069 2968 1142 [461]
3007 1073 3101 1124 καὶ
3128 1072 3451 1145 προσφορῶν
3487 1074 3579 1128 καὶ
3609 1093 3770 1128 στι-ον·
3818 1100 3824 1114 ι

2104 1157 2233 1223 δῶν,
2283 1158 2377 1212 καὶ
2413 1158 2577 1212 αὐτοῦ
2613 1158 2670 1212 δέ
2700 1157 2792 1211 τοῦ
2831 1158 3075 1229 ψάλλειν,
3104 1161 3184 1222 είς
3224 1162 3322 1232 τὴν
3365 1161 3650 1233 ἀλλοτρίαν
3684 1163 3769 1215 ἐλ-

2106 1243 2290 1309 θόντες
2314 1246 2438 1315 γῆν,
2474 1245 2878 1316 ἐχωρίσθησαν;
2924 1246 2998 1300 Οὐ
3027 1247 3136 1319 γὰρ
3164 1249 3197 1318 ἡ
3228 1249 3374 1303 οίκία
3402 1250 3584 1313 αὐτοῖς
3610 1251 3770 1320 μόνον

2104 1332 2303 1396 ἀϐατος
2324 1328 2413 1403 ἦν,
2445 1332 2580 1387 ἀλλά
2619 1334 2711 1387 καί
2740 1333 2908 1387 πολλὰ
2926 1335 3026 1404 τῆς
3059 1333 3309 1406 λατρείας
3356 1337 3604 1390 ἐντεῦθεν
3628 1337 3767 1405 εἴδη.

2104 1418 2240 1488 Οὐχί
2275 1417 2639 1491 βαρϐαρικαῖς
2667 1419 2984 1493 ἐξεδόθησαν
3012 1422 3188 1493 χερσὶ,
3224 1424 3318 1476 καὶ
3353 1422 3539 1486 λύκοις
3570 1422 3769 1493 μᾶλλον

2103 1504 2136 1576 ἢ
2172 1506 2498 1578 ἀνθρώποις,
2530 1507 2644 1571 καί,
2675 1509 2737 1560 τὸ
2757 1508 2822 1579 δὴ
2849 1507 3249 1579 χαλεπώτατον,
3282 1510 3361 1573 εἰς
3390 1510 3604 1580 μακρὰν
3626 1508 3769 1564 οὐτω

2102 1592 2364 1665 κειμένην
2394 1594 2487 1647 καὶ
2522 1594 2795 1666 βάρϐαρον
2835 1596 3248 1660 ἀποικισθέντες
3283 1599 3408 1669 γῆν,
3440 1599 3533 1651 καί
3563 1598 3769 1668 αίχμα··

2101 1680 2302 1735 λωσίαν
2351 1683 2741 1754 χαλεπωτάτην
2774 1693 2823 1748 b,
2864 1686 2926 1738 οὐ
2973 1685 3290 1739 διδάσκαλον
3330 1682 3494 1757 εἶχον,
3537 1685 3600 1739 οὐ
3638 1700 3771 1756 προ-

2100 1769 2299 1839 φήτην,
2335 1771 2434 1823 οὐκ
2491 1771 2760 1841 ἄρχοντας
2810 1775 2894 1827 Οὐ
2939 1773 3048 1842 γάρ
3104 1773 3257 1840 ἐστι,
3308 1774 3492 1843 φησὶν,
3545 1772 3768 1841 ἄρχων,

2099 1855 2241 1909 οὐδὲ
2274 1857 2605 1926 προφήτης,
2629 1859 2726 1911 καὶ
2752 1858 3105 1928 ἡγούμενος,
3136 1860 3278 1914 οὐδὲ
3298 1864 3483 1926 τόπος
3504 1860 3608 1914 τοῦ
3638 1877 3770 1927 καρ-

2098 1942 2296 1997 πῶσαι
2327 1942 2582 1997 ἐνώπιόν
2600 1940 2752 2009 σου,
2797 1945 2892 1998 καί
2926 1946 3126 2013 εὑρεῖν
3155 1946 3347 2015 ἔλεος.
3384 1947 3546 2000 Ἀλλά
3567 1950 3663 2000 καὶ
3689 1947 3765 2012 εἰς

2100 2029 2382 2101 βασιλικὴν
2422 2030 2617 2094 οἰκίαν,
2659 2031 2736 2095 ώς
2767 2031 2847 2095 εἰς
2885 2032 3146 2085 σκόπελόν
3190 2050 3309 2086 τινα
3360 2026 3453 2086 καί
3502 2034 3764 2105 κρημνὸν,

2098 2118 2191 2170 καί
2235 2117 2471 2186 πέλαγος
2513 2118 2731 2188 ὐφάλων
2767 2119 2938 2190 γέμον
2976 2119 3071 2173 καὶ
3110 2120 3400 2186 σπιλάδων,
3430 2120 3602 2184 οὕτως
3651 2124 3764 2174 εἰσ-

2097 2203 2363 2274 ήχθησαν,
2394 2205 2563 2276 χωρίς
2593 2205 2952 2277 κυϐερνήτου,
2980 2207 3074 2260 καὶ
3095 2207 3379 2279 πρωρέως,
3414 2209 3506 2261 καί
3534 2210 3764 2271 ναυτῶν,

2097 2290 2190 2343 καὶ
2222 2290 2424 2354 ἰστίων,
2460 2291 2893 2363 ἀναγκαζόμενοι
2918 2292 3015 2364 τὴν
3048 2293 3288 2364 χαλεπὴν
3325 2293 3542 2365 ἐκείνην
3574 2294 3768 2348 θάλατ-

2094 2394 2193 2432 ταν
2228 2377 2380 2431 πλεῖν
2400 2393 2414 2407 '
2446 2379 2541 2433 καὶ
2572 2379 2821 2453 καθάπερ
2849 2382 2905 2433 ἐν
2931 2380 3287 2453 δεσμωτηρίῳ
3313 2383 3430 2445 ταῖς
3465 2381 3768 2453 βασιλικαῖς

2094 2466 2284 2530 αὐλαῖς
2305 2466 2785 2539 ἐναπειλημμένοι.
2829 2468 3050 2539 Ἐπειδὴ
3078 2468 3187 2540 γὰρ
3210 2468 3519 2539 φιλοσοφεῖν
3545 2458 3763 2540 ᾔδεσαν,

2095 2555 2190 2608 καὶ
2229 2555 2336 2608 τῶν
2370 2554 2638 2626 βιωτικῶν
2668 2551 2809 2627 ἦσαν
2856 2554 3119 2628 ἀνώτεροι
3157 2556 3519 2628 πραγμάτων,
3552 2556 3645 2611 καῖ⁹
3676 2557 3767 2609 τὸν

2095 2641 2263 2713 τῦφον
2291 2642 2507 2697 ἅπαντα
2552 2642 2937 2713 κατεπάτησαν
2965 2642 3055 2697 τὸν
3097 2642 3456 2712 ἀνθρώπινον,
3502 2643 3597 2696 καὶ
3636 2644 3766 2698 κοῦ-

2096 2747 2196 2800 φον
2228 2731 2412 2796 αὐτοῖς
2434 2732 2495 2785 τὸ
2517 2732 2712 2802 πτερὸν
2742 2731 3084 2799 εἰργάσαντο,
3108 2730 3427 2803 προσθήκην
3460 2733 3642 2786 κακῶν
3674 2730 3771 2786 καὶ

2093 2817 2192 2889 τὴν
2224 2817 2412 2872 αὐτόθι
2441 2817 2720 2889 διατριϐὴν
2748 2817 2997 2887 ἐνόμιζον
3031 2812 3189 2871 εἶναι.
3226 2817 3370 2883 Ἐξω
3404 2818 3503 2888 μὲν
3543 2818 3652 2889 γάρ
3677 2820 3768 2872 δνοι

2093 2922 2205 2971 τες,
2239 2905 2334 2959 καὶ
2361 2907 2419 2959 ἐν
2454 2906 2693 2976 ἰδιωτικῇ
2734 2905 2900 2975 οἰκίᾳ,
2938 2904 3181 2967 πλείονος
3213 2904 3437 2975 ἔμελλον
3465 2906 3766 2961 ἀπολαύσει

2097 2992 2221 3046 σθαι
2258 2994 2361 3063 τῆς
2392 2992 2667 3059 ἐξουσίας·
2701 2994 2784 3056 εἰς
2821 2992 2878 3045 δὲ
2912 2992 2974 3046 τὺ
3011 2993 3387 3066 δεσμωτήριον
3420 2995 3763 3065 εἰσαχθέντες

2094 3082 2273 3134 ἐκεῖνο
2300 3080 2693 3152 (δεσμωτηρίου
2745 3078 2854 3151 γάρ
2882 3079 2980 3151 τὴν
3027 3081 3327 3145 φαντασίαν
3361 3082 3579 3136 ἃπασαν
3615 3083 3763 3136 ἐκεί-

2094 3185 2212 3239 νην,
2261 3167 2353 3221 καί
2398 3168 2679 3239 κρημνῶν,
2711 3167 2805 3220 καὶ
2853 3166 3131 3220 σκοπέλων
3153 3168 3303 3221 οὐδὲν
3353 3169 3574 3239 ἄμεινον
3623 3166 3765 3223 εἶναι

2095 3254 2390 3326 ἐνόμιζον),
2425 3254 2627 3317 εὐθέως
2644 3253 2931 3307 δυσκολίαν
2956 3254 3255 3326 ὑπέμειναν
3280 3255 3541 3327 χαλεπήν.
3580 3258 3640 3309 ὐ
3665 3257 3762 3326 μὲν

2095 3343 2203 3411 γὰρ
2236 3341 2489 3413 βασιλεὺς
2517 3340 2769 3395 ἐκέλευσε
2810 3342 3100 3407 κοινωνοὺς
3131 3344 3326 3407 αὐτοὺς
3351 3342 3453 3414 τῆς
3484 3343 3763 3417 τραπέζης

2094 3439 2232 3497 εἶναι
2257 3442 2359 3514 τῆς
2382 3441 2598 3506 ἐαυτοῦ,
2630 3441 2729 3512 τῆς
2752 3443 3108 3516 συϐαριτικῆς
3139 3445 3372 3515 ἐκείνης,
3400 3445 3492 3499 καί
3518 3445 3764 3516 ἀκαθάρ-

2092 3546 2188 3582 του
2222 3528 2319 3582 καὶ
2348 3528 2596 3599 βεϐήλου,
2632 3529 2817 3593 αὐτοῖς
2844 3530 2902 3583 δέ
2930 3531 3305 3603 ἀπηγορεύετο
3333 3532 3510 3596 τοῦτο,
3538 3533 3630 3586 καὶ
3670 3532 3763 3586 θα-

2095 3619 2258 3671 νάτου
2306 3616 2686 3689 χαλεπώτερον
2728 3612 2869 3672 εἰναι
2920 3618 3130 3672 ἐδόκει·
3168 3620 3262 3672 καὶ
3309 3620 3459 3689 μόνοι
3514 3620 3762 3689 καθάπερ

2093 3705 2255 3775 ἀρνία
2284 3705 2464 3758 λύκων
2495 3703 2707 3776 μεταξὺ
2731 3704 3001 3760 τοσούτων
3028 3701 3165 3776 ἦσαν
3194 3705 3615 3775 ἀπειλημμένοι.
3652 3708 3762 3761 Καὶ

2093 3792 2309 3862 ἀνάγκη
2334 3787 2424 3863 ἦν,
2453 3793 2487 3863 ἦ
2514 3792 2658 3862 λιμῷ
2681 3792 2966 3863 τήκεσθαι,
2995 3792 3193 3862 μᾶλλον
3216 3791 3272 3845 δὲ
3304 3794 3399 3845 καὶ
3423 3792 3522 3861 τὴν
3547 3794 3638 3846 ἐπὶ
3667 3793 3762 3848 θά-

2094 3897 2251 3935 νατον
2287 3879 2598 3949 ἀγεσθαι,ἢ
2642 3878 2752 3932 τῶν
2802 3878 3196 3948 κεκωλυμένων
3242 3879 3608 3947 ἀπογεύεσθαι
3650 3881 3762 3935 ἐδετ

2095 3970 2336 4040 σμάτων.
2370 3968 2435 4021 Τί
2457 3963 2550 4021 οὖν
2572 3966 2819 4021 ποιοῦσιν
2838 3967 2888 4019 οἰ
2908 3965 3039 4030 νέοι,
3064 3967 3111 4019 οἰ
3134 3966 3192 4019 ἐν
3211 3966 3462 4039 ὀρφανίᾳ,
3483 3970 3532 4021 οί
3559 3970 3761 4038 αἰχμά-

2090 4057 2249 4111 λωτοι
2269 4094 2285 4120 ,
2338 4056 2387 4109 οί
2437 4054 2610 4120 ξένοι,
2671 4054 2722 4106 οἰ
2781 4051 2957 4106 δοῦλοι
3023 4052 3135 4106 τῶν
3178 4052 3352 4107 ταῦτα
3398 4056 3760 4122 κελευόντων;

2093 4146 2208 4199 Οὐκ
2235 4142 2495 4213 ἐνόμισαν
2523 4140 2715 4213 ἀρκεῖν
2739 4141 2922 4204 αὐτοῖς
2949 4140 3029 4204 είς
3059 4140 3353 4211 ἀπολογίαν
3372 4141 3469 4213 τὴν
3491 4144 3756 4215 ἀνάγκην,

2093 4231 2214 4286 οὐδὲ
2247 4230 2347 4302 τὴν
2380 4227 2667 4301 τυραννίδα
2704 4226 2798 4281 τοῦ
2829 4226 2927 4298 τὴν
2957 4228 3113 4282 πόλιν
3148 4228 3361 4300 ἔχοντος
3378 4243 3389 4254 '
3422 4229 3556 4284 ἀλλὰ
3584 4233 3762 4286 πάντα

2097 4317 2467 4391 μηχανῶνται,
2507 4317 2601 4369 καὶ
2640 4313 3146 4386 πραγματεύονται,
3175 4315 3315 4369 ὥστε
3349 4315 3444 4384 τὴν
3494 4320 3765 4395 ᾁμαρτίαν

2095 4408 2309 4475 φυγεῖν,
2340 4404 2517 4458 καίτοι
2546 4402 2882 4473 πανταχόθεν
2908 4402 3307 4474 προδεδομένοι.
3333 4402 3470 4456 Οὔτε
3496 4404 3606 4474 γάρ
3630 4409 3764 4475 χρή-

2098 4510 2229 4564 μασι
2283 4491 2488 4545 πείθειν
2540 4490 2834 4561 ἠδύναντο·
2895 4488 3012 4553 πῶς
3058 4488 3167 4561 γάρ
3206 4492 3254 4543 οἰ
3305 4491 3761 4560 αἰχμάλωτοιςού

2094 4581 2247 4652 φιλίᾳ
2291 4581 2385 4635 καὶ
2425 4579 2713 4651 συνουσίᾳ’
2760 4577 2878 4641 πῶς
2910 4576 3020 4648 γὰρ
3054 4578 3104 4630 οἱ
3153 4574 3323 4641 ξένοις
3368 4577 3429 4629 οὐ
3474 4577 3763 4651 δυναστείᾳ

2094 4676 2480 4751 περιγενέσθαι
2498 4690 2514 4707 ’
2546 4675 2664 4740 πῶς
2690 4674 2799 4747 γάρ
2827 4676 2876 4728 οἱ
2902 4673 3108 4740 δοῦλοι;
3139 4674 3200 4727 οὐ
3231 4672 3427 4745 πλήθει
3453 4676 3724 4748 κρατῆσαι
3744 4696 3757 4710 ο
3825 4730 3831 4735 .

2096 4774 2214 4838 πῶς
2246 4773 2355 4846 γάρ
2392 4773 2441 4826 οἱ
2470 4774 2615 4845 τρεῖς
2648 4771 2835 4843 μόνοι;
2865 4769 3261 4842 Προσελθόντες
3293 4771 3473 4826 τοίνυν
3516 4773 3760 4828 πείθουσι

2093 4870 2186 4925 τὸν
2213 4870 2468 4940 εὐνοῦχον
2490 4870 2698 4922 ἐκεῖνον
2722 4865 2922 4935 λόγοις,
2945 4865 3038 4920 τὸν
3064 4864 3272 4938 ταύτην
3292 4866 3485 4938 ἔχοντα
3504 4868 3602 4941 τὴν
3621 4869 3764 4935 ἐξου-

2097 4966 2238 5021 σίαν.
2284 4964 2502 5034 Ἐπειδὴ
2543 4962 2652 5033 γὰρ
2689 4956 2848 5034 εὗρον
2877 4960 3041 5015 αὐτὸν
3067 4961 3293 5034 περιδεῆ
3342 4965 3435 5019 καὶ
3466 4965 3759 5037 τρέμοντα,

2095 5061 2351 5133 καὶπερὶ
2390 5059 2493 5128 τῆς
2536 5057 2743 5121 οἰκείας
2771 5056 3043 5128 σωτηρίας
3089 5058 3430 5127 ἀγωνιῶντα,
3477 5062 3569 5115 καὶ
3599 5062 3763 5131 φόϐος

2096 5157 2366 5228 ἀφόρητος
2410 5150 2480 5224 ἦν
2502 5155 2531 5208 ό
2573 5152 2701 5224 περὶ
2732 5152 2828 5207 τοῦ
2864 5151 3095 5207 θανάτου
3129 5154 3432 5209 κατασείων
3469 5155 3634 5210 αὐτοῦ
3663 5157 3761 5229 τὴν

2094 5253 2300 5325 ψυχήνο
2328 5250 2624 5321 Φοϐοῦμαι
2647 5249 2757 5321 γάρ
2780 5248 2914 5319 ἐγὼ,
2941 5251 3096 5322 φησὶ,
3126 5250 3235 5304 τόν
3260 5252 3469 5320 κύριόν
3490 5270 3609 5321 μου
3657 5256 3762 5309 τόν

2094 5345 2376 5411 βασιλέα,
2398 5344 2485 5413 μή
2507 5358 2650 5395 ποτε
2680 5342 2777 5410 ἴδῃ
2801 5344 2874 5396 τὰ
2912 5347 3203 5411 πρόσωπα
3242 5344 3414 5412 ὑμῶν
3438 5350 3763 5415 σκυθρωπά

2094 5442 2246 5512 ὑπὲρ
2272 5442 2344 5496 τὰ
2370 5438 2649 5508 παιδάρια
2672 5437 2745 5492 τὰ
2780 5438 3085 5505 συνήλικα
3113 5439 3300 5511 ὑμῶν,
3322 5440 3422 5495 καί
3448 5441 3762 5497 καταδικάο

2097 5552 2247 5606 σητε
2281 5535 2394 5604 τὴν
2440 5533 2718 5605 κεφαλήν
2760 5552 2879 5605 μου
2925 5536 3004 5602 τῷ
3047 5536 3326 5601 ,ϐασιλεῖ’
3356 5538 3764 5605 ἀπαλλάξαντες

2097 5638 2259 5692 αὐτὸν
2284 5636 2476 5691 τούτου
2513 5634 2608 5688 τοῦ
2640 5636 2791 5699 δέους
2819 5636 3065 5689 πείθουσι
3093 5635 3275 5691 δοῦναι
3315 5638 3415 5709 τήν
3449 5641 3627 5713 χάριν.
3656 5642 3769 5697 Καὶ

2164 5799 2193 5840 ι)
2214 5799 2313 5853 Alii
2340 5802 2420 5852 καὶ
2439 5800 2769 5867 αἷχμαλοδοίας
2790 5796 3278 5874 νόιιφ.χα).επω⁴ι;άτφτ

3669 337 3847 395 475,
