4030 6206
208 5888 267 5905 κ

250 350 352 406 ‘77

241 476 407 519 omne
432 457 669 516 ofﬁcium
689 471 842 513 suum
872 452 1143 515 fecissent,
1175 449 1549 520 Deosquoque
1575 444 1829 515 deinceps

243 555 371 611 fecit
388 567 566 609 suum.
595 549 782 620 Neque
823 547 969 603 enim
998 544 1165 603 solius
1210 540 1326 598 Dei'
1350 548 1469 596 erat
1517 538 1830 609 praeclarum

242 643 387 701 illud
421 641 628 699 facinus
671 639 724 694 in
782 637 847 693 iis
871 677 886 702 ,
928 648 1156 707 quorum
1198 630 1370 701 gratia
1421 627 1724 696 mercedem
1753 625 1831 680 illi

244 742 402 791 erant
429 730 723 801 accepturi,
752 730 848 784 sed
872 724 1189 798 principium
1207 730 1263 787 et
1288 719 1506 787 exordia
1528 717 1831 790 proﬁcisce-

246 824 447 880 bantur
478 823 549 878 ab
596 820 811 877 illorum
855 816 1069 881 animo,
1117 826 1278 886 quem
1319 824 1441 866 cum
1468 807 1836 883 prmstitissent

244 929 569 988 generosum
594 927 659 970 ac
686 911 906 977 fortem,
935 908 1030 971 Dei
1057 906 1291 973 favorem
1320 903 1422 963 sibi
1448 899 1795 967 conciliarunl
1817 939 1830 963 ,

245 1018 301 1064 et
327 1006 398 1063 ad
418 1005 581 1062 tinem
610 1001 753 1076 quod
777 1000 1139 1063 moliebantur
1169 994 1552 1068 perduxerunt.

323 1096 414 1154 16.
439 1094 626 1163 Vides,
641 1093 735 1165 qui
764 1092 1001 1163 scipsum
1016 1104 1124 1151 non
1139 1086 1305 1153 laedit,
1322 1085 1373 1142 ei
1389 1083 1653 1151 neminem
1671 1080 1834 1147 alium

252 1201 414 1259 posse
443 1184 677 1242 nocere?
705 1183 847 1238 Ecce
890 1181 1034 1239 enim
1083 1193 1183 1234 nee
1224 1177 1497 1248 juventus,
1534 1186 1707 1243 neque
1751 1184 1839 1225 ca-

252 1278 491 1350 ptivitas,
516 1291 692 1347 neque
722 1273 946 1343 orbitas,
984 1284 1159 1341 neque
1187 1267 1438 1335 obductio
1465 1264 1521 1325 in
1562 1262 1835 1334 regionem

250 1371 505 1437 alienant,
537 1382 641 1425 nec
686 1364 921 1423 solitudo
947 1371 1005 1425 et
1049 1360 1326 1431 destitutio
1376 1372 1560 1429 eorum
1587 1397 1602 1422 ,
1653 1354 1745 1425 qui
1772 1352 1839 1407 ab

256 1463 390 1533 ipsis
440 1467 684 1526 starent,
720 1472 821 1519 nec
868 1453 1183 1512 mandatum
1236 1465 1435 1521 grave,
1477 1462 1576 1503 nec
1618 1458 1841 1517 magnus

254 1554 448 1613 mortis
476 1555 638 1609 timor
659 1593 677 1619 ,
722 1550 812 1621 qui
846 1547 1077 1605 eunuchi
1103 1543 1348 1615 cingebat
1388 1541 1624 1597 animum
1654 1540 1694 1606 ί,
1742 1552 1841 1592 nec

254 1652 565 1716 paupertas,
605 1656 706 1698 nec
732 1639 991 1711 paucitas,
1034 1651 1142 1692 non
1164 1633 1308 1706 quod
1334 1632 1390 1687 in
1441 1630 1619 1686 medio
1648 1626 1840 1684 barba-

254 1751 444 1793 rorum
469 1741 675 1798 essent,
705 1746 810 1786 non
851 1729 995 1801 quod
1043 1726 1226 1783 hostes
1252 1723 1510 1779 haberent
1546 1718 1795 1776 dominos
1823 1757 1836 1780 ,

256 1842 370 1884 non
393 1825 536 1897 quod
561 1825 613 1879 in
645 1823 811 1894 ipsius
834 1821 975 1892 regis
999 1833 1190 1874 manus
1227 1823 1410 1872 essent
1435 1811 1637 1875 traditi,
1669 1824 1841 1878 nequc

258 1927 606 1991 cognatorum
630 1915 873 1972 omnium
905 1911 1193 1982 separatio,
1230 1921 1403 1978 neque
1427 1904 1761 1960 sacerdotum
1790 1910 1846 1957 et

260 2011 673 2082 pmphetarum,
701 2014 757 2063 et
783 2004 1034 2070 aliorum,
1064 2000 1157 2073 qui
1184 2013 1369 2067 curam
1413 1997 1653 2071 ipsorum
1685 2007 1842 2064 gere-

257 2103 432 2170 bant,
459 2099 729 2163 alienatio,
778 2112 879 2154 nec
913 2094 1227 2151 libationum
1249 2100 1304 2148 et
1326 2087 1708 2145 sacriﬁciorum
1729 2099 1844 2141 ces-

255 2196 418 2266 satio,
450 2209 626 2265 neque
650 2191 835 2265 templi
880 2198 935 2247 et
981 2189 1309 2260 psalmorum
1338 2181 1608 2265 ademptio
1630 2220 1645 2246 ,
1674 2194 1846 2263 neque

254 2287 552 2361 quidquam
569 2285 761 2341 horum
787 2283 867 2339 eis
895 2270 1106 2346 nocuit;
1133 2277 1228 2335 sed
1257 2286 1366 2331 tum
1387 2275 1441 2329 in
1467 2271 1654 2342 majori
1679 2270 1847 2342 gloria

255 2381 501 2447 fuerunt,
522 2391 682 2449 quam
706 2389 830 2432 cum
857 2374 923 2429 iis
964 2372 1128 2429 rebus
1173 2370 1227 2424 iu
1266 2367 1437 2439 patria
1465 2379 1563 2421 sua
1605 2363 1848 2418 frueren-

258 2485 367 2530 tur.
399 2473 515 2530 Hoc
569 2471 743 2542 primo
764 2466 1064 2537 certamine
1109 2463 1346 2533 perfecto
1369 2502 1386 2528 ,
1418 2457 1611 2529 insigni
1651 2470 1851 2521 corona

257 2566 499 2637 redimiti
522 2607 540 2634 ,
592 2565 710 2636 lege
739 2563 794 2623 iu
841 2561 1016 2629 aliena
1054 2571 1267 2639 quoque
1310 2554 1531 2625 regione
1585 2555 1797 2607 servata
1830 2588 1847 2616 ,

259 2658 579 2725 conculcata
622 2654 835 2726 tyranni
876 2649 1149 2717 mandato,
1181 2647 1323 2703 victo
1346 2640 1850 2725 daemonistcrrore,

258 2764 445 2820 neque
473 2746 585 2803 ullo
620 2744 727 2801 ulla
776 2759 840 2800 ex
871 2749 1021 2813 parte
1056 2739 1254 2796 damno
1295 2733 1492 2802 all‘ecti,
1519 2730 1671 2803 quasi
1710 2727 1853 2820 domi

258 2819 541 2906 sederent,
569 2846 622 2893 et
647 2834 896 2892 omnibus
922 2833 1029 2889 illis
1056 2830 1385 2894 fruerentur,
1415 2839 1581 2896 opere
1604 2824 1679 2880 ita
1722 2819 1855 2879 libe-

258 2947 326 2989 re
352 2930 618 3005 perfecto,
646 2927 714 2984 ad
739 2927 878 2997 alios
905 2938 1093 2987 rursus
1128 2934 1329 2993 agones
1370 2926 1496 2973 sunt
1524 2910 1856 3005 vocatialtc-

261 3002 387 3079 rum
411 3030 569 3085 erant
588 3018 783 3085 iidem;
807 3024 862 3073 et
884 3023 1157 3073 certamen
1189 3011 1366 3083 priore
1408 3005 1678 3071 difﬁcilius
1726 3002 1857 3075 ipsis

264 3113 691 3186 proponebatur,
721 3109 962 3166 caminus
992 3105 1396 3181 incendebatur,
1422 3099 1729 3158 barbaricus
1756 3096 1853 3152 ad-

266 3220 492 3261 versum
519 3216 614 3259 eos
637 3200 906 3258 exercitus
937 3213 1060 3255 cum
1089 3211 1214 3267 rege
1243 3192 1605 3249 instruebatur
1631 3188 1776 3245 velut
1800 3186 1854 3242 in

266 3297 425 3351 acie:
454 3304 567 3350 tota
618 3291 833 3348 Persica
884 3286 1121 3360 potentia
1156 3284 1495 3348 incitabatur,
1554 3279 1731 3334 omnia
1790 3275 1860 3329 ad

266 3386 519 3443 fraudem
564 3396 630 3438 ac
683 3382 790 3437 vim
834 3379 966 3451 ipsis
1014 3375 1341 3443 atterendam
1371 3371 1859 3441 comparabantur;

264 3479 487 3543 diversa
514 3473 822 3539 cantionum
867 3483 1088 3541 genera,
1125 3465 1289 3521 variae
1331 3462 1710 3534 suppliciorum
1752 3461 1863 3515 for-

269 3589 400 3638 mae,
424 3572 605 3641 minae,
628 3576 878 3640 aspectus
900 3563 1047 3620 omni
1070 3577 1133 3617 ex
1160 3570 1310 3631 parte
1335 3555 1608 3623 terribilis,
1630 3562 1683 3611 et
1704 3554 1862 3611 verba

272 3673 501 3735 aspectu
530 3658 847 3715 terribiliora
882 3673 894 3710 :
929 3654 1025 3711 sed
1062 3661 1240 3708 tamen
1268 3649 1519 3721 quoniam
1546 3646 1866 3716 semetipsos

273 3773 384 3811 non
440 3751 815 3825 prodiderunt,
861 3748 956 3804 sed
1002 3760 1216 3802 omnem
1251 3758 1401 3798 suam
1441 3756 1659 3810 operam
1686 3750 1868 3795 contu-

277 3851 480 3913 lerunt,
505 3844 640 3900 nihil
664 3856 915 3913 umquam
952 3838 1137 3897 damni
1156 3842 1480 3905 acceperunt
1511 3851 1525 3888 :
1555 3834 1681 3904 quin
1706 3832 1867 3891 etiam

273 3940 505 4009 coronis
522 3979 538 4009 ,
567 3951 726 4013 quam
751 3935 957 4011 priores
980 3932 1211 3999 fuerant,
1241 3922 1617 3987 illustrioribus
1638 3921 1868 3977 redimiti

278 4042 432 4088 sunt.
482 4030 661 4084 Vinxit
685 4027 827 4083 enim
854 4039 948 4081 eos
992 4018 1479 4077 Nabuchodonosor
1503 4055 1518 4081 ,
1548 4022 1608 4069 ct‘
1631 4013 1682 4068 in
1709 4012 1867 4068 cami-

283 4139 417 4179 num
461 4121 715 4191 conjecit,
746 4134 853 4174 non
882 4127 1057 4171 tamen
1086 4113 1303 4174 damno,
1331 4108 1460 4180 quin
1492 4107 1666 4176 potius
1710 4104 1871 4160 etiam

278 4212 574 4271 commodo
595 4209 795 4276 affecit,
818 4215 875 4265 et
894 4206 1213 4263 illustriores
1233 4199 1481 4257 reddidit.
1511 4196 1750 4266 Cumque
1774 4209 1874 4251 nec

286 4305 551 4377 templum
580 4305 797 4373 (iterum
817 4300 962 4356 enim
987 4296 1177 4353 eadem
1203 4295 1425 4364 dicam),
1457 4303 1631 4359 neque
1658 4289 1825 4342 altare
1857 4328 1872 4351 ,

290 4415 399 4454 non
431 4397 660 4467 patriam
690 4434 707 4461 ,
741 4408 850 4447 non
880 4388 1188 4446 sacerdotes
1212 4428 1227 4452 ,
1259 4399 1367 4440 non
1399 4380 1687 4453 prophetas
1714 4378 1877 4432 habe-

291 4497 434 4554 rent,
460 4489 515 4543 in
545 4488 723 4543 aliena
749 4493 807 4541 et
833 4483 1061 4539 barbara
1090 4481 1329 4551 regione,
1362 4478 1415 4532 in
1445 4474 1623 4531 medio
1646 4472 1877 4538 camini,

295 4584 567 4651 totiusque
598 4579 744 4634 illius
766 4576 1054 4641 exercitus,
1086 4588 1211 4643 rege
1238 4574 1429 4625 barum
1463 4582 1640 4623 rerum
1661 4572 1881 4620 auctore

297 4667 967 4743 spectante,splendidum
1011 4671 1313 4721 statuerunt
1366 4669 1625 4730 tropteum
1666 4666 1718 4711 et
1749 4653 1881 4710 insi-

296 4782 454 4837 gnem
482 4770 826 4835 reportarunt
853 4758 1150 4821 victoriam,
1191 4750 1490 4811 admirabili
1512 4750 1604 4804 illa
1634 4757 1688 4804 et
1713 4747 1885 4817 inopi-

299 4868 420 4915 nata
448 4856 702 4915 cautione
722 4855 1023 4918 decantata,
1055 4866 1175 4922 qua:
1222 4863 1288 4902 ex
1325 4845 1417 4900 illo
1438 4844 1728 4899 etiamnum
1767 4838 1885 4894 ubi-

298 4966 409 5021 que
435 4961 702 5007 terrarum
723 4955 986 5009 cantatur,
1018 4951 1073 4999 et
1109 4938 1408 4998 cantabitur
1433 4936 1595 4990 etiam
1623 4933 1676 4988 in
1704 4944 1884 5002 posm-

303 5057 360 5095 ra
389 5041 605 5098 sreeula.
638 5039 727 5095 Sic
752 5051 882 5108 ergo
919 5036 966 5091 si
997 5048 1154 5090 nemo
1198 5031 1433 5100 scipsum
1465 5025 1642 5091 lredat,
1691 5024 1759 5079 ab
1786 5023 1891 5078 alio

305 5134 423 5189 Ludi
455 5149 563 5187 non
590 5131 787 5202 poterit
811 5147 824 5183 :
849 5144 954 5184 non
980 5127 1122 5183 enim
1149 5122 1371 5180 cessabo
1392 5120 1494 5175 hoc
1523 5118 1724 5173 dictum
1758 5132 1889 5171 eon-

315 5226 544 5282 tincnter
570 5225 876 5280 decantare.
906 5221 1041 5277 Nam
1065 5220 1109 5276 si
1136 5216 1419 5288 captivitas
1443 5255 1459 5280 ,
1491 5212 1738 5276 servitus,
1761 5210 1892 5265 soli-

318 5314 442 5371 tudo
461 5356 476 5381 ,
502 5316 686 5386 patria:
712 5313 951 5378 amissio,
983 5319 1040 5366 ct
1060 5310 1299 5364 omnium
1328 5312 1696 5375 cognatorum,
1726 5314 1893 5366 mors,

318 5405 639 5469 incendium,
666 5413 845 5459 tantus
872 5402 1162 5465 exercitus,
1194 5406 1454 5469 tyrannus
1483 5403 1589 5449 tam
1612 5390 1846 5449 crudelis
1878 5429 1895 5457 ,

324 5513 428 5555 non
453 5499 739 5554 valuerunt
764 5498 934 5553 tribus
964 5496 1163 5566 pueris,
1188 5490 1491 5564 juvenibus,
1514 5487 1758 5559 captivis,
1787 5501 1899 5542 ser.

321 5590 419 5653 vis,
451 5590 751 5660 peregrinis
779 5631 792 5654 ,
826 5589 878 5643 in
910 5589 1081 5643 aliena
1124 5586 1341 5657 regione
1379 5580 1718 5638 versantibus
1742 5577 1900 5649 quid-

325 5695 477 5751 quam
501 5695 694 5736 noccrc
718 5678 893 5749 quoad
914 5694 1064 5734 suam
1088 5677 1357 5748 virtutem,
1390 5673 1482 5731 scd
1504 5671 1725 5743 majoris
1742 5671 1901 5729 etiam

389 5774 621 5855 imm,
643 5788 965 5842 (auiditatem.

1248 333 1432 402 QUOD
1468 330 1659 389 NEMO
1699 326 2022 384 LIEDITUR
2059 327 2190 387 NlSl
2228 330 2275 387 Λ
2313 329 2565 388 SEIPSO.

3406 326 3514 383 478

1945 443 2191 513 loquendi
2220 444 2476 500 libertatis
2498 445 2711 500 occasio
2751 445 2960 500 fuerunt
2990 446 3091 502 illm
3113 447 3317 503 insidhe
3346 462 3361 498 :
3387 451 3517 516 quid.

1940 535 2176 590 sobrium
2206 533 2401 591 lmdere
2421 536 2653 606 poterit?
2678 535 2793 590 Non
2819 547 2900 592 est
2939 537 3247 609 quidquam,
3292 543 3391 595 etsi
3436 552 3515 596 to—

1941 631 2050 677 tum
2097 623 2282 679 orbem
2325 625 2689 679 adversarium
2743 625 2982 682 haberet.
3051 628 3121 683 At
3182 629 3323 685 Deus
3374 637 3509 696 tum,

1941 712 2127 784 inquit,
2151 715 2230 769 eis
2250 713 2471 781 adstitit,
2494 729 2692 785 eosque
2706 732 2771 770 ex
2795 714 3006 771 ﬂamma
3035 718 3246 787 eripuit.
3274 718 3507 775 Maxime

1940 803 1992 858 id
2020 803 2270 874 quidem:
2330 813 2386 873 tu
2409 820 2620 876 quoque
2644 807 2688 861 si
2716 808 2914 874 omnia,
2938 823 3054 880 qua:
3081 822 3112 863 a
3139 818 3190 863 te
3239 810 3517 881 requirun-

1943 903 2048 965 tur,
2072 894 2404 965 prarstitcris,
2432 895 2668 955 divinum
2696 897 2950 955 auxilium
2992 908 3245 969 sequetur
3272 900 3509 957 omnino.

2015 990 2102 1044 l7.
2131 988 2506 1055 Verumtamen
2531 1004 2632 1065 ego
2660 1004 2856 1061 pueros
2881 1005 2987 1045 non
3013 1006 3078 1047 eo
3095 991 3279 1059 miror,
3300 992 3505 1050 beatos-

1943 1095 2044 1150 quc
2071 1094 2135 1135 ae
2162 1077 2348 1138 felices
2382 1080 2612 1147 aestimo,
2640 1080 2783 1152 quod
2822 1080 3088 1138 ﬂammam
3115 1084 3511 1152 conculcarunt,

1944 1180 1997 1235 et
2024 1170 2129 1225 vim
2161 1169 2298 1241 ignis
2328 1171 2569 1227 vicerunt
2593 1188 2608 1238 ;
2638 1171 2733 1227 sed
2760 1170 2902 1242 quod
2936 1186 3180 1228 verorum
3210 1173 3515 1245 dogmatum

1943 1275 2102 1319 causa
2131 1262 2309 1328 vineti,
2338 1263 2391 1319 in
2418 1264 2684 1333 caminum
2710 1264 2937 1333 conjecti
2962 1274 3016 1320 ct
3043 1264 3146 1336 igni
3174 1267 3347 1323 traditi
3369 1279 3514 1324 sunt.

1947 1352 2043 1408 llic
2067 1353 2209 1411 enim
2234 1353 2315 1410 eis
2346 1363 2514 1412 totum
2536 1365 2796 1425 tropaeum
2821 1355 3120 1411 absolutum
3150 1366 3253 1426 est,
3278 1366 3333 1413 et
3357 1358 3516 1415 simul

1945 1445 2177 1518 atquein
2202 1447 2470 1507 caminum
2499 1446 2729 1517 conjecti
2763 1456 2906 1513 sunt,
2938 1446 3182 1517 imposita
3206 1463 3401 1503 corona
3422 1491 3435 1514 ,
3466 1457 3521 1504 et

1945 1535 2013 1602 ab
2040 1536 2146 1592 illis
2166 1536 2341 1592 verbis
2362 1537 2468 1593 texi
2493 1545 2671 1607 carpta
2700 1537 2859 1593 etiam
2897 1548 3023 1592 ante
3052 1553 3229 1592 rerum
3250 1549 3514 1605 eventum,

1945 1640 2063 1694 quae
2086 1642 2275 1697 magna
2324 1642 2446 1683 cum
2496 1628 2691 1683 ﬁducia
2737 1628 3087 1699 libertalcquc
3138 1629 3388 1700 loquendi
3453 1631 3520 1685 ad

1947 1732 2126 1787 regem
2153 1718 2296 1773 ducti
2328 1719 2382 1773 in
2413 1719 2646 1775 medium
2668 1720 3001 1790 protulerunt
3033 1740 3045 1775 :
3080 1720 3202 1776 Non
3229 1732 3425 1791 oportet
3454 1724 3517 1777 de

1948 1810 2044 1863 hac
2067 1826 2122 1864 re
2141 1810 2445 1878 respondere
2470 1811 2579 1865 tibi.
2607 1811 2783 1866 Potest
2806 1812 2938 1865 enim
2976 1810 3117 1867 Deus
3142 1821 3308 1867 noster
3332 1814 3418 1883 qui
3453 1825 3525 1868 est

1946 1900 2174 1963 incwlis,
2205 1917 2352 1969 quem
2372 1917 2465 1955 nos
2477 1900 2710 1965 colimus,
2739 1902 2932 1969 eripere
2955 1917 3045 1955 nos
3075 1918 3140 1956 ea:
3163 1903 3361 1956 camino
3393 1904 3525 1975 ignis

1916 2056 1919 2059 ν
1949 1989 2213 2056 ardentis;
2234 2000 2281 2044 et
2316 1991 2379 2046 de
2404 1992 2502 2045 tuis
2538 1990 2790 2058 manibus,
2818 2006 2848 2045 ο
2889 2006 3000 2059 rex,
3025 1989 3254 2044 liberabit
3283 2008 3374 2046 nos
3403 2008 3420 2046 .'
3448 1995 3526 2048 sin

1950 2080 2138 2148 minus,
2171 2090 2347 2135 notum
2363 2080 2430 2136 sit
2450 2080 2558 2147 tibi,
2584 2096 2693 2146 rex,
2724 2081 2845 2151 quia
2868 2080 2989 2135 deos
3011 2089 3122 2136 tuos
3143 2096 3243 2135 non
3270 2083 3479 2137 colimus
3508 2124 3522 2149 ,

1950 2180 1995 2226 et
2014 2179 2234 2227 statuam
2261 2187 2491 2240 auream,
2512 2187 2665 2242 quam
2690 2171 2912 2238 erexisti,
2936 2187 3039 2226 non
3063 2171 3334 2226 adoramus
3359 2170 3524 2242 (Dan.

1950 2265 2003 2320 5.
2033 2262 2271 2335 16.48).
2301 2263 2417 2318 1am
2445 2262 2570 2318 inde
2594 2263 2664 2319 ab
2690 2263 2796 2318 illis
2823 2262 2998 2319 verbis
3016 2276 3113 2319 eos
3152 2263 3381 2319 victores
3416 2278 3530 2333 pro-

1952 2354 2137 2421 nuntio
2160 2370 2177 2422 ;
2199 2353 2311 2425 jam
2357 2352 2481 2417 inde
2500 2352 2569 2409 ab
2610 2353 2716 2408 illis
2741 2361 3013 2425 reportato
3039 2352 3273 2408 victorize
3312 2354 3536 2422 prannio

1953 2447 2020 2504 ad
2046 2447 2307 2521 insignem
2332 2446 2571 2517 martyrii
2594 2460 2870 2512 coronam,
2898 2445 3219 2501 confessioni
3251 2445 3532 2500 verborum

1956 2538 2136 2595 addita
2162 2537 2501 2594 confessione
2536 2553 2735 2603 rerum,
2757 2543 3126 2592 cucurrerunt.
3166 2532 3260 2591 Sin
3292 2534 3429 2606 ignis
3450 2550 3533 2590 re-

1954 2632 2156 2687 veritus
2180 2639 2265 2686 est
2290 2629 2529 2685 immissa
2555 2644 2741 2686 eorum
2757 2643 2983 2699 corpora
3011 2636 3064 2682 et
3091 2626 3298 2682 vincula
3336 2627 3493 2683 solvit
3514 2669 3532 2696 ,

1956 2738 2200 2782 securum
2222 2722 2541 2779 descensum
2569 2722 2796 2793 prrebuit
2811 2762 2827 2786 ,
2850 2738 2963 2787 sure
2988 2721 3196 2777 virtutis
3218 2720 3413 2778 oblitus
3440 2761 3455 2787 ,
3479 2730 3535 2777 et

1956 2815 2199 2877 caminus
2219 2814 2356 2886 ignis
2382 2814 2552 2869 factus
2572 2821 2658 2871 est
2676 2813 2797 2870 fons
2833 2812 3140 2884 frigidarum
3168 2828 3458 2884 aquarum:
3482 2814 3537 2870 id

1954 2909 2063 2980 jam
2107 2907 2302 2973 divina:
2344 2908 2551 2979 gratiae,
2581 2916 2636 2963 et
2662 2922 2907 2978 supernae
2944 2907 3323 2980 stupendarum
3358 2924 3536 2965 rerum

1958 2997 2284 3068 Operationis
2326 2997 2638 3053 miraculum
2679 2997 2795 3053 fuit.
2841 2996 3017 3066 Quare
3061 2997 3278 3053 athleta:
3323 2998 3536 3068 quidem

1959 3090 2111 3162 prius
2139 3089 2299 3146 etiam
2328 3104 2488 3160 quam
2534 3089 2650 3144 haec
2694 3089 2912 3156 ﬁerent,
2959 3088 3113 3144 simul
3163 3102 3226 3144 ac
3271 3088 3539 3145 ﬂammam

1962 3180 2189 3253 ingressi
2231 3189 2381 3248 sunt,
2416 3189 2472 3236 et
2512 3189 2769 3251 tropaeum
2818 3188 3134 3245 statuerunt,
3176 3190 3231 3239 et
3256 3180 3532 3237 victoriam

1963 3278 2398 3347 reportarunt,et
2425 3285 2624 3327 corona
2652 3270 2907 3336 redimiti,
2950 3279 3004 3325 et
3037 3270 3092 3325 in
3141 3270 3274 3326 ca-lo
3296 3278 3542 3342 terraque

1963 3361 2305 3434 deprzedicati
2329 3370 2488 3428 sunt,
2532 3368 2588 3416 et
2627 3359 2755 3415 nihil
2793 3359 2871 3414 eis
2894 3360 2959 3414 ad
3002 3360 3227 3431 gloriam
3258 3371 3373 3416 erat
3421 3362 3545 3417 reli~

1964 3468 2149 3523 quum.
2171 3452 2306 3520 Quid
2322 3466 2450 3523 ergo
2469 3451 2649 3507 dicere
2669 3451 2908 3522 poteris?
2934 3451 2989 3506 ln
3011 3452 3256 3508 exsilium
3282 3454 3543 3523 relegatus

1966 3559 2046 3612 es,
2075 3552 2129 3600 et
2156 3543 2327 3614 patria
2353 3543 2600 3613 ejectus?
2636 3544 2775 3600 Ecce
2817 3547 2978 3599 etiam
3025 3545 3131 3600 isti.
3163 3546 3540 3615 Captivitatem

1968 3635 2268 3705 sustinuisti
2295 3643 2350 3691 ct
2394 3635 2496 3691 sub
2524 3634 2765 3690 barbaris
2789 3634 3020 3691 dominis
3053 3636 3069 3667 ⁸
3111 3635 3291 3691 fuisti?
3334 3639 3402 3691 At
3447 3637 3548 3692 hoc

1969 3743 2181 3798 quoque
2229 3728 2345 3783 istis
2376 3727 2665 3797 contigisse
2710 3728 2965 3795 reperies.
3005 3727 3074 3780 At
3124 3741 3227 3781 non
3261 3725 3426 3781 habes
3476 3726 3547 3781 ibi

1971 3823 2060 3891 qui
2108 3822 2201 3875 tibi
2246 3819 2407 3883 adsit,
2437 3834 2629 3888 resque
2648 3827 2765 3872 tuas
2795 3817 3132 3883 moderetur,
3168 3832 3340 3887 neque
3368 3819 3457 3889 qui
3498 3828 3551 3874 tc

1975 3915 2259 3968 admoneat
2304 3921 2359 3966 et
2408 3910 2635 3964 doceat?
2688 3909 2796 3964 llac
2843 3922 3057 3978 quoque
3093 3907 3179 3963 isti
3228 3923 3354 3963 cura
3400 3919 3554 3964 erant

1976 4003 2223 4060 fraudati.
2257 4004 2325 4059 At
2370 4002 2580 4057 vinetus
2630 4001 2732 4056 es?
2760 4008 2817 4055 at
2851 4000 3161 4057 combustus
3201 4001 3293 4056 es?
3321 4009 3377 4055 at
3406 4016 3554 4056 tuor-

1980 4106 2100 4152 tuus
2120 4096 2224 4152 es?
2252 4094 2382 4150 nihil
2407 4094 2550 4149 enim
2575 4093 2656 4148 his
2684 4101 2835 4163 potes
2862 4092 3041 4147 dicere
3064 4092 3296 4163 gravius.
3332 4093 3402 4147 At
3429 4107 3555 4148 cccc

1983 4190 2069 4245 isti
2092 4204 2301 4259 quoque
2328 4203 2423 4258 per
2448 4187 2563 4242 haec
2583 4187 2760 4241 omnia
2786 4185 3145 4253 tetenderunt,
3172 4193 3225 4241 ct
3250 4201 3343 4255 per
3370 4201 3557 4241 eorum

1980 4283 2185 4355 singula
2209 4282 2525 4338 illustriores
2544 4281 2883 4345 exstiterunt,
2918 4280 3178 4350 longeque
3204 4279 3478 4341 clariores,
3503 4290 3557 4332 ct

1983 4376 2224 4433 caelestes
2252 4388 2463 4430 merces
2484 4380 2766 4428 auxerunt.
2794 4371 2963 4427 Judaei
2991 4370 3204 4440 quidem
3232 4384 3351 4424 cum
3395 4367 3559 4422 hahe-

1983 4474 2105 4521 rent
2134 4465 2411 4536 templum,
2441 4464 2631 4529 altare,
2662 4476 2863 4525 arcam,
2893 4458 3202 4520 Cherubim,
3236 4458 3546 4527 propitiato-

1987 4558 2146 4624 rium,
2176 4554 2354 4611 velum
2374 4596 2390 4620 ,
2421 4554 2682 4609 inﬁnitam
2730 4551 3067 4609 sacerdotum
3122 4549 3513 4604 multitudinem
3546 4591 3559 4604 .

1987 4650 2188 4705 cultum
2241 4649 2334 4705 Dei
2381 4646 2786 4718 quotidianum,
2834 4642 3094 4699 sacriﬁcia
3135 4657 3255 4696 cum
3310 4643 3569 4695 matutina

1960 4755 2101 4805 tum
2128 4741 2455 4817 vespertina,
2486 4747 2541 4795 et
2568 4738 2909 4794 continenter
2950 4734 3239 4805 prophetas
3281 4731 3559 4795 audirent,

1990 4839 2160 4903 vivos,
2185 4845 2445 4901 mortuos,
2472 4833 2562 4903 qui
2584 4845 2744 4887 aures
2770 4829 3006 4899 ipsorum
3041 4826 3416 4896 personabant,
3469 4826 3571 4880 mi-

1993 4930 2292 4986 raculorum
2338 4925 2390 4979 in
2469 4923 2732 4994 Egypto,
2785 4920 2839 4975 in
2904 4917 3190 4974 solitudine
3256 4917 3518 4973 editorum
3557 4960 3571 4985 ,

1996 5021 2233 5077 omnium
2265 5018 2496 5073 aliorum
2526 5014 2839 5071 memoriam
2861 5018 3189 5067 renovarent
3211 5050 3227 5076 ,
3254 5024 3424 5079 eaque
3464 5022 3576 5062 ma—

1998 5113 2153 5168 nibus
2175 5115 2472 5173 versarent,
2504 5107 2556 5161 in
2586 5105 2827 5175 postibus
2874 5103 3131 5171 inscripta
3159 5099 3439 5158 haberent.
3485 5113 3573 5153 re-

2001 5205 2201 5273 busque
2230 5199 2413 5257 multis
2448 5207 2560 5253 tum
2593 5212 2752 5268 supra
2781 5193 3079 5250 naturalem
3104 5199 3422 5262 potestatem
3448 5205 3576 5243 con-

2000 5296 2172 5359 fectis,
2195 5303 2495 5360 etctcraque
2518 5291 2603 5345 sui
2633 5303 2761 5343 cura
2783 5287 3110 5350 fruerentur,
3128 5298 3231 5336 non
3253 5284 3412 5335 modo
3438 5281 3582 5335 nullo

2002 5384 2388 5449 emolumento,
2411 5395 2598 5436 verum
2640 5378 2802 5434 etiam
2824 5376 3022 5431 damno
3051 5383 3174 5429 sunt
3203 5372 3397 5437 atl‘eeti,
3422 5371 3583 5425 simu-

2006 5477 2166 5534 lacris
2194 5476 2247 5535 in
2299 5477 2417 5546 ipso
2458 5472 2655 5543 templo
2690 5470 2871 5535 cultis,
2903 5467 3145 5524 mactatis
3180 5465 3301 5519 ﬁliis
3345 5472 3399 5518 et
3454 5460 3583 5515 ﬁlia-

2009 5573 2109 5627 bus
2155 5567 2254 5626 s'ub
2287 5567 2566 5625 arboribus
2587 5607 2600 5629 ,
2630 5574 2684 5621 et
2714 5564 2816 5618 illis
2836 5562 2953 5633 lege
2997 5558 3174 5616 vetitis
3216 5551 3584 5611 exsecrandis-

2011 5680 2113 5734 que
2137 5660 2304 5718 sacris
2343 5661 2397 5717 in
2446 5657 2594 5715 omni
2622 5655 3007 5730 propemodum
3040 5652 3151 5723 agri
3182 5646 3443 5704 Palmstini
3470 5643 3585 5695 loco

2082 5782 2097 5811 ι
2132 5773 2271 5830 Savil.
2297 5774 2349 5827 in
2372 5780 2529 5834 textu,
2556 5769 2785 5835 captivus,
2809 5761 3297 5829 inmarquomints.
