4030 6206
415 431 522 487 479

410 543 585 608 lactis,
610 540 832 610 aliisque
857 539 1173 594 facinoribus
1194 537 1412 592 inﬁnitis
1436 536 1834 592 absurdioribus
1853 551 1978 608 per-

410 631 652 701 petratis.
677 631 744 685 At
769 645 898 685 vero
921 630 1008 683 isti
1032 629 1085 683 in
1115 627 1289 682 media
1337 627 1602 691 barbaria,
1629 628 1682 682 in
1713 636 1853 686 terra
1889 625 1980 680 ho-

411 721 520 776 stili
545 730 598 777 et
639 720 873 785 inimica,
905 720 958 773 in
985 717 1145 772 domo
1187 719 1457 790 tyrannica
1496 725 1792 783 versantes,
1837 716 1983 770 omni

418 813 508 866 illa
546 825 672 866 cura
703 809 963 874 destituti,
994 809 1059 864 ad
1088 809 1404 879 supplicium
1435 807 1663 878 abrepti,
1695 807 1822 870 usti,
1875 821 1982 860 non

414 900 586 955 solum
618 899 740 953 hinc
763 898 873 953 ltesi
903 913 1006 952 non
1027 907 1167 963 sunt,
1191 911 1294 952 non
1321 911 1507 967 parum
1533 937 1548 961 ,
1579 910 1684 950 non
1711 895 1934 949 multum
1963 911 1978 960 ;

415 1003 594 1042 rerum
621 987 788 1059 magis
831 988 990 1042 etiam
1036 986 1359 1042 claruerunt.
1389 986 1483 1040 His
1525 985 1684 1056 igitur
1711 984 1938 1054 cognitis
1963 1025 1980 1052 ,

414 1078 710 1148 horumque
755 1078 1020 1133 similibus
1045 1093 1077 1133 e
1126 1076 1397 1148 Scriptura
1436 1077 1689 1131 divinitus
1725 1077 1982 1150 inspirata

411 1167 650 1223 collectis
671 1167 855 1242 (multa
883 1169 1024 1224 enim
1045 1167 1412 1238 hujuscemodi
1437 1176 1723 1238 suppetunt
1741 1167 1980 1237 exempla

410 1261 464 1316 in
490 1261 716 1317 diversis
736 1261 893 1316 etiam
925 1262 1166 1331 personis
1195 1260 1336 1332 aliis)
1363 1302 1378 1326 ,
1421 1275 1594 1330 neque
1618 1259 1980 1314 difﬁcultatem

410 1362 706 1422 temporum
727 1362 818 1408 aut
845 1368 1021 1408 rerum
1047 1394 1062 1419 ,
1091 1367 1264 1422 neque
1295 1353 1668 1408 necessitatem
1695 1360 1749 1407 et
1782 1355 1890 1406 vim
1919 1364 1982 1404 ac

409 1442 744 1513 tyrannidem
765 1443 1058 1512 potentium
1085 1443 1331 1498 sufﬁcere
1356 1440 1510 1496 nobis
1525 1442 1886 1496 existimemus
1913 1441 1982 1496 ad

411 1532 807 1599 defensionem,
850 1533 1061 1604 quando
1111 1533 1508 1604 deliquerimus.
1556 1531 1708 1598 Quod
1755 1532 1898 1587 enim
1926 1532 1979 1585 in

415 1624 674 1693 principio
699 1623 852 1690 dixi,
881 1625 932 1677 in
972 1639 1036 1679 eo
1062 1639 1202 1679 nunc
1227 1638 1440 1692 quoque
1467 1623 1767 1678 orationem
1799 1631 1984 1677 termi-

447 1844 1394 1875 Μ

1128 427 1182 483 ε.
1220 426 1496 482 JOANNIS
1534 421 2006 479 CIIRYSOSTOMH
2044 422 2358 478 ARCHIEP.
2400 424 2927 481 CONSTANTINOP.

3555 421 3661 478 480

2087 535 2224 590 nabo
2248 551 2264 600 ;
2290 535 2336 590 si
2381 537 2501 606 quis
2541 535 2793 592 damnum
2837 551 2900 592 ac
2931 535 3307 591 detrimentum
3345 533 3586 608 accipiat,
3627 556 3659 596 τι

2084 625 2262 695 seipso
2287 639 2507 695 prorsus
2527 626 2580 681 id
2601 667 2618 693 ,
2657 642 2763 681 non
2802 627 2870 682 ab
2894 627 3012 680 aliis
3037 626 3279 694 accipere
3303 669 3318 694 ,
3347 627 3449 683 etsi
3471 629 3660 683 inﬁniti

2084 714 2192 768 sint
2223 713 2312 784 qui
2351 714 2546 770 damna
2574 725 2629 770 et
2669 716 2891 784 injurias
2916 715 3165 770 inferant.
3196 715 3327 768 Nam
3354 716 3399 770 si
3444 716 3663 786 quidem

2083 804 2198 859 haec
2220 820 2252 858 a
2284 809 2571 875 semetipso
2620 820 2726 860 non
2754 806 3000 876 accipiat,
3034 806 3079 860 si
3109 806 3267 861 totius
3289 816 3442 861 teme
3471 809 3658 862 maris-

2082 911 2188 967 que
2234 897 2420 952 incolze
2477 898 2746 952 communi
2791 898 3012 952 consilio
3061 898 3306 963 irruant,
3357 914 3425 953 ne
3475 915 3658 969 parum

2082 985 2296 1054 quidem
2320 987 2512 1043 lzedere
2535 998 2784 1058 poterunt
2813 1004 2955 1055 eum,
3003 989 3094 1058 qui
3132 989 3185 1042 in
3217 989 3442 1044 Domino
3482 991 3662 1059 vigilat

2085 1091 2146 1130 ac
2173 1077 2381 1132 sobrius
2410 1086 2512 1133 cst.
2534 1078 2711 1133 Simus
2737 1094 2886 1149 ergo,
2931 1093 3136 1148 quzeso,
3171 1079 3368 1143 sobrii,
3400 1088 3454 1134 et
3480 1081 3663 1150 vigile-

2082 1181 2205 1220 mus
2225 1181 2456 1236 semper,
2485 1178 2539 1223 et
2578 1170 2768 1224 acerba
2808 1172 2985 1225 omnia
3024 1185 3284 1239 generoso
3307 1172 3485 1225 animo
3520 1172 3660 1226 fera-

2083 1272 2224 1324 mus,
2251 1268 2309 1313 ut
2336 1262 2551 1315 aeternis
2573 1261 2675 1316 illis
2704 1272 2758 1316 et
2784 1261 3174 1316 immortalibus
3194 1262 3346 1316 bonis
3374 1263 3660 1332 potiamur,

2084 1347 2140 1403 in
2170 1348 2386 1405 Christo
2411 1350 2540 1406 Jesu
2571 1351 2796 1407 Domino
2845 1363 3050 1419 nostro,
3093 1354 3175 1407 cui
3221 1353 3388 1423 gloria
3411 1363 3467 1408 et
3493 1354 3661 1422 impe-

2086 1441 2260 1508 rium,
2303 1459 2444 1500 nunc
2497 1456 2552 1500 et
2595 1460 2826 1515 semper,
2889 1454 2944 1501 et
2990 1447 3042 1500 in
3085 1446 3281 1501 saecula
3317 1447 3658 1502 szeculorum.

2085 1530 2286 1592 Amen.

1990 1839 3642 1866 MM
2420 1863 2475 1866 .__
2530 1863 2607 1866 .__
2795 1859 3192 1866 .__—.__

700 2110 791 2170 ,ΙΝ
833 2110 1124 2171 LIBRUM
1167 2112 1266 2171 AD
1308 2112 1450 2174 EOS
1489 2109 1620 2182 QUI
1659 2109 2194 2170 SCANDALIZATI
2230 2109 2427 2170 SUNT
2470 2109 2567 2169 OB
2608 2108 3204 2181 ADVERSITATES,
3254 2113 3422 2167 Πολ

491 2313 751 2370 Ordinem
782 2314 1064 2385 sequimur
1099 2315 1168 2370 ab
1199 2315 1317 2386 ipso
1345 2313 1736 2386 Chrysostomo
1769 2313 1985 2370 indicati

2102 2313 2242 2370 infra
2273 2328 2394 2386 cap.
2433 2315 2502 2370 15
2530 2334 2544 2370 :
2576 2317 2668 2388 Μὴ
2717 2315 2897 2370 τοίνυν
2943 2333 3033 2386 μοι
3083 2315 3207 2384 λέγε
3255 2316 3381 2379 τοὺς
3429 2314 3671 2371 ἀπολλυο

426 2427 640 2498 μένους’
683 2426 821 2498 ὅπερ
864 2425 974 2499 γὰρ
1023 2427 1080 2480 ὲν
1125 2426 1203 2498 τῷ
1245 2425 1554 2498 ἔμπροσθεν
1581 2423 1732 2480 εἷπον
1759 2425 1924 2496 λόγῳ,
1947 2425 2125 2489 οὐδεὶς
2152 2425 2262 2480 τῶν
2291 2425 2523 2490 ἑαυτοὺς
2549 2427 2625 2498 μὴ
2667 2425 2994 2481 ἀδικούντων
3016 2427 3145 2498 παρ’
3173 2425 3374 2496 ἐτέρων
3401 2426 3671 2481 ἀδικεῖται

423 2555 576 2604 ποτε,
594 2537 700 2591 κᾶν
727 2539 807 2602 εἰς
835 2537 968 2592 αὐτὸ
1001 2539 1061 2592 τὺ
1089 2537 1188 2610 ζῇν
1210 2538 1495 2611 κινδυνεύῃ
1525 2557 1538 2593 :
1572 2537 1702 2594 Noli
1731 2554 1852 2608 ergo
1883 2539 1985 2591 mili

2091 2554 2128 2592 ιε
2167 2554 2576 2594 commemorare
2609 2541 2700 2611 qui
2741 2548 2956 2610 pereunt
2994 2556 3013 2593 :
3054 2540 3192 2610 quod
3230 2555 3370 2594 enim
3412 2539 3466 2593 in
3493 2539 3670 2608 priore

423 2655 558 2709 libra
589 2655 726 2720 dixi,
757 2653 938 2710 nullus
965 2670 1030 2709 ea:
1054 2655 1142 2720 iis,
1174 2655 1266 2726 qui
1300 2657 1500 2726 seipsos
1526 2654 1726 2726 injuria
1754 2670 1861 2709 non
1886 2654 2144 2724 afﬁciunt,
2175 2656 2240 2708 ab
2271 2654 2396 2709 aliis
2428 2654 2552 2709 ιωάὶ
2574 2663 2764 2725 potest,
2804 2655 3040 2725 quamvis
3069 2654 3132 2708 de
3160 2655 3268 2708 vita
3291 2656 3406 2724 ipsa
3429 2655 3499 2708 sit
3527 2654 3675 2721 peri-

424 2771 601 2827 culum
636 2773 984 2829 subeundum.
1016 2773 1228 2840 Quibus
1257 2773 1542 2832 manifeste
1565 2774 1808 2831 declarat
1840 2775 2041 2831 librum
2076 2775 2252 2844 illum,
2286 2775 2440 2842 Quod
2462 2791 2610 2830 nemo
2639 2775 2853 2830 laeditur
2891 2777 2995 2831 nisi
3032 2794 3066 2831 a
3093 2777 3262 2846 διείρεο
3301 2773 3474 2848 [465],
3514 2775 3675 2845 prius

425 2889 495 2942 ab
524 2901 584 2943 se
606 2886 808 2944 factum
837 2904 979 2956 esse,
1001 2905 1164 2962 quam
1195 2891 1342 2947 hunc
1373 2889 1577 2957 ederet,
1605 2898 1904 2962 utrumque
1939 2905 2069 2947 vero
2103 2891 2444 2948 continenter
2465 2892 2765 2962 eodemque
2795 2901 3037 2962 tempore
3064 2891 3442 2947 elucubratum
3475 2888 3671 2945 fuisse.

425 2997 626 3054 Verum
661 3000 826 3072 igitur
850 3002 1097 3059 ordinem
1122 3019 1232 3058 non
1267 3004 1442 3061 tenuit
1468 3003 1724 3069 Savilius,
1760 3004 1857 3075 qui
1888 3005 2036 3058 hunc
2065 3003 2301 3073 priorem
2335 3004 2551 3074 posuit;
2599 3003 2828 3058 alterum
2855 3018 2985 3058 vero
3007 3045 3021 3068 ,
3061 3003 3153 3072 qui
3182 3000 3434 3073 przemitti
3463 3000 3672 3054 debue-

426 3121 532 3173 rat,
567 3111 696 3167 huic
728 3113 1011 3184 subjunxit
1036 3131 1050 3180 ;
1081 3114 1174 3170 sed
1200 3115 1303 3170 hoc
1336 3124 1578 3171 erratum
1607 3116 1723 3186 ipse
1748 3123 1935 3186 postea
1956 3115 2365 3188 animadvertit.
2397 3113 2603 3169 Fronto
2633 3114 2860 3170 Ducaeus
2886 3129 2980 3170 eos
3011 3114 3174 3185 longo
3202 3111 3484 3168 intervallo
3512 3125 3672 3180 sepa-

420 3229 587 3293 ravit,
623 3228 715 3300 qui
747 3230 984 3299 priorem
1012 3231 1066 3286 in
1094 3231 1275 3287 medio
1306 3231 1478 3286 Tomo
1518 3240 1714 3302 quarto
1756 3232 1983 3298 locavit,
2022 3232 2377 3302 posteriorem
2410 3246 2559 3298 vero,
2611 3231 2725 3286 sive
2762 3229 2908 3284 hunc
2940 3227 3006 3284 de
3055 3243 3165 3297 quo
3210 3227 3442 3297 agimus,
3476 3239 3671 3280 versus

429 3349 593 3406 ﬁnem
625 3347 783 3406 Tomi
813 3352 989 3422 quinti
1014 3354 1216 3424 posuit,
1249 3362 1344 3408 aut
1375 3353 1686 3424 ponendum
1715 3353 1956 3424 reliquit.

500 3461 764 3534 Georgius
791 3465 1194 3522 Alexandrinus
1228 3468 1282 3522 in
1317 3466 1434 3522 Vita
1463 3465 1858 3538 Chrysostomi,
1888 3481 2010 3538 quae
2033 3465 2174 3521 infra
2209 3461 2421 3530 edetur,
2457 3479 2514 3518 n.
2539 3461 2629 3530 67,
2665 3462 2740 3517 ait
2762 3462 2906 3516 hunc
2943 3459 3142 3515 librum
3171 3455 3372 3512 Cucusi
3411 3469 3444 3508 a
3479 3451 3539 3507 S.
3569 3453 3673 3507 do-

431 3589 582 3637 ctore
624 3577 828 3640 factum
885 3581 1059 3639 fuisse
1103 3583 1172 3638 ad
1223 3582 1650 3638 consolationem
1696 3579 2205 3650 institutionemque
2249 3579 2434 3650 p0puli
2483 3573 3092 3645 Constantinopolitani,
3137 3585 3366 3640 esseque
3411 3569 3465 3622 in
3492 3567 3673 3637 capita

436 3698 626 3768 viginti
658 3711 895 3770 quatuor
925 3699 1184 3767 divisum,
1218 3715 1340 3770 quae
1361 3699 1559 3756 divisio
1587 3699 1656 3755 ad
1684 3699 1788 3755 hoc
1816 3713 1989 3770 usque
2017 3707 2231 3769 tempus
2252 3697 2308 3752 in
2343 3696 2732 3766 manuscriptis
2775 3693 3066 3750 Codicibus
3102 3700 3157 3746 et
3187 3689 3240 3744 in
3272 3687 3442 3743 Editis
3479 3686 3674 3742 obser-

435 3822 613 3870 vatur.

505 3925 796 3984 Existimat
825 3943 876 3982 v.
917 3928 985 3985 cl.
1029 3928 1409 3984 Tillemontius
1439 3927 1585 3982 hunc
1627 3925 1826 3981 librum
1861 3922 2020 3997 quasi
2064 3921 2132 3977 ad
2173 3919 2547 3995 Dlympiadem
2598 3920 2827 3976 missum
2874 3913 3289 3973 commemorari
3333 3914 3386 3968 in
3432 3910 3673 3982 Epistola

433 4054 627 4115 quarta
653 4047 720 4102 ad
755 4047 1024 4113 eamdem,
1057 4049 1148 4105 ubi
1171 4050 1409 4105 dicitur:
1448 4050 1712 4121 Ἔπεμψά
1741 4065 1822 4104 σοι
1844 4047 1985 4117 ἅπερ

2091 4045 2230 4117 ραψα
2260 4047 2471 4118 πρῴην,
2503 4045 2583 4100 ὅτι
2611 4045 2702 4100 τὸν
2745 4039 2937 4098 ἑαυτὸν
2980 4038 3267 4097 ἀδικοῦντα
3289 4035 3464 4100 οὐδεὶς
3487 4032 3673 4105 ἕτερος

1561 4541 2099 4633 EJUSDEM
2175 4542 2528 4630 LIBER

446 4867 520 4908 AD
561 4866 674 4908 EOS
717 4840 840 4916 ρυί
868 4861 1314 4906 δοΑΝυΑιῐΖΑΤι
1356 4859 1512 4902 SUNT
1554 4857 1634 4902 OB
1663 4854 2133 4900 ADVERSITATES
2162 4851 2303 4907 QUB
2333 4849 2798 4903 CONTIGERUNT,
2825 4845 3175 4898 POPULIQUE
3226 4844 3304 4887 ΕΤ
3338 4840 3696 4885 Μυιτοιιυιη

513 4968 930 5012 ελοιειωοτυυ
976 4965 1544 5019 PERSEQUUTIONEM
1588 4962 1664 5007 AC
1709 4959 1985 5005 PERVERS

2091 4959 2217 5012 lEM,
2263 4959 2344 5000 ET
2387 4957 2469 4998 DE
2513 4947 3177 4998 INCOMPREHENSIBILI,
3224 4946 3304 4988 ET
3367 4941 3696 4988 Αῡνειιευε

513 5069 765 5114 aunnsos
811 5053 919 5132 (α).

1893 5165 2292 5200 W

502 5295 688 5352 Medici
706 5293 938 5365 quidem,
962 5294 1004 5346 si
1021 5292 1232 5362 quando
1248 5292 1522 5360 quospiam
1545 5290 1689 5344 febre
1711 5293 2007 5354 correptos,

432 5395 522 5440 aut
545 5386 722 5454 aliquo
750 5385 853 5438 alio
880 5384 1065 5437 morbo
1086 5383 1387 5436 laborantes
1413 5379 1678 5436 sanandos
1700 5379 2009 5447 suscipiant,

435 5477 484 5532 id
516 5475 742 5547 primum
769 5473 1000 5539 student,
1023 5482 1080 5525 ut
1103 5485 1274 5541 aegros
1301 5470 1528 5534 videant,
1562 5469 1702 5539 quod
1733 5468 1917 5538 procul
1945 5468 2013 5522 ab

435 5569 512 5622 eis
539 5565 731 5635 positi,
761 5577 870 5633 suo
895 5576 997 5617 non
1043 5567 1257 5631 possent
1293 5574 1386 5616 eos
1422 5559 1658 5614 subsidio
1691 5559 1877 5630 iuvare
1907 5577 1920 5612 :
1948 5571 2009 5612 ea

444 5790 449 5793 ‹
498 5763 570 5824 (α)
601 5758 777 5814 milata
798 5771 906 5807 cum
929 5765 1032 5809 Mss.
1055 5756 1214 5821 Regiis
1241 5755 1373 5818 1819,
1409 5753 1547 5806 ⁵2291.
1580 5755 1871 5808 Colbertin'ts
1920 5765 2008 5804 ve-

437 5856 491 5897 ro
511 5844 618 5903 363,
636 5837 744 5901 639,
763 5840 902 5910 5055:

2117 5279 2310 5348 quippe
2339 5275 2471 5330 artis
2500 5274 2639 5328 illius
2661 5280 2744 5328 est
2774 5270 3027 5332 conditio,
3058 5283 3120 5323 ea
3147 5266 3449 5321 morborum
3483 5264 3694 5317 illorum

2118 5379 2326 5423 natura.
2355 5365 2461 5419 Nos
2485 5378 2634 5430 vero,
2663 5363 2754 5432 qui
2782 5376 2889 5416 non
2911 5375 3072 5414 unum
3100 5358 3326 5426 aliquem
3362 5355 3656 5409 alterumve
3681 5394 3696 5415 ,

2118 5459 2210 5514 sed
2237 5471 2422 5512 omnes
2449 5455 2538 5524 qui
2569 5463 2735 5508 totum
2766 5451 2999 5506 incolunt
3027 5449 3208 5504 orbem
3239 5457 3514 5507 terrarum,
3544 5458 3696 5498 scan-

2116 5549 2294 5604 dalum
2321 5559 2506 5616 passos
2533 5558 2721 5598 sanare
2748 5541 3046 5605 studemus,
3078 5539 3205 5593 nihil
3232 5538 3334 5591 tale
3356 5536 3700 5604 requirimus.

2117 5640 2298 5708 Neque
2323 5637 2466 5691 enim
2496 5634 2755 5704 petimus,
2784 5641 2842 5686 ut
2894 5633 2946 5686 in
2971 5630 3112 5685 mdes
3137 5627 3358 5697 alicujus
3393 5642 3456 5680 cx
3487 5625 3706 5692 aegrotis

2117 5737 2294 5801 pateat
2321 5727 2522 5792 aditus,
2552 5733 2644 5778 aut
2665 5724 2751 5779 ubi
2773 5723 3015 5792 jaceant,
3063 5719 3328 5774 discamus
3349 5758 3364 5782 ,
3392 5711 3492 5770 scd
3527 5728 3708 5782 neque

2118 5826 2260 5894 ipsos
2277 5835 2445 5892 aegros
2465 5818 2706 5889 cupimus
2728 5814 2938 5873 intucri.
2957 5812 3073 5869 Non
3093 5810 3333 5866 manibus
3351 5809 3712 5863 instrumenta
