4030 6206
197 338 318 396 ιῖο
1139 342 1232 397 AD
1269 341 1396 400 EOS
1433 342 1554 411 QUI
1595 341 2109 398 SCANDALIZATI
2146 342 2348 400 SUNT.
2387 344 2516 400 LIB.
2557 345 2767 403 UNUS.
3548 359 3652 415 480

187 460 300 511 καὶ
326 459 552 526 ἐναγεῖς
591 456 960 540 ἐργασάμενοι
989 455 1198 522 Θυσίας,
1234 460 1328 512 καὶ
1371 459 1534 531 ἕτερα
1565 458 1886 531 ἀτοπώτερα
1989 460 2276 514 καταλύσω
2302 461 2394 516 τὸν
2432 462 2611 531 λόγον,
2643 463 2722 516 ὅτι
2753 463 2916 528 εἴτις
2950 464 3240 536 βλάπτοιτο
3275 468 3366 523 καὶ
3394 470 3653 540 ἀδικοῖτο,

195 543 384 616 μυρία
408 535 992 616 τολμήσαντες.·υῦτοι
1018 544 1074 596 δὲ
1115 547 1175 598 ἐν
1200 544 1460 617 βαρϐάρῳ
1496 545 1658 620 μέσῃ,
1693 547 1748 599 ἐν
1786 563 1887 600 πο·
1989 550 2118 620 παρ’
2148 548 2342 602 ἐαυτοῦ
2372 550 2589 615 πάντως
2611 551 2768 606 τοῦτο
2807 535 3026 624 πάσχει,
3057 555 3118 608 οὐ
3150 558 3280 628 παρ’
3301 559 3524 631 ἐτέρων,

189 631 372 704 λεμίεμ⁵
402 632 502 687 καὶ
549 631 718 703 ἐχθρᾷ
757 634 850 702 γῇ,
902 631 960 684 ἐν
989 631 1136 703 οἰκία
1169 636 1462 704 τυραννικῇ
1509 634 1886 704 στρεφόμενοι,
1992 636 2176 706 μυρίοι
2218 638 2266 690 οἱ
2325 637 2633 702 ἀδικοῦντες
2674 641 2769 693 καὶ
2833 642 3227 712 ἐπηρεάζοντες
3267 642 3444 700 ὦσιν..
3469 647 3555 711 Ὠς
3606 647 3656 701 εῑ

191 721 391 789 πάσης
413 720 635 790 ἐκείνης
658 721 758 790 τῆς
779 719 1098 786 ἐπιμελείας
1123 721 1497 793 ἐστερημένοι,
1524 721 1884 792 ἀπαγόμενοι,
1983 739 2049 791 γε
2087 723 2163 794 μὴ
2221 726 2350 795 παρ’
2394 725 2587 778 ἐαυτοῦ
2616 726 2775 780 τοῦτο
2808 729 2989 793 πάθοι,
3049 731 3100 782 oi
3137 731 3244 800 γῆν
3285 732 3503 789 ἃπασαν
3562 736 3658 789 καὶ

194 809 518 880 καιόμενοι,
563 809 625 862 οὐ
666 808 829 878 μόνον
873 807 1122 862 ἐντεῦθεν
1161 809 1313 863 οὐδὲν
1351 810 1791 882 παρεὸλάϐησαν,
1823 810 1883 864 οὑ
1987 808 2255 866 θάλατταν
2294 812 2568 877 οἰκοῦντες
2614 817 2765 885 κοινῇ
2801 814 3057 880 ἅπαντες,
3100 818 3149 870 εί
3190 819 3485 885 ἐπέλθοιεν,
3532 822 3654 877 οὐδὲ

199 897 433 982 μικρὸν,
462 897 526 949 οὐ
578 895 754 982 μέγαξ
785 893 922 947 ἀλλά
957 895 1051 948 καὶ
1078 895 1336 966 μειζόνως
1369 896 1689 968 διέλαμψαν.
1721 897 1884 951 Ταῦτ’
1993 899 2189 971 μικρὸν
2228 899 2416 953 τοῦτον
2464 901 2819 972 παραὸλάψαι
2865 903 3182 974 δυνήσονται
3218 907 3311 961 τὸν
3361 911 3419 962 ἐν
3463 911 3654 982 Κυρίῳ

195 979 294 1035 οὖν
317 983 550 1046 εἰδότες,
575 982 668 1035 καὶ
692 980 762 1034 τὰ
784 982 996 1046 τούτοις
1028 983 1241 1036 ἐοικότα
1272 984 1616 1053 συλλέγοντες
1643 985 1751 1038 ἀπὸ
1775 984 1882 1038 τῶν
1988 985 2361 1057 γρηγοροῦντα
2391 987 2484 1040 καὶ
2513 989 2768 1058 νήφοντα.
2790 990 3067 1060 Νήφωμεν
3101 993 3298 1057 τοίνυν,
3326 979 3651 1066 παρακαλῶν,

197 1069 585 1124 θεοπνεύστων
615 1069 709 1122 καὶ
733 1068 894 1122 θείων
923 1070 1154 1141 Γραφῶν
1179 1070 1370 1141 (πολλά
1395 1072 1506 1143 γάρ
1529 1071 1676 1126 ἐστιν
1703 1073 1882 1141 εὑρεῖν
1986 1073 2082 1126 καὶ
2124 1073 2486 1145 γρηγορῶμεν
2513 1075 2600 1128 διὰ
2650 1076 2869 1142 παντὸς,
2901 1079 2994 1130 καὶ
3022 1078 3275 1150 φέρωμεν
3315 1083 3493 1136 πάντα
3524 1100 3650 1152 γεν-

199 1155 434 1243 τοιαῦτα
479 1155 853 1243 ὑποδείγματα
904 1157 998 1209 καὶ
1047 1157 1130 1226 ἐφ’
1161 1158 1362 1229 ἐτέρων
1397 1159 1666 1232 διαφόρων
1706 1177 1877 1231 προσο
1986 1160 2151 1224 ναίως
2185 1159 2257 1214 τὰ
2303 1161 2544 1232 λυπηρὰ,
2577 1163 2665 1216 ἵνα
2706 1163 2811 1216 τῶν
2839 1165 3072 1218 αἰωνίων
3105 1167 3328 1221 ἐκείνων
3371 1171 3466 1224 καὶ
3508 1172 3650 1243 ἀκη-

194 1241 421 1312 ώπων),
442 1243 580 1314 μήτε
601 1242 886 1296 δυσκολίαν
910 1244 1116 1314 καιρῶν
1133 1244 1165 1315 ἢ
1182 1246 1546 1316 πραγμάτων,
1564 1249 1698 1320 μήτε
1719 1248 1878 1317 ἀνάγ·
1987 1247 2163 1319 ράτων
2188 1249 2532 1331 ἐπιτύχωμεν
2553 1249 2794 1318 ἀγαθῶν,
2820 1252 2878 1304 ἐν
2903 1252 3122 1324 Χριστῷ
3156 1255 3329 1326 Ἰησοῦ
3357 1259 3436 1330 τῷ
3457 1241 3649 1331 Κυρίῲ

193 1349 304 1402 κην
345 1332 446 1385 καὶ
477 1331 620 1402 βίαν,
650 1331 746 1384 καὶ
791 1331 1085 1402 τυραννίδα
1125 1331 1234 1384 τῶν
1270 1334 1699 1391 δυναστευόντων
1727 1336 1879 1406 νομί·
1984 1336 2162 1405 ἡμῶν,
2193 1330 2236 1404 ᾧ
2261 1338 2294 1407 ἡ
2326 1337 2451 1403 δόξα
2469 1338 2646 1391 καὶτὸ
2666 1340 2888 1410 κράτος,
2919 1340 3013 1394 νῦν
3043 1343 3137 1396 καὶ
3163 1343 3270 1401 ἀεὶ.
3293 1347 3389 1401 καὶ
3418 1348 3497 1411 είς
3523 1330 3650 1413 τοὺς

193 1418 390 1488 ζωμεν
421 1417 610 1490 ἀρκεῖν
640 1420 772 1490 ἡμῖν
798 1421 879 1482 είς
903 1419 1218 1490 ἀπολογίαν,
1253 1422 1417 1493 ἡνίκα
1443 1422 1510 1478 ἂν
1547 1423 1880 1496 πλημμελῶ-
1983 1423 2185 1488 αἰῶνας
2215 1425 2324 1479 τῶν
2353 1423 2584 1480 αἰώνων.
2625 1427 2818 1499 Ἀμήν.

194 1523 328 1576 μεν.
358 1506 542 1573 Ὅπερ
597 1507 690 1561 καὶ
734 1506 1038 1576 ἀρχόμενος
1093 1501 1274 1573 εἷπον,
1307 1509 1388 1571 εἰς
1441 1509 1600 1564 τοῦτο
1640 1511 1736 1562 καὶ
1782 1508 1876 1563 νῦν

608 1781 2612 1793 _.____—___——__._.—————————_————_.
2625 1784 3076 1794 ———_———————
3088 1786 3517 1798 -Ἦ

1703 2004 2137 2066 ADMONITIO.

291 2213 655 2287 παραὸλάψαι
704 2214 988 2286 δυνήσεται
1013 2231 1028 2246 ο
1085 2213 1178 2268 καὶ
1228 2213 1415 2268 τοῦτον
1467 2213 1770 2284 ἠγωνίσατο
1817 2214 1910 2269 τὸν
1957 2213 2144 2284 ἀγῶνα
2187 2215 2217 2267 ὁ
2247 2212 2425 2283 λόγος,
2453 2213 2512 2266 ὃν
2549 2212 2868 2267 ἀπέσταλκὰ
2896 2228 2990 2265 σου
3019 2213 3086 2282 τῇ
3129 2210 3540 2282 τιμιότητινῦν.

291 2328 544 2400 Συνεχῶς
571 2329 636 2399 δὴ
659 2322 752 2382 οῦν
781 2326 943 2381 αὐτὸν
991 2325 1226 2398 ἐπέρχου
1255 2342 1270 2357 ο
1301 2328 1349 2380 εί
1379 2326 1435 2380 δὲ
1469 2325 1755 2395 ὑγιαίνοις,
1788 2327 1882 2380 καὶ

1952 2325 2005 2381 πὶ
2040 2327 2286 2399 γλώττης
2309 2326 2443 2398 φέρε
2473 2343 2487 2379 :
2525 2326 2576 2381 id
2609 2334 2712 2394 est,
2744 2325 2870 2380 Misi
2900 2326 2971 2380 ad
3017 2336 3064 2382 te
3100 2327 3154 2380 id
3203 2327 3340 2398 quod
3383 2343 3543 2396 nuper

300 2445 498 2502 litteris
532 2445 802 2511 mandavi,
832 2460 1010 2514 nempe
1043 2459 1182 2508 eum,
1213 2444 1304 2514 qui
1331 2444 1560 2513 seipsum
1587 2461 1691 2499 non
1717 2444 1935 2513 lteserit,
1964 2461 1996 2499 a
2028 2446 2231 2500 nemine
2260 2445 2367 2499 alio
2396 2444 2519 2500 ιιιίίὶ
2557 2460 2708 2512 posse
2731 2460 2750 2498 :
2782 2452 2830 2498 et
2860 2443 2955 2497 hoc
2996 2442 3242 2515 [quoque]
3280 2443 3543 2498 contendit

290 2559 432 2614 liber
459 2561 563 2625 hic,
600 2575 751 2630 quem
779 2557 849 2611 ad
876 2566 923 2612 te
946 2573 1085 2611 nunc
1115 2557 1256 2611 misi.
1291 2555 1468 2622 Quare
1497 2556 1649 2611 illum
1678 2557 1894 2612 assidue
1914 2558 2205 2628 pervolvas,
2240 2559 2344 2613 imo
2377 2559 2556 2622 etiam,
2584 2557 2630 2610 si
2656 2572 2749 2626 per
2771 2556 3121 2612 valetudinem
3152 2555 3293 2621 licet,
3330 2557 3536 2610 recites.

301 2676 472 2732 Liber
497 2685 643 2732 certe
667 2674 756 2729 hic
783 2671 1021 2729 secundo
1043 2671 1164 2726 loco
1193 2678 1672 2753 commemoratus,
1697 2671 1788 2727 hic
1818 2674 1934 2743 ipse
1966 2689 2127 2744 quem
2157 2681 2454 2729 tractamus
2485 2687 2606 2728 esse
2637 2671 2871 2738 videtur,
2906 2670 3008 2727 etsi
3039 2687 3125 2727 res
3169 2686 3276 2726 non
3320 2672 3543 2727 omnino

290 2794 580 2864 explorata
611 2791 702 2848 sit.

371 2906 517 2962 Idem
551 2905 667 2961 fere
704 2909 1086 2974 argumentum
1118 2901 1466 2972 prosequitur
1491 2899 1581 2957 hic
1613 2901 1769 2967 liber,
1805 2900 1953 2972 quod
1981 2901 2034 2956 in
2067 2902 2389 2972 praecedenti
2432 2908 2721 2956 tractatum
2755 2900 3013 2955 vidimus.
3043 2900 3236 2971 Agitur
3267 2899 3334 2954 de
3364 2898 3544 2954 feren-

295 3021 389 3076 dis
420 3018 585 3075 rebus
613 3017 859 3072 adversis
890 3015 1285 3085 cujuscumque
1311 3014 1526 3069 tandem
1556 3015 1768 3084 generis
1806 3015 1938 3072 sint.
1965 3013 2321 3084 exemploque
2352 3024 2664 3070 sanctorum
2704 3011 2916 3070 Veteris
2937 3011 3180 3088 Novique
3214 3013 3541 3070 Testamenti

295 3134 372 3189 ad
399 3149 518 3189 eam
549 3147 664 3187 rem
696 3130 1057 3186 instituuntur
1087 3127 1699 3200 Constantinopolitani,
1740 3134 1841 3202 qui
1882 3142 2012 3187 tunc
2052 3146 2081 3186 a
2115 3135 2360 3188 scelestis
2401 3133 2782 3202 perversisque
2823 3131 3136 3186 hominibus
3169 3133 3538 3184 vexabantur:

296 3248 372 3304 ad
401 3263 496 3303 eos
523 3247 759 3302 maxime
789 3253 1000 3316 spectat
1030 3244 1228 3310 oratio,
1260 3245 1355 3314 qui
1395 3234 1595 3314 probos
1644 3245 1890 3301 videntes
1924 3262 1955 3302 a
2004 3245 2276 3302 seditiosis
2317 3244 2648 3316 nefariisque
2687 3244 2895 3311 vexari,
2937 3244 3173 3300 divinam
3223 3240 3544 3299 incusarent

299 3358 725 3430 providentiam.
754 3358 990 3412 Atticum
1017 3370 1148 3412 vero
1173 3357 1278 3412 sibi
1312 3358 1365 3413 in
1391 3372 1763 3414 successorem
1805 3374 1836 3413 a
1873 3360 2260 3415 consceleratis
2307 3370 2616 3430 c00ptatum
2658 3359 2993 3430 perstringit.
3023 3373 3146 3415 cum
3173 3357 3249 3413 ait
3274 3373 3393 3427 cap.
3425 3356 3494 3410 20
3524 3375 3540 3410 :

299 3473 489 3543 Μηδὲν
524 3468 616 3527 οὖν
659 3490 718 3526 σε
755 3472 958 3526 τούτων
998 3471 1412 3538 σκανδαλιζέτω,
1453 3472 1528 3544 μὴ
1576 3474 1756 3545 ἱερεὺς
1801 3473 1896 3528 νῦν
1938 3475 2142 3544 φαῦλος
2183 3475 2582 3547 γεγενημένος,
2624 3475 2718 3529 καὶ
2764 3473 2929 3528 λύκου
2970 3472 3171 3538 παντὸς
3209 3471 3542 3545 ἀγριώτερον

302 3587 589 3659 ἐπιπηδῶν
621 3589 688 3657 τῇ
730 3586 897 3658 ἀγέλῃ
923 3604 937 3640 :
976 3584 1128 3640 Nihil
1155 3601 1277 3654 ergo
1309 3587 1530 3642 istorum
1559 3588 1655 3643 tibi
1679 3589 1994 3658 oﬂ'endiculo
2020 3591 2111 3656 sit,
2139 3605 2241 3644 non
2263 3591 2508 3645 sacerdos
2539 3605 2674 3643 nunc
2701 3591 3036 3660 deprauatus,
3077 3588 3201 3658 lupo
3236 3588 3415 3658 quovis
3442 3604 3542 3643 ste-

302 3707 420 3760 eius
474 3704 527 3758 in
565 3719 768 3774 gregem
823 3703 1084 3759 insiliens.
1137 3700 1237 3758 Hic
1295 3703 1432 3760 liber
1485 3719 1596 3760 non
1645 3705 1737 3761 diu
1789 3715 1918 3761 ante
1971 3705 2181 3762 obitum
2238 3721 2270 3761 a
2325 3705 2714 3778 Chrysostomo
2769 3705 3006 3778 scriptus
3053 3714 3174 3762 est:
3225 3719 3333 3775 qua
3377 3703 3446 3759 de
3484 3718 3544 3758 re

303 3822 556 3892 pluribus
585 3821 642 3875 in
675 3819 794 3876 Vita
834 3820 975 3890 ejus.

379 3934 762 4006 lnterpretatio
792 3934 982 3992 Latina
1010 3944 1096 3992 est
1126 3934 1420 3993 Frontonis
1453 3936 1653 3992 Duczei.

314 4179 488 4195 -——_
500 4179 558 4187 ..-
573 4177 1888 4188 ——‘————-s_—————-————_—

1377 4377 1609 4470 ΤΟΥ
1668 4370 2044 4464 ΑΥΤΟΥ
2105 4366 2477 4460 ΛΟΓΟΣ

297 4639 455 4710 Πρός
479 4637 619 4706 τοὺς
645 4629 1202 4696 σκανδαλισθέντας
1221 4628 1317 4684 ἐπὶ
1343 4629 1471 4696 ταῖς
1494 4625 1882 4696 δυσημερίαις
1902 4621 2031 4690 ταῖς
2058 4620 2433 4710 γενομέναις,
2446 4617 2544 4674 καί
2568 4615 2644 4710 τῇ
2661 4614 2945 4710 Δτοῦᾲαιιιοῦ
2970 4617 3069 4672 καί
3090 4614 3338 4672 πολλῶν
3359 4613 3559 4684 ἱερέων

865 4717 1059 4786 διώξει
1090 4717 1189 4774 καί
1228 4710 1556 4782 διαστροφῇ
1591 4711 1692 4768 καὶ
1719 4711 1851 4781 περὶ
1874 4709 2320 4778 ἀκαταλήπτων,
2341 4708 2442 4764 καί
2475 4707 2626 4764 κατὰ
2657 4705 2970 4763 Ἰουδαίων.

381 5237 605 5311 Ἶατρῶν
629 5232 730 5308 μὲν
754 5231 964 5297 παῖδες,
985 5229 1114 5286 ὅταν
1139 5226 1500 5298 πυρέττοντάς
1527 5242 1698 5290 τινας,
1719 5223 1754 5297 ἢ
1777 5222 1888 5278 ἐτε-
1992 5218 2509 5292 σκανδαλιζομένους
2558 5217 2881 5289 θεραπεύειν
2929 5212 3320 5311 ἐσπουδακότες
3350 5210 3411 5311 οῦ
3444 5213 3559 5269 δεό-

298 5334 396 5405 ρὸν
421 5350 474 5386 τι
499 5308 710 5401 νόσημα
737 5326 1026 5387 νοσοῦντας
1050 5321 1286 5393 μέλλωσι
1313 5318 1658 5386 θεραπεύειν,
1688 5316 1886 5377 αὐτοὺς
1992 5320 2132 5390 μεθά
2149 5335 2293 5380 τινος
2313 5312 2577 5368 τοιούτου.
2602 5313 2735 5365 Οὐδὲ
2758 5313 2863 5382 γὰρ
2892 5313 2971 5372 εἰς
3001 5308 3148 5362 οἶκόν
3167 5326 3314 5372 τινος
3342 5309 3452 5362 τῶν
3476 5327 3564 5363 νο-

297 5404 517 5497 πρῶτον
550 5421 773 5494 ζητοῦσι
819 5419 946 5478 τοὺς
983 5414 1291 5484 κάμνοντας
1321 5408 1467 5471 ἰδεῖν,
1491 5409 1571 5461 ὅτι
1603 5404 1884 5477 πόρῥωθεν
1991 5413 2230 5468 σούντων
2271 5410 2534 5464 εἰσελθεῖν
2590 5407 2870 5478 αἰτοῦμεν,
2907 5404 3014 5459 οὐδ’
3050 5405 3178 5460 ἔνθα
3216 5404 3567 5460 κατάκεινται

296 5493 478 5569 αῦτών
518 5493 692 5574 ὄντες,
718 5508 818 5560 οὐκ
857 5505 924 5559 ἂν
962 5501 1207 5556 δύναιντο
1248 5497 1318 5550 τὰ
1352 5495 1480 5565 παρ’
1520 5493 1733 5584 ἑαυτῶν,
1774 5493 1885 5584 εἶς’
1993 5511 2204 5584 μαθεῖν,
2229 5509 2342 5564 ἀλλ’
2373 5507 2492 5563 οὐδὲ
2522 5507 2717 5570 αὐτοὺς
2741 5505 2864 5568 τοὺς
2885 5502 3200 5574 ἀρρώστους
3225 5503 3351 5555 ἰδεῖν
3376 5501 3570 5572 ἐπιζη-

297 5603 576 5671 ιινεγκεῖψ
620 5597 859 5652 τοιοῦτον
901 5592 1010 5664 γὰρ
1052 5590 1147 5645 καὶ
1187 5591 1220 5661 ἡ
1262 5588 1449 5678 τέχνη,
1485 5585 1580 5678 καὶ
1615 5583 1754 5678 auri)
1781 5583 1888 5638 τῶν

1987 5607 2207 5678 τοῦμεν.
2241 5607 2356 5662 Οὐκ
2390 5607 2597 5678 δργανα
2630 5601 3077 5675 μεταχειρίζομεν
3105 5614 3153 5666 ιι,
3181 5599 3241 5670 οὐ
3272 5598 3573 5669 χρημάτων

298 5693 621 5764 νοσημάτων
649 5691 682 5760 ἡ
714 5690 873 5758 φύσις
906 5682 1144 5737 ἐκείνων.
1181 5681 1367 5752 Ἡμεῖς
1405 5677 1461 5730 δὲ
1507 5677 1604 5745 οὐχ
1641 5673 1738 5727 ἕνα
1785 5692 1887 5728 που

300 5785 399 5842 καὶ
420 5754 690 5854 δεύτερον,
723 5776 859 5834 ἀλλὰ
888 5773 1092 5835 πάντας
1113 5772 1235 5837 τοὺς
1265 5770 1408 5830 κατά
1439 5768 1536 5839 τὴν
1564 5766 1888 5837 οἰκουμένην

2057 5773 2081 5802 ⁸
2103 5770 2237 5836 H820,
2266 5769 2352 5820 οὐκ
2375 5771 2547 5838 ὄργανα
2570 5765 2965 5833 μεταχειρίζομεν,
3001 5763 3182 5814 desunt
3200 5763 3250 5811 in
3268 5754 3432 5808 tribus
3450 5769 3569 5808 mss.
