4030 6206
499 359 599 422 481

499 472 799 545 ποιούμεθα
836 474 1104 544 δαπάνην,
1142 473 1210 527 τὰ
1250 487 1383 547 προς
1429 475 1670 548 ἰατρείαν
1711 477 1964 533 ὠνεῖσθαι
1996 496 2088 534 κε-

495 558 740 624 λεύοντες
764 561 890 635 τοὺς
913 559 1270 622 ἀσθενοῦντας
1293 576 1306 589 ·
1347 560 1483 616 ἀλλά
1529 561 1630 622 κᾶν
1659 563 1922 630 ἄγνωστοι
1957 567 2087 636 ἡμῖν

493 640 621 721 ὦσι,
675 647 778 702 κᾶν
826 648 962 722 πρὸς
1001 647 1172 718 αὐτάς
1213 647 1585 724 ἀπῳκισμένοι
1637 651 1733 715 τὰς
1775 653 1873 726 τῆς
1905 655 2086 708 οἰκου-

497 737 665 807 μένης
709 737 983 808 ἐσχατιὰς,
1033 736 1138 792 κᾶν
1195 737 1255 791 ἐν
1314 738 1500 814 μέσοις
1539 741 1852 816 βαρϐάροις,
1885 745 1990 800 κᾶν
2023 747 2084 800 ἐν

492 824 641 896 αὐτῷ
662 826 900 896 κείμενοι
923 825 1004 897 τῷ
1025 827 1124 898 τῆς
1146 829 1420 899 πτωχείας
1444 830 1699 902 πυθμένι,
1726 831 1827 892 κᾶν
1853 833 2084 906 πένητες

490 913 757 986 τοσαύτην
783 915 990 983 πενίαν,
1034 914 1177 971 ὥστε
1226 917 1322 972 καὶ
1358 918 1458 990 τῆς
1503 919 1808 988 ἀναγκαίας
1853 921 2080 995 ἀπορεῖν

489 1003 713 1072 τροφῆς,
742 1003 892 1070 οὐδὲν
923 1005 1053 1076 ήμῖν
1080 1004 1284 1068 τούτων
1311 1006 1446 1077 πρὸς
1465 1008 1565 1078 τὴν
1598 1009 1839 1079 ἰατρείαν
1868 1010 2078 1079 γίνεται

489 1089 737 1160 κώλυμαε
771 1090 887 1156 ᾲλλ’
924 1093 1007 1157 ἐνὶ
1045 1091 1323 1165 [465466]
1362 1094 1633 1166 ἱδρυμένοι
1673 1096 1876 1167 χωρίῳ,
1907 1099 2080 1169 χωρὶς

485 1176 755 1248 ὀργάνων,
787 1179 882 1244 καὶ
909 1179 1240 1251 φαρμάκων,
1270 1181 1364 1248 καὶ
1393 1181 1597 1251 σιτίων,
1632 1184 1727 1238 καὶ
1753 1185 1952 1248 ποτῶν,
1983 1187 2080 1239 καὶ

489 1268 804 1344 χρημάτων.
850 1269 945 1330 καὶ
985 1271 1206 1343 μακρᾶς
1244 1271 1574 1342 ἀποδημίας,
1625 1274 1724 1346 τὴν
1784 1275 1938 1338 νόσον
1971 1277 2078 1330 άπ-

487 1341 784 1428 ελαύνομεν
820 1357 1041 1428 ταύτην.
1093 1341 1219 1422 Πῶς
1254 1358 1353 1423 καὶ¹
1395 1341 1536 1432 ποίῳ
1568 1341 1754 1433 τρόπῳ
1778 1374 1840 1428 ﬂ;
1880 1361 1942 1416 τὸ
1981 1363 2074 1421 τοῦ

483 1442 644 1511 λόγου
685 1444 1180 1510 κατασκευάζοντες
1220 1447 1529 1518 φάρμακον,
1572 1448 1634 1512 τὸ
1669 1448 1845 1508 ταῦτα
1897 1453 2074 1519 πάντα

484 1529 763 1600 γινόμενον
802 1533 912 1596 τοῖς
942 1531 1176 1599 νοσοῦσι,
1222 1521 1586 1604 καΓάμεινον
1621 1536 1654 1606 ἣ
1697 1535 1766 1589 τὰ
1805 1537 2074 1609 εἰρημένα

482 1616 718 1673 ἅπαντα.
749 1619 861 1673 Καὶ
895 1618 1004 1691 γὰρ
1030 1621 1124 1674 καὶ
1147 1622 1313 1692 ἄρτου
1345 1621 1535 1692 τρέφει
1567 1623 1786 1692 μᾶλλον,
1814 1625 1908 1678 καὶ
1932 1643 2072 1697 φαρ-

487 1705 666 1776 μάκου
721 1707 1026 1779 διορθοῦται
1078 1708 1238 1763 πλέον
1261 1749 1276 1774 ,
1337 1711 1431 1764 καὶ
1485 1711 1656 1781 πυρὸς
1714 1712 2070 1783 εὐτονώτερον

483 1791 650 1853 καίει.
678 1792 943 1864 ἀλγηδόνα
992 1793 1089 1865 μὲν
1134 1795 1390 1866 οὐδεμίαν
1439 1797 1698 1868 παρέχον,
1734 1799 1843 1852 τῶν
1876 1799 1933 1854 δὲ
1968 1818 2066 1853 πο-

478 1877 658 1949 νηρῶν
682 1880 957 1951 λογισμῶν
989 1881 1058 1934 τὰ
1081 1881 1288 1953 δυσώδη
1321 1882 1566 1954 ῥεύματα
1591 1885 1913 1940 ἀναστέλλον
1933 1903 1945 1916 ⁸
1973 1890 2066 1942 καὶ

480 1965 697 2038 σιδήρου
742 1967 1050 2038 τομώτερον
1092 1967 1280 2038 τέμνει
1314 1968 1384 2022 τά
1432 1969 1707 2039 σεσηπότα
1749 1971 2065 2038 ἀνωδύνωςσ

477 2054 571 2106 καὶ
603 2053 762 2108 τοῦτο
799 2055 984 2109 ποιοῦν
1026 2055 1270 2126 δαπάνην
1306 2055 1560 2126 οὐδεμίαν
1603 2057 1894 2127 ἐργάζεται
1933 2079 2065 2132 χρη-

477 2141 684 2212 μάτων,
715 2144 835 2198 οὐδέ
869 2145 1138 2216 ἐπιτρίϐει
1171 2145 1380 2199 πενίαν.
1409 2146 1579 2200 Τοῦτο
1602 2144 1694 2200 οὐν
1723 2151 2064 2205 κατασκευά·

474 2246 665 2294 σαντες
712 2230 775 2290 τδ
824 2231 1148 2306 φάρμακον,
1197 2233 1332 2296 πᾶσι
1387 2233 1910 2309 παραπεμπόμεθα,
1966 2239 2062 2292 καὶ

471 2317 674 2382 πάντες
694 2312 792 2379 οἷδ’
818 2318 898 2380 ὅτι
918 2318 1316 2384 ἀπολαύσονται
1340 2319 1656 2397 θεραπείας,
1691 2323 1850 2392 μόνον
1882 2325 1930 2380 εί
1951 2327 2060 2390 τοῖς

469 2403 778 2474 λεγομένοις
805 2404 944 2475 μετά
985 2405 1268 2476 ἀκριϐείας
1301 2407 1395 2459 καὶ
1434 2407 1853 2480 εὐγνωμοσύνης
1892 2428 2058 2482 προσ-

469 2491 666 2562 έχοιεν.

537 2581 678 2649 Κεφ.
697 2585 767 2635 α’.
804 2579 1019 2650 Ἐπειδὴ
1038 2580 1095 2634 δὲ
1115 2582 1208 2635 καὶ
1224 2582 1318 2634 ἐπὶ
1335 2582 1444 2646 τῶν
1467 2583 1734 2656 σωμάτων
1758 2589 1819 2648 οὐ
1839 2591 2054 2663 μικρὸν,

465 2664 601 2720 ἀλλά
619 2668 711 2725 καὶ
735 2668 990 2750 μέγιστον
1014 2670 1148 2740 πρὸς
1173 2670 1271 2744 τὴν
1293 2672 1394 2741 τῆς
1414 2674 1723 2745 ἀρρωστίας
1738 2679 2055 2752 ἀπαλλαγήν

468 2755 740 2810 συντελεῖν
769 2757 928 2813 είωθε
958 2755 1020 2810 τὸ
1054 2758 1245 2829 μαθεῖν
1289 2760 1381 2814 τὸν
1427 2761 1704 2831 κάμνοντα
1743 2767 1841 2838 τῆς
1871 2768 2054 2839 ἀρρω-

467 2842 619 2906 στίας
643 2842 741 2914 τήν
778 2843 1033 2899 ὑπόθεσιν
1069 2843 1151 2915 (οὐ
1193 2845 1303 2918 γὰρ
1353 2847 1418 2919 δὴ
1465 2849 1624 2920 μόνον
1662 2851 1760 2924 τῆς
1794 2854 2054 2926 κατεχού-

466 2947 569 3001 σης
598 2929 758 2984 αὐτὸν
797 2931 1242 3004 ἀπαλλαγήσεται
1277 2935 1432 2990 νόσου
1476 2937 1636 2992 τοῦτο
1675 2940 1884 3010 μαθὼν,
1937 2943 2052 3008 ἀλλ’

461 3018 583 3073 οὐδὲ
605 3017 746 3089 μετὰ
767 3017 939 3085 ταῦτα
965 3020 1103 3093 αὐτῇ
1127 3027 1525 3096 περιπεσεῖται,
1554 3027 1651 3101 τὴν
1669 3030 1845 3086 αἰτίαν
1868 3034 2050 3102 γνοὺς,

459 3109 556 3178 ἀφ’
599 3102 668 3180 ἦς
710 3108 847 3188 αὐτῇ
897 3111 1225 3182 περιέπεσεν
1274 3112 1438 3180 ἅπαξ,
1480 3117 1574 3170 καὶ
1605 3118 2048 3193 φυλαττόμενος),

461 3195 595 3267 φέρε
619 3195 713 3250 καὶ
741 3197 900 3268 ἡμεῖς
922 3197 1080 3251 τοῦτο
1109 3198 1324 3269 πρῶτον
1349 3202 1472 3264 τοὺς
1501 3202 1569 3256 τὰ
1594 3205 1818 3260 τοιαῦτα
1842 3199 2051 3264 νοσοῦν-

459 3301 558 3347 τας
578 3274 895 3356 διδάξωμεν,
924 3286 1085 3339 πόθεν
1115 3288 1298 3352 αὐτοῖς
1333 3288 1393 3340 τὸ
1427 3289 1640 3360 νόσημα
1674 3291 1832 3346 τοῦτο
1858 3294 2047 3364 γέγονε

457 3372 554 3428 τοῦ
583 3373 901 3439 σκανδάλου,
930 3375 994 3436 El
1027 3373 1136 3446 γὰρ
1162 3374 1227 3446 δὴ
1258 3376 1415 3440 τοῦτο
1458 3377 1700 3448 μάθοιεν,
1727 3382 1820 3435 καὶ
1856 3382 2046 3456 βουλη-

457 3459 599 3512 θεῖεν
639 3460 977 3530 φυλάξασθαι
1027 3462 1168 3534 μετά
1208 3463 1494 3535 ἀκριϐείας
1535 3465 1698 3531 αὐτὸ,
1741 3468 1801 3520 οὐ
1843 3471 2046 3540 ταύτης

461 3547 620 3614 μόνον
657 3549 1131 3621 ἀπαλλαγήσονται
1179 3551 1278 3622 τῆς
1307 3553 1633 3624 ἀρρωστίας,
1669 3557 1788 3610 οὐδέ
1825 3558 1919 3613 νῦν
1957 3563 2047 3631 μό-

456 3651 564 3700 νον,
590 3635 726 3689 ἀλλά
752 3637 848 3691 καὶ
869 3638 1133 3710 διηνεκῶς
1163 3640 1256 3693 καὶ
1283 3639 1488 3712 ταύτης
1510 3641 1604 3694 καὶ
1635 3644 1836 3713 ἐτέρων
1865 3647 2044 3701 πλειό-

454 3740 581 3782 νων,
607 3723 844 3797 Τοιαύτη
871 3726 979 3797 γὰρ
1001 3727 1096 3790 καὶ
1129 3728 1164 3797 ή
1207 3726 1304 3786 τοῦ
1349 3727 1640 3798 φαρμάκου
1670 3730 1858 3797 τούτου
1883 3733 2042 3801 φύσις

453 3809 621 3875 ἐστὶν,
659 3812 736 3875 ώς
773 3813 947 3866 καὶτὸ
992 3814 1165 3885 παρὸν
1196 3813 1553 3885 θεραπεῦσαι,
1606 3815 1701 3870 καὶ
1727 3819 1834 3872 τῶν
1867 3821 2042 3877 ἄλλων

452 3899 704 3966 γενέσθαι
737 3901 1170 3971 προφυλακτικὺν
1212 3903 1419 3957 παθῶν.
1467 3904 1541 3960 Οὐ
1577 3905 1683 3979 γὰρ
1716 3907 1774 3960 ἓν
1812 3911 1905 3963 καὶ
1947 3911 2040 3965 δύο

451 3988 547 4040 καὶ
575 3988 718 4056 τρία,
743 3988 878 4043 ἀλλά
909 3989 1002 4043 καὶ
1026 3989 1198 4043 πολλά
1235 3990 1376 4044 κατὰ
1398 3991 1487 4044 τὸν
1511 3994 1756 4064 παρόντα
1779 3995 1890 4065 βίον
1923 4000 2039 4054 ἐστὶ

449 4076 520 4129 τὰ
568 4077 985 4141 σκανδαλίζοντα
1025 4080 1151 4143 τοὺς
1195 4080 1650 4152 ἀσθενεστέρους’
1699 4083 1794 4136 καὶ
1835 4085 2037 4139 τούτων

449 4163 702 4217 ἀπάντων
745 4166 774 4218 ὁ
812 4165 970 4234 λόγος
1010 4167 1164 4237 ήμῶν
1202 4168 1595 4239 ἐπαγγέλλεται
1640 4172 1765 4234 τοὺς
1812 4172 2038 4238 ἁλόντας

448 4251 785 4324 ἐλευθεροῦν,
832 4255 991 4324 μόνον
1045 4256 1092 4308 εἰ
1137 4256 1443 4326 βουληθεῖεν
1500 4258 1654 4330 (ὅπερ
1699 4261 1792 4313 καὶ
1839 4261 2039 4336 ἔμπρο-

448 4338 574 4392 σθεν
618 4337 793 4405 εἶπον)
843 4342 937 4395 καὶ
992 4341 1182 4412 μαθεῖν
1230 4344 1321 4396 καὶ
1365 4345 1597 4422 φυλάξαι
1640 4347 1708 4400 τά
1745 4348 2033 4420 λεγόμενα.

449 4424 712 4496 Ῐίοιοῦμαι
757 4426 814 4480 δὲ
864 4426 963 4498 τὴν
1010 4428 1300 4499 θεραπείαν
1340 4430 1570 4502 ταύτην,
1618 4433 1718 4487 οὐκ
1767 4433 1874 4488 ἀπὸ
1926 4437 2034 4490 τῶν

445 4513 644 4568 θεῖκῶν
679 4514 836 4585 μόνον
874 4515 1107 4587 Γραφῶν
1157 4517 1443 4583 συντιθεὶς,
1489 4519 1626 4573 ἀλλά
1658 4522 1752 4574 καὶ
1797 4524 1905 4577 ἀπὸ
1927 4526 2033 4581 τῶν

443 4601 584 4654 κατά
615 4601 708 4654 τὸν
749 4601 992 4673 παρόντα
1034 4603 1146 4673 βίον
1172 4605 1470 4680 γινομένων
1505 4607 1600 4660 καὶ
1629 4609 2032 4679 συμϐαινόντων

441 4690 736 4760 διηνεκῶςσ
768 4691 908 4746 ὥστε
939 4693 1032 4746 καὶ
1061 4695 1170 4755 τοῖς
1203 4694 1277 4768 μὴ
1299 4695 1624 4768 προσέχουσι
1646 4698 1887 4769 Γραφαῖς
1919 4717 2031 4753 κοι-

442 4779 538 4849 νήν
563 4781 814 4849 γενέσθαι
842 4782 940 4854 τήν
982 4782 1288 4855 διόρθωσιν,
1333 4787 1380 4838 εἰ
1427 4785 1766 4856 βουληθεῖεν’
1813 4789 1873 4842 οὐ
1918 4790 2026 4863 γὰρ

443 4866 722 4938 παύσομαι
749 4869 907 4923 τοῦτο
932 4870 1170 4941 συνεχῶς
1197 4871 1483 4941 ἐπιλέγων.
1518 4874 1753 4946 Ἀνάγκη
1785 4876 1894 4949 γὰρ
1933 4879 2027 4932 καὶ

442 4951 670 5023 βίᾳ,καὶ
705 4955 780 5024 μὴ
813 4956 1117 5030 βουλομένῳ
1155 4960 1255 5013 οὐκ
1299 4959 1379 5012 ἔνι
1438 4961 1642 5032 ταύτην
1690 4964 1819 5016 ποτε
1869 4964 2026 5035 θερα-

439 5038 700 5109 πευθῆναι
730 5041 828 5113 τὴν
858 5043 1118 5114 ἰατρείαν,
1159 5047 1254 5100 καὶ
1305 5048 1431 5108 τοὺς
1471 5048 1648 5112 θείους
1687 5050 1762 5120 μὴ
1794 5052 2021 5105 καταδε-

438 5125 651 5196 χομένῳ
703 5129 1010 5198 χρησμούςσ
1066 5131 1161 5184 καὶ
1212 5134 1481 5197 ἐντεῦθεν,
1516 5136 1714 5205 μᾶλλον
1765 5138 1820 5191 δὲ
1863 5139 2022 5194 πλέον

435 5211 747 5288 ἐντεῦθενῆ
791 5215 856 5270 ἐκ
906 5216 1006 5285 τῆς
1061 5219 1168 5276 τῶν
1218 5222 1557 5292 πραγμάτων
1611 5225 1937 5290 ἀποδείξεως
1968 5229 2017 5281 ι).

435 5298 558 5363 Τῶν
583 5301 692 5378 γὰρ
718 5303 1008 5382 ὁρωμένων
1039 5305 1481 5378 ἀξιοπιστοτέραν
1513 5311 1592 5363 δεῖ
1627 5313 1728 5385 τὴν
1758 5313 1850 5365 τοῦ
1882 5314 2017 5368 Θεοῦ

431 5387 707 5456 ἀπόφασιν
733 5391 1004 5457 πιστεύειν
1038 5389 1197 5450 εἶναι.
1227 5397 1328 5451 Διά
1357 5416 1437 5451 τοι
1465 5398 1622 5465 τοῦτο
1648 5402 1740 5453 καὶ
1773 5403 2017 5471 χαλεπω-

431 5474 562 5545 τέρα
594 5475 813 5542 τούτους
857 5480 1005 5558 μένει
1049 5484 1285 5553 τιμωρία
1340 5485 1413 5557 μὴ
1462 5485 1894 5560 διορθουμένους,
1935 5491 2013 5544 ὅτι

495 5631 521 5700 ξ’
543 5630 642 5700 Alii
667 5635 747 5681 καὶ
763 5638 851 5700 τίνι
876 5638 1051 5700 τρόπῳ.

490 5689 519 5774 ξ’
543 5692 668 5774 ἱΓςςεε
689 5709 802 5774 mss.
828 5699 881 5744 ἐκ
899 5689 981 5757 τῆς
1003 5689 1099 5774 τῷν
1119 5701 1314 5774 Γραφῇιν
1337 5704 1621 5774 ἀπρὸ.ηιίιιδο
1641 5707 1759 5774 νὶίίο
1784 5709 2009 5774 laborare

425 5755 798 5862 HalatSavilius
829 5775 837 5808 :
866 5755 999 5811 certe
1025 5755 1291 5813 vidcl'ur'in
1309 5763 1448 5826 scric
1474 5768 1641 5818 Graeca
1663 5755 2007 5832 διίιιυίιίιίέέίί

459 5829 607 5866 erm.

1236 361 1292 416 Β.
1331 361 1617 430 JOANNIS
1651 365 2142 436 CHRYSQSTOIH
2184 367 2499 427 ABCIIIEP.
2541 363 3099 439 CONSTANTINOP.

3659 392 3765 449 489

2190 481 2469 555 δεξάμενοι
2502 488 2600 552 τὰς
2635 489 2876 562 Γραφάς,
2910 495 3063 551 οὐδὲν
3107 497 3315 552 ἐκεῖθεν
3346 503 3425 566 εἰς
3453 503 3553 576 τὴν
3593 507 3765 562 τοιαύ-

2189 595 2288 649 την
2342 581 2674 650 καρποῦνται
2717 585 3004 655 ώφέλειαν.
3043 589 3138 646 Ἷν”
3177 586 3271 646 οὖν
3329 592 3405 663 μὴ
3450 596 3607 652 τοῦτο
3658 600 3766 658 τά-

2191 687 2380 740 σχωσι,
2415 674 2547 744 φέρε
2588 676 2851 748 ἁψώμεθα
2894 680 2992 751 τῆς
3032 682 3367 753 διορθώσεως
3417 688 3620 760 λοιπὸν,
3668 696 3770 768 τὴν

2188 762 2365 817 αἰτίαν
2392 765 2634 832 εἰπόντες
2665 768 2760 824 τοῦ
2788 773 3090 842 νοσήματος
3123 775 3360 848 πρῶτον.

2263 854 2413 928 [467]
2427 859 2566 926 Κεφ.
2583 858 2649 929 β’.
2663 860 2756 925 Τίς
2771 856 2908 934 οῦνή
2923 863 3071 918 αίτία
3086 867 3184 937 τῆς
3204 867 3516 940 ἀρρωστίας
3530 873 3629 945 τῆς
3643 892 3739 930 τοσ
3750 908 3766 917 -

2186 946 2357 1019 αύτης
2382 948 2556 1016 ἐστίν;
2602 951 2666 1005 Ἦ
2691 953 3099 1026 πολυπράγμων
3121 959 3214 1012 καὶ
3233 961 3524 1034 περίεργος
3547 965 3764 1039 γνώμη,

2186 1039 2279 1093 καὶ
2295 1039 2357 1093 τὸ
2374 1039 2656 1111 βούλεσθαι
2675 1045 2888 1099 πάντων
2906 1047 3016 1102 τῶν
3036 1051 3337 1122 γινομένων
3358 1055 3556 1112 εἰδέναι
3574 1060 3671 1119 τάς
3683 1063 3765 1116 al-

2181 1128 2304 1195 τίας
2323 1131 2562 1198 ἁπάσας,
2583 1136 2675 1190 καὶ
2690 1137 3011 1206 φιλονεικεῖν
3035 1139 3132 1212 τήν
3148 1142 3529 1216 ἀκατάληπτον
3553 1151 3646 1205 καὶ
3666 1153 3764 1225 ἀρ.

2183 1225 2346 1296 ρητον
2360 1225 2455 1278 τοῦ
2471 1226 2606 1282 Θεοῦ
2631 1230 2906 1300 πρόνοιαν,
2924 1233 3021 1314 τήν
3041 1236 3340 1306 ἀπέραντον
3356 1242 3448 1294 καὶ
3464 1243 3737 1316 ἀνεξιχνία
3752 1279 3764 1288 ι

2183 1333 2307 1371 στον
2345 1321 2798 1392 περιεργάζεσθαι
2825 1311 3210 1397 ἀναισχύντως,
3239 1333 3332 1386 καὶ
3367 1311 3752 1410 πολυπραγμο-

2179 1413 2308 1467 νεῖν.
2334 1415 2525 1468 Καίτοι
2553 1416 2637 1481 τίς
2658 1418 2752 1471 τοῦ
2776 1419 2988 1474 Παύλου
3016 1422 3319 1500 σοφώτερος
3343 1426 3597 1497 γέγονεν;
3627 1432 3765 1487 Είπέ

2177 1505 2285 1576 γάρ
2310 1523 2420 1576 μοι,
2450 1507 2512 1561 οὐ
2544 1510 2736 1575 σκεῦος
2768 1513 2995 1585 ἐκλογῆς
3016 1510 3084 1584 ἦν
3119 1511 3308 1584 οῦτος;
3341 1520 3401 1572 οὐ
3437 1521 3635 1594 πολλὴν
3668 1527 3765 1580 καὶ

2175 1596 2380 1661 ἄφατον
2429 1601 2778 1658 ἐπεσπάσατο
2820 1605 2912 1659 τοῦ
2951 1608 3264 1680 Πνεύματος
3309 1612 3408 1684 τὴν
3461 1616 3659 1688 χάνρινς
3697 1624 3760 1676 οὐ

2173 1689 2263 1743 τὸν
2295 1691 2526 1762 Χριστὸν
2562 1689 2708 1766 εἶχεν
2746 1699 2804 1752 ἐν
2845 1699 3022 1771 ἐαυτῷ
3062 1701 3354 1772 λαλοῦντα;
3383 1707 3482 1762 οὐκ
3512 1709 3762 1784 ἀποῤῥή‹

2173 1799 2280 1835 των
2318 1784 2639 1858 ἐκοινώνησε
2682 1791 2775 1844 τοῦ
2825 1792 2960 1846 Θεοῦ
3010 1795 3302 1865 ῥημάτων;
3345 1797 3444 1870 οὐχ
3488 1800 3524 1854 ἃ
3569 1801 3761 1872 μηδενὶ

2171 1875 2474 1945 ἀνθρώπων
2515 1881 2742 1952 λαλῆσαι
2788 1885 2904 1949 ἐξὸν
2937 1881 3026 1957 ἦν,
3062 1889 3222 1957 μόνος
3253 1892 3484 1962 ἤκουσεν
3512 1894 3756 1957 ἐκεῖνος;

2168 1966 2270 2019 οὐκ
2299 1968 2379 2032 εἰς
2408 1971 2732 2042 παράδεισον
2773 1977 3030 2048 ήρπάγη;
3076 1981 3176 2034 οὐκ
3207 1983 3288 2044 εἰς
3316 1983 3496 2052 τρίτον
3529 1985 3761 2056 οὐρανὸν

2169 2057 2472 2130 ἀνηνέχθη;
2517 2063 2578 2116 οὐ
2634 2065 2737 2134 γῆν
2777 2067 2872 2119 καὶ
2917 2066 3188 2124 θάλασσαν
3241 2073 3643 2144 περιέδραμεν;
3693 2074 3760 2127 οὐ

2169 2147 2476 2221 βαρϐάρους
2501 2153 2810 2225 φιλοσοφεῖν
2838 2157 3086 2225 ἔπεισεν;
3113 2161 3174 2215 οὐ
3204 2163 3405 2228 πολλὰς
3449 2165 3542 2218 καί¹
3573 2167 3758 2219 ποικί-

2165 2237 2264 2301 λας
2285 2233 2398 2316 εἶχε
2421 2241 2515 2294 τοῦ
2541 2243 2856 2316 Πνεύματος
2878 2246 3185 2319 ἐνεργείας;
3213 2251 3273 2305 οὐ
3298 2252 3360 2324 δή
3371 2271 3502 2324 μους
3533 2255 3754 2328 ὁλοκλήσ

2165 2347 2295 2400 ρους
2320 2332 2412 2385 καὶ
2434 2334 2617 2408 πόλεις
2640 2337 2966 2410 ἐρρύθμιζεν
2988 2359 3002 2409 ;
3048 2342 3110 2395 οὐ
3138 2343 3238 2413 τὴν
3258 2345 3580 2418 οἰκουμένην
3609 2347 3751 2403 am-

2164 2439 2265 2476 σαν
2297 2424 2378 2487 είς
2425 2427 2613 2498 χεῖρας
2663 2429 2813 2500 αὐτῷ
2863 2433 3045 2503 φέρων
3097 2433 3292 2505 έθηκεν
3329 2436 3359 2489 ὁ
3396 2435 3565 2504 Θεός;
3614 2439 3758 2494 Ἀλλ’

2160 2509 2309 2581 ὅμως
2350 2513 2380 2566 δ
2423 2515 2677 2582 τοσοῦτος
2719 2519 2813 2573 καὶ
2860 2521 3195 2592 τηλικοῦτος,
3223 2525 3253 2578 δ
3294 2527 3456 2596 σοφὸς
3485 2527 3629 2582 οὕτω
3659 2530 3760 2584 καὶ

2158 2601 2382 2668 δυνατὸς
2422 2608 2514 2662 καὶ
2540 2611 2903 2682 πνευματικὸς
2930 2613 3088 2687 ἀνὴρ,
3107 2616 3137 2670 ό
3163 2615 3430 2676 τοσούτων
3450 2619 3758 2684 ᾀπολελαυο

2161 2693 2292 2764 κὼς,
2323 2695 2452 2758 ὅταν
2486 2699 2566 2763 είς
2616 2700 2715 2772 τήν
2763 2702 3008 2770 ἐξέτασιν
3048 2706 3148 2779 τῆς
3184 2708 3277 2770 τοῦ
3321 2708 3457 2766 Θεοῦ
3493 2711 3757 2781 προνοίας

2159 2786 2395 2860 ἐμπέσῃ,
2426 2790 2520 2842 καὶ
2561 2791 2683 2844 οὐδὲ
2734 2793 3030 2866 ὁλοκλήρου
3080 2798 3359 2869 προνοίας,
3405 2800 3542 2854 ἀλλά
3589 2805 3759 2874 μόνον

2158 2879 2238 2941 εἰς
2271 2889 2294 2918 ε
2329 2880 2494 2951 μέρος
2535 2882 2726 2955 αὐτῆς,
2779 2885 3012 2940 ἄκουσον
3057 2888 3176 2953 πῶς
3215 2891 3596 2963 ἐκπλήττεται,
3634 2895 3757 2962 πῶς

2160 2967 2384 3043 ἰλιγγιᾷ,
2417 2973 2534 3038 πῶς
2563 2974 2818 3048 ἀποπηδᾷ
2845 2977 3056 3050 ταχέως
3075 2980 3153 3052 τῷ
3175 2982 3544 3057 ἀκαταλήπτῳ
3572 3003 3754 3059 παρα-

2156 3064 2368 3134 χωρῶν.
2391 3065 2520 3120 Ὅτε
2556 3061 2648 3122 οῦν
2681 3068 2986 3135 ἐσκοπεῖτο,
3023 3072 3121 3144 οὐχ
3153 3074 3300 3142 ὅπως
3337 3077 3584 3146 ἀγγέλων
3614 3097 3754 3151 προ-

2155 3154 2265 3206 νοεῖ
2287 3153 2382 3208 καὶ
2407 3155 2762 3228 ἀρχαγγέλων
2791 3159 2819 3212 ὁ
2849 3160 3003 3225 Θεὸς,
3028 3163 3124 3218 καὶ
3155 3164 3262 3220 τῶν
3304 3169 3618 3240 χερουϐεὶμ,
3652 3174 3756 3225 καὶ

2154 3246 2261 3298 τῶν
2305 3252 2595 3331 σεραφεὶμ,
2639 3251 2734 3331 καὶ
2773 3253 2882 3306 τῶν
2930 3253 3105 3308 ἄλλων
3150 3257 3397 3326 ἀοράτων
3436 3260 3750 3331 δυνάμεων,

2152 3339 2270 3392 οὐδὲ
2303 3341 2419 3406 πῶς
2445 3323 2612 3414 ήλίόύ,
2660 3325 2753 3399 καὶ
2798 3345 3047 3418 σελήνης,
3083 3349 3176 3403 καὶ
3211 3323 3463 3422 οὐρανοῦ,
3493 3323 3585 3408 καί
3616 3323 3748 3425 γῆς,

2153 3433 2248 3487 καὶ
2288 3434 2582 3507 θαλάσσης,
2625 3439 2744 3492 οὐδὲ
2788 3441 2906 3504 πῶς
2946 3440 3039 3493 τοῦ
3074 3440 3266 3510 γένους
3296 3445 3403 3500 τῶν
3440 3446 3756 3516 ἀνθρώπων

2151 3525 2371 3589 παντὸς,
2413 3527 2532 3594 οὐδέ
2578 3529 2695 3594 πῶς
2733 3531 2962 3600 ἀλόγων,
2997 3533 3094 3587 καὶ
3126 3535 3330 3603 φυτῶν,
3363 3537 3458 3590 καὶ
3486 3542 3751 3609 σπερμά-

2147 3634 2276 3681 των,
2323 3619 2416 3672 καί
2450 3619 2708 3688 βοτανῶν,
2763 3624 2857 3678 καὶ
2901 3625 3100 3696 ἀέρων,
3126 3627 3217 3680 καί⁸
3263 3629 3612 3698 πνευμάτων,
3645 3634 3752 3685 καὶ

2150 3706 2361 3778 πηγῶν,
2381 3711 2474 3762 καὶ
2499 3713 2774 3783 ποταμῶν,
2799 3714 2920 3768 οὐδὲ
2945 3716 3048 3785 τῆς
3069 3715 3208 3769 κατά
3226 3717 3388 3786 φύσιν
3411 3721 3747 3790 γεννήσεως,

2148 3799 2240 3852 καὶ
2279 3799 2580 3870 αὐξήσεως,
2623 3803 2718 3856 καί⁹
2764 3803 3077 3877 διατροφῆς,
3111 3809 3206 3860 καί¹
3253 3809 3361 3863 τῶν
3412 3811 3584 3865 ἄλλων
3628 3814 3750 3868 τῶν

2144 3893 2426 3946 τοιούτων·
2461 3893 2576 3947 ἀλλ’
2617 3896 2674 3947 ἐν
2713 3912 2765 3948 τι
2807 3897 2972 3968 μέρος
3011 3898 3300 3953 ἀπολαϐὼν
3338 3902 3438 3972 τῆς
3478 3907 3746 3974 προνοίας

2143 3983 2308 4037 αὐτοῦ
2340 3984 2401 4043 τὸ
2430 3984 2571 4040 κατὰ
2598 3985 2880 4050 Ἰουδαίους
2919 3991 3010 4043 καὶ
3033 3991 3299 4058 Ἕλληνας
3322 3993 3436 4063 (καὶ
3469 3995 3577 4067 γὰρ
3606 4004 3744 4068 περὶ

2140 4078 2345 4131 τούτων
2373 4077 2464 4130 τὸν
2499 4078 2712 4132 ἅπαντα
2745 4080 2941 4152 διεξῄει
2973 4082 3151 4152 λόγον,
3179 4086 3444 4140 διδάσκων
3481 4089 3598 4152 πῶς
3632 4090 3742 4157 μὲν

2140 4167 2266 4230 τοὺς
2317 4167 2375 4233 ἐξ
2427 4167 2597 4222 ἐθνῶν
2644 4169 2890 4237 ἐκάλεσε,
2939 4173 3056 4236 πῶς
3099 4175 3156 4227 δὲ
3197 4176 3322 4240 τοὺς
3363 4177 3421 4243 ἐξ
3465 4178 3742 4234 Ἰουδαίων

2139 4256 2434 4324 ἀπώσατο,
2479 4259 2574 4312 καὶ
2616 4261 2732 4325 πῶς
2781 4262 2916 4334 ἐλέῳ
2971 4264 3070 4335 τὴν
3130 4267 3404 4340 ἑκατέρων
3454 4280 3738 4342 σωτηρίαν

2139 4349 2670 4424 ἐπραγματεύσατο),
2701 4353 2932 4407 ἄκουσον
2960 4353 3049 4410 οἷά
3084 4370 3268 4427 φησιν.
3316 4359 3458 4414 Ἰδὼν
3488 4362 3597 4432 γάρ
3629 4365 3736 4416 πέ-

2138 4441 2300 4511 λαγος
2321 4442 2517 4512 ἀχανὲς
2547 4444 2836 4515 ἀνεωχθέν,
2868 4448 2959 4500 καὶ
2985 4449 3043 4500 ἐν
3070 4449 3218 4519 αὐτῷ
3245 4450 3324 4521 τῷ
3353 4451 3509 4522 μέρει
3531 4453 3732 4522 τούτῳ,

2139 4531 2232 4583 καὶ
2273 4532 2407 4602 πρὸς
2440 4533 2572 4585 αύτδ
2598 4533 2696 4603 τῆς
2730 4537 2986 4606 προνοίας
3025 4538 3190 4592 αὐτοῦ
3233 4541 3435 4612 ταύτης
3471 4541 3532 4595 τὸ
3562 4543 3733 4612 βάθος

2134 4621 2390 4691 διακύψαι
2409 4622 2710 4693 βουληθεὶς,
2728 4624 2875 4679 ὥσπε
2883 4643 2911 4696 ρ
2934 4627 3039 4680 τινὶ
3062 4629 3348 4699 σκοτοδίνῳ
3365 4631 3730 4701 κατασχεθεὶς

2132 4711 2210 4782 τῷ
2241 4712 2465 4784 ἀρρήτῳ
2490 4713 2587 4784 τῆς
2609 4715 2918 4784 οἰκονομίας
2945 4716 3165 4790 ταύτης,
3197 4719 3290 4772 καὶ
3311 4718 3596 4789 θαυμάσας
3627 4722 3728 4773 καὶ

2132 4800 2419 4870 ἐκπλαγεὶς
2431 4806 2492 4856 τὸ
2508 4805 2732 4874 ἄφατον,
2744 4805 2805 4858 τὸ
2817 4806 3142 4878 ἀπέραντον,
3157 4807 3218 4860 τὸ
3231 4809 3465 4879 ἄρρητον
3481 4810 3572 4862 καὶ
3588 4811 3723 4864 ἀκα-

2130 4891 2402 4964 τάληπτον
2422 4895 2523 4964 τῆς
2549 4895 2640 4948 τοῦ
2662 4895 2795 4948 Θεοῦ
2815 4897 3002 4966 σοφίας
3021 4915 3079 4949 τε
3103 4899 3197 4951 καὶ
3217 4899 3490 4968 προνοίας,
3508 4901 3724 4972 ἀπεπήο

2128 4983 2278 5054 δησε,
2305 4984 2506 5049 ταύτας
2531 4985 2688 5054 ἀφεὶς
2716 4986 2815 5050 τὰς
2841 4987 3044 5056 φωνὰς,
3074 4989 3167 5042 καὶ
3205 4990 3343 5060 μετὰ
3388 4990 3587 5061 πολλῆς
3617 4995 3722 5063 τῆς

2127 5077 2440 5151 ἐκπλήξεως
2467 5080 2855 5149 ἀνακεκραγὼς
2880 5081 3050 5135 ταῦτα
3072 5083 3139 5135 τά
3171 5084 3409 5153 ῥήματα·
3434 5085 3501 5138 Ὤ
3524 5083 3717 5153 βάθος

2125 5173 2393 5226 πλούτου
2425 5173 2521 5227 καὶ
2557 5176 2778 5241 σοφίας
2802 5173 2898 5226 καὶ
2931 5173 3204 5242 γνώσεως
3230 5174 3412 5229 Θεοῦ]
3440 5171 3572 5230 Εἶτα
3601 5176 3712 5230 δει-

2126 5265 2276 5329 κνὺς,
2317 5266 2401 5318 ὄτι
2441 5265 2502 5318 τὸ
2536 5265 2698 5336 βάθος
2741 5266 2840 5336 μὲν
2882 5261 3012 5331 εἶδε,
3056 5267 3220 5324 πόσον
3259 5267 3315 5321 δὲ
3367 5269 3560 5337 μαθεῖν
3609 5269 3713 5322 οὐκ

2123 5357 2384 5428 ἠδυνήθη,
2409 5359 2686 5429 ἐπήγαγεν
2706 5374 2718 5386 °
2759 5359 2849 5424 Ὡς
2884 5359 3322 5429 ἀνεξερεύνητα
3356 5360 3427 5413 τὰ
3456 5359 3714 5428 κίίιιίιτω

2119 5451 2328 5513 αὐτοῦ,
2385 5453 2484 5512 καί
2530 5453 2973 5522 ἀνεξιχνίαστοι
3019 5457 3076 5507 αἱ
3125 5453 3272 5516 ὁδοὶ,
3315 5453 3544 5507 αὑτοῦ]
3594 5454 3707 5506 Οὐκ

2117 5531 2270 5594 εἶπεν
2301 5537 2658 5610 ἀκατάληπτα
2684 5541 2834 5612 [468]
2872 5543 3050 5613 μόνον,
3078 5542 3214 5596 ἀλλὰ
3247 5543 3340 5596 καὶ
3385 5543 3707 5612 Ἀνεξερεύο

2115 5645 2267 5696 ιιητα
2300 5631 2367 5685 τὰ
2400 5615 2651 5701 κρίματα
2677 5634 2880 5689 αὐτοῦ.
2926 5634 3000 5690 Οὐ
3039 5635 3200 5704 μόνον
3238 5635 3343 5707 γὰρ
3380 5635 3708 5690 mulae-CN

2183 5816 2200 5842 ί
2224 5812 2321 5863 Alii
2347 5812 2448 5862 ἀλλ’
2473 5814 2582 5863 ὅταν
2613 5815 2691 5874 εἷς.
