4030 6206
251 315 350 373 481

238 430 541 478 tractamus
566 417 584 450 ‘
610 458 628 486 ,
653 433 759 475 non
785 417 1129 489 pecuniarum
1151 425 1393 488 sumptus
1421 413 1642 471 facimus
1662 452 1678 478 ,
1710 410 1837 467 dum

245 517 309 564 ad
332 509 668 565 curationem
691 507 989 562 necessaria
1014 521 1260 563 coemere
1277 505 1526 577 iubemus
1552 503 1791 571 infirmos
1821 516 1835 555 :

1066 304 1157 359 AD
1198 301 1323 360 EOS
1359 300 1477 370 QUI
1513 293 2004 360 SCANDALIZATI
2041 295 2243 354 SUNT.
2283 296 2412 355 LIB.
2456 299 2656 360 UNUS.
2732 354 2739 363 .

3409 314 3515 369 682

1946 425 2067 466 men
2097 409 2221 467 inde
2247 413 2405 469 talem
2432 414 2711 472 utilitatem
2736 417 3088 488 perceperint.
3119 418 3198 480 Ne
3235 422 3392 494 igitur
3418 424 3519 489 illis

1942 499 2044 558 hoc
2061 502 2286 569 eveniat,
2312 517 2410 583 age
2421 503 2531 575 jam
2553 504 2618 566 ad
2640 508 3022 577 correctionem
3043 524 3140 577 nos
3155 511 3519 591 accingamus,

246 600 341 658 sed
367 600 616 674 quamvis
656 598 824 671 ignoti
863 599 971 657 sint
1006 599 1161 656 nobis
1186 639 1202 663 ,
1232 597 1473 671 quamvis
1515 593 1581 651 ad
1625 593 1840 649 ultimos
1911 603 2099 674 atque
2125 593 2178 659 in
2210 594 2393 664 primis
2415 609 2628 659 causam
2653 597 2982 668 aegritudinis
3006 599 3322 669 indicemus.

238 694 399 750 orbis
430 701 595 749 terra:
619 695 757 747 lines
796 688 1074 745 amendati
1099 688 1235 760 sint,
1274 691 1528 765 quamvis
1554 690 1610 749 in
1642 689 1824 751 medio

241 781 641 844 barbarorum.
659 778 984 850 quamvisin
1003 780 1123 850 ipso
1142 779 1512 851 mendicitatis
1531 777 1696 835 fundo
1714 794 1830 851 ver-

245 884 463 938 sentur,
482 870 736 944 quamvis
752 877 902 925 tanta
924 878 1246 943 premantur
1265 870 1448 942 inopia
1469 879 1527 927 ut
1548 869 1709 927 etiam
1728 888 1829 941 ne-

244 952 513 1021 cessariis
535 961 906 1031 destituantur
934 961 1230 1027 alimentis,
1263 961 1476 1018 nullum
1509 969 1687 1018 tamen
1723 962 1827 1027 ista

245 1049 522 1106 curationi
544 1056 749 1104 nostrae
770 1047 1030 1104 adhibent
1045 1047 1491 1120 impedimentum
1511 1049 1633 1104 :sed
1646 1049 1700 1104 in
1719 1063 1828 1109 uno

247 1138 1372 1205 constitutiloco,sineinstrumentis,sine
1392 1137 1826 1204 medicamentis,

249 1234 372 1292 sine
390 1234 518 1290 cibo
534 1246 599 1288 ac
622 1239 754 1303 potu
764 1230 868 1297 ,vel
885 1231 1156 1302 pecuniis,
1174 1232 1259 1287 vel
1280 1230 1574 1303 longinqua
1597 1230 1830 1301 peregri-

249 1324 471 1379 natione
483 1324 736 1378 morbum
754 1323 917 1387 istum
930 1320 1623 1393 depellimus.Quotandem
1639 1320 1827 1376 modo?

252 1413 388 1470 Dum
411 1413 683 1471 orationis
708 1411 1034 1469 medicinam
1058 1413 1460 1484 componimus,
1491 1426 1611 1489 quae
1630 1410 1826 1467 borum

251 1507 497 1565 omnium
512 1507 665 1562 vices
677 1505 816 1578 apud
830 1514 1061 1576 :egrotos,
1074 1504 1367 1575 supplebit,
1382 1505 1491 1559 imo
1504 1518 1623 1574 qua:
1635 1501 1827 1559 melior

256 1595 325 1651 sit
346 1596 457 1651 illis
488 1596 759 1661 omnibus.
786 1595 916 1654 Nam
946 1605 1000 1653 et
1022 1593 1252 1675 amplius
1279 1609 1435 1667 quam
1462 1592 1613 1665 panis
1635 1591 1754 1657 alit,
1785 1600 1842 1659 et

248 1686 474 1756 amplius
513 1685 762 1742 medetur
788 1701 946 1757 quam
973 1685 1321 1754 pharmacum
1344 1724 1362 1753 ,
1391 1692 1444 1739 et
1473 1682 1840 1749 vehementius

246 1790 405 1846 quam
444 1776 582 1847 ignis
610 1777 754 1842 urit,
797 1791 902 1832 nec
931 1785 1106 1831 tamen
1133 1776 1299 1843 ullum
1344 1774 1585 1829 dolorem
1627 1771 1791 1827 inurit
1821 1800 1835 1836 ε

247 1882 531 1937 pravarum
547 1878 721 1925 autem
738 1869 1113 1940 cogitationum
1137 1867 1375 1924 fcetidum
1391 1866 1588 1922 fluxum
1604 1864 1837 1920 adstrin-

246 1958 346 2035 git,
376 1967 434 2014 et
471 1959 672 2014 acutius
699 1974 857 2029 quam
888 1959 1091 2015 ferrum
1117 1958 1324 2029 putrida
1349 1967 1494 2013 secat
1521 1957 1698 2011 ulcera
1724 1953 1839 2009 sine

248 2050 480 2116 dolore;
508 2059 563 2116 et
588 2050 687 2107 hoc
706 2052 833 2107 dum
860 2051 1021 2125 facit,
1044 2051 1220 2106 nullos
1264 2050 1570 2124 impendere
1599 2058 1838 2131 sumptus

249 2140 411 2212 cogit,
437 2154 538 2197 nec
562 2141 629 2196 ad
650 2142 808 2197 ullam
836 2142 1030 2219 redigit
1058 2152 1371 2217 egestatem.
1400 2141 1512 2201 lloc
1537 2141 1695 2212 igitur
1727 2155 1839 2195 me-

252 2228 550 2285 dicamento
586 2230 828 2286 confecto
850 2270 867 2298 ,
911 2229 978 2285 ad
1003 2245 1189 2297 omnes
1229 2231 1360 2288 illud
1392 2230 1796 2301 transmittimus
1819 2267 1835 2292 ,

251 2325 406 2388 atque
434 2334 624 2375 omnes
652 2320 871 2393 dubium
898 2336 1004 2375 non
1041 2329 1123 2375 est
1149 2322 1277 2391 quin
1304 2322 1583 2387 sanitatem
1612 2336 1839 2393 recupe-

253 2410 416 2466 raturi
445 2411 578 2478 sint,
606 2410 898 2468 dummodo
929 2411 1106 2468 verbis
1131 2414 1329 2471 nostris
1355 2412 1614 2479 benevole
1636 2430 1699 2481 ac
1720 2415 1838 2479 dili-

255 2513 440 2571 genter
459 2502 759 2558 attendant.

319 2594 449 2651 Car.
490 2595 532 2651 Ι.
574 2594 930 2650 Necessarium
967 2612 1074 2651 esse
1104 2605 1160 2650 ut
1192 2613 1345 2653 causa
1372 2598 1601 2663 dicatur,
1637 2615 1700 2667 ex
1738 2614 1837 2669 qua

255 2687 553 2757 scandalum
571 2698 738 2742 ortum
772 2698 867 2744 est.
888 2718 959 2729 —
978 2689 1240 2755 Quoniam
1265 2701 1444 2746 autem
1473 2690 1524 2745 in
1553 2705 1834 2761 corporum

256 2777 406 2834 etiam
449 2778 728 2833 curatione
766 2793 872 2832 non
917 2778 1258 2837 mediocriter
1279 2820 1296 2847 ,
1327 2780 1435 2834 imo
1464 2764 1744 2850 plurimum
1769 2782 1836 2839 ad

256 2866 562 2938 abigendam
597 2868 965 2937 aegritudinem
986 2868 1228 2944 conferre
1243 2870 1412 2937 solet,
1432 2881 1487 2924 ut
1503 2871 1835 2939 occasionem

256 2957 579 3029 aegritudinis
619 2958 792 3014 discat
818 2969 1049 3031 aegrotus
1078 2958 1099 3033 (
1119 2975 1292 3043 neque
1332 2962 1471 3016 enim
1503 2970 1704 3017 tantum
1734 2960 1837 3018 hoc

256 3051 483 3121 cognito,
518 3051 829 3107 liberabitur
857 3053 1043 3109 morbo
1071 3069 1176 3125 quo
1200 3054 1465 3109 detinetur
1487 3095 1502 3121 ,
1536 3054 1628 3117 sed
1659 3068 1758 3121 nec
1783 3054 1835 3108 in

258 3154 372 3202 eum
394 3150 581 3211 postea
608 3143 841 3209 incidet,
872 3143 961 3199 ubi
995 3158 1210 3201 causam
1244 3145 1596 3218 intellexerit,
1639 3162 1706 3202 ex
1733 3164 1836 3216 qua

256 3231 303 3285 in
323 3246 446 3287 eum
472 3232 637 3288 semel
660 3233 923 3299 inciderit,
944 3244 999 3290 et
1016 3235 1117 3292 sibi
1143 3236 1208 3291 ab
1231 3251 1292 3292 ea
1316 3235 1594 3309 cavebit),
1624 3252 1720 3309 age
1740 3253 1836 3292 nes

260 3320 412 3377 etiam
454 3321 558 3377 hoc
597 3323 826 3393 primum
870 3339 1041 3401 aegros
1066 3325 1390 3399 doceamus,
1437 3326 1574 3387 unde
1616 3328 1720 3397 illis
1750 3327 1835 3382 hic

268 3411 499 3467 scandali
538 3412 758 3468 morbus
784 3415 1055 3471 acciderit.
1096 3416 1226 3472 Nam
1256 3419 1300 3472 si
1329 3417 1429 3473 hoc
1451 3419 1832 3489 cognoverint,

258 3514 308 3561 et
332 3506 400 3561 ab
425 3521 495 3561 eo
518 3505 617 3561 sibi
646 3506 926 3577 diligenter
950 3524 1137 3565 cavere
1156 3512 1438 3576 voluerint,
1467 3526 1571 3577 non
1596 3511 1695 3569 hac
1723 3522 1754 3567 ις
1776 3529 1837 3568 ιι-

260 3606 363 3651 tum
386 3638 403 3661 ,
428 3606 524 3652 aut
549 3615 690 3657 nunc
719 3609 921 3654 tantum
968 3601 1280 3670 aegritudine
1310 3602 1673 3657 liberabuntur
1694 3646 1709 3669 ,
1741 3603 1835 3663 sed

259 3700 309 3743 et
332 3690 387 3742 in
404 3701 739 3760 perpetuum,
765 3693 899 3747 etab
924 3693 1021 3748 hac
1046 3703 1101 3749 et
1124 3709 1153 3747 a
1177 3694 1413 3765 pluribus
1435 3704 1580 3767 eaetei
1596 3696 1660 3752 is.
1687 3697 1838 3764 Ejus-

260 3779 395 3834 modi
432 3781 599 3869 enim'
622 3792 703 3837 est
748 3783 904 3857 hujus
950 3783 1319 3851 medicamenti
1350 3795 1578 3861 natura,
1606 3795 1665 3840 ιιι
1693 3795 1747 3849 et
1780 3786 1830 3851 in

261 3871 501 3940 prrscnti
536 3881 726 3935 sanet,
770 3881 824 3927 et
862 3874 977 3927 usui
1023 3873 1093 3929 sit
1119 3874 1185 3927 ad
1228 3874 1457 3949 reliquas
1498 3875 1836 3945 aegritudines

265 3961 644 4028 pra-cavendas.
674 3961 856 4034 Neque
881 3963 1023 4027 enim
1064 3980 1266 4030 unum,
1298 3965 1385 4019 vel
1411 3964 1517 4018 duo
1541 4006 1555 4033 ,
1585 3965 1666 4019 vel
1699 3967 1793 4019 tria
1818 4006 1833 4029 ,

265 4051 348 4105 sed
382 4062 437 4106 et
480 4053 642 4109 multa
686 4064 807 4115 sunt
846 4053 897 4108 in
943 4053 1044 4108 bac
1072 4054 1177 4108 vita
1201 4096 1216 4122 ,
1261 4070 1378 4124 quae
1407 4052 1836 4120 imbecillioribus

269 4142 569 4197 scandalum
614 4130 877 4210 afferunt,
924 4153 977 4199 et
1020 4144 1117 4198 hos
1163 4134 1350 4199 omnes
1392 4160 1450 4198 se
1498 4144 1835 4207 liberaturum

268 4241 485 4302 rgrotos
502 4234 674 4287 oratio
696 4243 873 4299 nostra
894 4233 1196 4303 pollicetur,
1227 4233 1273 4287 si
1300 4233 1583 4299 voluerint,
1602 4234 1837 4289 utetiam

269 4331 379 4376 ante
402 4322 535 4387 dixi,
566 4331 620 4377 et
647 4322 872 4389 discere,
899 4331 954 4383 et
980 4323 1264 4377 observare
1284 4337 1401 4393 qua:
1432 4322 1686 4379 dicemus.
1716 4322 1838 4377 lla-c

268 4424 433 4468 autem
456 4428 488 4467 a
508 4429 592 4468 me
608 4414 889 4470 adhibetur
916 4414 1197 4481 medicina,
1228 4429 1333 4469 non
1359 4430 1423 4469 ex
1446 4418 1609 4471 sacris
1637 4424 1837 4482 tantum

266 4501 548 4573 Seripturis
569 4505 884 4575 composita,
908 4504 1000 4561 sed
1030 4504 1190 4559 etiam
1217 4520 1282 4559 ex
1307 4505 1372 4569 iis
1395 4520 1514 4579 qua:
1535 4505 1589 4559 in
1616 4505 1715 4560 hac
1734 4506 1838 4571 vita

270 4594 408 4661 riunt,
442 4605 498 4651 et
516 4582 771 4665 perpetuo
790 4596 1101 4666 contingunt
1129 4613 1142 4649 :
1174 4596 1250 4651 sic
1272 4603 1327 4649 ut
1349 4595 1412 4650 iis
1433 4595 1590 4650 etiam
1617 4595 1667 4649 in
1690 4609 1836 4650 com-

269 4702 417 4743 mune
444 4687 740 4755 medeatur,
768 4688 856 4758 qui
879 4688 1176 4757 Scripturas
1200 4702 1305 4743 non
1334 4688 1533 4756 legunt,
1559 4686 1716 4741 modo
1740 4702 1836 4741 vu-

269 4777 295 4830 l-
318 4779 455 4835 erint
479 4796 495 4833 :
522 4794 695 4851 neque
720 4764 861 4834 enim
881 4778 983 4835 hoc
1012 4778 1299 4835 identidem
1329 4777 1600 4833 inculcare
1628 4776 1837 4833 desino.

268 4866 374 4927 Non
394 4870 530 4924 enim
549 4868 665 4925 lteri
688 4878 884 4944 potest,
900 4882 951 4933 ut
973 4871 1285 4927 necessitate
1304 4884 1365 4941 ac
1380 4869 1450 4941 vi,
1475 4878 1529 4924 et
1544 4869 1706 4923 invito
1726 4883 1839 4929 mt‘-

266 4957 450 5014 deatur
465 4977 708 5032 umquam
727 4961 841 5017 hare
852 4962 1132 5031 medicina,
1150 4961 1230 5017 vel
1249 4961 1296 5015 ei
1313 4961 1399 5031 qui
1412 4960 1600 5027 divinis
1615 4958 1841 5012 oraculis

269 5064 372 5102 non
398 5052 630 5121 paruerit
653 5069 668 5104 :
696 5060 749 5106 et
772 5050 895 5106 inde
917 5059 1179 5123 sumetur,
1209 5060 1259 5104 et
1285 5048 1409 5105 inde
1440 5050 1662 5119 amplius
1685 5062 1839 5121 quam

267 5153 334 5194 ex
369 5141 472 5193 ulla
491 5150 772 5196 eventuum
798 5155 859 5196 ac
880 5158 1055 5196 rerum
1075 5141 1544 5195 demonstratione.
1572 5138 1840 5209 Siquidem

267 5231 527 5299 prolatam
548 5248 578 5284 a
609 5233 716 5286 lico
741 5232 1055 5287 sententiam
1079 5232 1181 5287 (ide
1199 5229 1491 5303 digniorem
1517 5243 1654 5295 esse,
1686 5243 1842 5299 quam

266 5335 386 5389 qua:
408 5321 579 5374 oculis
603 5336 915 5390 usurpamus
938 5321 1261 5376 credendum
1288 5328 1389 5374 cst.
1421 5320 1588 5385 Quam
1618 5318 1687 5371 ob
1713 5334 1843 5371 eau—

262 5425 379 5466 sam
399 5420 457 5467 et
478 5411 560 5466 his
582 5412 788 5485 gravius
807 5411 1118 5485 supplicium
1141 5409 1402 5474 imminet,
1432 5409 1478 5463 si
1497 5407 1720 5464 correcti
1740 5423 1844 5463 non

265 5503 469 5560 fuerint
489 5545 505 5571 ,
542 5503 682 5575 quod
710 5520 831 5560 cum
859 5503 1158 5576 Scripturas
1184 5500 1509 5568 audiverint,
1540 5498 1737 5565 nullam
1766 5508 1843 5552 ta.

263 5652 635 5769 ⁸111ζιιειιτείιωὲἳῦθτιίπι
666 5651 879 5708 man’bus
921 5654 1231 5708 instrumenta
1273 5658 1549 5711 tractamus,
1596 5652 1773 5703 desunt
1798 5653 1845 5701 in

2008 683 2137 749 Cur.
2162 684 2226 740 ll.
2247 683 2597 749 Periculosum
2620 703 2726 755 οδες
2739 703 2800 742 ac
2817 688 3081 751 dementia
3105 694 3307 762 plenum
3325 693 3523 757 furiose

1938 774 2190 847 inquirere
2207 785 2253 843 rt
2267 778 2483 849 scrutari
2494 794 2733 845 arcanam
2744 777 2840 861 ηεξ
2853 766 3170 851 sapientiam.
3184 784 3519 854 —Qu:enam

1941 865 2102 948 igitur
2122 874 2280 933 tanta:
2303 866 2628 945 aegritudinis
2645 875 2731 933 est
2754 861 2948 926 causa?
2964 869 3240 937 Curiosum
3263 873 3517 941 nimirum

1938 966 1993 1025 et
2015 969 2466 1029 supervacaneum
2494 957 2719 1027 istorum
2749 959 3004 1033 studium,
3036 968 3092 1027 et
3113 962 3253 1035 quod
3277 963 3515 1033 omnium

1938 1061 2057 1135 quae
2082 1046 2236 1138 ﬁunt.
2259 1047 2496 1130 singulas
2515 1049 2682 1115 Velim
2703 1063 2890 1111 causas
2910 1065 3251 1121 cognoscere.
3278 1055 3419 1138 quod
3440 1056 3521 1112 in-

1938 1124 2477 1213 comprehensibilem
2519 1147 2572 1194 et
2599 1138 2916 1211 inetl'abilem
2952 1140 3046 1211 Dei
3089 1124 3475 1219 providentiam
3500 1187 3516 1212 ,

1940 1225 2218 1305 infinitam,
2248 1236 2302 1283 et
2330 1229 2744 1302 investigabilem
2769 1232 3015 1301 serutari,
3043 1242 3096 1299 et
3120 1233 3172 1288 in
3200 1249 3317 1303 eam
3344 1235 3518 1306 impu—

1940 1316 2128 1391 denter
2151 1335 2214 1391 ae
2233 1321 2441 1385 curiose
2466 1331 2726 1390 conentur
2746 1322 3031 1393 inquirere,
3053 1323 3381 1397 Quamquam
3401 1330 3518 1398 quis

1941 1424 2189 1479 umquam
2230 1409 2525 1485 sapientior
2566 1412 2768 1477 exstitit
2808 1413 3014 1481 Panic?
3055 1415 3149 1470 Dic
3176 1415 3318 1470 enim
3349 1416 3515 1479 mihi,

1942 1513 2119 1553 nonne
2145 1513 2235 1567 vas
2263 1496 2533 1569 electionis
2552 1508 2665 1571 erat
2691 1499 2833 1571 iste?
2858 1516 3034 1571 nonne
3049 1517 3292 1575 magnam
3316 1513 3370 1559 et
3390 1505 3520 1560 inci-

1941 1590 2153 1657 fabilcm
2195 1591 2296 1660 sibi
2336 1591 2567 1662 Spiritus
2608 1593 2834 1664 gratiam
2885 1595 3302 1667 conciliaverat?
3344 1611 3521 1665 nonne

1941 1681 2209 1747 Christum
2241 1682 2295 1737 in
2332 1697 2393 1745 se
2416 1668 2717 1753 loquentem
2745 1684 3011 1757 habebat?
3038 1701 3216 1755 nonne
3240 1687 3519 1754 verborum

1942 1771 2113 1837 factus
2131 1774 2395 1857 particeps
2422 1782 2476 1839 et
2494 1773 2589 1839 Dei
2611 1775 2777 1841 fuerat
2802 1788 3115 1843 arcanorum
3139 1777 3163 1831 ?
3190 1792 3366 1845 nonne
3403 1793 3522 1851 quas

1940 1863 2072 1929 nulli
2103 1863 2304 1931 homini
2326 1862 2468 1933 loqui
2489 1864 2699 1931 licebat,
2728 1864 2818 1929 ille
2837 1865 2981 1935 solus
3008 1865 3320 1932 audiverat?
3342 1883 3521 1924 nonne

1941 1956 1996 2024 in
2027 1954 2325 2026 paradisum
2346 1964 2527 2026 raptus
2544 1954 2759 2023 fuerat?
2784 1970 2959 2025 nonne
2977 1957 3216 2028 sublatus
3233 1958 3285 2012 in
3307 1959 3520 2029 tertium

1939 2047 2164 2102 canum?
2207 2030 2608 2115 ,nonncterram
2651 2055 2706 2115 et
2734 2062 2882 2117 mare
2910 2051 3293 2120 percurrerat?
3337 2066 3517 2121 nonne

1941 2137 2194 2203 barbaros
2215 2136 2575 2217 philosophari
2595 2137 2888 2205 docuerat?
2909 2154 3085 2205 nonne
3105 2140 3278 2207 varias
3296 2140 3523 2213 Spiritus

1940 2228 2278 2305 operationes
2322 2228 2647 2297 exhibebat?
2689 2244 2868 2297 nonne
2896 2231 3120 2301 populos
3164 2231 3399 2303 integros
3431 2249 3523 2291 ur-

1941 2320 2141 2391 besque
2183 2319 2599 2389 moderabatur?
2638 2334 2814 2389 nonne
2843 2328 3010 2391 totum
3049 2322 3233 2390 orbem
3262 2332 3521 2393 terrarum

1941 2413 2079 2479 Deus
2109 2412 2476 2493 manibuscius
2488 2411 3227 2483 commiseramcrumlamcn
3243 2413 3332 2483 ille.
3349 2424 3525 2483 tantus

1938 2519 2001 2560 ac
2028 2505 2170 2585 talis,
2194 2504 2332 2569 adeo
2357 2505 2568 2574 sapiens
2588 2518 2650 2571 ac
2669 2513 2876 2587 potens,
2902 2519 2965 2574 ac
2991 2506 3280 2576 spiritualis
3305 2507 3393 2576 ille
3420 2508 3521 2574 vir.

1938 2594 2028 2664 qui
2052 2609 2160 2657 tam
2189 2596 2353 2657 multa
2391 2593 2729 2671 obtinuerat,
2755 2610 2877 2649 cum
2914 2595 2979 2650 ad
3002 2596 3393 2661 extendendam
3423 2598 3515 2653 Dei

1940 2685 2320 2759 providentiam
2356 2698 2416 2740 se
2449 2684 2739 2755 convertit,
2783 2693 2837 2755 et
2863 2700 2969 2753 non
2992 2685 3106 2756 jam
3149 2686 3311 2755 totam
3340 2689 3520 2757 provi-

1938 2778 2167 2843 dentiam
2193 2818 2209 2849 ,
2253 2776 2348 2843 sed
2379 2792 2534 2843 unam
2564 2775 2678 2849 eius
2721 2777 2893 2841 solum
2930 2786 3135 2851 partem
3178 2780 3519 2844 considerat,

1938 2870 2058 2937 audi
2082 2883 2189 2949 quo
2217 2877 2372 2949 pacto
2397 2858 2654 2938 miretur,
2685 2884 2792 2939 quo
2819 2879 2976 2940 pacto
3002 2871 3260 2952 vertigine
3286 2873 3516 2939 laboret,

1938 2978 2043 3034 quo
2063 2970 2217 3032 pacto
2242 2960 2518 3023 confestim
2539 2960 2760 3026 resiliat,
2788 2975 2951 3033 seque
2976 2961 3116 3031 illam
3138 2963 3355 3029 minime
3374 2979 3520 3020 com-

1939 3056 2266 3129 prehendere
2281 3071 2435 3127 posse
2450 3055 2693 3117 fateatur.
2711 3053 2932 3135 Quando
2957 3055 3114 3126 igitur
3132 3056 3524 3126 contemplaba-

1942 3135 2027 3217 tur
2048 3191 2064 3216 ,
2092 3164 2198 3207 non
2229 3146 2497 3219 quomodo
2523 3144 2726 3215 angelis
2759 3144 3063 3217 provideret
3096 3154 3150 3207 et
3191 3145 3527 3216 archangelis

1941 3242 2100 3305 Deus,
2124 3247 2181 3304 et
2203 3236 2540 3303 Clterubinis,
2562 3246 2653 3289 aut
2673 3234 3002 3307 Seraphinis,
3028 3243 3118 3289 aut
3134 3236 3341 3301 ueteris
3368 3244 3520 3306 pote-

1936 3333 2165 3395 statibus
2188 3371 2203 3396 ,
2234 3344 2353 3402 qua:
2396 3329 2495 3389 sub
2519 3336 2790 3399 aspectum
2833 3328 3052 3396 minime
3081 3327 3277 3399 cadunt
3301 3369 3317 3394 ,
3351 3342 3523 3399 neque

1938 3440 2042 3493 quo
2072 3433 2221 3499 pacto
2249 3420 2347 3477 soli
2372 3460 2389 3491 ,
2416 3419 2587 3487 lunm,
2616 3416 2783 3493 cutio,
2817 3426 3006 3485 terrae,
3038 3416 3193 3485 mari,
3227 3432 3396 3487 neque
3419 3433 3526 3487 quo

1942 3523 2095 3584 pacto
2116 3514 2349 3579 humano
2365 3509 2546 3583 generi
2568 3510 2835 3576 universo,
2863 3524 3035 3579 neque
3056 3523 3162 3580 quo
3180 3518 3331 3580 pacto
3354 3509 3524 3564 brutis

1940 3603 2325 3668 animantibus,
2356 3612 2410 3659 et
2439 3600 2667 3684 plantis,
2699 3610 2753 3667 et
2781 3599 3109 3665 seminibus,
3146 3607 3199 3653 et
3223 3597 3405 3652 herbis
3425 3638 3441 3662 ,
3469 3609 3522 3651 ct

1939 3696 2077 3761 aeri,
2109 3703 2164 3750 et
2189 3693 2362 3750 ventis
2381 3733 2395 3757 ,
2426 3700 2479 3759 et
2503 3689 2758 3759 fontibus,
2781 3698 2835 3755 et
2860 3688 3193 3755 fluminibus,
3222 3702 3392 3758 neque
3416 3702 3523 3756 quo

1942 3796 2094 3857 pacto
2123 3785 2347 3853 naturali
2377 3798 2553 3841 rerum
2579 3781 2715 3836 ortui
2745 3788 2799 3834 ct
2822 3779 3105 3836 accretioni
3127 3819 3142 3843 ,
3170 3788 3221 3833 et
3259 3786 3524 3838 sistenta-

1942 3877 2093 3943 tioni,
2113 3890 2176 3939 ae
2197 3875 2413 3944 reliquis
2432 3870 2693 3955 ejusmodi
2718 3869 2841 3925 :sed
2866 3884 3020 3922 unam
3042 3868 3156 3936 ejus
3177 3867 3523 3937 providentia:

1941 3978 2142 4038 partem
2171 3979 2485 4032 assumens,
2529 3961 2774 4027 nimirum
2803 3974 2927 4029 erga
2966 3956 3182 4014 Judmos
3210 3970 3263 4012 et
3296 3958 3526 4028 gentiles

1940 4065 1958 4133 ί
1982 4057 2240 4139 siquidem
2268 4064 2430 4121 totam
2454 4053 2521 4108 de
2549 4052 2649 4121 illis
2675 4051 2973 4106 orationem
3004 4060 3340 4133 pertexucrat
3359 4091 3375 4117 ,
3402 4065 3524 4104 cum

1940 4127 2199 4211 doceret,
2239 4161 2344 4216 quo
2387 4152 2540 4215 pacto
2581 4141 2716 4213 alios
2756 4150 2971 4200 vocarat
3010 4127 3075 4194 ex
3106 4140 3349 4210 gentibus
3374 4182 3388 4204 ,
3422 4155 3530 4210 quo

1943 4249 2095 4311 pacto
2119 4254 2185 4293 cx
2208 4236 2405 4301 Jttdmis
2434 4235 2699 4307 profectos
2719 4233 2997 4303 reiecerat,
3028 4242 3206 4305 etquo
3238 4244 3390 4304 pacto
3422 4236 3525 4286 mi-

1944 4328 2233 4385 sericordia
2282 4336 2458 4382 motus
2503 4336 2852 4399 utrorumque
2893 4323 3049 4378 saluti
3095 4322 3529 4392 consuluerat),

1940 4421 2065 4477 audi
2093 4436 2211 4491 qua:
2247 4418 2413 4481 dicat.
2454 4415 2896 4482 Animadvertcns
2936 4414 3076 4468 enim
3115 4429 3275 4483 quam
3304 4413 3532 4471 immen-

1943 4527 2059 4567 sum
2102 4526 2161 4565 se
2188 4510 2405 4581 pelagus
2448 4507 2678 4576 aperiret
2724 4507 2882 4560 etiam
2911 4504 2963 4559 in
2993 4504 3093 4561 hac
3124 4502 3234 4572 ipsa
3262 4512 3442 4573 parte,
3474 4510 3534 4557 et

1944 4602 1998 4656 iu
2028 4600 2345 4672 profundum
2389 4598 2562 4671 ipsum
2594 4598 2709 4668 ejus
2750 4594 3092 4667 providentiae
3127 4594 3313 4648 volens
3349 4594 3533 4663 despi-

1944 4707 2087 4757 cere,
2116 4699 2378 4761 tamquam
2406 4688 2661 4761 vertigine
2681 4672 2955 4757 correptus
2973 4695 3025 4740 et
3047 4682 3294 4741 inellabili
3314 4683 3539 4752 dispen-

1945 4786 2165 4853 Satienis
2203 4784 2361 4853 huius
2397 4784 2650 4855 mysterio
2678 4790 2974 4838 commotus
2997 4821 3013 4849 ,
3058 4779 3326 4835 admirans
3350 4787 3405 4835 et
3430 4778 3527 4839 ob-

1946 4888 2253 4955 stupeseeus
2283 4878 2621 4943 immensam,
2653 4871 2972 4928 inell'abilem
2998 4881 3053 4935 et
3079 4870 3529 4939 incomprehensb

1948 4968 2104 5033 bilem
2134 4966 2228 5029 Dei
2255 4965 2567 5037 sapientiam
2607 4979 2671 5019 ac
2705 4960 3127 5035 providentiam,
3168 4961 3391 5035 rcsiliit,
3435 4959 3530 5014 bas

1946 5072 2105 5125 voces
2134 5056 2383 5120 emittens
2404 5093 2419 5119 ,
2452 5061 2507 5107 et
2546 5054 2705 5117 multa
2746 5065 2865 5105 eum
2895 5050 3059 5115 animi
3102 5051 3533 5106 cnnsternatione

1948 5152 1999 5207 in
2027 5151 2140 5217 tunc
2165 5147 2324 5205 th’ba
2350 5145 2588 5217 prorupit
2611 5160 2624 5196 :
2652 5143 2697 5198 0
2721 5140 2935 5210 altitudo
2957 5142 3241 5196 divitiarum
3261 5151 3308 5195 et
3325 5141 3530 5210 sapien-

1948 5244 2030 5307 tia:
2067 5251 2113 5295 et
2145 5238 2366 5295 scientia:
2393 5236 2490 5290 Dei
2516 5236 2702 5306 (Rom.
2722 5233 2816 5289 11.
2857 5232 2963 5304 ’.55)
2989 5234 3003 5288 ε
3038 5232 3237 5287 Deinde
3265 5243 3321 5285 ttt
3347 5242 3529 5287 osten—

1949 5334 2101 5387 deret
2144 5329 2473 5397 altitudinem
2513 5339 2571 5378 se
2600 5323 2810 5392 quidem
2853 5322 3034 5375 videre
3057 5361 3071 5384 ,
3116 5322 3209 5374 sed
3248 5330 3443 5390 quanta
3468 5321 3536 5375 sit

1951 5425 2156 5491 discere
2172 5418 2388 5491 minime
2409 5428 2586 5485 posse,
2604 5412 2854 5483 subjecit:
2874 5411 3036 5477 Quam
3057 5408 3400 5464 t'uscrutubilia
3420 5421 3537 5463 sunt

1945 5515 2142 5587 judicia
2159 5513 2287 5583 ejus,
2309 5520 2355 5562 et
2380 5504 2744 5576 inuestigabilcs
2774 5505 2866 5558 via:
2884 5504 2996 5574 ejus
3014 5504 3035 5556 .'
3053 5501 3166 5557 Non
3188 5501 3319 5556 dixit
3342 5500 3535 5554 incom~

1956 5603 2329 5678 preliensibilia
2360 5600 2535 5657 solum
2558 5641 2574 5664 ,
2604 5596 2697 5652 sed
2727 5604 2779 5651 et
2805 5592 3162 5650 Inscrutabilia
3181 5591 3378 5661 judicia
3399 5592 3527 5659 eius.

1959 5700 2074 5759 Non
2103 5695 2242 5754 enim
2265 5695 2436 5753 solum
2460 5688 2912 5751 comprehendere
2933 5700 3038 5742 non
3064 5694 3235 5752 potest
3258 5683 3413 5740 ullus.
3444 5679 3538 5735 sed
