4030 6206
561 393 669 450 ιεῦ

562 518 737 576 neque
777 491 1566 573 perscrutationis-principium
1609 489 1849 544 invenire
1881 506 1894 542 :
1928 488 1998 542 ita
2028 500 2134 540 non

561 594 721 650 modo
739 591 806 647 ad
827 591 984 645 ﬁnem
1011 585 1286 657 pervenire
1311 598 1415 636 non
1430 581 1591 647 valet,
1615 579 1709 634 sed
1731 593 1903 648 neque
1933 576 2138 630 initium

558 683 1014 757 diSpensationum
1039 678 1155 749 ejus
1181 675 1517 744 investigare.
1535 673 1668 727 Cum
1694 677 1868 725 autem
1896 667 2138 733 dixisset,

563 779 727 844 Quam
738 771 1006 830 inscrutabi
1012 770 1081 824 lia
1089 769 1289 840 judicia
1306 767 1432 836 ejus,
1457 772 1502 818 et
1520 760 1810 831 investigabi
1815 759 1884 814 les
1899 759 1990 813 via:
2002 759 2138 831 ejus,

560 878 616 924 et
634 866 926 923 admiratus
946 875 1112 928 esset,
1142 869 1196 915 et
1213 855 1592 926 obstupuisset,
1616 852 2001 923 gloriﬁcatione
2023 863 2143 903 ser-

561 974 775 1016 monem
822 953 1151 1016 terminavit,
1193 950 1307 1004 haec
1347 946 1600 1017 adjiciens
1622 985 1636 1009 ,
1665 957 1728 996 ac
1759 941 1942 996 dicens
1971 958 1985 994 :
2017 940 2178 1008 Quis.

560 1052 789 1124 cognovit
817 1062 1017 1103 sensum
1038 1042 1266 1108 Domini,
1288 1048 1376 1092 aut
1397 1037 1507 1109 quis
1527 1033 1844 1090 consiliarius
1873 1034 1982 1102 ejus
2007 1031 2144 1101 fuit?

559 1155 647 1200 aut
674 1144 783 1216 quis
808 1141 948 1213 prior
975 1137 1112 1192 dedit
1138 1135 1248 1202 illi,
1287 1143 1333 1186 et
1356 1131 1656 1186 retribuetur
1688 1129 1778 1182 ei?
1805 1125 2058 1192 Quoniam
2081 1138 2146 1178 ex

561 1215 709 1308 ipso,
740 1247 784 1290 et
809 1250 897 1304 per
915 1233 1102 1302 ipsum,
1133 1239 1178 1283 et
1199 1227 1251 1281 in
1268 1226 1378 1296 ipso
1403 1234 1516 1279 sunt
1537 1221 1707 1277 omnia
1737 1235 1756 1276 :
1784 1219 1882 1291 ipsi
1909 1217 2072 1288 gloria
2090 1215 2145 1270 in

562 1325 771 1382 saecula.
801 1325 962 1378 Amen
988 1319 1178 1393 (Rom.
1207 1319 1294 1372 ll.
1323 1314 1487 1371 54—56
1507 1313 1547 1383 ).
1576 1313 1774 1366 llorum
1819 1317 1996 1362 autem
2021 1321 2145 1361 ver-

561 1421 750 1473 borum
775 1414 863 1469 hic
889 1425 1076 1468 sensus
1101 1417 1180 1465 est
1213 1425 1228 1463 :
1258 1407 1372 1477 ipse
1398 1404 1628 1460 fonsest
1647 1442 1662 1466 ,
1693 1401 1807 1471 ipse
1833 1406 2018 1454 auctor
2046 1395 2145 1450 bo-

564 1522 775 1573 norum,
803 1504 952 1559 nullo
977 1501 1177 1570 indiget
1205 1495 1484 1568 participe,
1514 1491 1659 1548 nullo
1683 1487 2005 1553 consiliario;
2038 1501 2146 1540 non

562 1599 631 1652 ab
677 1597 848 1651 altero
903 1592 1196 1648 faeneratur
1237 1585 1593 1656 cognitionem
1627 1591 1718 1636 aut
1748 1579 2145 1650 intelligentiam

562 1688 679 1756 ipse
703 1685 897 1755 Opifex,
928 1682 1043 1753 ipse
1070 1678 1248 1735 omnia
1276 1691 1398 1732 cum
1423 1690 1530 1730 non
1557 1679 1753 1734 essent,
1788 1668 2062 1741 produxit,
2093 1677 2148 1723 et

563 1778 677 1847 ipse
707 1774 964 1845 producta
992 1775 1277 1825 conservat
1304 1775 1359 1822 et
1389 1773 1568 1821 tuetur
1600 1772 1659 1817 ut
1690 1761 1790 1832 ipsi
1817 1761 2010 1830 placet.
2053 1756 2147 1812 llla

562 1868 703 1923 enim
733 1865 893 1921 verba
918 1906 934 1932 ,
981 1862 1066 1917 Ea:
1107 1861 1220 1931 ipso
1263 1867 1310 1912 et
1342 1874 1434 1928 per
1462 1857 1628 1926 ipsum
1651 1861 1696 1907 et
1719 1854 1772 1905 in
1798 1852 1909 1921 ipso
1937 1850 2107 1905 omnia
2129 1888 2146 1913 ,

563 1960 695 2014 nihil
723 1956 865 2012 aliud
895 1955 1156 2016 indicant,
1205 1949 1307 2004 nisi
1335 1957 1608 2004 auctorem
1638 1959 1820 2000 rerum
1849 1950 2147 1997 creatarum

562 2051 710 2106 illum
739 2064 858 2105 esse
877 2089 891 2112 ,
922 2056 1079 2116 atque
1105 2043 1172 2098 ab
1213 2043 1304 2097 illo
1340 2039 1562 2095 retineri
1589 2044 1780 2092 cuncta
1803 2075 1818 2101 ,
1849 2044 1904 2089 et
1931 2047 2149 2088 conser-

561 2145 697 2200 vari.
722 2143 923 2198 Deinde
948 2153 1154 2194 memor
1182 2133 1418 2190 muneris
1454 2145 1560 2201 quo
1589 2144 1688 2183 nos
1723 2126 1979 2190 donavit,
2019 2124 2148 2180 alibi

564 2237 640 2289 ait
665 2253 677 2288 :
707 2233 908 2288 Gratias
930 2228 1038 2282 Deo
1066 2242 1217 2295 super
1242 2219 1569 2276 inenarrabili
1594 2217 1727 2271 dono
1767 2216 1876 2284 eius
1903 2213 1996 2284 (2.
2027 2213 2146 2268 Cor.

570 2329 626 2380 9.
659 2322 784 2393 15).
822 2320 940 2375 Jam
971 2331 1156 2387 pacem
1186 2326 1397 2382 quoque
1419 2351 1435 2373 ,
1469 2323 1626 2379 quam
1657 2306 1808 2361 nobis
1836 2304 2010 2370 dedit,
2045 2317 2149 2359 non

565 2412 726 2469 modo
755 2426 860 2465 non
884 2422 1041 2480 posse
1067 2419 1164 2460 nos
1190 2403 1431 2460 oratione
1458 2396 1756 2468 complecti,
1787 2409 1960 2465 neque
1983 2393 2153 2463 expli-

565 2519 709 2572 care,
738 2501 832 2556 sed
859 2510 913 2556 et
941 2512 1156 2553 omnem
1183 2501 1417 2550 mentem
1442 2488 1701 2546 excedere
1729 2485 1999 2551 declarat,
2030 2499 2149 2539 cum

567 2598 642 2652 ait
665 2613 678 2650 :
701 2594 818 2649 Pax
842 2591 970 2659 Dei,
1003 2605 1116 2659 qua:
1140 2592 1408 2655 exsuperat
1434 2596 1630 2636 omnem
1649 2595 1849 2634 sensum
1869 2618 1883 2642 ,
1909 2579 2154 2631 custodia

567 2687 722 2742 corda
757 2694 920 2739 vestra
949 2677 1217 2752 (Philipp.
1247 2676 1300 2730 4.
1327 2673 1360 2727 Ἰ
1387 2673 1428 2744 ).
1471 2670 1526 2726 Si
1566 2668 1725 2740 igitur
1760 2665 1982 2722 altitudo
2021 2661 2157 2720 divi-

569 2780 757 2836 tiarum
779 2783 834 2831 et
858 2771 1131 2842 sapientiae
1159 2777 1214 2824 et
1239 2765 1474 2822 scientia:
1493 2761 1659 2835 ipsius
1679 2761 1936 2814 immensa
1963 2765 2080 2822 est,
2109 2755 2154 2810 si

568 2863 1140 2935 inscrutabiliajudicia
1167 2859 1283 2930 ejus
1305 2899 1320 2926 ,
1353 2866 1410 2914 et
1430 2857 1531 2912 via:
1552 2853 1719 2924 ipsius
1739 2847 2149 2936 investigabiles,

568 2965 612 3019 si
633 2961 830 3017 donum
851 2958 965 3029 ejus
984 2966 1066 3012 est
1083 2950 1455 3016 inenarrabile,
1474 2958 1524 3005 et
1541 2962 1641 3018 pax
1659 2945 1773 3016 ejus
1790 2956 2001 2998 omnem
2029 2953 2155 2995 sen-

569 3069 686 3110 sum
713 3056 1017 3120 exsuperat,
1047 3062 1152 3102 non
1177 3059 1354 3100 meum
1385 3052 1618 3104 tantum.
1647 3047 1702 3094 et
1727 3045 1874 3092 tuum
1895 3076 1911 3103 ,
1942 3033 2026 3089 vel
2054 3033 2156 3088 ali-

568 3142 720 3215 cujus
749 3140 988 3204 alterius,
1017 3149 1190 3206 neque
1217 3131 1398 3196 Pauli,
1429 3129 1516 3184 vel
1543 3128 1686 3183 Petri
1712 3135 1915 3181 tantum
1934 3167 1949 3193 ,
1980 3125 2074 3180 sed
2103 3132 2158 3180 et

571 3242 742 3308 ipsum
758 3229 1199 3302 archangelorum
1219 3234 1272 3281 et
1287 3235 1632 3294 supernarum
1649 3231 1860 3274 sensum
1879 3217 2154 3287 virtutum,

570 3343 674 3400 qua
703 3336 759 3382 tu
811 3322 1156 3380 excusatione
1201 3317 1392 3388 dignus
1416 3356 1432 3382 ,
1475 3329 1578 3384 qua
1609 3311 1762 3366 venia
1786 3310 2109 3381 judicaberis
2137 3352 2154 3380 ,

570 3435 769 3492 (ιυωεο,
798 3417 888 3488 qui
913 3424 1056 3470 tanta
1082 3409 1349 3468 dementia
1370 3420 1609 3479 praeceps
1638 3403 1827 3460 feraris
1853 3411 1908 3458 et
1929 3402 2154 3468 insania,

571 3524 632 3569 ut
649 3527 768 3583 qua:
786 3504 1166 3578 investigabilia
1189 3509 1334 3568 sunt,
1351 3498 1559 3554 curiose
1577 3494 1792 3550 studeas
1809 3492 2159 3564 comprehcn-

571 3582 699 3659 dere
719 3643 734 3667 ,
763 3601 936 3670 deque
962 3595 1108 3653 omni
1151 3592 1246 3649 Dei
1277 3587 1615 3661 providentia
1645 3587 1906 3640 rationem
1936 3582 2158 3651 exigas?

571 3696 702 3751 Nam
727 3695 772 3750 si
800 3695 846 3747 is
871 3690 962 3762 qui
990 3697 1137 3743 tanta
1163 3683 1381 3740 scientia
1408 3680 1637 3734 donatus
1661 3685 1778 3740 est,
1804 3675 2001 3744 quique
2045 3681 2154 3727 tam

573 3789 832 3842 immensa
870 3779 1008 3852 apud
1038 3779 1201 3833 Deum
1230 3773 1419 3829 ﬁducia
1448 3769 1677 3832 valebat,
1706 3773 1759 3820 et
1783 3765 1946 3835 gratia
1973 3771 2154 3833 totque

572 3874 936 3947 spiritualibus
962 3868 1118 3926 donis
1147 3867 1346 3922 ditatus
1374 3861 1579 3925 fuerat,
1607 3855 1783 3923 cedit,
1812 3862 1869 3909 et
1895 3868 1954 3908 se
1981 3853 2157 3908 scien-

573 3944 698 4023 tiam
729 3967 996 4036 inquirere
1039 3973 1196 4031 posse
1229 3954 1458 4021 difﬁdit,
1501 3959 1554 4007 et
1583 3964 1687 4006 non
1723 3947 1884 4004 modo
1924 3944 2160 4036 reperire

575 4075 682 4114 non
698 4035 892 4123 valere,
907 4053 998 4110 sed
1013 4069 1079 4108 ne
1093 4067 1123 4106 a
1141 4045 1399 4120 principio
1411 4042 1628 4115 quidem
1646 4038 1892 4104 scrutari,
1915 4035 2151 4107 quando-

572 4149 788 4222 quidem
816 4146 996 4202 ethoc
1021 4153 1104 4199 est
1132 4137 1483 4210 impossibile,
1513 4148 1691 4190 nonne
1714 4132 1951 4188 omnium
1981 4128 2158 4185 infeli-

574 4243 820 4300 cissimus
847 4255 927 4306 es,
955 4247 1009 4293 et
1035 4233 1356 4306 gravissimo
1383 4233 1560 4286 lurore
1583 4234 1880 4295 correptus,
1911 4222 2000 4294 qui
2028 4237 2159 4278 con-

575 4335 790 4390 trariam
839 4330 914 4385 illi
961 4328 1098 4383 viam
1146 4323 1412 4378 insistas?
1454 4317 1638 4388 Neque
1684 4317 1827 4372 enim
1870 4314 1999 4369 dicit
2045 4312 2160 4368 haec

577 4433 780 4481 tantum
795 4464 809 4487 ,
833 4419 927 4476 sed
947 4427 1000 4475 et
1020 4417 1085 4474 ad
1104 4412 1403 4471 Corinthios
1422 4410 1546 4464 olim
1563 4408 1630 4463 de
1657 4407 1876 4462 scientia
1898 4403 2155 4468 scribens,

576 4513 969 4581 ostendensque
1017 4521 1123 4578 quo
1166 4511 1362 4576 pacto,
1409 4499 1534 4554 licet
1580 4497 1744 4552 multa
1781 4494 2156 4560 didicerimus,

579 4621 757 4664 tamen
787 4603 976 4675 exigua
1016 4598 1172 4654 valde
1213 4611 1276 4651 ac
1300 4593 1518 4650 minima
1545 4598 1629 4645 est
1678 4587 1914 4644 scientiae
1963 4593 2161 4640 nostrae

581 4695 936 4762 tnensura,sic
950 4693 1024 4748 ait
1042 4690 1123 4746 :Si
1138 4688 1248 4758 quis
1260 4702 1313 4740 se
1323 4684 1572 4740 existimat
1586 4681 1711 4736 scire
1721 4677 2162 4749 aliquid,nondum

579 4793 806 4862 cognovit
829 4780 1250 4856 quemadmodum
1278 4782 1471 4846 Oportet
1491 4788 1602 4826 eum
1625 4771 1753 4824 scire
1780 4768 1856 4840 (l.
1877 4767 1992 4821 Cor.
2010 4765 2158 4835 8.2).

579 4859 715 4934 Tum
739 4877 1042 4949 signiﬁcans
1062 4870 1284 4927 multum
1306 4866 1458 4923 nobis
1486 4861 1720 4919 scientia:
1745 4859 1952 4922 deesse,
1976 4871 2162 4912 cumu-

558 4948 822 5024 latiorem
849 4981 976 5021 vero
1003 4973 1057 5020 et
1081 4961 1394 5032 ampliorem
1435 4966 1639 5026 partem
1683 4953 1736 5006 in
1766 4950 1941 5005 futuro
1967 4948 2162 5003 sacculo

583 5057 872 5126 reservari,
899 5066 1148 5111 cieterum
1174 5051 1517 5124 perexiguum
1545 5044 1668 5115 quid
1699 5042 1850 5097 nobis
1884 5054 2002 5095 esse
2029 5054 2160 5094 con-

581 5163 793 5207 cessum
817 5189 834 5216 ,
865 5146 1062 5215 adjecit
1092 5161 1108 5198 :
1141 5143 1225 5197 Ea:
1273 5152 1415 5211 parte
1439 5135 1780 5206 cognoscimus
1804 5173 1819 5197 ,
1860 5139 1905 5184 et
1931 5145 1992 5183 ea:
2021 5138 2162 5199 parte

584 5238 958 5310 prapltetamus.
988 5233 1116 5289 Cum
1152 5241 1322 5286 autent
1360 5229 1544 5283 venerit
1571 5225 1706 5298 quod
1732 5222 2004 5294 perfectum
2050 5228 2158 5284 est,

583 5341 702 5382 tunc
729 5325 1049 5382 evacuabitur
1074 5323 1208 5394 quod
1236 5338 1297 5376 ea:
1322 5328 1463 5391 parte
1484 5328 1553 5370 est
1578 5317 1597 5387 (
1621 5319 1671 5371 1.
1697 5313 1817 5370 Cor.
1844 5315 1930 5369 15.
1953 5312 2006 5366 9.
2040 5311 2160 5380 10).

584 5421 764 5490 Neque
779 5419 865 5473 hic
899 5417 1158 5483 Subsistit,
1189 5415 1282 5469 sed
1299 5427 1420 5467 cum
1439 5411 1597 5465 vellet
1613 5408 1893 5464 ostendere
1908 5414 2163 5475 quantum

585 5513 723 5566 inter
741 5508 880 5564 hanc
898 5507 1173 5563 scientiam
1195 5513 1250 5560 et
1273 5504 1417 5558 illam
1443 5500 1672 5565 intersit,
1699 5498 2026 5565 multumque
2048 5507 2165 5548 esse

585 5600 882 5664 defectum,
915 5597 1017 5651 hoc
1043 5595 1270 5650 diversis
1313 5588 1799 5660 comparationibus
1828 5583 2164 5642 manifestum

588 5691 802 5747 reddit:
835 5688 960 5743 Cum
989 5702 1144 5741 essent
1192 5683 1433 5754 parvulus
1459 5722 1472 5744 ,
1506 5679 1740 5750 loquebar
1781 5687 1836 5731 ut
1879 5674 2118 5747 parvulus
2149 5689 2166 5728 :

571 5777 840 5852 supiebam
869 5787 921 5835 ut
951 5776 1224 5846 parvulus,
1256 5770 1533 5842 cogitabam
1575 5778 1627 5823 ut
1658 5767 1938 5845 paruulus;
1967 5765 2168 5838 quando

1209 381 1267 436 S.
1309 376 1588 436 JOANNIS
1621 371 2100 432 CIIRYSOSTOMI
2142 369 2452 427 ARCHIEP.
2494 370 3026 429 CONSTANTINOP.

3715 361 3820 417 181

2245 493 2412 537 autem
2459 489 2625 554 factus
2668 503 2779 541 sum
2817 487 2927 553 vir,
2977 487 3212 543 evacuavi
3257 507 3376 560 qua:
3398 506 3548 551 erant
3589 496 3822 567 parvuli.

2258 573 2488 630 Videmus
2518 577 2650 630 enim
2678 595 2811 632 nunc
2839 595 2926 649 per
2968 581 3224 649 speculum
3268 580 3322 634 in
3363 581 3629 652 enigmata
3650 626 3666 650 ,
3699 595 3817 638 tunc

2245 677 2410 720 autem
2430 669 2559 738 facie
2576 670 2644 722 ad
2665 671 2846 739 facient
2875 669 2947 742 (l.
2968 668 3086 726 Cor.
3112 673 3197 728 15.
3224 672 3310 726 11.
3338 671 3447 743 12).
3462 672 3621 729 Vides
3649 690 3818 745 quan-

2246 771 2357 816 tum
2385 763 2638 818 intersit?
2661 765 2921 831 Quantum
2944 766 3080 821 inter
3102 766 3378 835 parvulum
3401 780 3640 837 puerum,
3664 782 3722 824 et
3742 785 3819 824 Vl-

2249 869 2367 918 rum
2402 854 2717 924 perfectum;
2741 868 2996 926 quantum
3026 857 3162 912 inter
3181 859 3474 928 speculum,
3496 868 3550 914 et
3573 861 3819 932 aenigma,

2247 944 2332 998 vel
2356 944 2514 998 aliam
2541 945 2821 1000 obscuram
2849 962 3029 1002 rerum
3058 950 3340 1018 visionem,
3365 961 3418 1006 et
3444 954 3640 1009 claram
3671 957 3823 1010 visio-

2248 1049 2370 1088 nem
2403 1052 2416 1088 :
2446 1035 2546 1090 hoc
2575 1036 2716 1090 enim
2742 1047 2844 1103 est,
2875 1037 3033 1091 Facie
3063 1039 3131 1091 ad
3149 1039 3348 1108 faciem.
3377 1042 3486 1096 Cur
3513 1043 3669 1113 igitur
3693 1045 3824 1100 furis

2248 1133 2304 1179 et
2325 1125 2540 1192 insanis,
2564 1125 2688 1182 dum
2711 1142 2773 1182 ea
2789 1143 2906 1198 qua:
2931 1129 3191 1198 prohibita
3213 1138 3338 1185 sunt
3359 1131 3611 1187 audacter
3629 1133 3822 1190 frustra

2248 1226 2303 1271 et
2342 1217 2609 1272 incassum
2656 1220 3002 1290 aggrederis?
3026 1235 3121 1276 cur
3160 1237 3286 1277 vero
3334 1223 3496 1278 Paulo
3525 1239 3626 1278 non
3670 1241 3827 1296 pares

2248 1306 2443 1361 dicenti
2475 1326 2489 1362 τ
2519 1307 2634 1361 Imo
2660 1325 2774 1363 vero
2817 1320 2870 1364 tu
2899 1311 2986 1380 qui
3026 1327 3078 1364 es
3098 1351 3114 1374 ,
3139 1327 3168 1365 ο
3197 1313 3346 1366 homo
3368 1354 3383 1379 ,
3411 1315 3495 1382 qui
3523 1317 3827 1384 respondeas

2250 1397 2395 1451 Deo?
2439 1398 2710 1469 Numquid,
2732 1400 2861 1454 dicet
2891 1401 3186 1472 ﬁgmentum
3239 1403 3286 1457 ei
3308 1444 3324 1470 ,
3366 1405 3452 1474 qui
3486 1421 3539 1459 se
3581 1407 3783 1475 ﬁnxerit
3809 1449 3827 1474 ,

2253 1488 2390 1555 Quid
2414 1506 2492 1543 me
2527 1491 2689 1562 fecisti
2716 1491 2788 1545 sic
2819 1490 2994 1560 (Rom.
3024 1491 3077 1546 9.
3106 1492 3241 1564 20)?

2319 1579 2556 1635 Liberum
2585 1581 2867 1635 arbitrium.
2889 1613 2961 1622 —
2988 1582 3150 1638 Vides
3187 1595 3438 1655 quantam
3468 1587 3830 1643 obedientiam

2248 1670 2509 1740 requirat?
2533 1679 2790 1741 quantum
2818 1669 3112 1727 silentium?
3139 1673 3252 1728 Non
3276 1676 3417 1730 enim
3441 1677 3580 1746 quod
3606 1677 3832 1734 liberum

2251 1761 2399 1815 tollat
2430 1761 2704 1816 arbitrium
2728 1802 2743 1826 ,
2777 1762 2877 1818 hoc
2914 1762 3073 1825 dicit;
3102 1763 3240 1819 absit
3267 1783 3280 1819 :
3312 1765 3407 1820 sed
3451 1767 3553 1822 hoc
3595 1768 3832 1836 indicat,

2251 1867 2373 1907 cum
2404 1852 2492 1922 qui
2515 1852 2616 1906 ista
2644 1853 2864 1922 quaerit,
2891 1853 2961 1908 ita
2997 1865 3202 1910 mutum
3230 1844 3591 1913 esse‘debcre
3615 1900 3632 1926 ,
3666 1869 3720 1912 ut
3749 1870 3836 1914 est

2253 1943 2364 2013 ipsa
2393 1943 2486 1996 luti
2517 1951 2703 1998 natura
2723 1984 2738 2010 ,
2761 1959 2880 2013 quae.
2920 1945 3176 2000 artiﬁcem
3216 1948 3474 2016 sequitur,
3499 1963 3838 2020 quocumque

2251 2033 2430 2098 ducat,
2463 2048 2634 2104 neque
2681 2035 2965 2099 resistere.
2988 2044 3082 2090 aut
3119 2036 3327 2091 curiose
3367 2037 3652 2106 inquirere.
3683 2039 3838 2106 Quo-

2253 2123 2394 2178 circa
2423 2133 2622 2178 nostra:
2670 2133 2872 2180 natura:
2911 2141 3010 2180 nos
3051 2126 3340 2193 admouet,
3385 2137 3440 2182 et
3468 2129 3561 2182 luti
3600 2140 3654 2184 et
3689 2131 3840 2200 ﬁguli

2255 2215 2580 2270 mentionem
2603 2215 2746 2270 facit.
2778 2216 3010 2272 Tametsi
3040 2218 3183 2288 ﬁguli
3205 2228 3256 2274 et
3283 2221 3375 2274 luti
3403 2230 3482 2275 est
3511 2222 3696 2277 eadem
3717 2225 3841 2280 sub-

2255 2308 2476 2362 stantia.
2501 2306 2653 2374 Quod
2681 2309 2724 2362 si
2768 2308 2858 2363 ttbi
2906 2310 3198 2366 substantia
3229 2321 3311 2366 est
3331 2313 3517 2368 eadem
3537 2355 3552 2378 ,
3583 2324 3724 2370 tanta
3755 2328 3842 2371 est

2255 2397 2552 2452 obedientia
2585 2416 2598 2452 :
2631 2398 2719 2452 ubi
2749 2398 3036 2455 discrimen
3062 2409 3144 2455 est
3166 2401 3482 2457 immensum
3509 2413 3564 2458 et
3587 2405 3844 2460 substano

2258 2489 2342 2541 tiae
2366 2496 2421 2543 et
2449 2489 2687 2544 scientia:
2717 2505 2780 2546 ac
2801 2491 3128 2562 reliquorum
3150 2494 3408 2561 omnium,
3438 2511 3593 2565 quam
3621 2500 3839 2554 veniam

2256 2581 2537 2647 obtinebit,
2561 2582 2650 2652 qui
2671 2583 2805 2638 adeo
2833 2586 3147 2641 temerarius
3171 2595 3252 2641 est
3268 2596 3320 2641 et
3345 2587 3644 2656 impudens,
3667 2598 3722 2644 ιιι
3753 2607 3844 2646 res

2257 2669 2354 2726 Dei
2383 2673 2640 2726 creatoris
2659 2674 2739 2727 sui
2773 2675 2983 2729 curiose
3011 2677 3316 2731 scrutetur?
3339 2677 3540 2747 Cogita,
3570 2695 3603 2733 o
3633 2680 3804 2734 homo
3823 2724 3837 2747 ,

2256 2764 2372 2834 quis
2399 2764 2475 2819 sis
2507 2782 2520 2818 :
2554 2763 2657 2819 hoc
2691 2765 2832 2820 enim
2858 2766 3158 2836 signiﬁcant
3199 2782 3262 2822 ea
3289 2783 3406 2838 quae
3435 2769 3590 2834 dicit,
3615 2769 3696 2823 Tu
3725 2775 3846 2843 quis

2257 2853 2555 2909 es?Nonne
2584 2855 2753 2909 lutum
2777 2855 2800 2908 ?
2829 2870 3006 2911 nonne
3051 2857 3184 2911 cinis
3211 2867 3264 2912 et
3293 2858 3501 2928 pulvis?
3528 2875 3704 2915 nonne
3759 2863 3846 2916 fa-

2257 2943 2417 2998 villa?
2439 2959 2614 3000 nonne
2639 2945 2856 3000 fumus?
2881 2961 3058 3002 nonne
3083 2946 3321 3002 foenum?
3349 2964 3523 3005 ncnne
3552 2951 3650 3006 ﬂos
3672 2951 3807 3010 fani
3823 2957 3849 3009 τ

2261 3033 2368 3090 llas
2394 3035 2535 3089 enim
2564 3049 2752 3091 omnes
2779 3035 3156 3093 similitudines
3182 3037 3486 3108 frequenter
3524 3044 3574 3096 in
3601 3044 3848 3099 medium

2258 3123 2528 3180 adducunt
2571 3125 2884 3196 prophetat,
2917 3126 3043 3182 dum
3105 3137 3308 3183 natura:
3353 3139 3549 3185 nostrae
3599 3133 3850 3189 nituntur

2259 3215 2558 3285 exprimere
2581 3215 2856 3271 vilitatem.
2880 3218 3037 3286 Atqui
3069 3218 3112 3272 is
3135 3234 3293 3289 quem
3317 3220 3527 3276 curiose
3554 3225 3846 3293 scrutaris,

2260 3306 2576 3361 immortalis
2625 3313 2709 3362 est
2731 3348 2746 3373 ,
2771 3308 3114 3362 immutabilis
3135 3349 3152 3374 ,
3189 3323 3400 3379 semper
3420 3318 3540 3377 est,
3569 3322 3623 3366 et
3648 3314 3852 3369 eodem

2260 3397 2420 3453 modo
2449 3407 2547 3463 est,
2580 3397 2695 3452 siue
2719 3399 2998 3468 principio,
3026 3398 3142 3453 sine
3173 3397 3298 3465 ﬁne,
3327 3400 3507 3454 animo
3534 3401 3856 3471 incompre-

2260 3488 2554 3555 hensibilis,
2579 3497 2809 3544 mentem
2841 3497 3128 3558 exsuperat
3156 3530 3172 3556 ,
3197 3491 3570 3560 cogitationem
3592 3494 3853 3560 excedit,

2260 3580 2661 3650 inexplicabilis,
2683 3579 2987 3646 ineﬁabilis,
3012 3580 3562 3651 incomprehensibilis
3579 3598 3685 3637 non
3711 3586 3857 3640 mihi

2262 3673 2462 3744 tibique
2490 3672 2684 3738 solum,
2717 3687 2822 3726 non
2841 3672 3116 3743 prophetis
3136 3681 3190 3727 et
3209 3674 3465 3742 apostolis
3484 3715 3500 3739 ,
3526 3675 3619 3729 sed
3648 3685 3702 3730 et
3734 3691 3857 3731 cat--

2271 3763 2492 3818 Iestibus
2523 3762 2828 3830 virtutibus,
2847 3777 2964 3832 qua:
2992 3777 3139 3832 purae
3161 3772 3304 3830 sunt,
3330 3763 3640 3833 invisibiles,
3667 3767 3862 3822 incor-

2261 3869 2440 3924 porea:
2459 3895 2474 3920 ,
2498 3869 2618 3922 qua:
2647 3861 2904 3924 perpetuo
2931 3864 3212 3909 versantur
3234 3856 3287 3910 in
3311 3855 3478 3911 caelis.

2332 3947 2460 4001 Car.
2489 3944 2576 4001 lll.
2610 3943 2733 4000 Non
2777 3945 2918 3999 nobis
2946 3947 3140 4013 solum,
3169 3949 3258 4001 sed
3298 3957 3344 4003 et
3371 3948 3649 4002 cazlestibus
3674 3949 3856 4004 virtu-

2263 4038 2390 4091 tibus
2415 4036 2964 4107 incomprehensibilem
2985 4052 3092 4091 esse
3109 4037 3440 4092 divinitatem.
3468 4068 3538 4078 —
3557 4037 3686 4092 Cum
3710 4055 3862 4110 ergo

2262 4127 2586 4198 Seraphinos
2610 4127 2806 4182 videris
2843 4127 2982 4182 circa
3010 4128 3292 4183 sublimem
3338 4129 3486 4182 illum
3540 4129 3865 4200 elatumque

2265 4220 2512 4275 thronum
2533 4219 2771 4274 volantes
2805 4219 3008 4273 alarum
3053 4219 3274 4275 obtentu
3302 4235 3428 4275 suos
3455 4220 3638 4274 oculos
3675 4222 3865 4276 obve-

2263 4312 2394 4376 lare,
2421 4309 2688 4380 pedesque
2715 4324 2859 4375 suos,
2891 4318 2944 4362 et
2971 4319 3114 4379 terga
3140 4350 3155 4375 ,
3179 4318 3233 4364 et
3252 4308 3412 4364 facies
3439 4310 3711 4364 occultare
3739 4353 3758 4377 ,
3791 4327 3866 4366 ac

2262 4400 2550 4454 clamorem
2597 4399 2813 4468 plenum
2852 4397 3221 4453 admirationis
3265 4397 3666 4463 eﬁ‘undere,ne
3688 4410 3869 4469 putes

2263 4490 2374 4544 alas
2394 4497 2449 4543 et
2476 4487 2638 4558 pedes
2666 4489 2795 4558 ipsis
2818 4501 2937 4543 esse
2961 4529 2977 4554 ,
3009 4489 3207 4558 quippe
3233 4503 3352 4543 cum
3374 4489 3708 4558 incorporea:
3741 4492 3871 4544 sint

2264 4581 2369 4636 illa:
2394 4580 2637 4646 virtutes;
2663 4579 2758 4635 sed
2783 4593 2848 4634 ex
2884 4579 2967 4633 his
2998 4578 3182 4649 ﬁguris
3211 4580 3538 4634 inaccessum
3567 4588 3623 4633 et
3648 4580 3869 4635 incom-

2265 4671 2674 4742 prehensibilem
2699 4684 2819 4724 esse
2862 4670 3011 4724 illum
3050 4669 3285 4738 intellige
3313 4669 3400 4738 qui
3431 4669 3484 4723 in
3517 4669 3715 4722 throno
3767 4685 3872 4724 se-

2264 4760 2475 4832 dct(ls.
2497 4761 2551 4816 6.
2577 4759 2633 4814 2.
2659 4761 2738 4830 3).
2770 4758 2904 4814 Nam
2940 4768 2994 4814 et
3021 4759 3125 4813 illis
3164 4768 3248 4814 est
3290 4757 3876 4830 incomprehensibilis

2265 4862 2318 4908 et
2339 4853 2641 4906 inaccessus
2665 4889 2681 4916 ,
2712 4851 2921 4904 tametsi
2951 4849 2996 4903 si
3034 4848 3324 4903 inﬁrmitati
3363 4858 3558 4902 nostra:
3579 4858 3870 4918 attempe-

2266 4954 2348 5000 ret
2376 4959 2389 4996 :
2415 4957 2584 5013 neque
2605 4940 2750 4996 enim
2787 4939 2840 4994 id
2867 4937 3008 5009 quod
3034 4947 3186 5004 erat,
3216 4946 3326 4992 tum
3371 4937 3678 5008 apparebat.
3711 4939 3877 4992 Deus

2266 5034 2409 5090 enim
2455 5047 2561 5087 non
2604 5031 2790 5097 sedet,
2837 5044 3011 5099 neque
3057 5029 3252 5083 throno
3297 5030 3621 5094 continetur,
3677 5044 3876 5098 neque

2267 5125 2388 5179 loco
2415 5121 2885 5179 circumscribitur.
2917 5120 3068 5186 Quod
3090 5121 3132 5175 si
3161 5119 3459 5187 sedentem,
3490 5128 3545 5175 et
3571 5120 3621 5173 in
3654 5119 3879 5174 thrOtto

2267 5218 2580 5271 collocatum
2602 5256 2618 5282 ,
2644 5223 2802 5284 atque
2827 5214 2892 5268 ab
2917 5213 3043 5281 ipsis
3073 5213 3457 5268 circumdatum
3491 5214 3634 5282 (qua:
3663 5214 3877 5266 omnia

2269 5314 2394 5360 sunt
2435 5305 2503 5360 ad
2541 5315 2776 5358 nostram
2816 5303 3175 5356 inﬁrmitatem
3227 5318 3286 5357 se
3331 5302 3776 5371 attemperautis,
3816 5314 3885 5358 et

2272 5413 2376 5451 non
2407 5395 2660 5466 sedentis)
2688 5395 2881 5450 intueri
2903 5396 3120 5450 minime
3149 5404 3452 5463 potuerunt,
3483 5395 3576 5451 sed
3598 5395 3887 5450 exsilien‘

2273 5501 2377 5545 tem
2423 5488 2549 5543 inde
2596 5487 2860 5558 fulgorem
2905 5503 3012 5542 non
3057 5486 3322 5552 ferentes,
3369 5488 3570 5542 alarum
3626 5486 3887 5541 obtentu

2272 5579 2456 5633 oculos
2480 5577 2797 5633 obvelabant
2818 5617 2834 5643 ,
2861 5584 3168 5646 tantumque
3209 5577 3574 5646 gloriﬁcabant
3597 5617 3614 5644 ,
3643 5584 3892 5632 tantum

2276 5670 2500 5740 hymnos
2528 5668 2822 5736 canebant,
2851 5675 2904 5722 et
2932 5666 3099 5722 multo
3139 5681 3260 5720 cum
3291 5675 3521 5724 tremore
3567 5666 3894 5737 mysticam

2279 5763 2424 5819 illum
2451 5759 2885 5818 sanctiﬁcationis
2903 5767 3115 5815 cantum
3144 5759 3432 5816 oﬁ‘erehant
3462 5776 3474 5812 :
3499 5774 3606 5814 non
3643 5769 3694 5812 tu
3729 5759 3900 5820 hinc
