4030 6206
289 194 397 249 Ᾰ35

282 328 370 405 τις
394 312 458 366 οὐ
481 314 724 405 δύναται,
752 319 867 372 ἀλλ’
896 322 1017 376 οὑδὲ
1045 325 1216 397 ἀρχὴν
1259 331 1483 403 ἐρεύνης
1517 336 1879 405 ποιήσασθαι·

468 403 721 493 μόνον
771 409 853 471 εἰς
890 410 951 463 τὸ
997 411 1172 484 πέρας
1215 399 1301 481 τις
1339 399 1512 474 ἐλθεῖν
1549 399 1649 475 οὑκ
1689 425 1881 493 ἰσχύει,

282 488 403 579 ἀλλ’
437 490 569 579 οὐδὲΔ
596 491 696 562 τὴν
733 494 908 566 ἀρχὴν
945 496 1241 569 ἐξιχνιάσαι
1279 505 1386 558 τῶν
1423 488 1884 579 οἰκονομιῶν-ἀὑέ

281 577 401 664 τοῦ.
439 577 626 664 Εἰπὼν
653 579 732 644 δὲ,
776 582 870 648 Ὠς
901 585 1341 658 ἁνεξερεύνητα
1381 594 1454 647 τὰ
1491 577 1743 664 κρίματα
1771 601 1881 652 αὑ·

282 660 414 727 τοῦ,
439 662 540 751 καί
559 663 1022 751 ἀνεξιχνίαστοι
1049 672 1107 722 αι
1147 671 1274 726 ὀδοί
1302 677 1508 742 αὑτοῦ,
1525 660 1643 730 *καὶ
1677 679 1884 751 θαυμάα

281 763 385 810 σας
433 750 528 801 καὶ
553 749 871 819 ἐκπλαγεὶς,
915 756 996 817 είς
1038 754 1345 828 δοξολογίαν
1381 763 1473 816 τὸν
1523 764 1680 834 λόγον
1724 749 1883 821 κατέ-

281 852 516 902 παυσεν,
577 837 752 903 οὕτως
789 841 1012 909 ἐπάγων
1041 847 1134 898 καὶ
1175 846 1379 917 λέγων·
1419 852 1515 917 Τίς
1553 852 1708 922 ἔγνω
1732 853 1884 908 νοῦν

281 925 529 1010 Κυρίου,
561 923 601 992 ἣ
638 925 729 992 τίς
761 928 1106 996 σύμϐουλος
1155 935 1342 988 αὑτοῦ
1396 936 1667 1007 ἐγένετο;
1703 940 1740 1010 ἢ
1789 941 1882 1007 τίς

281 1009 625 1076 προέδωκεν
675 1011 854 1078 αὐτῷ,
910 1016 1012 1070 καί
1069 1019 1624 1089 ἀνταποδοθήσεται
1677 1027 1882 1094 αὺτῷ;

285 1099 410 1151 Ὅτι
463 1099 536 1163 ἐξ
575 1101 763 1155 αὐτοῦ
809 1098 906 1155 καὶ
951 1103 1028 1158 δι’
1072 1108 1257 1162 αὐτοῦ
1307 1111 1405 1163 καὶ
1454 1115 1541 1178 εἰς
1585 1116 1772 1168 αὑτὸν
1808 1114 1880 1169 τὰ

280 1184 514 1238 πάντα·
556 1187 716 1252 αὐτῷ
742 1190 780 1257 ἠ
809 1189 958 1254 δόξα
989 1194 1076 1258 είς
1118 1195 1258 1261 τοὺς
1297 1196 1538 1264 αἰῶνας.
1580 1201 1775 1270 Ἀμήν.
1813 1203 1878 1253 Ὃ

276 1272 334 1325 δὲ
381 1273 532 1342 λέγει
577 1275 819 1331 τοιοῦτόν
863 1281 1043 1333 ἐστιν·
1072 1282 1244 1348 Αὐτὸς
1288 1288 1460 1358 πηγὴ,
1508 1288 1669 1352 αὑτὸς
1708 1289 1879 1355 αἴτιος

274 1362 389 1414 τῶν
417 1363 657 1430 ἀγαθῶν,
681 1366 892 1430 οὑδενδς
919 1367 1088 1422 δεῖται
1123 1374 1400 1440 κοινωνοῦ,
1442 1376 1655 1439 οὐδενὸς
1700 1377 1873 1430 δεῖται

279 1451 621 1520 συμϐούλου·
661 1454 722 1506 ού
775 1456 903 1524 παρ’
944 1457 1131 1529 ἐτέρου
1175 1460 1552 1534 δανειζόμενος
1589 1465 1809 1533 γνῶσιν,
1842 1468 1874 1538 ἢ

279 1537 516 1602 σύνεσιν,
550 1539 694 1594 οὕτω
728 1540 1062 1611 βουλεύεται,
1091 1546 1496 1620 θαυματουργεῖ
1532 1563 1590 1592 ει·
1620 1552 1736 1606 ἀλλ’
1774 1537 1876 1607 αὑέ

273 1625 369 1689 τὸς
410 1627 555 1698 ἀρχὴ
601 1629 698 1682 καὶ
732 1629 882 1686 αἰτία
907 1632 1015 1685 ’καὶ
1052 1635 1202 1706 πηγὴ
1247 1637 1463 1691 πάντων
1497 1639 1605 1693 τῶν
1633 1641 1872 1710 ἀγαθῶν,

274 1712 440 1779 αὑτδς
477 1714 829 1789 δημιουργὸς,
872 1720 1036 1783 αὐτὸς
1067 1723 1206 1777 αὑτά
1245 1726 1346 1778 οὑκ
1394 1725 1522 1780 ὅντα
1564 1729 1874 1800 παρήγαγε,

275 1801 373 1853 καὶ
422 1802 585 1866 αὑτὸς
639 1805 991 1876 παραχθέντα
1038 1809 1322 1881 διακρατεῖ
1369 1814 1463 1866 καὶ
1507 1813 1752 1886 διατηρεῖ
1800 1816 1876 1879 ὡς

274 1885 549 1954 βούλεται.
581 1890 655 1944 Τὸ
696 1891 827 1964 γάρ,
869 1893 966 1958 Ἐξ
1007 1896 1217 1962 αὐτοῦ,
1269 1897 1367 1951 καί
1418 1898 1493 1952 δι’
1523 1900 1730 1966 αὐτοῦ,
1775 1900 1875 1954 καί

273 1977 364 2040 εἰς
414 1977 604 2042 αὑτὸν
644 1979 718 2034 τὰ
765 1979 984 2047 πάντα,
1038 1983 1196 2038 τοῦτό
1252 1987 1366 2040 ἐστι
1433 1986 1737 2058 δηλοῦντος,
1793 1989 1876 2050 ὅτι

269 2062 461 2127 αἴτιος
492 2065 600 2118 τῶν
626 2066 792 2121 ὄντων
817 2069 979 2134 αὐτὸς
1005 2074 1100 2124 καὶ
1131 2071 1480 2143 δημιουργὸς,
1523 2073 1618 2127 καὶ
1647 2073 1874 2145 διακρα-

267 2149 386 2203 τῶν
434 2153 528 2205 καὶ
567 2154 804 2225 συνέχων
829 2155 900 2209 τά
933 2157 1132 2212 πάντα.
1162 2152 1298 2212 Εἶτα
1339 2160 1502 2213 πάλιν
1533 2163 1630 2232 τῆς
1667 2161 1874 2234 δωρεᾶς

271 2238 542 2309 μνησθεὶς
564 2241 665 2312 τῆς
696 2243 776 2306 εἰς
810 2245 959 2316 ἡμᾶς
996 2247 1390 2317 γεγενημένης,
1428 2246 1662 2318 ἀλλαχοῦ
1693 2248 1874 2316 λέγει·

271 2326 462 2396 Χάρις
481 2327 550 2381 δὲ
572 2329 653 2395 τῷ
688 2329 812 2396 Θεῷ
850 2331 951 2385 ἐπὶ
987 2331 1063 2402 τῇ
1097 2333 1508 2404 ἀνεκδιηγήτῳ
1544 2334 1733 2389 αὐτοῦ
1761 2335 1873 2389 δω-

269 2414 402 2483 ρεᾷ.
437 2418 551 2471 Καὶ
577 2419 679 2490 τὴν
699 2420 923 2492 εἰρήνην
956 2421 1014 2474 δὲ
1046 2421 1143 2494 τὴν
1173 2423 1415 2478 δοθεῖσαν
1435 2426 1590 2496 ἡμῖν,
1615 2425 1734 2496 οὐχὶ
1771 2425 1863 2479 λό-

271 2519 372 2571 γον
426 2506 584 2575 νικᾷν
640 2505 821 2576 μόνον,
863 2507 985 2561 οὑδὲ
1031 2508 1283 2580 διήγησιν
1325 2511 1695 2581 ὑπερϐαίνειν,
1735 2513 1872 2568 ἀλλά

273 2592 373 2646 καὶ
401 2590 496 2644 νοῦ
534 2593 737 2658 παντὸς
777 2595 1054 2666 ἀνωτέραν
1094 2593 1232 2650 εἶναι
1266 2598 1434 2670 δηλοῖ,
1483 2599 1563 2653 διὸ
1591 2599 1766 2670 λέγει·
1814 2603 1876 2656 'H

270 2677 482 2746 εἰρήνη
533 2679 642 2734 τοῦ
697 2681 865 2750 Θεοῦ,
920 2684 959 2750 ἡ
1005 2683 1397 2752 ὑπερέχουσα
1443 2686 1642 2742 πάντα
1697 2689 1870 2753 νοῦν,

269 2760 605 2829 φρουρήσει
638 2764 746 2829 τὰς
778 2763 1028 2833 καρδίας
1066 2766 1252 2836 ὑμῶν.
1298 2769 1360 2822 Εἰ
1403 2769 1579 2824 τοίνυν
1614 2770 1676 2824 τὸ
1706 2771 1871 2842 βάθος

269 2846 500 2920 ἄπειρον
547 2849 645 2903 τοῦ
673 2851 926 2918 πλούτου,
959 2854 1054 2908 καὶ
1097 2855 1198 2925 τῆς
1229 2855 1419 2924 σοφίας
1457 2859 1679 2930 καὶτῆς
1715 2859 1870 2928 γνώ-

269 2953 451 3002 σεως,
494 2939 590 2992 καὶ
635 2940 704 2994 τά
758 2943 1003 3013 κρίματα
1066 2944 1231 2998 αὑτοῦ
1277 2946 1705 3018 ἀνεξερεύνητα,
1776 2948 1870 3002 καί

269 3026 328 3079 αί
377 3026 489 3079 ὁδοὶ
538 3027 706 3081 αὑτοῦ
759 3031 1176 3102 ἀνεξιχνίαστοι.
1225 3034 1318 3087 καὶ
1386 3035 1420 3104 ἡ
1478 3033 1657 3106 δωρεά
1699 3035 1865 3089 αὑτοῦ

267 3113 689 3184 ἀνεκδιήγητος,
741 3119 836 3172 καὶ
877 3121 908 3190 ἡ
956 3121 1146 3192 εἰρήνη
1197 3121 1454 3192 ὑπερέχει
1504 3123 1680 3178 πάντα
1721 3123 1865 3188 νοῦν,

269 3203 330 3257 ού
394 3204 486 3258 τὸν
541 3206 672 3276 ὲμδν
728 3209 819 3262 καὶ
875 3210 966 3263 τὸν
1030 3210 1121 3264 σὸν
1184 3211 1279 3264 καὶ
1331 3210 1424 3265 τοῦ
1487 3211 1693 3277 δεῖνος,
1748 3213 1867 3266 οὐδὲ

271 3294 362 3347 τὸν
401 3293 497 3348 τοῦ
558 3296 771 3350 Παύλου
816 3299 911 3352 καὶ
964 3300 1170 3372 Πέτρου
1220 3300 1400 3370 μόνον,
1449 3299 1584 3353 ἀλλά
1628 3301 1722 3354 καὶ
1773 3302 1870 3355 αὑ-

272 3385 364 3437 τὸν
413 3385 509 3437 τὸν
554 3385 662 3440 τῶν
711 3387 1065 3458 ἀρχαγγέλων
1118 3388 1213 3443 καὶ
1257 3389 1378 3455 τῶν,
1409 3389 1520 3443 ἀνω
1567 3389 1866 3460 δυνάμεων,

273 3471 435 3526 ποίαν
471 3473 613 3540 ἕξεις
647 3475 806 3538 αὑτὸς
837 3474 1150 3544 ἀπολογίαν,
1183 3474 1304 3530 εἰπέ
1340 3494 1464 3548 μοις
1491 3477 1611 3530 τίνα
1641 3477 1696 3530 δὲ
1732 3493 1865 3545 συγ-

271 3560 522 3632 γνώμην,
556 3562 793 3634 τοσαύτῃ
826 3563 1161 3635 κεχρημένος
1194 3563 1378 3635 μανίᾳ,
1403 3563 1497 3617 καὶ
1529 3562 1776 3635 ἀπονοίᾳ,
1801 3564 1871 3618 τὰ

272 3649 656 3720 ἀνεξιχνίαστα
682 3648 1000 3722 βουλόμενος
1035 3651 1063 3690 δ
1093 3651 1444 3716 καταλαϐεῖν,
1471 3651 1563 3705 καὶ
1604 3651 1732 3723 περὶ
1772 3652 1873 3705 πά-

274 3757 376 3810 σης
411 3739 512 3810 τῆς
545 3739 637 3793 τοῦ
663 3739 798 3793 Θεοῦ
832 3741 1087 3812 προνοίας
1117 3741 1273 3809 λόγον
1314 3741 1594 3807 ἀπαιτῶν;
1620 3742 1682 3793 Εἰ
1711 3739 1818 3811 γάρ
1841 3741 1871 3793 ό

273 3828 551 3898 τοσαύτης
594 3828 980 3893 ἀπολελαυκὼς
1010 3827 1283 3898 γνώσεως,
1310 3831 1403 3883 καὶ
1445 3828 1756 3902 παρρησίαν
1784 3828 1874 3883 οὑ-

275 3933 383 3979 τως
413 3915 623 3984 ἄφατον
653 3915 812 3986 ἔχων,
842 3916 1071 3988 καιρῶν
1096 3915 1360 3970 τοσούτων
1388 3915 1740 3988 χαρισμάτων
1775 3917 1874 3986 ἐμ-

276 4003 664 4074 πεπλησμένος
717 4003 926 4068 Παῦλος
969 4007 1310 4076 παραχωρεῖ,
1337 4005 1430 4058 καὶ
1468 4003 1741 4068 ἐξίσταται
1773 4004 1875 4074 τῆς

278 4093 384 4145 ὑπὸ
429 4091 529 4162 τὴν
568 4091 797 4164 ζήτησιν
840 4092 1114 4161 γνώσεως,
1155 4093 1249 4144 καὶ
1293 4092 1353 4144 οὑ
1404 4092 1561 4161 μόνον
1601 4091 1780 4162 εὑρεῖν
1811 4091 1871 4143 ού

277 4179 526 4245 δύναται,
559 4179 675 4233 ἀλλ’
724 4180 846 4234 οὐδὲ
882 4181 1170 4252 ἐρευνῆσαι
1213 4179 1310 4252 τὴν
1351 4178 1546 4252 ἀρχὴν,
1577 4179 1699 4232 ἐπεὶ
1739 4179 1874 4250 μηδὲ

277 4266 527 4332 δυνατὸν,
551 4267 670 4330 πῶς
697 4267 758 4320 οὑ
792 4268 1009 4322 πάντων
1047 4265 1394 4337 ἀθλιώτερος,
1437 4268 1528 4321 καὶ
1571 4265 1668 4337 τὴν
1699 4267 1874 4336 χαλε-

267 4353 543 4425 ’πωτάτην
596 4355 920 4425 μαινόμενος
972 4354 1188 4425 μανίαν,
1239 4355 1269 4406 ὁ
1324 4353 1422 4425 τὴν
1473 4353 1720 4407 ἐναντίαν
1758 4351 1874 4406 ὁδὸν

279 4441 581 4512 ἐρχόμενος
632 4443 855 4513 έκείνῳ;
892 4442 1026 4496 Οὐδὲ
1074 4443 1184 4512 γὰρ
1235 4440 1410 4494 ταῦτα
1446 4441 1634 4512 είρηκε
1688 4439 1871 4510 μόνον,

279 4530 422 4585 ἀλλά
449 4531 544 4586 καὶ
573 4533 702 4603 περὶ
741 4530 995 4600 γνώσεώς
1022 4548 1151 4584 ποτε
1179 4530 1488 4602 Κορινθίοις
1520 4529 1870 4593 ἐπιστέλλων,

282 4620 380 4672 καὶ
413 4618 652 4684 δεικνὺς,
677 4619 846 4682 ὅπως,
878 4620 926 4672 εἰ
956 4618 1053 4673 καὶ
1081 4617 1250 4671 πολλά
1296 4617 1720 4688 μεμαθήκαμεν,
1759 4615 1873 4670 ἀλλ’

281 4706 465 4769 ὀλίγον
507 4707 604 4761 καὶ
655 4706 860 4777 σφόδρα
906 4706 1187 4777 ἐλάχιστον
1221 4704 1421 4776 μέτρον
1467 4705 1720 4773 γνώσεως
1755 4703 1875 4775 ἕχο-

288 4812 410 4865 μεν,
440 4794 585 4848 οὕτω
619 4793 738 4858 πώς
778 4811 972 4866 φησιν·
1011 4795 1084 4849 El
1121 4811 1212 4860 τις
1244 4792 1411 4847 δοκεῖ
1441 4792 1759 4862 ἐγνωκέναι
1787 4809 1874 4856 τι,

283 4883 454 4937 οὔπω
485 4878 608 4936 εἶδε
646 4883 841 4949 καθὼς
881 4880 971 4935 δεῖ
1006 4879 1246 4952 γνῶναι.
1274 4876 1407 4934 Εἶτα
1431 4879 1606 4950 δηλῶν
1632 4878 1713 4931 ὅτι
1740 4878 1874 4933 πολὺ

288 4968 463 5024 λείπει
489 4974 589 5042 τῆς
617 4969 870 5039 γνώσεως
896 4971 1050 5040 ἡμῖν,
1091 4968 1186 5023 καί
1222 4966 1284 5020 τὸ
1324 4966 1486 5021 πλέον
1525 4969 1582 5021 ὲν
1623 4965 1702 5037 τῷ
1748 4967 1876 5036 μέλη

289 5059 434 5112 λοντι
469 5059 822 5130 τεταμίευται
862 5058 1060 5128 χρόνῳ,
1089 5055 1266 5125 ὀλίγον
1303 5055 1360 5109 δέ
1387 5073 1440 5109 τι
1476 5057 1607 5127 ἡμῖν
1642 5054 1871 5117 δέδοται,

289 5147 589 5219 ἐπήγαγεν·
638 5148 734 5199 Ἐκ
742 5147 976 5216 μέρους
1006 5144 1396 5214 γινώσκομεν,
1430 5145 1525 5198 καὶ
1560 5144 1629 5198 ἐκ
1651 5141 1874 5213 μέρους

288 5235 764 5304 προφητεύομεν.
809 5232 959 5306 [469]
999 5234 1178 5287 Ὅταν
1223 5231 1292 5286 δὲ
1321 5233 1470 5300 ἔλθῃ
1511 5231 1580 5286 τὸ
1620 5230 1874 5296 τέλειον,

288 5323 421 5376 τότε
449 5321 517 5375 τὸ
559 5323 629 5376 ἐκ
664 5321 888 5390 μέρους
920 5317 1456 5391 καταργηθήσεται.
1485 5317 1592 5370 Καὶ
1621 5316 1742 5371 οὐδὲ
1785 5318 1874 5370 ὲν-
1904 5331 1959 5360 τα

291 5407 464 5464 ταῦθα
493 5408 643 5479 ἔστη,
684 5408 818 5463 ἀλλά
862 5407 1031 5473 δεῖξαι
1064 5405 1383 5477 βουλόμενος
1415 5403 1580 5456 πόσον
1614 5403 1674 5457 τὸ
1714 5403 1877 5474 μέσον

293 5495 496 5567 ταύτης
525 5497 782 5568 κάκείνης
819 5497 917 5568 τῆς
950 5493 1224 5566 γνώσεως,
1271 5493 1366 5546 καὶ
1395 5492 1478 5546 ὅτι
1515 5490 1650 5544 πολὺ
1682 5491 1742 5545 τὸ
1770 5491 1876 5545 λει-

359 5610 385 5638 ³
408 5609 508 5658 Alii
529 5611 559 5666 ἢ
585 5609 773 5657 σύνεσιν
795 5607 1172 5671 πραγματεύεται
1194 5607 1274 5656 καὶ
1299 5603 1656 5670 θαυματουργεῖ.

356 5671 390 5711 δ
410 5673 510 5722 Alii
532 5671 884 5734 βουλευόμενος.

1117 209 1208 265 AD
1249 211 1380 269 EOS
1419 217 1538 284 QUI
1581 220 2093 282 SCANDALIZATI
2133 232 2332 292 SUNI‘.
2376 239 2504 298 LIB.
2549 244 2751 304 UNUS.

1986 344 2248 415 πόμενον,
2299 353 2386 408 διὰ
2423 357 2643 412 εἰκόνων
2685 362 2844 415 τινῶν
2891 364 3056 433 σαφὲς
3091 364 3248 419 τοῦτο
3289 372 3429 422 ποιεῖ
3470 371 3558 426 λέ-

1983 448 2095 499 γων
2115 452 2127 465 ·
2157 438 2286 492 Ὅτε
2332 441 2494 511 ἥμην
2529 446 2761 514 νήπιος,
2793 452 2872 516 ὠς
2904 451 3120 518 νήπιος
3157 453 3442 516 ἐλάλουν,
3480 459 3560 522 ὡς

1983 523 2200 591 νήπιος
2231 529 2546 599 ἐφρόνουν,
2585 537 2665 601 ώς
2701 537 2917 606 νήπιος
2943 541 3322 612 ἐλογιζόμην·
3353 545 3454 600 ὅτε
3495 547 3564 601 δὲ

1981 612 2199 682 γέγονα
2239 618 2412 686 ἀνὴρ,
2454 623 2526 675 τὰ
2573 624 2676 677 τοῦ
2730 629 2954 695 νηπίου
3003 629 3366 700 κατήργηκα.
3411 636 3561 687 Βλέ-

1982 708 2174 783 πομεν
2213 700 2324 769 γὰρ
2361 703 2490 769 ἇρτι
2519 705 2593 759 δι’
2618 707 2918 777 ἐσόπτρου
2959 711 3029 764 ἐν
3067 714 3386 783 αἰνίγματι,
3430 719 3560 770 τότε

1980 776 2049 830 δὲ
2089 783 2415 855 πρόσωπον
2466 788 2616 855 πρὸς
2673 776 3016 858 πρόσωπον.
3067 776 3239 859 Εἶδες⁷
3269 776 3431 851 πόσον
3497 801 3560 853 τὸ

1983 860 2182 950 μέσον;
2212 866 2382 950 ΔὍσον
2433 872 2625 939 νηπίου
2672 875 2877 940 παιδὸς,
2924 877 3019 931 καὶ
3071 879 3265 950 ἀνδρὸς
3312 882 3554 935 τελείου·

1978 944 2101 1034 ϐσον
2135 947 2398 1034 ἐσόπτρου
2449 953 2542 1004 καὶ
2586 955 2904 1026 αἰνίγματος
2957 959 3050 1011 καὶ
3241 962 3407 1034 ἄλλης
3457 967 3558 1034 τῆς

1980 1027 2228 1119 ἀσρφοῦς
2254 1032 2358 1119 τῶν
2385 1036 2722 1106 πραγμάτων
2780 1039 2957 1108 ὅψεως
3017 1027 3164 1112 πρὸς
3204 1027 3371 1116 σαφῆ-
3394 1027 3552 1115 ὄψιν·

1976 1115 2134 1163 τοῦτο
2166 1115 2273 1185 γάρ
2309 1117 2443 1182 ἐστι,
2483 1121 2804 1188 πρόσωπον
2828 1127 2975 1192 πρὸς
3009 1115 3348 1192 πρόσωπον.
3373 1129 3438 1181 Τί
3465 1125 3559 1183 οὖν

1982 1194 2148 1282 μαίνῃ
2191 1198 2539 1282 καὶλυττᾷς,
2585 1205 2694 1258 τῶν
2745 1207 3140 1277 κεκωλυμένων
3202 1211 3558 1282 κατατολμῶν

1979 1278 2098 1361 εἰκῆ
2131 1281 2223 1333 καὶ
2241 1281 2446 1353 μάτην;
2479 1285 2530 1337 τί
2559 1286 2616 1338 δὲ
2641 1289 2701 1340 οὑ
2732 1289 2891 1361 πείθῃ
2923 1289 3119 1361 Παύλῳ
3145 1291 3373 1359 λέγοντι·
3403 1278 3557 1347 Μεν-

1977 1359 2090 1446 οῦν
2121 1365 2296 1446 γεσὺ
2348 1369 2439 1433 τίς
2487 1365 2560 1432 εἶ,
2588 1359 2939 1440 ἄνθρωπε,νό
2974 1359 3559 1446 ἀνταποκρινόμενος

1978 1443 2057 1509 τῷ
2101 1445 2257 1513 Θεῷ;
2295 1450 2393 1519 Μὴ
2432 1451 2558 1520 ἐρεῖ
2589 1454 2655 1507 τὸ
2706 1454 2960 1526 πλάσμα
3002 1455 3083 1522 τῷ
3127 1443 3450 1513 πλάσαντι·
3497 1462 3558 1515 Τί

1973 1544 2051 1597 με
2077 1529 2372 1599 ἐποίησας
2408 1535 2594 1601 οὕτως
2611 1553 2630 1601 ἰ

2060 1612 2222 1698 Ὁρᾷς
2244 1615 2416 1686 πόσην
2444 1617 2656 1678 ἀπαίτει
2685 1620 2782 1692 τὴν
2814 1622 3098 1693 ὑπακοήν;
3139 1625 3313 1694 πόσην
3339 1626 3440 1698 τὴν
3478 1643 3558 1680 σι·-

1976 1696 2111 1766 γήν;
2145 1697 2219 1749 Οὐ
2255 1697 2364 1770 γὰρ
2387 1700 2450 1770 δὴ
2483 1703 2543 1753 τὸ
2577 1701 2920 1767 αὐτεξούσιον
2946 1707 3100 1778 ημῶν
3131 1708 3369 1780 ἀναιρῶν
3395 1696 3558 1763 τοῦτο

1976 1780 2155 1849 λέγει·
2203 1783 2278 1853 μὴ
2310 1782 2548 1851 γένοιτο·
2597 1785 2732 1840 ἀλλά
2776 1788 2972 1859 δηλῶν,
3012 1791 3093 1844 ὅτι
3137 1792 3228 1845 τὸν
3259 1792 3428 1846 ταῦτα
3461 1795 3558 1862 ζη-

1975 1863 2174 1918 τοῦντα
2203 1865 2375 1929 οὑτως
2410 1867 2623 1935 ἄφωνον
2653 1866 2790 1925 εἶναι
2817 1873 2915 1937 δεῖ,
2945 1874 3020 1936 ώς
3049 1875 3082 1944 ή
3119 1874 3213 1928 τοῦ
3249 1875 3422 1948 πηλοῦ
3457 1878 3559 1946 φύ-

1975 1964 2080 2012 σις,
2107 1949 2344 2020 ἑπομένη
2379 1944 2522 2024 ⁴ᾗπερ
2568 1952 2635 2006 ἂν
2679 1957 2707 2007 ὁ
2738 1956 2986 2026 τεχνίτης
3027 1957 3170 2027 ἄγῃ,
3209 1959 3285 2029 μὴ
3315 1944 3556 2013 τάντιτνείο

1974 2047 2151 2094 νοντα,
2188 2032 2323 2102 μηδὲ
2361 2035 2874 2107 περιεργαζόμενον.
2919 2038 3010 2091 Διὸ
3056 2039 3152 2092 καὶ
3197 2040 3296 2108 τῆς
3342 2039 3557 2108 φύσεως

1973 2117 2122 2186 ἡμᾶς
2158 2118 2563 2190 ἀναμιμνήσκει
2604 2121 2706 2192 τῆς
2751 2124 3044 2196 ἡμετέρας,
3089 2126 3183 2180 καὶ
3230 2123 3404 2199 πηλοῦ
3462 2127 3559 2198 μέ-

1975 2222 2173 2275 μνηται
2202 2206 2298 2260 καὶ
2341 2209 2648 2278 κεραμέως.
2677 2211 2867 2264 Καίτοι
2902 2229 2966 2280 γε
2998 2213 3285 2284 κεραμέως
3315 2215 3410 2268 καὶ
3454 2232 3560 2286 πη-

1972 2291 2066 2345 λοῦ
2101 2295 2134 2364 ὴ
2165 2294 2301 2365 αὑτὴ
2330 2295 2506 2349 οὐσία.
2537 2297 2598 2348 Εἰ
2630 2297 2688 2350 δὲ
2714 2297 2843 2351 ἔνθα
2880 2300 2913 2369 ἠ
2947 2299 3082 2369 αὑτὴ
3115 2300 3293 2365 οὑσία,
3321 2300 3558 2371 τοσαύτη

1971 2380 2006 2450 ἡ
2045 2381 2294 2453 ὑπακοή·
2341 2382 2468 2436 ἔνθα
2518 2383 2745 2455 ἄπειρον
2788 2384 2849 2438 τὸ
2885 2385 3049 2456 μέσον
3097 2388 3191 2442 καὶ
3225 2387 3414 2450 οὑσίας
3464 2390 3559 2442 καὶ

1971 2468 2224 2536 γνώσεως
2271 2471 2368 2524 καί⁹
2416 2470 2526 2525 τῶν
2575 2471 2750 2525 ἀλλων
2795 2474 3071 2539 ἁπάντων,
3108 2475 3267 2540 ποίας
3310 2474 3560 2540 τεύξεται

1971 2557 2298 2629 συγγνώμης
2322 2560 2350 2612 ό
2377 2557 2550 2624 οὕτως
2585 2561 2774 2632 ἰταμὸς
2805 2562 2900 2615 καὶ
2935 2562 3178 2634 ἀναιδὴς,
3210 2562 3351 2616 ὥστε
3393 2563 3556 2616 πολυ-

1970 2648 2306 2715 πραγμονεῖν
2350 2649 2418 2701 τὰ
2467 2647 2562 2702 τοῦ
2613 2649 2974 2721 πεποιηκότος
3014 2652 3176 2706 αὑτὸν
3231 2651 3403 2717 Θεοῦ;
3440 2650 3558 2704 Ἐν-

1967 2731 2182 2802 νόησον,
2209 2727 2254 2786 ῶ
2287 2733 2560 2805 ἄνθρωπε,
2589 2735 2674 2799 τίς
2707 2728 2974 2790 εἴητοῦτο
3019 2737 3128 2807 γὰρ
3171 2735 3324 2806 δηλοῖ
3366 2735 3435 2789 δι’
3481 2729 3561 2790 ὧν

1967 2819 2136 2888 λέγει,
2164 2820 2246 2874 Σὺ
2275 2821 2366 2886 τίς
2394 2819 2478 2885 sl;
2508 2822 2641 2892 Οὐχὶ
2670 2823 2874 2895 πηλός;
2921 2823 3042 2894 οὐχὶ
3071 2823 3245 2893 τέφρα
3284 2823 3381 2876 καὶ
3425 2839 3558 2875 σπο-

1966 2905 2088 2972 δός;
2123 2909 2242 2978 οὐχὶ
2272 2908 2454 2975 κόνις;
2503 2909 2564 2962 οὑ
2595 2909 2832 2975 καπνός;
2879 2909 2941 2963 οὑ
2987 2910 3213 2980 χόρτος;
3261 2911 3363 2964 οὑκ
3395 2910 3558 2973 ἄνθος

1967 2995 2198 3067 χόρτου;
2231 2995 2445 3060 Ταύτας
2475 2997 2582 3068 γὰρ
2614 2997 2792 3060 πάσας
2820 2997 2918 3062 τάς
2949 2999 3166 3062 εἰκόνας
3202 3001 3281 3062 εἰς
3315 2993 3477 3070 μέσον
3508 2999 3558 3050 σί

1969 3085 2244 3154 προφῆται
2273 3084 2510 3156 συνεχῶς
2539 3084 2720 3156 έχουσι
2746 3096 2798 3152 ε,
2831 3086 2929 3158 τὴν
2957 3086 3234 3140 εὐτέλειαν
3263 3085 3420 3158 ἡμῶν
3455 3085 3560 3157 τῆς

1969 3173 2184 3242 φύσεως
2215 3175 2564 3245 παραστῆσαι
2604 3175 3057 3244 φιλονεικοῦντες.
3095 3176 3154 3230 '0
3184 3175 3243 3229 δὲ
3277 3177 3560 3247 πολυπρα-

1967 3260 2336 3332 γμονούμενος
2379 3263 2484 3315 ὑπὸ
2537 3263 2654 3329 σοῦ,
2680 3263 3001 3336 ἀνώλεθρος,
3033 3263 3413 3328 ἀναλλοίωτος,
3473 3265 3562 3318 ἀεὶ⁵

1968 3347 2066 3413 ὢν,
2104 3349 2196 3401 καὶ
2223 3348 2484 3412 ὡσαύτως
2511 3349 2608 3417 ὢν,
2653 3352 2911 3422 ἄναρχος,
2957 3350 3333 3421 ἀτελεύτητος,
3367 3351 3561 3422 ἀπερι-

1969 3437 2190 3507 νόητος,
2252 3437 2595 3508 ὑπερϐαίνων
2665 3441 2809 3506 νοῦν,
2853 3439 3017 3492 νικῶν
3066 3439 3348 3510 λογισμὸν,
3395 3440 3558 3494 ἀνέκσ
3652 3492 3657 3497 .

1970 3541 2230 3597 φραστός,
2270 3525 2528 3596 ἀῤῥητος,
2569 3527 2952 3598 ἀκατάληπτος
2997 3527 3098 3580 οὐκ
3158 3527 3284 3598 ἐμοὶ
3353 3526 3448 3580 καὶ
3480 3529 3565 3582 σοὶ

1973 3613 2154 3684 μόνον,
2173 3615 2268 3667 καὶ
2301 3615 2610 3685 προφήταις
2629 3616 2724 3668 καὶ
2741 3615 3058 3678 ἀποστόλοις
3078 3653 3094 3678 ,
3120 3615 3256 3669 ἀλλά
3303 3615 3398 3668 καὶ
3435 3618 3556 3674 ταῖς

1971 3699 2084 3753 ἀνω
2138 3701 2420 3772 δυνάμεσι,
2470 3704 2588 3767 ταῖς
2634 3701 2922 3772 καθαραῖς,
2973 3705 3092 3766 ταῖς
3123 3702 3398 3772 ἀοράτοις,
3435 3704 3557 3764 ταῖς

1970 3789 2314 3859 ἀσωμάτοις,
2340 3791 2460 3852 ταῖς
2500 3789 2761 3860 διηνεκῶς
2801 3792 2859 3843 ἐν
2898 3789 3110 3860 οὑρανῷ
3138 3788 3558 3858 διατριϐούσαις.

2043 3877 2185 3945 Κεφ.
2204 3875 2443 3944 γ’,Ὅταν
2459 3872 2552 3930 οὖν
2570 3877 2684 3947 ίδῃς
2699 3877 2764 3930 τὰ
2787 3877 3057 3948 σεραφείμ
3073 3876 3141 3930 τά
3160 3876 3563 3946 περιιπτάμενα

1972 3963 2064 4016 τὸν
2095 3962 2280 4035 θρόνον
2298 3963 2389 4016 τὸν
2415 3963 2615 4034 ὑψηλὸν
2637 3965 2842 4016 ἐκεῖνον
2867 3964 2958 4017 καὶ
2987 3962 3316 4034 ἐπηρμένον,
3345 3965 3410 4034 τῇ
3429 3980 3562 4033 προ-

1975 4051 2102 4122 ϐολῇ
2132 4051 2241 4106 τῶν
2273 4050 2559 4122 πτερύγων
2584 4049 2998 4120 ἀποτειχίζοντα
3029 4050 3123 4115 τὰς
3153 4050 3362 4103 ἑαυτῶν
3385 4049 3559 4120 ὄψεις,

1974 4139 2214 4204 καὶτοὺς
2242 4140 2408 4204 πόδας
2437 4139 2796 4204 καλύπτοντα,
2829 4140 2924 4192 καὶ
2952 4140 3117 4206 νῶτα,
3144 4140 3238 4194 καὶ
3267 4141 3557 4213 πρόσωπα,

1975 4228 2070 4281 καὶ
2092 4227 2338 4299 κραυγὴν
2362 4227 2591 4296 ἀφιέντα
2617 4225 2931 4299 ἐκπλήξεως
2953 4227 3251 4298 γέμουσαν,
3283 4227 3358 4300 μὴ
3385 4227 3561 4300 πτερά

1974 4315 2162 4386 νόμιζε
2193 4316 2288 4369 καὶ
2317 4314 2503 4380 πόδας,
2536 4315 2628 4368 καὶ
2667 4315 2941 4385 πτέρυγας
2971 4315 3162 4380 αὑταῖς
3196 4310 3363 4388 εἶναι·
3399 4315 3561 4386 ἀόρα-

1972 4420 2055 4457 τοι
2088 4400 2197 4473 γάρ
2227 4403 2286 4457 αἰ
2318 4402 2574 4472 δυνάμεις
2613 4403 2850 4456 ἐκεῖναι·
2884 4401 3019 4456 ἀλλά
3053 4402 3140 4457 διά
3181 4402 3290 4456 τῶν
3334 4402 3561 4457 εἰκόνων

1973 4492 2180 4544 τούτων
2223 4491 2285 4544 τὸ
2331 4491 2646 4561 ἀπρόσιτον,
2680 4491 2741 4544 τὸ
2769 4490 3152 4561 ἀκατάληπτον
3179 4490 3274 4543 τοῦ
3315 4489 3561 4560 καθημέο

1973 4599 2065 4635 νου
2109 4581 2203 4635 ἐπὶ
2246 4580 2340 4635 τοῦ
2381 4581 2570 4654 θρόνου
2602 4581 2838 4649 λογίζου.
2891 4579 2994 4634 Καὶ
3039 4579 3147 4651 γὰρ
3181 4578 3276 4632 καὶ
3322 4578 3560 4641 ἐκείναις

1975 4670 2356 4741 ἀκατάληπτος
2427 4670 2523 4722 καὶ
2584 4668 2876 4741 ἀπρόσιτός
2932 4669 3076 4732 ἐστι,
3130 4665 3305 4719 καίτοι
3356 4681 3560 4733 συγκα-

1975 4759 2278 4814 ταϐαίνων·
2312 4757 2461 4831 [470]
2504 4757 2626 4812 οὐδὲ
2671 4756 2781 4828 γὰρ
2827 4757 2964 4827 ὅπερ
3009 4751 3080 4826 ἦν
3125 4752 3377 4823 ἐφαίνετο
3412 4754 3558 4808 τότε.

1977 4846 2110 4908 Θεὸς
2145 4845 2252 4919 γὰρ
2279 4846 2339 4899 οὐ
2389 4845 2646 4916 κάθηται,
2695 4843 2814 4897 οὑδὲ
2868 4841 3042 4913 θρόνῳ
3074 4840 3409 4911 περιέχεται,
3439 4841 3561 4894 οὐδὲ

1975 4936 2128 5008 τόπῳ
2156 4935 2558 5006 περιείληπται.
2585 4934 2647 4987 Εἰ
2675 4933 2732 4986 δὲ
2761 4931 3090 5002 καθήμενον,
3123 4931 3218 4984 καὶ
3242 4929 3335 4983 ἐπὶ
3367 4929 3558 5001 θρόνου

1980 5025 2286 5097 ἱδρυμένον,
2318 5025 2412 5078 καὶ
2446 5021 2811 5092 κυκλούμενον
2847 5021 2939 5072 ὑπ’
2983 5018 3163 5074 αὑτῶν
3213 5018 3380 5090 (ἀπερ
3413 5017 3562 5073 ἐστὶν

1978 5115 2193 5168 ἅπαντα
2232 5111 2773 5182 συγκαταϐαίνοντος,
2806 5109 2866 5164 οὑ
2903 5107 3260 5179 καθημένου),
3289 5108 3389 5161 οὑκ
3421 5107 3564 5178 ἰσχυ-

1979 5217 2080 5258 σαν
2115 5201 2262 5264 ἰδεῖν,
2287 5199 2424 5254 ἀλλά
2458 5199 2532 5270 μὴ
2560 5198 2821 5270 φέρουσαι
2847 5196 2944 5268 τὴν
2982 5195 3192 5249 ἐκεῖθεν
3238 5193 3562 5264 ὲκπηδῶσαν

1979 5289 2266 5364 ἀστραπὴν
2293 5293 2358 5362 τῇ
2397 5288 2634 5360 προϐολῇ
2663 5287 2772 5342 τῶν
2806 5285 3092 5358 πτερύγων
3124 5283 3222 5347 τὰς
3249 5283 3402 5352 δψεις
3430 5283 3566 5337 ἀπε-

1982 5379 2236 5449 τείχιζον,
2265 5379 2362 5430 καὶ
2403 5377 2562 5446 μόνον
2591 5374 2952 5442 ὲδοξολόγουν,
2983 5373 3140 5442 μόνον
3169 5371 3393 5441 ὕμνουν,
3425 5369 3566 5440 μετά

1985 5466 2182 5537 πολλῆς
2207 5464 2307 5535 τῆς
2344 5463 2545 5533 φρίκης
2567 5462 2626 5516 τὸ
2663 5461 2922 5532 μυστικὸν
2950 5461 3129 5514 ἐκεῖνο
3157 5458 3252 5513 τοῦ
3289 5457 3564 5532 ἀγιασμρῦ

1986 5553 2353 5623 ἀναφέρουσαι
2387 5550 2575 5621 μέλος·
2609 5549 2722 5603 Οὑκ
2755 5547 3004 5604 ἀπελθὼν
3040 5545 3358 5616 κατορύξεις
3403 5560 3566 5596 σεαυ-

2052 5665 2075 5694 ε
2101 5654 2199 5706 Alii
2225 5653 2434 5716 συνεχῶς
2456 5650 2665 5714 φέρουσι.
