4030 6206
192 139 290 194 455

185 252 482 316 lacessens,
516 256 566 302 te
587 247 760 316 ipsum
790 248 841 302 in
869 255 1062 302 terram
1093 247 1257 303 abdes
1281 261 1343 302 ac
1380 246 1619 300 defodies
1643 285 1656 309 ,
1682 245 1772 313 qui

182 339 514 395 ineffabilem
559 343 614 394 et
653 337 1079 406 inexplicabilem
1124 344 1181 393 ct
1217 337 1462 407 supernis
1497 335 1779 390 virtutibus

180 430 782 500 inmmprehensihilem
805 429 1015 483 virtutis
1037 429 1230 483 divina:
1255 429 1641 498 providentiam
1671 443 1776 482 non

178 525 398 580 dubites
433 523 648 578 curiose
679 531 820 576 tanta
861 539 982 577 cum
1011 523 1311 577 temeritate
1351 521 1620 577 scrutari?
1647 523 1776 588 Quze

177 616 324 670 enim
356 615 502 670 illius
526 624 671 678 sunt,
698 615 870 669 solum
900 614 1036 670 Filio
1058 621 1112 670 et
1135 613 1355 684 Spiritui
1382 623 1568 670 saneto
1590 622 1776 669 exacte

181 715 304 762 nota
333 713 463 762 sunt
490 706 692 772 omnia,
719 705 850 760 nulli
875 721 1004 760 vero
1031 705 1182 761 alteri
1212 723 1227 761 :
1259 715 1312 762 et
1341 719 1404 760 ex
1436 706 1517 759 his
1545 706 1772 759 alterum

177 801 396 871 quidem
458 799 692 855 Joannes
736 799 1061 869 evangelista
1090 840 1105 865 ,
1142 799 1368 854 alterum
1411 814 1537 852 vero
1581 795 1772 852 l‘aulus

177 891 458 961 apostolus
503 889 812 944 declaravit.
859 889 1042 960 Itaque
1093 889 1334 946 'l‘onitrui
1386 890 1524 943 filius
1550 931 1565 955 ,
1599 898 1651 943 et
1677 889 1769 958 qui

175 981 396 1036 Christo
421 980 707 1035 admodum
752 995 909 1034 carus
936 979 1034 1034 fuit
1053 1023 1068 1046 ,
1096 982 1291 1050 quique
1323 981 1423 1036 hac
1468 991 1591 1034 uola
1621 979 1767 1035 desi-

175 1071 468 1139 gnabatur;
499 1069 641 1141 quod
693 1080 810 1126 erat
836 1085 1060 1125 summa:
1090 1072 1301 1125 virtutis
1331 1071 1583 1125 indicium
1609 1086 1623 1135 ;
1667 1070 1757 1140 qui

181 1173 380 1217 tantam
415 1163 641 1216 habebat
667 1161 910 1216 fiduciam
932 1203 947 1228 ,
981 1170 1036 1216 ut
1063 1174 1116 1217 ct
1138 1177 1293 1231 supra
1326 1170 1511 1231 pectus
1538 1163 1654 1230 ejus
1685 1176 1765 1216 rc-

180 1255 491 1318 cumberet,
523 1254 602 1307 sic
649 1254 764 1307 ait:
801 1253 960 1306 Deum
1006 1267 1148 1307 nemo
1173 1253 1292 1306 vidit
1323 1268 1582 1321 umquam;
1605 1251 1765 1305 visio-

178 1363 297 1401 nem
327 1343 559 1416 appeilat
587 1346 944 1415 cognitionem
971 1363 986 1412 ;
1022 1335 1320 1417 Unigenitus
1348 1345 1512 1400 Filius
1532 1387 1546 1411 ,
1577 1347 1663 1414 qui
1694 1354 1765 1398 est

177 1447 226 1497 in
264 1443 380 1496 sinu
407 1438 614 1504 Patris,
639 1439 746 1508 ipse
776 1439 1032 1493 enarravit
1061 1437 1237 1511 (Joan.
1271 1440 1323 1493 1.
1361 1439 1427 1493 18
1461 1439 1498 1507 ).
1552 1437 1662 1491 lloc
1710 1446 1764 1492 ct

178 1535 290 1599 ipse
311 1530 556 1584 Christus
579 1529 857 1584 insinuans
883 1528 1031 1595 olim,
1060 1531 1187 1582 dum
1236 1530 1485 1599 populum
1515 1528 1756 1596 alloque-

177 1631 322 1675 retur
342 1621 626 1675 liebrarunt
646 1661 661 1684 ,
689 1620 926 1686 diccbat,
954 1618 1119 1673 Nemo
1153 1620 1276 1674 uidit
1319 1617 1556 1685 Pan-em,
1586 1619 1684 1674 nisi
1719 1620 1764 1674 is

173 1714 259 1783 qui
279 1721 351 1766 est
373 1729 406 1764 a
433 1711 537 1765 Dec
566 1728 584 1765 :
611 1711 690 1765 hic
708 1712 828 1766 uidit
852 1709 1062 1765 Patrem
1089 1708 1269 1784 (Joan.
1298 1710 1352 1765 6.
1380 1711 1497 1783 46).
1529 1711 1634 1766 Vas
1660 1725 1752 1766 an-

176 1817 284 1859 tem
317 1805 594 1860 electionis
617 1847 632 1872 ,
661 1820 782 1858 cum
819 1805 872 1858 in
899 1819 1202 1860 sermonem
1237 1804 1308 1860 de
1344 1805 1509 1875 ipsius
1549 1804 1761 1874 dispen-

172 1896 390 1950 satione
415 1895 682 1950 incidisset
706 1935 722 1960 ,
751 1909 979 1966 cumque
1005 1895 1165 1950 vellet
1202 1910 1396 1950 arcana
1422 1905 1610 1950 cuncta
1639 1911 1761 1965 qua:

171 1987 484 2054 didicerat,
524 2003 625 2058 quo
665 1993 823 2057 pacto
865 1988 1240 2057 cognovisset,
1276 1987 1548 2054 indicare,
1577 1987 1661 2043 his
1707 1998 1761 2043 et

172 2080 289 2148 ipse
313 2079 489 2134 verbis
517 2079 676 2133 utitur
707 2097 721 2134 :
747 2079 1024 2151 Loquimur
1047 2087 1216 2134 autem
1245 2079 1546 2150 sapientiam
1569 2079 1622 2134 in
1643 2096 1756 2151 my-

172 2174 343 2238 sterio,
366 2188 480 2242 qua:
503 2172 795 2227 asbcondita
811 2181 901 2241 est,
915 2170 1064 2244 qua’m
1081 2173 1457 2244 prtedestinav’it
1481 2172 1623 2228 Deus
1642 2183 1758 2228 ante

172 2265 360 2319 recula
389 2267 442 2318 in
467 2266 682 2336 gloriam
705 2275 948 2332 nostram,
966 2281 1118 2337 quam
1135 2282 1277 2321 nemo
1305 2266 1591 2338 principum
1607 2267 1757 2338 hujus

170 2359 341 2412 seaculi
366 2359 616 2428 cognovit.
652 2357 713 2414 Si
733 2360 865 2414 enim
885 2360 1251 2430 cognovissent,
1281 2375 1552 2431 numquam
1581 2360 1756 2415 Domi-

171 2466 289 2503 num
317 2449 497 2520 gloria:
524 2450 912 2520 cruciﬁxissent.
941 2449 1048 2506 Sed
1072 2451 1201 2504 sicut
1230 2450 1476 2521 scriptum
1496 2458 1603 2517 est,
1631 2451 1756 2518 Qua:

168 2542 343 2596 oculus
371 2557 474 2596 non
501 2543 646 2610 cidit,
678 2553 725 2598 et
748 2543 888 2598 auris
909 2559 1010 2596 non
1031 2542 1226 2596 audiuit
1246 2583 1261 2610 ,
1284 2543 1404 2597 etin
1426 2558 1514 2597 cor
1540 2543 1756 2597 hominis

168 2651 267 2687 non
293 2633 656 2700 ascenderunt,
684 2651 795 2705 qtae
815 2633 1119 2706 prwparavit
1163 2632 1302 2688 Deus
1333 2635 1395 2688 iis
1421 2634 1508 2704 qui
1533 2634 1752 2704 diligunt

167 2726 311 2779 illam
352 2725 430 2797 (Ι.
463 2724 581 2780 Cor.
616 2727 672 2781 9..
706 2726 848 2797 7-9).
900 2725 1182 2793 Quomodo
1229 2741 1362 2797 ergo
1403 2723 1751 2797 Cognovimus

169 2832 264 2872 nos
288 2860 301 2879 ,
324 2832 360 2870 υ
383 2815 588 2872 Paule?
612 2817 730 2887 quis
754 2816 844 2872 illa
875 2817 1161 2884 revelavit,
1191 2827 1245 2872 et
1270 2817 1548 2872 manifesta
1576 2816 1750 2872 reddi-

167 2907 242 2962 dit
268 2907 360 2962 illa
390 2907 519 2962 nulli
549 2917 832 2978 conspccm
852 2949 868 2976 ,
899 2906 982 2964 Vel
1010 2907 1190 2962 audita
1215 2948 1230 2972 ,
1259 2917 1313 2963 et
1330 2923 1448 2978 qua:
1479 2905 1672 2963 nullius
1695 2906 1750 2964 Ι

167 3016 256 3056 cor
279 3001 677 3056 ascenderunt?
705 2999 819 3070 Dic,
851 3011 906 3057 et
947 3001 1122 3058 indiCa
1151 3001 1274 3072 quis
1303 3001 1392 3056 ille
1415 3002 1486 3057 sit
1511 3001 1604 3073 qui
1633 3009 1753 3056 tan-

169 3104 272 3147 tam
305 3092 460 3147 nobis
506 3092 783 3148 scientiam
820 3093 1078 3148 advexit?
1106 3092 1271 3148 Nobis
1310 3103 1480 3148 autem
1518 3095 1752 3149 reuelauit

169 3184 302 3238 Deus
347 3197 445 3253 per
480 3183 735 3254 Spiritum
764 3191 911 3238 suum
939 3185 1017 3256 (1.
1065 3185 1186 3240 Cor.
1227 3185 1284 3239 2.
1317 3185 1427 3255 10).
1457 3183 1658 3240 Deinde
1683 3200 1751 3240 ne

165 3275 282 3344 quis
307 3290 434 3329 eum
466 3279 677 3344 putaret
702 3273 819 3330 hare
846 3287 1006 3331 nosse
1031 3285 1237 3332 tantum
1259 3316 1275 3342 ,
1302 3291 1423 3347 quae
1454 3291 1549 3347 per
1573 3277 1747 3346 ipsum

167 3365 318 3421 nobis
346 3366 490 3421 Deus
516 3366 768 3422 revelavit
790 3409 804 3432 ,
837 3381 946 3423 non
983 3376 1162 3423 autem
1206 3375 1424 3424 Omnem
1468 3367 1746 3424 scientiam

162 3455 361 3510 callere
389 3496 407 3522 ,
453 3455 680 3526 subjecit
721 3473 737 3514 :
791 3457 1023 3527 Spiritus
1066 3459 1200 3514 enim
1252 3459 1422 3514 omnia
1472 3469 1746 3525 sentiatur,

161 3551 310 3604 etiam
340 3549 601 3620 profuuda
616 3547 735 3605 Dei.
769 3550 894 3620 Quis
924 3552 1058 3608 enim
1087 3552 1344 3608 hominum
1366 3552 1479 3616 scit,
1498 3569 1612 3623 qua:
1633 3563 1749 3607 sunt

161 3641 402 3708 hominis,
424 3642 524 3696 nisi
550 3643 759 3711 spiritus
775 3643 992 3698 hominis
1011 3644 1097 3714 qui
1118 3645 1170 3697 in
1190 3645 1300 3706 ipso
1329 3653 1401 3698 est
1417 3644 1443 3698 .’
1466 3646 1538 3698 ita
1564 3654 1613 3699 et
1640 3661 1752 3715 qua:

163 3734 258 3788 Dei
296 3744 440 3802 sunt,
487 3747 634 3790 nemo
661 3737 921 3807 cognouit,
950 3735 1050 3790 nisi
1096 3735 1324 3807 Spiritus
1366 3733 1464 3790 Dei
1495 3734 1655 3808 (ll'id.
1699 3751 1745 3789 υ.

160 3826 274 3894 ll).
311 3825 520 3880 llorum
569 3836 747 3882 autem
775 3825 1065 3882 verberum
1107 3823 1192 3881 hie
1226 3831 1416 3882 sensus
1445 3835 1527 3881 est
1561 3845 1575 3882 :
1603 3826 1752 3882 Sicut

162 3917 324 3971 homo
354 3916 506 3970 novit
551 3923 615 3972 ea
653 3930 774 3988 quae
798 3918 965 3987 ipsius
989 3925 1146 3982 sunt,
1178 3921 1404 3986 quaeque
1430 3916 1664 3986 cogitat,
1696 3926 1750 3971 et

163 4007 320 4062 habet
341 4008 398 4061 in
424 4007 624 4074 animo,
645 4015 837 4063 cuncta
863 4007 963 4062 scit
987 4015 1195 4072 exacte,
1229 4005 1308 4062 sic
1331 4007 1492 4061 etiam
1522 4005 1752 4076 Spiritus

159 4109 378 4154 sanctus
398 4113 653 4153 arcanam
683 4099 776 4154 Dei
804 4097 1086 4154 scientiam
1118 4107 1332 4154 omnem
1359 4103 1546 4153 chcte
1577 4098 1747 4152 novit.

158 4193 296 4248 Cum
345 4193 506 4262 igitur
534 4191 701 4256 dixit,
726 4191 811 4246 Ita
836 4201 884 4246 et
915 4206 1030 4260 qua:
1055 4187 1150 4246 Dei
1185 4199 1301 4245 sunt
1327 4206 1472 4246 nemo
1495 4193 1746 4262 cegnovit,

161 4285 259 4338 nisi
287 4285 517 4356 Spiritus
545 4283 663 4351 Dei,
692 4293 797 4339 neu
825 4283 1071 4339 homines
1090 4283 1262 4338 solum
1283 4323 1299 4349 ,
1332 4281 1426 4338 sed
1453 4289 1507 4338 et
1535 4289 1749 4337 omnem

158 4378 433 4432 cxlcstem
474 4385 773 4432 creaturam
821 4376 889 4432 ab
931 4373 1030 4430 hac
1054 4375 1289 4446 perfecta
1316 4376 1624 4445 cognitione
1663 4388 1752 4428 sc-

157 4471 340 4526 elusit.
370 4471 542 4536 Quam
564 4469 633 4525 ob
656 4483 873 4524 causam
900 4480 955 4524 et
975 4469 1190 4539 sapiens
1211 4467 1425 4539 quidam
1450 4481 1630 4522 sermo
1658 4465 1755 4521 ad-

159 4575 349 4620 monet
389 4582 402 4618 :
433 4563 731 4636 Dijjiciliora
760 4571 808 4619 te
851 4579 914 4618 ne
957 4563 1214 4633 q'uwsieris
1236 4603 1251 4628 ,
1283 4572 1331 4617 et
1361 4561 1576 4632 fortiora
1623 4569 1756 4614 tene

159 4666 418 4711 scrutatus
447 4656 642 4726 fueris;
679 4671 792 4726 qua:
834 4663 1084 4726 praecepta
1112 4664 1227 4708 sunt
1263 4654 1349 4707 tibi
1373 4695 1388 4718 ,
1417 4654 1524 4706 ha'c
1544 4651 1710 4722 cogita
1735 4666 1753 4704 :

160 4748 388 4818 plurima
411 4749 545 4801 enim
589 4755 745 4815 supra
775 4763 977 4801 sensum
1022 4744 1240 4798 hominis
1280 4754 1480 4799 ostensa
1522 4751 1640 4797 sunt
1668 4741 1756 4796 tibi

159 4839 356 4907 (Et-cli.
387 4841 440 4895 5.
462 4837 551 4892 22.
582 4838 698 4908 25).
731 4838 881 4907 Quod
929 4847 1106 4892 autem
1136 4836 1298 4902 dicit,
1327 4844 1411 4892 est
1439 4833 1702 4905 ejusmodi
1739 4851 1753 4887 :

156 4931 240 4988 Nc
267 4933 386 4986 hare
411 4931 626 5002 qttidem
656 4945 776 5001 qua:
807 4929 973 4986 habes
997 4969 1014 4997 ,
1044 4937 1132 4984 tua
1178 4927 1438 4983 industria
1464 4933 1653 4982 cuncta
1676 4925 1757 4980 di-

160 5025 339 5080 dicisti
361 5040 377 5079 :
402 5036 579 5094 neque
595 5029 804 5077 natura:
828 5031 930 5078 tua:
947 5020 1150 5077 viribus
1166 5019 1320 5076 nixus
1338 5019 1475 5074 hanc
1494 5017 1757 5088 cognitio-

160 5135 286 5174 nem
316 5117 539 5188 adipisci
569 5117 814 5188 potuisti,
833 5116 927 5172 sed
950 5116 1157 5172 eaalitus
1179 5116 1394 5170 missam
1421 5119 1562 5169 hanc
1585 5113 1760 5168 scien-

162 5213 290 5265 tiam
333 5211 629 5281 accepisti:
663 5209 832 5265 multo
870 5209 1067 5281 quippe
1118 5207 1319 5278 majora
1367 5213 1555 5273 erant,
1599 5219 1758 5276 quam

163 5313 222 5355 ut
267 5310 361 5355 tua
393 5309 612 5370 possent
639 5302 988 5371 intelligentia
1036 5299 1443 5369 Comprehendi.
1475 5299 1584 5351 Cur
1621 5309 1754 5365 ergo

167 5394 274 5447 tuis
300 5393 503 5448 viribus
531 5394 686 5448 nixus
708 5393 920 5447 conaris
951 5389 1292 5463 profundiora
1322 5389 1548 5444 scrutari
1577 5429 1592 5454 ,
1630 5402 1755 5444 cum

173 5485 422 5556 pleraque
446 5501 511 5542 ex
539 5487 606 5540 iis
631 5502 750 5556 qua:
779 5483 938 5551 nosti,
972 5494 1118 5539 tuum
1151 5497 1368 5538 sensum
1394 5487 1757 5554 exsuperent,

165 5586 222 5634 et
249 5576 460 5635 aliunde
489 5579 554 5634 ad
584 5591 636 5635 te
665 5579 903 5634 derivata
935 5577 1024 5632 illa
1067 5575 1379 5646 possideas?
1407 5573 1518 5631 lioc
1543 5587 1597 5633 et
1643 5573 1757 5644 ipse

1010 133 1100 188 Ab
1142 131 1268 190 EOS
1305 132 1422 201 QUI,
1458 129 1952 187 SGANllALlZATI
1985 131 2179 189 SL’NT.
2228 137 2352 193 LIB.
2408 139 2612 198 ὶῖΝῐΙΒ.

1891 243 2081 299 Paulus
2099 258 2151 301 ut
2179 247 2472 307 declararet
2496 298 2506 319 ,
2538 256 2713 310 aiebat
2746 280 2754 310 ;
2789 259 2924 323 Quid
2961 261 3094 314 enim
3122 263 3302 332 habes,
3330 264 3462 336 qua!

1885 353 1985 391 non
2013 342 2289 410 accepisti?
2307 344 2352 395 si
2377 356 2542 398 autem
2567 348 2802 416 accepisti
2827 390 2840 414 ,
2871 351 2994 419 quid
3019 353 3258 423 gloriaris
3278 396 3291 420 ,
3315 365 3470 426 quasi

1883 444 1984 481 non
2013 431 2262 499 acceperis
2305 434 2379 502 (l.
2405 435 2521 488 (ἔον.
2552 438 2607 491 4.
2635 438 2718 506 7)?
2745 439 2970 495 Tantum
3023 445 3182 514 igitur
3209 459 3459 504 conatum

1882 519 2166 588 aliquando
2193 523 2403 577 tandem
2429 525 2618 580 omitte
2638 566 2653 594 ,
2683 539 2736 584 et
2759 531 3154 599 sapientissimo
3175 537 3249 591 illi
3275 540 3459 594 consi-

1883 611 1953 664 lio
1977 624 2166 680 parere
2181 613 2418 682 dignare,
2450 619 2591 686 quod
2620 629 2801 674 monet
2821 662 2836 686 ,
2869 621 2952 676 Ne
2977 624 3184 692 dixem,
3219 629 3357 695 Quid
3384 642 3459 686 est

1881 701 2002 755 hoc?
2025 703 2092 754 ad
2111 705 2232 773 quid
2261 705 2384 759 hoc?
2407 709 2580 761 omnia
2611 711 2742 764 enim
2767 714 2835 764 ad
2868 729 3014 767 usum
3041 716 3267 786 ipsorum
3294 734 3462 776 creata

1877 803 1992 848 sunt
2025 794 2208 865 (Eccli.
2241 797 2331 852 59.
2357 797 2469 866 21).

1947 885 2079 942 CAP.
2107 887 2194 941 IV.
2227 889 2455 961 Moysen:
2495 894 2791 965 prophetam
2834 899 3168 967 periculosam
3197 903 3462 959 curiosita-

1876 986 1974 1032 tem
1992 980 2043 1033 iu
2072 981 2280 1036 exordio
2309 983 2424 1037 libri
2450 1001 2550 1039 uno
2570 987 2714 1041 verba
2737 989 3018 1046 susmlisse.
3043 1021 3114 1032 —
3143 993 3291 1049 lianc
3317 999 3460 1051 enim

1873 1069 1944 1124 ob
1963 1085 2200 1136 causam,
2232 1079 2351 1128 cum
2374 1086 2487 1128 orta
2519 1087 2663 1132 esset
2695 1085 2872 1134 omnis
2897 1093 3136 1136 creatura
3159 1125 3174 1152 ,
3197 1101 3459 1156 suumque

1872 1165 2168 1234 accepisset
2193 1177 2473 1236 ornatum,
2498 1181 2554 1224 et
2579 1172 2866 1228 admodum
2909 1177 3229 1231 concinnum
3249 1219 3264 1244 ,
3293 1181 3457 1234 mim-

1873 1255 1997 1318 bile,
2016 1271 2078 1310 ac
2094 1267 2312 1326 stupore
2328 1259 2544 1330 dignum
2567 1262 2580 1292 ¹
2600 1277 2736 1332 epus
2758 1267 3106 1334 processisset
3124 1267 3177 1322 in
3197 1269 3454 1335 medium,

1869 1359 2096 1416 cumque
2118 1349 2427 1418 insipientes
2448 1361 2501 1405 et
2531 1352 2700 1407 insani
2732 1356 2971 1409 nennulli
3003 1371 3088 1411 res
3131 1371 3337 1413 creatas
3364 1374 3456 1414 es-

1872 1445 1991 1492 sent
2033 1440 2410 1508 rcprchensuri
2441 1461 2454 1496 :
2478 1443 2598 1498 vide
2629 1460 2736 1514 quo
2761 1455 2917 1515 pacto
2945 1446 3306 1516 importunum
3335 1449 3459 1505 illo-

1868 1543 1986 1582 rum
2027 1530 2324 1598 judicium,
2353 1547 2416 1586 ac
2461 1533 2714 1590 furiosam
2757 1536 3077 1591 sententiam
3127 1539 3295 1594 multo
3335 1550 3459 1596 ante

1869 1619 2166 1688 reprimens
2191 1620 2466 1690 legislator
2494 1637 2601 1677 uno
2638 1625 2805 1680 verbo
2835 1627 3116 1695 impudens
3150 1629 3374 1697 quodvis
3395 1645 3459 1685 os

1870 1721 2056 1763 eorum
2084 1712 2400 1777 occluserit,
2439 1727 2559 1768 cum
2582 1714 2754 1770 dixit:
2793 1717 2930 1772 Vidit
2955 1718 3096 1775 Deus
3137 1734 3316 1775 (uncta
3343 1738 3459 1792 quia

1867 1804 2074 1870 fecerat,
2104 1811 2150 1854 et
2170 1818 2284 1857 ecce
2311 1803 2441 1857 bona
2464 1805 2609 1858 valde
2633 1805 2783 1877 (Gen.
2813 1810 2864 1862 1.
2893 1810 3004 1880 51).
3037 1811 3170 1866 Nam
3197 1815 3449 1882 quoniam

1866 1892 2004 1947 inter
2038 1907 2102 1947 ea
2128 1909 2247 1964 qua:
2274 1893 2610 1963 videbantur,
2635 1908 2787 1952 erant
2831 1916 2935 1954 non
2966 1901 3054 1955 lux
3083 1911 3322 1968 tantum,
3346 1907 3444 1960 sed

1864 1992 1917 2035 et
1945 1982 2183 2038 tenebrae
2212 2001 2226 2036 :
2252 1997 2360 2040 non
2401 1985 2580 2057 fruges
2637 1997 2838 2044 tantum
2859 2033 2874 2055 ,
2904 1992 2997 2046 sed
3032 2001 3086 2047 et
3110 1997 3319 2064 Spitm:
3348 2014 3453 2052 non

1866 2075 2086 2130 arbores
2124 2083 2327 2131 tantum
2358 2079 2542 2134 sativa:
2565 2120 2580 2145 ,
2609 2080 2702 2135 sed
2733 2093 2786 2136 et
2824 2083 3098 2140 silvestres
3131 2103 3146 2142 :
3176 2102 3285 2142 non
3312 2089 3453 2158 plani

1863 2167 2036 2222 solum
2061 2170 2258 2238 campi,
2291 2170 2386 2226 sed
2415 2170 2574 2226 etiam
2603 2182 2835 2240 montes,
2867 2185 2919 2230 et
2943 2192 2985 2229 c.
3009 2175 3129 2242 llas,
3160 2190 3216 2233 et
3243 2181 3412 2236 valles
3437 2199 3451 2236 :

1862 2275 1968 2313 non
2009 2259 2252 2316 homines
2291 2262 2466 2316 solum
2492 2291 2506 2326 ,-
2529 2263 2622 2318 sed
2662 2272 2717 2318 et
2763 2265 2970 2335 reptilia
2995 2278 3260 2323 venenata
3293 2287 3307 2325 :
3338 2285 3444 2327 non

1864 2351 2037 2420 pisces
2064 2361 2268 2407 tantum
2290 2394 2306 2420 ,
2333 2353 2428 2408 sed
2456 2355 2615 2408 etiam
2659 2365 2816 2411 cete:
2848 2371 2955 2411 non
2999 2359 3332 2428 frequentata
3359 2368 3447 2417 so-

1863 2441 1970 2496 lum
2016 2458 2267 2513 aequora.
2310 2445 2406 2500 sed
2449 2446 2609 2500 etiam
2653 2461 2803 2502 mare
2824 2448 3346 2519 innavigabileuton
3370 2454 3452 2508 sol

1863 2546 2067 2592 tantum
2097 2547 2152 2592 et
2181 2537 2328 2604 luna,
2359 2547 2414 2593 et
2436 2538 2632 2605 sidera,
2653 2539 2748 2595 sed
2770 2541 2928 2596 etiam
2961 2543 3203 2607 fulmina,
3229 2552 3284 2599 et
3310 2546 3449 2613 ignei

1862 2631 2102 2687 turbines
2129 2649 2144 2688 :
2176 2648 2280 2688 non
2309 2633 2451 2688 venti
2475 2632 2648 2688 solum
2675 2634 2929 2699 secundi,
2957 2634 3054 2690 scd
3079 2642 3133 2689 et
3155 2638 3401 2705 procellte
3430 2653 3450 2698 :

1862 2739 1967 2778 non
1988 2725 2251 2780 columba:
2279 2735 2485 2780 tantum
2502 2767 2516 2792 ,
2544 2736 2598 2782 et
2616 2740 2742 2782 aves
2766 2741 2998 2791 canorae,
3021 2728 3119 2783 sed
3159 2739 3213 2785 et
3258 2729 3408 2788 milvi
3428 2772 3445 2798 ,

1857 2823 1912 2870 et
1934 2816 2230 2885 accipitres,
2264 2827 2319 2870 et
2345 2816 2603 2886 vultures,
2623 2825 2679 2872 et
2705 2817 2807 2872 alia
2836 2818 3114 2874 carnivora
3143 2820 3392 2875 animalia
3425 2838 3441 2879 :

1860 2923 1964 2960 non
1994 2907 2224 2977 pecudes
2247 2915 2448 2962 tantum
2479 2917 2534 2962 et
2561 2909 2756 2976 boves,
2785 2909 2881 2964 sed
2901 2922 2955 2966 et
3003 2911 3149 2981 lupi,
3179 2921 3234 2966 et
3257 2912 3406 2981 pardi
3430 2955 3447 2980 ,

1858 3009 1911 3055 et
1937 2999 2121 3054 leones
2148 3017 2162 3057 :
2192 3015 2300 3055 non
2345 3001 2491 3056 cervi
2516 3011 2718 3056 tantum
2744 3043 2760 3068 ,
2787 3011 2842 3058 et
2885 3002 3095 3072 lepores
3119 3035 3138 3070 ,~
3164 3010 3220 3059 et
3243 3003 3413 3060 deum
3431 3047 3447 3071 ,

1857 3090 1950 3145 sed
1982 3094 2040 3144 ct
2077 3091 2272 3160 scorpii
2298 3129 2314 3155 ,
2345 3099 2403 3146 et
2431 3092 2629 3162 vipera:
2652 3128 2668 3158 ,
2693 3100 2750 3146 et
2775 3092 3040 3148 dracones
3071 3109 3085 3148 :
3113 3103 3274 3163 atque
3312 3096 3452 3151 lutet

1860 3182 2054 3237 herbas
2081 3197 2293 3251 quoque
2322 3199 2427 3237 non
2453 3183 2696 3238 salubres
2724 3184 2883 3240 modo
2908 3185 3126 3254 plantae,
3157 3184 3252 3240 sed
3277 3193 3334 3240 et
3358 3201 3451 3242 ve-

1859 3283 2103 3341 nenatae,
2134 3289 2199 3330 ac
2221 3275 2458 3330 imarum
2502 3285 2618 3330 erat
2655 3276 2854 3332 tit-haec
2889 3278 3074 3333 multis
3119 3277 3454 3334 offendicula

1856 3373 2076 3430 essent,
2117 3373 2171 3420 et
2222 3365 2347 3420 hinc
2397 3366 2634 3422 haereses
2685 3368 2951 3422 orirentur
2979 3385 2994 3426 :
3022 3377 3302 3439 postquam
3353 3381 3450 3424 res

1855 3469 2043 3512 omnes
2066 3464 2263 3510 creatze
2282 3466 2410 3510 sunt
2437 3465 2595 3523 natm,
2619 3469 2881 3528 suumque
2905 3458 3126 3529 singula:
3152 3468 3276 3513 sunt
3291 3473 3446 3514 orna-

1859 3557 1969 3600 tum
1995 3545 2222 3616 adeptae,
2251 3551 2550 3601 creatorem
2572 3547 2810 3624 ostendit
2834 3549 2886 3602 in
2917 3549 3139 3618 singulis
3162 3589 3176 3615 ,
3219 3549 3272 3602 id
3299 3548 3442 3618 quod

1856 3647 2102 3693 exortum
2123 3647 2260 3704 erat,
2290 3637 2528 3704 laudare,
2561 3638 2668 3693 imo
2692 3653 2822 3694 vero
2851 3653 3276 3709 unamquamque
3293 3639 3444 3709 sigil-

1859 3730 2009 3784 latim
2033 3738 2086 3784 et
2109 3743 2298 3784 omnes
2326 3729 2485 3784 simul
2511 3769 2528 3795 ,
2551 3740 2610 3783 ut
2644 3729 2860 3800 cognito
2889 3728 3032 3784 illius
3053 3728 3258 3798 judicio
3274 3767 3289 3795 ,
3315 3728 3442 3783 licet

1859 3819 2174 3874 temerarius
2215 3818 2479 3888 Quispiam
2523 3819 2597 3872 sit-
2635 3827 2690 3872 et
2717 3817 3034 3887 impudens,
3064 3817 3194 3871 nihil
3214 3819 3446 3886 amplius

1857 3925 2078 3974 eorum,
2109 3921 2229 3980 quae
2268 3909 2368 3964 sub
2409 3908 2596 3964 oculos
2640 3908 2870 3975 cadunt,
2899 3907 3112 3963 curiose
3155 3914 3444 3964 scrutetur.

1861 4001 1984 4057 Ideo
2022 4000 2110 4055 ubi
2133 3999 2269 4054 dixit
2297 3999 2487 4054 factum
2516 4007 2637 4054 esse
2667 3999 2840 4054 lucem
2860 4037 2880 4066 ,
2915 3997 3200 4068 adjumit:
3230 3998 3296 4052 Et
3325 3999 3448 4052 vidit

1859 4092 2000 4148 Deus
2029 4093 2212 4158 lucem,
2238 4090 2377 4161 quod
2402 4099 2524 4145 esset
2539 4089 2673 4145 bona
2707 4088 2858 4162 (lien.
2887 4090 2938 4144 i.
2968 4090 3050 4160 4),
3071 4098 3127 4144 et
3151 4089 3224 4145 ita
3248 4089 3317 4146 de
3334 4091 3447 4146 sin-

1858 4184 2018 4255 gulis.
2044 4182 2248 4239 Deinde
2268 4197 2338 4237 ne
2357 4222 2373 4247 ,
2403 4183 2449 4238 si
2477 4190 2668 4237 cuncta
2709 4189 3062 4254 persetjuatur
3091 4184 3405 4238 nominatim
3426 4225 3446 4248 ,

1861 4278 2205 4349 prolixiorem
2233 4275 2424 4332 reddat
2468 4275 2762 4330 orationem
2784 4315 2799 4342 ,
2828 4275 2988 4331 simul
3019 4277 3326 4345 pronuntiat
3376 4276 3449 4330 de

1859 4371 2136 4437 omnibus,
2163 4379 2220 4426 et
2243 4370 2318 4424 ait
2345 4383 2533 4424 rursus
2565 4385 2579 4422 :
2621 4367 2757 4422 Vidit
2788 4367 2923 4423 Deus
2963 4378 3141 4422 cuneta
3177 4382 3292 4436 qui:
3315 4370 3447 4437 [ece-

1859 4476 1963 4534 rat,
1992 4475 2037 4520 et
2059 4475 2173 4520 cecc
2215 4465 2346 4519 bona
2387 4463 2535 4518 valde
2579 4461 2744 4533 (Gen.
2776 4461 2830 4518 1.
2870 4461 2985 4530 51).
3029 4459 3147 4515 Non
3172 4459 3317 4529 quod
3354 4459 3444 4515 ubi

1861 4561 1997 4616 faeta
2039 4558 2284 4626 fuerant,
2307 4557 2619 4626 cognoverit
2647 4557 2785 4612 Deus
2813 4555 2951 4610 bona
2989 4568 3110 4610 esse
3143 4565 3264 4623 qua
3309 4550 3446 4606 facta

1862 4660 2018 4708 erant
2049 4669 2063 4708 :
2089 4651 2249 4707 absit.
2276 4649 2333 4706 Si
2359 4649 2502 4704 enim
2529 4647 2720 4703 artifex
2749 4646 2910 4702 horno
2930 4684 2945 4709 ,
2977 4644 3138 4700 etiam
3157 4650 3448 4714 antequam

1865 4743 1995 4799 liant
2012 4757 2076 4799 ea
2100 4756 2222 4813 quae
2258 4748 2383 4797 sunt
2409 4741 2539 4796 artis
2558 4779 2576 4805 ,
2609 4739 2756 4794 novit
2778 4777 2791 4801 ,
2819 4736 3042 4792 edoctus
3067 4750 3129 4790 ea
3160 4734 3300 4789 bona
3327 4747 3448 4790 esse

1863 4849 1983 4905 quae
2020 4835 2090 4890 ab
2113 4835 2232 4904 ipso
2252 4831 2368 4888 fieri
2397 4831 2598 4887 debent
2627 4846 2639 4883 :
2669 4829 2838 4884 multo
2861 4826 3029 4896 magis
3054 4825 3339 4881 inetiabilis
3359 4825 3446 4882 illa

1864 4926 2159 4999 sapientia,
2197 4941 2318 4998 quas
2361 4925 2477 4981 sola
2523 4938 2621 4979 sua
2657 4923 2932 4978 voluntate
2980 4931 3216 4991 nutuque
3253 4929 3447 4976 cuncta

1865 5020 2114 5092 produxit
2139 5060 2155 5085 ,
2181 5020 2344 5076 etiam
2371 5026 2658 5086 antequam
2700 5013 2923 5078 flerent,
2949 5025 3014 5068 ea
3038 5013 3178 5068 bona
3201 5026 3323 5068 esse
3347 5027 3449 5066 no-

1866 5123 2038 5171 verat.
2084 5113 2270 5183 Neque
2315 5110 2460 5166 enim
2500 5107 2590 5164 illa
2636 5107 3006 5178 produxisset,
3047 5105 3092 5160 si
3132 5104 3308 5176 ignota
3349 5103 3453 5174 ipsi

1869 5209 2113 5266 fuissent.
2130 5206 2240 5263 Cur
2264 5205 2422 5276 igitur
2447 5205 2521 5260 ita
2543 5204 2793 5275 loquutus
2813 5202 2933 5260 est?
2950 5203 3030 5258 0b
3055 5211 3173 5257 eam
3201 5210 3447 5267 causam,

1867 5317 2026 5374 quam
2067 5301 2238 5370 attigi.
2265 5298 2399 5352 Cum
2431 5298 2594 5367 igitur
2629 5296 2947 5365 prophetam
2993 5294 3229 5348 audieris
3267 5291 3450 5344 dleen~

1871 5403 1978 5451 tem
2007 5392 2100 5448 tibi
2129 5391 2298 5446 Deum
2329 5388 2417 5444 illa
2447 5386 2644 5443 vidisse
2665 5429 2681 5451 ,
2709 5395 2871 5457 atque
2898 5383 3167 5452 laudasse,
3197 5381 3306 5436 noli
3341 5381 3452 5449 jam

1871 5485 2097 5557 amplius
2121 5483 2286 5538 ullum
2309 5495 2534 5537 examen
2564 5478 2650 5535 vel
2672 5477 2926 5536 indicium
2948 5490 3190 5550 qumrere
3219 5467 3461 5546 pulchri.

1937 5584 1953 5612 ι
1993 5578 2102 5635 Alii,
2135 5574 2326 5638 plenum
2349 5571 2590 5624 miraculi.
