4030 6206
536 200 639 257 ιὸἲ

531 315 733 375 tudinis
755 320 995 389 ipsorum
1020 357 1035 382 ,
1057 329 1231 385 neque
1253 312 1400 369 dicas
1422 353 1440 380 ,
1467 309 1748 378 Quomodo
1777 306 1960 364 bona?
1991 305 2108 378 Ipsa

530 412 674 470 enim
703 426 768 466 ex
793 409 1042 480 operibus
1067 406 1522 465 demonstratione
1555 404 1750 459 clarior
1785 411 1867 458 est
1890 410 2112 457 sentcn-

532 503 604 557 tia
623 543 638 566 ,
665 517 785 574 quae
813 517 877 556 ex
903 499 1109 556 calculo
1125 509 1180 554 et
1201 497 1402 568 judicio
1429 495 1722 552 conditoris
1748 502 1981 550 emanat.
2013 492 2111 547 At-

529 607 634 662 que
672 593 870 649 idcirco
917 591 1219 646 rudioribus
1243 589 1420 644 verbis
1443 596 1527 644 est
1568 601 1717 642 usus.
1750 585 1882 641 Nam
1923 599 2113 655 quem-

529 683 816 740 admodum
845 685 890 738 si
917 683 1036 753 quis
1077 696 1325 738 coemere
1359 679 1750 736 medicamenta
1779 677 1940 742 velit,
1972 676 2110 732 alio-

528 777 657 846 quin
679 775 956 845 imperitus
982 817 997 838 ,
1019 791 1187 844 eaque
1207 774 1431 844 jusserit
1457 773 1666 828 medico
1690 773 1835 842 prius
1860 771 2066 826 ostendi
2091 811 2107 836 ,

528 866 727 921 nullam
754 865 910 918 aliam
941 864 1154 918 virtutis
1183 880 1368 919 eorum
1398 863 1907 918 demonstrationem
1930 862 2112 932 requi-

529 959 636 1021 rit,
669 957 755 1010 ubi
779 965 930 1011 certo
955 956 1207 1012 didicerit
1231 957 1319 1011 illa
1345 955 1414 1010 ab
1442 970 1508 1010 eo
1531 955 1645 1017 visa
1675 953 1838 1010 fuisse
1857 993 1874 1020 ,
1904 969 1967 1008 ac
1999 954 2112 1008 lan-

525 1049 671 1115 data,
695 1049 788 1104 sed
815 1049 1032 1104 artiﬁcis
1054 1049 1261 1104 calculo
1277 1057 1560 1103 contentus
1586 1047 1716 1112 abit,
1745 1062 1866 1102 cum
1885 1046 2112 1102 audierit

528 1141 616 1194 illa
639 1141 836 1197 vidisse
883 1141 1178 1208 medicum,
1210 1151 1372 1212 atque
1411 1141 1658 1196 laudasse
1691 1158 1706 1195 :
1737 1139 1816 1195 sic
1857 1140 2109 1195 nimirum

526 1231 770 1304 Moyses,
801 1247 922 1286 cum
964 1248 1178 1288 omnem
1207 1233 1373 1288 vellet
1412 1233 1749 1287 occasionem
1785 1230 2112 1300 impudentis

525 1324 850 1380 curiositatis
864 1335 1142 1392 amputare
1158 1324 1281 1389 illis,
1311 1325 1397 1394 qui
1413 1323 1670 1378 creaturis
1686 1333 1863 1378 essent
1876 1320 2106 1387 fruituri,

525 1413 858 1469 denuntiavit
883 1415 982 1476 eis,
1005 1430 1068 1469 ac
1099 1415 1253 1479 dixit,
1281 1415 1449 1470 Deum
1477 1414 1565 1469 illa
1584 1414 1808 1478 vidisse,
1839 1413 2103 1478 laudasse,

523 1519 588 1560 se
615 1505 754 1560 bona
788 1512 908 1560 esSe
927 1504 1225 1574 judieasse,
1263 1521 1436 1575 neque
1474 1505 1787 1575 simpliciter
1811 1505 1949 1561 bona
1969 1547 1985 1571 ,
2012 1505 2107 1561 sed

523 1595 660 1650 bona
691 1595 868 1651 valde.
912 1595 1032 1650 Noli
1059 1611 1188 1667 ergo
1234 1598 1444 1652 curiose
1491 1598 1796 1668 inquirere,
1820 1613 1992 1667 neque
2017 1613 2106 1652 ra-

523 1688 828 1743 tiocinando
870 1697 1112 1743 scrutare
1140 1705 1259 1759 qua:
1285 1689 1422 1744 facta
1450 1699 1607 1756 sunt,
1641 1703 1766 1744 eum
1793 1688 1883 1744 tali
1913 1688 1982 1744 de
2008 1704 2106 1744 eo-

522 1795 641 1834 rum
681 1781 988 1850 prazstantia
1050 1781 1357 1838 testimonio
1403 1782 1479 1837 sis
1523 1782 1832 1838 instructus.
1861 1781 1918 1838 Si
1960 1782 2105 1838 enim

523 1869 745 1925 minime
759 1880 1048 1926 contentus
1075 1871 1176 1928 hoc
1201 1873 1387 1940 verbo,
1411 1873 1478 1928 ad
1501 1874 1894 1942 inquisitionem
1925 1889 2105 1929 rerum

522 1970 824 2019 creatarum
865 1963 1116 2034 progredi
1160 1964 1316 2031 velis,
1347 1975 1506 2034 teque
1556 1965 1608 2019 in
1638 1965 2103 2021 ratiocinationum

518 2052 764 2122 euripum
808 2065 871 2108 ac
897 2052 1088 2108 ﬂuctus
1106 2053 1279 2110 solum
1311 2055 1514 2126 injicias
1534 2097 1546 2121 ,
1573 2071 1639 2112 ex
1665 2057 1858 2127 quibus
1883 2058 2103 2113 multam

519 2145 720 2200 senties
745 2144 1028 2200 excitatam
1069 2147 1357 2215 procellam
1379 2187 1394 2212 ,
1424 2147 1553 2202 nihil
1582 2148 1798 2217 quidem
1837 2148 2104 2218 intelliges

518 2235 780 2304 amplius,
819 2236 914 2289 sed
959 2235 1012 2289 in
1052 2235 1382 2306 naufragium
1427 2248 1480 2292 te
1522 2238 1693 2307 ipsum
1733 2238 2102 2309 gravissimum

520 2323 845 2393 praecipitem
893 2338 1041 2394 ages.
1085 2323 1267 2396 Neque
1305 2326 1448 2381 enim
1487 2328 1725 2383 rationes
1753 2343 1944 2384 omnes
1990 2330 2097 2385 sin-

517 2411 762 2482 gulorum
807 2430 925 2483 qua;
955 2414 1090 2469 facta
1120 2425 1247 2472 sunt
1283 2418 1479 2486 poteris
1505 2420 1742 2488 reperire
1760 2461 1775 2485 ,
1805 2420 1900 2477 sed
1927 2432 1981 2477 et
2008 2437 2102 2478 eo-

519 2518 637 2558 rum
663 2519 783 2574 qua:
809 2503 946 2560 bona
977 2507 1070 2561 tibi
1098 2522 1239 2562 nunc
1255 2508 1521 2575 videntur,
1553 2511 1715 2566 multa
1736 2512 2064 2582 vituperabis
2081 2557 2098 2582 ,

519 2593 567 2649 si
611 2595 849 2650 animum
897 2596 1209 2654 adhibueris
1253 2599 1625 2670 depravatum.
1672 2604 1821 2659 Adeo
1870 2621 2101 2677 namque

521 2686 806 2746 imbecillis
833 2701 915 2745 eSt
938 2689 1214 2748 hominum
1242 2693 1398 2759 ratio,
1423 2703 1480 2750 ut
1503 2704 1873 2765 saepenumero
1898 2700 1952 2754 in
1973 2716 2102 2755 eon-

521 2779 742 2836 trarium
773 2787 980 2851 agatur,
1027 2792 1084 2838 et
1136 2783 1190 2838 in
1225 2784 1427 2854 judicio
1477 2786 1546 2841 de
1591 2796 1832 2844 creatura
1880 2789 2101 2848 ferendo

521 2870 673 2926 multi
701 2870 902 2928 directe
930 2875 1158 2944 oppositi
1180 2875 1319 2931 inter
1344 2891 1404 2932 se
1429 2888 1682 2949 pugnent.
1711 2879 1842 2936 Nam
1873 2883 2100 2952 gentiles

519 2963 733 3033 quidem
763 2979 886 3020 cum
917 2967 1034 3036 plus
1061 2983 1219 3036 quam
1244 2983 1379 3038 opus
1403 2971 1470 3025 sit
1498 2972 1666 3042 ipsam
1694 2973 1870 3030 mirati
1895 2986 2096 3041 essent,

519 3051 738 3107 modum
783 3066 1169 3122 excesserunt,
1212 3073 1439 3128 eamque
1485 3060 1643 3117 deum
1692 3077 1813 3120 esse
1859 3067 2099 3122 arbitrati

520 3153 684 3198 sunt:
711 3143 987 3200 Manichaei
1017 3162 1146 3203 vero
1170 3189 1185 3215 ,
1208 3160 1263 3204 et
1290 3150 1380 3205 alii
1409 3167 1595 3208 rursus
1623 3153 1862 3211 haeretici
1888 3159 2100 3228 quidam

519 3235 608 3291 dei
655 3237 876 3294 minime
903 3238 1028 3295 boni
1064 3241 1141 3312 (a)
1181 3256 1318 3312 opus
1351 3258 1470 3300 eam
1512 3260 1633 3302 esse
1657 3248 1946 3305 dixerunt:
1978 3253 2101 3321 qui-

519 3326 642 3382 dam
668 3342 827 3382 unam
856 3328 971 3399 ejus
994 3341 1200 3400 partem
1227 3334 1468 3389 avulsam
1495 3351 1526 3389 a
1555 3339 1766 3394 caeteris
1790 3352 2101 3410 spontanete

519 3418 730 3474 cuidam
761 3423 998 3478 materia:
1017 3425 1404 3495 attribuerunt,
1433 3444 1658 3501 eamque
1687 3432 1955 3504 indignam
1981 3452 2102 3492 esse

522 3510 616 3566 Dei
643 3512 864 3583 opifieio
891 3513 1219 3584 judicarunt.
1256 3516 1366 3585 Ita,
1390 3520 1528 3575 sicut
1567 3532 1692 3578 ante
1728 3523 1866 3592 dixi,
1911 3527 1958 3580 si
1982 3528 2103 3597 quis

519 3604 781 3660 rationem
811 3620 874 3661 ac
899 3616 1132 3663 mentem
1155 3609 1499 3678 depravatam
1529 3613 1812 3682 adhibeat,
1849 3618 2016 3673 multa
2037 3636 2104 3675 ex

521 3695 621 3760 iis,
647 3710 769 3766 qua:
812 3697 950 3752 bona
979 3713 1099 3754 esse
1125 3701 1375 3757 videntur
1393 3744 1409 3769 ,
1437 3704 1728 3759 accusabit.
1779 3706 1916 3772 Quid
1959 3712 2101 3765 enim

523 3787 618 3843 tibi
643 3789 759 3844 sole
787 3789 1062 3860 pulchrius
1085 3792 1330 3848 videtur?
1348 3797 1596 3850 Attamen
1609 3796 1946 3867 splendidum
1964 3801 2103 3858 istud

521 3890 578 3935 et
622 3879 916 3950 jucundum
963 3892 1167 3937 astrum
1214 3893 1270 3940 et
1319 3885 1508 3942 oculos
1554 3888 1700 3943 laedit
1749 3890 2022 3959 infirmos,
2051 3904 2106 3950 et

519 3985 645 4026 cum
669 3971 848 4028 radios
887 3973 1218 4031 ardentiores
1245 3977 1478 4046 emittit,
1521 3987 1717 4036 terram
1765 3983 1900 4051 urit,
1930 3983 2105 4042 febres

522 4062 710 4130 gignit,
738 4061 918 4133 fruges
940 4080 1310 4135 saepenumero
1335 4068 1556 4126 arefacit
1581 4080 1635 4128 et
1657 4073 1876 4131 inutiles
1904 4077 2101 4146 reddit,

524 4151 748 4207 arbores
772 4153 1085 4211 infecundas
1110 4158 1276 4215 efﬁcit
1295 4199 1311 4227 .
1337 4175 1402 4217 ae
1420 4173 1625 4232 partem
1665 4166 1812 4222 orbis
1842 4175 2103 4225 terrarum

526 4251 726 4300 nostra:
755 4245 988 4315 ineptam
1027 4248 1340 4306 habitationi
1387 4263 1442 4308 et
1469 4256 1714 4312 infestam
1743 4259 1936 4314 reddit.
1966 4262 2104 4330 Quid

522 4335 693 4406 ergo?
719 4351 844 4392 num
863 4377 880 4405 ,
908 4353 1111 4408 quaeso,
1141 4340 1309 4398 solem
1341 4342 1541 4401 idcirco
1571 4349 1966 4406 accusabimus?
1998 4355 2106 4409 Ab-

525 4427 633 4493 sit;
657 4426 767 4483 imo
794 4443 922 4484 vero
963 4430 1225 4487 rationem
1269 4434 1554 4503 quiescere
1585 4437 1872 4508 jubentes,
1899 4452 2104 4512 petram

523 4519 669 4576 illam
713 4520 1127 4590 occupabimus,
1152 4531 1207 4579 et
1232 4523 1432 4580 dictum
1473 4527 1642 4595 illud,
1693 4529 1762 4584 Et
1799 4533 1924 4588 vidit
1965 4533 2106 4590 Deus

521 4621 704 4666 cuncta
751 4627 864 4682 qua:
887 4611 1105 4681 fecerat,
1131 4621 1176 4666 et
1204 4630 1318 4668 ecce
1352 4615 1483 4670 bona
1523 4618 1670 4673 valde
1711 4619 1862 4691 (Gen.
1888 4624 1941 4679 l.
1969 4627 2060 4698 51)
2087 4645 2102 4683 :

521 4701 784 4769 siquidem
813 4710 869 4757 et
893 4703 982 4757 illa
1007 4703 1118 4772 ipsa
1135 4719 1255 4774 quze
1287 4721 1426 4760 nune
1449 4719 1764 4766 enumerata
1787 4723 1912 4769 sunt
1935 4730 1965 4770 a
1992 4733 2100 4785 me,

522 4791 662 4847 bona
688 4791 841 4848 valde
869 4801 993 4848 sunt
1019 4801 1075 4849 et
1110 4795 1411 4851 commoda.
1445 4797 1551 4854 Sed
1577 4808 1637 4854 ut
1682 4804 1927 4873 superius
1955 4806 2102 4876 dixi,

521 4880 589 4935 ad
627 4895 815 4937 vocem
855 4882 1002 4938 illam
1033 4885 1414 4948 recurrendum
1443 4897 1526 4944 est
1567 4904 1799 4962 semper,
1831 4909 1896 4951 ac
1917 4896 2103 4955 dicen.

518 4971 648 5026 dum
678 4989 693 5026 :
723 4973 862 5028 Ecce
887 4975 1087 5043 omnia,
1113 4993 1233 5047 qua:
1254 4977 1382 5034 fecit
1409 4980 1550 5036 Deus
1568 5021 1585 5049 ,
1615 4982 1751 5040 bona
1779 4997 1905 5044 sunt
1926 4991 2102 5048 valde.

522 5063 631 5119 Sed
657 5080 838 5121 nonne
883 5066 1089 5124 deliciis
1113 5086 1309 5128 vacare
1329 5113 1347 5139 ,
1370 5072 1541 5142 jocari
1560 5115 1577 5144 ,
1605 5085 1661 5133 et
1684 5079 1941 5151 voluptati
1970 5099 2103 5155 epe-

519 5171 637 5213 ram
656 5156 805 5224 dare,
833 5158 1030 5214 bonum
1059 5171 1143 5217 est
1163 5163 1188 5216 ?
1207 5165 1346 5220 Audi
1374 5164 1739 5240 Salomonem,
1766 5175 1855 5244 qui
1881 5176 2102 5236 delicia-

518 5260 638 5304 rum
667 5262 830 5304 omne
865 5263 1033 5319 genus
1061 5254 1315 5321 tentavit,
1341 5265 1397 5310 et
1442 5259 1550 5327 ait,
1584 5260 1772 5319 Melius
1811 5277 1885 5321 est
1925 5269 2000 5322 ire
2036 5273 2105 5326 ad

522 5337 732 5426 domum
750 5339 913 5395 luctus
930 5380 948 5408 ,
969 5357 1122 5412 quam
1145 5342 1219 5398 ire
1235 5345 1305 5398 ad
1333 5345 1539 5404 domum
1563 5353 1774 5409 convivii
1802 5355 2021 5426 (Eccles.
2048 5363 2100 5418 7.

516 5425 601 5502 8).
621 5432 695 5487 At
717 5432 854 5487 mala
880 5447 968 5490 res
991 5449 1095 5489 nox
1117 5437 1232 5491 est?
1249 5437 1482 5507 (oportet
1505 5442 1650 5499 enim
1676 5425 2099 5512 adversariorum

578 5581 654 5646 (π)
687 5583 924 5636 Manichael
957 5585 1134 5637 malum
1155 5588 1302 5641 deum
1333 5589 1667 5651 admittebant.

1262 195 1321 255 8.
1359 191 1636 254 JOANNIS
1673 184 2143 249 CIIRYSOSTOMI
2180 183 2494 241 ARCIIIEP.
2537 182 3067 277 CDNSTANTINOP.

3697 183 3800 240 1:88

2219 302 2294 356 uti
2321 301 2549 373 verbis.)
2579 301 2690 357 lmo
2716 303 2828 374 ipsa
2854 303 3098 359 laborum
3128 311 3210 358 est
3234 303 3490 360 relaxatio
3508 345 3524 370 ,
3555 303 3798 363 liberatio

2214 408 2248 449 a
2275 395 2418 450 euris
2437 436 2454 462 ,
2487 397 2795 452 morborum
2815 397 3063 452 solatium
3083 437 3100 460 ,
3127 411 3156 449 a
3178 403 3322 450 metu
3349 411 3411 451 ac
3437 397 3686 468 periculis
3709 415 3797 455 re-

2214 487 2366 556 quies
2404 501 2508 541 non
2561 489 2889 545 mediocris:
2916 489 3154 558 juvenile
3179 489 3356 544 reddit
3393 502 3610 560 corpus,
3640 508 3796 547 men-

2215 586 2321 632 tem
2349 579 2577 634 vividam
2601 621 2617 646 ,
2650 581 2886 637 membra
2915 581 3184 637 laboribus
3229 581 3441 651 fatigata
3483 593 3691 638 recreat
3718 600 3802 640 reo

2216 668 2449 740 ﬁcitque.
2481 671 2551 724 At
2577 672 2714 725 mala
2741 686 2829 727 res
2859 681 2942 726 est
2972 672 3222 727 morbus?
3249 671 3401 728 Unde
3446 673 3604 744 igitur
3631 674 3799 729 Laza-

2214 773 2306 813 rus
2340 773 2591 814 coronam
2619 762 2946 832 reportavit?
2975 761 3078 817 Sed
3127 763 3266 817 mala
3298 763 3620 831 paupertas?
3650 764 3801 822 Unde

2213 864 2342 904 vero
2360 849 2462 906 Job
2481 851 2706 921 gloriam
2735 863 2817 907 est
2840 854 3240 924 consequutus?
3264 858 3334 908 At
3360 853 3532 909 noxia:
3557 855 3797 912 aﬂlictio-

2214 956 2309 996 nes
2336 940 2660 1012 frequentes,
2692 951 2747 998 et
2773 943 3078 998 continuae?
3109 942 3262 999 Unde
3289 954 3468 1000 autem
3495 944 3693 1001 factum
3717 957 3801 1003 est

2216 1041 2272 1086 ut
2297 1033 2524 1102 apostoli
2550 1033 2790 1089 celebres
2814 1042 2868 1088 et
2899 1034 3134 1088 illustres
3151 1033 3478 1090 evaderent?
3497 1051 3615 1106 qua:
3642 1052 3803 1107 porro

2211 1126 2296 1180 via
2342 1126 2490 1181 ducit
2533 1126 2600 1181 ad
2651 1127 2854 1182 vitam?
2884 1141 3060 1182 nonne
3085 1136 3230 1182 arcta
3283 1136 3339 1183 et
3381 1130 3642 1199 angusta?
3681 1129 3801 1184 Noli

2211 1232 2338 1288 ergo
2377 1216 2576 1284 dicere,
2609 1217 2716 1274 Cur
2745 1218 2885 1273 hoc?
2923 1217 2990 1272 ad
3016 1218 3142 1288 quid
3185 1217 3326 1273 hoc?
3351 1219 3445 1273 sed
3472 1228 3578 1274 tam
3615 1220 3665 1274 in
3694 1221 3804 1275 dis.

2213 1310 2613 1380 pensationibus
2663 1326 2822 1381 quam
2873 1312 2930 1365 in
2971 1311 3232 1366 creaturis
3271 1311 3398 1377 Dei,
3434 1311 3575 1381 quod
3635 1312 3804 1366 silen-

2213 1401 2343 1455 tium
2388 1401 2591 1478 praebet
2639 1402 2805 1456 lutum
2859 1401 3056 1472 figulo,
3087 1401 3228 1457 idem
3257 1412 3311 1457 et
3358 1402 3474 1472 ipse
3522 1401 3805 1458 Conditori

2211 1499 2301 1547 tuo
2333 1493 2509 1562 prmbe
2525 1535 2541 1560 ,
2571 1493 2643 1547 mi
2670 1493 2851 1550 homo.

2280 1583 2492 1638 CAP.V.
2521 1583 2839 1639 Credendum
2868 1601 2974 1639 esse
3003 1585 3315 1656 providentia
3348 1585 3440 1640 Dei
3464 1586 3571 1656 regi
3596 1587 3808 1642 omnia:

2207 1675 2411 1746 ejusque
2441 1674 2514 1729 rei
2550 1675 2824 1730 maximam
2864 1676 3335 1731 demonstrationem
3353 1677 3415 1730 iis
3435 1677 3522 1748 qui
3551 1677 3802 1743 dubitant,

2207 1781 2240 1818 a
2270 1765 2415 1820 rebus
2447 1767 2625 1820 creatis
2643 1767 2974 1836 suppeditari.
2992 1797 3064 1807 —
3088 1767 3224 1836 Quid
3257 1768 3420 1838 ergo?
3437 1768 3802 1839 dieetaliquis;

2208 1873 2316 1912 non
2342 1856 2420 1912 vis
2462 1872 2550 1912 me
2591 1866 2742 1912 certo
2783 1858 3027 1925 seirc,ae
3068 1857 3290 1914 credere
3331 1859 3424 1913 Dei
3471 1859 3805 1930 providentia

2207 1962 2296 2003 res
2321 1963 2508 2004 omnes
2532 1948 2684 2018 regi?
2731 1948 2867 2004 Volo
2897 1949 3143 2020 equidem
3170 1956 3224 2003 et
3249 1958 3394 2018 opto,
3423 1965 3486 2005 ac
3508 1950 3804 2006 vehemen-

2208 2050 2290 2096 ter
2314 2041 2560 2097 desidero
2594 2057 2738 2096 :non
2766 2050 2941 2098 tamen
2978 2041 3094 2112 ejus
3122 2041 3516 2112 providentiam
3546 2044 3800 2108 scrutari,

2209 2147 2378 2198 neque
2402 2133 2612 2187 curiose
2641 2131 2698 2186 in
2720 2147 2837 2187 eam
2866 2132 3158 2202 inquirere.
3187 2131 3244 2188 Si
3268 2132 3411 2188 enim
3434 2133 3544 2202 jam
3587 2133 3714 2201 scis,
3746 2144 3804 2190 et

2208 2223 2366 2279 ﬁdem
2395 2223 2593 2280 habere
2617 2225 2870 2292 statuisti,
2890 2225 2998 2280 noli
3025 2240 3265 2296 quaerere
3293 2243 3306 2280 :
3335 2226 3416 2280 sin
3442 2235 3618 2282 autem
3645 2227 3806 2282 dubi-

2207 2322 2308 2380 tas,
2353 2323 2548 2370 terram
2592 2315 2880 2387 interroga,
2913 2316 3125 2383 caelum,
3169 2317 3360 2381 solem,
3407 2316 3608 2383 lunam,
3653 2319 3804 2373 varia

2204 2404 2478 2461 hrutarum
2506 2407 2853 2463 animantium
2881 2423 3076 2478 genera
3100 2407 3388 2478 interroga,
3409 2409 3633 2474 semina,
3660 2409 3806 2478 plan-

2206 2507 2307 2564 tas,
2339 2507 2515 2553 mutos
2556 2498 2750 2568 pisces,
2797 2513 2948 2565 saxa,
2987 2507 3218 2565 montes,
3261 2499 3450 2566 saltus,
3481 2500 3666 2562 colles,
3694 2518 3802 2551 tm-

2203 2599 2363 2656 ctcm,
2395 2591 2558 2646 diem.
2590 2591 2861 2662 Siquidem
2901 2592 3014 2647 sole
3037 2607 3100 2647 ac
3125 2591 3286 2647 radiis
3315 2591 3430 2660 ejus
3471 2591 3670 2647 clarior
3711 2601 3804 2647 est

2204 2683 2297 2738 Dei
2329 2683 2749 2752 providentia,et
2776 2683 2965 2754 quovis
2995 2691 3252 2753 tempore,
3293 2683 3480 2753 quovis
3505 2682 3559 2738 in
3584 2683 3724 2748 loco,
3746 2684 3805 2739 in

2202 2775 2508 2841 desertis,in
2524 2775 2826 2847 regionibus
2847 2776 3001 2831 cultis
3012 2784 3065 2830 et
3077 2774 3308 2839 incultis,
3325 2776 3378 2829 in
3397 2775 3621 2840 terra,in
3636 2777 3803 2843 mari,

2201 2877 2257 2923 ct
2275 2882 2607 2938 quocumque
2636 2875 2687 2922 te
2705 2867 3016 2935 contuleris,
3039 2865 3316 2922 manifesta
3337 2873 3391 2921 et
3419 2865 3604 2921 idonea
3630 2905 3646 2931 ,
3675 2881 3809 2920 cum

2203 2967 2382 3016 vetera
2407 2968 2517 3013 tum
2544 2973 2679 3013 nova
2708 2957 3053 3028 providentiae
3081 2957 3234 3013 istius
3275 2967 3614 3012 monumenta
3660 2973 3807 3012 con-

2203 3051 2416 3121 spicies,
2439 3065 2701 3121 vocesque
2732 3051 2961 3121 undique
2992 3051 3182 3105 missas
3207 3053 3306 3106 hac
3327 3060 3508 3106 nostra
3545 3051 3806 3105 rationali

2203 3159 2335 3199 voce
2359 3145 2631 3210 clariores,
2667 3159 2696 3198 a
2725 3144 2916 3214 quibus
2945 3143 3012 3198 de
3041 3143 3141 3198 hac
3170 3143 3284 3213 ejus
3321 3159 3445 3199 cura
3473 3143 3796 3211 instruetur,

2205 3234 2294 3304 qui
2319 3248 2478 3289 aures
2505 3219 2732 3288 voluerit
2769 3233 3074 3289 admovere.
3117 3233 3321 3289 idcirco
3356 3232 3615 3305 propheta
3660 3250 3807 3302 quo-

2205 3339 2308 3394 que
2353 3339 2541 3380 vocum
2585 3325 2804 3379 istarum
2849 3324 3208 3394 przestantiam
3255 3325 3440 3380 volens
3484 3325 3803 3387 ostendere,

2205 3418 2415 3472 dicebat
2445 3436 2460 3473 :
2488 3415 2612 3471 Non
2655 3425 2775 3472 sunt
2819 3417 3046 3488 loquelae,
3079 3434 3237 3488 neque
3281 3434 3555 3485 sermones,
3581 3434 3811 3488 quorum

2206 3524 2306 3562 non
2326 3509 2600 3562 audiantur
2641 3523 2783 3563 voces
2824 3501 3187 3580 eorum(Psal.
3223 3508 3404 3579 18.4).
3433 3509 3564 3564 Nam
3615 3520 3811 3565 nostra

2207 3601 2420 3671 quidem
2449 3611 2574 3656 nota
2601 3611 2683 3657 est
2709 3601 2813 3658 illis
2859 3610 3083 3666 tantum,
3116 3602 3205 3672 qui
3249 3601 3485 3672 ejusdem
3521 3610 3646 3656 sunt
3689 3602 3811 3657 lin-

2206 3707 2324 3761 guas
2355 3710 2367 3746 :
2398 3708 2504 3747 non
2551 3694 2679 3747 item
2725 3693 2828 3748 illis
2873 3695 2963 3764 qui
3008 3693 3233 3748 diversa:
3267 3711 3282 3749 :
3311 3702 3368 3748 at
3395 3693 3481 3748 illa
3522 3709 3628 3747 vox
3675 3710 3810 3764 quae

2210 3783 2438 3838 mittitur
2462 3798 2493 3838 a
2522 3783 2804 3851 creaturis,-
2835 3784 2903 3838 ab
2924 3783 3193 3850 omnibus,
3230 3799 3350 3854 quae
3397 3793 3566 3864 totum
3608 3785 3810 3842 orbem

2211 3885 2474 3931 terrarum
2496 3875 2754 3942 incolunt,
2776 3875 3079 3932 nationibus
3107 3885 3283 3946 potest
3306 3875 3498 3931 audiri.

2279 3967 2408 4022 CAP.
2439 3967 2528 4022 VI.
2561 3967 2640 4022 De
2663 3968 2871 4022 caritate
2886 3967 2982 4022 Dei
2995 3983 3109 4039 qua:
3137 3969 3397 4022 caritatem
3424 3985 3620 4023 onmem
3648 3969 3811 4042 longe

2208 4060 2432 4124 excedit;
2451 4060 2735 4128 exemplum
2770 4058 2982 4126 aﬂ'ertur
3002 4075 3066 4114 ea:
3094 4061 3304 4116 historia
3327 4060 3477 4116 Jonce
3501 4061 3804 4118 deductum.

2207 4151 2454 4220 —Atque
2480 4150 2619 4227 apud
2637 4150 2834 4220 probos
2854 4150 3066 4222 quidem
3092 4166 3156 4208 ac
3177 4153 3468 4218 modestos,
3487 4162 3610 4208 ante
3629 4154 3811 4210 ullam

2209 4255 2275 4296 ex
2303 4241 2550 4310 operibus
2594 4241 3125 4307 demonstrationem,
3157 4243 3272 4312 ipsa
3309 4244 3421 4298 sola
3465 4243 3558 4304 Dei
3593 4243 3811 4300 sufﬁcit

2209 4331 2516 4399 affirmatio,
2545 4346 2650 4387 non
2688 4331 2754 4386 ad
2799 4332 3186 4402 providentiam
3228 4344 3451 4399 tantum,
3495 4334 3588 4389 sed
3628 4344 3684 4390 et
3735 4337 3813 4391 ad

2209 4437 2445 4477 amorem
2475 4425 2632 4477 etiam
2655 4423 2793 4477 illius
2821 4439 2945 4493 erga
2974 4439 3072 4478 nos
3101 4424 3351 4480 eximium
3379 4425 3808 4482 ostendendum.

2211 4511 2324 4567 Non
2376 4513 2517 4567 enim
2565 4513 2752 4582 quovis
2787 4513 2946 4567 modo
2985 4514 3225 4583 providet
3267 4515 3438 4580 nobis,
3483 4514 3577 4571 sed
3623 4517 3695 4570 ita
3749 4528 3813 4572 ut

2209 4612 2353 4658 amet
2395 4602 2573 4669 simul,
2595 4613 2650 4657 et
2695 4603 3000 4659 vehementi
3045 4620 3145 4660 nos
3169 4613 3223 4660 et
3251 4605 3514 4660 immenso
3559 4604 3808 4676 quodam

2209 4708 2393 4748 amore
2441 4703 2809 4764 prosequatur,
2856 4696 2924 4750 ab
2966 4697 3110 4751 omni
3151 4697 3365 4766 quidem
3412 4699 3659 4769 passione
3695 4701 3810 4754 im-

2212 4785 2381 4850 muni,
2425 4785 2518 4840 sed
2562 4785 2937 4847 ardentissimo
2963 4797 3018 4842 et
3049 4788 3424 4853 intentissimo,
3452 4789 3686 4856 sincero,
3719 4792 3810 4845 in-

2210 4877 2528 4946 dissolubili,
2557 4887 2611 4933 et
2635 4880 2723 4948 qui
2767 4895 3056 4950 numquam
3104 4881 3271 4951 possit
3308 4881 3594 4951 exstingui.
3623 4884 3810 4952 Atque

2211 4967 2314 5024 hoc
2356 4969 2511 5025 nobis
2557 4985 2677 5024 cum
2733 4970 2893 5026 vellet
2937 4971 3210 5027 insinuare
3257 4970 3532 5042 Scriptura
3574 4972 3795 5040 divina,

2210 5061 2414 5133 profert
2438 5061 2649 5132 quidem
2677 5060 3052 5117 similitudines
3081 5061 3268 5120 ductas
3287 5077 3314 5116 a
3338 5062 3499 5118 rebus
3524 5062 3806 5131 humanis,

2211 5154 2412 5226 profert
2430 5162 2485 5209 et
2508 5154 2724 5222 amoris,
2753 5153 3118 5224 providentite,
3137 5170 3382 5225 cumque
3409 5151 3651 5224 exempla
3674 5171 3810 5224 per-

2212 5246 2394 5300 multa.
2422 5243 2537 5299 Non
2562 5256 2737 5299 tamen
2767 5245 2819 5298 in
2845 5243 2928 5299 his
2957 5253 3160 5298 tantum
3189 5245 3304 5299 vnlt
3344 5260 3442 5300 nos
3474 5245 3808 5312 subsistere,

2211 5337 2304 5392 sed
2344 5337 2502 5391 etiam
2532 5336 2770 5405 exempla
2799 5346 2977 5391 mente
3007 5337 3405 5393 transcendere.
3439 5337 3619 5408 Neque
3647 5340 3815 5394 enim

2212 5438 2479 5497 tamquam
2508 5425 2824 5482 sufﬁcientia
2853 5426 2920 5482 ad
2946 5428 3061 5496 ejus
3083 5429 3512 5485 benevolentiam
3549 5429 3813 5485 indican-

2209 5515 2333 5572 dam
2377 5517 2474 5570 ista
2523 5516 2771 5587 protulit,
2810 5516 2905 5572 sed
2959 5527 3228 5588 tamquam
3268 5519 3597 5574 auditoribus
3643 5530 3814 5584 nuta,

2213 5621 2433 5679 quaeque
2459 5607 2626 5680 magis
2654 5623 2813 5680 quam
2841 5608 2945 5666 alia
2980 5611 3182 5682 quaevis
3207 5609 3309 5668 hoc
3353 5619 3571 5684 possent
3606 5621 3814 5667 osten—
