4030 6206
270 223 382 275 437

267 338 474 406 αὐτῶν,
516 339 652 412 μηδὲ
677 339 825 410 λέγε·
854 341 977 406 Ilio;
1009 345 1181 411 καλά;
1212 347 1324 418 Τῆς
1355 348 1463 420 γάρ
1499 349 1588 403 διά
1623 349 1733 404 τῶν
1768 349 1859 424 έρ-

267 451 387 502 γων
416 433 746 500 ἀποδείξεως
777 436 1086 509 σαφεστέρα
1111 438 1144 508 ή
1176 438 1262 493 διά
1295 439 1396 510 τῆς
1424 441 1608 513 ψήφου
1639 443 1732 496 καὶ
1760 443 1861 514 τῆς

265 526 509 598 κρίσεως
535 525 633 591 τοῦ
661 528 992 598 ποιήσαντος
1020 529 1316 600 ἀπόφασις.
1343 532 1443 586 Διά
1469 550 1551 587 τοι
1579 534 1736 588 τοῦτο
1768 537 1861 589 καὶ

268 618 563 691 παχυτέρα
593 619 855 690 κέχρηται
886 624 954 693 τῇ
981 622 1143 687 λέξει.
1169 624 1380 697 Ὠσπερ
1403 625 1512 697 γὰρ
1538 626 1591 679 εῐ
1613 644 1698 690 τις
1724 627 1862 698 φάρ-

270 728 426 784 μακα
458 708 782 780 βουλόμενος
809 710 1085 777 ὠνεῖσθαι,
1114 712 1340 786 ἄπειρος
1368 712 1465 782 ὢν,
1498 714 1711 769 κελεύοι
1737 714 1864 788 πρό-

269 820 436 877 τερον
467 802 873 858 ἐπιδείκνυσθαι
902 804 981 875 τῷ
1009 806 1181 879 ἰατρῷ
1217 806 1413 872 ταῦτα,
1442 807 1545 861 κᾶν
1581 808 1729 880 μάθῃ
1768 823 1863 861 σα-

272 896 393 965 φῶς
413 934 429 957 ,
473 896 556 948 δτι
594 893 718 948 ἰδὼν
767 896 990 959 ἐκεῖνος.
1028 898 1315 969 ἐπῄνεσεν,
1361 898 1616 970 οὐδεμίαν
1667 899 1862 971 ἑτέραν

272 983 559 1051 ἀπόδειξιν
583 984 684 1056 τῆς
712 984 921 1038 τούτων
954 987 1156 1058 ἀρετῆς
1182 984 1449 1061 ἐπιζητεῖ,
1481 988 1596 1041 ἀλλ’
1622 990 1864 1054 ἀκούσας

273 1075 361 1129 ὅτι
393 1072 539 1129 εἶδεν
578 1075 720 1129 αύτά
763 1078 793 1130 ό
828 1078 1011 1149 ἰατρὸς
1046 1080 1142 1132 καὶ
1180 1079 1468 1150 ἐπῄνεσεν,
1508 1081 1761 1152 ἀρκεῖται
1796 1084 1862 1154 τῇ

273 1167 445 1239 ψήφῳ
480 1166 577 1220 τοῦ
627 1169 902 1238 τεχνίτοιν
949 1170 1092 1224 οῦτω
1121 1170 1185 1242 δὴ
1224 1173 1317 1225 καὶ
1359 1175 1388 1226 6
1431 1174 1636 1245 Μωσῆς
1684 1176 1864 1229 πᾶσαν

278 1259 609 1331 περιεργίαν
657 1260 1014 1331 ἀναίσχυντον
1062 1263 1334 1335 περιελεῖν
1388 1262 1711 1335 βουλόμενος
1757 1263 1866 1317 τῶν

283 1351 426 1422 μετά
474 1350 651 1406 ταῦτα
719 1354 1028 1424 μελλόντων
1083 1356 1378 1410 ἀπολαύειν
1441 1358 1541 1428 τῆς
1598 1358 1827 1423 κτίσεως
1849 1398 1864 1423 ,

280 1445 586 1515 ἀπήγγειλε
642 1445 739 1498 καὶ
776 1441 951 1510 εἷπεν,
1001 1447 1083 1500 ὅτι
1135 1443 1275 1501 εἶδεν
1328 1447 1469 1502 αύτά
1515 1451 1544 1503 6
1587 1449 1721 1514 Θεὸς
1773 1452 1868 1505 καὶ

282 1536 540 1607 ἐπῄνεσε,
568 1537 663 1590 καὶ
688 1537 996 1609 ἐψηφίσατο
1037 1534 1178 1593 εῖναι
1210 1538 1374 1605 καλά,
1408 1541 1504 1594 καὶ
1542 1541 1641 1613 οὑχ
1684 1542 1869 1607 ἁπλῶς

284 1628 450 1693 καλά,
483 1629 620 1683 ἀλλά
649 1631 746 1684 καί
781 1631 923 1685 καλά
952 1631 1094 1686 λίαν.
1122 1632 1214 1703 Μὴ
1260 1632 1440 1687 τοίνυν
1480 1633 1867 1705 περιεργάζου,

287 1720 423 1790 μηδέ
440 1720 883 1792 πολυπραγμόνει
914 1722 1191 1792 λογισμοῖς
1209 1721 1279 1775 τὰ
1304 1723 1670 1795 γεγενημένα,
1685 1725 1868 1780 τοιαύ-

284 1828 389 1880 την
430 1810 568 1881 ἔχων
629 1811 726 1865 τοῦ
788 1812 1018 1876 κάλλους
1059 1813 1239 1867 αὐτῶν
1288 1815 1612 1887 μαρτυρίαν.
1655 1817 1719 1869 Εἰ
1761 1817 1869 1887 γάρ

292 1902 374 1973 μὴ
414 1902 684 1974 ἀρκεσθῇς
722 1902 802 1975 τῷ
844 1905 1051 1976 ῥήματι
1084 1904 1281 1976 τούτῳ,
1324 1906 1460 1959 ἀλλά
1494 1906 1761 1979 βουληθῇς
1790 1910 1872 1971 είς

290 1994 527 2065 ζήτησιν
554 1995 656 2049 τῶν
692 1996 1075 2067 γεγενημένων
1105 1994 1300 2061 ἐλθεῖν,
1344 1997 1426 2060 εἰς
1464 1997 1688 2070 εὔριπον
1728 1999 1873 2068 λογι-

295 2083 459 2155 σμῶν
488 2085 577 2138 καὶ
608 2085 827 2157 κύματα
872 2089 1040 2142 πολὺν
1071 2086 1414 2160 ἔργαξόμενα
1460 2090 1707 2161 χειμῶνα
1739 2108 1872 2144 σαυ-

187 2162 199 2177 ’
288 2178 388 2231 τὸν
428 2176 680 2247 ἐμϐαλὼν
710 2179 892 2249 μόνον,
928 2182 1051 2254 εῐσῃ
1083 2183 1181 2253 μὲν
1209 2183 1373 2239 πλέον
1410 2183 1587 2249 οὐδὲν,
1618 2182 1876 2251 ναυάγιον

289 2268 351 2322 δὲ
374 2268 583 2340 ἐργάσῃ
615 2270 828 2342 σεαυτῷ
852 2270 1108 2341 χαλεπόν.
1135 2273 1271 2329 Οὐδὲ
1292 2273 1401 2346 γάρ
1420 2274 1623 2346 δυνήσῃ
1643 2273 1772 2337 τοὺς
1791 2272 1878 2326 λό-

291 2378 427 2430 γους
451 2361 697 2425 ἆπαντας
724 2361 958 2416 ἑκάστου
980 2362 1088 2417 τῶν
1112 2365 1493 2437 γεγενημένων
1514 2365 1716 2436 εὑρεῖν,
1741 2361 1878 2417 ἀλλά

293 2452 395 2505 καὶ
420 2453 529 2507 τῶν
558 2455 862 2509 δοκούντων
889 2449 1030 2510 εῐναί
1063 2472 1146 2509 σοι
1177 2454 1273 2510 νῦν
1294 2455 1473 2509 καλῶν
1495 2454 1666 2509 πολλά
1693 2455 1883 2510 διαϐα-

295 2544 432 2611 λεῖς,
458 2545 553 2599 δάν
581 2544 860 2617 ἀγνώμονι
887 2545 1228 2618 κεχρημένος
1252 2543 1321 2620 ἧς
1360 2550 1429 2620 τῇ
1460 2545 1677 2619 γνώμῃ.
1720 2545 1881 2601 Οῦτω

295 2637 411 2711 γάρ
433 2638 668 2710 ἀσθενὴς
693 2638 803 2695 τῶν
831 2639 1135 2711 ἀνθρώπων
1159 2642 1189 2695 6
1219 2640 1499 2712 λογισμὸς,
1530 2639 1607 2704 ώς
1633 2642 1712 2704 είς
1736 2643 1885 2693 ἐναν-

294 2733 393 2787 τία
440 2731 807 2804 περιαχθῆναι
840 2730 1136 2797 πολλάκις,
1180 2732 1275 2786 καὶ
1318 2734 1383 2786 ὲκ
1412 2731 1709 2804 διαμέτρου
1743 2731 1885 2785 κατὰ

294 2825 547 2896 ἀλλήλων
589 2826 781 2897 στῆναι
830 2824 1059 2889 πολλοὺς
1108 2826 1166 2878 ἐν
1216 2826 1284 2896 τῇ
1330 2825 1459 2897 περὶ
1504 2824 1607 2896 τῆς
1660 2822 1889 2887 κτίσεως

295 2916 488 2986 ψήφφο
526 2915 796 2987 Ἑλλήνων
840 2916 938 2988 μὲν
974 2915 1085 2988 γὰρ
1134 2916 1320 2979 παῖδες
1350 2916 1491 2988 ὑπὲρ
1522 2916 1585 2970 τὸ
1625 2915 1744 2971 δέον
1792 2917 1892 2970 αὐ-

298 3008 403 3079 τὴν
433 3008 842 3079 θαυμάσαντες,
878 3008 942 3062 τὸ
988 3009 1184 3080 μέτρον
1220 3007 1739 3081 ὑπερεκϐάντεςοκαὶ
1767 3007 1892 3064 θεὸν

300 3095 446 3153 εἶναι
470 3100 638 3171 αὐτὴν
672 3100 961 3171 ἐνόμισανο
992 3101 1283 3171 Μανιχαῖοι
1311 3099 1368 3153 δὲ
1405 3100 1497 3153 καί
1519 3099 1696 3172 ἕτεροι
1728 3099 1892 3154 πάλιν

301 3192 592 3262 αἱρετικοὶ,
618 3192 669 3244 οἱ
708 3191 808 3263 μὲν
834 3191 936 3245 οὑκ
963 3191 1169 3262 ἀγαθοῦ
1208 3190 1331 3245 θεοῦ
1364 3191 1523 3264 ἔργον
1552 3191 1762 3262 ἔφησαν
1794 3192 1892 3245 αὑ-

301 3284 408 3353 τὴν
443 3278 615 3335 εἶναι’
644 3284 694 3336 οί
726 3283 783 3336 δὲ
820 3282 878 3336 ἓν
907 3282 1078 3354 αὑτῆς
1108 3283 1473 3354 ἀποτεμόντες
1514 3282 1702 3354 μέρος,
1736 3281 1895 3335 αύτο-

311 3374 471 3446 μάτῳ
495 3376 600 3428 τινὶ
624 3374 998 3447 προσέρριψαν
1028 3374 1148 3446 ὖλῃ,
1174 3375 1266 3428 καὶ
1292 3373 1516 3440 ἀναξίαν
1546 3373 1768 3446 ἔκριναν
1793 3373 1896 3444 τῆς

306 3465 403 3519 τοῦ
450 3464 589 3518 Θεοῦ
631 3465 994 3538 δημιουργίας
1045 3460 1205 3520 εἶναι.
1254 3463 1462 3531 Οὕτως,
1505 3464 1694 3535 ὥσπερ
1726 3462 1895 3534 ἔφθην

307 3554 507 3621 εἰπὼν,
534 3554 591 3608 εί
613 3573 699 3619 τις
731 3555 1011 3626 λογισμοῖς
1044 3556 1139 3608 καὶ
1173 3554 1446 3626 ἀγνώμονι
1474 3556 1734 3626 χρήσαιτο
1758 3553 1899 3624 γνώ-

314 3665 415 3719 μῃ,
442 3647 539 3701 καὶ
568 3646 679 3700 τῶν
704 3649 1001 3702 δοκούντων
1037 3643 1175 3701 εἶναι
1206 3645 1387 3700 καλῶν
1422 3645 1595 3699 πολλά
1629 3646 1893 3702 διαϐαλεῖ.

312 3741 380 3792 Τί
407 3740 520 3811 γάρ
549 3757 631 3793 σοι
656 3740 984 3813 ώραιότερον
1012 3740 1161 3812 ἡλίου
1193 3734 1333 3794 εἶναι
1362 3739 1542 3805 δοκεῖ;
1582 3738 1720 3793 ’Δλλ’
1749 3740 1899 3811 ὅμως

311 3831 477 3887 τοῦτο
501 3832 567 3885 τὸ
596 3833 820 3905 φαιδρὸν
850 3833 1051 3906 ἄστρον
1097 3832 1190 3886 καὶ
1238 3830 1412 3900 γλυκὺ
1458 3831 1554 3885 καὶ¹
1584 3830 1900 3903 ὀφθαλμοὺς

313 3924 642 3995 λυμαίνεται
678 3924 1059 3989 ἀσθενοῦντας,
1100 3925 1195 3979 καλ⁵
1236 3924 1340 3995 γῆν
1373 3924 1660 3978 κατακαίει
1705 3925 1902 3997 θερμο-

312 4013 486 4085 τέρας
515 4014 680 4084 ἀφεὶς
707 4013 806 4077 τάς
848 4014 1097 4077 ἀκτῖνας,
1131 4014 1225 4068 καὶ
1254 4013 1525 4084 πυρετοὺς
1555 4012 1761 4078 τίκτει,
1808 4014 1903 4068 καὶ

317 4104 534 4177 καρπὸν
557 4104 817 4170 πολλάκις
832 4103 1031 4176 κατεξὴ
1040 4121 1167 4176 ρανε
1183 4104 1278 4158 καὶ
1293 4101 1446 4175 [475]
1463 4103 1718 4175 ἐποίησεν
1733 4104 1876 4177 ἄκρη
1890 4135 1905 4146 ·

320 4214 471 4262 στον,
511 4196 607 4250 καὶ
633 4196 826 4268 δένδρα
867 4197 1091 4269 ἄκαρπα
1133 4196 1446 4267 εἰργάσατο,
1478 4196 1572 4249 καὶ
1609 4195 1774 4268 μέρος
1805 4197 1905 4267 τῆς

318 4287 649 4359 οἰκουμένης
675 4288 929 4360 ἀοίκητον
957 4287 1288 4359 κατέστησεν
1330 4288 1483 4359 ἡμῖν.
1528 4288 1593 4340 Τί
1635 4283 1750 4353 οὖν,
1781 4288 1906 4343 εἰπέ

323 4397 449 4452 pos;
479 4379 842 4451 διαϐαλοῦμεν
865 4379 957 4433 τὸν
978 4379 1127 4451 ἡλιον
1152 4377 1242 4433 διὰ
1275 4377 1469 4445 τοῦτο;
1496 4379 1708 4448 Ἄπαγε
1730 4396 1743 4409 ·
1770 4379 1908 4433 ἀλλά

320 4470 455 4534 τοὺς
485 4469 781 4541 λογισμοὺς
824 4470 1120 4540 ἡσυχάζειν
1169 4468 1400 4538 ἀφέντες
1435 4469 1527 4522 καὶ
1572 4468 1664 4522 τὸν
1702 4468 1908 4525 τούτων

325 4560 581 4633 θόρυϐον,
607 4559 1002 4632 ὲπιληψώμεθα
1036 4560 1136 4633 τῆς
1164 4560 1370 4632 πέτρας
1408 4560 1645 4631 ἐκείνης,
1678 4562 1775 4616 καὶ
1811 4562 1910 4633 τῆς

298 4655 545 4725 ,ρήσεως
576 4654 676 4725 τῆς
704 4653 989 4725 λεγούσης,
1014 4653 1125 4709 Καὶ
1151 4649 1311 4708 εἶδεν
1332 4656 1365 4708 ὀ
1400 4652 1543 4720 Θεὸς
1569 4653 1767 4709 πάντα
1794 4654 1912 4709 ὅσα

329 4743 606 4812 ἐποίησε,
657 4743 757 4797 καὶ
791 4743 920 4798 ίὸοὺ
954 4744 1111 4797 καλὰ
1144 4744 1316 4798 λίαν-ο
1351 4743 1478 4796 ἐπεὶ
1530 4745 1625 4797 καὶ
1672 4744 1831 4807 αύτά,
1875 4745 1912 4799 ἃ

331 4834 808 4906 ἀπηριθμησάμην
853 4834 969 4899 νῦν,
1008 4833 1151 4889 καλά
1182 4834 1303 4889 λίαν
1337 4835 1434 4888 καὶ
1476 4835 1705 4906 χρηστά.
1749 4836 1910 4902 Ἀλλ’,

334 4931 476 5002 ὅπερ
519 4928 829 5000 ἔμπροσθεν
852 4924 1023 4992 εἷπον,
1055 4926 1149 4981 ἐπὶ
1183 4926 1281 4998 τὴν
1320 4928 1478 4998 ῥῆσιν
1513 4927 1727 4997 εκείνην
1748 4928 1914 4982 ἐπαν-

338 5022 477 5075 ιέναι
520 5020 628 5094 χρὴ
664 5019 956 5082 διαπαντὸς
1002 5018 1099 5073 καὶ
1152 5018 1355 5087 λέγειν,
1411 5017 1541 5071 Ἰδοὺ
1581 5018 1779 5083 πάντα,
1816 5019 1916 5073 ὅσα

334 5113 593 5186 ἐποίησεν
617 5115 648 5167 6
680 5111 848 5176 Θεὸς,
897 5110 1041 5166 καλά
1084 5110 1223 5165 λίαν.
1265 5109 1425 5163 Ἀλλά
1456 5110 1517 5163 τὸ
1558 5112 1789 5181 τρυφᾷν.
1822 5112 1918 5165 καὶ

339 5204 526 5273 γελᾷν,
556 5204 654 5257 καὶ
680 5203 739 5256 ὲν
767 5200 928 5273 ἡδονῇ
970 5196 1131 5265 εἶναι,
1161 5198 1360 5266 καλόν;
1397 5199 1604 5254 Οὐκοῦν
1632 5199 1796 5253 ἄκουε
1830 5202 1919 5254 Σο-

337 5291 634 5362 λομῶντος,
674 5289 769 5345 τοῦ
803 5292 912 5345 πᾶν
938 5286 1082 5354 εἶδος
1115 5288 1328 5362 τρυφῆς
1358 5288 1694 5355 ἐπελθόντος,
1735 5290 1920 5360 λέγον⁹

342 5401 463 5448 τος,
500 5382 743 5452 Ἀγαθὸν
783 5383 1147 5461 πορερθῆναι
1195 5385 1284 5446 εὶς
1335 5382 1503 5434 οἷκον
1551 5382 1830 5448 πένθους,
1878 5383 1917 5451 ἢ

344 5470 712 5541 ,πορευθῆναι
756 5474 842 5540 είς
872 5468 1039 5526 οἷκον
1079 5472 1288 5525 πότου.
1353 5468 1527 5529 Ἀλλά
1568 5468 1666 5534 νὶξ
1717 5470 1920 5539 φαῦλον

348 5562 572 5634 (δείγάρ
601 5562 665 5615 ἐκ
695 5560 804 5614 τῶν
836 5562 1089 5616 ἐναντίων
1111 5559 1591 5632 μεταχειρίσασθαι
1613 5559 1702 5613 τὸν
1719 5560 1918 5630 λόγον);

362 5655 518 5709 Ἀλλὰ
551 5657 645 5709 καί
674 5654 812 5725 αὓτη
834 5654 1021 5707 Ατόνων
1061 5653 1387 5718 ἀνάπαυσις,
1420 5652 1714 5725 φροντίδων
1747 5653 1921 5707 ἀπα).-

684 5766 953 5828 ΡΑτβοι..
995 5765 1107 5820 (lu.
1158 5763 1283 5823 UL

1091 229 1183 283 Al)
1223 231 1353 288 EOS
1391 232 1509 301 QUI
1544 234 2045 292 SCANDAL-IZATI
2084 237 2284 295 SUNT.
2328 239 2453 294 LIB.
2500 240 2705 299 UNUS.

3433 250 3542 308 488

1957 351 2119 423 λαγὴ,
2171 356 2493 426 νοσημάτων
2547 355 2889 428 παραμυθία,
2927 356 3105 427 φόϐων
3156 360 3251 414 καὶ
3284 363 3544 420 κινδύνων

1957 447 2020 500 οὑ
2072 449 2242 521 μικρά
2275 449 2563 521 ἀναψυχή·
2611 452 2803 522 νεαρὸν
2847 455 2992 506 ποιεί
3025 454 3085 508 τὸ
3133 455 3314 527 σῶμα,
3358 457 3544 529 ἀκμά-

1960 545 2161 609 ζουσαν
2197 546 2298 618 τὴν
2341 538 2603 613 διάνοιαν,
2649 550 2919 603 ἀναπαύει
2948 550 3047 621 τὴν
3094 550 3272 623 σάρκα
3307 570 3546 625 πεπονη-

1960 644 2139 697 κυῖαν.
2178 643 2338 697 Ἀλλά
2360 644 2513 709 νόσος
2542 646 2707 699 κακόν
2726 664 2740 713 ;
2767 647 2937 700 Πόθεν
2959 641 3052 701 οῦν
3077 650 3106 701 6
3125 649 3377 723 Λάζαρος
3398 653 3548 706 ἐστε-

1961 740 2220 811 φανώθη;
2266 740 2426 795 Ἀλλά
2468 743 2662 809 πενία;
2695 744 2805 797 Καὶ
2840 743 3004 798 πόθεν
3038 745 3068 797 6
3102 744 3225 799 ἰὼϐ
3258 748 3547 819 εὐδοκίμη-

1960 854 2091 903 σεν;
2133 836 2297 891 Ἀλλά
2343 837 2551 907 θλίψεις
2601 838 2895 911 ἐπάλληλοι
2945 840 3041 893 καὶ
3096 844 3382 912 συνεχεῖς;
3436 845 3546 897 Καὶ

1961 933 2126 987 πόθεν
2154 935 2202 986 οί
2236 933 2526 987 ἀπόστολοι
2572 934 3054 1006 ἀνεκηρύχθησαν;
3100 938 3230 991 ποία
3260 938 3317 992 δὲ
3357 937 3474 1001 ὁδός
3505 942 3539 1009 ἡ

1962 1025 2041 1089 είς
2068 1025 2168 1095 τὴν
2208 1022 2355 1096 ζωὴν
2384 1025 2621 1095 ἀγούσας
2651 1028 2750 1098 οὑχ
2777 1030 2810 1097 ἡ
2853 1028 3017 1098 στενὴ
3048 1029 3141 1083 καὶ
3168 1028 3542 1100 τεθλιμμένη;

1959 1118 2048 1192 Μὴ
2082 1120 2259 1174 τοίνυν
2301 1121 2448 1189 λέγε,
2494 1121 2593 1176 Διά
2639 1121 2691 1175 τί
2726 1122 2923 1189 τοῦτο;
2964 1126 3045 1187 εἰς
3077 1125 3130 1177 τί
3177 1124 3363 1191 τοῦτο;
3409 1121 3547 1178 ἀλλὰ

1961 1215 2056 1268 καὶ
2082 1215 2176 1269 ἐπὶ
2217 1215 2325 1269 τῶν
2350 1218 2671 1288 οἰκονομιῶν
2696 1219 2791 1272 καὶ
2830 1219 2922 1272 ἐπὶ
2960 1218 3069 1272 τῶν
3097 1219 3410 1289 κτισμάτων
3448 1216 3544 1273 τοῦ

1961 1310 2120 1376 Θεοῦ,
2162 1312 2229 1383 ῆν
2267 1312 2497 1383 παρέχει
2531 1312 2690 1384 σιγὴν
2719 1315 2748 1367 6
2785 1313 2953 1384 πηλὸς
2995 1313 3075 1385 τῷ
3115 1316 3381 1385 κεραμεῖ,
3424 1312 3549 1367 ταύ-

1962 1425 2062 1479 την
2096 1410 2190 1463 καὶ
2245 1409 2407 1473 αὐτὸς
2448 1409 2529 1479 τῷ
2574 1411 2860 1479 ποιήσαντί
2910 1427 2969 1464 σε
3014 1410 3133 1481 Θεῷ
3185 1412 3414 1482 πάρεχε,
3450 1412 3546 1464 ἄν·

1965 1506 2174 1578 θρωπε.

2036 1688 2178 1757 Κεφ.
2207 1695 2266 1742 ε’.
2298 1688 2363 1742 Τί
2384 1684 2508 1753 οὗν;
2535 1691 2727 1761 φησίνο
2750 1690 2811 1744 οὑ
2844 1690 3023 1763 βούλει
3055 1709 3122 1762 με
3146 1691 3344 1745 εἰδέναι
3368 1690 3551 1761 σαφῶς

1966 1785 2062 1851 καὶ
2079 1784 2357 1838 πιστεύειν
2377 1786 2458 1839 ὅτι
2476 1790 2693 1856 προνοεῖ
2710 1787 2926 1841 πάντων
2942 1790 2970 1842 6
2986 1787 3119 1851 Θεός
3139 1804 3153 1853 ;
3168 1788 3277 1840 Καὶ
3297 1787 3440 1857 μάλα
3457 1787 3553 1841 καὶ

1969 1879 2230 1952 βούλομαι
2256 1882 2351 1934 καὶ
2383 1881 2635 1952 εὔχομαι,
2664 1883 2758 1935 καὶ
2791 1882 3045 1953 ἐπιθυμῶ
3076 1883 3313 1954 σφόδρα·
3345 1883 3405 1935 ού
3443 1883 3551 1953 μὴν

1968 1974 2429 2047 περιεργάζεσθαι
2454 1976 2555 2047 τὴν
2589 1977 2865 2048 πρόνοιαν,
2892 1978 3013 2031 οὑδὲ
3050 1978 3547 2048 πολυπραγμονεῖν.

1968 2075 2034 2127 Ei
2076 2072 2176 2145 μὲν
2217 2074 2325 2145 γάρ
2356 2068 2512 2127 οἶσθα
2544 2073 2640 2127 καὶ
2679 2073 2949 2138 πέπεικας
2980 2074 3225 2139 σεαυτὸν,
3260 2076 3334 2147 μὴ
3365 2075 3547 2145 ζήτει·

1971 2171 2020 2223 εί
2047 2170 2105 2223 δὲ
2148 2168 2528 2241 ἀμφιϐάλλεις,
2570 2168 2849 2242 ἐρώτησον
2885 2170 2986 2241 τὴν
3017 2171 3139 2240 γῆν,
3181 2171 3271 2223 τὸν
3303 2169 3553 2241 οὐρανὸν,

1972 2265 2063 2319 τὸν
2102 2266 2274 2337 ῆλιον,
2312 2266 2412 2336 τὴν
2459 2265 2712 2337 σελήνην,
2760 2264 3035 2336 ἐρώτησον
3067 2265 3138 2320 τά
3177 2265 3397 2320 ποικίλα
3444 2265 3556 2317 τῶν

1974 2360 2183 2431 ἀλόγων
2219 2361 2373 2431 γένη,
2418 2359 2488 2414 τά
2517 2360 2827 2432 σπέρματα,
2853 2361 2922 2416 τὰ
2954 2360 3118 2431 φυτά,
3148 2363 3277 2426 τοὺς
3307 2361 3557 2431 ἀφώνους

1979 2457 2188 2530 ίχθύας,
2207 2456 2307 2522 τάς
2329 2458 2555 2530 πέτρας,
2572 2457 2641 2512 τὰ
2666 2457 2788 2531 δρη,
2814 2458 2914 2522 τὰς
2942 2458 3138 2523 νάπας,
3158 2459 3286 2522 τοὺς
3313 2456 3557 2528 βουνοὺς.

1978 2554 2077 2625 τὴν
2101 2553 2294 2618 νύκτα,
2312 2553 2413 2626 τὴν
2424 2554 2658 2626 ἡμέραν.
2686 2553 2793 2607 Τοῦ
2823 2553 2931 2627 γάρ
2949 2553 3099 2625 ἡλίου
3122 2554 3217 2606 καὶ
3236 2553 3333 2623 τῆς
3343 2552 3561 2614 ἀκτῖνος

1981 2651 2152 2722 αὑτῆς
2197 2650 2549 2721 φανερωτέρα
2591 2652 2625 2722 ἡ
2674 2649 2770 2704 τοῦ
2808 2649 2944 2704 Θεοῦ
2984 2649 3241 2723 πρόνοια,
3292 2649 3388 2703 καὶ
3436 2647 3559 2701 καθ’

1980 2747 2208 2802 ἕκαστον
2245 2746 2454 2818 καιρὸν,
2483 2745 2579 2800 καὶ
2608 2745 2729 2801 καθ’
2752 2746 2982 2801 ῑκαοτον
3007 2746 3194 2811 τόπον,
3222 2745 3316 2799 καὶ
3343 2745 3402 2798 έν
3432 2746 3562 2815 ἐρη-

1987 2843 2105 2916 μίᾳ,
2146 2843 2241 2896 καὶ
2272 2844 2332 2896 ὲν
2359 2841 2675 2915 οἰκουμένῃ,
2713 2842 2810 2897 καὶ
2840 2844 2899 2897 ὲν
2929 2843 3193 2914 ἀοικήτῳ,
3244 2841 3339 2896 καὶ
3370 2843 3428 2895 ὲν
3463 2843 3558 2912 γῇ,

1985 2939 2080 2994 καὶ
2108 2941 2166 2993 ὲν
2190 2937 2454 3019 θαλάσσῃ,
2486 2939 2579 2993 καὶ
2609 2940 2853 3015 ὅπουπερ
2882 2939 2949 2994 ἂν
2982 2938 3562 3010 ἀφίκῃ,ὑπομνήματα

1984 3035 2105 3107 δψει
2140 3026 2527 3109 τῆςπρονοίας
2556 3036 2759 3107 ταύτης
2784 3036 2931 3107 σαφῆ
2963 3036 3059 3090 καὶ
3087 3036 3305 3109 διαρκῆ,
3334 3036 3428 3090 καὶ
3460 3051 3566 3090 πα-

1985 3131 2114 3186 λαιά
2146 3132 2241 3188 καὶ
2277 3132 2400 3200 νέα,
2446 3133 2541 3187 καὶ
2572 3132 2755 3201 φωνάς
2786 3133 2886 3203 τῆς
2926 3133 3112 3205 φωνῆς
3156 3132 3312 3204 ἡμῶν
3359 3132 3566 3202 ταύτης

1986 3230 2085 3297 τῆς
2111 3229 2333 3301 λογικῆς
2366 3229 2695 3302 τρανοτέρας
2723 3229 3061 3300 πανταχόθεν
3107 3228 3440 3301 φερομένας,
3471 3227 3568 3282 καὶ

1987 3325 2080 3380 τὸν
2112 3325 2432 3397 βουλόμενον
2473 3324 2694 3379 ἀκούειν
2741 3324 3099 3389 παιδευούσας
3133 3324 3300 3379 αὑτοῦ
3332 3324 3431 3396 τὴν
3462 3339 3568 3394 κη-

1988 3421 2262 3492 δεμονίαν.
2289 3420 2391 3475 Διά
2414 3412 2576 3475 τοῦτο
2601 3421 2694 3475 καὶ
2719 3420 2749 3472 ό
2775 3422 3063 3493 προφήτης
3091 3420 3200 3474 τῶν
3236 3420 3426 3492 φωνῶν
3452 3418 3569 3473 τού⁴

1989 3535 2098 3571 των
2122 3517 2187 3571 τὸ
2229 3516 2505 3589 ἐξαίρετον
2531 3516 2706 3588 δηλῶν
2742 3516 2952 3587 ἔλεγεν·
3002 3519 3125 3572 Οὐκ
3157 3518 3278 3572 sla!
3329 3516 3568 3578 .laJtal.

1992 3614 2136 3669 οὐδὲ
2159 3615 2350 3683 λόγοι,
2379 3606 2468 3667 ὧν
2496 3613 2631 3682 οὐχί
2670 3614 2994 3669 ἀκούονται
3030 3616 3093 3668 αι
3123 3612 3314 3683 φωναὶ
3350 3610 3566 3665 αὐτῶν.

2005 3713 2070 3767 Ἦ
2103 3712 2202 3785 μὲν
2237 3710 2346 3783 γὰρ
2376 3711 2621 3782 ἡμετέρα
2645 3714 2758 3776 τοῖς
2791 3711 3095 3783 όμοφώνοις
3138 3711 3256 3765 ἐστὶ
3296 3708 3572 3781 γνώριμος

1998 3809 2178 3882 μόνον,
2202 3805 2624 3879 ἑτερογλώσσοις
2653 3806 2710 3860 δὲ
2730 3807 2914 3861 οὑκέτι
2929 3822 2943 3835 ·
2972 3808 3007 3879 ἡ
3031 3806 3088 3860 δὲ
3110 3804 3199 3859 διά
3225 3805 3324 3876 τῆς
3343 3803 3574 3868 κτίσεως

1996 3908 2148 3980 φωνὴ
2174 3910 2309 3963 πᾶσι
2330 3909 2440 3971 τοῖς
2463 3906 2639 3963 έθνεσι
2666 3909 2777 3971 τοῖς
2798 3905 2939 3960 κατά
2961 3906 3059 3976 τὴν
3081 3902 3405 3977 οἰκουμένην
3424 3902 3574 3958 ἐστὶν

1996 4008 2259 4078 ἀκουστή.

2071 4196 2212 4264 Κεφ.
2244 4200 2319 4259 ς’.
2342 4193 2469 4258 Τοῖς
2489 4194 2587 4265 μὲν
2604 4186 2698 4247 οὖν
2712 4190 3051 4263 εὖγνώμοσιν
3067 4192 3227 4263 ἀρκεῖ
3249 4190 3344 4244 καὶ
3358 4189 3467 4261 πρὸ
3479 4190 3581 4261 τῆς

2000 4292 2090 4347 διὰ
2116 4291 2223 4346 τῶν
2248 4291 2425 4364 έργων
2448 4290 2773 4356 ἀποδείξεως
2796 4291 2830 4361 ἡ
2858 4288 3131 4359 ἀπόφασις
3160 4287 3297 4360 αὑτὴ
3327 4286 3461 4359 μόνη
3483 4286 3580 4340 τοῦ

2002 4388 2161 4456 Θεοῦ,
2189 4387 2311 4459 ούχὶ
2355 4388 2456 4460 τὴν
2507 4388 2764 4460 πρόνοιαν
2796 4385 2960 4440 αὑτοῦ
3009 4385 3181 4452 δεῖξαι
3226 4383 3404 4455 μόνον,
3444 4382 3583 4436 ἀλλά

2005 4486 2102 4541 καὶ
2132 4485 2225 4539 τὸν
2286 4484 2518 4557 σφοδρὸν
2572 4482 2753 4555 ἔρωτα
2809 4483 2901 4537 τὸν
2951 4482 3081 4554 περὶ
3132 4481 3298 4552 ἡμᾶς.
3351 4479 3426 4532 Ού
3472 4478 3584 4548 γάρ

2005 4582 2193 4647 ἁπλῶς
2214 4579 2534 4655 [Πηὴμῶν
2558 4580 2792 4649 προνοεῖ,
2813 4576 2950 4632 ἀλλά
2968 4579 3060 4632 καὶ
3080 4576 3241 4648 ἐρῶν,
3257 4576 3351 4629 καὶ⁸
3380 4573 3587 4644 σφόδρα

2008 4679 2150 4751 ὲρῶν
2176 4678 2358 4751 ἔρωτά
2381 4692 2504 4730 τινα
2535 4676 2836 4746 ἀμήχανον.
2873 4673 3051 4744 ἔρωτα
3086 4672 3269 4742 ἀπαθῆ
3299 4669 3420 4742 μὲν,
3456 4668 3584 4739 θερ-

2014 4776 2245 4847 μότατον
2274 4773 2331 4826 δὲ
2359 4773 2454 4827 καὶ
2503 4770 2887 4832 εύτονώτατον,
2929 4769 3021 4822 καὶ
3066 4769 3288 4839 γνήσιον
3332 4766 3425 4819 καὶ
3450 4766 3590 4820 ἀκα-

2010 4872 2270 4938 τάλυτον,
2304 4869 2401 4923 καὶ
2444 4865 2739 4937 σϐεσθῆναι
2788 4864 2862 4936 μὴ
2911 4863 3224 4933 δυνάμενον.
3271 4862 3382 4916 Καὶ
3429 4862 3591 4917 τοῦτο

2017 4969 2359 5039 παραστῆναι
2388 4964 2683 5037 βουλομένη
2714 4965 2749 5033 ἡ
2798 4963 2918 5015 θεία
2953 4960 3168 5033 Γραφὴ,
3209 4961 3448 5032 παράγει
3490 4960 3591 5032 μὲν

2012 5067 2225 5130 εἰκόνας
2270 5063 2370 5127 τάς
2420 5065 2477 5117 ὲν
2514 5060 2844 5133 ἀνθρώποις,
2891 5058 3133 5131 παράγει
3178 5056 3236 5110 δὲ
3294 5057 3593 5112 καὶπολλὰ

2014 5162 2216 5234 ἔρωτος
2253 5158 2623 5229 ὑποδείγματα
2670 5157 2764 5211 καὶ¹
2810 5154 3064 5228 προνοίας
3116 5153 3210 5208 καὶ
3245 5154 3591 5225 κηδεμονίας.

2016 5263 2093 5316 Οὑ
2129 5260 2233 5332 μὴν
2276 5258 2439 5329 μέχρι
2467 5255 2672 5309 τούτων
2709 5256 2859 5328 ἡμᾶς
2892 5254 3051 5327 μόνον
3080 5252 3328 5324 βούλεται
3351 5253 3594 5317 ἑστάναι.

2016 5356 2152 5412 ἀλλά
2172 5356 2266 5409 καὶ
2287 5353 2635 5423 ὑπερϐαίνειν
2658 5351 2727 5405 τά
2764 5349 3185 5423 παραδείγματα
3216 5348 3295 5421 τῷ
3325 5347 3592 5421 λογισμῷ.

2018 5456 2155 5509 Οὐδὲ
2199 5454 2307 5525 γάρ
2336 5434 2722 5523 ὡς’ἀρκοῦντα
2772 5449 2942 5514 δεῖξαι
2996 5448 3057 5502 τὸ
3097 5448 3320 5520 φίλτρον
3357 5447 3598 5518 παράγει

2020 5554 2213 5617 ταῦτα,
2235 5550 2348 5604 ἀλλ’
2366 5550 2439 5613 ὡς
2462 5546 2714 5618 γνώριμα
2734 5534 2845 5611 τοῖς
2870 5545 3148 5611 ἀκούουσι,
3180 5546 3273 5599 καὶ
3295 5542 3402 5597 τῶν
3422 5542 3598 5597 ἄλλων

2026 5653 2225 5728 μᾶλλον
2262 5649 2536 5719 δυνάμενα
2590 5645 2759 5709 ὀξῖξαι
2788 5643 2961 5698 τοῦτο.
2996 5638 3120 5697 Οἷὸν
3153 5661 3203 5697 τι
3242 5642 3405 5708 λέγω·
3455 5636 3603 5707 Πρός

3265 5750 3303 5805 Ἰ
