  <div class='ocr_page' id='page_1' title='image "/cluster/home/n/w/nwhite01/storage/ocr_20150623/52/hvd.32044073501918/111.png"; bbox 0 0 4030 6206; ppageno 0'>
   <div class='ocr_carea' id='block_1_1' title="bbox 496 249 602 307">
    <p class='ocr_par' dir='ltr' id='par_1_1' title="bbox 496 249 602 307">
     <span class='ocr_line' id='line_1_1' title="bbox 496 249 602 307; baseline 0 0"><span class='ocrx_word' id='word_1_1' title='bbox 496 249 602 307; x_wconf 59' lang='lat'>539</span> 
     </span>
    </p>
   </div>
   <div class='ocr_carea' id='block_1_2' title="bbox 497 365 2077 438">
    <p class='ocr_par' dir='ltr' id='par_1_2' title="bbox 497 365 2077 438">
     <span class='ocr_line' id='line_1_2' title="bbox 497 365 2077 438; baseline 0.001 -20"><span class='ocrx_word' id='word_1_2' title='bbox 497 383 650 430; x_wconf 88' lang='grc' dir='ltr'>τινας</span> <span class='ocrx_word' id='word_1_3' title='bbox 672 365 1029 438; x_wconf 77' lang='grc' dir='ltr'>ὀδυρομένους</span> <span class='ocrx_word' id='word_1_4' title='bbox 1062 366 1158 421; x_wconf 71' lang='grc' dir='ltr'>καὶ</span> <span class='ocrx_word' id='word_1_5' title='bbox 1207 367 1537 431; x_wconf 88' lang='grc' dir='ltr'>πενθοῦντάς</span> <span class='ocrx_word' id='word_1_6' title='bbox 1567 384 1696 421; x_wconf 86' lang='grc' dir='ltr'>ποτε</span> <span class='ocrx_word' id='word_1_7' title='bbox 1744 367 1842 421; x_wconf 78' lang='grc' dir='ltr'>καὶ</span> <span class='ocrx_word' id='word_1_8' title='bbox 1890 366 2077 436; x_wconf 83' lang='grc' dir='ltr'>λέγον-</span> 
     </span>
    </p>
   </div>
   <div class='ocr_carea' id='block_1_3' title="bbox 496 448 2081 524">
    <p class='ocr_par' dir='ltr' id='par_1_3' title="bbox 496 448 2081 524">
     <span class='ocr_line' id='line_1_3' title="bbox 496 448 2081 524; baseline 0.003 -18"><span class='ocrx_word' id='word_1_9' title='bbox 496 470 616 518; x_wconf 87' lang='grc' dir='ltr'>τας,</span> <span class='ocrx_word' id='word_1_10' title='bbox 655 448 1034 524; x_wconf 78' lang='grc' dir='ltr'>Ἐγκατέλιπέ</span> <span class='ocrx_word' id='word_1_11' title='bbox 1073 470 1152 523; x_wconf 83' lang='grc' dir='ltr'>με</span> <span class='ocrx_word' id='word_1_12' title='bbox 1193 455 1431 522; x_wconf 86' lang='grc' dir='ltr'>Κύριος,</span> <span class='ocrx_word' id='word_1_13' title='bbox 1460 454 1561 508; x_wconf 80' lang='grc' dir='ltr'>καὶ</span> <span class='ocrx_word' id='word_1_14' title='bbox 1607 454 1936 509; x_wconf 79' lang='grc' dir='ltr'>ἐπελάϐετό</span> <span class='ocrx_word' id='word_1_15' title='bbox 1962 473 2081 524; x_wconf 86' lang='grc' dir='ltr'>μου</span> 
     </span>
    </p>
   </div>
   <div class='ocr_carea' id='block_1_4' title="bbox 498 540 2085 612">
    <p class='ocr_par' dir='ltr' id='par_1_4' title="bbox 498 540 2085 612">
     <span class='ocr_line' id='line_1_4' title="bbox 498 540 2085 612; baseline 0 -17"><span class='ocrx_word' id='word_1_16' title='bbox 498 544 534 595; x_wconf 83' lang='grc' dir='ltr'>ό</span> <span class='ocrx_word' id='word_1_17' title='bbox 587 541 731 607; x_wconf 83' lang='grc' dir='ltr'>Θεὸς</span> <span class='ocrx_word' id='word_1_18' title='bbox 784 540 892 596; x_wconf 86' lang='grc' dir='ltr'>τοῦ</span> <span class='ocrx_word' id='word_1_19' title='bbox 947 540 1218 609; x_wconf 80' lang='grc' dir='ltr'>Ἰσραὴλ,</span> <span class='ocrx_word' id='word_1_20' title='bbox 1257 540 1561 608; x_wconf 86' lang='grc' dir='ltr'>τηνικαῦτα</span> <span class='ocrx_word' id='word_1_21' title='bbox 1618 542 1815 610; x_wconf 76' lang='grc' dir='ltr'>ἐπάγει</span> <span class='ocrx_word' id='word_1_22' title='bbox 1849 541 2024 612; x_wconf 87' lang='grc' dir='ltr'>λέγων</span> <span class='ocrx_word' id='word_1_23' title='bbox 2055 543 2085 595; x_wconf 99' lang='lat'>6</span> 
     </span>
    </p>
   </div>
   <div class='ocr_carea' id='block_1_5' title="bbox 501 626 2084 698">
    <p class='ocr_par' dir='ltr' id='par_1_5' title="bbox 501 626 2084 698">
     <span class='ocr_line' id='line_1_5' title="bbox 501 626 2084 698; baseline 0.003 -19"><span class='ocrx_word' id='word_1_24' title='bbox 501 628 809 698; x_wconf 74' lang='grc' dir='ltr'>προφήτηςο</span> <span class='ocrx_word' id='word_1_25' title='bbox 841 626 938 696; x_wconf 79' lang='grc' dir='ltr'>Μὴ</span> <span class='ocrx_word' id='word_1_26' title='bbox 969 627 1320 694; x_wconf 74' lang='grc' dir='ltr'>ἐπιλήσεται</span> <span class='ocrx_word' id='word_1_27' title='bbox 1352 627 1507 698; x_wconf 73' lang='grc' dir='ltr'>γυνὴ</span> <span class='ocrx_word' id='word_1_28' title='bbox 1542 628 1650 683; x_wconf 87' lang='grc' dir='ltr'>τοῦ</span> <span class='ocrx_word' id='word_1_29' title='bbox 1693 628 1937 684; x_wconf 81' lang='grc' dir='ltr'>παιδίου</span> <span class='ocrx_word' id='word_1_30' title='bbox 1974 630 2084 683; x_wconf 89' lang='grc' dir='ltr'>αὺ-</span> 
     </span>
    </p>
   </div>
   <div class='ocr_carea' id='block_1_6' title="bbox 501 714 2086 787">
    <p class='ocr_par' dir='ltr' id='par_1_6' title="bbox 501 714 2086 787">
     <span class='ocr_line' id='line_1_6' title="bbox 501 714 2086 787; baseline 0.001 -18"><span class='ocrx_word' id='word_1_31' title='bbox 501 715 633 783; x_wconf 74' lang='grc' dir='ltr'>τῆς,</span> <span class='ocrx_word' id='word_1_32' title='bbox 659 716 697 783; x_wconf 82' lang='grc' dir='ltr'>ἢ</span> <span class='ocrx_word' id='word_1_33' title='bbox 722 716 828 770; x_wconf 83' lang='grc' dir='ltr'>τοῦ</span> <span class='ocrx_word' id='word_1_34' title='bbox 849 715 1101 784; x_wconf 83' lang='grc' dir='ltr'>ἐλεῆσαι</span> <span class='ocrx_word' id='word_1_35' title='bbox 1129 717 1201 771; x_wconf 85' lang='grc' dir='ltr'>τὰ</span> <span class='ocrx_word' id='word_1_36' title='bbox 1216 715 1439 787; x_wconf 77' lang='grc' dir='ltr'>ἔκγονα</span> <span class='ocrx_word' id='word_1_37' title='bbox 1465 714 1570 785; x_wconf 81' lang='grc' dir='ltr'>τῆς</span> <span class='ocrx_word' id='word_1_38' title='bbox 1604 717 1836 787; x_wconf 76' lang='grc' dir='ltr'>κοιλίας</span> <span class='ocrx_word' id='word_1_39' title='bbox 1861 715 2086 786; x_wconf 84' lang='grc' dir='ltr'>αὺτῆς;</span> 
     </span>
    </p>
   </div>
   <div class='ocr_carea' id='block_1_7' title="bbox 501 803 2087 876">
    <p class='ocr_par' dir='ltr' id='par_1_7' title="bbox 501 803 2087 876">
     <span class='ocr_line' id='line_1_7' title="bbox 501 803 2087 876; baseline 0.001 -20"><span class='ocrx_word' id='word_1_40' title='bbox 501 803 658 857; x_wconf 86' lang='grc' dir='ltr'>τοῦτο</span> <span class='ocrx_word' id='word_1_41' title='bbox 681 803 876 873; x_wconf 86' lang='grc' dir='ltr'>λέγων,</span> <span class='ocrx_word' id='word_1_42' title='bbox 934 805 1016 858; x_wconf 83' lang='grc' dir='ltr'>ὅτι</span> <span class='ocrx_word' id='word_1_43' title='bbox 1070 804 1259 875; x_wconf 81' lang='grc' dir='ltr'>ὥσπερ</span> <span class='ocrx_word' id='word_1_44' title='bbox 1312 806 1494 876; x_wconf 84' lang='grc' dir='ltr'>ὲκείνη</span> <span class='ocrx_word' id='word_1_45' title='bbox 1521 807 1621 859; x_wconf 83' lang='grc' dir='ltr'>οὑκ</span> <span class='ocrx_word' id='word_1_46' title='bbox 1674 805 1740 859; x_wconf 81' lang='grc' dir='ltr'>ἂν</span> <span class='ocrx_word' id='word_1_47' title='bbox 1775 804 2087 859; x_wconf 78' lang='grc' dir='ltr'>ἐπιλάθοιτο</span> 
     </span>
    </p>
   </div>
   <div class='ocr_carea' id='block_1_8' title="bbox 501 891 2085 964">
    <p class='ocr_par' dir='ltr' id='par_1_8' title="bbox 501 891 2085 964">
     <span class='ocr_line' id='line_1_8' title="bbox 501 891 2085 964; baseline 0.003 -20"><span class='ocrx_word' id='word_1_48' title='bbox 501 891 610 945; x_wconf 88' lang='grc' dir='ltr'>τῶν</span> <span class='ocrx_word' id='word_1_49' title='bbox 643 892 871 947; x_wconf 88' lang='grc' dir='ltr'>παιδίων</span> <span class='ocrx_word' id='word_1_50' title='bbox 901 893 1009 948; x_wconf 89' lang='grc' dir='ltr'>τῶν</span> <span class='ocrx_word' id='word_1_51' title='bbox 1052 894 1273 961; x_wconf 81' lang='grc' dir='ltr'>ἑαυτῆς,</span> <span class='ocrx_word' id='word_1_52' title='bbox 1307 893 1482 958; x_wconf 74' lang='grc' dir='ltr'>οὕτως</span> <span class='ocrx_word' id='word_1_53' title='bbox 1501 895 1622 948; x_wconf 83' lang='grc' dir='ltr'>οὐδὲ</span> <span class='ocrx_word' id='word_1_54' title='bbox 1647 896 1676 947; x_wconf 89' lang='lat'>6</span> <span class='ocrx_word' id='word_1_55' title='bbox 1698 895 1829 958; x_wconf 81' lang='grc' dir='ltr'>Θεὸς</span> <span class='ocrx_word' id='word_1_56' title='bbox 1861 894 1954 948; x_wconf 86' lang='grc' dir='ltr'>τοῦ</span> <span class='ocrx_word' id='word_1_57' title='bbox 1989 895 2085 964; x_wconf 82' lang='grc' dir='ltr'>γέ-</span> 
     </span>
    </p>
   </div>
   <div class='ocr_carea' id='block_1_9' title="bbox 503 978 2087 1054">
    <p class='ocr_par' dir='ltr' id='par_1_9' title="bbox 503 978 2087 1054">
     <span class='ocr_line' id='line_1_9' title="bbox 503 978 2087 1054; baseline 0.002 -22"><span class='ocrx_word' id='word_1_58' title='bbox 503 997 626 1043; x_wconf 89' lang='grc' dir='ltr'>νους</span> <span class='ocrx_word' id='word_1_59' title='bbox 647 980 754 1033; x_wconf 85' lang='grc' dir='ltr'>τῶν</span> <span class='ocrx_word' id='word_1_60' title='bbox 788 979 1113 1048; x_wconf 83' lang='grc' dir='ltr'>ἀνθρώπων.</span> <span class='ocrx_word' id='word_1_61' title='bbox 1150 978 1280 1036; x_wconf 79' lang='grc' dir='ltr'>Εἶτα</span> <span class='ocrx_word' id='word_1_62' title='bbox 1328 983 1415 1036; x_wconf 79' lang='grc' dir='ltr'>ἵνα</span> <span class='ocrx_word' id='word_1_63' title='bbox 1447 981 1626 1054; x_wconf 81' lang='grc' dir='ltr'>μάθῃς</span> <span class='ocrx_word' id='word_1_64' title='bbox 1652 982 1734 1036; x_wconf 82' lang='grc' dir='ltr'>ὅτι</span> <span class='ocrx_word' id='word_1_65' title='bbox 1777 982 1874 1054; x_wconf 79' lang='grc' dir='ltr'>τὴν</span> <span class='ocrx_word' id='word_1_66' title='bbox 1903 982 2087 1036; x_wconf 86' lang='grc' dir='ltr'>είκόνα</span> 
     </span>
    </p>
   </div>
   <div class='ocr_carea' id='block_1_10' title="bbox 500 1067 2088 1141">
    <p class='ocr_par' dir='ltr' id='par_1_10' title="bbox 500 1067 2088 1141">
     <span class='ocr_line' id='line_1_10' title="bbox 500 1067 2088 1141; baseline 0.003 -22"><span class='ocrx_word' id='word_1_67' title='bbox 500 1067 705 1139; x_wconf 88' lang='grc' dir='ltr'>ταύτην</span> <span class='ocrx_word' id='word_1_68' title='bbox 738 1071 1063 1139; x_wconf 78' lang='grc' dir='ltr'>παρήγαγεν</span> <span class='ocrx_word' id='word_1_69' title='bbox 1105 1070 1134 1122; x_wconf 89' lang='lat'>6</span> <span class='ocrx_word' id='word_1_70' title='bbox 1185 1070 1493 1140; x_wconf 82' lang='grc' dir='ltr'>προφήτης,</span> <span class='ocrx_word' id='word_1_71' title='bbox 1534 1070 1655 1140; x_wconf 78' lang='grc' dir='ltr'>οὐχὶ</span> <span class='ocrx_word' id='word_1_72' title='bbox 1686 1068 1939 1123; x_wconf 88' lang='grc' dir='ltr'>τοσοῦτον</span> <span class='ocrx_word' id='word_1_73' title='bbox 1963 1070 2088 1141; x_wconf 88' lang='grc' dir='ltr'>βου-</span> 
     </span>
    </p>
   </div>
   <div class='ocr_carea' id='block_1_11' title="bbox 501 1156 2086 1230">
    <p class='ocr_par' dir='ltr' id='par_1_11' title="bbox 501 1156 2086 1230">
     <span class='ocr_line' id='line_1_11' title="bbox 501 1156 2086 1230; baseline 0.001 -20"><span class='ocrx_word' id='word_1_74' title='bbox 501 1156 727 1227; x_wconf 85' lang='grc' dir='ltr'>λόμενος</span> <span class='ocrx_word' id='word_1_75' title='bbox 752 1158 924 1226; x_wconf 79' lang='grc' dir='ltr'>δεῖξαι</span> <span class='ocrx_word' id='word_1_76' title='bbox 953 1158 1013 1212; x_wconf 82' lang='grc' dir='ltr'>τὸ</span> <span class='ocrx_word' id='word_1_77' title='bbox 1035 1158 1233 1230; x_wconf 81' lang='grc' dir='ltr'>μέτρον</span> <span class='ocrx_word' id='word_1_78' title='bbox 1259 1158 1359 1228; x_wconf 83' lang='grc' dir='ltr'>τῆς</span> <span class='ocrx_word' id='word_1_79' title='bbox 1397 1159 1617 1230; x_wconf 82' lang='grc' dir='ltr'>ἀγάπης</span> <span class='ocrx_word' id='word_1_80' title='bbox 1651 1158 1744 1212; x_wconf 89' lang='grc' dir='ltr'>τοῦ</span> <span class='ocrx_word' id='word_1_81' title='bbox 1774 1158 1937 1223; x_wconf 83' lang='grc' dir='ltr'>Θεοῦ,</span> <span class='ocrx_word' id='word_1_82' title='bbox 1987 1159 2086 1230; x_wconf 85' lang='grc' dir='ltr'>ὅση</span> 
     </span>
    </p>
   </div>
   <div class='ocr_carea' id='block_1_12' title="bbox 507 1244 2087 1318">
    <p class='ocr_par' dir='ltr' id='par_1_12' title="bbox 507 1244 2087 1318">
     <span class='ocr_line' id='line_1_12' title="bbox 507 1244 2087 1318; baseline 0.001 -21"><span class='ocrx_word' id='word_1_83' title='bbox 507 1244 712 1317; x_wconf 85' lang='grc' dir='ltr'>μητρός</span> <span class='ocrx_word' id='word_1_84' title='bbox 735 1245 850 1299; x_wconf 77' lang='grc' dir='ltr'>ἐστι</span> <span class='ocrx_word' id='word_1_85' title='bbox 881 1247 1011 1316; x_wconf 76' lang='grc' dir='ltr'>περὶ</span> <span class='ocrx_word' id='word_1_86' title='bbox 1042 1246 1111 1300; x_wconf 80' lang='grc' dir='ltr'>τὰ</span> <span class='ocrx_word' id='word_1_87' title='bbox 1143 1246 1340 1314; x_wconf 76' lang='grc' dir='ltr'>ἔκγονα</span> <span class='ocrx_word' id='word_1_88' title='bbox 1367 1247 1467 1318; x_wconf 78' lang='grc' dir='ltr'>τῆς</span> <span class='ocrx_word' id='word_1_89' title='bbox 1503 1246 1714 1309; x_wconf 81' lang='grc' dir='ltr'><em>κοιλίας</em></span> <span class='ocrx_word' id='word_1_90' title='bbox 1757 1246 1950 1316; x_wconf 84' lang='grc' dir='ltr'>αὑτῆς,</span> <span class='ocrx_word' id='word_1_91' title='bbox 1974 1245 2087 1300; x_wconf 87' lang='grc' dir='ltr'>ἀλλ’</span> 
     </span>
    </p>
   </div>
   <div class='ocr_carea' id='block_1_13' title="bbox 502 1333 2088 1406">
    <p class='ocr_par' dir='ltr' id='par_1_13' title="bbox 502 1333 2088 1406">
     <span class='ocr_line' id='line_1_13' title="bbox 502 1333 2088 1406; baseline 0.001 -19"><span class='ocrx_word' id='word_1_92' title='bbox 502 1334 691 1405; x_wconf 71' lang='grc' dir='ltr'>ἐπειδὴ</span> <span class='ocrx_word' id='word_1_93' title='bbox 728 1333 888 1388; x_wconf 86' lang='grc' dir='ltr'>τοῦτο</span> <span class='ocrx_word' id='word_1_94' title='bbox 933 1334 1137 1406; x_wconf 86' lang='grc' dir='ltr'>μᾶλλον</span> <span class='ocrx_word' id='word_1_95' title='bbox 1188 1334 1298 1389; x_wconf 86' lang='grc' dir='ltr'>τῶν</span> <span class='ocrx_word' id='word_1_96' title='bbox 1328 1336 1504 1389; x_wconf 79' lang='grc' dir='ltr'>ἄλλων</span> <span class='ocrx_word' id='word_1_97' title='bbox 1561 1335 1838 1406; x_wconf 74' lang='grc' dir='ltr'>ἐξαίρετον</span> <span class='ocrx_word' id='word_1_98' title='bbox 1890 1334 2088 1406; x_wconf 85' lang='grc' dir='ltr'>μέτρον</span> 
     </span>
    </p>
   </div>
   <div class='ocr_carea' id='block_1_14' title="bbox 505 1416 2088 1494">
    <p class='ocr_par' dir='ltr' id='par_1_14' title="bbox 505 1416 2088 1494">
     <span class='ocr_line' id='line_1_14' title="bbox 505 1416 2088 1494; baseline 0 -19"><span class='ocrx_word' id='word_1_99' title='bbox 505 1422 726 1491; x_wconf 82' lang='grc' dir='ltr'>ἀγάπης</span> <span class='ocrx_word' id='word_1_100' title='bbox 758 1420 1032 1493; x_wconf 80' lang='grc' dir='ltr'>γνώριμον</span> <span class='ocrx_word' id='word_1_101' title='bbox 1072 1416 1186 1493; x_wconf 77' lang='grc' dir='ltr'>εἶχε</span> <span class='ocrx_word' id='word_1_102' title='bbox 1232 1422 1330 1492; x_wconf 83' lang='grc' dir='ltr'>(τὸ</span> <span class='ocrx_word' id='word_1_103' title='bbox 1362 1423 1546 1493; x_wconf 87' lang='grc' dir='ltr'>μέντοι</span> <span class='ocrx_word' id='word_1_104' title='bbox 1576 1422 1798 1494; x_wconf 79' lang='grc' dir='ltr'>φίλτρον</span> <span class='ocrx_word' id='word_1_105' title='bbox 1823 1421 1917 1476; x_wconf 92' lang='grc' dir='ltr'>τοῦ</span> <span class='ocrx_word' id='word_1_106' title='bbox 1953 1420 2088 1475; x_wconf 81' lang='grc' dir='ltr'>Θεοῦ</span> 
     </span>
    </p>
   </div>
   <div class='ocr_carea' id='block_1_15' title="bbox 504 1508 2091 1581">
    <p class='ocr_par' dir='ltr' id='par_1_15' title="bbox 504 1508 2091 1581">
     <span class='ocr_line' id='line_1_15' title="bbox 504 1508 2091 1581; baseline 0.001 -20"><span class='ocrx_word' id='word_1_107' title='bbox 504 1508 686 1579; x_wconf 81' lang='grc' dir='ltr'>πολλῷ</span> <span class='ocrx_word' id='word_1_108' title='bbox 715 1510 896 1579; x_wconf 79' lang='grc' dir='ltr'>μεῖζον</span> <span class='ocrx_word' id='word_1_109' title='bbox 926 1510 1135 1562; x_wconf 75' lang='grc' dir='ltr'>ἐκείνου</span> <span class='ocrx_word' id='word_1_110' title='bbox 1156 1509 1198 1581; x_wconf 90' lang='grc'>),</span> <span class='ocrx_word' id='word_1_111' title='bbox 1230 1511 1530 1581; x_wconf 68' lang='grc' dir='ltr'>ὲπήγαγενυ</span> <span class='ocrx_word' id='word_1_112' title='bbox 1551 1512 1620 1562; x_wconf 81' lang='lat' dir='ltr'>El</span> <span class='ocrx_word' id='word_1_113' title='bbox 1651 1510 1720 1563; x_wconf 85' lang='grc' dir='ltr'>δὲ</span> <span class='ocrx_word' id='word_1_114' title='bbox 1750 1511 1848 1564; x_wconf 83' lang='grc' dir='ltr'>καὶ</span> <span class='ocrx_word' id='word_1_115' title='bbox 1882 1509 2091 1564; x_wconf 79' lang='grc' dir='ltr'>ἐπιλά-</span> 
     </span>
    </p>
   </div>
   <div class='ocr_carea' id='block_1_16' title="bbox 504 1597 2087 1669">
    <p class='ocr_par' dir='ltr' id='par_1_16' title="bbox 504 1597 2087 1669">
     <span class='ocr_line' id='line_1_16' title="bbox 504 1597 2087 1669; baseline -0.002 -16"><span class='ocrx_word' id='word_1_116' title='bbox 504 1602 666 1653; x_wconf 90' lang='grc' dir='ltr'>θοιτο</span> <span class='ocrx_word' id='word_1_117' title='bbox 692 1598 878 1651; x_wconf 87' lang='grc' dir='ltr'>ταῦτα</span> <span class='ocrx_word' id='word_1_118' title='bbox 912 1597 1091 1668; x_wconf 78' lang='grc' dir='ltr'>γυνὴ,</span> <span class='ocrx_word' id='word_1_119' title='bbox 1120 1598 1394 1669; x_wconf 79' lang='grc' dir='ltr'>ἀλλ’ἐγὼ</span> <span class='ocrx_word' id='word_1_120' title='bbox 1415 1600 1527 1652; x_wconf 82' lang='grc' dir='ltr'>οὐκ</span> <span class='ocrx_word' id='word_1_121' title='bbox 1557 1598 1928 1668; x_wconf 79' lang='grc' dir='ltr'>ἐπιλήσομαί</span> <span class='ocrx_word' id='word_1_122' title='bbox 1946 1612 2087 1660; x_wconf 89' lang='grc' dir='ltr'>σου,</span> 
     </span>
    </p>
   </div>
   <div class='ocr_carea' id='block_1_17' title="bbox 503 1684 2091 1760">
    <p class='ocr_par' dir='ltr' id='par_1_17' title="bbox 503 1684 2091 1760">
     <span class='ocr_line' id='line_1_17' title="bbox 503 1684 2091 1760; baseline -0.001 -20"><span class='ocrx_word' id='word_1_123' title='bbox 503 1685 667 1755; x_wconf 83' lang='grc' dir='ltr'><em>λέγει</em></span> <span class='ocrx_word' id='word_1_124' title='bbox 710 1687 946 1755; x_wconf 83' lang='grc' dir='ltr'>Κύριος.</span> <span class='ocrx_word' id='word_1_125' title='bbox 986 1684 1139 1752; x_wconf 80' lang='grc' dir='ltr'>Εἶδες</span> <span class='ocrx_word' id='word_1_126' title='bbox 1186 1688 1303 1752; x_wconf 86' lang='grc' dir='ltr'>πῶς</span> <span class='ocrx_word' id='word_1_127' title='bbox 1347 1687 1593 1760; x_wconf 89' lang='grc' dir='ltr'>ὑπερέϐη</span> <span class='ocrx_word' id='word_1_128' title='bbox 1650 1690 1751 1759; x_wconf 84' lang='grc' dir='ltr'>τῆς</span> <span class='ocrx_word' id='word_1_129' title='bbox 1794 1689 1999 1759; x_wconf 73' lang='grc' dir='ltr'>μητρὸς</span> <span class='ocrx_word' id='word_1_130' title='bbox 2028 1688 2091 1742; x_wconf 85' lang='grc' dir='ltr'>τὸ</span> 
     </span>
    </p>
   </div>
   <div class='ocr_carea' id='block_1_18' title="bbox 508 1774 2090 1847">
    <p class='ocr_par' dir='ltr' id='par_1_18' title="bbox 508 1774 2090 1847">
     <span class='ocr_line' id='line_1_18' title="bbox 508 1774 2090 1847; baseline 0.001 -21"><span class='ocrx_word' id='word_1_131' title='bbox 508 1774 739 1847; x_wconf 84' lang='grc' dir='ltr'>μέτρον;</span> <span class='ocrx_word' id='word_1_132' title='bbox 771 1776 881 1828; x_wconf 76' lang='grc' dir='ltr'>Καὶ</span> <span class='ocrx_word' id='word_1_133' title='bbox 919 1775 1005 1829; x_wconf 82' lang='grc' dir='ltr'>ἵνα</span> <span class='ocrx_word' id='word_1_134' title='bbox 1034 1774 1213 1847; x_wconf 85' lang='grc' dir='ltr'>μάθῃς</span> <span class='ocrx_word' id='word_1_135' title='bbox 1238 1776 1320 1830; x_wconf 85' lang='grc' dir='ltr'>δτι</span> <span class='ocrx_word' id='word_1_136' title='bbox 1359 1778 1423 1830; x_wconf 77' lang='grc' dir='ltr'>ἐκ</span> <span class='ocrx_word' id='word_1_137' title='bbox 1452 1775 1647 1830; x_wconf 90' lang='grc' dir='ltr'>πολλοῦ</span> <span class='ocrx_word' id='word_1_138' title='bbox 1680 1775 1773 1830; x_wconf 86' lang='grc' dir='ltr'>τοῦ</span> <span class='ocrx_word' id='word_1_139' title='bbox 1808 1776 2090 1847; x_wconf 75' lang='grc' dir='ltr'>περιόντος</span> 
     </span>
    </p>
   </div>
   <div class='ocr_carea' id='block_1_19' title="bbox 505 1860 2090 1935">
    <p class='ocr_par' dir='ltr' id='par_1_19' title="bbox 505 1860 2090 1935">
     <span class='ocr_line' id='line_1_19' title="bbox 505 1860 2090 1935; baseline 0.002 -23"><span class='ocrx_word' id='word_1_140' title='bbox 505 1860 747 1932; x_wconf 85' lang='grc' dir='ltr'>ὑπερέϐη</span> <span class='ocrx_word' id='word_1_141' title='bbox 776 1862 872 1914; x_wconf 56' lang='grc' dir='ltr'>καὶ⁸</span> <span class='ocrx_word' id='word_1_142' title='bbox 895 1862 1102 1933; x_wconf 80' lang='grc' dir='ltr'>μητρὸς</span> <span class='ocrx_word' id='word_1_143' title='bbox 1145 1862 1553 1935; x_wconf 80' lang='grc' dir='ltr'>φιλοστοργίαν,</span> <span class='ocrx_word' id='word_1_144' title='bbox 1600 1864 1694 1917; x_wconf 77' lang='grc' dir='ltr'>καὶ</span> <span class='ocrx_word' id='word_1_145' title='bbox 1716 1863 1921 1935; x_wconf 74' lang='grc' dir='ltr'>πατρὸς</span> <span class='ocrx_word' id='word_1_146' title='bbox 1959 1862 2090 1934; x_wconf 77' lang='grc' dir='ltr'>περὶ</span> 
     </span>
    </p>
   </div>
   <div class='ocr_carea' id='block_1_20' title="bbox 504 1947 2089 2021">
    <p class='ocr_par' dir='ltr' id='par_1_20' title="bbox 504 1947 2089 2021">
     <span class='ocr_line' id='line_1_20' title="bbox 504 1947 2089 2021; baseline 0.002 -21"><span class='ocrx_word' id='word_1_147' title='bbox 504 1950 700 2011; x_wconf 87' lang='grc' dir='ltr'>παῖδας</span> <span class='ocrx_word' id='word_1_148' title='bbox 725 1947 951 2013; x_wconf 90' lang='grc' dir='ltr'>πόθον,ό</span> <span class='ocrx_word' id='word_1_149' title='bbox 970 1948 1068 2020; x_wconf 83' lang='grc' dir='ltr'>μὲν</span> <span class='ocrx_word' id='word_1_150' title='bbox 1086 1950 1374 2021; x_wconf 87' lang='grc' dir='ltr'>προφήτης</span> <span class='ocrx_word' id='word_1_151' title='bbox 1404 1950 1556 2020; x_wconf 89' lang='grc' dir='ltr'>φησί·</span> <span class='ocrx_word' id='word_1_152' title='bbox 1583 1949 1786 2017; x_wconf 84' lang='grc' dir='ltr'>Καθὼς</span> <span class='ocrx_word' id='word_1_153' title='bbox 1815 1949 2089 2018; x_wconf 68' lang='lat' dir='ltr'>obus/pet</span> 
     </span>
    </p>
   </div>
   <div class='ocr_carea' id='block_1_21' title="bbox 507 2036 2090 2109">
    <p class='ocr_par' dir='ltr' id='par_1_21' title="bbox 507 2036 2090 2109">
     <span class='ocr_line' id='line_1_21' title="bbox 507 2036 2090 2109; baseline 0 -17"><span class='ocrx_word' id='word_1_154' title='bbox 507 2037 703 2107; x_wconf 79' lang='grc' dir='ltr'>πατὴρ</span> <span class='ocrx_word' id='word_1_155' title='bbox 718 2038 911 2104; x_wconf 79' lang='grc' dir='ltr'>υἱοὺς,</span> <span class='ocrx_word' id='word_1_156' title='bbox 922 2036 1253 2107; x_wconf 83' lang='grc' dir='ltr'>ᾠκτείρησε</span> <span class='ocrx_word' id='word_1_157' title='bbox 1268 2037 1489 2108; x_wconf 83' lang='grc' dir='ltr'>Κύριος</span> <span class='ocrx_word' id='word_1_158' title='bbox 1515 2039 1657 2106; x_wconf 86' lang='grc' dir='ltr'>τοὺς</span> <span class='ocrx_word' id='word_1_159' title='bbox 1679 2038 2090 2109; x_wconf 54' lang='grc' dir='ltr'>φοϐουμένους</span> 
     </span>
    </p>
   </div>
   <div class='ocr_carea' id='block_1_22' title="bbox 503 2126 2089 2199">
    <p class='ocr_par' dir='ltr' id='par_1_22' title="bbox 503 2126 2089 2199">
     <span class='ocr_line' id='line_1_22' title="bbox 503 2126 2089 2199; baseline 0.001 -22"><span class='ocrx_word' id='word_1_160' title='bbox 503 2128 710 2180; x_wconf 78' lang='grc' dir='ltr'>αὐτόν.</span> <span class='ocrx_word' id='word_1_161' title='bbox 731 2126 841 2178; x_wconf 74' lang='grc' dir='ltr'>Καὶ</span> <span class='ocrx_word' id='word_1_162' title='bbox 865 2127 1027 2189; x_wconf 76' lang='grc' dir='ltr'>αὐτὸς</span> <span class='ocrx_word' id='word_1_163' title='bbox 1048 2126 1106 2179; x_wconf 80' lang='grc' dir='ltr'>δὲ</span> <span class='ocrx_word' id='word_1_164' title='bbox 1126 2126 1289 2179; x_wconf 88' lang='grc' dir='ltr'>πάλιν</span> <span class='ocrx_word' id='word_1_165' title='bbox 1313 2127 1517 2199; x_wconf 87' lang='grc' dir='ltr'>ταύτην</span> <span class='ocrx_word' id='word_1_166' title='bbox 1545 2127 1758 2196; x_wconf 82' lang='grc' dir='ltr'>είσάγει</span> <span class='ocrx_word' id='word_1_167' title='bbox 1779 2126 1879 2198; x_wconf 83' lang='grc' dir='ltr'>τὴν</span> <span class='ocrx_word' id='word_1_168' title='bbox 1904 2127 2089 2179; x_wconf 82' lang='grc' dir='ltr'>είκόνα</span> 
     </span>
    </p>
   </div>
   <div class='ocr_carea' id='block_1_23' title="bbox 503 2213 2089 2287">
    <p class='ocr_par' dir='ltr' id='par_1_23' title="bbox 503 2213 2089 2287">
     <span class='ocr_line' id='line_1_23' title="bbox 503 2213 2089 2287; baseline -0.001 -18"><span class='ocrx_word' id='word_1_169' title='bbox 503 2216 603 2285; x_wconf 83' lang='grc' dir='ltr'>τῆς</span> <span class='ocrx_word' id='word_1_170' title='bbox 634 2215 871 2284; x_wconf 65' lang='grc' dir='ltr'>ἀγάπης</span> <span class='ocrx_word' id='word_1_171' title='bbox 913 2214 1029 2284; x_wconf 73' lang='grc' dir='ltr'>ᾔδει</span> <span class='ocrx_word' id='word_1_172' title='bbox 1059 2216 1168 2286; x_wconf 72' lang='grc' dir='ltr'>γὰρ</span> <span class='ocrx_word' id='word_1_173' title='bbox 1203 2215 1410 2287; x_wconf 90' lang='grc' dir='ltr'>ταύτην</span> <span class='ocrx_word' id='word_1_174' title='bbox 1440 2217 1551 2269; x_wconf 89' lang='grc' dir='ltr'>τῶν</span> <span class='ocrx_word' id='word_1_175' title='bbox 1574 2216 1748 2271; x_wconf 79' lang='grc' dir='ltr'>ἄλλων</span> <span class='ocrx_word' id='word_1_176' title='bbox 1781 2213 2014 2285; x_wconf 79' lang='grc' dir='ltr'>ἔχουσάν</span> <span class='ocrx_word' id='word_1_177' title='bbox 2035 2232 2089 2268; x_wconf 89' lang='grc' dir='ltr'>τι</span> 
     </span>
    </p>
   </div>
   <div class='ocr_carea' id='block_1_24' title="bbox 505 2302 2091 2375">
    <p class='ocr_par' dir='ltr' id='par_1_24' title="bbox 505 2302 2091 2375">
     <span class='ocr_line' id='line_1_24' title="bbox 505 2302 2091 2375; baseline 0.001 -21"><span class='ocrx_word' id='word_1_178' title='bbox 505 2302 798 2373; x_wconf 69' lang='grc' dir='ltr'>ἐξαίρετον.</span> <span class='ocrx_word' id='word_1_179' title='bbox 832 2305 889 2355; x_wconf 86' lang='grc' dir='ltr'>Ὀ</span> <span class='ocrx_word' id='word_1_180' title='bbox 922 2303 979 2356; x_wconf 88' lang='grc' dir='ltr'>δὲ</span> <span class='ocrx_word' id='word_1_181' title='bbox 1006 2305 1099 2357; x_wconf 74' lang='grc' dir='ltr'>καὶ</span> <span class='ocrx_word' id='word_1_182' title='bbox 1123 2304 1420 2375; x_wconf 77' lang='grc' dir='ltr'>προφητῶν</span> <span class='ocrx_word' id='word_1_183' title='bbox 1441 2304 1535 2358; x_wconf 77' lang='grc' dir='ltr'>καὶ</span> <span class='ocrx_word' id='word_1_184' title='bbox 1576 2305 1792 2358; x_wconf 88' lang='grc' dir='ltr'>πάντων</span> <span class='ocrx_word' id='word_1_185' title='bbox 1813 2303 2091 2373; x_wconf 75' lang='grc' dir='ltr'>Δεσπότης</span> 
     </span>
    </p>
   </div>
   <div class='ocr_carea' id='block_1_25' title="bbox 504 2388 2087 2462">
    <p class='ocr_par' dir='ltr' id='par_1_25' title="bbox 504 2388 2087 2462">
     <span class='ocr_line' id='line_1_25' title="bbox 504 2388 2087 2462; baseline 0.001 -21"><span class='ocrx_word' id='word_1_186' title='bbox 504 2389 701 2461; x_wconf 88' lang='grc' dir='ltr'>δηλῶν,</span> <span class='ocrx_word' id='word_1_187' title='bbox 761 2390 843 2442; x_wconf 86' lang='grc' dir='ltr'>ὅτι</span> <span class='ocrx_word' id='word_1_188' title='bbox 897 2391 991 2444; x_wconf 73' lang='grc' dir='ltr'>καὶ</span> <span class='ocrx_word' id='word_1_189' title='bbox 1020 2389 1225 2461; x_wconf 77' lang='grc' dir='ltr'>ταύτης</span> <span class='ocrx_word' id='word_1_190' title='bbox 1273 2391 1336 2444; x_wconf 74' lang='grc' dir='ltr'>τὸ</span> <span class='ocrx_word' id='word_1_191' title='bbox 1382 2392 1586 2462; x_wconf 80' lang='grc' dir='ltr'>μέτρον</span> <span class='ocrx_word' id='word_1_192' title='bbox 1643 2392 1708 2445; x_wconf 83' lang='grc' dir='ltr'>ἐκ</span> <span class='ocrx_word' id='word_1_193' title='bbox 1755 2389 1953 2444; x_wconf 84' lang='grc' dir='ltr'>πολλοῦ</span> <span class='ocrx_word' id='word_1_194' title='bbox 1992 2388 2087 2444; x_wconf 90' lang='grc' dir='ltr'>τοῦ</span> 
     </span>
    </p>
   </div>
   <div class='ocr_carea' id='block_1_26' title="bbox 507 2477 2087 2551">
    <p class='ocr_par' dir='ltr' id='par_1_26' title="bbox 507 2477 2087 2551">
     <span class='ocr_line' id='line_1_26' title="bbox 507 2477 2087 2551; baseline 0.003 -22"><span class='ocrx_word' id='word_1_195' title='bbox 507 2477 790 2547; x_wconf 82' lang='grc' dir='ltr'>περιόντος</span> <span class='ocrx_word' id='word_1_196' title='bbox 843 2478 1159 2550; x_wconf 85' lang='grc' dir='ltr'>ὑπερϐαίνει</span> <span class='ocrx_word' id='word_1_197' title='bbox 1213 2478 1307 2533; x_wconf 90' lang='grc' dir='ltr'>τοῦ</span> <span class='ocrx_word' id='word_1_198' title='bbox 1347 2478 1483 2533; x_wconf 87' lang='grc' dir='ltr'>Θεοῦ</span> <span class='ocrx_word' id='word_1_199' title='bbox 1532 2480 1567 2550; x_wconf 88' lang='grc' dir='ltr'><strong>ἡ</strong></span> <span class='ocrx_word' id='word_1_200' title='bbox 1621 2480 1941 2551; x_wconf 86' lang='grc' dir='ltr'>κηδεμονία,</span> <span class='ocrx_word' id='word_1_201' title='bbox 1991 2480 2087 2534; x_wconf 67' lang='grc' dir='ltr'>καὶ</span> 
     </span>
    </p>
   </div>
   <div class='ocr_carea' id='block_1_27' title="bbox 507 2563 2091 2639">
    <p class='ocr_par' dir='ltr' id='par_1_27' title="bbox 507 2563 2091 2639">
     <span class='ocr_line' id='line_1_27' title="bbox 507 2563 2091 2639; baseline 0.003 -23"><span class='ocrx_word' id='word_1_202' title='bbox 507 2565 629 2617; x_wconf 79' lang='grc' dir='ltr'>ὅσον</span> <span class='ocrx_word' id='word_1_203' title='bbox 652 2563 744 2617; x_wconf 83' lang='grc' dir='ltr'>τοῦ</span> <span class='ocrx_word' id='word_1_204' title='bbox 786 2564 965 2634; x_wconf 79' lang='grc' dir='ltr'>φωτὸς</span> <span class='ocrx_word' id='word_1_205' title='bbox 1022 2564 1089 2618; x_wconf 81' lang='grc' dir='ltr'>τὸ</span> <span class='ocrx_word' id='word_1_206' title='bbox 1146 2565 1309 2636; x_wconf 89' lang='grc' dir='ltr'>μέσον</span> <span class='ocrx_word' id='word_1_207' title='bbox 1367 2566 1487 2619; x_wconf 80' lang='grc' dir='ltr'>ἐστὶ</span> <span class='ocrx_word' id='word_1_208' title='bbox 1540 2566 1677 2639; x_wconf 88' lang='grc' dir='ltr'>πρὸς</span> <span class='ocrx_word' id='word_1_209' title='bbox 1732 2567 1953 2634; x_wconf 85' lang='grc' dir='ltr'>σκότος,</span> <span class='ocrx_word' id='word_1_210' title='bbox 1995 2568 2091 2621; x_wconf 77' lang='grc' dir='ltr'>καὶ</span> 
     </span>
    </p>
   </div>
   <div class='ocr_carea' id='block_1_28' title="bbox 507 2651 2090 2725">
    <p class='ocr_par' dir='ltr' id='par_1_28' title="bbox 507 2651 2090 2725">
     <span class='ocr_line' id='line_1_28' title="bbox 507 2651 2090 2725; baseline 0.001 -20"><span class='ocrx_word' id='word_1_211' title='bbox 507 2651 774 2722; x_wconf 87' lang='grc' dir='ltr'>πονηρίας</span> <span class='ocrx_word' id='word_1_212' title='bbox 829 2652 968 2722; x_wconf 87' lang='grc' dir='ltr'>πρὸς</span> <span class='ocrx_word' id='word_1_213' title='bbox 1010 2651 1349 2724; x_wconf 88' lang='grc' dir='ltr'>ἀγαθότητα,</span> <span class='ocrx_word' id='word_1_214' title='bbox 1382 2653 1637 2707; x_wconf 83' lang='grc' dir='ltr'>τοσοῦτον</span> <span class='ocrx_word' id='word_1_215' title='bbox 1662 2654 1723 2707; x_wconf 85' lang='grc' dir='ltr'>τὸ</span> <span class='ocrx_word' id='word_1_216' title='bbox 1757 2653 1955 2725; x_wconf 79' lang='grc' dir='ltr'>μέτρον</span> <span class='ocrx_word' id='word_1_217' title='bbox 1989 2652 2090 2723; x_wconf 82' lang='grc' dir='ltr'>τῆς</span> 
     </span>
    </p>
   </div>
   <div class='ocr_carea' id='block_1_29' title="bbox 506 2738 2089 2815">
    <p class='ocr_par' dir='ltr' id='par_1_29' title="bbox 506 2738 2089 2815">
     <span class='ocr_line' id='line_1_29' title="bbox 506 2738 2089 2815; baseline 0 -21"><span class='ocrx_word' id='word_1_218' title='bbox 506 2740 599 2794; x_wconf 86' lang='grc' dir='ltr'>τοῦ</span> <span class='ocrx_word' id='word_1_219' title='bbox 640 2738 775 2795; x_wconf 82' lang='grc' dir='ltr'>Θεοῦ</span> <span class='ocrx_word' id='word_1_220' title='bbox 812 2740 1185 2814; x_wconf 83' lang='grc' dir='ltr'>χρηστότητος</span> <span class='ocrx_word' id='word_1_221' title='bbox 1234 2743 1329 2796; x_wconf 76' lang='grc' dir='ltr'>καὶ</span> <span class='ocrx_word' id='word_1_222' title='bbox 1378 2742 1635 2815; x_wconf 85' lang='grc' dir='ltr'>προνοίας</span> <span class='ocrx_word' id='word_1_223' title='bbox 1666 2742 1804 2814; x_wconf 72' lang='grc' dir='ltr'>πρὸς</span> <span class='ocrx_word' id='word_1_224' title='bbox 1856 2742 1956 2814; x_wconf 85' lang='grc' dir='ltr'>τὴν</span> <span class='ocrx_word' id='word_1_225' title='bbox 1982 2758 2089 2795; x_wconf 88' lang='grc' dir='ltr'>πα-</span> 
     </span>
    </p>
   </div>
   <div class='ocr_carea' id='block_1_30' title="bbox 506 2830 2090 2906">
    <p class='ocr_par' dir='ltr' id='par_1_30' title="bbox 506 2830 2090 2906">
     <span class='ocr_line' id='line_1_30' title="bbox 506 2830 2090 2906; baseline -0.001 -20"><span class='ocrx_word' id='word_1_226' title='bbox 506 2830 699 2904; x_wconf 84' lang='grc' dir='ltr'>τρικὴν</span> <span class='ocrx_word' id='word_1_227' title='bbox 723 2832 1128 2906; x_wconf 82' lang='grc' dir='ltr'>φιλοστοργίαν,</span> <span class='ocrx_word' id='word_1_228' title='bbox 1159 2832 1324 2887; x_wconf 81' lang='grc' dir='ltr'>ἄκουε</span> <span class='ocrx_word' id='word_1_229' title='bbox 1374 2833 1427 2885; x_wconf 91' lang='grc' dir='ltr'>τί</span> <span class='ocrx_word' id='word_1_230' title='bbox 1482 2849 1633 2903; x_wconf 83' lang='grc' dir='ltr'>φησι·</span> <span class='ocrx_word' id='word_1_231' title='bbox 1679 2832 1773 2898; x_wconf 60' lang='grc' dir='ltr'>Τάς</span> <span class='ocrx_word' id='word_1_232' title='bbox 1811 2832 1984 2886; x_wconf 80' lang='grc' dir='ltr'>ἐστιν</span> <span class='ocrx_word' id='word_1_233' title='bbox 2020 2830 2090 2896; x_wconf 78' lang='grc' dir='ltr'>ἐξ</span> 
     </span>
    </p>
   </div>
   <div class='ocr_carea' id='block_1_31' title="bbox 506 2917 2093 2991">
    <p class='ocr_par' dir='ltr' id='par_1_31' title="bbox 506 2917 2093 2991">
     <span class='ocr_line' id='line_1_31' title="bbox 506 2917 2093 2991; baseline 0 -19"><span class='ocrx_word' id='word_1_234' title='bbox 506 2918 696 2991; x_wconf 81' lang='grc' dir='ltr'>ὑμῶν,</span> <span class='ocrx_word' id='word_1_235' title='bbox 733 2919 805 2973; x_wconf 80' lang='grc' dir='ltr'>ὃν</span> <span class='ocrx_word' id='word_1_236' title='bbox 834 2920 943 2974; x_wconf 83' lang='grc' dir='ltr'>ἐὰν</span> <span class='ocrx_word' id='word_1_237' title='bbox 974 2918 1197 2988; x_wconf 77' lang='grc' dir='ltr'>αἰτήσῃ</span> <span class='ocrx_word' id='word_1_238' title='bbox 1230 2922 1264 2973; x_wconf 85' lang='grc' dir='ltr'><em>ὁ</em></span> <span class='ocrx_word' id='word_1_239' title='bbox 1301 2918 1429 2985; x_wconf 81' lang='grc' dir='ltr'>υίὸς</span> <span class='ocrx_word' id='word_1_240' title='bbox 1457 2918 1645 2974; x_wconf 83' lang='grc' dir='ltr'>αὐτοῦ</span> <span class='ocrx_word' id='word_1_241' title='bbox 1671 2920 1879 2991; x_wconf 79' lang='grc' dir='ltr'>ἄρτον,</span> <span class='ocrx_word' id='word_1_242' title='bbox 1896 2917 1984 2990; x_wconf 76' lang='grc' dir='ltr'>μὴ</span> <span class='ocrx_word' id='word_1_243' title='bbox 2007 2920 2093 2973; x_wconf 87' lang='grc' dir='ltr'>λί-</span> 
     </span>
    </p>
   </div>
   <div class='ocr_carea' id='block_1_32' title="bbox 509 3004 2089 3077">
    <p class='ocr_par' dir='ltr' id='par_1_32' title="bbox 509 3004 2089 3077">
     <span class='ocr_line' id='line_1_32' title="bbox 509 3004 2089 3077; baseline 0.002 -16"><span class='ocrx_word' id='word_1_244' title='bbox 509 3010 617 3061; x_wconf 92' lang='grc' dir='ltr'>θον</span> <span class='ocrx_word' id='word_1_245' title='bbox 653 3005 932 3062; x_wconf 79' lang='grc' dir='ltr'>ἐπιδώσει</span> <span class='ocrx_word' id='word_1_246' title='bbox 959 3006 1155 3072; x_wconf 84' lang='grc' dir='ltr'>αὐτῷ;</span> <span class='ocrx_word' id='word_1_247' title='bbox 1207 3007 1306 3061; x_wconf 78' lang='grc' dir='ltr'>καὶ</span> <span class='ocrx_word' id='word_1_248' title='bbox 1346 3007 1454 3062; x_wconf 81' lang='grc' dir='ltr'>ἐὰν</span> <span class='ocrx_word' id='word_1_249' title='bbox 1494 3007 1669 3077; x_wconf 82' lang='grc' dir='ltr'>ιχθὺν</span> <span class='ocrx_word' id='word_1_250' title='bbox 1718 3008 1966 3077; x_wconf 75' lang='grc' dir='ltr'>αἰτήσῃ,</span> <span class='ocrx_word' id='word_1_251' title='bbox 2004 3004 2089 3076; x_wconf 82' lang='grc' dir='ltr'>μὴ</span> 
     </span>
    </p>
   </div>
   <div class='ocr_carea' id='block_1_33' title="bbox 510 3088 2092 3164">
    <p class='ocr_par' dir='ltr' id='par_1_33' title="bbox 510 3088 2092 3164">
     <span class='ocr_line' id='line_1_33' title="bbox 510 3088 2092 3164; baseline 0 -16"><span class='ocrx_word' id='word_1_252' title='bbox 510 3094 650 3164; x_wconf 71' lang='grc' dir='ltr'>ὅφιν</span> <span class='ocrx_word' id='word_1_253' title='bbox 675 3092 955 3149; x_wconf 82' lang='grc' dir='ltr'>ἐπιδώσει</span> <span class='ocrx_word' id='word_1_254' title='bbox 986 3093 1180 3159; x_wconf 84' lang='grc' dir='ltr'>αὺτῷ;</span> <span class='ocrx_word' id='word_1_255' title='bbox 1229 3095 1299 3148; x_wconf 85' lang='lat' dir='ltr'><em>El</em></span> <span class='ocrx_word' id='word_1_256' title='bbox 1327 3093 1396 3147; x_wconf 83' lang='grc' dir='ltr'>δὲ</span> <span class='ocrx_word' id='word_1_257' title='bbox 1419 3088 1589 3164; x_wconf 78' lang='grc' dir='ltr'>ὑμεῖς</span> <span class='ocrx_word' id='word_1_258' title='bbox 1627 3096 1878 3162; x_wconf 78' lang='grc' dir='ltr'>πονηροὶ</span> <span class='ocrx_word' id='word_1_259' title='bbox 1920 3095 2092 3160; x_wconf 80' lang='grc' dir='ltr'>ὄντες</span> 
     </span>
    </p>
   </div>
   <div class='ocr_carea' id='block_1_34' title="bbox 507 3179 2089 3251">
    <p class='ocr_par' dir='ltr' id='par_1_34' title="bbox 507 3179 2089 3251">
     <span class='ocr_line' id='line_1_34' title="bbox 507 3179 2089 3251; baseline -0.001 -16"><span class='ocrx_word' id='word_1_260' title='bbox 507 3181 710 3236; x_wconf 79' lang='grc' dir='ltr'>οἴδατε</span> <span class='ocrx_word' id='word_1_261' title='bbox 735 3182 965 3251; x_wconf 80' lang='grc' dir='ltr'>δόματα</span> <span class='ocrx_word' id='word_1_262' title='bbox 986 3180 1180 3251; x_wconf 78' lang='grc' dir='ltr'>ἀγαθὰ</span> <span class='ocrx_word' id='word_1_263' title='bbox 1210 3179 1443 3234; x_wconf 83' lang='grc' dir='ltr'>διδόναι</span> <span class='ocrx_word' id='word_1_264' title='bbox 1476 3180 1600 3246; x_wconf 79' lang='grc' dir='ltr'>τοῖς</span> <span class='ocrx_word' id='word_1_265' title='bbox 1623 3180 1856 3247; x_wconf 81' lang='grc' dir='ltr'>τέκνοις</span> <span class='ocrx_word' id='word_1_266' title='bbox 1882 3180 2052 3249; x_wconf 85' lang='grc' dir='ltr'>ὑμῶν</span> <span class='ocrx_word' id='word_1_267' title='bbox 2074 3221 2089 3247; x_wconf 88' lang='grc'>,</span> 
     </span>
    </p>
   </div>
   <div class='ocr_carea' id='block_1_35' title="bbox 507 3265 2092 3337">
    <p class='ocr_par' dir='ltr' id='par_1_35' title="bbox 507 3265 2092 3337">
     <span class='ocr_line' id='line_1_35' title="bbox 507 3265 2092 3337; baseline -0.003 -13"><span class='ocrx_word' id='word_1_268' title='bbox 507 3267 718 3335; x_wconf 76' lang='grc' dir='ltr'>πολλῷ</span> <span class='ocrx_word' id='word_1_269' title='bbox 744 3267 990 3337; x_wconf 84' lang='grc' dir='ltr'>μᾶλλον</span> <span class='ocrx_word' id='word_1_270' title='bbox 1010 3271 1043 3322; x_wconf 84' lang='grc' dir='ltr'>ό</span> <span class='ocrx_word' id='word_1_271' title='bbox 1064 3266 1271 3337; x_wconf 79' lang='grc' dir='ltr'>Πατὴρ</span> <span class='ocrx_word' id='word_1_272' title='bbox 1292 3265 1463 3337; x_wconf 79' lang='grc' dir='ltr'>ὑμῶν</span> <span class='ocrx_word' id='word_1_273' title='bbox 1503 3270 1536 3322; x_wconf 89' lang='grc' dir='ltr'>ό</span> <span class='ocrx_word' id='word_1_274' title='bbox 1566 3268 1636 3321; x_wconf 81' lang='grc' dir='ltr'>ἐν</span> <span class='ocrx_word' id='word_1_275' title='bbox 1667 3268 1792 3333; x_wconf 81' lang='grc' dir='ltr'>τοῖς</span> <span class='ocrx_word' id='word_1_276' title='bbox 1812 3267 2092 3336; x_wconf 86' lang='grc' dir='ltr'>οὐρανοῖς</span> 
     </span>
    </p>
   </div>
   <div class='ocr_carea' id='block_1_36' title="bbox 507 3353 2092 3424">
    <p class='ocr_par' dir='ltr' id='par_1_36' title="bbox 507 3353 2092 3424">
     <span class='ocr_line' id='line_1_36' title="bbox 507 3353 2092 3424; baseline 0.001 -17"><span class='ocrx_word' id='word_1_277' title='bbox 507 3354 685 3408; x_wconf 72' lang='grc' dir='ltr'>δώσει</span> <span class='ocrx_word' id='word_1_278' title='bbox 710 3354 902 3424; x_wconf 79' lang='grc' dir='ltr'>ἀγαθὰ</span> <span class='ocrx_word' id='word_1_279' title='bbox 930 3353 1055 3419; x_wconf 85' lang='grc' dir='ltr'>τοῖς</span> <span class='ocrx_word' id='word_1_280' title='bbox 1081 3353 1358 3409; x_wconf 74' lang='grc' dir='ltr'>αἰτοῦσιν</span> <span class='ocrx_word' id='word_1_281' title='bbox 1377 3355 1583 3409; x_wconf 78' lang='grc' dir='ltr'>αὐτόν’</span> <span class='ocrx_word' id='word_1_282' title='bbox 1616 3354 1830 3417; x_wconf 76' lang='grc' dir='ltr'>δεικνὺς</span> <span class='ocrx_word' id='word_1_283' title='bbox 1856 3355 1941 3408; x_wconf 84' lang='grc' dir='ltr'>ὅτι</span> <span class='ocrx_word' id='word_1_284' title='bbox 1968 3355 2092 3409; x_wconf 83' lang='grc' dir='ltr'>ὅσον</span> 
     </span>
    </p>
   </div>
   <div class='ocr_carea' id='block_1_37' title="bbox 507 3441 2090 3515">
    <p class='ocr_par' dir='ltr' id='par_1_37' title="bbox 507 3441 2090 3515">
     <span class='ocr_line' id='line_1_37' title="bbox 507 3441 2090 3515; baseline 0.001 -21"><span class='ocrx_word' id='word_1_285' title='bbox 507 3442 769 3514; x_wconf 77' lang='grc' dir='ltr'>πονηρίας</span> <span class='ocrx_word' id='word_1_286' title='bbox 799 3443 890 3495; x_wconf 64' lang='grc' dir='ltr'>καὶ¹</span> <span class='ocrx_word' id='word_1_287' title='bbox 938 3441 1272 3515; x_wconf 83' lang='grc' dir='ltr'>ἀγαθότητος</span> <span class='ocrx_word' id='word_1_288' title='bbox 1299 3442 1361 3495; x_wconf 78' lang='grc' dir='ltr'>τὸ</span> <span class='ocrx_word' id='word_1_289' title='bbox 1412 3442 1599 3513; x_wconf 80' lang='grc' dir='ltr'>μέσον,</span> <span class='ocrx_word' id='word_1_290' title='bbox 1652 3441 1903 3497; x_wconf 86' lang='grc' dir='ltr'>τοσοῦτον</span> <span class='ocrx_word' id='word_1_291' title='bbox 1935 3445 1969 3514; x_wconf 91' lang='grc' dir='ltr'>ή</span> <span class='ocrx_word' id='word_1_292' title='bbox 1994 3441 2090 3496; x_wconf 85' lang='grc' dir='ltr'>τοῦ</span> 
     </span>
    </p>
   </div>
   <div class='ocr_carea' id='block_1_38' title="bbox 509 3528 2091 3602">
    <p class='ocr_par' dir='ltr' id='par_1_38' title="bbox 509 3528 2091 3602">
     <span class='ocr_line' id='line_1_38' title="bbox 509 3528 2091 3602; baseline 0.001 -19"><span class='ocrx_word' id='word_1_293' title='bbox 509 3530 645 3584; x_wconf 82' lang='grc' dir='ltr'>Θεοῦ</span> <span class='ocrx_word' id='word_1_294' title='bbox 687 3530 963 3602; x_wconf 86' lang='grc' dir='ltr'>ἀγαθότης</span> <span class='ocrx_word' id='word_1_295' title='bbox 994 3530 1096 3601; x_wconf 79' lang='grc' dir='ltr'>τῆς</span> <span class='ocrx_word' id='word_1_296' title='bbox 1123 3528 1233 3583; x_wconf 88' lang='grc' dir='ltr'>τῶν</span> <span class='ocrx_word' id='word_1_297' title='bbox 1282 3530 1535 3602; x_wconf 81' lang='grc' dir='ltr'>πατέρων</span> <span class='ocrx_word' id='word_1_298' title='bbox 1568 3530 1892 3602; x_wconf 75' lang='grc' dir='ltr'>κηδεμονίας</span> <span class='ocrx_word' id='word_1_299' title='bbox 1944 3531 2091 3585; x_wconf 75' lang='grc' dir='ltr'>ἐστὶν</span> 
     </span>
    </p>
   </div>
   <div class='ocr_carea' id='block_1_39' title="bbox 509 3611 2091 3689">
    <p class='ocr_par' dir='ltr' id='par_1_39' title="bbox 509 3611 2091 3689">
     <span class='ocr_line' id='line_1_39' title="bbox 509 3611 2091 3689; baseline 0.002 -18"><span class='ocrx_word' id='word_1_300' title='bbox 509 3618 782 3689; x_wconf 83' lang='grc' dir='ltr'>ἁνωτέρα.</span> <span class='ocrx_word' id='word_1_301' title='bbox 819 3618 1003 3671; x_wconf 79' lang='grc' dir='ltr'>Ταῦτα</span> <span class='ocrx_word' id='word_1_302' title='bbox 1030 3617 1087 3670; x_wconf 81' lang='grc' dir='ltr'>δὲ</span> <span class='ocrx_word' id='word_1_303' title='bbox 1124 3611 1276 3671; x_wconf 88' lang='grc' dir='ltr'>εἶπον</span> <span class='ocrx_word' id='word_1_304' title='bbox 1315 3618 1383 3672; x_wconf 92' lang='grc' dir='ltr'>τά</span> <span class='ocrx_word' id='word_1_305' title='bbox 1412 3618 1803 3689; x_wconf 85' lang='grc' dir='ltr'>ὑποδείγματα,</span> <span class='ocrx_word' id='word_1_306' title='bbox 1841 3618 1929 3684; x_wconf 78' lang='grc' dir='ltr'>ἵν’,</span> <span class='ocrx_word' id='word_1_307' title='bbox 1965 3619 2091 3674; x_wconf 84' lang='grc' dir='ltr'>ὅταν</span> 
     </span>
    </p>
   </div>
   <div class='ocr_carea' id='block_1_40' title="bbox 509 3705 2088 3778">
    <p class='ocr_par' dir='ltr' id='par_1_40' title="bbox 509 3705 2088 3778">
     <span class='ocr_line' id='line_1_40' title="bbox 509 3705 2088 3778; baseline 0 -18"><span class='ocrx_word' id='word_1_308' title='bbox 509 3707 701 3778; x_wconf 77' lang='grc' dir='ltr'>ἑτέρας</span> <span class='ocrx_word' id='word_1_309' title='bbox 758 3707 1022 3775; x_wconf 78' lang='grc' dir='ltr'>ἐπαγάγω</span> <span class='ocrx_word' id='word_1_310' title='bbox 1078 3705 1303 3776; x_wconf 76' lang='grc' dir='ltr'>φίλτρου</span> <span class='ocrx_word' id='word_1_311' title='bbox 1357 3706 1606 3770; x_wconf 81' lang='grc' dir='ltr'>εἰκόνας,</span> <span class='ocrx_word' id='word_1_312' title='bbox 1662 3705 1737 3777; x_wconf 84' lang='grc' dir='ltr'>μὴ</span> <span class='ocrx_word' id='word_1_313' title='bbox 1794 3706 1954 3778; x_wconf 86' lang='grc' dir='ltr'>μέχρι</span> <span class='ocrx_word' id='word_1_314' title='bbox 1993 3707 2088 3760; x_wconf 88' lang='grc' dir='ltr'>τοῦ</span> 
     </span>
    </p>
   </div>
   <div class='ocr_carea' id='block_1_41' title="bbox 513 3792 2092 3868">
    <p class='ocr_par' dir='ltr' id='par_1_41' title="bbox 513 3792 2092 3868">
     <span class='ocr_line' id='line_1_41' title="bbox 513 3792 2092 3868; baseline 0.001 -20"><span class='ocrx_word' id='word_1_315' title='bbox 513 3794 714 3868; x_wconf 81' lang='grc' dir='ltr'>μέτρου</span> <span class='ocrx_word' id='word_1_316' title='bbox 748 3793 842 3847; x_wconf 78' lang='grc' dir='ltr'>τοῦ</span> <span class='ocrx_word' id='word_1_317' title='bbox 893 3792 1185 3865; x_wconf 85' lang='grc' dir='ltr'>λεγομένου</span> <span class='ocrx_word' id='word_1_318' title='bbox 1225 3794 1377 3865; x_wconf 80' lang='grc' dir='ltr'>παρά</span> <span class='ocrx_word' id='word_1_319' title='bbox 1419 3792 1528 3846; x_wconf 85' lang='grc' dir='ltr'>τῶν</span> <span class='ocrx_word' id='word_1_320' title='bbox 1559 3795 1855 3864; x_wconf 84' lang='grc' dir='ltr'>προφητῶν</span> <span class='ocrx_word' id='word_1_321' title='bbox 1884 3795 2092 3867; x_wconf 80' lang='grc' dir='ltr'>στήσῃς</span> 
     </span>
    </p>
   </div>
   <div class='ocr_carea' id='block_1_42' title="bbox 509 3884 2091 3958">
    <p class='ocr_par' dir='ltr' id='par_1_42' title="bbox 509 3884 2091 3958">
     <span class='ocr_line' id='line_1_42' title="bbox 509 3884 2091 3958; baseline 0.001 -21"><span class='ocrx_word' id='word_1_322' title='bbox 509 3885 608 3957; x_wconf 84' lang='grc' dir='ltr'>τὴν</span> <span class='ocrx_word' id='word_1_323' title='bbox 630 3885 890 3950; x_wconf 76' lang='grc' dir='ltr'>διάνοιαν,</span> <span class='ocrx_word' id='word_1_324' title='bbox 917 3885 1032 3940; x_wconf 76' lang='grc' dir='ltr'>ἀλλ’</span> <span class='ocrx_word' id='word_1_325' title='bbox 1061 3885 1199 3957; x_wconf 84' lang='grc' dir='ltr'>ἔχων</span> <span class='ocrx_word' id='word_1_326' title='bbox 1246 3884 1339 3938; x_wconf 85' lang='grc' dir='ltr'>τὸν</span> <span class='ocrx_word' id='word_1_327' title='bbox 1375 3884 1573 3939; x_wconf 88' lang='grc' dir='ltr'>κανόνα</span> <span class='ocrx_word' id='word_1_328' title='bbox 1623 3885 1814 3939; x_wconf 83' lang='grc' dir='ltr'>τοῦτον</span> <span class='ocrx_word' id='word_1_329' title='bbox 1845 3885 2091 3958; x_wconf 82' lang='grc' dir='ltr'>ὑπερϐῇς</span> 
     </span>
    </p>
   </div>
   <div class='ocr_carea' id='block_1_43' title="bbox 510 3971 2091 4046">
    <p class='ocr_par' dir='ltr' id='par_1_43' title="bbox 510 3971 2091 4046">
     <span class='ocr_line' id='line_1_43' title="bbox 510 3971 2091 4046; baseline -0.003 -19"><span class='ocrx_word' id='word_1_330' title='bbox 510 3972 590 4045; x_wconf 78' lang='grc' dir='ltr'>τῷ</span> <span class='ocrx_word' id='word_1_331' title='bbox 613 3971 860 4045; x_wconf 78' lang='grc' dir='ltr'>λογισμῷ</span> <span class='ocrx_word' id='word_1_332' title='bbox 890 3975 1222 4046; x_wconf 82' lang='grc' dir='ltr'>περαιτέρω,</span> <span class='ocrx_word' id='word_1_333' title='bbox 1250 3974 1345 4027; x_wconf 76' lang='grc' dir='ltr'>καὶ</span> <span class='ocrx_word' id='word_1_334' title='bbox 1384 3973 1499 4045; x_wconf 77' lang='grc' dir='ltr'>ἴδῃς</span> <span class='ocrx_word' id='word_1_335' title='bbox 1538 3972 1640 4044; x_wconf 80' lang='grc' dir='ltr'>τῆς</span> <span class='ocrx_word' id='word_1_336' title='bbox 1679 3973 1899 4045; x_wconf 85' lang='grc' dir='ltr'>ἀγάπης</span> <span class='ocrx_word' id='word_1_337' title='bbox 1924 3973 2091 4029; x_wconf 80' lang='grc' dir='ltr'>αὑτοῦ</span> 
     </span>
    </p>
   </div>
   <div class='ocr_carea' id='block_1_44' title="bbox 508 4062 2094 4135">
    <p class='ocr_par' dir='ltr' id='par_1_44' title="bbox 508 4062 2094 4135">
     <span class='ocr_line' id='line_1_44' title="bbox 508 4062 2094 4135; baseline 0.001 -20"><span class='ocrx_word' id='word_1_338' title='bbox 508 4063 610 4133; x_wconf 85' lang='grc' dir='ltr'>τὴν</span> <span class='ocrx_word' id='word_1_339' title='bbox 635 4062 841 4131; x_wconf 84' lang='grc' dir='ltr'>ἀφατον</span> <span class='ocrx_word' id='word_1_340' title='bbox 873 4063 1204 4134; x_wconf 80' lang='grc' dir='ltr'>ὑπερϐολήν.</span> <span class='ocrx_word' id='word_1_341' title='bbox 1233 4062 1367 4118; x_wconf 80' lang='grc' dir='ltr'>Οὐδὲ</span> <span class='ocrx_word' id='word_1_342' title='bbox 1403 4062 1513 4135; x_wconf 86' lang='grc' dir='ltr'>γὰρ</span> <span class='ocrx_word' id='word_1_343' title='bbox 1559 4063 1811 4134; x_wconf 80' lang='grc' dir='ltr'>ἀρκεῖται</span> <span class='ocrx_word' id='word_1_344' title='bbox 1852 4067 1965 4128; x_wconf 88' lang='grc' dir='ltr'>τοῖς</span> <span class='ocrx_word' id='word_1_345' title='bbox 1994 4065 2094 4135; x_wconf 78' lang='grc' dir='ltr'>τῆς</span> 
     </span>
    </p>
   </div>
   <div class='ocr_carea' id='block_1_45' title="bbox 438 4146 2090 4220">
    <p class='ocr_par' dir='ltr' id='par_1_45' title="bbox 438 4146 2090 4220">
     <span class='ocr_line' id='line_1_45' title="bbox 438 4146 2090 4220; baseline 0.005 -24"><span class='ocrx_word' id='word_1_346' title='bbox 438 4166 444 4173; x_wconf 91' lang='grc'><strong>·</strong></span> <span class='ocrx_word' id='word_1_347' title='bbox 512 4146 728 4215; x_wconf 85' lang='grc' dir='ltr'>φύσεως</span> <span class='ocrx_word' id='word_1_348' title='bbox 762 4147 1001 4217; x_wconf 82' lang='grc' dir='ltr'>μέτροις,</span> <span class='ocrx_word' id='word_1_349' title='bbox 1022 4147 1140 4201; x_wconf 88' lang='grc' dir='ltr'>ἀλλ’</span> <span class='ocrx_word' id='word_1_350' title='bbox 1164 4149 1323 4217; x_wconf 80' lang='grc' dir='ltr'>ἀφεὶς</span> <span class='ocrx_word' id='word_1_351' title='bbox 1348 4148 1489 4202; x_wconf 85' lang='grc' dir='ltr'>αὑτά</span> <span class='ocrx_word' id='word_1_352' title='bbox 1519 4147 2090 4220; x_wconf 76' lang='grc' dir='ltr'>καὶὺπερακοντίσας,</span> 
     </span>
    </p>
   </div>
   <div class='ocr_carea' id='block_1_46' title="bbox 511 4233 2093 4310">
    <p class='ocr_par' dir='ltr' id='par_1_46' title="bbox 511 4233 2093 4310">
     <span class='ocr_line' id='line_1_46' title="bbox 511 4233 2093 4310; baseline 0.002 -20"><span class='ocrx_word' id='word_1_353' title='bbox 511 4234 609 4291; x_wconf 76' lang='grc' dir='ltr'>καὶ</span> <span class='ocrx_word' id='word_1_354' title='bbox 628 4233 793 4305; x_wconf 76' lang='grc' dir='ltr'>ἔτερα</span> <span class='ocrx_word' id='word_1_355' title='bbox 819 4233 982 4287; x_wconf 88' lang='grc' dir='ltr'>πάλιν</span> <span class='ocrx_word' id='word_1_356' title='bbox 1013 4234 1372 4308; x_wconf 79' lang='grc' dir='ltr'>προστίθησιν</span> <span class='ocrx_word' id='word_1_357' title='bbox 1396 4236 1794 4310; x_wconf 85' lang='grc' dir='ltr'>ὑποδείγματα.</span> <span class='ocrx_word' id='word_1_358' title='bbox 1837 4239 2093 4293; x_wconf 87' lang='grc' dir='ltr'>Τοιοῦτον</span> 
     </span>
    </p>
   </div>
   <div class='ocr_carea' id='block_1_47' title="bbox 512 4320 2092 4397">
    <p class='ocr_par' dir='ltr' id='par_1_47' title="bbox 512 4320 2092 4397">
     <span class='ocr_line' id='line_1_47' title="bbox 512 4320 2092 4397; baseline 0.002 -20"><span class='ocrx_word' id='word_1_359' title='bbox 512 4322 623 4395; x_wconf 88' lang='grc' dir='ltr'>γάρ</span> <span class='ocrx_word' id='word_1_360' title='bbox 660 4324 690 4377; x_wconf 89' lang='lat'>6</span> <span class='ocrx_word' id='word_1_361' title='bbox 710 4320 900 4393; x_wconf 73' lang='grc' dir='ltr'>φιλῶνο</span> <span class='ocrx_word' id='word_1_362' title='bbox 933 4321 1085 4397; x_wconf 73' lang='grc'>[475]</span> <span class='ocrx_word' id='word_1_363' title='bbox 1109 4322 1197 4378; x_wconf 83' lang='grc' dir='ltr'>διὰ</span> <span class='ocrx_word' id='word_1_364' title='bbox 1226 4323 1486 4380; x_wconf 88' lang='grc' dir='ltr'>πλειόνων</span> <span class='ocrx_word' id='word_1_365' title='bbox 1539 4327 1789 4397; x_wconf 85' lang='grc' dir='ltr'>βούλεται</span> <span class='ocrx_word' id='word_1_366' title='bbox 1818 4327 2092 4381; x_wconf 84' lang='grc' dir='ltr'>δεικνύναι</span> 
     </span>
    </p>
   </div>
   <div class='ocr_carea' id='block_1_48' title="bbox 511 4410 2094 4486">
    <p class='ocr_par' dir='ltr' id='par_1_48' title="bbox 511 4410 2094 4486">
     <span class='ocr_line' id='line_1_48' title="bbox 511 4410 2094 4486; baseline 0.002 -19"><span class='ocrx_word' id='word_1_367' title='bbox 511 4411 671 4467; x_wconf 86' lang='grc' dir='ltr'>τοῦτο</span> <span class='ocrx_word' id='word_1_368' title='bbox 693 4411 776 4483; x_wconf 76' lang='grc' dir='ltr'>τῷ</span> <span class='ocrx_word' id='word_1_369' title='bbox 798 4410 1126 4485; x_wconf 85' lang='grc' dir='ltr'>φιλουμένῳ·</span> <span class='ocrx_word' id='word_1_370' title='bbox 1145 4413 1175 4467; x_wconf 97' lang='lat'>6</span> <span class='ocrx_word' id='word_1_371' title='bbox 1195 4414 1260 4486; x_wconf 85' lang='grc' dir='ltr'>δὴ</span> <span class='ocrx_word' id='word_1_372' title='bbox 1285 4415 1383 4468; x_wconf 82' lang='grc' dir='ltr'>καὶ</span> <span class='ocrx_word' id='word_1_373' title='bbox 1397 4414 1563 4479; x_wconf 82' lang='grc' dir='ltr'>αὐτὸς</span> <span class='ocrx_word' id='word_1_374' title='bbox 1583 4419 1728 4470; x_wconf 89' lang='grc' dir='ltr'>ποιεῖ</span> <span class='ocrx_word' id='word_1_375' title='bbox 1743 4418 1823 4481; x_wconf 82' lang='grc' dir='ltr'>είς</span> <span class='ocrx_word' id='word_1_376' title='bbox 1851 4416 2094 4473; x_wconf 85' lang='grc' dir='ltr'>τοπικῶν</span> 
     </span>
    </p>
   </div>
   <div class='ocr_carea' id='block_1_49' title="bbox 509 4502 2093 4578">
    <p class='ocr_par' dir='ltr' id='par_1_49' title="bbox 509 4502 2093 4578">
     <span class='ocr_line' id='line_1_49' title="bbox 509 4502 2093 4578; baseline 0.001 -20"><span class='ocrx_word' id='word_1_377' title='bbox 509 4502 895 4575; x_wconf 84' lang='grc' dir='ltr'>διαστημάτων</span> <span class='ocrx_word' id='word_1_378' title='bbox 949 4502 1181 4572; x_wconf 84' lang='grc' dir='ltr'>μέγεθος</span> <span class='ocrx_word' id='word_1_379' title='bbox 1239 4502 1452 4573; x_wconf 75' lang='grc' dir='ltr'>ἐξάγων</span> <span class='ocrx_word' id='word_1_380' title='bbox 1502 4504 1595 4559; x_wconf 85' lang='grc' dir='ltr'>τόν</span> <span class='ocrx_word' id='word_1_381' title='bbox 1645 4504 1820 4576; x_wconf 88' lang='grc' dir='ltr'>λόγον,</span> <span class='ocrx_word' id='word_1_382' title='bbox 1851 4506 1950 4578; x_wconf 79' lang='grc' dir='ltr'>οὐχ</span> <span class='ocrx_word' id='word_1_383' title='bbox 2004 4507 2093 4561; x_wconf 78' lang='grc' dir='ltr'>ἵνα</span> 
     </span>
    </p>
   </div>
   <div class='ocr_carea' id='block_1_50' title="bbox 513 4592 2092 4666">
    <p class='ocr_par' dir='ltr' id='par_1_50' title="bbox 513 4592 2092 4666">
     <span class='ocr_line' id='line_1_50' title="bbox 513 4592 2092 4666; baseline 0.001 -20"><span class='ocrx_word' id='word_1_384' title='bbox 513 4593 673 4648; x_wconf 90' lang='grc' dir='ltr'>πάλιν</span> <span class='ocrx_word' id='word_1_385' title='bbox 706 4592 959 4647; x_wconf 87' lang='grc' dir='ltr'>τοσοῦτον</span> <span class='ocrx_word' id='word_1_386' title='bbox 990 4592 1155 4647; x_wconf 84' lang='grc' dir='ltr'>αὑτοῦ</span> <span class='ocrx_word' id='word_1_387' title='bbox 1181 4592 1411 4665; x_wconf 76' lang='grc' dir='ltr'>νομίσῃς</span> <span class='ocrx_word' id='word_1_388' title='bbox 1429 4592 1492 4647; x_wconf 84' lang='grc' dir='ltr'>τὸ</span> <span class='ocrx_word' id='word_1_389' title='bbox 1512 4592 1754 4665; x_wconf 87' lang='grc' dir='ltr'>φίλτρον,</span> <span class='ocrx_word' id='word_1_390' title='bbox 1774 4593 1889 4647; x_wconf 85' lang='grc' dir='ltr'>ἀλλ’</span> <span class='ocrx_word' id='word_1_391' title='bbox 1905 4594 2092 4666; x_wconf 75' lang='grc' dir='ltr'>ἐπειδὴ</span> 
     </span>
    </p>
   </div>
   <div class='ocr_carea' id='block_1_51' title="bbox 511 4683 2087 4759">
    <p class='ocr_par' dir='ltr' id='par_1_51' title="bbox 511 4683 2087 4759">
     <span class='ocr_line' id='line_1_51' title="bbox 511 4683 2087 4759; baseline 0.004 -21"><span class='ocrx_word' id='word_1_392' title='bbox 511 4686 671 4740; x_wconf 81' lang='grc' dir='ltr'>τοῦτο</span> <span class='ocrx_word' id='word_1_393' title='bbox 694 4686 854 4757; x_wconf 89' lang='grc' dir='ltr'>μόνον</span> <span class='ocrx_word' id='word_1_394' title='bbox 886 4685 946 4740; x_wconf 86' lang='grc' dir='ltr'>τὸ</span> <span class='ocrx_word' id='word_1_395' title='bbox 969 4685 1166 4758; x_wconf 89' lang='grc' dir='ltr'>μέτρον</span> <span class='ocrx_word' id='word_1_396' title='bbox 1203 4683 1313 4739; x_wconf 83' lang='grc' dir='ltr'>τῶν</span> <span class='ocrx_word' id='word_1_397' title='bbox 1359 4685 1746 4759; x_wconf 86' lang='grc' dir='ltr'>διαστημάτων</span> <span class='ocrx_word' id='word_1_398' title='bbox 1775 4686 1883 4740; x_wconf 84' lang='grc' dir='ltr'>τῶν</span> <span class='ocrx_word' id='word_1_399' title='bbox 1909 4687 2087 4744; x_wconf 82' lang='grc' dir='ltr'>ἄλλων</span> 
     </span>
    </p>
   </div>
   <div class='ocr_carea' id='block_1_52' title="bbox 512 4773 2093 4851">
    <p class='ocr_par' dir='ltr' id='par_1_52' title="bbox 512 4773 2093 4851">
     <span class='ocr_line' id='line_1_52' title="bbox 512 4773 2093 4851; baseline 0.001 -20"><span class='ocrx_word' id='word_1_400' title='bbox 512 4778 787 4851; x_wconf 79' lang='grc' dir='ltr'>ἐξαίρετον</span> <span class='ocrx_word' id='word_1_401' title='bbox 829 4782 924 4833; x_wconf 78' lang='grc' dir='ltr'>καὶ</span> <span class='ocrx_word' id='word_1_402' title='bbox 961 4778 1237 4851; x_wconf 83' lang='grc' dir='ltr'>γνώριμον</span> <span class='ocrx_word' id='word_1_403' title='bbox 1276 4773 1345 4850; x_wconf 81' lang='grc' dir='ltr'>ἦν</span> <span class='ocrx_word' id='word_1_404' title='bbox 1383 4781 1496 4844; x_wconf 90' lang='grc' dir='ltr'>τοῖς</span> <span class='ocrx_word' id='word_1_405' title='bbox 1537 4777 1819 4834; x_wconf 86' lang='grc' dir='ltr'>ἀκούουσι.</span> <span class='ocrx_word' id='word_1_406' title='bbox 1868 4780 1978 4833; x_wconf 78' lang='grc' dir='ltr'>Καὶ</span> <span class='ocrx_word' id='word_1_407' title='bbox 2003 4779 2093 4834; x_wconf 74' lang='grc' dir='ltr'>διὰ</span> 
     </span>
    </p>
   </div>
   <div class='ocr_carea' id='block_1_53' title="bbox 515 4869 2094 4942">
    <p class='ocr_par' dir='ltr' id='par_1_53' title="bbox 515 4869 2094 4942">
     <span class='ocr_line' id='line_1_53' title="bbox 515 4869 2094 4942; baseline 0.003 -21"><span class='ocrx_word' id='word_1_408' title='bbox 515 4870 611 4939; x_wconf 83' lang='grc' dir='ltr'>μὲν</span> <span class='ocrx_word' id='word_1_409' title='bbox 638 4869 733 4922; x_wconf 90' lang='grc' dir='ltr'>τοῦ</span> <span class='ocrx_word' id='word_1_410' title='bbox 774 4871 936 4924; x_wconf 80' lang='grc' dir='ltr'>Δαυῖδ</span> <span class='ocrx_word' id='word_1_411' title='bbox 996 4888 1149 4941; x_wconf 66' lang='grc' dir='ltr'>φησιυ</span> <span class='ocrx_word' id='word_1_412' title='bbox 1185 4871 1347 4926; x_wconf 85' lang='grc' dir='ltr'>Κατὰ</span> <span class='ocrx_word' id='word_1_413' title='bbox 1379 4873 1444 4926; x_wconf 88' lang='grc' dir='ltr'>τὸ</span> <span class='ocrx_word' id='word_1_414' title='bbox 1473 4872 1633 4941; x_wconf 72' lang='grc' dir='ltr'>ὕψος</span> <span class='ocrx_word' id='word_1_415' title='bbox 1681 4871 1788 4926; x_wconf 87' lang='grc' dir='ltr'>τοῦ</span> <span class='ocrx_word' id='word_1_416' title='bbox 1833 4872 2094 4942; x_wconf 80' lang='grc' dir='ltr'>οὐρανοῦ</span> 
     </span>
    </p>
   </div>
   <div class='ocr_carea' id='block_1_54' title="bbox 514 4959 2092 5034">
    <p class='ocr_par' dir='ltr' id='par_1_54' title="bbox 514 4959 2092 5034">
     <span class='ocr_line' id='line_1_54' title="bbox 514 4959 2092 5034; baseline 0.004 -19"><span class='ocrx_word' id='word_1_417' title='bbox 514 4961 631 5015; x_wconf 81' lang='grc' dir='ltr'>ἀπὸ</span> <span class='ocrx_word' id='word_1_418' title='bbox 672 4959 780 5028; x_wconf 79' lang='grc' dir='ltr'>τῆς</span> <span class='ocrx_word' id='word_1_419' title='bbox 817 4962 930 5032; x_wconf 77' lang='grc' dir='ltr'>γῆς</span> <span class='ocrx_word' id='word_1_420' title='bbox 967 4964 1332 5032; x_wconf 81' lang='grc' dir='ltr'>ἐκραταίωσε</span> <span class='ocrx_word' id='word_1_421' title='bbox 1361 4963 1576 5034; x_wconf 83' lang='grc' dir='ltr'>Κύριος</span> <span class='ocrx_word' id='word_1_422' title='bbox 1611 4965 1679 5019; x_wconf 85' lang='grc' dir='ltr'>τὸ</span> <span class='ocrx_word' id='word_1_423' title='bbox 1712 4965 1886 5033; x_wconf 75' lang='grc' dir='ltr'>ἕλεος</span> <span class='ocrx_word' id='word_1_424' title='bbox 1905 4967 2092 5022; x_wconf 82' lang='grc' dir='ltr'>αὐτοῦ</span> 
     </span>
    </p>
   </div>
   <div class='ocr_carea' id='block_1_55' title="bbox 515 5050 2094 5123">
    <p class='ocr_par' dir='ltr' id='par_1_55' title="bbox 515 5050 2094 5123">
     <span class='ocr_line' id='line_1_55' title="bbox 515 5050 2094 5123; baseline 0.006 -21"><span class='ocrx_word' id='word_1_425' title='bbox 515 5050 610 5103; x_wconf 79' lang='grc' dir='ltr'>ἐπὶ</span> <span class='ocrx_word' id='word_1_426' title='bbox 658 5050 797 5117; x_wconf 82' lang='grc' dir='ltr'>τοὺς</span> <span class='ocrx_word' id='word_1_427' title='bbox 849 5055 1260 5123; x_wconf 61' lang='grc' dir='ltr'>φοϐουμένους</span> <span class='ocrx_word' id='word_1_428' title='bbox 1310 5058 1521 5111; x_wconf 82' lang='grc' dir='ltr'>αὐτόν·</span> <span class='ocrx_word' id='word_1_429' title='bbox 1580 5058 1694 5121; x_wconf 77' lang='grc' dir='ltr'>καὶ,</span> <span class='ocrx_word' id='word_1_430' title='bbox 1756 5060 1898 5112; x_wconf 81' lang='grc' dir='ltr'>Καθ’</span> <span class='ocrx_word' id='word_1_431' title='bbox 1943 5057 2094 5113; x_wconf 82' lang='grc' dir='ltr'>ὅσον</span> 
     </span>
    </p>
   </div>
   <div class='ocr_carea' id='block_1_56' title="bbox 518 5142 2096 5221">
    <p class='ocr_par' dir='ltr' id='par_1_56' title="bbox 518 5142 2096 5221">
     <span class='ocr_line' id='line_1_56' title="bbox 518 5142 2096 5221; baseline 0.006 -25"><span class='ocrx_word' id='word_1_432' title='bbox 518 5142 852 5212; x_wconf 74' lang='grc' dir='ltr'>ἀπέχουσιν</span> <span class='ocrx_word' id='word_1_433' title='bbox 910 5147 1196 5202; x_wconf 75' lang='grc' dir='ltr'>ἀνατολαὶ</span> <span class='ocrx_word' id='word_1_434' title='bbox 1249 5150 1367 5203; x_wconf 85' lang='grc' dir='ltr'>ἀπὸ</span> <span class='ocrx_word' id='word_1_435' title='bbox 1419 5150 1701 5220; x_wconf 81' lang='grc' dir='ltr'>δυσμῶν,</span> <span class='ocrx_word' id='word_1_436' title='bbox 1758 5151 2096 5221; x_wconf 69' lang='grc' dir='ltr'>ἐμάχρυνεν</span> 
     </span>
    </p>
   </div>
   <div class='ocr_carea' id='block_1_57' title="bbox 519 5234 2088 5309">
    <p class='ocr_par' dir='ltr' id='par_1_57' title="bbox 519 5234 2088 5309">
     <span class='ocr_line' id='line_1_57' title="bbox 519 5234 2088 5309; baseline 0.006 -23"><span class='ocrx_word' id='word_1_437' title='bbox 519 5234 614 5302; x_wconf 64' lang='grc' dir='ltr'>ἀφ’</span> <span class='ocrx_word' id='word_1_438' title='bbox 640 5234 812 5303; x_wconf 70' lang='grc' dir='ltr'>ἡμῶν</span> <span class='ocrx_word' id='word_1_439' title='bbox 832 5236 937 5301; x_wconf 85' lang='grc' dir='ltr'>τὰς</span> <span class='ocrx_word' id='word_1_440' title='bbox 974 5238 1227 5307; x_wconf 78' lang='grc' dir='ltr'>ἀνομίας</span> <span class='ocrx_word' id='word_1_441' title='bbox 1259 5239 1446 5309; x_wconf 76' lang='grc' dir='ltr'>ἡμῶν·</span> <span class='ocrx_word' id='word_1_442' title='bbox 1506 5242 1595 5296; x_wconf 84' lang='grc' dir='ltr'>διὰ</span> <span class='ocrx_word' id='word_1_443' title='bbox 1625 5242 1719 5296; x_wconf 90' lang='grc' dir='ltr'>τοῦ</span> <span class='ocrx_word' id='word_1_444' title='bbox 1764 5244 1988 5297; x_wconf 81' lang='grc' dir='ltr'>Ἡσαΐου</span> <span class='ocrx_word' id='word_1_445' title='bbox 2011 5242 2088 5295; x_wconf 75' lang='grc' dir='ltr'>δέ’</span> 
     </span>
    </p>
   </div>
   <div class='ocr_carea' id='block_1_58' title="bbox 518 5324 2091 5404">
    <p class='ocr_par' dir='ltr' id='par_1_58' title="bbox 518 5324 2091 5404">
     <span class='ocr_line' id='line_1_58' title="bbox 518 5324 2091 5404; baseline 0.008 -27"><span class='ocrx_word' id='word_1_446' title='bbox 518 5326 593 5378; x_wconf 77' lang='grc' dir='ltr'>Ωὺ</span> <span class='ocrx_word' id='word_1_447' title='bbox 623 5324 734 5395; x_wconf 79' lang='grc' dir='ltr'>γάρ</span> <span class='ocrx_word' id='word_1_448' title='bbox 762 5329 921 5382; x_wconf 72' lang='grc' dir='ltr'>εἰσιν</span> <span class='ocrx_word' id='word_1_449' title='bbox 956 5330 1015 5382; x_wconf 84' lang='grc' dir='ltr'>αἱ</span> <span class='ocrx_word' id='word_1_450' title='bbox 1029 5329 1258 5395; x_wconf 79' lang='grc' dir='ltr'>βουλαί</span> <span class='ocrx_word' id='word_1_451' title='bbox 1278 5349 1419 5403; x_wconf 87' lang='grc' dir='ltr'>μου,</span> <span class='ocrx_word' id='word_1_452' title='bbox 1445 5334 1524 5399; x_wconf 87' lang='grc' dir='ltr'>ὠς</span> <span class='ocrx_word' id='word_1_453' title='bbox 1552 5338 1611 5388; x_wconf 86' lang='grc' dir='ltr'>αί</span> <span class='ocrx_word' id='word_1_454' title='bbox 1637 5334 1865 5399; x_wconf 81' lang='grc' dir='ltr'>βουλαὶ</span> <span class='ocrx_word' id='word_1_455' title='bbox 1891 5333 2091 5404; x_wconf 82' lang='grc' dir='ltr'>ὑμῶν,</span> 
     </span>
    </p>
   </div>
   <div class='ocr_carea' id='block_1_59' title="bbox 513 5415 2095 5495">
    <p class='ocr_par' dir='ltr' id='par_1_59' title="bbox 513 5415 2095 5495">
     <span class='ocr_line' id='line_1_59' title="bbox 513 5415 2095 5495; baseline 0.007 -26"><span class='ocrx_word' id='word_1_456' title='bbox 513 5415 657 5470; x_wconf 80' lang='grc' dir='ltr'>οὐδὲ</span> <span class='ocrx_word' id='word_1_457' title='bbox 693 5422 752 5473; x_wconf 77' lang='lat' dir='ltr'>al</span> <span class='ocrx_word' id='word_1_458' title='bbox 782 5420 912 5473; x_wconf 87' lang='grc' dir='ltr'>όδοί</span> <span class='ocrx_word' id='word_1_459' title='bbox 952 5441 1093 5491; x_wconf 81' lang='grc' dir='ltr'>μου,</span> <span class='ocrx_word' id='word_1_460' title='bbox 1140 5426 1221 5489; x_wconf 86' lang='grc' dir='ltr'>ὡς</span> <span class='ocrx_word' id='word_1_461' title='bbox 1282 5428 1341 5479; x_wconf 83' lang='grc' dir='ltr'>αἱ</span> <span class='ocrx_word' id='word_1_462' title='bbox 1379 5425 1507 5479; x_wconf 81' lang='grc' dir='ltr'>όδοὶ</span> <span class='ocrx_word' id='word_1_463' title='bbox 1555 5425 1745 5495; x_wconf 79' lang='grc' dir='ltr'>ὑμῶν’</span> <span class='ocrx_word' id='word_1_464' title='bbox 1780 5426 1917 5480; x_wconf 74' lang='grc' dir='ltr'>ἀλλ’</span> <span class='ocrx_word' id='word_1_465' title='bbox 1943 5426 2095 5480; x_wconf 88' lang='grc' dir='ltr'>ὅσον</span> 
     </span>
    </p>
   </div>
   <div class='ocr_carea' id='block_1_60' title="bbox 514 5509 2093 5587">
    <p class='ocr_par' dir='ltr' id='par_1_60' title="bbox 514 5509 2093 5587">
     <span class='ocr_line' id='line_1_60' title="bbox 514 5509 2093 5587; baseline 0.006 -24"><span class='ocrx_word' id='word_1_466' title='bbox 514 5509 724 5580; x_wconf 78' lang='grc' dir='ltr'>ἀπέχει</span> <span class='ocrx_word' id='word_1_467' title='bbox 756 5514 789 5563; x_wconf 85' lang='grc' dir='ltr'>ό</span> <span class='ocrx_word' id='word_1_468' title='bbox 821 5513 1076 5581; x_wconf 76' lang='grc' dir='ltr'>οὐρανὸς</span> <span class='ocrx_word' id='word_1_469' title='bbox 1091 5515 1209 5568; x_wconf 83' lang='grc' dir='ltr'>ἀπὸ</span> <span class='ocrx_word' id='word_1_470' title='bbox 1243 5515 1353 5585; x_wconf 83' lang='grc' dir='ltr'>τῆς</span> <span class='ocrx_word' id='word_1_471' title='bbox 1375 5517 1815 5586; x_wconf 75' lang='grc' dir='ltr'>γῆς,τυσοῦτον</span> <span class='ocrx_word' id='word_1_472' title='bbox 1835 5519 2093 5587; x_wconf 81' lang='grc' dir='ltr'>ἀπέχου-</span> 
     </span>
    </p>
   </div>
   <div class='ocr_carea' id='block_1_61' title="bbox 514 5604 2093 5678">
    <p class='ocr_par' dir='ltr' id='par_1_61' title="bbox 514 5604 2093 5678">
     <span class='ocr_line' id='line_1_61' title="bbox 514 5604 2093 5678; baseline 0.006 -22"><span class='ocrx_word' id='word_1_473' title='bbox 514 5619 619 5656; x_wconf 74' lang='grc' dir='ltr'>σιν</span> <span class='ocrx_word' id='word_1_474' title='bbox 647 5606 706 5658; x_wconf 79' lang='grc' dir='ltr'>αἱ</span> <span class='ocrx_word' id='word_1_475' title='bbox 744 5604 874 5659; x_wconf 77' lang='grc' dir='ltr'>όδοί</span> <span class='ocrx_word' id='word_1_476' title='bbox 895 5623 1013 5674; x_wconf 85' lang='grc' dir='ltr'>μου</span> <span class='ocrx_word' id='word_1_477' title='bbox 1039 5607 1156 5661; x_wconf 82' lang='grc' dir='ltr'>ἀπὸ</span> <span class='ocrx_word' id='word_1_478' title='bbox 1188 5607 1304 5661; x_wconf 82' lang='grc' dir='ltr'>τῶν</span> <span class='ocrx_word' id='word_1_479' title='bbox 1331 5609 1487 5664; x_wconf 81' lang='grc' dir='ltr'>όδῶν</span> <span class='ocrx_word' id='word_1_480' title='bbox 1519 5610 1707 5678; x_wconf 81' lang='grc' dir='ltr'>ὑμῶν,</span> <span class='ocrx_word' id='word_1_481' title='bbox 1738 5612 1835 5665; x_wconf 79' lang='grc' dir='ltr'>καὶ</span> <span class='ocrx_word' id='word_1_482' title='bbox 1862 5611 1934 5664; x_wconf 86' lang='grc' dir='ltr'>τὰ</span> <span class='ocrx_word' id='word_1_483' title='bbox 1966 5612 2093 5666; x_wconf 87' lang='grc' dir='ltr'>δια-</span> 
     </span>
    </p>
   </div>
   <div class='ocr_carea' id='block_1_62' title="bbox 514 5693 2091 5771">
    <p class='ocr_par' dir='ltr' id='par_1_62' title="bbox 514 5693 2091 5771">
     <span class='ocr_line' id='line_1_62' title="bbox 514 5693 2091 5771; baseline 0.007 -25"><span class='ocrx_word' id='word_1_484' title='bbox 514 5693 781 5762; x_wconf 68' lang='grc' dir='ltr'>νοήματά</span> <span class='ocrx_word' id='word_1_485' title='bbox 807 5712 928 5763; x_wconf 85' lang='grc' dir='ltr'>μου</span> <span class='ocrx_word' id='word_1_486' title='bbox 969 5695 1085 5751; x_wconf 79' lang='grc' dir='ltr'>ἀπὺ</span> <span class='ocrx_word' id='word_1_487' title='bbox 1112 5696 1228 5753; x_wconf 70' lang='grc' dir='ltr'>τῶν</span> <span class='ocrx_word' id='word_1_488' title='bbox 1251 5699 1662 5769; x_wconf 68' lang='grc' dir='ltr'>διανοημάτων</span> <span class='ocrx_word' id='word_1_489' title='bbox 1698 5701 1883 5771; x_wconf 76' lang='grc' dir='ltr'>ὑμῶν.</span> <span class='ocrx_word' id='word_1_490' title='bbox 1907 5703 2091 5758; x_wconf 79' lang='grc' dir='ltr'>Ταῦτα</span> 
     </span>
    </p>
   </div>
   <div class='ocr_carea' id='block_1_63' title="bbox 1288 6098 1593 6174">
    <p class='ocr_par' dir='ltr' id='par_1_63' title="bbox 1288 6098 1593 6174">
     <span class='ocr_line' id='line_1_63' title="bbox 1288 6098 1593 6174; baseline 0 0"><span class='ocrx_word' id='word_1_491' title='bbox 1288 6098 1593 6174; x_wconf 54' lang='lat'>11&#39;</span> 
     </span>
    </p>
   </div>
   <div class='ocr_carea' id='block_1_64' title="bbox 1208 242 3102 314">
    <p class='ocr_par' dir='ltr' id='par_1_64' title="bbox 1208 242 3102 314">
     <span class='ocr_line' id='line_1_64' title="bbox 1208 242 3102 314; baseline 0.004 -8"><span class='ocrx_word' id='word_1_492' title='bbox 1208 250 1266 306; x_wconf 93' lang='lat' dir='ltr'>S.</span> <span class='ocrx_word' id='word_1_493' title='bbox 1310 247 1598 308; x_wconf 80' lang='lat' dir='ltr'>JOANNIS</span> <span class='ocrx_word' id='word_1_494' title='bbox 1636 242 2133 304; x_wconf 74' lang='lat' dir='ltr'>CHRYSOSTOMI</span> <span class='ocrx_word' id='word_1_495' title='bbox 2184 251 2506 310; x_wconf 82' lang='lat' dir='ltr'>ARCIIIEP.</span> <span class='ocrx_word' id='word_1_496' title='bbox 2550 255 3102 314; x_wconf 72' lang='lat' dir='ltr'>CONSTANTINOP.</span> 
     </span>
    </p>
   </div>
   <div class='ocr_carea' id='block_1_65' title="bbox 3610 263 3764 325">
    <p class='ocr_par' dir='ltr' id='par_1_65' title="bbox 3610 263 3764 325">
     <span class='ocr_line' id='line_1_65' title="bbox 3610 263 3764 325; baseline 0.006 -11"><span class='ocrx_word' id='word_1_497' title='bbox 3610 320 3617 325; x_wconf 89' lang='lat'>_</span> <span class='ocrx_word' id='word_1_498' title='bbox 3666 263 3764 316; x_wconf 64' lang='grc'>490</span> 
     </span>
    </p>
   </div>
   <div class='ocr_carea' id='block_1_66' title="bbox 2187 371 3766 448">
    <p class='ocr_par' dir='ltr' id='par_1_66' title="bbox 2187 371 3766 448">
     <span class='ocr_line' id='line_1_66' title="bbox 2187 371 3766 448; baseline 0.006 -23"><span class='ocrx_word' id='word_1_499' title='bbox 2187 371 2242 426; x_wconf 80' lang='grc' dir='ltr'>δὲ</span> <span class='ocrx_word' id='word_1_500' title='bbox 2293 372 2501 442; x_wconf 77' lang='grc' dir='ltr'>ἔλεγεν,</span> <span class='ocrx_word' id='word_1_501' title='bbox 2559 374 2817 447; x_wconf 84' lang='grc' dir='ltr'>ἀνωτέρω</span> <span class='ocrx_word' id='word_1_502' title='bbox 2865 375 2990 446; x_wconf 76' lang='grc' dir='ltr'>περὶ</span> <span class='ocrx_word' id='word_1_503' title='bbox 3056 373 3307 444; x_wconf 79' lang='grc' dir='ltr'>ἀφέσεως</span> <span class='ocrx_word' id='word_1_504' title='bbox 3358 375 3766 448; x_wconf 85' lang='grc' dir='ltr'>ἁμαρτημάτων</span> 
     </span>
    </p>
   </div>
   <div class='ocr_carea' id='block_1_67' title="bbox 2187 465 3766 538">
    <p class='ocr_par' dir='ltr' id='par_1_67' title="bbox 2187 465 3766 538">
     <span class='ocr_line' id='line_1_67' title="bbox 2187 465 3766 538; baseline 0.003 -20"><span class='ocrx_word' id='word_1_505' title='bbox 2187 465 2510 536; x_wconf 79' lang='grc' dir='ltr'>διαλεχθεὶς,</span> <span class='ocrx_word' id='word_1_506' title='bbox 2543 467 2640 520; x_wconf 75' lang='grc' dir='ltr'>καὶ</span> <span class='ocrx_word' id='word_1_507' title='bbox 2690 465 2884 531; x_wconf 85' lang='grc' dir='ltr'>εἰπὼν,</span> <span class='ocrx_word' id='word_1_508' title='bbox 2926 466 3047 520; x_wconf 83' lang='grc' dir='ltr'>Ὅτι</span> <span class='ocrx_word' id='word_1_509' title='bbox 3089 465 3189 519; x_wconf 79' lang='grc' dir='ltr'>ἐπὶ</span> <span class='ocrx_word' id='word_1_510' title='bbox 3222 467 3382 521; x_wconf 82' lang='grc' dir='ltr'>πολὺ</span> <span class='ocrx_word' id='word_1_511' title='bbox 3418 468 3636 538; x_wconf 68' lang='grc' dir='ltr'>ἀφήσω</span> <span class='ocrx_word' id='word_1_512' title='bbox 3665 471 3766 537; x_wconf 85' lang='grc' dir='ltr'>τὰς</span> 
     </span>
    </p>
   </div>
   <div class='ocr_carea' id='block_1_68' title="bbox 2191 556 3770 633">
    <p class='ocr_par' dir='ltr' id='par_1_68' title="bbox 2191 556 3770 633">
     <span class='ocr_line' id='line_1_68' title="bbox 2191 556 3770 633; baseline 0.004 -22"><span class='ocrx_word' id='word_1_513' title='bbox 2191 558 2443 626; x_wconf 79' lang='grc' dir='ltr'>ἀνομίας</span> <span class='ocrx_word' id='word_1_514' title='bbox 2482 558 2669 630; x_wconf 75' lang='grc' dir='ltr'>ὑμῶν.</span> <span class='ocrx_word' id='word_1_515' title='bbox 2707 556 2842 614; x_wconf 80' lang='grc' dir='ltr'>Εἶτα</span> <span class='ocrx_word' id='word_1_516' title='bbox 2861 558 3076 622; x_wconf 78' lang='grc' dir='ltr'>δεικνὺς</span> <span class='ocrx_word' id='word_1_517' title='bbox 3106 559 3294 624; x_wconf 87' lang='grc' dir='ltr'>πόσον,</span> <span class='ocrx_word' id='word_1_518' title='bbox 3333 561 3579 633; x_wconf 79' lang='grc' dir='ltr'>ἐπήγαγε</span> <span class='ocrx_word' id='word_1_519' title='bbox 3616 563 3770 617; x_wconf 87' lang='grc' dir='ltr'>τοῦτο</span> 
     </span>
    </p>
   </div>
   <div class='ocr_carea' id='block_1_69' title="bbox 2190 649 3771 726">
    <p class='ocr_par' dir='ltr' id='par_1_69' title="bbox 2190 649 3771 726">
     <span class='ocr_line' id='line_1_69' title="bbox 2190 649 3771 726; baseline 0.004 -23"><span class='ocrx_word' id='word_1_520' title='bbox 2190 649 2252 703; x_wconf 82' lang='grc' dir='ltr'>τὺ</span> <span class='ocrx_word' id='word_1_521' title='bbox 2276 650 2599 721; x_wconf 82' lang='grc' dir='ltr'>ὑπόδειγμα’</span> <span class='ocrx_word' id='word_1_522' title='bbox 2632 655 2727 706; x_wconf 72' lang='grc' dir='ltr'>καὶ</span> <span class='ocrx_word' id='word_1_523' title='bbox 2752 653 2872 708; x_wconf 84' lang='grc' dir='ltr'>οὑδὲ</span> <span class='ocrx_word' id='word_1_524' title='bbox 2901 654 3114 719; x_wconf 85' lang='grc' dir='ltr'>τούτοις</span> <span class='ocrx_word' id='word_1_525' title='bbox 3146 655 3396 726; x_wconf 79' lang='grc' dir='ltr'>ἀρκεῖται</span> <span class='ocrx_word' id='word_1_526' title='bbox 3431 653 3634 724; x_wconf 82' lang='grc' dir='ltr'>μόνοις,</span> <span class='ocrx_word' id='word_1_527' title='bbox 3661 656 3771 709; x_wconf 78' lang='grc' dir='ltr'>ἀλλ’</span> 
     </span>
    </p>
   </div>
   <div class='ocr_carea' id='block_1_70' title="bbox 2192 739 3768 813">
    <p class='ocr_par' dir='ltr' id='par_1_70' title="bbox 2192 739 3768 813">
     <span class='ocr_line' id='line_1_70' title="bbox 2192 739 3768 813; baseline 0.006 -22"><span class='ocrx_word' id='word_1_528' title='bbox 2192 740 2273 802; x_wconf 76' lang='grc' dir='ltr'>εἰς</span> <span class='ocrx_word' id='word_1_529' title='bbox 2304 739 2498 808; x_wconf 74' lang='grc' dir='ltr'>ἑτέραν</span> <span class='ocrx_word' id='word_1_530' title='bbox 2520 741 2829 813; x_wconf 88' lang='grc' dir='ltr'>παχυτέραν</span> <span class='ocrx_word' id='word_1_531' title='bbox 2854 755 2880 783; x_wconf 78' lang='grc' dir='ltr'>ιι</span> <span class='ocrx_word' id='word_1_532' title='bbox 2906 743 3205 813; x_wconf 86' lang='grc' dir='ltr'>καταφέρει</span> <span class='ocrx_word' id='word_1_533' title='bbox 3233 743 3324 796; x_wconf 76' lang='grc' dir='ltr'>τὸν</span> <span class='ocrx_word' id='word_1_534' title='bbox 3371 743 3530 812; x_wconf 85' lang='grc' dir='ltr'>λόγον</span> <span class='ocrx_word' id='word_1_535' title='bbox 3569 745 3768 800; x_wconf 75' lang='grc' dir='ltr'>εἰκόνα.</span> 
     </span>
    </p>
   </div>
   <div class='ocr_carea' id='block_1_71' title="bbox 2206 833 3773 907">
    <p class='ocr_par' dir='ltr' id='par_1_71' title="bbox 2206 833 3773 907">
     <span class='ocr_line' id='line_1_71' title="bbox 2206 833 3773 907; baseline 0.004 -22"><span class='ocrx_word' id='word_1_536' title='bbox 2206 833 2294 885; x_wconf 82' lang='grc' dir='ltr'>Ἐν</span> <span class='ocrx_word' id='word_1_537' title='bbox 2320 833 2429 903; x_wconf 77' lang='grc' dir='ltr'>γάρ</span> <span class='ocrx_word' id='word_1_538' title='bbox 2457 833 2535 903; x_wconf 81' lang='grc' dir='ltr'>τῷ</span> <span class='ocrx_word' id='word_1_539' title='bbox 2582 834 2743 905; x_wconf 82' lang='grc' dir='ltr'>Ὠσηὲ</span> <span class='ocrx_word' id='word_1_540' title='bbox 2772 834 2944 903; x_wconf 80' lang='grc' dir='ltr'>ἔλεγε·</span> <span class='ocrx_word' id='word_1_541' title='bbox 2977 836 3037 890; x_wconf 89' lang='grc' dir='ltr'>Τί</span> <span class='ocrx_word' id='word_1_542' title='bbox 3059 850 3161 889; x_wconf 85' lang='grc' dir='ltr'>σοι</span> <span class='ocrx_word' id='word_1_543' title='bbox 3193 834 3448 902; x_wconf 81' lang='grc' dir='ltr'>ποιήσω,</span> <span class='ocrx_word' id='word_1_544' title='bbox 3491 838 3735 907; x_wconf 62' lang='grc' dir='ltr'>Ἐφραΐμ</span> <span class='ocrx_word' id='word_1_545' title='bbox 3751 854 3773 904; x_wconf 89' lang='grc'><em>;</em></span> 
     </span>
    </p>
   </div>
   <div class='ocr_carea' id='block_1_72' title="bbox 2191 924 3775 999">
    <p class='ocr_par' dir='ltr' id='par_1_72' title="bbox 2191 924 3775 999">
     <span class='ocr_line' id='line_1_72' title="bbox 2191 924 3775 999; baseline 0.004 -22"><span class='ocrx_word' id='word_1_546' title='bbox 2191 924 2250 978; x_wconf 86' lang='grc' dir='ltr'>τί</span> <span class='ocrx_word' id='word_1_547' title='bbox 2276 940 2375 979; x_wconf 93' lang='grc' dir='ltr'>σοι</span> <span class='ocrx_word' id='word_1_548' title='bbox 2415 925 2668 992; x_wconf 73' lang='grc' dir='ltr'>ποιήσω,</span> <span class='ocrx_word' id='word_1_549' title='bbox 2731 926 2929 981; x_wconf 84' lang='grc' dir='ltr'>Ἰούδα</span> <span class='ocrx_word' id='word_1_550' title='bbox 2983 928 3046 992; x_wconf 70' lang='grc'>1);</span> <span class='ocrx_word' id='word_1_551' title='bbox 3086 928 3181 994; x_wconf 82' lang='grc' dir='ltr'>Ὠς</span> <span class='ocrx_word' id='word_1_552' title='bbox 3226 927 3451 997; x_wconf 82' lang='grc' dir='ltr'>Ἀδιίμα</span> <span class='ocrx_word' id='word_1_553' title='bbox 3517 929 3775 999; x_wconf 79' lang='grc' dir='ltr'>θήσομαί</span> 
     </span>
    </p>
   </div>
   <div class='ocr_carea' id='block_1_73' title="bbox 2192 1012 3772 1091">
    <p class='ocr_par' dir='ltr' id='par_1_73' title="bbox 2192 1012 3772 1091">
     <span class='ocr_line' id='line_1_73' title="bbox 2192 1012 3772 1091; baseline 0.001 -21"><span class='ocrx_word' id='word_1_554' title='bbox 2192 1032 2287 1083; x_wconf 88' lang='grc' dir='ltr'>σε,</span> <span class='ocrx_word' id='word_1_555' title='bbox 2322 1016 2421 1070; x_wconf 78' lang='grc' dir='ltr'>καὶ</span> <span class='ocrx_word' id='word_1_556' title='bbox 2469 1019 2550 1084; x_wconf 82' lang='grc' dir='ltr'>ὡς</span> <span class='ocrx_word' id='word_1_557' title='bbox 2584 1018 2845 1088; x_wconf 81' lang='grc' dir='ltr'>Σεϐοείμ.</span> <span class='ocrx_word' id='word_1_558' title='bbox 2892 1012 3280 1088; x_wconf 63' lang='grc' dir='ltr'>Μετεστριίφη</span> <span class='ocrx_word' id='word_1_559' title='bbox 3335 1020 3373 1085; x_wconf 79' lang='grc' dir='ltr'>ἡ</span> <span class='ocrx_word' id='word_1_560' title='bbox 3409 1020 3623 1088; x_wconf 79' lang='grc' dir='ltr'>καρδιά</span> <span class='ocrx_word' id='word_1_561' title='bbox 3656 1039 3772 1091; x_wconf 82' lang='grc' dir='ltr'>μου</span> 
     </span>
    </p>
   </div>
   <div class='ocr_carea' id='block_1_74' title="bbox 2191 1108 3772 1181">
    <p class='ocr_par' dir='ltr' id='par_1_74' title="bbox 2191 1108 3772 1181">
     <span class='ocr_line' id='line_1_74' title="bbox 2191 1108 3772 1181; baseline 0.001 -18"><span class='ocrx_word' id='word_1_562' title='bbox 2191 1109 2262 1163; x_wconf 81' lang='grc' dir='ltr'>ἐν</span> <span class='ocrx_word' id='word_1_563' title='bbox 2282 1108 2363 1174; x_wconf 87' lang='grc' dir='ltr'>τῷ</span> <span class='ocrx_word' id='word_1_564' title='bbox 2385 1108 2563 1175; x_wconf 84' lang='grc' dir='ltr'>αὐτῷ·</span> <span class='ocrx_word' id='word_1_565' title='bbox 2627 1108 3049 1179; x_wconf 70' lang='grc' dir='ltr'>συνεταράχθη</span> <span class='ocrx_word' id='word_1_566' title='bbox 3080 1112 3119 1179; x_wconf 75' lang='grc' dir='ltr'>ἡ</span> <span class='ocrx_word' id='word_1_567' title='bbox 3158 1109 3516 1180; x_wconf 81' lang='grc' dir='ltr'>μεταμέλειά</span> <span class='ocrx_word' id='word_1_568' title='bbox 3543 1129 3681 1181; x_wconf 81' lang='grc' dir='ltr'>μου.</span> <span class='ocrx_word' id='word_1_569' title='bbox 3710 1113 3772 1164; x_wconf 88' lang='grc' dir='ltr'>Ὅ</span> 
     </span>
    </p>
   </div>
   <div class='ocr_carea' id='block_1_75' title="bbox 2191 1200 3775 1276">
    <p class='ocr_par' dir='ltr' id='par_1_75' title="bbox 2191 1200 3775 1276">
     <span class='ocr_line' id='line_1_75' title="bbox 2191 1200 3775 1276; baseline 0.003 -22"><span class='ocrx_word' id='word_1_570' title='bbox 2191 1200 2250 1255; x_wconf 82' lang='grc' dir='ltr'>δὲ</span> <span class='ocrx_word' id='word_1_571' title='bbox 2278 1201 2450 1270; x_wconf 88' lang='grc' dir='ltr'>λέγει,</span> <span class='ocrx_word' id='word_1_572' title='bbox 2490 1202 2732 1256; x_wconf 83' lang='grc' dir='ltr'>τοιοῦτόν</span> <span class='ocrx_word' id='word_1_573' title='bbox 2788 1205 2957 1257; x_wconf 74' lang='grc' dir='ltr'>ἐστιν’</span> <span class='ocrx_word' id='word_1_574' title='bbox 2995 1203 3131 1257; x_wconf 84' lang='grc' dir='ltr'>Ούδὲ</span> <span class='ocrx_word' id='word_1_575' title='bbox 3158 1203 3217 1256; x_wconf 77' lang='grc' dir='ltr'>τὸ</span> <span class='ocrx_word' id='word_1_576' title='bbox 3250 1203 3400 1273; x_wconf 75' lang='grc' dir='ltr'>ῥῆμα</span> <span class='ocrx_word' id='word_1_577' title='bbox 3434 1204 3640 1275; x_wconf 72' lang='grc' dir='ltr'>ἤνεγκα</span> <span class='ocrx_word' id='word_1_578' title='bbox 3679 1204 3775 1276; x_wconf 76' lang='grc' dir='ltr'>τῆς</span> 
     </span>
    </p>
   </div>
   <div class='ocr_carea' id='block_1_76' title="bbox 2193 1294 3776 1369">
    <p class='ocr_par' dir='ltr' id='par_1_76' title="bbox 2193 1294 3776 1369">
     <span class='ocr_line' id='line_1_76' title="bbox 2193 1294 3776 1369; baseline 0.002 -21"><span class='ocrx_word' id='word_1_579' title='bbox 2193 1294 2443 1366; x_wconf 84' lang='grc' dir='ltr'>ἀπειλῆς,</span> <span class='ocrx_word' id='word_1_580' title='bbox 2479 1295 2632 1365; x_wconf 84' lang='grc' dir='ltr'>φησί.</span> <span class='ocrx_word' id='word_1_581' title='bbox 2661 1294 2770 1348; x_wconf 71' lang='grc' dir='ltr'>Καὶ</span> <span class='ocrx_word' id='word_1_582' title='bbox 2800 1296 3157 1368; x_wconf 86' lang='grc' dir='ltr'>ἀνθρωπίνως</span> <span class='ocrx_word' id='word_1_583' title='bbox 3195 1296 3294 1368; x_wconf 84' lang='grc' dir='ltr'>μὲν</span> <span class='ocrx_word' id='word_1_584' title='bbox 3321 1296 3646 1365; x_wconf 84' lang='grc' dir='ltr'>διαλέγεται,</span> <span class='ocrx_word' id='word_1_585' title='bbox 3680 1299 3776 1369; x_wconf 82' lang='grc' dir='ltr'>οὐχ</span> 
     </span>
    </p>
   </div>
   <div class='ocr_carea' id='block_1_77' title="bbox 2194 1387 3777 1461">
    <p class='ocr_par' dir='ltr' id='par_1_77' title="bbox 2194 1387 3777 1461">
     <span class='ocr_line' id='line_1_77' title="bbox 2194 1387 3777 1461; baseline 0.002 -22"><span class='ocrx_word' id='word_1_586' title='bbox 2194 1387 2281 1441; x_wconf 81' lang='grc' dir='ltr'>ἴνα</span> <span class='ocrx_word' id='word_1_587' title='bbox 2309 1404 2361 1440; x_wconf 91' lang='grc' dir='ltr'>τι</span> <span class='ocrx_word' id='word_1_588' title='bbox 2386 1387 2730 1455; x_wconf 83' lang='grc' dir='ltr'>ἀνθρώπινον</span> <span class='ocrx_word' id='word_1_589' title='bbox 2751 1388 3122 1461; x_wconf 81' lang='grc' dir='ltr'>ὑποπτεύσῃς,</span> <span class='ocrx_word' id='word_1_590' title='bbox 3151 1388 3358 1458; x_wconf 81' lang='grc' dir='ltr'>ἄπαγε,</span> <span class='ocrx_word' id='word_1_591' title='bbox 3396 1388 3514 1441; x_wconf 75' lang='grc' dir='ltr'>ἀλλ’</span> <span class='ocrx_word' id='word_1_592' title='bbox 3550 1389 3636 1442; x_wconf 79' lang='grc' dir='ltr'>ἵνα</span> <span class='ocrx_word' id='word_1_593' title='bbox 3669 1391 3777 1443; x_wconf 67' lang='grc' dir='ltr'>ἀπό</span> 
     </span>
    </p>
   </div>
   <div class='ocr_carea' id='block_1_78' title="bbox 2192 1479 3778 1552">
    <p class='ocr_par' dir='ltr' id='par_1_78' title="bbox 2192 1479 3778 1552">
     <span class='ocr_line' id='line_1_78' title="bbox 2192 1479 3778 1552; baseline 0.002 -21"><span class='ocrx_word' id='word_1_594' title='bbox 2192 1479 2293 1548; x_wconf 79' lang='grc' dir='ltr'>τῆς</span> <span class='ocrx_word' id='word_1_595' title='bbox 2319 1480 2636 1550; x_wconf 83' lang='grc' dir='ltr'>παχυτάτης</span> <span class='ocrx_word' id='word_1_596' title='bbox 2670 1490 2693 1520; x_wconf 80' lang='grc' dir='ltr'><strong><em>ο</em></strong></span> <span class='ocrx_word' id='word_1_597' title='bbox 2744 1480 2943 1545; x_wconf 80' lang='grc' dir='ltr'>λέξεως</span> <span class='ocrx_word' id='word_1_598' title='bbox 2972 1479 3253 1552; x_wconf 81' lang='grc' dir='ltr'>θεοπρεπῆ</span> <span class='ocrx_word' id='word_1_599' title='bbox 3282 1480 3380 1552; x_wconf 82' lang='grc' dir='ltr'>τὴν</span> <span class='ocrx_word' id='word_1_600' title='bbox 3403 1480 3649 1550; x_wconf 85' lang='grc' dir='ltr'>ἀγάπην,</span> <span class='ocrx_word' id='word_1_601' title='bbox 3684 1482 3778 1534; x_wconf 77' lang='grc' dir='ltr'>καὶ</span> 
     </span>
    </p>
   </div>
   <div class='ocr_carea' id='block_1_79' title="bbox 2192 1572 3779 1647">
    <p class='ocr_par' dir='ltr' id='par_1_79' title="bbox 2192 1572 3779 1647">
     <span class='ocr_line' id='line_1_79' title="bbox 2192 1572 3779 1647; baseline 0.001 -23"><span class='ocrx_word' id='word_1_602' title='bbox 2192 1573 2452 1642; x_wconf 89' lang='grc' dir='ltr'>γνησίαν,</span> <span class='ocrx_word' id='word_1_603' title='bbox 2482 1574 2578 1626; x_wconf 76' lang='grc' dir='ltr'>καὶ</span> <span class='ocrx_word' id='word_1_604' title='bbox 2617 1572 2959 1626; x_wconf 85' lang='grc' dir='ltr'>ἀκατάλυτον</span> <span class='ocrx_word' id='word_1_605' title='bbox 3000 1575 3221 1647; x_wconf 79' lang='grc' dir='ltr'>νοήσῃς.</span> <span class='ocrx_word' id='word_1_606' title='bbox 3269 1574 3481 1645; x_wconf 79' lang='grc' dir='ltr'>Ὠσπερ</span> <span class='ocrx_word' id='word_1_607' title='bbox 3536 1573 3645 1644; x_wconf 91' lang='grc' dir='ltr'>γάρ</span> <span class='ocrx_word' id='word_1_608' title='bbox 3694 1591 3779 1639; x_wconf 86' lang='grc' dir='ltr'>τις</span> 
     </span>
    </p>
   </div>
   <div class='ocr_carea' id='block_1_80' title="bbox 2197 1662 3780 1738">
    <p class='ocr_par' dir='ltr' id='par_1_80' title="bbox 2197 1662 3780 1738">
     <span class='ocr_line' id='line_1_80' title="bbox 2197 1662 3780 1738; baseline 0.003 -23"><span class='ocrx_word' id='word_1_609' title='bbox 2197 1662 2441 1734; x_wconf 84' lang='grc' dir='ltr'>μανικῶς</span> <span class='ocrx_word' id='word_1_610' title='bbox 2469 1680 2616 1727; x_wconf 88' lang='grc' dir='ltr'>τινος</span> <span class='ocrx_word' id='word_1_611' title='bbox 2647 1664 2808 1735; x_wconf 81' lang='grc' dir='ltr'>ἐρῶν,</span> <span class='ocrx_word' id='word_1_612' title='bbox 2841 1665 2963 1717; x_wconf 81' lang='grc' dir='ltr'>οὐδὲ</span> <span class='ocrx_word' id='word_1_613' title='bbox 3012 1664 3173 1737; x_wconf 89' lang='grc' dir='ltr'>μέχρι</span> <span class='ocrx_word' id='word_1_614' title='bbox 3228 1665 3489 1737; x_wconf 74' lang='grc' dir='ltr'>ῥημάτων</span> <span class='ocrx_word' id='word_1_615' title='bbox 3543 1668 3780 1738; x_wconf 78' lang='grc' dir='ltr'>αἱρεῖται</span> 
     </span>
    </p>
   </div>
   <div class='ocr_carea' id='block_1_81' title="bbox 2193 1750 3775 1825">
    <p class='ocr_par' dir='ltr' id='par_1_81' title="bbox 2193 1750 3775 1825">
     <span class='ocr_line' id='line_1_81' title="bbox 2193 1750 3775 1825; baseline 0.002 -22"><span class='ocrx_word' id='word_1_616' title='bbox 2193 1750 2437 1821; x_wconf 84' lang='grc' dir='ltr'>λυπῆσαι</span> <span class='ocrx_word' id='word_1_617' title='bbox 2467 1752 2558 1805; x_wconf 81' lang='grc' dir='ltr'>τὸν</span> <span class='ocrx_word' id='word_1_618' title='bbox 2592 1750 2901 1823; x_wconf 76' lang='grc' dir='ltr'>ἐρώμενον,</span> <span class='ocrx_word' id='word_1_619' title='bbox 2947 1751 3092 1806; x_wconf 78' lang='grc' dir='ltr'>οὕτω</span> <span class='ocrx_word' id='word_1_620' title='bbox 3135 1753 3200 1822; x_wconf 79' lang='grc' dir='ltr'>δὴ</span> <span class='ocrx_word' id='word_1_621' title='bbox 3237 1754 3333 1808; x_wconf 72' lang='grc' dir='ltr'>καῖ⁹</span> <span class='ocrx_word' id='word_1_622' title='bbox 3378 1752 3539 1818; x_wconf 88' lang='grc' dir='ltr'>αὑτός</span> <span class='ocrx_word' id='word_1_623' title='bbox 3574 1771 3741 1825; x_wconf 85' lang='grc' dir='ltr'>φησιν</span> <span class='ocrx_word' id='word_1_624' title='bbox 3763 1771 3775 1784; x_wconf 90' lang='grc'><strong>·</strong></span> 
     </span>
    </p>
   </div>
   <div class='ocr_carea' id='block_1_82' title="bbox 2206 1836 3781 1914">
    <p class='ocr_par' dir='ltr' id='par_1_82' title="bbox 2206 1836 3781 1914">
     <span class='ocr_line' id='line_1_82' title="bbox 2206 1836 3781 1914; baseline 0.003 -21"><span class='ocrx_word' id='word_1_625' title='bbox 2206 1840 2424 1911; x_wconf 85' lang='grc' dir='ltr'>Ἐπειδὴ</span> <span class='ocrx_word' id='word_1_626' title='bbox 2454 1840 2613 1911; x_wconf 88' lang='grc' dir='ltr'>μόνον</span> <span class='ocrx_word' id='word_1_627' title='bbox 2643 1836 2816 1905; x_wconf 85' lang='grc' dir='ltr'>εἷπον,</span> <span class='ocrx_word' id='word_1_628' title='bbox 2846 1842 2940 1895; x_wconf 67' lang='grc' dir='ltr'>καὶ</span> <span class='ocrx_word' id='word_1_629' title='bbox 2977 1840 3226 1913; x_wconf 77' lang='grc' dir='ltr'>ἐλύπησα</span> <span class='ocrx_word' id='word_1_630' title='bbox 3272 1844 3337 1914; x_wconf 78' lang='grc' dir='ltr'>τῇ</span> <span class='ocrx_word' id='word_1_631' title='bbox 3384 1842 3546 1906; x_wconf 82' lang='grc' dir='ltr'>λέξει,</span> <span class='ocrx_word' id='word_1_632' title='bbox 3601 1846 3781 1897; x_wconf 74' lang='lat' dir='ltr'>Meze-</span> 
     </span>
    </p>
   </div>
   <div class='ocr_carea' id='block_1_83' title="bbox 2192 1924 3781 2002">
    <p class='ocr_par' dir='ltr' id='par_1_83' title="bbox 2192 1924 3781 2002">
     <span class='ocr_line' id='line_1_83' title="bbox 2192 1924 3781 2002; baseline 0.001 -20"><span class='ocrx_word' id='word_1_633' title='bbox 2192 1928 2431 1998; x_wconf 66' lang='grc' dir='ltr'>στράφη</span> <span class='ocrx_word' id='word_1_634' title='bbox 2477 1929 2513 1996; x_wconf 77' lang='grc' dir='ltr'><strong>ἠ</strong></span> <span class='ocrx_word' id='word_1_635' title='bbox 2549 1927 2763 1996; x_wconf 80' lang='grc' dir='ltr'>καρδία</span> <span class='ocrx_word' id='word_1_636' title='bbox 2794 1946 2914 1997; x_wconf 85' lang='grc' dir='ltr'>μου</span> <span class='ocrx_word' id='word_1_637' title='bbox 2969 1930 3040 1982; x_wconf 82' lang='grc' dir='ltr'>ἐν</span> <span class='ocrx_word' id='word_1_638' title='bbox 3076 1924 3290 1994; x_wconf 80' lang='grc' dir='ltr'>ταύτῷ.</span> <span class='ocrx_word' id='word_1_639' title='bbox 3346 1928 3481 1983; x_wconf 81' lang='grc' dir='ltr'>Οὐδὲ</span> <span class='ocrx_word' id='word_1_640' title='bbox 3524 1930 3631 2002; x_wconf 78' lang='grc' dir='ltr'>γὰρ</span> <span class='ocrx_word' id='word_1_641' title='bbox 3680 1930 3781 1995; x_wconf 78' lang='grc' dir='ltr'>τὰς</span> 
     </span>
    </p>
   </div>
   <div class='ocr_carea' id='block_1_84' title="bbox 2195 2015 3779 2088">
    <p class='ocr_par' dir='ltr' id='par_1_84' title="bbox 2195 2015 3779 2088">
     <span class='ocr_line' id='line_1_84' title="bbox 2195 2015 3779 2088; baseline -0.002 -15"><span class='ocrx_word' id='word_1_642' title='bbox 2195 2017 2505 2088; x_wconf 85' lang='grc' dir='ltr'>βαρυτάτας</span> <span class='ocrx_word' id='word_1_643' title='bbox 2548 2015 2749 2079; x_wconf 89' lang='grc' dir='ltr'>ταύτας</span> <span class='ocrx_word' id='word_1_644' title='bbox 2802 2019 3150 2087; x_wconf 85' lang='grc' dir='ltr'>παραιτεῖται</span> <span class='ocrx_word' id='word_1_645' title='bbox 3205 2017 3420 2081; x_wconf 80' lang='grc' dir='ltr'>εἰκόνας</span> <span class='ocrx_word' id='word_1_646' title='bbox 3475 2018 3779 2088; x_wconf 79' lang='grc' dir='ltr'>παράγειν,</span> 
     </span>
    </p>
   </div>
   <div class='ocr_carea' id='block_1_85' title="bbox 2196 2103 3783 2178">
    <p class='ocr_par' dir='ltr' id='par_1_85' title="bbox 2196 2103 3783 2178">
     <span class='ocr_line' id='line_1_85' title="bbox 2196 2103 3783 2178; baseline 0 -20"><span class='ocrx_word' id='word_1_647' title='bbox 2196 2105 2281 2158; x_wconf 82' lang='grc' dir='ltr'>ἵνα</span> <span class='ocrx_word' id='word_1_648' title='bbox 2310 2105 2459 2178; x_wconf 81' lang='grc' dir='ltr'>δείξῃ</span> <span class='ocrx_word' id='word_1_649' title='bbox 2491 2105 2551 2158; x_wconf 71' lang='grc' dir='ltr'>τὸ</span> <span class='ocrx_word' id='word_1_650' title='bbox 2576 2103 2824 2175; x_wconf 81' lang='grc' dir='ltr'>φίλτρον,</span> <span class='ocrx_word' id='word_1_651' title='bbox 2849 2105 2932 2158; x_wconf 81' lang='grc' dir='ltr'>ὅτι</span> <span class='ocrx_word' id='word_1_652' title='bbox 2960 2104 3194 2175; x_wconf 84' lang='grc' dir='ltr'>μάλιστα</span> <span class='ocrx_word' id='word_1_653' title='bbox 3229 2104 3467 2175; x_wconf 79' lang='grc' dir='ltr'>ἐρῶντός</span> <span class='ocrx_word' id='word_1_654' title='bbox 3494 2108 3633 2161; x_wconf 82' lang='grc' dir='ltr'>ἐστι.</span> <span class='ocrx_word' id='word_1_655' title='bbox 3671 2106 3783 2160; x_wconf 78' lang='grc' dir='ltr'>Καὶ</span> 
     </span>
    </p>
   </div>
   <div class='ocr_carea' id='block_1_86' title="bbox 2192 2191 3785 2264">
    <p class='ocr_par' dir='ltr' id='par_1_86' title="bbox 2192 2191 3785 2264">
     <span class='ocr_line' id='line_1_86' title="bbox 2192 2191 3785 2264; baseline 0.001 -18"><span class='ocrx_word' id='word_1_656' title='bbox 2192 2194 2311 2246; x_wconf 76' lang='grc' dir='ltr'>οὐδὲ</span> <span class='ocrx_word' id='word_1_657' title='bbox 2332 2192 2567 2246; x_wconf 81' lang='grc' dir='ltr'>ἐνταῦθα</span> <span class='ocrx_word' id='word_1_658' title='bbox 2591 2193 2746 2263; x_wconf 81' lang='grc' dir='ltr'>ἔστη,</span> <span class='ocrx_word' id='word_1_659' title='bbox 2783 2191 2921 2246; x_wconf 86' lang='grc' dir='ltr'>ἀλλά</span> <span class='ocrx_word' id='word_1_660' title='bbox 2962 2192 3058 2247; x_wconf 73' lang='grc' dir='ltr'>καὶ</span> <span class='ocrx_word' id='word_1_661' title='bbox 3087 2193 3399 2263; x_wconf 80' lang='grc' dir='ltr'>περαιτέρω</span> <span class='ocrx_word' id='word_1_662' title='bbox 3433 2193 3648 2264; x_wconf 83' lang='grc' dir='ltr'>πρόεισι</span> <span class='ocrx_word' id='word_1_663' title='bbox 3679 2193 3785 2248; x_wconf 75' lang='grc' dir='ltr'>πάο</span> 
     </span>
    </p>
   </div>
   <div class='ocr_carea' id='block_1_87' title="bbox 2190 2279 3780 2352">
    <p class='ocr_par' dir='ltr' id='par_1_87' title="bbox 2190 2279 3780 2352">
     <span class='ocr_line' id='line_1_87' title="bbox 2190 2279 3780 2352; baseline 0.001 -19"><span class='ocrx_word' id='word_1_664' title='bbox 2190 2282 2296 2345; x_wconf 88' lang='grc' dir='ltr'>λιν,</span> <span class='ocrx_word' id='word_1_665' title='bbox 2334 2280 2521 2352; x_wconf 70' lang='grc' dir='ltr'>ἕτερον</span> <span class='ocrx_word' id='word_1_666' title='bbox 2554 2280 2854 2352; x_wconf 86' lang='grc' dir='ltr'>βαθύτερον</span> <span class='ocrx_word' id='word_1_667' title='bbox 2885 2279 3106 2348; x_wconf 79' lang='grc' dir='ltr'>ἐπάγων</span> <span class='ocrx_word' id='word_1_668' title='bbox 3133 2279 3439 2350; x_wconf 79' lang='grc' dir='ltr'>ὑπόδειγμα</span> <span class='ocrx_word' id='word_1_669' title='bbox 3459 2280 3551 2334; x_wconf 74' lang='grc' dir='ltr'>καὶ</span> <span class='ocrx_word' id='word_1_670' title='bbox 3579 2280 3780 2350; x_wconf 85' lang='grc' dir='ltr'>λέγων·</span> 
     </span>
    </p>
   </div>
   <div class='ocr_carea' id='block_1_88' title="bbox 2198 2368 3781 2438">
    <p class='ocr_par' dir='ltr' id='par_1_88' title="bbox 2198 2368 3781 2438">
     <span class='ocr_line' id='line_1_88' title="bbox 2198 2368 3781 2438; baseline 0.001 -17"><span class='ocrx_word' id='word_1_671' title='bbox 2198 2370 2309 2422; x_wconf 88' lang='grc' dir='ltr'>Ὃν</span> <span class='ocrx_word' id='word_1_672' title='bbox 2328 2369 2551 2436; x_wconf 81' lang='grc' dir='ltr'>τρόπον</span> <span class='ocrx_word' id='word_1_673' title='bbox 2580 2368 3063 2437; x_wconf 67' lang='grc' dir='ltr'>εὐφρανθήσεται</span> <span class='ocrx_word' id='word_1_674' title='bbox 3098 2369 3358 2437; x_wconf 68' lang='grc' dir='ltr'>νυμφίος</span> <span class='ocrx_word' id='word_1_675' title='bbox 3394 2368 3492 2422; x_wconf 80' lang='grc' dir='ltr'>ἐπὶ</span> <span class='ocrx_word' id='word_1_676' title='bbox 3533 2370 3746 2438; x_wconf 65' lang='grc' dir='ltr'>νύμφῃ</span> <span class='ocrx_word' id='word_1_677' title='bbox 3768 2411 3781 2432; x_wconf 85' lang='grc'>,</span> 
     </span>
    </p>
   </div>
   <div class='ocr_carea' id='block_1_89' title="bbox 2191 2455 3785 2528">
    <p class='ocr_par' dir='ltr' id='par_1_89' title="bbox 2191 2455 3785 2528">
     <span class='ocr_line' id='line_1_89' title="bbox 2191 2455 3785 2528; baseline 0.001 -18"><span class='ocrx_word' id='word_1_678' title='bbox 2191 2456 2381 2523; x_wconf 80' lang='grc' dir='ltr'>οὕτως</span> <span class='ocrx_word' id='word_1_679' title='bbox 2413 2457 2893 2526; x_wconf 71' lang='grc' dir='ltr'>εὐφρανθήσεται</span> <span class='ocrx_word' id='word_1_680' title='bbox 2939 2456 3158 2526; x_wconf 80' lang='grc' dir='ltr'>Κύριος</span> <span class='ocrx_word' id='word_1_681' title='bbox 3186 2455 3214 2502; x_wconf 61' lang='grc' dir='ltr'>ἀ</span> <span class='ocrx_word' id='word_1_682' title='bbox 3242 2457 3343 2510; x_wconf 68' lang='grc' dir='ltr'>ἐπὶ</span> <span class='ocrx_word' id='word_1_683' title='bbox 3380 2458 3511 2511; x_wconf 76' lang='grc' dir='ltr'>σοι’</span> <span class='ocrx_word' id='word_1_684' title='bbox 3544 2459 3626 2512; x_wconf 80' lang='grc' dir='ltr'>ὃτι</span> <span class='ocrx_word' id='word_1_685' title='bbox 3675 2459 3785 2528; x_wconf 58' lang='grc' dir='ltr'>μάν</span> 
     </span>
    </p>
   </div>
   <div class='ocr_carea' id='block_1_90' title="bbox 2192 2543 3784 2618">
    <p class='ocr_par' dir='ltr' id='par_1_90' title="bbox 2192 2543 3784 2618">
     <span class='ocr_line' id='line_1_90' title="bbox 2192 2543 3784 2618; baseline 0.001 -21"><span class='ocrx_word' id='word_1_686' title='bbox 2192 2544 2349 2598; x_wconf 90' lang='grc' dir='ltr'>λιστα</span> <span class='ocrx_word' id='word_1_687' title='bbox 2386 2544 2446 2598; x_wconf 82' lang='grc' dir='ltr'>ὲν</span> <span class='ocrx_word' id='word_1_688' title='bbox 2471 2546 2615 2616; x_wconf 82' lang='grc' dir='ltr'>ἀρχῇ</span> <span class='ocrx_word' id='word_1_689' title='bbox 2651 2544 2971 2618; x_wconf 82' lang='grc' dir='ltr'>θερμότεροι</span> <span class='ocrx_word' id='word_1_690' title='bbox 2991 2546 3041 2599; x_wconf 86' lang='grc' dir='ltr'>οἱ</span> <span class='ocrx_word' id='word_1_691' title='bbox 3075 2543 3279 2616; x_wconf 80' lang='grc' dir='ltr'>ἔρωτες</span> <span class='ocrx_word' id='word_1_692' title='bbox 3311 2546 3404 2600; x_wconf 68' lang='grc' dir='ltr'>κοέι</span> <span class='ocrx_word' id='word_1_693' title='bbox 3431 2544 3649 2609; x_wconf 78' lang='grc' dir='ltr'>ζέοντες</span> <span class='ocrx_word' id='word_1_694' title='bbox 3689 2546 3784 2600; x_wconf 72' lang='grc' dir='ltr'>καὶ</span> 
     </span>
    </p>
   </div>
   <div class='ocr_carea' id='block_1_91' title="bbox 2193 2631 3786 2704">
    <p class='ocr_par' dir='ltr' id='par_1_91' title="bbox 2193 2631 3786 2704">
     <span class='ocr_line' id='line_1_91' title="bbox 2193 2631 3786 2704; baseline 0 -19"><span class='ocrx_word' id='word_1_695' title='bbox 2193 2631 2532 2703; x_wconf 79' lang='grc' dir='ltr'>ἀκμάζοντές</span> <span class='ocrx_word' id='word_1_696' title='bbox 2565 2634 2723 2686; x_wconf 77' lang='grc' dir='ltr'>εἰσιν.</span> <span class='ocrx_word' id='word_1_697' title='bbox 2760 2631 2918 2686; x_wconf 75' lang='grc' dir='ltr'>Οὕτω</span> <span class='ocrx_word' id='word_1_698' title='bbox 2952 2632 3008 2687; x_wconf 80' lang='grc' dir='ltr'>δὲ</span> <span class='ocrx_word' id='word_1_699' title='bbox 3052 2633 3302 2704; x_wconf 82' lang='grc' dir='ltr'>εἴρηται,</span> <span class='ocrx_word' id='word_1_700' title='bbox 3331 2633 3432 2702; x_wconf 82' lang='grc' dir='ltr'>οὐχ</span> <span class='ocrx_word' id='word_1_701' title='bbox 3468 2633 3556 2686; x_wconf 82' lang='grc' dir='ltr'>ἵνα</span> <span class='ocrx_word' id='word_1_702' title='bbox 3597 2651 3650 2687; x_wconf 89' lang='grc' dir='ltr'>τι</span> <span class='ocrx_word' id='word_1_703' title='bbox 3691 2634 3786 2687; x_wconf 84' lang='grc' dir='ltr'>ἀν-</span> 
     </span>
    </p>
   </div>
   <div class='ocr_carea' id='block_1_92' title="bbox 2194 2718 3786 2793">
    <p class='ocr_par' dir='ltr' id='par_1_92' title="bbox 2194 2718 3786 2793">
     <span class='ocr_line' id='line_1_92' title="bbox 2194 2718 3786 2793; baseline 0.001 -19"><span class='ocrx_word' id='word_1_704' title='bbox 2194 2719 2465 2793; x_wconf 86' lang='grc' dir='ltr'>θρώπινον</span> <span class='ocrx_word' id='word_1_705' title='bbox 2495 2718 2844 2792; x_wconf 82' lang='grc' dir='ltr'>ὑποπτεύσῃς</span> <span class='ocrx_word' id='word_1_706' title='bbox 2874 2719 3069 2792; x_wconf 86' lang='grc' dir='ltr'>(πάλιν</span> <span class='ocrx_word' id='word_1_707' title='bbox 3102 2719 3213 2792; x_wconf 90' lang='grc' dir='ltr'>γάρ</span> <span class='ocrx_word' id='word_1_708' title='bbox 3235 2721 3304 2776; x_wconf 82' lang='grc' dir='ltr'>τὰ</span> <span class='ocrx_word' id='word_1_709' title='bbox 3342 2722 3482 2777; x_wconf 79' lang='grc' dir='ltr'>αὑτά</span> <span class='ocrx_word' id='word_1_710' title='bbox 3512 2721 3699 2789; x_wconf 83' lang='grc' dir='ltr'>λέγειν</span> <span class='ocrx_word' id='word_1_711' title='bbox 3723 2722 3786 2776; x_wconf 78' lang='grc' dir='ltr'>ού</span> 
     </span>
    </p>
   </div>
   <div class='ocr_carea' id='block_1_93' title="bbox 2194 2806 3784 2881">
    <p class='ocr_par' dir='ltr' id='par_1_93' title="bbox 2194 2806 3784 2881">
     <span class='ocr_line' id='line_1_93' title="bbox 2194 2806 3784 2881; baseline 0.001 -21"><span class='ocrx_word' id='word_1_712' title='bbox 2194 2806 2535 2880; x_wconf 85' lang='grc' dir='ltr'>παύσομαι),</span> <span class='ocrx_word' id='word_1_713' title='bbox 2559 2807 2673 2861; x_wconf 84' lang='grc' dir='ltr'>ἀλλ’</span> <span class='ocrx_word' id='word_1_714' title='bbox 2692 2808 2779 2863; x_wconf 77' lang='grc' dir='ltr'>ἴνα</span> <span class='ocrx_word' id='word_1_715' title='bbox 2805 2810 2870 2861; x_wconf 82' lang='grc' dir='ltr'>ὲκ</span> <span class='ocrx_word' id='word_1_716' title='bbox 2896 2806 3104 2862; x_wconf 89' lang='grc' dir='ltr'>τούτων</span> <span class='ocrx_word' id='word_1_717' title='bbox 3131 2807 3189 2861; x_wconf 81' lang='grc' dir='ltr'>τὸ</span> <span class='ocrx_word' id='word_1_718' title='bbox 3211 2807 3434 2880; x_wconf 84' lang='grc' dir='ltr'>θερμὸν,</span> <span class='ocrx_word' id='word_1_719' title='bbox 3450 2810 3511 2862; x_wconf 79' lang='grc' dir='ltr'>τὸ</span> <span class='ocrx_word' id='word_1_720' title='bbox 3532 2810 3784 2881; x_wconf 70' lang='grc' dir='ltr'>γνήσιον,</span> 
     </span>
    </p>
   </div>
   <div class='ocr_carea' id='block_1_94' title="bbox 2193 2893 3789 2971">
    <p class='ocr_par' dir='ltr' id='par_1_94' title="bbox 2193 2893 3789 2971">
     <span class='ocr_line' id='line_1_94' title="bbox 2193 2893 3789 2971; baseline -0.001 -20"><span class='ocrx_word' id='word_1_721' title='bbox 2193 2897 2255 2951; x_wconf 85' lang='grc' dir='ltr'>τὸ</span> <span class='ocrx_word' id='word_1_722' title='bbox 2282 2896 2535 2970; x_wconf 78' lang='grc' dir='ltr'>σφοδρὸν,</span> <span class='ocrx_word' id='word_1_723' title='bbox 2562 2897 2624 2950; x_wconf 83' lang='grc' dir='ltr'>τὸ</span> <span class='ocrx_word' id='word_1_724' title='bbox 2651 2895 3045 2968; x_wconf 88' lang='grc' dir='ltr'>πεπυρωμένον</span> <span class='ocrx_word' id='word_1_725' title='bbox 3076 2899 3178 2964; x_wconf 77' lang='grc' dir='ltr'>τῆς</span> <span class='ocrx_word' id='word_1_726' title='bbox 3216 2897 3439 2967; x_wconf 86' lang='grc' dir='ltr'>ἀγάπης</span> <span class='ocrx_word' id='word_1_727' title='bbox 3476 2898 3611 2971; x_wconf 77' lang='grc' dir='ltr'>ἴδῃς.</span> <span class='ocrx_word' id='word_1_728' title='bbox 3649 2893 3789 2951; x_wconf 69' lang='grc' dir='ltr'>Εἶτα</span> 
     </span>
    </p>
   </div>
   <div class='ocr_carea' id='block_1_95' title="bbox 2196 2985 3789 3057">
    <p class='ocr_par' dir='ltr' id='par_1_95' title="bbox 2196 2985 3789 3057">
     <span class='ocr_line' id='line_1_95' title="bbox 2196 2985 3789 3057; baseline -0.003 -14"><span class='ocrx_word' id='word_1_729' title='bbox 2196 2987 2386 3053; x_wconf 76' lang='grc' dir='ltr'>εἰπὼν,</span> <span class='ocrx_word' id='word_1_730' title='bbox 2422 2988 2505 3041; x_wconf 83' lang='grc' dir='ltr'>ὅτι</span> <span class='ocrx_word' id='word_1_731' title='bbox 2555 2986 2631 3050; x_wconf 86' lang='grc' dir='ltr'>ὼς</span> <span class='ocrx_word' id='word_1_732' title='bbox 2663 2985 2846 3057; x_wconf 81' lang='grc' dir='ltr'>πατὴρ</span> <span class='ocrx_word' id='word_1_733' title='bbox 2878 2985 3043 3057; x_wconf 86' lang='grc' dir='ltr'>φιλεῖ,</span> <span class='ocrx_word' id='word_1_734' title='bbox 3071 2985 3167 3039; x_wconf 72' lang='grc' dir='ltr'>καὶ</span> <span class='ocrx_word' id='word_1_735' title='bbox 3199 2986 3361 3040; x_wconf 85' lang='grc' dir='ltr'>πλέον</span> <span class='ocrx_word' id='word_1_736' title='bbox 3391 2986 3425 3057; x_wconf 83' lang='grc' dir='ltr'>ἢ</span> <span class='ocrx_word' id='word_1_737' title='bbox 3468 2986 3672 3056; x_wconf 84' lang='grc' dir='ltr'>πατὴρ,</span> <span class='ocrx_word' id='word_1_738' title='bbox 3710 2986 3789 3050; x_wconf 83' lang='grc' dir='ltr'>ὡς</span> 
     </span>
    </p>
   </div>
   <div class='ocr_carea' id='block_1_96' title="bbox 2198 3060 3785 3149">
    <p class='ocr_par' dir='ltr' id='par_1_96' title="bbox 2198 3060 3785 3149">
     <span class='ocr_line' id='line_1_96' title="bbox 2198 3060 3785 3149; baseline -0.002 -20"><span class='ocrx_word' id='word_1_739' title='bbox 2198 3078 2401 3149; x_wconf 85' lang='grc' dir='ltr'>μήτηρ,</span> <span class='ocrx_word' id='word_1_740' title='bbox 2428 3074 2710 3136; x_wconf 78' lang='grc' dir='ltr'>καὶπλέον</span> <span class='ocrx_word' id='word_1_741' title='bbox 2742 3073 2776 3146; x_wconf 84' lang='grc' dir='ltr'>ἢ</span> <span class='ocrx_word' id='word_1_742' title='bbox 2811 3075 3016 3147; x_wconf 88' lang='grc' dir='ltr'>μήτηρ,</span> <span class='ocrx_word' id='word_1_743' title='bbox 3041 3074 3119 3139; x_wconf 88' lang='grc' dir='ltr'>ὡς</span> <span class='ocrx_word' id='word_1_744' title='bbox 3139 3074 3389 3145; x_wconf 85' lang='grc' dir='ltr'>νυμφίος,</span> <span class='ocrx_word' id='word_1_745' title='bbox 3426 3060 3519 3128; x_wconf 56' lang='grc' dir='ltr'>καὶ</span> <span class='ocrx_word' id='word_1_746' title='bbox 3553 3074 3723 3127; x_wconf 85' lang='grc' dir='ltr'>πλέον</span> <span class='ocrx_word' id='word_1_747' title='bbox 3751 3074 3785 3144; x_wconf 79' lang='grc' dir='ltr'>ἦ</span> 
     </span>
    </p>
   </div>
   <div class='ocr_carea' id='block_1_97' title="bbox 2195 3163 3787 3237">
    <p class='ocr_par' dir='ltr' id='par_1_97' title="bbox 2195 3163 3787 3237">
     <span class='ocr_line' id='line_1_97' title="bbox 2195 3163 3787 3237; baseline -0.001 -18"><span class='ocrx_word' id='word_1_748' title='bbox 2195 3166 2447 3237; x_wconf 87' lang='grc' dir='ltr'>νυμφίος,</span> <span class='ocrx_word' id='word_1_749' title='bbox 2482 3167 2565 3221; x_wconf 87' lang='grc' dir='ltr'>δτι</span> <span class='ocrx_word' id='word_1_750' title='bbox 2589 3164 2844 3219; x_wconf 90' lang='grc' dir='ltr'>τοσοῦτον</span> <span class='ocrx_word' id='word_1_751' title='bbox 2882 3166 3006 3219; x_wconf 82' lang='grc' dir='ltr'>ὅσον</span> <span class='ocrx_word' id='word_1_752' title='bbox 3032 3165 3094 3219; x_wconf 84' lang='grc' dir='ltr'>τὸ</span> <span class='ocrx_word' id='word_1_753' title='bbox 3123 3165 3399 3237; x_wconf 86' lang='grc' dir='ltr'>διάστημα</span> <span class='ocrx_word' id='word_1_754' title='bbox 3424 3164 3517 3218; x_wconf 90' lang='grc' dir='ltr'>τοῦ</span> <span class='ocrx_word' id='word_1_755' title='bbox 3548 3166 3606 3219; x_wconf 76' lang='grc' dir='ltr'>ού</span> <span class='ocrx_word' id='word_1_756' title='bbox 3616 3163 3787 3236; x_wconf 84' lang='grc' dir='ltr'>ρανοῦ</span> 
     </span>
    </p>
   </div>
   <div class='ocr_carea' id='block_1_98' title="bbox 2194 3251 3787 3324">
    <p class='ocr_par' dir='ltr' id='par_1_98' title="bbox 2194 3251 3787 3324">
     <span class='ocr_line' id='line_1_98' title="bbox 2194 3251 3787 3324; baseline -0.002 -17"><span class='ocrx_word' id='word_1_757' title='bbox 2194 3253 2303 3307; x_wconf 87' lang='grc' dir='ltr'>ἀπὸ</span> <span class='ocrx_word' id='word_1_758' title='bbox 2336 3252 2435 3324; x_wconf 83' lang='grc' dir='ltr'>τῆς</span> <span class='ocrx_word' id='word_1_759' title='bbox 2459 3253 2582 3322; x_wconf 83' lang='grc' dir='ltr'>γῆς,</span> <span class='ocrx_word' id='word_1_760' title='bbox 2611 3252 2704 3306; x_wconf 78' lang='grc' dir='ltr'>καὶ</span> <span class='ocrx_word' id='word_1_761' title='bbox 2745 3251 2905 3305; x_wconf 88' lang='grc' dir='ltr'>πλέον</span> <span class='ocrx_word' id='word_1_762' title='bbox 2939 3253 2972 3324; x_wconf 78' lang='grc' dir='ltr'>ἢ</span> <span class='ocrx_word' id='word_1_763' title='bbox 3006 3252 3262 3307; x_wconf 86' lang='grc' dir='ltr'>τοσοῦτον</span> <span class='ocrx_word' id='word_1_764' title='bbox 3282 3294 3296 3316; x_wconf 91' lang='grc'>,</span> <span class='ocrx_word' id='word_1_765' title='bbox 3328 3254 3411 3307; x_wconf 77' lang='grc' dir='ltr'>ὅτι</span> <span class='ocrx_word' id='word_1_766' title='bbox 3440 3251 3787 3324; x_wconf 83' lang='grc' dir='ltr'>τηλικοῦτον,</span> 
     </span>
    </p>
   </div>
   <div class='ocr_carea' id='block_1_99' title="bbox 2194 3339 3791 3412">
    <p class='ocr_par' dir='ltr' id='par_1_99' title="bbox 2194 3339 3791 3412">
     <span class='ocr_line' id='line_1_99' title="bbox 2194 3339 3791 3412; baseline 0.001 -20"><span class='ocrx_word' id='word_1_767' title='bbox 2194 3340 2317 3393; x_wconf 82' lang='grc' dir='ltr'>ὅσον</span> <span class='ocrx_word' id='word_1_768' title='bbox 2352 3339 2646 3410; x_wconf 88' lang='grc' dir='ltr'>ἀπέχουσιν</span> <span class='ocrx_word' id='word_1_769' title='bbox 2671 3339 2927 3394; x_wconf 76' lang='grc' dir='ltr'>ἀνατολαὶ</span> <span class='ocrx_word' id='word_1_770' title='bbox 2973 3340 3081 3394; x_wconf 79' lang='grc' dir='ltr'>ἀπὸ</span> <span class='ocrx_word' id='word_1_771' title='bbox 3125 3340 3374 3412; x_wconf 84' lang='grc' dir='ltr'>δυσμῶν,</span> <span class='ocrx_word' id='word_1_772' title='bbox 3421 3339 3516 3395; x_wconf 71' lang='grc' dir='ltr'>καὶ</span> <span class='ocrx_word' id='word_1_773' title='bbox 3553 3339 3722 3393; x_wconf 78' lang='grc' dir='ltr'>πλέον</span> <span class='ocrx_word' id='word_1_774' title='bbox 3754 3340 3791 3411; x_wconf 83' lang='grc' dir='ltr'><strong>ἦ</strong></span> 
     </span>
    </p>
   </div>
   <div class='ocr_carea' id='block_1_100' title="bbox 2194 3425 3794 3499">
    <p class='ocr_par' dir='ltr' id='par_1_100' title="bbox 2194 3425 3794 3499">
     <span class='ocr_line' id='line_1_100' title="bbox 2194 3425 3794 3499; baseline -0.001 -18"><span class='ocrx_word' id='word_1_775' title='bbox 2194 3425 2535 3499; x_wconf 89' lang='grc' dir='ltr'>τηλικοῦτον,</span> <span class='ocrx_word' id='word_1_776' title='bbox 2565 3426 2683 3481; x_wconf 78' lang='grc' dir='ltr'>οὐδὲ</span> <span class='ocrx_word' id='word_1_777' title='bbox 2712 3426 2946 3482; x_wconf 74' lang='grc' dir='ltr'>ἐνταῦθα</span> <span class='ocrx_word' id='word_1_778' title='bbox 2982 3427 3198 3482; x_wconf 78' lang='grc' dir='ltr'>ἵσταται</span> <span class='ocrx_word' id='word_1_779' title='bbox 3231 3427 3340 3482; x_wconf 88' lang='grc' dir='ltr'>τῶν</span> <span class='ocrx_word' id='word_1_780' title='bbox 3366 3427 3613 3491; x_wconf 76' lang='grc' dir='ltr'>εἰκόνων,</span> <span class='ocrx_word' id='word_1_781' title='bbox 3648 3427 3794 3480; x_wconf 80' lang='grc' dir='ltr'>ἀλλὰ</span> 
     </span>
    </p>
   </div>
   <div class='ocr_carea' id='block_1_101' title="bbox 2195 3516 3794 3590">
    <p class='ocr_par' dir='ltr' id='par_1_101' title="bbox 2195 3516 3794 3590">
     <span class='ocr_line' id='line_1_101' title="bbox 2195 3516 3794 3590; baseline 0.001 -21"><span class='ocrx_word' id='word_1_782' title='bbox 2195 3516 2287 3570; x_wconf 79' lang='grc' dir='ltr'>καὶ</span> <span class='ocrx_word' id='word_1_783' title='bbox 2313 3517 2621 3590; x_wconf 87' lang='grc' dir='ltr'>περαιτέρω</span> <span class='ocrx_word' id='word_1_784' title='bbox 2655 3516 2901 3588; x_wconf 87' lang='grc' dir='ltr'>πρόεισιν</span> <span class='ocrx_word' id='word_1_785' title='bbox 2938 3518 3019 3583; x_wconf 90' lang='grc' dir='ltr'>είς</span> <span class='ocrx_word' id='word_1_786' title='bbox 3060 3517 3320 3583; x_wconf 80' lang='grc' dir='ltr'>ἐπίδειξιν</span> <span class='ocrx_word' id='word_1_787' title='bbox 3364 3517 3545 3589; x_wconf 88' lang='grc' dir='ltr'>πολλῷ</span> <span class='ocrx_word' id='word_1_788' title='bbox 3588 3534 3794 3571; x_wconf 76' lang='grc' dir='ltr'>ταπει‹</span> 
     </span>
    </p>
   </div>
   <div class='ocr_carea' id='block_1_102' title="bbox 2193 3603 3796 3678">
    <p class='ocr_par' dir='ltr' id='par_1_102' title="bbox 2193 3603 3796 3678">
     <span class='ocr_line' id='line_1_102' title="bbox 2193 3603 3796 3678; baseline -0.001 -20"><span class='ocrx_word' id='word_1_789' title='bbox 2193 3603 2415 3676; x_wconf 88' lang='grc' dir='ltr'>νοτέρου</span> <span class='ocrx_word' id='word_1_790' title='bbox 2433 3604 2847 3675; x_wconf 84' lang='grc' dir='ltr'>ὑποδείγματος.</span> <span class='ocrx_word' id='word_1_791' title='bbox 2872 3604 2980 3663; x_wconf 83' lang='grc' dir='ltr'>Τοῦ</span> <span class='ocrx_word' id='word_1_792' title='bbox 3010 3606 3120 3678; x_wconf 76' lang='grc' dir='ltr'>γὰρ</span> <span class='ocrx_word' id='word_1_793' title='bbox 3148 3607 3299 3659; x_wconf 80' lang='grc' dir='ltr'>Ἰωνᾶ</span> <span class='ocrx_word' id='word_1_794' title='bbox 3323 3606 3461 3676; x_wconf 85' lang='grc' dir='ltr'>μετά</span> <span class='ocrx_word' id='word_1_795' title='bbox 3479 3605 3576 3677; x_wconf 82' lang='grc' dir='ltr'>τὴν</span> <span class='ocrx_word' id='word_1_796' title='bbox 3602 3606 3796 3677; x_wconf 79' lang='grc' dir='ltr'>φυγὴν</span> 
     </span>
    </p>
   </div>
   <div class='ocr_carea' id='block_1_103' title="bbox 2196 3692 3793 3767">
    <p class='ocr_par' dir='ltr' id='par_1_103' title="bbox 2196 3692 3793 3767">
     <span class='ocr_line' id='line_1_103' title="bbox 2196 3692 3793 3767; baseline 0 -20"><span class='ocrx_word' id='word_1_797' title='bbox 2196 3693 2291 3747; x_wconf 79' lang='grc' dir='ltr'>καὶ</span> <span class='ocrx_word' id='word_1_798' title='bbox 2336 3692 2431 3746; x_wconf 89' lang='grc' dir='ltr'>τοῦ</span> <span class='ocrx_word' id='word_1_799' title='bbox 2470 3692 2605 3747; x_wconf 88' lang='grc' dir='ltr'>Θεοῦ</span> <span class='ocrx_word' id='word_1_800' title='bbox 2645 3695 2742 3765; x_wconf 82' lang='grc' dir='ltr'>τὴν</span> <span class='ocrx_word' id='word_1_801' title='bbox 2777 3695 3121 3766; x_wconf 83' lang='grc' dir='ltr'>καταλλαγὴν</span> <span class='ocrx_word' id='word_1_802' title='bbox 3163 3695 3262 3767; x_wconf 84' lang='grc' dir='ltr'>τὴν</span> <span class='ocrx_word' id='word_1_803' title='bbox 3308 3695 3447 3766; x_wconf 86' lang='grc' dir='ltr'>πρός</span> <span class='ocrx_word' id='word_1_804' title='bbox 3493 3694 3793 3758; x_wconf 79' lang='grc' dir='ltr'>Νινευῖτας</span> 
     </span>
    </p>
   </div>
   <div class='ocr_carea' id='block_1_104' title="bbox 2196 3779 3795 3854">
    <p class='ocr_par' dir='ltr' id='par_1_104' title="bbox 2196 3779 3795 3854">
     <span class='ocr_line' id='line_1_104' title="bbox 2196 3779 3795 3854; baseline 0.002 -21"><span class='ocrx_word' id='word_1_805' title='bbox 2196 3779 2646 3852; x_wconf 82' lang='grc' dir='ltr'>ὲξαπορηθέντος,</span> <span class='ocrx_word' id='word_1_806' title='bbox 2675 3782 2751 3846; x_wconf 85' lang='grc' dir='ltr'>ὡς</span> <span class='ocrx_word' id='word_1_807' title='bbox 2778 3783 2879 3836; x_wconf 87' lang='grc' dir='ltr'>οὑκ</span> <span class='ocrx_word' id='word_1_808' title='bbox 2903 3783 3165 3837; x_wconf 79' lang='grc' dir='ltr'>ἐλθόντων</span> <span class='ocrx_word' id='word_1_809' title='bbox 3190 3785 3269 3846; x_wconf 80' lang='grc' dir='ltr'>εἰς</span> <span class='ocrx_word' id='word_1_810' title='bbox 3295 3783 3455 3854; x_wconf 77' lang='grc' dir='ltr'>ἔργον</span> <span class='ocrx_word' id='word_1_811' title='bbox 3488 3782 3594 3836; x_wconf 82' lang='grc' dir='ltr'>τῶν</span> <span class='ocrx_word' id='word_1_812' title='bbox 3621 3783 3795 3836; x_wconf 87' lang='grc' dir='ltr'>ἀπει-</span> 
     </span>
    </p>
   </div>
   <div class='ocr_carea' id='block_1_105' title="bbox 2193 3868 3791 3945">
    <p class='ocr_par' dir='ltr' id='par_1_105' title="bbox 2193 3868 3791 3945">
     <span class='ocr_line' id='line_1_105' title="bbox 2193 3868 3791 3945; baseline 0.004 -23"><span class='ocrx_word' id='word_1_813' title='bbox 2193 3868 2487 3940; x_wconf 86' lang='grc' dir='ltr'>ληθέντων,</span> <span class='ocrx_word' id='word_1_814' title='bbox 2516 3871 2612 3924; x_wconf 70' lang='grc' dir='ltr'>καὶ</span> <span class='ocrx_word' id='word_1_815' title='bbox 2644 3871 2909 3937; x_wconf 89' lang='grc' dir='ltr'>παθόντος</span> <span class='ocrx_word' id='word_1_816' title='bbox 2938 3891 2988 3926; x_wconf 90' lang='grc' dir='ltr'>τι</span> <span class='ocrx_word' id='word_1_817' title='bbox 3025 3872 3363 3944; x_wconf 84' lang='grc' dir='ltr'>ἀνθρώπινον</span> <span class='ocrx_word' id='word_1_818' title='bbox 3398 3871 3588 3936; x_wconf 83' lang='grc' dir='ltr'>πάθος,</span> <span class='ocrx_word' id='word_1_819' title='bbox 3624 3872 3791 3945; x_wconf 72' lang='grc'>[4761</span> 
     </span>
    </p>
   </div>
   <div class='ocr_carea' id='block_1_106' title="bbox 2196 3961 3793 4036">
    <p class='ocr_par' dir='ltr' id='par_1_106' title="bbox 2196 3961 3793 4036">
     <span class='ocr_line' id='line_1_106' title="bbox 2196 3961 3793 4036; baseline 0.001 -19"><span class='ocrx_word' id='word_1_820' title='bbox 2196 3963 2290 4017; x_wconf 73' lang='grc' dir='ltr'>καὶ</span> <span class='ocrx_word' id='word_1_821' title='bbox 2316 3961 2834 4034; x_wconf 87' lang='grc' dir='ltr'>σκυθρωπάσαντος,</span> <span class='ocrx_word' id='word_1_822' title='bbox 2855 3963 3115 4028; x_wconf 74' lang='grc' dir='ltr'>ἐπιτάξας</span> <span class='ocrx_word' id='word_1_823' title='bbox 3138 3966 3202 4032; x_wconf 82' lang='grc' dir='ltr'>τῇ</span> <span class='ocrx_word' id='word_1_824' title='bbox 3231 3964 3412 4017; x_wconf 87' lang='grc' dir='ltr'>ἀκτῖνι</span> <span class='ocrx_word' id='word_1_825' title='bbox 3442 3962 3793 4036; x_wconf 84' lang='grc' dir='ltr'>θερμοτέραν</span> 
     </span>
    </p>
   </div>
   <div class='ocr_carea' id='block_1_107' title="bbox 2197 4047 3791 4124">
    <p class='ocr_par' dir='ltr' id='par_1_107' title="bbox 2197 4047 3791 4124">
     <span class='ocr_line' id='line_1_107' title="bbox 2197 4047 3791 4124; baseline 0.002 -20"><span class='ocrx_word' id='word_1_826' title='bbox 2197 4050 2414 4120; x_wconf 87' lang='grc' dir='ltr'>ἀφεῖναι</span> <span class='ocrx_word' id='word_1_827' title='bbox 2445 4049 2544 4123; x_wconf 85' lang='grc' dir='ltr'>τὴν</span> <span class='ocrx_word' id='word_1_828' title='bbox 2592 4050 2765 4122; x_wconf 88' lang='grc' dir='ltr'>φλόγα</span> <span class='ocrx_word' id='word_1_829' title='bbox 2785 4090 2800 4117; x_wconf 92' lang='grc'>,</span> <span class='ocrx_word' id='word_1_830' title='bbox 2830 4047 2950 4105; x_wconf 80' lang='grc' dir='ltr'>εἶτα</span> <span class='ocrx_word' id='word_1_831' title='bbox 2990 4051 3251 4115; x_wconf 90' lang='grc' dir='ltr'>κελεύσας</span> <span class='ocrx_word' id='word_1_832' title='bbox 3283 4053 3348 4124; x_wconf 84' lang='grc' dir='ltr'>τῇ</span> <span class='ocrx_word' id='word_1_833' title='bbox 3388 4052 3460 4123; x_wconf 80' lang='grc' dir='ltr'>γῇ</span> <span class='ocrx_word' id='word_1_834' title='bbox 3502 4051 3791 4122; x_wconf 83' lang='grc' dir='ltr'>σχεδιάσαι</span> 
     </span>
    </p>
   </div>
   <div class='ocr_carea' id='block_1_108' title="bbox 2197 4137 3790 4212">
    <p class='ocr_par' dir='ltr' id='par_1_108' title="bbox 2197 4137 3790 4212">
     <span class='ocr_line' id='line_1_108' title="bbox 2197 4137 3790 4212; baseline 0.003 -20"><span class='ocrx_word' id='word_1_835' title='bbox 2197 4137 2347 4210; x_wconf 80' lang='grc' dir='ltr'>αὐτῷ</span> <span class='ocrx_word' id='word_1_836' title='bbox 2391 4139 2591 4211; x_wconf 84' lang='grc' dir='ltr'>στέγην</span> <span class='ocrx_word' id='word_1_837' title='bbox 2638 4141 2746 4195; x_wconf 75' lang='grc' dir='ltr'>ἀπὸ</span> <span class='ocrx_word' id='word_1_838' title='bbox 2781 4140 3039 4211; x_wconf 85' lang='grc' dir='ltr'>λαχάνου,</span> <span class='ocrx_word' id='word_1_839' title='bbox 3082 4141 3179 4194; x_wconf 73' lang='grc' dir='ltr'>καὶ</span> <span class='ocrx_word' id='word_1_840' title='bbox 3228 4139 3435 4210; x_wconf 74' lang='grc' dir='ltr'>θάλψας</span> <span class='ocrx_word' id='word_1_841' title='bbox 3465 4139 3628 4194; x_wconf 80' lang='grc' dir='ltr'>αὐτὸν</span> <span class='ocrx_word' id='word_1_842' title='bbox 3660 4142 3790 4212; x_wconf 78' lang='grc' dir='ltr'>μεθ’</span> 
     </span>
    </p>
   </div>
   <div class='ocr_carea' id='block_1_109' title="bbox 2198 4218 3755 4299">
    <p class='ocr_par' dir='ltr' id='par_1_109' title="bbox 2198 4218 3755 4299">
     <span class='ocr_line' id='line_1_109' title="bbox 2198 4218 3755 4299; baseline 0.001 -19"><span class='ocrx_word' id='word_1_843' title='bbox 2198 4226 2501 4299; x_wconf 84' lang='grc' dir='ltr'>ὑπερϐολῆς</span> <span class='ocrx_word' id='word_1_844' title='bbox 2528 4218 2624 4281; x_wconf 70' lang='grc' dir='ltr'>καὶ</span> <span class='ocrx_word' id='word_1_845' title='bbox 2665 4228 3004 4291; x_wconf 86' lang='grc' dir='ltr'>ἀναπαύσας,</span> <span class='ocrx_word' id='word_1_846' title='bbox 3032 4224 3152 4283; x_wconf 79' lang='grc' dir='ltr'>εἶτα</span> <span class='ocrx_word' id='word_1_847' title='bbox 3176 4229 3425 4299; x_wconf 72' lang='grc' dir='ltr'>λυπήσας</span> <span class='ocrx_word' id='word_1_848' title='bbox 3466 4226 3543 4298; x_wconf 86' lang='grc' dir='ltr'>τῷ</span> <span class='ocrx_word' id='word_1_849' title='bbox 3574 4227 3755 4299; x_wconf 56' lang='grc' dir='ltr'>ταύττ,</span> 
     </span>
    </p>
   </div>
   <div class='ocr_carea' id='block_1_110' title="bbox 2195 4312 3792 4389">
    <p class='ocr_par' dir='ltr' id='par_1_110' title="bbox 2195 4312 3792 4389">
     <span class='ocr_line' id='line_1_110' title="bbox 2195 4312 3792 4389; baseline 0.001 -21"><span class='ocrx_word' id='word_1_850' title='bbox 2195 4313 2461 4382; x_wconf 87' lang='grc' dir='ltr'>ἀφανίσαι</span> <span class='ocrx_word' id='word_1_851' title='bbox 2494 4315 2594 4386; x_wconf 80' lang='grc' dir='ltr'>τὴν</span> <span class='ocrx_word' id='word_1_852' title='bbox 2621 4316 2841 4388; x_wconf 88' lang='grc' dir='ltr'>στέγην,</span> <span class='ocrx_word' id='word_1_853' title='bbox 2874 4316 3061 4389; x_wconf 76' lang='grc' dir='ltr'>ἐπειδὴ</span> <span class='ocrx_word' id='word_1_854' title='bbox 3088 4317 3167 4388; x_wconf 85' lang='grc' dir='ltr'>τῷ</span> <span class='ocrx_word' id='word_1_855' title='bbox 3199 4315 3297 4387; x_wconf 83' lang='grc' dir='ltr'>μὲν</span> <span class='ocrx_word' id='word_1_856' title='bbox 3324 4312 3462 4370; x_wconf 72' lang='grc' dir='ltr'>εἶδεν</span> <span class='ocrx_word' id='word_1_857' title='bbox 3497 4315 3792 4369; x_wconf 82' lang='grc' dir='ltr'>ἀνεθέντα.</span> 
     </span>
    </p>
   </div>
   <div class='ocr_carea' id='block_1_111' title="bbox 2195 4401 3795 4476">
    <p class='ocr_par' dir='ltr' id='par_1_111' title="bbox 2195 4401 3795 4476">
     <span class='ocr_line' id='line_1_111' title="bbox 2195 4401 3795 4476; baseline 0.001 -20"><span class='ocrx_word' id='word_1_858' title='bbox 2195 4401 2277 4473; x_wconf 86' lang='grc' dir='ltr'>τῷ</span> <span class='ocrx_word' id='word_1_859' title='bbox 2300 4401 2359 4456; x_wconf 82' lang='grc' dir='ltr'>δὲ</span> <span class='ocrx_word' id='word_1_860' title='bbox 2393 4403 2845 4475; x_wconf 87' lang='grc' dir='ltr'>κατατεινόμενον</span> <span class='ocrx_word' id='word_1_861' title='bbox 2879 4416 2926 4470; x_wconf 79' lang='grc' dir='ltr'>ο,</span> <span class='ocrx_word' id='word_1_862' title='bbox 2954 4405 3116 4461; x_wconf 76' lang='grc' dir='ltr'>ἄκουε</span> <span class='ocrx_word' id='word_1_863' title='bbox 3152 4405 3206 4459; x_wconf 92' lang='grc' dir='ltr'>τί</span> <span class='ocrx_word' id='word_1_864' title='bbox 3244 4421 3375 4476; x_wconf 88' lang='grc' dir='ltr'>φησι</span> <span class='ocrx_word' id='word_1_865' title='bbox 3404 4404 3542 4475; x_wconf 84' lang='grc' dir='ltr'>πρὸς</span> <span class='ocrx_word' id='word_1_866' title='bbox 3579 4404 3754 4457; x_wconf 81' lang='grc' dir='ltr'>αὐτόν</span> <span class='ocrx_word' id='word_1_867' title='bbox 3779 4419 3795 4432; x_wconf 91' lang='grc'><strong>·</strong></span> 
     </span>
    </p>
   </div>
   <div class='ocr_carea' id='block_1_112' title="bbox 2198 4486 3800 4563">
    <p class='ocr_par' dir='ltr' id='par_1_112' title="bbox 2198 4486 3800 4563">
     <span class='ocr_line' id='line_1_112' title="bbox 2198 4486 3800 4563; baseline -0.001 -18"><span class='ocrx_word' id='word_1_868' title='bbox 2198 4492 2283 4547; x_wconf 82' lang='grc' dir='ltr'>Σὺ</span> <span class='ocrx_word' id='word_1_869' title='bbox 2311 4493 2430 4563; x_wconf 85' lang='grc' dir='ltr'>μὲν</span> <span class='ocrx_word' id='word_1_870' title='bbox 2469 4492 2691 4562; x_wconf 74' lang='grc' dir='ltr'>ἐφείσω</span> <span class='ocrx_word' id='word_1_871' title='bbox 2729 4491 2882 4560; x_wconf 84' lang='grc' dir='ltr'>ὑπὲρ</span> <span class='ocrx_word' id='word_1_872' title='bbox 2918 4490 3479 4560; x_wconf 69' lang='grc' dir='ltr'>τῆςαολοκύντης,</span> <span class='ocrx_word' id='word_1_873' title='bbox 3522 4491 3682 4559; x_wconf 78' lang='grc' dir='ltr'>ὑπὲρ</span> <span class='ocrx_word' id='word_1_874' title='bbox 3714 4486 3800 4563; x_wconf 70' lang='grc' dir='ltr'>ἧς</span> 
     </span>
    </p>
   </div>
   <div class='ocr_carea' id='block_1_113' title="bbox 2197 4577 3795 4649">
    <p class='ocr_par' dir='ltr' id='par_1_113' title="bbox 2197 4577 3795 4649">
     <span class='ocr_line' id='line_1_113' title="bbox 2197 4577 3795 4649; baseline -0.001 -13"><span class='ocrx_word' id='word_1_875' title='bbox 2197 4582 2309 4636; x_wconf 80' lang='grc' dir='ltr'>οὐκ</span> <span class='ocrx_word' id='word_1_876' title='bbox 2353 4579 2838 4647; x_wconf 81' lang='grc' dir='ltr'>ἐκακοπάθησας,</span> <span class='ocrx_word' id='word_1_877' title='bbox 2883 4579 3026 4635; x_wconf 80' lang='grc' dir='ltr'>οὐδὲ</span> <span class='ocrx_word' id='word_1_878' title='bbox 3063 4579 3425 4648; x_wconf 79' lang='grc' dir='ltr'>ἐξέθρεψας·</span> <span class='ocrx_word' id='word_1_879' title='bbox 3458 4577 3573 4649; x_wconf 71' lang='grc' dir='ltr'>ἐγὼ</span> <span class='ocrx_word' id='word_1_880' title='bbox 3611 4578 3684 4632; x_wconf 89' lang='grc' dir='ltr'>δὲ</span> <span class='ocrx_word' id='word_1_881' title='bbox 3714 4583 3795 4635; x_wconf 77' lang='grc' dir='ltr'>οὐ</span> 
     </span>
    </p>
   </div>
   <div class='ocr_carea' id='block_1_114' title="bbox 2198 4667 3795 4741">
    <p class='ocr_par' dir='ltr' id='par_1_114' title="bbox 2198 4667 3795 4741">
     <span class='ocr_line' id='line_1_114' title="bbox 2198 4667 3795 4741; baseline 0.001 -17"><span class='ocrx_word' id='word_1_882' title='bbox 2198 4670 2481 4741; x_wconf 70' lang='grc' dir='ltr'>φείσομαι</span> <span class='ocrx_word' id='word_1_883' title='bbox 2506 4669 2662 4738; x_wconf 79' lang='grc' dir='ltr'>ὑπὲρ</span> <span class='ocrx_word' id='word_1_884' title='bbox 2691 4669 2916 4738; x_wconf 81' lang='grc' dir='ltr'>Νινευὴ</span> <span class='ocrx_word' id='word_1_885' title='bbox 2948 4668 3059 4739; x_wconf 80' lang='grc' dir='ltr'>τῆς</span> <span class='ocrx_word' id='word_1_886' title='bbox 3085 4672 3317 4736; x_wconf 85' lang='grc' dir='ltr'>πόλεως</span> <span class='ocrx_word' id='word_1_887' title='bbox 3349 4668 3460 4738; x_wconf 84' lang='grc' dir='ltr'>τῆς</span> <span class='ocrx_word' id='word_1_888' title='bbox 3485 4667 3795 4738; x_wconf 69' lang='grc' dir='ltr'>μεγάλης,</span> 
     </span>
    </p>
   </div>
   <div class='ocr_carea' id='block_1_115' title="bbox 2197 4752 3797 4831">
    <p class='ocr_par' dir='ltr' id='par_1_115' title="bbox 2197 4752 3797 4831">
     <span class='ocr_line' id='line_1_115' title="bbox 2197 4752 3797 4831; baseline -0.003 -19"><span class='ocrx_word' id='word_1_889' title='bbox 2197 4759 2267 4813; x_wconf 66' lang='grc' dir='ltr'>ἐν</span> <span class='ocrx_word' id='word_1_890' title='bbox 2292 4752 2334 4831; x_wconf 77' lang='grc' dir='ltr'><em>ᾖ</em></span> <span class='ocrx_word' id='word_1_891' title='bbox 2361 4757 2751 4812; x_wconf 82' lang='grc' dir='ltr'>κατοικοῦσιν</span> <span class='ocrx_word' id='word_1_892' title='bbox 2776 4757 2847 4811; x_wconf 81' lang='grc' dir='ltr'>ἐν</span> <span class='ocrx_word' id='word_1_893' title='bbox 2873 4755 3030 4827; x_wconf 75' lang='grc' dir='ltr'>αὐτῇ</span> <span class='ocrx_word' id='word_1_894' title='bbox 3064 4758 3316 4824; x_wconf 81' lang='grc' dir='ltr'>πλείους</span> <span class='ocrx_word' id='word_1_895' title='bbox 3342 4757 3381 4827; x_wconf 81' lang='grc' dir='ltr'><em>ἢ</em></span> <span class='ocrx_word' id='word_1_896' title='bbox 3408 4754 3639 4809; x_wconf 80' lang='grc' dir='ltr'>δώδεκα</span> <span class='ocrx_word' id='word_1_897' title='bbox 3667 4775 3797 4826; x_wconf 80' lang='grc' dir='ltr'>μυ-</span> 
     </span>
    </p>
   </div>
   <div class='ocr_carea' id='block_1_116' title="bbox 2191 4842 3795 4917">
    <p class='ocr_par' dir='ltr' id='par_1_116' title="bbox 2191 4842 3795 4917">
     <span class='ocr_line' id='line_1_116' title="bbox 2191 4842 3795 4917; baseline -0.003 -15"><span class='ocrx_word' id='word_1_898' title='bbox 2191 4847 2399 4917; x_wconf 85' lang='grc' dir='ltr'>ριάδες</span> <span class='ocrx_word' id='word_1_899' title='bbox 2440 4845 2708 4915; x_wconf 78' lang='grc' dir='ltr'>ἀνδρῶν,</span> <span class='ocrx_word' id='word_1_900' title='bbox 2750 4846 2971 4912; x_wconf 77' lang='grc' dir='ltr'>οἵτινες</span> <span class='ocrx_word' id='word_1_901' title='bbox 3025 4846 3141 4898; x_wconf 80' lang='grc' dir='ltr'>οὐκ</span> <span class='ocrx_word' id='word_1_902' title='bbox 3184 4844 3461 4913; x_wconf 74' lang='grc' dir='ltr'>ἔγνωσαν</span> <span class='ocrx_word' id='word_1_903' title='bbox 3496 4842 3713 4908; x_wconf 83' lang='grc' dir='ltr'>δεξιὰν</span> <span class='ocrx_word' id='word_1_904' title='bbox 3752 4845 3795 4911; x_wconf 79' lang='grc' dir='ltr'><strong><em>ἣ</em></strong></span> 
     </span>
    </p>
   </div>
   <div class='ocr_carea' id='block_1_117' title="bbox 2197 4931 3797 5005">
    <p class='ocr_par' dir='ltr' id='par_1_117' title="bbox 2197 4931 3797 5005">
     <span class='ocr_line' id='line_1_117' title="bbox 2197 4931 3797 5005; baseline -0.004 -15"><span class='ocrx_word' id='word_1_905' title='bbox 2197 4934 2562 5005; x_wconf 84' lang='grc' dir='ltr'>ἀριστεράν;</span> <span class='ocrx_word' id='word_1_906' title='bbox 2604 4936 2668 4989; x_wconf 87' lang='grc' dir='ltr'><em>Ὃ</em></span> <span class='ocrx_word' id='word_1_907' title='bbox 2700 4935 2756 4989; x_wconf 80' lang='grc' dir='ltr'>δὲ</span> <span class='ocrx_word' id='word_1_908' title='bbox 2787 4935 2937 5003; x_wconf 82' lang='grc' dir='ltr'>λέγει</span> <span class='ocrx_word' id='word_1_909' title='bbox 2991 4931 3229 4986; x_wconf 89' lang='grc' dir='ltr'>τοιοῦτόν</span> <span class='ocrx_word' id='word_1_910' title='bbox 3262 4934 3438 4985; x_wconf 66' lang='grc' dir='ltr'>ἐστιν*</span> <span class='ocrx_word' id='word_1_911' title='bbox 3464 4932 3577 5002; x_wconf 77' lang='grc' dir='ltr'>Οὐχ</span> <span class='ocrx_word' id='word_1_912' title='bbox 3610 4931 3797 4995; x_wconf 69' lang='grc' dir='ltr'>οὕτως</span> 
     </span>
    </p>
   </div>
   <div class='ocr_carea' id='block_1_118' title="bbox 2198 5018 3797 5097">
    <p class='ocr_par' dir='ltr' id='par_1_118' title="bbox 2198 5018 3797 5097">
     <span class='ocr_line' id='line_1_118' title="bbox 2198 5018 3797 5097; baseline -0.004 -20"><span class='ocrx_word' id='word_1_913' title='bbox 2198 5024 2471 5079; x_wconf 87' lang='grc' dir='ltr'>ἀνέπαυσέ</span> <span class='ocrx_word' id='word_1_914' title='bbox 2503 5041 2563 5076; x_wconf 91' lang='grc' dir='ltr'>σε</span> <span class='ocrx_word' id='word_1_915' title='bbox 2594 5025 2628 5093; x_wconf 84' lang='grc' dir='ltr'>ἡ</span> <span class='ocrx_word' id='word_1_916' title='bbox 2654 5023 2780 5081; x_wconf 75' lang='grc' dir='ltr'>σκιά</span> <span class='ocrx_word' id='word_1_917' title='bbox 2812 5022 2905 5097; x_wconf 85' lang='grc' dir='ltr'>τοῦ</span> <span class='ocrx_word' id='word_1_918' title='bbox 2944 5020 3177 5092; x_wconf 86' lang='grc' dir='ltr'>λαχάνου</span> <span class='ocrx_word' id='word_1_919' title='bbox 3206 5020 3281 5083; x_wconf 85' lang='grc' dir='ltr'>ὡς</span> <span class='ocrx_word' id='word_1_920' title='bbox 3310 5019 3412 5090; x_wconf 78' lang='grc' dir='ltr'>ἐμὲ</span> <span class='ocrx_word' id='word_1_921' title='bbox 3446 5018 3722 5091; x_wconf 78' lang='grc' dir='ltr'>εὔφρανεν</span> <span class='ocrx_word' id='word_1_922' title='bbox 3761 5023 3797 5091; x_wconf 79' lang='grc' dir='ltr'>ή</span> 
     </span>
    </p>
   </div>
   <div class='ocr_carea' id='block_1_119' title="bbox 2201 5109 3817 5186">
    <p class='ocr_par' dir='ltr' id='par_1_119' title="bbox 2201 5109 3817 5186">
     <span class='ocr_line' id='line_1_119' title="bbox 2201 5109 3817 5186; baseline -0.004 -19"><span class='ocrx_word' id='word_1_923' title='bbox 2201 5114 2446 5186; x_wconf 86' lang='grc' dir='ltr'>σωτηρία</span> <span class='ocrx_word' id='word_1_924' title='bbox 2486 5114 2593 5167; x_wconf 88' lang='grc' dir='ltr'>τῶν</span> <span class='ocrx_word' id='word_1_925' title='bbox 2623 5112 2920 5167; x_wconf 80' lang='grc' dir='ltr'>Νινευῖτῶν</span> <span class='ocrx_word' id='word_1_926' title='bbox 2940 5128 2954 5141; x_wconf 73' lang='grc'><strong><em>⁸</em></strong></span> <span class='ocrx_word' id='word_1_927' title='bbox 2985 5112 3106 5165; x_wconf 80' lang='grc' dir='ltr'>οὐδὲ</span> <span class='ocrx_word' id='word_1_928' title='bbox 3137 5111 3312 5173; x_wconf 73' lang='grc' dir='ltr'>οὕτως</span> <span class='ocrx_word' id='word_1_929' title='bbox 3353 5127 3413 5164; x_wconf 91' lang='grc' dir='ltr'>σε</span> <span class='ocrx_word' id='word_1_930' title='bbox 3447 5109 3725 5180; x_wconf 68' lang='grc' dir='ltr'>ἐλύπησεν</span> <span class='ocrx_word' id='word_1_931' title='bbox 3762 5114 3817 5182; x_wconf 42' lang='grc' dir='ltr'>ἡ,</span> 
     </span>
    </p>
   </div>
   <div class='ocr_carea' id='block_1_120' title="bbox 2200 5187 3802 5275">
    <p class='ocr_par' dir='ltr' id='par_1_120' title="bbox 2200 5187 3802 5275">
     <span class='ocr_line' id='line_1_120' title="bbox 2200 5187 3802 5275; baseline -0.004 -19"><span class='ocrx_word' id='word_1_932' title='bbox 2200 5202 2489 5275; x_wconf 86' lang='grc' dir='ltr'>ἀφαίρεσις</span> <span class='ocrx_word' id='word_1_933' title='bbox 2544 5200 2727 5267; x_wconf 67' lang='grc' dir='ltr'>αὑτοῦ,</span> <span class='ocrx_word' id='word_1_934' title='bbox 2764 5201 2840 5264; x_wconf 83' lang='grc' dir='ltr'>ὡς</span> <span class='ocrx_word' id='word_1_935' title='bbox 2886 5201 2985 5271; x_wconf 79' lang='grc' dir='ltr'>ἐμὲ</span> <span class='ocrx_word' id='word_1_936' title='bbox 3035 5201 3064 5253; x_wconf 88' lang='lat'>6</span> <span class='ocrx_word' id='word_1_937' title='bbox 3109 5198 3313 5253; x_wconf 88' lang='grc' dir='ltr'>τούτων</span> <span class='ocrx_word' id='word_1_938' title='bbox 3343 5187 3585 5270; x_wconf 69' lang='grc' dir='ltr'>ὄλεθρος.</span> <span class='ocrx_word' id='word_1_939' title='bbox 3627 5195 3802 5250; x_wconf 76' lang='grc' dir='ltr'>Οὕτω</span> 
     </span>
    </p>
   </div>
   <div class='ocr_carea' id='block_1_121' title="bbox 2201 5283 3805 5363">
    <p class='ocr_par' dir='ltr' id='par_1_121' title="bbox 2201 5283 3805 5363">
     <span class='ocr_line' id='line_1_121' title="bbox 2201 5283 3805 5363; baseline -0.001 -19"><span class='ocrx_word' id='word_1_940' title='bbox 2201 5293 2352 5363; x_wconf 81' lang='grc' dir='ltr'>παρὰ</span> <span class='ocrx_word' id='word_1_941' title='bbox 2372 5291 2598 5362; x_wconf 83' lang='grc' dir='ltr'>γνώμην</span> <span class='ocrx_word' id='word_1_942' title='bbox 2631 5308 2732 5360; x_wconf 88' lang='grc' dir='ltr'>μου</span> <span class='ocrx_word' id='word_1_943' title='bbox 2764 5292 2797 5360; x_wconf 85' lang='grc' dir='ltr'>ή</span> <span class='ocrx_word' id='word_1_944' title='bbox 2839 5289 3086 5344; x_wconf 84' lang='grc' dir='ltr'>ἀπώλεια</span> <span class='ocrx_word' id='word_1_945' title='bbox 3126 5288 3306 5344; x_wconf 82' lang='grc' dir='ltr'>αὐτῶν</span> <span class='ocrx_word' id='word_1_946' title='bbox 3339 5283 3426 5358; x_wconf 79' lang='grc' dir='ltr'>ἧν.</span> <span class='ocrx_word' id='word_1_947' title='bbox 3470 5288 3634 5360; x_wconf 72' lang='grc' dir='ltr'>Ὁρᾷς</span> <span class='ocrx_word' id='word_1_948' title='bbox 3667 5288 3805 5353; x_wconf 77' lang='grc' dir='ltr'>πῶς</span> 
     </span>
    </p>
   </div>
   <div class='ocr_carea' id='block_1_122' title="bbox 2263 5484 2697 5557">
    <p class='ocr_par' dir='ltr' id='par_1_122' title="bbox 2263 5484 2697 5557">
     <span class='ocr_line' id='line_1_122' title="bbox 2263 5484 2697 5557; baseline -0.005 -23"><span class='ocrx_word' id='word_1_949' title='bbox 2263 5487 2288 5557; x_wconf 67' lang='lat' dir='ltr'><strong>f‘</strong></span> <span class='ocrx_word' id='word_1_950' title='bbox 2307 5484 2401 5557; x_wconf 46' lang='lat' dir='ltr'>ﬂii</span> <span class='ocrx_word' id='word_1_951' title='bbox 2424 5484 2697 5557; x_wconf 82' lang='grc' dir='ltr'>βαρυτέραν.</span> 
     </span>
    </p>
   </div>
   <div class='ocr_carea' id='block_1_123' title="bbox 2261 5542 3683 5607">
    <p class='ocr_par' dir='ltr' id='par_1_123' title="bbox 2261 5542 3683 5607">
     <span class='ocr_line' id='line_1_123' title="bbox 2261 5542 3683 5607; baseline -0.004 -13"><span class='ocrx_word' id='word_1_952' title='bbox 2261 5547 2287 5585; x_wconf 82' lang='lat' dir='ltr'><strong>b</strong></span> <span class='ocrx_word' id='word_1_953' title='bbox 2312 5548 2368 5595; x_wconf 83' lang='grc' dir='ltr'>Τί</span> <span class='ocrx_word' id='word_1_954' title='bbox 2387 5542 2576 5603; x_wconf 74' lang='grc' dir='ltr'>ποιήσω</span> <span class='ocrx_word' id='word_1_955' title='bbox 2600 5542 2699 5604; x_wconf 75' lang='grc' dir='ltr'>σοι,</span> <span class='ocrx_word' id='word_1_956' title='bbox 2723 5543 2896 5593; x_wconf 82' lang='grc' dir='ltr'>Ἰούδα.</span> <span class='ocrx_word' id='word_1_957' title='bbox 2913 5543 3031 5593; x_wconf 58' lang='lat' dir='ltr'>Hec</span> <span class='ocrx_word' id='word_1_958' title='bbox 3054 5542 3253 5594; x_wconf 82' lang='lat' dir='ltr'><strong>aliunde</strong></span> <span class='ocrx_word' id='word_1_959' title='bbox 3275 5544 3533 5607; x_wconf 75' lang='lat' dir='ltr'>desumpta</span> <span class='ocrx_word' id='word_1_960' title='bbox 3553 5543 3683 5592; x_wconf 75' lang='lat' dir='ltr'>sunt.</span> 
     </span>
    </p>
   </div>
   <div class='ocr_carea' id='block_1_124' title="bbox 2265 5608 2709 5671">
    <p class='ocr_par' dir='ltr' id='par_1_124' title="bbox 2265 5608 2709 5671">
     <span class='ocr_line' id='line_1_124' title="bbox 2265 5608 2709 5671; baseline -0.011 0"><span class='ocrx_word' id='word_1_961' title='bbox 2265 5613 2287 5640; x_wconf 80' lang='lat'><strong>&#39;</strong></span> <span class='ocrx_word' id='word_1_962' title='bbox 2311 5609 2405 5671; x_wconf 71' lang='grc' dir='ltr'>Αιίί</span> <span class='ocrx_word' id='word_1_963' title='bbox 2432 5608 2709 5671; x_wconf 56' lang='grc' dir='ltr'>βερντάτης-</span> 
     </span>
    </p>
   </div>
   <div class='ocr_carea' id='block_1_125' title="bbox 2261 5664 3798 5732">
    <p class='ocr_par' dir='ltr' id='par_1_125' title="bbox 2261 5664 3798 5732">
     <span class='ocr_line' id='line_1_125' title="bbox 2261 5664 3798 5732; baseline 0 -15"><span class='ocrx_word' id='word_1_964' title='bbox 2261 5670 2287 5709; x_wconf 74' lang='grc' dir='ltr'>ό</span> <span class='ocrx_word' id='word_1_965' title='bbox 2313 5664 2442 5732; x_wconf 63' lang='grc' dir='ltr'>εει)ιὲ</span> <span class='ocrx_word' id='word_1_966' title='bbox 2470 5664 2643 5718; x_wconf 78' lang='lat' dir='ltr'>Bibliis</span> <span class='ocrx_word' id='word_1_967' title='bbox 2662 5674 2714 5716; x_wconf 78' lang='grc' dir='ltr'>οι</span> <span class='ocrx_word' id='word_1_968' title='bbox 2735 5668 2919 5732; x_wconf 73' lang='lat' dir='ltr'>Savilio</span> <span class='ocrx_word' id='word_1_969' title='bbox 2942 5673 3234 5732; x_wconf 74' lang='lat' dir='ltr'>correctum.</span> <span class='ocrx_word' id='word_1_970' title='bbox 3252 5667 3418 5719; x_wconf 74' lang='lat' dir='ltr'>Monlf.</span> <span class='ocrx_word' id='word_1_971' title='bbox 3452 5664 3672 5732; x_wconf 77' lang='grc' dir='ltr'>Χριστός.</span> <span class='ocrx_word' id='word_1_972' title='bbox 3687 5664 3798 5717; x_wconf 72' lang='lat' dir='ltr'>lin.</span> 
     </span>
    </p>
   </div>
   <div class='ocr_carea' id='block_1_126' title="bbox 2269 5730 3407 5794">
    <p class='ocr_par' dir='ltr' id='par_1_126' title="bbox 2269 5730 3407 5794">
     <span class='ocr_line' id='line_1_126' title="bbox 2269 5730 3407 5794; baseline 0.004 -18"><span class='ocrx_word' id='word_1_973' title='bbox 2269 5738 2289 5763; x_wconf 69' lang='grc' dir='ltr'>ε</span> <span class='ocrx_word' id='word_1_974' title='bbox 2313 5730 2460 5782; x_wconf 71' lang='grc' dir='ltr'>δειγὶὶ.</span> <span class='ocrx_word' id='word_1_975' title='bbox 2489 5732 2543 5778; x_wconf 83' lang='grc' dir='ltr'>τὸ</span> <span class='ocrx_word' id='word_1_976' title='bbox 2565 5732 2646 5793; x_wconf 80' lang='grc' dir='ltr'>μὲν</span> <span class='ocrx_word' id='word_1_977' title='bbox 2671 5732 2789 5781; x_wconf 82' lang='grc' dir='ltr'>εἶδεν</span> <span class='ocrx_word' id='word_1_978' title='bbox 2812 5731 3066 5794; x_wconf 69' lang='grc' dir='ltr'>ἀναιρεθὶν,</span> <span class='ocrx_word' id='word_1_979' title='bbox 3090 5732 3146 5780; x_wconf 83' lang='grc' dir='ltr'>τὸ</span> <span class='ocrx_word' id='word_1_980' title='bbox 3166 5733 3217 5782; x_wconf 82' lang='grc' dir='ltr'>δὲ</span> <span class='ocrx_word' id='word_1_981' title='bbox 3239 5747 3407 5781; x_wconf 85' lang='grc' dir='ltr'>κατατ.</span> 
     </span>
    </p>
   </div>
  </div>
