4030 6206
343 324 450 379 439

340 436 491 490 dere.
525 435 772 508 Exempli
796 454 996 498 causa:
1027 442 1152 498 dum
1178 446 1286 516 agit
1306 460 1428 502 cum
1459 447 1564 506 illis
1589 451 1680 521 qui
1722 451 1928 508 lamen-

342 525 612 593 labantur,
629 543 694 583 ac
728 532 1012 601 gemebant
1054 535 1204 604 olim,
1249 547 1301 594 et
1327 539 1578 597 dicebant
1608 559 1622 598 :
1653 541 1935 616 Dereliquit

340 634 418 670 me
447 617 720 687 Dominus,
751 634 800 678 et
824 625 1005 682 oblitus
1030 639 1103 684 est
1149 630 1246 684 mei
1270 630 1412 687 Deus
1437 631 1624 703 Israel,
1656 643 1766 692 tum
1788 637 1926 708 adji-

338 709 410 762 cit
433 707 550 766 haec
579 712 740 767 verba
769 716 1026 785 prOpheta
1061 736 1074 772 :
1110 718 1376 790 Numquid
1400 722 1716 780 obliviscetur
1737 707 1917 782 mulier

338 803 540 869 paruuli
563 804 664 870 sui,
687 807 766 859 vel
787 817 840 860 ut
865 825 967 862 non
989 813 1280 867 misereatur
1309 819 1500 886 fetuum
1524 819 1655 872 uteri
1669 819 1750 873 sui
1771 818 1818 889 (I
1825 821 1923 874 sai.

334 894 424 948 49.
463 896 551 949 is.
579 897 697 968 15)?
723 898 836 955 Iloc
860 902 1110 958 nimirum
1156 906 1284 962 dicit
1313 925 1327 962 :
1355 910 1800 979 quemadmodum
1841 911 1930 968 illa

335 988 524 1056 nequit
551 988 796 1045 oblivisci
825 995 1168 1063 parvulorum
1207 1013 1449 1068 suorum,
1481 1003 1558 1055 sic
1588 1017 1762 1073 neque
1789 1004 1931 1062 Deus

333 1079 545 1145 generis
573 1077 812 1135 humani.
861 1084 1064 1140 Deinde
1090 1098 1145 1142 ut
1172 1089 1437 1162 intelligas
1477 1093 1614 1149 hanc
1646 1095 1928 1152 adductam

332 1180 454 1222 esse
481 1183 511 1222 a
541 1170 804 1240 propheta
830 1175 1253 1247 similitudinem,
1287 1198 1391 1238 non
1421 1185 1564 1254 quod
1595 1196 1792 1242 tantam
1815 1189 1927 1243 vel-

332 1256 407 1312 let
429 1260 720 1318 ostendere
759 1265 853 1320 Dei
894 1267 1133 1324 caritatis
1182 1287 1302 1328 esse
1353 1289 1692 1344 mensuram,
1733 1289 1927 1348 quanta

331 1350 402 1403 sit
442 1353 632 1408 matris
672 1369 798 1425 erga
841 1358 978 1415 letus
1019 1364 1158 1418 uteri
1195 1367 1311 1432 sui;
1353 1368 1448 1422 sed
1493 1372 1740 1439 quoniam
1785 1373 1926 1430 hunc

328 1440 584 1497 eximium
615 1461 727 1515 prae
754 1450 964 1505 caneris
991 1462 1174 1509 notum
1205 1455 1389 1513 habuit
1426 1462 1664 1516 caritatis
1711 1465 1924 1520 modum
1947 1499 1964 1512 ε

328 1534 582 1602 (tametsi
612 1539 784 1596 multo
829 1544 1002 1615 major
1038 1547 1132 1602 illo
1175 1550 1270 1604 Dei
1313 1552 1520 1624 amor),
1556 1555 1750 1626 adjecit
1781 1577 1793 1610 :
1828 1558 1924 1613 Sin

324 1637 494 1679 autem
520 1638 568 1682 et
592 1630 774 1685 horum
795 1633 948 1689 oblita
971 1639 1121 1708 fuerit
1149 1641 1346 1709 mulier,
1363 1660 1454 1713 ego
1478 1654 1642 1700 tamen
1663 1664 1764 1701 non
1791 1648 1922 1702 obli-

324 1718 494 1770 visca’r
511 1722 604 1786 tui,
634 1721 756 1775 dicit
778 1723 1030 1782 Dominus
1050 1729 1099 1801 (1
1107 1730 1259 1802 bid.).
1283 1732 1444 1789 Vides
1463 1745 1518 1790 ut
1536 1737 1763 1792 materni
1780 1754 1924 1794 amo-

326 1807 402 1861 ris
423 1810 644 1865 modum
661 1815 920 1870 excedat?
938 1821 1112 1889 Atque
1133 1831 1189 1875 ut
1205 1820 1470 1894 intelligas
1485 1835 1781 1882 maternum
1800 1829 1921 1884 alie-

324 1909 468 1953 ctum
490 1911 544 1955 et
557 1905 724 1971 patris
747 1907 798 1959 in
825 1908 964 1963 Iilios
984 1911 1404 1970 benevolentiam
1428 1933 1549 1972 eum
1571 1918 1730 1989 longo
1755 1921 1921 1976 inter-

327 1989 470 2043 vallo
495 1998 852 2064 superare,ait
871 2001 1085 2069 quidem
1105 2005 1359 2074 prOpheta
1390 2024 1402 2060 :
1433 2009 1696 2076 Quomodo
1717 2014 1918 2068 misere-

328 2088 416 2130 tur
440 2092 582 2149 pater
606 2083 852 2156 ﬁliorum,
890 2091 1121 2148 misertus
1159 2106 1232 2149 est
1271 2096 1521 2154 Dominus
1560 2103 1846 2159 timentibus
1865 2122 1920 2160 se

321 2167 497 2239 (I’sal.
524 2172 640 2226 l02.
659 2175 772 2247 l3).
790 2176 1040 2250 Idemque
1054 2199 1240 2240 rursus
1260 2186 1397 2243 hanc
1411 2190 1648 2246 caritatis
1673 2193 1910 2248 similituv

318 2262 500 2316 dinem
535 2265 792 2323 adducit:
825 2272 1022 2342 quippe
1057 2277 1148 2346 qui
1189 2278 1348 2333 sciret
1369 2295 1479 2350 pra:
1519 2285 1729 2338 caeteris
1777 2286 1916 2342 hanc

316 2356 606 2413 excellere.
624 2361 694 2414 At
714 2363 1096 2434 prophetarum
1115 2379 1167 2424 et
1183 2373 1420 2427 omnium
1441 2374 1718 2444 Dominus,
1741 2387 1797 2433 ut
1818 2381 1914 2436 Dei

317 2448 715 2515 providentiam
750 2465 806 2509 et
842 2471 1024 2513 curam
1058 2463 1365 2520 ostenderet
1397 2465 1560 2537 hujus
1603 2486 1912 2528 mensuram

315 2539 478 2609 longo
499 2541 788 2600 intervallo
806 2561 1082 2619 superare,
1101 2563 1461 2628 quantumque
1481 2560 1619 2616 inter
1648 2562 1818 2618 lucem
1847 2579 1913 2620 ac

313 2631 587 2699 tenebras,
625 2646 682 2690 et
725 2639 864 2694 inter
897 2641 1189 2700 bonitatem
1220 2661 1283 2702 ac
1312 2651 1568 2705 malitiam
1610 2665 1693 2708 est
1723 2655 1911 2711 discri-

308 2737 461 2789 men,
503 2733 709 2781 tantum
747 2744 775 2782 a
809 2731 988 2786 divina
1031 2734 1266 2790 bonitate
1285 2754 1346 2793 ac
1362 2743 1693 2812 providentia
1729 2755 1908 2814 pater-

305 2829 443 2869 num
473 2831 714 2872 amorem
758 2827 1022 2891 superari,
1043 2827 1167 2880 audi
1207 2829 1332 2898 quid
1385 2831 1525 2886 dicat
1560 2852 1573 2886 :
1606 2835 1732 2902 Quis
1753 2849 1824 2890 est
1847 2855 1910 2894 ex

306 2905 450 2958 vobis
470 2907 642 2974 homo,
660 2925 694 2962 a
720 2927 818 2981 quo
843 2914 888 2967 si
918 2916 1115 2984 petierit
1143 2919 1280 2986 ﬁlius
1309 2921 1419 2991 ejus
1434 2940 1634 2991 panem,
1663 2928 1907 3000 numquid

304 2993 536 3064 lapidem
574 3003 795 3072 porriget
819 3005 904 3057 ei?
919 3015 964 3058 et
989 3008 1032 3059 si
1055 3009 1250 3076 petierit
1292 3012 1500 3081 piscem,
1536 3017 1780 3086 numquid
1797 2993 1906 3072 ser-

303 3098 510 3154 petatem
544 3094 768 3164 porriget
793 3097 873 3151 ei?
900 3096 1050 3161 Quod
1074 3100 1119 3154 si
1146 3115 1254 3168 vos,
1281 3118 1396 3156 cum
1431 3107 1542 3160 sitis
1577 3109 1719 3174 ntali,
1748 3113 1906 3166 nostis

304 3180 444 3234 bona
471 3181 593 3235 data
619 3185 742 3239 dare
767 3186 889 3256 ﬁliis
928 3191 1123 3256 uestris,
1148 3194 1306 3247 multo
1349 3199 1510 3268 magis
1539 3197 1688 3254 Pater
1725 3214 1900 3272 uester,

299 3273 397 3341 qui
425 3273 478 3326 in
502 3275 640 3330 cwlis
660 3287 754 3343 est,
781 3280 918 3333 dabit
944 3281 1073 3336 bona
1099 3283 1182 3350 iis,
1204 3288 1290 3356 qui
1314 3304 1413 3344 asc
1437 3292 1665 3360 petierint
1691 3294 1900 3367 (Matth.

301 3363 359 3419 7.
417 3365 612 3437 9-H);
641 3370 902 3441 indicans,
928 3385 1184 3445 quantum
1214 3389 1296 3435 est
1321 3380 1462 3439 inter
1499 3363 1786 3456 nequitiam
1808 3390 1903 3446 bo—

299 3459 638 3529 unitatemque
651 3462 960 3534 discrimen,
979 3477 1126 3523 tanto
1144 3483 1362 3540 paterna
1377 3475 1736 3535 sollicitudine
1746 3483 1902 3538 subli-

298 3550 532 3604 miorem
563 3551 798 3608 divinam
824 3571 944 3612 esse
964 3558 1371 3631 benignitatem.
1406 3566 1532 3622 Iltec
1556 3578 1733 3627 autem
1760 3587 1791 3627 a
1812 3589 1900 3633 me

295 3640 510 3696 idcirco
533 3649 776 3718 exempla
803 3662 926 3706 sunt
949 3653 1128 3723 allata,
1158 3665 1211 3711 ut
1242 3657 1289 3713 si
1322 3662 1537 3730 quando
1575 3665 1708 3720 alias
1746 3682 1899 3724 com-

295 3736 615 3802 parationes
659 3739 938 3808 induxero,
989 3761 1057 3800 ne
1103 3747 1239 3803 intra
1286 3749 1481 3808 limites
1524 3769 1734 3823 eorum,
1778 3775 1898 3829 qua:

291 3827 675 3894 exprimuntur
703 3846 730 3883 a
764 3834 1058 3905 pr0pltetis,
1082 3849 1315 3896 mentem
1345 3844 1772 3916 circumscribas,
1802 3855 1897 3911 sed

291 3915 404 3970 hac
443 3926 598 3975 utens
641 3925 844 3994 regula,
881 3927 1203 3999 cogitatione
1240 3937 1484 4004 superius
1527 3945 1806 4013 ascendas,
1841 3960 1896 4004 et

266 4009 624 4067 immensum
645 4017 888 4074 caritatis
908 4022 1025 4090 ejus
1071 4038 1349 4082 excessum
1397 4045 1674 4100 agnoscas.
1706 4037 1892 4110 Neque

288 4102 444 4155 enim
498 4113 702 4161 naturae
743 4110 936 4166 linibus
959 4123 1042 4169 est
1069 4123 1370 4189 Contentus,
1397 4123 1493 4178 sed
1532 4124 1640 4181 illis
1677 4133 1891 4189 omissis

285 4203 458 4262 atque
503 4199 771 4266 superatis
814 4202 918 4257 alia
981 4221 1168 4263 rursus
1209 4209 1450 4284 adjungit
1497 4221 1761 4290 exempla.
1811 4224 1886 4280 Ea

285 4288 496 4357 quippe
519 4292 755 4348 conditio
782 4304 862 4352 est
889 4302 1123 4356 amantis
1147 4319 1162 4355 :
1193 4305 1375 4362 multis
1400 4288 1727 4380 argumentis
1755 4318 1806 4372 id
1836 4320 1886 4375 ei

283 4387 522 4433 conatur
536 4383 850 4451 .ostendere,
877 4403 1035 4458 quem
1077 4406 1260 4450 amore
1297 4401 1673 4470 complectitur
1700 4425 1714 4460 :
1743 4410 1884 4478 quod

283 4478 344 4522 et
373 4470 490 4539 ipse
515 4470 675 4540 facit,
699 4475 825 4532 dum
850 4480 917 4534 ad
949 4483 1189 4541 locorum
1215 4486 1494 4548 intervalla
1534 4511 1884 4572 magnamque

285 4561 753 4634 intercapedinem
794 4575 1092 4632 orationem
1138 4581 1386 4651 traducit,
1437 4603 1542 4642 non
1592 4602 1648 4645 ut
1690 4595 1879 4651 iterum

284 4665 496 4713 tantum
541 4659 659 4731 ejus
689 4678 811 4720 esse
849 4668 1092 4726 allectum
1142 4676 1436 4744 arbitreris,
1471 4681 1564 4736 sed
1609 4688 1749 4755 quod
1780 4688 1881 4746 hoc

285 4750 560 4820 pra-cipue
588 4767 853 4812 mensura:
879 4773 1047 4829 genus
1073 4766 1284 4822 caeteris
1331 4770 1494 4825 sciret
1531 4778 1874 4847 antecellere,

284 4851 447 4910 atque
471 4844 804 4904 auditoribus
828 4865 950 4906 esse
986 4864 1190 4910 uotum.
1221 4859 1299 4914 Ac
1318 4875 1414 4930 per
1457 4863 1708 4922 Davidcm
1753 4844 1877 4940 qui;

274 4933 406 4989 dem
437 4936 514 4992 ait
543 4954 558 4990 :
591 4938 885 4996 Secundum
920 4945 1237 5004 altitudtnem
1264 4953 1378 5006 εωιὶ
1405 4972 1436 5007 ιι
1457 4966 1591 5010 terra
1636 4961 1876 5017 corrobo-

276 5030 410 5081 ravit
450 5028 704 5087 Dominus
746 5035 1142 5095 misericordiam
1181 5059 1327 5098 suam
1369 5063 1520 5118 super
1559 5052 1784 5109 timentes
1822 5073 1876 5112 se

274 5121 456 5193 (Psal.
490 5124 613 5180 102.
631 5126 744 5199 ll):
770 5137 846 5197 et,
877 5130 1136 5199 Quantum
1161 5136 1316 5192 distat
1344 5150 1485 5196 ortus
1510 5143 1570 5196 ab
1597 5147 1870 5217 occidente,

275 5214 432 5285 longe
472 5217 594 5286 fecit
618 5236 651 5272 a
681 5221 824 5276 nobis
863 5223 1152 5296 iniquitates
1182 5241 1380 5287 nostras
1404 5234 1506 5308 (Ib.
1541 5253 1588 5293 υ.
1620 5240 1707 5312 l2)
1734 5260 1747 5295 :
1778 5214 1875 5313 per

275 5304 474 5362 Isaiatn
503 5323 652 5378 vero,
683 5309 862 5386 Neque
881 5321 1013 5372 enim
1059 5331 1176 5375 sunt
1216 5325 1538 5397 cogitationes
1580 5347 1705 5386 mea:
1744 5336 1872 5388 sicut

269 5400 606 5469 cogitationes
632 5415 829 5474 vestra,
859 5426 1017 5483 neque
1053 5415 1147 5469 ria:
1180 5432 1304 5471 mete
1348 5417 1475 5473 sicut
1519 5423 1612 5478 via:
1653 5437 1871 5497 vestrm;

269 5499 371 5552 sed
407 5501 534 5556 sicut
573 5503 728 5560 distat
769 5508 949 5562 cadum
972 5526 1005 5564 a
1029 5519 1184 5579 terra,
1225 5513 1298 5567 sic
1333 5513 1524 5571 distant
1565 5519 1658 5574 vice
1689 5538 1814 5576 mea:
1837 5541 1869 5578 a

273 5592 376 5644 siis
401 5596 591 5663 vestris,
623 5608 672 5652 et
701 5602 1033 5674 cogitationes
1073 5619 1197 5658 mea:
1216 5621 1248 5659 a
1276 5607 1662 5677 cogitationibus
1693 5617 1870 5672 vestris

274 5681 432 5753 (lsai.
461 5687 549 5742 55.
575 5690 628 5744 8.
653 5690 732 5760 9).
763 5692 886 5749 Ilmc
918 5709 1076 5764 porro
1101 5695 1330 5766 dicebat,
1361 5700 1501 5770 quod
1530 5705 1685 5772 paulo
1707 5721 1870 5776 supc-

271 5777 392 5831 rius
405 5777 474 5834 de
487 5782 798 5840 remissione
825 5798 1158 5856 peccatorum
1187 5789 1533 5865 disseruerat,
1562 5807 1612 5852 et
1634 5796 1864 5868 dixerat,

1199 332 1292 387 AD
1322 331 1451 389 EOS
1487 333 1602 402 QUI
1642 335 2136 397 SCANDALIZATI
2169 341 2366 402 SUNT.
2407 348 2532 405 LIB.
2579 352 2776 413 UNUS.

3523 381 3629 438 £90

2053 457 2184 523 Quia
2204 462 2415 518 multum
2435 467 2687 527 dimittam
2715 476 3003 549 iniquitates
3027 496 3212 546 vestras
3239 493 3290 566 (l
3294 499 3391 554 sai.
3413 500 3506 559 55.
3536 505 3564 558 7
3583 509 3632 577 ).

2053 547 2242 577 Πηὲηιι..
2267 563 2410 577 Α-ι--
2427 559 2479 577 .ι-
2505 576 2539 577 ,,
2885 575 2894 577 _
2945 576 2950 577 ,

2041 547 2244 607 Deinde
2264 559 2553 617 ostendens
2571 547 2827 634 quantum
2851 575 2921 630 sit
2939 576 3067 635 illud
3087 547 3632 669 ωυιιιῖέιίξίίοῐινέᾱέέ

2037 639 2114 697 cit
2135 649 2440 717 exemplum
2468 670 2481 706 :
2514 657 2610 712 sed
2660 676 2833 734 neque
2871 669 3001 727 solis
3037 675 3154 732 istis
3199 691 3484 747 contentus
3520 639 3635 763 (ζει,

2039 747 2222 792 verum
2247 742 2406 798 etiam
2431 745 2500 802 ad
2538 752 2760 811 alteram
2804 764 3124 824 crassiorem
3168 742 3626 847 comparationem

2037 830 2333 890 orationem
2359 837 2596 899 dimittit.
2614 845 2742 903 Nam
2771 855 2910 923 apud
2937 856 3074 916 Osee
3097 830 3314 924 diceba;

2039 919 2167 949 ρει-..κ
2193 923 2278 949 ,ιιι
2324 926 2447 949 17ημ
2477 933 2516 949 Δσ
2580 936 2602 949 η
2693 940 2704 949 .
2730 941 2740 949 .
2773 946 2786 949 _
2849 944 2860 949 -

2035 919 2168 974 ciam
2189 923 2295 990 tibi,
2315 926 2602 998 Ephraim?
2619 940 2740 1007 quid
2757 919 2946 1013 faciam
2969 950 3076 1019 tibi,
3092 919 3306 1013 1;

2034 1025 2119 1064 ma
2145 1031 2331 1084 ponam
2359 1029 2425 1088 te,
2449 1033 2496 1077 et
2519 1025 2646 1082 sicut
2663 1031 2884 1090 Seboim.
2916 1039 3219 1103 Conuersum
3248 1061 3321 1106 est
3344 1071 3434 1110 cor
3456 1076 3618 1115 meum

2035 1100 2087 1154 in
2132 1102 2284 1174 ipso;
2323 1115 2619 1172 conturbata
2662 1133 2735 1176 est
2782 1131 3040 1195 ptenitudo
3079 1152 3189 1191 mea
3232 1140 3387 1211 (Osee
3417 1148 3505 1203 11.
3537 1152 3615 1222 8).

2037 1190 2234 1222 unm...
2278 1213 2445 1222 ..__.-,_-
2594 1209 2606 1222 .
2810 1217 2820 1222 -

2782 1190 2792 1195 _
3177 1190 3184 1191 ,
3234 1190 3385 1211 ‘----
3419 1190 3439 1201 -
3459 1190 3505 1203 ..
3537 1190 3571 1206 ν
3598 1190 3615 1205 .

2036 1190 2236 1251 Horum
2276 1213 2451 1259 autem
2497 1209 2778 1268 verborum
2807 1217 2921 1274 lucc
2947 1231 3029 1278 est
3052 1233 3314 1288 sententia
3342 1251 3356 1289 :
3386 1237 3464 1294 Ne
3493 1190 3617 1296 vetf-

2035 1280 2158 1338 bum
2216 1290 2428 1358 quidem
2493 1301 2756 1359 minarum
2808 1309 3044 1368 toleravi.
3087 1319 3166 1374 Ac
3209 1321 3444 1394 loquitur
3495 1335 3616 1402 qui-

2035 1373 2152 1402 lla--
2187 1377 2349 1402 l----9~
2376 1401 2398 1402 η

3151 1373 3156 1374 γ
3210 1373 3434 1394 "1”--.
3496 1373 3614 1402 Ψ..-

2032 1373 2152 1429 dem
2185 1377 2460 1439 hominum
2507 1406 2673 1458 more,
2706 1412 2811 1452 non
2844 1413 2900 1456 ut
2925 1403 3214 1467 humanum
3245 1418 3495 1485 quiddam
3521 1439 3615 1478 su-

3251 1465 3495 1485 ,_-__.....
3521 1465 3613 1478 -..-

2031 1465 2274 1536 spiceris,
2309 1473 2481 1543 absit,
2510 1481 2606 1535 sed
2635 1494 2690 1538 ut
2717 1485 2816 1543 hac
2840 1495 3092 1552 crassiori
3126 1501 3378 1572 loquendi
3409 1514 3616 1571 ratione

2029 1558 2305 1615 caritatem
2333 1570 2614 1635 quamdam
2642 1576 2748 1632 Deo
2773 1587 3199 1660 convenientem,
3235 1597 3530 1669 sinceram,
3561 1617 3616 1661 ct

2031 1645 2195 1669 μηδι--
2239 1652 2252 1669 ι
2297 1655 2369 1669 ιο·
2488 1661 2500 1669 ι
2603 1667 2631 1669 -ν

3237 1645 3530 1669 ---.--......,
3561 1645 3614 1661 ι.

2029 1645 2457 1712 indissolubilem
2485 1661 2772 1736 intelligas.
2795 1672 2927 1728 Nam
2951 1684 3398 1747 quemadmodum
3423 1695 3468 1748 si
3495 1699 3614 1766 quis

2967 1736 2980 1747 _
3134 1736 3398 1745 ____--_-...
3423 1736 3468 1748 υ.
3495 1736 3613 1766 Ψ...

2028 1736 2215 1796 insano
2241 1751 2544 1819 quempiam
2566 1771 2751 1815 amore
2771 1763 2976 1835 diligat,
3006 1787 3073 1826 ne
3096 1778 3376 1836 verborum
3398 1787 3613 1854 quidem

2029 1834 2177 1854 1-....-
2213 1848 2321 1854 ---Αλ
2426 1842 2457 1854 ι·
2506 1853 2509 1854 ν
2603 1847 2639 1854 ’⁸
2723 1851 2734 1854 ³

2028 1834 2179 1884 tenus
2206 1848 2328 1890 eum
2355 1842 2517 1898 vellet
2561 1847 2852 1919 offendere,
2877 1834 3042 1926 quem
3075 1863 3145 1918 ita
3186 1869 3361 1941 diligit
3387 1834 3508 1932 :1sic
3533 1881 3612 1932 ni-

2022 1917 2216 1975 mirum
2238 1933 2292 1979 et
2312 1927 2426 1996 ipse
2447 1932 2619 2004 inquit
2645 1959 2658 1993 :
2681 1939 2942 2006 Quoniam
2970 1947 3078 2004 dixi
3103 1917 3326 2026 tanton:
3352 1972 3406 2018 et
3431 1967 3610 2022 verbis

2024 2010 2242 2080 offendi,
2274 2016 2579 2078 Conversum
2605 2041 2677 2082 est
2706 2047 2794 2085 cor
2821 2051 2988 2092 meum
3016 2043 3067 2095 in
3095 2045 3224 2114 ipso.
3254 2050 3437 2123 Neque
3464 2060 3607 2114 enim

2021 2105 2312 2163 crassiores
2340 2111 2470 2167 istas
2511 2125 2944 2190 comparationes
2987 2135 3226 2202 proferre
3254 2142 3605 2217 dedignatur,

2021 2201 2080 2247 ut
2123 2209 2361 2254 amorem
2400 2207 2668 2277 ostendat,
2720 2217 2862 2282 quod
2909 2201 3001 2274 est
3036 2227 3265 2284 maxime
3318 2201 3604 2307 diligentis.

2021 2281 2195 2307 Mm“
2434 2295 2446 2307 .
2521 2298 2576 2307 ..
2750 2305 2760 2307 μ

2017 2281 2200 2355 Ncque
2246 2289 2333 2345 hic
2364 2295 2621 2366 substitit,
2667 2281 2763 2358 sed
2805 2311 2978 2380 pergit
3019 2314 3258 2388 ulterius,
3286 2334 3340 2380 et
3377 2281 3603 2386 alaterunt

2019 2390 2205 2432 rursus
2234 2385 2466 2441 crassius
2487 2393 2791 2462 exemplum
2820 2400 3082 2474 adjungit,
3108 2408 3391 2472 ita‘dicens
3423 2437 3436 2473 :
3471 2422 3604 2490 Quo-

2019 2469 2163 2490 __A,_
2221 2472 2233 2490 .

2017 2469 2166 2522 modo
2215 2472 2466 2531 laetabitur
2519 2498 2735 2551 sponsus
2784 2469 2936 2562 super
2971 2469 3189 2570 sponsa,
3233 2509 3308 2561 sic
3353 2469 3604 2571 (relabitur

2015 2557 2246 2671 Christus
2269 2581 2421 2638 super
2446 2579 2493 2624 te
2513 2573 2664 2644 (lsai.
2699 2579 2786 2636 62.
2819 2557 2875 2658 5)
2909 2605 2923 2641 :
2952 2557 3094 2660 quod
3124 2557 3602 2671 anausim—cini...

2853 2650 2866 2658 _
2967 2650 2986 2660 _
3304 2650 3597 2671 rm--.

2014 2650 2353 2713 ardentiores
2376 2675 2439 2716 ac
2462 2665 2836 2743 ferventiores,
2861 2688 2916 2732 et
2935 2681 3220 2743 vividiores
3241 2692 3349 2748 sint
3366 2711 3597 2757 amores.

2016 2740 2090 2797 Ita
2123 2759 2286 2813 porro
2329 2750 2582 2823 loquutus
2620 2770 2723 2830 est,
2752 2740 2859 2821 non
2894 2778 2950 2825 ut
2991 2771 3286 2838 humanum
3327 2789 3599 2860 quidpiam

2011 2836 2302 2904 suspiceris
2349 2843 2562 2914 (iterum
2592 2852 2735 2908 enim
2781 2857 2914 2915 illud
2951 2862 3132 2924 dicere
3167 2886 3277 2928 non
3309 2836 3595 2956 ατεείηζω),

2012 2925 2104 2956 cmi
2133 2939 2187 2956 ..ι
2231 2946 2292 2956 Α-.
2325 2933 2404 2956 ιλ-
2453 2953 2505 2956 ,η
2530 2939 2543 2956 1
2790 2951 2800 2956 -

3314 2925 3548 2937 _--...-...
3580 2927 3594 2950 ,

2011 2925 2106 2981 sed
2133 2939 2190 2984 ut
2228 2946 2295 2987 ex
2321 2933 2407 2992 his
2447 2939 2728 3016 ardorem,
2759 2951 3139 3027 sinceritatem,
3173 2925 3594 3044 vehementiam],

2011 3017 2271 3044 ﬂ-..‘—--—A
2327 3026 2375 3044 Δί
2429 3030 2441 3042 ‘
2802 3043 2807 3044 ⁷

2009 3017 2279 3079 ﬂammam
2319 3026 2550 3114 denique
2603 3043 2842 3100 caritatis
2891 3047 3177 3123 intelligas.
3229 3059 3434 3122 Deinde
3471 3020 3593 3126 cuni

2007 3109 2252 3194 dixisset,
2285 3109 2433 3178 Sicut
2465 3124 2635 3198 diligit
2663 3142 2835 3202 pater,
2865 3147 2921 3194 et
2953 3109 3187 3214 amplius
3215 3166 3374 3222 quam
3404 3172 3590 3229 pater,

3045 3202 3062 3214 ι
3170 3202 3180 3203 ί
3222 3202 3374 3222 ι““··’”
3404 3202 3544 3227 Β¹⁸⁴¹¹ν¹
3574 3207 3590 3229 ι

2007 3202 2144 3259 sicut
2165 3217 2354 3279 mater,
2379 3220 2678 3289 etamplius
2707 3241 2864 3295 quam
2891 3243 3084 3303 mater,
3108 3240 3245 3296 sicut
3268 3260 3517 3319 Sponsus,
3539 3265 3591 3310 et

2009 3299 2232 3319 ,._,__I2._A

2007 3299 2238 3370 amplius
2261 3319 2420 3374 quam
2447 3325 2698 3384 sponsus,
2729 3332 2982 3388 quantum
3007 3299 3090 3384 est
3116 3299 3452 3396 intervallum
3475 3299 3590 3401 c’a-li

2006 3402 2038 3442 a
2069 3398 2232 3462 terra,
2264 3407 2318 3452 et
2337 3402 2569 3472 amplius
2597 3421 2754 3477 quam
2785 3412 2937 3484 illud,
2969 3433 3225 3489 quantum
3251 3430 3413 3489 distat
3440 3448 3590 3496 ortus

2005 3480 2074 3536 ab
2095 3486 2374 3545 occidente
2394 3532 2409 3559 ,
2433 3503 2488 3549 et
2515 3501 2743 3568 amplius
2769 3480 2932 3576 quam
2954 3480 3082 3569 illud
3104 3556 3119 3583 ,
3148 3480 3223 3574 ne

2003 3575 2238 3634 substitit
2291 3593 2778 3656 comparationibus
2823 3611 2997 3672 utens,
3047 3611 3143 3664 sed
3195 3575 3415 3674 ulterius
3458 3638 3586 3692 pro-

2004 3670 2237 3692 ,ι-..-ΙΣ--λη
2362 3687 2373 3692 -
2516 3683 2526 3692 ⁶
2684 3689 2694 3692 ⁸

2001 3670 2269 3740 greditur,
2321 3687 2379 3734 ut
2416 3683 2588 3740 multo
2647 3689 2906 3761 abjectius
2956 3705 3258 3774 exemplum
3331 3670 3580 3771 ostentet.

2000 3758 2133 3818 Cum
2159 3768 2300 3824 enim
2337 3771 2501 3832 Jonas
2531 3792 2652 3849 post
2689 3783 2901 3856 fugam,
2936 3791 3133 3864 Deique
3170 3813 3292 3854 cum
3334 3803 3580 3863 Ninivitis

2001 3860 2494 3924 reconciliationem
2541 3873 2695 3944 ineps
2733 3882 2942 3935 consilii
2985 3895 3162 3955 esset,
3206 3899 3262 3945 et
3305 3905 3579 3964 aestuaret,

1999 3951 2140 4018 quod
2169 3967 2230 4007 ea
2257 3973 2376 4027 quae
2405 3963 2636 4021 minatus
2665 3979 2800 4039 erat,
2830 3973 2882 4027 in
2911 3990 3044 4046 opus
3068 3996 3173 4037 non
3203 3990 3578 4062 procederent,

2001 4049 2048 4062 ..ι
2092 4041 2208 4062 Iun“
2493 4053 2505 4062 '

2945 4041 2963 4046 _
3203 4041 3223 4055 .
3318 4041 3578 4062 η---ν---υ

1997 4049 2051 4094 et
2091 4041 2323 4102 humano
2368 4053 2596 4120 quodam
2650 4063 2958 4122 turbaretur
2995 4069 3208 4142 all'ectu,
3252 4093 3316 4133 ac
3358 4095 3582 4143 maestus

1995 4141 2159 4201 esset,
2187 4150 2308 4192 cum
2331 4141 2432 4196 soli
2462 4144 2772 4216 imperasset
2799 4155 2959 4224 Deus,
2993 4169 3050 4214 ut
3069 4165 3403 4228 ardentiores
3427 4180 3581 4233 entit-

1995 4231 2132 4281 tcret
2160 4227 2357 4299 radios,
2387 4248 2451 4289 ac
2473 4236 2668 4296 deinde
2695 4254 2850 4301 terra:
2870 4247 3144 4323 jussisset,
3177 4268 3237 4313 ut
3269 4261 3340 4317 illi
3370 4274 3577 4338 tegmen

2875 4317 2883 4318 κ
3130 4317 3141 4323 ν
3376 4317 3577 4338 ’⁷υ“’“⁷’“

1993 4331 2058 4371 ex
2091 4317 2255 4376 herba
2294 4327 2555 4386 subitario
2584 4348 2746 4404 opere
2789 4349 3058 4413 strueret,
3100 4365 3221 4407 cum
3257 4371 3579 4431 magnopere

1993 4407 2136 4431 2η---»-
2178 4413 2216 4431 Ι-
2271 4429 2280 4431 Α
2392 4425 2403 4431 ‘
2489 4429 2497 4431 ‘

3042 4407 3054 4413 ,
3260 4407 3574 4431 θησαν..-

1992 4407 2141 4465 illum
2175 4413 2409 4473 levasset
2449 4429 2609 4492 atque
2640 4441 2969 4503 recreasset,
2998 4437 3196 4496 deinde
3232 4459 3420 4503 rursus
3455 4468 3574 4508 cum

1989 4502 2060 4557 ob
2082 4504 2352 4562 sublatum
2382 4527 2413 4566 e
2439 4513 2616 4570 medio
2645 4525 2854 4590 tegmen
2882 4525 3009 4581 illud
3032 4544 3154 4585 eum
3179 4538 3572 4605 contristasset,

1988 4604 2266 4668 postquam
2294 4603 2462 4660 altero
2484 4621 2804 4683 recreatum,
2834 4627 2890 4672 et
2911 4618 3081 4676 altero
3102 4626 3394 4685 cruciatum
3423 4634 3572 4690 illum

1986 4692 2135 4757 vidit,
2164 4698 2286 4752 audi
2327 4701 2453 4770 quid
2484 4704 2533 4758 ei
2562 4706 2745 4764 dicat:
2777 4709 2852 4765 Tu
2887 4715 3090 4784 quidem
3121 4724 3389 4792 pepercisti
3419 4744 3575 4800 super

1983 4788 2259 4855 cucurbita,
2285 4807 2379 4860 pro
2405 4809 2507 4864 qua
2547 4813 2649 4852 non
2689 4800 2949 4873 laboraui,
2990 4788 3148 4878 neque
3172 4788 3394 4872 nutriisti
3420 4836 3443 4875 .'
3481 4788 3574 4893 ego

1983 4890 2152 4934 autem
2176 4899 2276 4938 non
2297 4901 2506 4952 parcam
2533 4907 2687 4963 super
2711 4893 2896 4952 Niniue
2925 4901 3123 4960 civitate
3151 4922 3368 4980 magna,
3391 4914 3445 4968 in
3474 4933 3573 4986 qua

1982 4971 2210 5029 habitant
2240 4977 2411 5046 plures
2442 4997 2594 5053 quam
2637 4997 2834 5044 centum
2872 4993 3048 5064 viginti
3081 4971 3258 5056 millia
3281 4971 3568 5078 hominum,

1979 5067 2067 5136 qui
2105 5084 2206 5123 non
2248 5086 2493 5130 nouerunt
2537 5077 2798 5138 dexteram
2831 5095 2921 5140 aut
2950 5090 3211 5150 sinistram
3246 5115 3392 5155 suam
3417 5101 3569 5177 (Jou.

1979 5160 2150 5217 4.1⁴0.
2198 5163 2329 5235 Il)?
2356 5166 2557 5224 IIorum
2600 5182 2778 5230 autem
2827 5181 3112 5241 verborum
3155 5186 3274 5245 hmo
3312 5201 3396 5248 est
3421 5160 3572 5251 ‘sen-

1981 5255 2184 5309 tentia:
2213 5256 2328 5313 Non
2357 5260 2426 5314 ita
2452 5267 2712 5322 recreavit
2740 5277 2792 5325 to
2817 5273 3002 5330 umbra
3023 5277 3204 5346 oleris,
3229 5290 3287 5338 ut
3313 5299 3398 5341 me
3424 5289 3571 5344 salus

1978 5344 2329 5403 Ninivitarum
2359 5353 2678 5417 exhilaravit
2704 5375 2720 5411 :
2753 5375 2927 5432 neque
2955 5366 3027 5420 ita
3056 5376 3106 5422 te
3132 5344 3426 5430 destructio
3451 5379 3569 5447 ejus

1978 5441 2335 5511 contristavit,
2363 5453 2421 5500 ut
2447 5462 2533 5502 me
2559 5448 2773 5508 illorum
2800 5455 3066 5516 interitus.
3094 5461 3167 5516 Ita
3190 5475 3386 5535 prmter
3409 5485 3566 5526 men-

1984 5541 2088 5587 tem
2144 5548 2317 5590 meam
2371 5536 2583 5595 illorum
2639 5543 2861 5600 exitium
2912 5549 3212 5609 accidisset.
3267 5557 3428 5615 Vides
3482 5564 3569 5616 hic

1977 5640 2189 5696 quoque
2231 5633 2688 5700 comparationem
2727 5636 2878 5695 illum
2922 5645 3220 5703 excedere?
3257 5649 3373 5704 Non
3419 5657 3566 5709 enim

2040 5813 2056 5844 ι
2092 5814 2220 5869 Hac,
2245 5807 2360 5874 quid
2382 5811 2560 5874 faciam
2582 5811 2686 5877 tibi,
2710 5817 2841 5866 Juda
2863 5814 2888 5868 .7
2907 5817 3105 5874 aliunde
3124 5823 3375 5884 desumpta
3397 5836 3535 5876 sunt.
