4030 6206
444 333 544 385 491

453 450 612 511 dixit,
625 447 701 500 Tu
723 444 919 505 quidem
939 440 1196 511 pepercisti
1212 454 1359 505 super
1376 436 1650 499 cucurbita,
1667 446 1717 489 et
1734 435 1985 488 conticuit
2007 449 2022 491 ;

452 537 548 591 sed
590 535 832 604 adjunxit
860 553 872 586 :
904 531 1008 585 Pro
1036 546 1136 601 qua
1173 545 1271 582 non
1309 526 1573 588 laborasti,
1619 541 1774 593 neque
1808 522 2028 576 nutriisti

453 645 586 681 eam.
618 627 748 680 Nam
792 624 1040 692 quoniam
1081 635 1171 674 eas
1213 619 1544 688 potissimum
1592 617 1802 687 plantas
1849 623 2030 668 amant

459 719 704 787 agricolm
723 757 737 780 ,
769 714 821 767 in
849 728 980 782 quas
1010 711 1295 781 plurimum
1327 709 1522 764 laboris
1551 707 1940 777 impenderint,
1973 715 2032 759 ut

460 808 562 861 hoc
589 820 801 876 quoque
830 819 887 857 se
915 815 1113 871 genere
1145 800 1343 854 amoris
1371 799 1653 868 complecti
1683 797 1925 850 homines
1953 797 2033 848 in-

459 898 684 960 dicaret,
719 895 819 947 hoc
863 890 1061 945 addidit
1089 907 1103 945 :
1131 887 1187 944 Si
1229 889 1371 943 enim
1413 897 1469 941 tu
1513 888 1744 941 alienum
1786 900 1920 955 opus
1963 883 2032 937 ita

458 985 721 1050 defendis,
757 982 945 1051 inquit,
979 981 1144 1034 multo
1172 979 1336 1048 magis
1356 994 1454 1047 ego
1480 979 1772 1048 proprium,
1805 985 1858 1030 et
1883 977 2032 1045 cujus

458 1092 577 1129 sum
601 1073 866 1128 conditor.
900 1072 1101 1126 Deinde
1129 1071 1334 1140 mitigat
1359 1062 1753 1124 accusationem
1780 1068 1990 1122 illorum
2013 1107 2030 1133 ,

459 1184 581 1220 cum
621 1153 733 1220 ait:
779 1165 878 1230 Qui
923 1180 1024 1216 non
1070 1171 1314 1216 noverunt
1358 1161 1614 1215 dexteram
1653 1169 1742 1213 aut
1780 1161 2034 1213 sinistram

459 1275 624 1325 suam,
652 1267 710 1312 ut
736 1255 1075 1325 simplicitate
1119 1255 1294 1323 potius
1323 1269 1482 1323 quam
1522 1253 1723 1307 malitia
1754 1252 1874 1306 illos
1897 1250 2035 1304 deli-

460 1353 642 1421 quisse
669 1349 922 1412 declaret,
958 1347 1008 1401 id
1035 1345 1175 1416 quod
1208 1354 1262 1400 et
1287 1346 1611 1416 paenitentia:
1638 1345 1758 1399 ﬁnis
1782 1343 2032 1399 ostendit.

463 1443 749 1496 Enimvero
777 1454 897 1493 cum
926 1438 1060 1491 alios
1089 1451 1300 1506 quoque
1331 1436 1705 1505 reprehendit,
1739 1435 1826 1506 qui
1855 1449 2036 1502 geme-

465 1533 610 1597 hant,
635 1538 819 1600 utpote
847 1529 1086 1582 derelicti
1110 1569 1124 1593 ,
1158 1527 1241 1580 his
1267 1541 1362 1581 eos
1399 1526 1575 1580 verbis
1604 1525 1794 1578 aﬁatur
1822 1541 1837 1582 :
1872 1523 2039 1576 Inter-

460 1631 634 1694 rogate
657 1637 736 1675 me
761 1620 822 1673 de
843 1619 962 1689 ﬁliis
980 1619 1120 1684 meis,
1149 1630 1194 1671 et
1215 1617 1277 1671 de
1297 1616 1526 1686 operibus
1551 1632 1789 1670 manuum
1819 1631 2040 1667 mearum

461 1713 700 1767 mandate
722 1711 846 1765 mihi
877 1708 1027 1782 (Isai.
1072 1710 1272 1779 45.“).
1306 1708 1466 1776 Quasi
1494 1707 1699 1761 diceret
1731 1725 1744 1759 :
1788 1706 1918 1772 Quis
1946 1720 2039 1774 pa-

462 1816 596 1860 trem
623 1803 895 1869 admonet,
931 1802 1277 1868 hortaturque
1323 1808 1381 1852 ut
1411 1799 1502 1852 ﬁlii
1533 1797 1614 1852 sui
1639 1811 1820 1851 curam
1849 1794 2041 1866 gerat?

461 1905 555 1952 aut
593 1887 853 1950 artiﬁcem
897 1903 952 1949 et
985 1894 1228 1964 opiﬁcem
1251 1933 1266 1957 ,
1316 1906 1383 1945 ne
1413 1905 1566 1944 suum
1613 1903 1748 1958 opus
1777 1888 1916 1942 sinat
1962 1887 2044 1940 in-

466 1986 664 2041 terire?
690 1986 836 2040 itane
885 1999 1010 2038 vero
1054 1983 1193 2037 inter
1229 1981 1474 2036 homines
1515 1978 1714 2034 sufﬁcit
1760 1979 1908 2032 vobis
1949 1992 2043 2031 na-

467 2089 599 2134 tura:
637 2077 724 2133 vel
758 2076 888 2132 artis
911 2075 1181 2140 conditio,
1229 2081 1288 2128 ut
1327 2073 1393 2128 de
1431 2065 1790 2127 sollicitudine
1828 2071 2046 2125 minime

469 2173 744 2236 dubitetur
776 2189 789 2225 :
819 2169 948 2224 mihi
979 2183 1106 2223 vero
1134 2167 1332 2237 putatis
1360 2165 1633 2220 hortatore
1659 2179 1794 2234 opus
1813 2177 1954 2229 esse,
1987 2169 2044 2216 ut

461 2265 666 2319 liberos
691 2275 840 2316 meos
875 2259 960 2314 vel
990 2273 1152 2328 opera
1180 2267 1331 2312 tuear
1370 2265 1422 2311 et
1455 2254 1770 2310 defendam?
1797 2253 1922 2308 llaec
1947 2268 2045 2306 au-

467 2365 574 2410 tem
596 2351 842 2417 dicebat,
874 2365 977 2404 non
1020 2358 1076 2403 ut
1118 2348 1289 2416 ipsum
1325 2360 1430 2400 non
1476 2346 1832 2410 hortarentur,
1871 2343 1965 2399 sed
1991 2351 2048 2399 ut

467 2444 604 2499 scire
646 2450 861 2513 possent
906 2439 1074 2494 Deum
1109 2437 1268 2493 etiam
1315 2446 1437 2491 ante
1463 2437 1880 2490 eohortationem
1923 2449 2067 2488 suas.

470 2543 647 2605 partes
693 2547 872 2602 agere,
899 2530 1034 2585 velle
1066 2540 1240 2583 tamen
1269 2535 1327 2582 ut
1364 2527 1450 2580 alii
1489 2542 1547 2582 se
1583 2525 1960 2589 cohortentur,
1993 2535 2048 2580 et

470 2632 676 2696 rogent,
706 2621 848 2693 quod
879 2620 1013 2676 sciat
1045 2618 1111 2674 ad
1147 2617 1450 2673 hortatores
1478 2631 1719 2686 magnam
1748 2615 1868 2669 inde
1897 2615 2045 2668 utili-

469 2727 632 2772 tatem
662 2715 953 2772 dimanare.
980 2711 1144 2767 Vides
1168 2720 1223 2766 ut
1253 2710 1682 2766 manifestissime
1709 2722 1772 2762 ac
1801 2707 1912 2761 sole
1941 2706 2051 2762 cla-

469 2810 581 2863 rius
603 2822 698 2877 per
721 2806 836 2861 [nec
864 2803 1106 2874 exempla
1134 2801 1416 2857 ineffabilis
1437 2801 1552 2870 ejus
1583 2799 1929 2870 providentiae
1951 2797 2050 2853 de-

469 2900 785 2955 monstratio
831 2895 1133 2953 elucescat?
1188 2894 1465 2965 Perpende
1512 2902 1708 2947 autem.
1739 2893 1948 2948 Patrem
1995 2893 2048 2946 in

475 2991 707 3046 medium
754 2989 991 3060 protulit,
1031 2997 1276 3054 matrem,
1320 3002 1593 3056 sponsum,
1651 3001 1933 3056 sponsam,
1965 2986 2050 3040 di-

472 3085 719 3140 stantiam
769 3083 885 3137 (εωιί
913 3090 967 3136 et
1011 3088 1187 3146 terrae,
1235 3079 1571 3134 intervallum
1607 3079 1746 3148 quod
1786 3089 1869 3134 est
1911 3079 2052 3134 inter

469 3187 644 3232 ortum
673 3186 728 3232 et
762 3190 1042 3241 occasum,
1075 3173 1384 3244 agricolam,
1417 3181 1469 3226 et
1517 3172 1721 3226 olerum
1752 3173 2011 3226 cultorem
2033 3213 2047 3236 ,

473 3271 842 3333 architectum,
877 3267 1195 3339 genitorem,
1223 3264 1596 3320 vehementem
1618 3276 1928 3328 amatorem,
1960 3265 2049 3334 qui

475 3362 733 3427 turbetur,
768 3361 811 3415 si
839 3361 923 3416 vel
950 3360 1110 3414 etiam
1135 3357 1299 3412 verbo
1330 3367 1482 3412 tenus
1509 3372 1651 3422 eum,
1681 3372 1839 3426 quem
1871 3367 2012 3412 amat
2031 3397 2046 3422 _.

471 3453 752 3509 offenderit
781 3469 796 3511 :
825 3460 878 3505 et
915 3465 1102 3504 omnes
1132 3449 1250 3504 illos
1279 3456 1480 3502 tantum
1509 3462 1757 3516 superare
1789 3447 1882 3504 Dei
1912 3447 2054 3501 boni-

475 3554 636 3602 tatem
664 3544 896 3599 ostendit
939 3541 1020 3596 his
1045 3541 1324 3606 erunibus,
1355 3549 1607 3610 quantum
1649 3539 1898 3593 malitiam
1927 3553 2050 3608 pro-

475 3641 610 3695 bitas
641 3639 823 3692 vineit.

548 3729 678 3784 Car.
722 3727 830 3783 VII.
873 3725 1246 3780 Demonstratio
1277 3724 1460 3778 divina:
1485 3722 1806 3793 providentia:
1825 3738 1886 3776 ea:
1910 3738 2051 3774 crea-

473 3821 615 3874 turis.
656 3847 726 3860 —--
763 3817 840 3872 Ac
866 3817 1044 3887 probis
1069 3815 1280 3886 quidem
1303 3825 1356 3870 et
1380 3813 1632 3868 modestis
1655 3853 1670 3877 ,
1693 3824 1751 3866 ut
1780 3813 1889 3866 dixi
1912 3854 1926 3878 ,
1956 3816 2054 3867 ista

475 3911 745 3965 snfliciunt
777 3926 789 3962 :
820 3907 916 3964 sed
959 3907 1208 3977 quoniam
1250 3905 1489 3960 nonnulli
1533 3913 1655 3958 sunt
1689 3904 1832 3968 lutei,
1865 3911 2054 3957 contn-

475 4017 673 4066 maces,
724 3999 1034 4063 refractarii,
1083 3998 1228 4052 carni
1278 3995 1490 4060 addicti,
1544 4010 1639 4064 age
1689 3995 1771 4050 vel
1821 4009 1884 4049 ex
1931 3995 2058 4063 ipsis

477 4092 726 4160 operibus
747 4131 761 4151 ,
791 4099 1042 4158 quantum
1075 4089 1125 4142 in
1156 4088 1308 4142 nobis
1337 4088 1496 4141 situm
1525 4087 1711 4148 fuerit,
1740 4087 1855 4156 ejus
1875 4087 2056 4156 provi-

481 4180 714 4236 dentiam
773 4178 1220 4232 demonstremus.
1261 4175 1391 4230 Nam
1435 4186 1595 4229 totam
1640 4176 1850 4246 quidem
1893 4177 2054 4239 illam,

479 4274 588 4328 imo
618 4285 686 4324 ne
728 4268 998 4322 minimam
1026 4266 1237 4336 quidem
1265 4266 1381 4335 ejus
1414 4276 1614 4334 partem
1646 4267 1875 4336 aliquam
1904 4265 2058 4320 facile

479 4361 638 4417 fuerit
665 4358 991 4429 eXpressisse
1035 4373 1047 4410 :
1079 4357 1214 4410 adeo
1245 4357 1502 4410 immensa
1529 4365 1609 4410 est
1638 4365 1690 4411 et
1736 4357 1938 4410 inﬁnita
1959 4397 1972 4420 ,
2006 4365 2059 4410 et

481 4466 590 4510 tum
616 4469 679 4509 ex
705 4452 896 4522 parvis,
923 4459 1032 4504 tum
1063 4465 1128 4504 ex
1160 4449 1362 4519 magnis
1387 4450 1546 4502 rebus
1577 4450 1744 4504 elucet
1764 4491 1777 4511 .
1808 4451 1917 4505 sive
1941 4466 2058 4519 qua:

477 4547 580 4603 sub
601 4545 784 4602 oculos
810 4541 1006 4596 cadunt
1027 4583 1041 4604 ,
1071 4543 1182 4594 sive
1210 4555 1330 4610 quae
1359 4539 1574 4593 minime
1603 4549 1908 4593 cernuntur.
1954 4539 2056 4595 Ve-

478 4651 774 4692 rumtamen
797 4650 859 4688 ex
889 4633 953 4686 iis
977 4647 1096 4702 qua:
1125 4632 1223 4686 sub
1249 4630 1430 4684 oculos
1449 4630 1664 4693 cadunt,
1695 4630 2055 4698 probationem

479 4731 836 4783 instituamus.
899 4723 1048 4778 Hanc
1091 4721 1230 4777 enim
1286 4721 1582 4774 mirabilem
1632 4719 2058 4790 coneinnamque

479 4828 779 4874 creaturam
805 4824 1019 4885 propter
1037 4813 1196 4866 alium
1216 4812 1420 4866 nullum
1445 4811 1699 4875 condidit,
1723 4810 1824 4864 nisi
1847 4821 2060 4880 propter

485 4923 568 4975 te;
591 4926 652 4965 ac
683 4920 789 4964 tam
818 4909 1091 4978 pulchram
1111 4915 1164 4961 et
1194 4920 1458 4975 magnam,
1491 4911 1598 4957 tam
1623 4907 1817 4956 variam
1845 4915 1897 4958 et
1939 4919 2061 4973 pre-

483 5005 690 5066 tiosam,
721 5014 783 5053 ac
809 5013 1119 5068 perennem,
1158 4997 1340 5052 utilem
1369 5038 1384 5063 ,
1424 5004 1478 5049 et
1506 4994 1649 5049 omni
1681 5009 1744 5048 ex
1775 5005 1923 5064 parte
1956 4995 2060 5048 fru-

481 5103 745 5154 ctuosam,
770 5097 824 5144 et
853 5090 918 5143 ad
941 5090 1182 5158 corporis
1199 5088 1643 5143 sustentationem
1667 5095 1721 5140 et
1746 5087 2062 5142 corrobora-

479 5184 702 5246 tionem,
735 5189 788 5233 et
817 5178 884 5233 ad
913 5179 1101 5231 animm
1127 5178 1552 5244 instructionem,
1581 5186 1634 5231 et
1655 5189 1829 5246 aptam
1843 5177 1908 5230 ad
1922 5177 2058 5230 viam

484 5270 822 5324 sternendam
877 5269 942 5321 ad
992 5268 1346 5337 cognitionem
1404 5269 1516 5334 Dei,
1563 5277 1651 5321 tua
1705 5268 1859 5322 unius
1905 5283 2061 5322 causa

483 5365 699 5416 creavit.
742 5362 922 5429 Neque
951 5363 1090 5414 enim
1123 5361 1292 5428 angeli
1325 5359 1625 5429 indigebant
1654 5360 1737 5414 illa
1763 5379 1772 5412 :
1799 5363 2064 5426 quomodo

455 5453 628 5508 enim
683 5452 1010 5519 indigerent,
1054 5452 1141 5519 qni
1181 5452 1481 5520 priusquam
1530 5453 1758 5504 oriretur
1798 5455 1927 5520 ipsa,
1953 5452 2060 5517 jam

488 5545 681 5602 erant?
711 5543 836 5598 Illos
862 5544 1002 5596 enim
1052 5545 1147 5595 ista
1190 5543 1358 5596 multo
1399 5543 1723 5610 antiquiores
1770 5558 1909 5607 esse,
1942 5544 2063 5596 andi

478 5653 587 5704 quo
617 5645 769 5705 pacto
798 5633 972 5687 verbis
995 5633 1094 5686 illis
1121 5633 1367 5687 ostendat
1395 5633 1551 5695 Dens,
1572 5633 1765 5702 quibus
1789 5637 1855 5689 ita
1873 5634 2062 5696 Jobnm

481 5725 764 5798 adoqnitur
821 5742 834 5778 :
895 5722 1108 5790 Qurmdo
1163 5721 1295 5789 facta
1333 5732 1446 5775 sunt
1493 5723 1692 5791 sidera,
1739 5725 2066 5780 laudauerunt

1179 324 1233 376 S.
1289 322 1563 379 JOANNIS
1601 317 2069 376 CilliYSOSTOMl
2110 319 2421 376 ARCHIEP.
2465 321 2990 378 C0.\'::T.\NTINOP.

3604 325 3706 381 4ρὲ

2124 425 2213 488 me
2249 453 2417 490 omnes
2443 439 2604 508 angeli
2633 439 2748 502 anei,
2789 449 2834 490 ct
2876 453 2989 490 voce
3033 453 3214 507 magna
3256 435 3537 491 cecinerunt
3590 439 3707 508 (Jul!

2132 529 2219 583 38.
2251 530 2306 595 7)
2341 547 2354 582 :
2384 528 2483 582 hoc
2509 538 2589 582 est
2609 529 2956 597 obstupefacti
2975 528 3331 593 multitudine,
3361 531 3709 598 pulchritudi-

2134 635 2220 682 ne,
2273 621 2397 679 situ.
2432 621 2676 682 utilitate,
2719 621 2992 683 varietate,
3028 620 3356 683 amrenitate,
3403 621 3706 688 splendore,

2132 707 2514 775 concinnitate,
2546 709 2755 762 caeteris
2781 697 3046 772 omnibus,
3077 724 3194 778 qum
3235 709 3389 777 longe
3419 711 3607 763 melius
3641 712 3707 763 illi

2134 817 2290 870 quam
2321 817 2416 855 nos
2459 801 2804 871 perspiciunt.
2847 800 3029 870 Neque
3063 816 3190 854 vero
3219 801 3480 854 sideribus
3510 810 3708 855 tantum

2135 894 2429 957 exornavit,
2460 893 2552 947 sed
2575 903 2625 948 et
2650 893 2761 947 sole
2789 901 2841 948 et
2861 893 2982 946 luna
3009 892 3296 955 decoravit,
3322 901 3548 960 utroque
3579 901 3711 946 tem-

2137 999 2264 1053 pore
2291 984 2507 1036 inultam
2554 984 2646 1037 tibi
2694 983 3040 1052 voluptatem,
3096 983 3316 1036 multam
3366 998 3433 1037 ex
3489 992 3713 1051 utroque

2137 1075 2477 1143 suppeditans
2508 1077 2807 1130 utilitatem.

2211 1166 2416 1220 Utilitas
2448 1167 2666 1219 siderant
2689 1182 2800 1236 qua:
2823 1167 2885 1220 de
2920 1167 3042 1220 creto
3072 1182 3162 1220 nos
3189 1174 3384 1235 regunt.
3411 1165 3580 1218 Solem
3611 1167 3713 1218 uti-

2141 1254 2425 1324 litatemque
2461 1257 2568 1325 ejus
2614 1257 2966 1321 commendat;
3003 1255 3181 1308 deinde
3231 1255 3540 1325 singularum
3592 1271 3714 1324 par-

2141 1347 2265 1398 tium
2335 1355 2532 1399 natura:
2596 1345 2860 1398 utilitatem
2906 1347 3180 1417 generatim
3227 1341 3418 1400 laudat.
3458 1376 3529 1387 —
3579 1347 3716 1412 Quid

2141 1437 2272 1490 exulo
2300 1436 2588 1504 pulchrius,
2613 1436 2749 1505 quod
2769 1451 2908 1490 nunc
2928 1453 2958 1489 a
2978 1436 3089 1490 sole
3113 1436 3340 1505 lunaque
3361 1437 3716 1498 collustratnr,

2143 1541 2285 1580 nunc
2328 1528 2489 1580 veluti
2531 1527 2842 1596 quibusdam
2872 1527 3146 1581 oculorum
3178 1527 3426 1595 jactibus,
3461 1527 3720 1582 immenso

2142 1618 2374 1672 siderum
2393 1620 2638 1674 examine
2667 1629 2861 1673 terram
2894 1619 3172 1682 illuminat,
3196 1629 3248 1673 et
3273 1620 3444 1673 nautis
3465 1636 3526 1674 ac
3552 1621 3723 1673 viato-

2143 1711 2290 1766 ribus
2334 1711 2534 1766 indices
2576 1712 2674 1765 via:
2712 1711 2971 1781 quosdam
3013 1712 3280 1780 ducesque
3317 1712 3723 1765 subministrat?

2144 1801 2240 1868 Qui
2265 1803 2404 1856 enim
2440 1803 2660 1872 pelagus
2682 1803 2871 1868 sulcat,
2894 1811 2947 1857 et
2970 1801 3035 1855 ad
3068 1802 3272 1856 clavum
3300 1802 3472 1868 sedet,
3502 1804 3726 1856 incursi-

2146 1895 2244 1950 bus
2264 1895 2546 1960 ﬁuetuum,
2570 1905 2626 1950 et
2655 1895 2982 1950 turbatarum
3022 1891 3280 1949 undarum
3332 1895 3632 1957 insnltibus,
3661 1911 3726 1948 ac

2145 1985 2378 2040 violento
2402 1994 2682 2039 ventorum
2711 1983 2932 2052 afﬁatui,
2965 1986 3240 2054 noctisque
3271 1985 3448 2040 illunis
3493 1986 3728 2039 tenebris

2146 2078 2380 2146 seipsum
2407 2077 2654 2146 exponit,
2683 2075 2818 2131 adeo
2844 2076 2986 2131 illius
3027 2076 3269 2146 regimini
3296 2075 3516 2130 conﬁdit
3540 2085 3594 2130 et
3623 2076 3728 2130 du-

2141 2167 2254 2222 ctui
2285 2185 2298 2220 :
2325 2174 2379 2222 et
2402 2167 2542 2236 quod
2570 2167 2620 2221 in
2646 2166 2856 2221 sublimi
2886 2166 3045 2221 situm
3071 2175 3153 2220 est
3171 2175 3394 2232 astrum,
3414 2167 3560 2220 illum
3581 2175 3732 2220 tanto

2147 2256 2390 2313 dissitum
2416 2257 2718 2322 intervallo,
2748 2258 2897 2327 quasi
2921 2256 3151 2312 vicinum
3186 2257 3254 2313 sit
3273 2265 3325 2311 et
3350 2259 3728 2327 propinquum,

2150 2349 2221 2404 ita
2247 2364 2433 2406 secure
2462 2349 2699 2416 deducit,
2731 2359 2783 2406 et
2810 2349 2876 2405 ad
2905 2359 3113 2420 portum
3143 2349 3394 2419 appellit,
3428 2365 3526 2403 nec
3552 2359 3732 2403 tamen

2149 2440 2312 2495 ullam
2340 2455 2528 2496 vocem
2583 2441 2762 2506 mittit,
2813 2441 2907 2496 sed
2956 2450 3240 2512 conspectu
3294 2455 3391 2495 suo
3435 2441 3571 2494 viam
3623 2440 3736 2495 illis

2150 2539 2430 2597 monstrat,
2458 2540 2512 2586 et
2532 2531 2635 2586 illis
2661 2532 2863 2598 tribuit,
2891 2541 2948 2585 ut
2977 2532 3140 2586 maria
3173 2540 3287 2586 tuto
3311 2532 3513 2602 possint
3536 2533 3733 2585 emeti-

2151 2622 2216 2685 ri,
2249 2621 2373 2674 dum
2401 2621 2505 2678 illis
2530 2629 2768 2691 tempora
2803 2622 3044 2691 designat
3068 2664 3080 2685 ,
3111 2623 3189 2679 sic
3230 2631 3290 2676 ut
3341 2637 3480 2676 nunc
3516 2621 3736 2690 quidem

2153 2712 2288 2766 intra
2320 2721 2529 2781 portum
2559 2712 2836 2767 retinenda
2864 2714 2934 2767 sit
2957 2713 3138 2780 navis,
3178 2728 3316 2767 nunc
3353 2721 3528 2766 autem
3560 2712 3610 2765 in
3641 2727 3738 2780 pe-

2152 2803 2299 2875 lagus
2319 2803 2650 2860 confidenter
2671 2804 2966 2870 educenda,
2987 2814 3041 2859 et
3067 2819 3173 2858 non
3198 2803 3494 2871 improvide
3514 2811 3738 2872 pr0pter

2153 2897 2502 2966 ignorantiam
2548 2897 2712 2952 futuri
2766 2898 2818 2951 in
2869 2897 3010 2952 diem
3062 2896 3356 2951 incidentes
3402 2895 3737 2959 hiemalem,

2153 2987 2479 3058 naufragium
2509 2990 2792 3058 patiantur.
2833 2989 3014 3058 Neque
3029 3003 3156 3043 vero
3183 2997 3382 3043 tantum
3408 2990 3736 3058 integrorum

2153 3093 2413 3134 annorum
2435 3095 2710 3135 mensuras
2740 3089 2794 3136 et
2817 3088 3157 3150 tempestates
3186 3080 3273 3134 illa
3291 3080 3604 3150 designant,
3639 3081 3736 3135 sed

2153 3180 2218 3224 et
2233 3171 2492 3240 cujusque
2517 3173 2690 3227 noctis
2719 3171 2903 3225 horam
2935 3181 2988 3226 et
3011 3171 3418 3226 conversionem
3455 3171 3740 3240 diligenter

2155 3271 2539 3333 rcprmscntant
2560 3305 2574 3330 ,
2607 3273 2661 3318 et
2688 3263 2955 3329 efﬁciunt,
2986 3273 3040 3317 ut
3079 3278 3142 3317 ex
3174 3263 3287 3331 ipso
3310 3271 3522 3332 aspectu
3556 3261 3736 3315 disca-

2157 3371 2297 3420 mus,
2346 3354 2558 3425 quando
2605 3353 2775 3423 major
2808 3354 2924 3423 ejus
2966 3368 3087 3422 pars
3137 3355 3472 3423 praeterierit,
3521 3353 3740 3421 quando

2156 3446 2330 3500 minor
2345 3445 2520 3500 adhuc
2549 3453 2734 3511 restet,
2761 3453 2815 3500 et
2844 3455 3026 3499 contra
3047 3444 3407 3510 rursus,qnod
3435 3460 3537 3498 non
3560 3444 3739 3499 Snlutn

2159 3539 2355 3604 nautis,
2383 3537 2477 3593 sed
2504 3539 2661 3592 etiam
2692 3537 2980 3591 viatoribus
3007 3537 3341 3591 commodum
3367 3547 3466 3598 εει,
3485 3551 3550 3590 ne
3579 3549 3742 3590 nocte

2160 3631 2478 3698 intempesta
2531 3631 2668 3683 viam
2725 3628 3122 3700 ingrediantur,
3176 3645 3348 3698 neque
3398 3629 3743 3683 convenienti

2159 3729 2398 3789 tempore
2424 3720 2567 3775 domi
2599 3719 2888 3776 resideant.
2946 3720 3059 3774 lioc
3086 3736 3189 3774 una
3217 3736 3336 3775 cum
3378 3721 3545 3774 stellis
3574 3721 3742 3775 etiam

2158 3825 2220 3864 ex
2255 3811 2393 3864 luna:
2418 3811 2663 3866 cursibus
2693 3821 2875 3864 notmn
2917 3811 3203 3880 diligenter
3242 3812 3574 3864 observntur.
3601 3809 3742 3864 Nam

2160 3902 2603 3970 quemadmodum
2634 3904 2714 3959 Sol
2740 3904 2979 3975 diurnas,
3011 3905 3079 3958 ita
3117 3903 3238 3958 luna
3269 3913 3553 3958 nocturnas
3578 3903 3744 3958 horas

2159 3995 2358 4066 dirigit,
2376 3997 2612 4066 aliasque
2643 3997 2837 4053 inultas
2857 3999 3114 4053 utilitates
3134 3997 3287 4066 parit,
3311 4005 3365 4051 et
3380 4006 3581 4066 gratam
3597 3997 3745 4051 aeris

2163 4089 2493 4158 temperiem,
2522 4098 2575 4144 et
2596 4091 2730 4144 roris
2753 4090 3174 4160 generationem,
3209 4099 3262 4142 ut
3291 4089 3503 4155 irrigata
3533 4087 3744 4141 semina

2160 4181 2494 4248 germinent,
2526 4195 2588 4234 ac
2613 4181 2774 4234 multa
2800 4197 2868 4234 ex
2897 4196 2954 4234 se
2983 4179 3259 4235 commoda
3286 4178 3352 4232 ad
3390 4178 3750 4232 corroboran-

2161 4269 2286 4323 dum
2312 4286 2478 4340 genus
2499 4270 2784 4325 humanum
2811 4271 3131 4340 suppeditat,
3151 4271 3382 4340 dumque
3404 4269 3574 4324 media
3600 4269 3749 4324 inter

2162 4360 2430 4415 stellarum
2480 4360 2721 4426 chorum,
2763 4373 2825 4417 et
2865 4363 2993 4417 solis
3033 4362 3370 4430 splendorem
3411 4361 3745 4429 interjacet:

2162 4448 2266 4505 hoc
2305 4448 2516 4520 quidem
2556 4451 2746 4516 minor,
2801 4451 2903 4505 illis
2945 4466 3075 4505 vero
3122 4450 3456 4519 pnestantior
3511 4460 3629 4515 est,
3681 4465 3752 4504 ac

2163 4539 2328 4593 multo
2355 4539 2544 4608 major.
2586 4539 2765 4610 Neque
2791 4556 2918 4594 vero
2948 4540 3232 4595 mediocris
3276 4540 3509 4593 nascitur
3545 4555 3613 4594 ex
3661 4541 3749 4594 illa

2164 4630 2418 4684 varietate
2437 4632 2827 4698 spectatoribus
2857 4632 3104 4701 voluptas
3131 4643 3184 4686 et
3213 4633 3409 4686 utilitas
3435 4674 3449 4698 ,
3476 4640 3533 4685 nt
3565 4648 3756 4702 neque

2164 4724 2392 4792 vulgaris
2418 4725 2766 4779 commoditas
2796 4741 2858 4779 ex
2889 4725 3217 4794 temporibus
3236 4767 3250 4790 ,
3281 4734 3336 4780 et
3363 4734 3589 4795 quatuor
3619 4725 3754 4779 anni

2167 4817 2568 4885 tempestatibus
2587 4858 2601 4880 ,
2636 4832 2729 4870 seu
2756 4833 3082 4882 mensuram,
3111 4833 3206 4872 seu
3238 4815 3658 4885 magnitudinem
3686 4832 3755 4872 ac

2165 4906 2512 4973 brevitatem,
2553 4908 2664 4963 sive
2696 4909 2953 4962 inﬁnitam
2991 4909 3352 4965 diversitatem
3396 4908 3751 4965 consideres:

2165 5000 2318 5052 aliam
2344 5000 2485 5054 enim
2515 5001 2810 5066 minorem,
2841 5001 2995 5054 aliam
3024 5000 3278 5068 majorem
3318 5015 3380 5053 ac
3422 4999 3756 5068 splendidio-

2167 5106 2279 5144 rem
2307 5101 2547 5159 spectare
2572 5092 2721 5159 licet,
2751 5101 2806 5146 et
2841 5091 3094 5160 quasdam
3126 5107 3189 5146 ex
3222 5091 3326 5146 illis
3350 5091 3574 5144 diversis
3609 5100 3752 5144 tem-

2168 5179 2382 5248 poribus
2424 5195 2701 5250 apparere.
2741 5179 2955 5235 Summa
3007 5180 3255 5234 nimirum
3294 5195 3355 5233 ac
3395 5179 3756 5233 solertissima

2172 5271 2260 5323 Dei
2290 5271 2546 5337 sapientia
2579 5271 2795 5324 multam
2836 5271 3028 5340 ubique
3054 5269 3362 5324 varietatem
3393 5267 3591 5332 efﬁcit,
3625 5283 3757 5320 cum

2171 5370 2224 5413 nt
2274 5362 2521 5429 potentire
2565 5376 2675 5416 sua:
2717 5363 3092 5416 miraculorum
3145 5360 3428 5416 effectricis
3470 5361 3756 5430 specimen

2169 5452 2311 5516 edat,
2351 5461 2458 5506 tum
2486 5462 2543 5506 ut
2569 5469 2744 5508 rerum
2770 5471 2888 5524 qua:
2917 5462 3210 5510 cernuntur
3235 5453 3425 5516 oculis,
3449 5453 3757 5508 commodi-

2173 5544 2265 5596 tati
2314 5544 2612 5612 provideat,
2665 5561 2727 5600 ac
2771 5547 2988 5600 multam
3037 5547 3455 5614 immensamque
3511 5545 3763 5614 prmbeat

2173 5633 2472 5696 utilitatem,
2497 5644 2551 5688 et
2595 5649 2715 5689 cum
2761 5635 2845 5689 his
2892 5636 3143 5691 omnibus
3190 5637 3349 5692 etiam
3400 5636 3760 5705 voluptatem.

2173 5723 2306 5789 Quid
2339 5725 2477 5780 enim
2505 5725 2635 5780 cmlo
2661 5726 2977 5795 jucundius,
3009 5726 3146 5798 quod
3199 5742 3336 5782 nunc
3365 5736 3612 5794 tanquam
3642 5723 3763 5780 lin-
