4030 6206
365 319 470 374 493

363 431 598 498 νοῦ,-νῦν
631 429 731 502 μέν
760 432 836 495 ὼς
871 429 1104 494 σινδόνος
1127 430 1375 502 καθαρᾶς
1407 429 1500 482 καὶ
1521 427 1774 496 διαυγοῦς
1803 426 1943 503 ὑπὲρ

363 521 609 591 κεφαλῆς
634 519 982 593 ήπλωμένου,
1001 519 1097 572 νῦν
1122 518 1179 572 δὲ
1207 519 1284 582 ὡς
1315 516 1584 588 λειμῶνος
1610 514 1944 578 πολυανθοῦς

363 609 798 680 ποικιλλομένου,
845 609 940 662 καὶ
979 608 1070 662 τὸν
1113 604 1279 660 αὑτοῦ
1324 604 1606 674 φαίνοντος
1639 603 1942 674 στέφανον;

364 697 500 751 Οὐδέ
525 697 633 768 γὰρ
657 695 831 760 οὑτως
866 697 966 768 ήδὺ
993 695 1238 766 λειμῶνα
1269 695 1397 750 ἰδεῖν
1415 695 1474 748 ἐν
1508 694 1712 766 ἡμέρᾳ,
1741 692 1816 758 ὼς
1846 693 1943 765 ήδύ

365 786 458 837 καὶ
484 784 711 854 τερπνὸν
734 783 960 854 οὐρανὸν
982 782 1111 838 ἰδεῖν
1131 783 1190 836 ἐν
1213 783 1370 837 νυκτὶ
1394 781 1608 853 μυρίοις
1629 780 1812 836 ἄνθεσι
1829 784 1946 845 τοῖς

361 872 472 926 τῶν
521 873 768 944 ἀστέρων
817 872 1155 944 πανταχόθεν
1201 870 1644 943 κατεστεμμένον
1669 909 1683 934 ,
1725 869 1944 924 ἄνθεσιν

361 960 616 1014 οὐδέποτε
644 959 1082 1032 μαραινομένοις,
1101 959 1216 1013 ἀλλ’
1240 958 1540 1030 ἀκραιφνὲς
1561 958 1646 1011 ἀεὶ
1667 957 1728 1012 τὸ
1746 958 1944 1011 οἰκεῖον

363 1047 558 1109 κάλλος
591 1047 1073 1118 ἐπιδεικνυμένοις.
1104 1048 1170 1100 Τί
1215 1047 1271 1100 δὲ
1305 1045 1468 1100 αὐτοῦ
1508 1046 1785 1119 ήδύτερον,
1813 1046 1942 1098 ὅταν

360 1136 459 1205 τῆς
491 1135 684 1199 νυκτὸς
716 1133 1078 1205 ἀπελθούσης,
1109 1134 1204 1187 καὶ
1231 1133 1455 1205 μηδέπω
1485 1134 1583 1204 τῆς
1605 1134 1821 1197 ἀκτῖνος
1851 1133 1944 1185 ἀν-

366 1221 639 1293 ισχούσης.
674 1221 926 1294 καθάπερ
954 1221 1217 1292 κροκωτῷ
1249 1239 1353 1275 τινι
1384 1222 1572 1292 πέπλῳ
1613 1224 1725 1284 τοῖς
1757 1237 1942 1292 προοι-

365 1311 506 1380 μίοις
543 1311 645 1380 τῆς
686 1309 953 1379 ἀνατολῆς
981 1309 1074 1362 τοῦ
1109 1308 1260 1379 ἡλίου
1293 1310 1702 1381 φοινισσόμενος
1735 1308 1943 1362 καλλω-

361 1396 617 1468 πίζηταις
649 1399 701 1451 τί
731 1398 788 1451 δὲ
828 1397 979 1469 ἡλίου
1025 1396 1222 1467 γένοιτ’
1269 1396 1337 1450 ἂν
1383 1398 1713 1470 ὡραιότερον
1763 1396 1944 1466 θέαμα

360 1485 669 1555 ἀνίσχοντος
701 1485 804 1540 ὑπὸ
833 1486 930 1556 τὴν
958 1486 1051 1552 ἔω,
1087 1488 1182 1541 καὶ
1216 1489 1388 1559 μικρᾷ
1427 1485 1618 1556 καιροῦ
1655 1487 1793 1556 ῥοπῇ
1837 1483 1941 1536 πᾶ-

362 1591 462 1627 σαν
496 1575 593 1644 μὲν
631 1575 756 1645 γῆν,
789 1578 967 1629 πᾶσαν
994 1576 1052 1629 δὲ
1099 1576 1400 1639 θάλασσαν,
1443 1577 1550 1629 πᾶν
1587 1577 1643 1629 δὲ
1683 1575 1810 1646 όρος
1848 1574 1941 1626 καὶ

361 1662 539 1726 νάπας
562 1658 656 1716 καὶ
682 1663 923 1734 βουνοὺς,
949 1665 1128 1718 πάντα
1159 1665 1216 1718 δὲ
1247 1664 1476 1736 οὐρανὸν
1510 1667 1631 1727 ταῖς
1655 1665 1761 1717 τῶν
1785 1665 1941 1719 ἀκτί-

361 1768 466 1804 νων
500 1752 947 1824 καταλάμποντος
979 1754 1184 1824 βολαῖς,
1220 1754 1314 1808 καί⁵
1343 1753 1445 1824 τῆς
1479 1754 1673 1817 νυκτὸς
1699 1753 1760 1807 τὸ
1786 1771 1942 1823 περι-

359 1836 573 1892 ϐόλαιον
614 1840 1090 1911 ἀπαμφιεννύντος
1134 1840 1241 1894 τῶν
1269 1839 1594 1912 ὁρωμένων,
1631 1841 1727 1894 καὶ
1759 1841 1942 1911 γυμνά

360 1924 539 1979 πάντα
578 1927 685 1998 πρὸ
716 1927 824 1981 τῶν
855 1926 1150 1999 ὀφθαλμῶν
1183 1926 1488 1990 δεικνύντος
1515 1929 1684 1998 ήμῖνς
1721 1927 1846 1992 Πῶς
1875 1928 1940 1982 ἀν

357 2030 440 2076 τις
463 2013 627 2068 αὐτοῦ
655 2013 957 2085 ἐκπλαγείη
985 2015 1110 2078 τοὺς
1135 2014 1387 2086 δρόμους,
1407 2015 1506 2086 τὴν
1535 2013 1810 2080 εὐταξίαν,
1839 2016 1940 2088 τὴν

359 2103 418 2153 ἐν
446 2101 738 2165 τοσαύταις
763 2103 900 2158 ἐτῶν
923 2103 1193 2174 περιόδοις
1215 2103 1636 2174 ἀπαράλλακτον
1655 2103 1750 2157 καὶ
1773 2104 1865 2157 ἀνε
1873 2121 1941 2174 μ-

361 2189 608 2242 πόδιστον
657 2189 968 2256 διακονίαν,
1007 2191 1069 2243 τὸ
1115 2190 1312 2254 κάλλος
1355 2189 1523 2244 αὐτοῦ
1573 2191 1634 2244 τὸ
1677 2190 1940 2261 διηνεκῶς

359 2277 635 2346 ἀκμάζον,
665 2278 765 2346 τὴν
797 2277 1119 2348 λαμπηδόνα
1138 2317 1152 2341 ,
1185 2278 1285 2349 τὴν
1317 2278 1679 2350 φαιδρότητα,
1707 2278 1806 2350 τὴν
1839 2297 1940 2333 καν

360 2363 655 2435 θαρότητα,
678 2365 776 2434 τὴν
801 2363 1076 2427 τοσούτοις
1100 2364 1398 2434 ὁμιλοῦσαν
1427 2364 1663 2436 σώμασι,
1698 2366 1792 2420 καὶ
1829 2383 1936 2437 μη-

358 2451 533 2522 δαμοῦ
558 2453 961 2523 μολυνομένην;
990 2452 1135 2525 Πρὸς
1163 2452 1220 2506 δὲ
1246 2452 1478 2519 τούτοις,
1498 2453 1600 2523 τὴν
1621 2455 1811 2524 χρείαν
1839 2454 1937 2526 τὴν

358 2541 588 2610 ἄφατον,
623 2540 720 2612 τὴν
747 2543 805 2593 ἐν
827 2540 1128 2612 σπέρμασι,
1159 2539 1258 2611 τὴν
1294 2541 1352 2594 ἐν
1383 2544 1592 2610 φυτοῖς,
1614 2543 1707 2596 καὶ
1739 2544 1796 2596 ἐν
1829 2542 1937 2596 σώ-

363 2647 524 2698 μασιν
549 2628 872 2697 ἀνθρώπων,
897 2628 1264 2699 τετραπόδων,
1293 2629 1513 2700 ἰχθύων,
1531 2629 1728 2700 ἀέρων,
1750 2629 1935 2696 λίθων,

360 2715 620 2784 βοτανῶν,
660 2717 758 2788 τὴν
798 2719 856 2770 ἐν
881 2719 975 2788 γῇ,
1016 2717 1116 2788 τὴν
1163 2717 1222 2770 ἐν
1246 2716 1512 2790 θαλάσσῃ,
1552 2717 1650 2790 τὴν
1697 2719 1755 2773 ἐν
1790 2719 1934 2792 ἀέρι,

359 2805 456 2874 τὴν
503 2805 562 2857 ἐν
609 2805 773 2858 πᾶσιν
818 2803 1003 2868 ἁπλῶς
1048 2807 1161 2869 τοῖς
1208 2805 1539 2876 όρωμένοις;
1590 2806 1776 2860 Πάντα
1827 2807 1938 2879 γὰρ

359 2892 522 2946 αὐτοῦ
556 2893 724 2946 δεῖται
763 2894 855 2946 καὶ
905 2893 1170 2948 ἀπολαύει
1221 2895 1321 2965 τῆς
1352 2894 1562 2966 χρείας,
1606 2895 1698 2948 καὶ
1730 2896 1938 2968 ἀμείνω

363 2982 567 3048 γίνεται
595 2980 800 3051 ταύτης
832 2982 1149 3052 μετέχοντα,
1172 2982 1232 3036 οὑ
1256 2983 1487 3054 σώματα
1519 2983 1573 3037 δέ
1607 2984 1790 3056 μόνον,
1819 2984 1939 3039 οὐδέ

360 3068 522 3136 φυτὰ,
552 3070 687 3124 ἀλλὰ
735 3069 827 3123 καὶ
863 3068 1052 3134 ὑδατα,
1095 3073 1190 3124 καὶ
1222 3071 1443 3141 λίμναι,
1477 3071 1571 3125 καὶ
1614 3073 1811 3143 πηγαὶ,
1843 3076 1939 3127 καὶ

361 3157 618 3228 ποταμοὶ,
650 3158 744 3211 καὶ
778 3158 916 3228 αὑτὴ
947 3157 1041 3211 τοῦ
1075 3158 1238 3229 ἀέρος
1280 3159 1314 3230 ή
1358 3159 1522 3229 φύσις
1564 3159 1936 3233 λεπτυνομένη

361 3244 454 3299 καὶ
497 3243 870 3316 καθαιρομένη
907 3244 1001 3298 καὶ
1038 3242 1371 3315 διειδεστέρα
1415 3244 1697 3316 γινομένη.
1741 3246 1840 3299 Διά
1873 3245 1937 3316 δή

361 3327 516 3381 τοῦτο
547 3330 638 3382 καὶ
668 3330 696 3382 ό
726 3329 1014 3400 ψαλμῳδὸς
1044 3330 1106 3382 τὸ
1129 3327 1324 3390 κάλλος
1353 3325 1518 3380 αὐτοῦ
1547 3325 1938 3398 παραδηλῶσαι

364 3411 720 3482 βουλόμενος,
761 3411 821 3465 τὸ
859 3411 1124 3484 διηνεκῶς
1161 3410 1418 3482 φαιδρὸν,
1454 3410 1553 3481 τὴν
1587 3410 1940 3482 ἀκμάζουσαν

361 3496 531 3568 ὥραν,
565 3496 626 3549 τὸ
665 3496 933 3568 μηδέποτε
966 3496 1256 3550 διαπῖπτον
1295 3495 1477 3559 ἄνθος,
1524 3494 1674 3567 [479]
1717 3495 1819 3568 τήν
1845 3497 1939 3550 εὐ-

362 3580 632 3651 πρέπειαν
655 3622 670 3646 ,
706 3582 806 3650 τὴν
855 3579 1184 3650 εὐμορφίαν,
1216 3578 1317 3650 τὴν
1350 3578 1794 3646 ἀπαραπόδιστον
1827 3580 1944 3633 δια-

363 3664 567 3728 κονίαν,
595 3662 738 3717 οὑτω
770 3681 886 3726 πως
933 3662 1150 3730 ἔλεγεν·
1196 3662 1300 3716 Ἔν
1344 3661 1426 3727 τῷ
1470 3662 1623 3730 ἡλίῳ
1663 3658 1832 3717 ἔθετο
1875 3661 1944 3716 τὸ

362 3747 652 3817 σκήνωμα
687 3747 894 3808 αὐτοῦ,
930 3745 1075 3799 τοῦτ’
1103 3745 1272 3810 ἐστιν,
1308 3745 1368 3799 ἐν
1400 3747 1587 3809 αὐτοῖς
1624 3747 1737 3809 τοῖς
1777 3745 1944 3818 οὐρα-

363 3835 501 3895 νοῖς·
529 3831 709 3896 τοῦτο,
743 3832 1008 3902 σκήνωμα
1048 3829 1185 3884 Θεοῦ
1231 3828 1428 3899 λέγων,
1470 3830 1797 3885 αἰνίττεται.
1833 3831 1948 3899 Καὶ.

363 3916 546 3983 αὐτὸς
572 3917 652 3982 ὡς
675 3915 934 3985 νυμφίος
971 3915 1450 3984 ἐκπορευόμενος
1473 3915 1542 3968 ἐκ
1567 3914 1806 3969 παστοῦ
1835 3916 1945 3969 air-4

365 4000 489 4054 τοῦ.
528 3997 661 4054 Είτα
682 3999 777 4054 καὶ
807 3999 868 4052 τὸ
901 3997 1120 4052 εὔκολον
1146 3999 1246 4070 τῆς
1273 3998 1549 4063 διακονίας
1577 3998 1741 4053 αὐτοῦ
1767 3998 1945 4070 δηλῶν

365 4085 666 4152 ἐπήγαγεν,
719 4081 1167 4150 Ἀγαλλιάσεται
1206 4084 1287 4149 ὡς
1319 4084 1491 4152 γίγας
1525 4082 1772 4153 δραμεῖν
1799 4081 1946 4136 ὁδὸν

364 4166 572 4221 αὐτοῦ.
606 4161 739 4218 Εἶτα
777 4165 839 4216 τὸ
865 4165 1085 4234 διαρκὲς
1114 4167 1210 4219 καὶ
1246 4167 1506 4237 ἀποχρῶν
1544 4169 1609 4237 τῇ
1651 4167 1945 4242 οἰκουμένῃ

366 4251 536 4322 πάσῃ,
585 4247 701 4304 Ἀπ’
743 4247 932 4316 ἄκρου
971 4248 1078 4302 τοῦ
1111 4251 1370 4316 οὐρανοῦ
1411 4252 1449 4318 ὴ
1480 4250 1692 4317 ἔξοδος
1735 4253 1942 4318 αὐτοῦ,

368 4336 464 4390 καί
493 4332 559 4387 τὸ
586 4331 934 4400 κατάντημα
955 4331 1142 4385 αὐτοῦ
1170 4332 1281 4398 ἕως
1313 4333 1501 4400 ἄκρου
1528 4333 1634 4387 τοῦ
1659 4335 1944 4402 οὐρανοῦ.

369 4415 502 4472 Εἶτα
531 4417 591 4470 τὸ
611 4416 745 4469 πᾶσι
769 4421 1038 4487 χρήσιμον
1059 4415 1152 4468 καὶ
1177 4415 1473 4485 ὠφέλιμον,
1497 4416 1609 4470 Καὶ
1636 4420 1746 4471 οὐκ
1774 4419 1948 4474 ἔστιν

366 4504 434 4570 ὃς
465 4499 952 4569 ἀποκρυὸήσεται
999 4497 1110 4566 τῆς
1147 4498 1370 4568 θέρμης
1417 4501 1625 4554 αὐτοῦ.
1675 4500 1943 4568 Ἔξεστιν,

365 4591 414 4643 εί
442 4587 516 4659 μὴ
537 4587 847 4656 ἀπέκαμες,
893 4583 1083 4655 μαθεῖν
1107 4583 1270 4638 αὐτοῦ
1293 4583 1390 4654 τὴν
1421 4583 1680 4655 πρόνοιαν
1705 4586 1798 4639 καὶ
1828 4587 1948 4640 ἐτέν

369 4674 541 4745 ρωθεν
567 4690 578 4702 ·
627 4671 735 4725 ἀπὸ
781 4670 890 4725 τῶν
921 4669 1121 4739 νεφῶν,
1165 4669 1273 4722 ἀπὸ
1305 4667 1413 4722 τῶν
1452 4668 1649 4740 ὡρῶν,
1689 4669 1797 4723 ἀπὸ
1837 4670 1948 4723 τῶν

364 4756 601 4820 τροπῶν.
625 4755 734 4809 ἀπὸ
763 4755 869 4809 τῶν
893 4753 1130 4826 ἀνέμων,
1161 4751 1269 4807 ἀπὸ
1294 4753 1396 4823 τῆς
1424 4751 1700 4824 θαλάσσης
1722 4753 1819 4807 καὶ
1839 4753 1948 4807 τῶν

248 4848 257 4856 ⁵
368 4846 426 4896 ἐν
449 4843 586 4912 αὐτῇ
609 4841 869 4894 ποικίλων
892 4839 1086 4909 γενῶν,
1103 4839 1213 4894 ἀπὸ
1231 4838 1328 4910 τῆς
1349 4838 1454 4910 γῆς
1483 4838 1576 4892 καὶ
1599 4838 1708 4892 τῶν
1729 4839 1787 4892 ἐν
1809 4838 1946 4908 αὐτῇ

366 4926 734 4997 τετραπόδων,
776 4925 1046 4994 ἑρπετῶν,
1081 4923 1300 4995 πτηνῶν
1333 4923 1442 4976 τῶν
1475 4917 1811 4997 ἀεροπόρων,
1839 4925 1948 4978 τῶν

367 5007 658 5080 χερσαίων,
681 5006 788 5060 ἀπὸ
813 5008 922 5062 τῶν
951 5009 1228 5080 ἀμφιϐίων
1255 5008 1365 5063 τῶν
1389 5012 1446 5064 ἐν
1469 5009 1686 5081 λίμναις
1717 5010 1812 5064 καὶ
1840 5027 1948 5080 πη-

367 5096 493 5161 γαῖς
526 5093 617 5146 καὶ
657 5093 953 5161 ποταμοῖς,
991 5095 1100 5146 ἀπὸ
1139 5095 1239 5165 τῆς
1290 5095 1655 5168 οἰκουμένης,
1695 5095 1805 5148 ἀπὸ
1851 5097 1950 5168 τῆς

367 5177 648 5246 ἀοικήτου,
691 5173 800 5228 ἀπὸ
845 5174 955 5228 τῶν
985 5176 1269 5247 φυομένων
1301 5178 1655 5250 σπερμάτων,
1694 5178 1948 5251 δένδρων.

371 5258 634 5330 βοτανῶν,
671 5257 855 5328 φυτῶν
882 5259 938 5311 ἐν
984 5261 1107 5322 ταῖς
1144 5261 1392 5332 ἐρήμοις,
1433 5261 1491 5314 ἐν
1521 5265 1642 5326 ταῖς
1679 5262 1779 5315 οὐκ
1823 5265 1953 5336 ἐρή-

375 5361 513 5411 μοις,
538 5343 647 5395 ἀπὸ
669 5342 778 5397 τῶν
809 5341 1212 5411 βλαστανόντων
1238 5345 1296 5398 ἐν
1326 5345 1548 5412 πεδίοις,
1577 5347 1634 5400 ἐν
1657 5345 1947 5417 φάραγξιν,

371 5428 429 5478 ἐν
461 5425 662 5495 ὄρεσιν,
689 5427 748 5478 ἐν
775 5427 996 5490 νάπαις,
1022 5427 1130 5480 ἀπὸ
1151 5426 1260 5480 τῶν
1286 5429 1611 5498 αὐτομάτως
1641 5431 1948 5500 φυομένων,

372 5509 480 5564 ἀπὸ
520 5507 628 5560 τῶν
660 5508 800 5579 μετά
837 5509 1001 5562 πόνου
1033 5509 1126 5564 καί
1168 5512 1460 5581 γεωργίας,
1507 5513 1616 5568 ἀπὸ
1660 5513 1771 5566 τῶν
1799 5512 1953 5577 ζώων

374 5595 482 5647 τῶν
509 5595 751 5666 ήμέρων,
784 5595 891 5648 τῶν
912 5594 1222 5666 ἀνημέρων,
1247 5593 1358 5648 τῶν
1385 5596 1612 5667 ἀγρίων,
1643 5596 1754 5650 τῶν
1775 5611 1955 5670 χειρο-

375 5678 543 5748 ήθων,
578 5679 685 5733 τῶν
717 5678 950 5751 μικρῶν,
993 5679 1100 5732 τῶν
1143 5679 1415 5748 μεγάλων,
1452 5681 1562 5733 ἀπὸ
1599 5681 1708 5734 τῶν
1740 5681 1798 5734 ἐν
1850 5699 1957 5752 χει-

377 5761 541 5831 μῶνι,
580 5762 686 5819 τῶν
731 5765 790 5819 ἐν
825 5761 994 5835 θέρει,
1030 5761 1138 5819 τῶν
1180 5763 1239 5818 ἐν
1280 5761 1583 5836 μετοπώρῳ
1614 5765 1955 5838 φαινομένων

1267 6107 1472 6175 Δ

1098 317 1155 372 S.
1190 313 1478 372 JOANNIS
1513 306 1996 370 CHRYSOSTOMI
2039 304 2357 363 ARCIIIEP.
2407 299 2958 361 CONSTANTINOP.

3536 293 3634 352 491

2049 422 2278 494 ὀρνίθων
2305 421 2398 475 καὶ
2426 420 2794 492 τετραπόδων,
2823 417 2915 470 κα)⁸
2945 413 3166 484 ἰχθύων,
3194 410 3286 464 καὶ
3314 406 3517 494 φυτῶν,
3541 409 3635 494 καὶ

2051 492 2324 576 βοτανῶν,
2358 503 2467 558 ἀπὸ
2488 503 2594 556 τῶν
2639 505 2696 556 ἐν
2729 500 2888 556 νυκτὶ
2920 495 3220 568 γινομένων
3241 492 3402 576 ,ἀπὸ
3431 492 3634 576 τῶνῄὲν

2048 573 2256 660 ἡμέρᾳ,
2278 587 2386 640 ἀπὸ
2408 588 2514 642 τῶν
2534 586 2728 648 ὑετῶν,
2747 583 2855 638 ἀπὸ
2877 581 2970 636 τοῦ
2998 579 3195 652 μέτρου
3215 575 3324 629 τῶν
3349 573 3631 660 ἐνιαυτῶν,

2049 657 2437 733 ἀπὺνθήανάτου,
2469 668 2577 722 ἀπὸ
2624 667 2769 737 ζωῆς
2790 707 2804 729 ,
2836 663 2944 718 ἀπὸ
2969 662 3065 716 τοῦ
3111 661 3272 714 πόνου
3310 657 3405 712 τοῦ
3437 675 3636 726 συγκεη

2049 753 2408 825 κληρωμένου
2452 753 2607 822 ἡμῖν,
2654 749 2763 804 ἀπὸ
2792 747 3052 818 ἀθυμίας,
3084 744 3191 799 ἀπὸ
3226 743 3499 808 ἀνέσεως,
3527 741 3633 795 ἀπὸ

2051 838 2214 890 σίτων
2251 837 2345 891 καὶ
2372 835 2554 889 ποτῶν
2584 834 2693 887 τῶν
2718 831 3018 902 δεδομένων
3047 831 3201 900 ἡμῖν,
3233 826 3342 882 ἀπὸ
3370 826 3479 880 τῶν
3511 827 3634 878 ἐπι.

2048 919 2430 992 τηδευμάτων,
2478 918 2586 972 ἀπὺ
2624 914 2863 987 τεχνῶν,
2906 912 3014 967 ἀπὸ
3044 911 3251 979 ξύλων,
3299 910 3408 964 ἀπὸ
3449 908 3632 973 λίθων,

2049 1004 2158 1058 ἀπὸ
2187 1004 2296 1057 τῶν
2327 1001 2470 1074 ὁρῶν
2506 1000 2616 1054 τῶν
2664 995 3023 1071 μεταλλτκῶν,
3053 996 3162 1049 ἀπὸ
3191 995 3290 1066 τῆς
3328 993 3634 1064 πλεομένης

2049 1086 2340 1158 θαλάττης,
2366 1073 2481 1139 ἀπὸ
2513 1085 2611 1156 τῆς
2658 1081 2942 1144 ἀπλώτου,
2982 1078 3090 1134 ἀπὸ
3119 1077 3228 1131 τῶν
3260 1078 3473 1149 νήσων,
3527 1073 3637 1158 ἀ.πύ
3681 1145 3701 1156 -

2047 1169 2155 1224 τῶν
2183 1156 2393 1242 ὅρμων,
2423 1169 2531 1222 ἀπὸ
2554 1167 2664 1220 τῶν
2688 1163 2892 1232 ἀκτῶν,
2931 1163 3040 1217 ἀπὸ
3064 1161 3166 1232 τῆς
3195 1161 3520 1230 ἐπιφανείας
3541 1156 3635 1242 τοῦ

2051 1241 2343 1322 πελάγους,
2383 1251 2492 1306 ἀπὸ
2531 1249 2625 1304 τοῦ
2661 1249 2859 1320 βάθους
2883 1245 2991 1300 τῶν
3017 1245 3245 1310 ὑδάτων,
3269 1243 3379 1299 ἀπὸ
3410 1244 3509 1314 τῆς
3540 1241 3637 1312 φύ-

2050 1355 2189 1402 σεως
2212 1338 2321 1391 τῶν
2355 1335 2655 1408 στοιχείων,
2683 1334 2776 1403 ἀφ’
2811 1326 2886 1386 ὧν
2917 1332 2947 1384 ό
2973 1329 3178 1400 κόσμος
3206 1330 3336 1400 ἡμῖν
3376 1327 3636 1396 συνέστη-

2048 1438 2166 1484 κεν,
2201 1420 2310 1474 ἀπὸ
2343 1420 2442 1490 τῆς
2470 1415 2769 1483 διατάξεως
2794 1414 2904 1469 τῶν
2933 1411 3163 1484 καιρῶν,
3189 1412 3296 1466 ἀπὸ
3322 1411 3421 1482 τῆς
3442 1410 3634 1478 διαφο-

2051 1506 2152 1576 ρᾶς
2199 1504 2292 1558 τοῦ
2347 1504 2549 1576 μέτρου
2593 1502 2690 1574 τῆς
2728 1499 2944 1572 ἡμέρας
2989 1497 3209 1568 καὶτῆς
3258 1491 3488 1576 νυκτός,
3525 1491 3636 1547 ἀπὸ

2046 1575 2202 1640 νόσου
2235 1587 2328 1644 καὶ
2359 1575 2600 1656 ὑγιείας,
2635 1583 2744 1640 ἀπὸ
2782 1583 2893 1637 τῶν
2950 1581 3128 1654 μελῶν
3172 1579 3280 1632 τῶν
3314 1575 3632 1650 ἡμετέρων,

2045 1671 2155 1724 ἀπὸ
2179 1670 2278 1740 τῆς
2309 1667 2660 1738 κατασκευῆς
2697 1667 2791 1737 τῆς
2825 1666 3023 1737 ψυχῆς,
3046 1664 3153 1718 ἀπὸ
3179 1663 3286 1716 τῶν
3310 1659 3514 1732 τεχνῶν
3538 1660 3634 1713 καὶ

2045 1755 2146 1826 τῆς
2206 1753 2398 1824 σοφίας
2435 1753 2534 1824 τῆς
2580 1753 2638 1805 ἐν
2687 1750 2878 1814 αὑταῖς
2921 1747 3359 1820 παρασχεθείσης
3411 1744 3488 1816 τῷ
3523 1745 3636 1796 τῶν

2046 1836 2351 1908 ἀνθρώπων
2384 1833 2562 1904 γένει,
2599 1833 2707 1888 ἀπὸ
2739 1833 2840 1903 τῆς
2879 1833 3069 1904 χρείας
3106 1831 3215 1884 τῶν
3255 1827 3633 1901 ὑπηρετουμέ-

2045 1938 2150 1973 νων
2180 1921 2312 1990 ήμῖν
2349 1917 2565 1986 ἀλόγων
2597 1918 2691 1971 καὶ
2722 1916 2908 1986 φυτῶν
2934 1916 3028 1970 καὶ
3060 1915 3262 1987 ἐτέρων
3292 1912 3632 1983 κτισμάτων,

2046 2003 2154 2058 ἀπὸ
2178 2002 2285 2056 τῶν
2311 2001 2654 2073 μικροτάτων
2683 2000 2778 2055 καὶ
2803 1999 3202 2054 εὐτελεστάτων
3230 1997 3404 2063 ζώων.
3427 1997 3492 2050 Τί
3522 1996 3636 2066 γάρ

2049 2086 2306 2158 μελίττης
2345 2085 2683 2157 βραχύτερον
2716 2084 2811 2138 καὶ
2843 2084 3282 2156 εἰδεχθέστερον;
3316 2081 3368 2135 τί
3399 2080 3457 2134 δὲ
3491 2097 3634 2152 μυρ-

2049 2171 2240 2242 μήκων
2273 2169 2368 2222 καὶ
2405 2169 2671 2237 τεττίγων
2718 2167 3136 2239 εὐτελέστερονς
3177 2167 3317 2220 Ἀλλ’
3352 2167 3502 2237 ὅμως
3539 2165 3634 2217 καὶ

2044 2249 2215 2302 ταῦτα
2261 2247 2523 2319 λαμπρὰν
2552 2249 2764 2318 »ἀφίησι
2808 2247 2992 2319 φωνὴν
3035 2245 3179 2317 ὑπὲρ
3233 2248 3334 2317 τῆς
3371 2243 3466 2298 τοῦ
3493 2242 3631 2296 Θεοῦ

2045 2332 2300 2402 προνοίας
2332 2333 2428 2384 καὶ
2460 2330 2744 2402 δυνάμεως
2781 2332 2878 2385 καὶ
2913 2330 3123 2400 σοφίας.
3157 2327 3256 2382 Διά
3287 2326 3447 2382 τοῦτο
3482 2325 3577 2380 xal
3603 2327 3634 2378 ό

2045 2415 2355 2485 προφήτης,
2387 2415 2417 2468 ό
2459 2413 2715 2466 τοσούτου
2742 2413 3061 2486 Πνεύματος
3108 2413 3430 2483 ἠξιωμένος,
3459 2407 3632 2462 ἐπιὼν

2042 2498 2141 2569 τῆς
2180 2498 2409 2561 κτίσεως
2441 2497 2502 2550 τὸ
2555 2497 2749 2568 σῶμα,
2784 2497 2880 2552 καὶ
2931 2497 3089 2568 όλίγα
3138 2499 3276 2552 am
3321 2493 3629 2562 διεξελθὼν,

2043 2581 2306 2653 ἀνεϐόησε
2337 2581 2454 2652 μετ’
2475 2580 2791 2652 ἐκπλήξεως
2817 2581 3018 2652 πολλῆς
3041 2581 3139 2653 τὴν
3163 2579 3472 2652 θαυμασίαν
3492 2577 3632 2631 ὲκεί-

2043 2684 2139 2737 νην
2171 2668 2382 2738 φωνήν·
2427 2666 2525 2730 Ὠς
2553 2667 2931 2738 ἐμεμλύνθη
2965 2665 3039 2720 τὰ
3079 2665 3226 2736 ἔργα
3248 2679 3387 2730 σου,
3420 2661 3631 2732 Κύριεί

2044 2749 2240 2803 πάντα
2261 2750 2331 2803 ἐν
2355 2750 2544 2818 σοφίᾳ
2569 2749 2887 2818 ἐποίησας.

2114 2833 2223 2886 Kal
2244 2831 2415 2886 ταῦτα
2449 2833 2646 2899 πάντα,
2677 2831 2951 2905 ἄνθρωπε,
2975 2830 3064 2896 διὰ
3092 2830 3172 2886 σέ.
3205 2828 3356 2902 [480]
3385 2829 3493 2882 Kal
3519 2828 3632 2900 γὰρ

2046 2915 2136 2970 καὶ
2185 2915 2374 2985 ἄνεμοι
2425 2914 2512 2968 διὰ
2553 2914 2613 2968 σὲ
2663 2915 2795 2986 (ἐπὶ
2841 2915 2952 2988 γὰρ
2981 2915 3083 2986 τὴν
3130 2913 3308 2985 ἀρχὴν
3344 2912 3435 2966 τὸν
3471 2911 3634 2978 λόγον

2045 3000 2386 3070 ἐπανάξομεν
2445 2999 2681 3070 πάλιν),
2733 3001 2822 3054 ἵνα
2862 3001 2930 3054 τά
2993 2998 3224 3071 σώματα
3283 2996 3635 3066 πεπονηκότα

2047 3085 2354 3156 ριπίζωσιν,
2379 3083 2466 3138 ἵνα
2495 3084 2586 3138 τὸν
2619 3083 2729 3137 ἀπὸ
2767 3081 2861 3138 τοῦ
2903 3082 3167 3155 βορϐόρου
3207 3079 3500 3154 μολυσμὸν,
3536 3079 3636 3132 καὶ

2045 3167 2142 3239 τὴν
2177 3167 2484 3239 ,γινομένην
2516 3167 2796 3240 βαρύτητα
2842 3166 2951 3221 ἀπὸ
2994 3164 3090 3219 τοῦ
3131 3164 3342 3220 καπνοῦ
3378 3163 3472 3216 καὶ
3519 3162 3635 3214 τῶν

2046 3251 2293 3321 καμίνων
2335 3250 2429 3303 καὶ
2471 3250 2673 3322 ἑτέρων
2720 3248 3139 3320 ἀναθυμιάσεων
3182 3244 3632 3317 διακαθαίρωσιν,

2047 3334 2132 3387 ἵνα
2156 3333 2250 3404 τὴν
2271 3334 2334 3387 ἐκ
2360 3333 2460 3403 τῆς
2485 3333 2705 3396 ἀκτῖνος
2729 3332 3041 3404 θερμότητα
3067 3329 3520 3404 παραμυθῶνται,
3545 3329 3636 3381 ῖνα

2047 3417 2248 3488 κοῦφον
2274 3417 2468 3470 ποιῶσι
2490 3416 2550 3469 τὸ
2575 3420 2786 3485 πνῖγος,
2818 3417 2905 3470 ῖνα
2925 3417 2994 3470 τά
3021 3417 3309 3486 σπέρματα
3335 3412 3634 3484 τρέφωσιν,

2049 3502 2137 3555 ἵνα
2166 3502 2236 3554 τά
2264 3501 2408 3572 φυτά
2439 3499 2678 3566 αὑξωσιν
2699 3541 2714 3564 ,
2752 3500 2840 3554 ῖνα
2877 3517 2959 3554 σοι
2993 3500 3089 3554 καὶ
3131 3501 3189 3553 ἐν
3222 3497 3465 3568 θαλάσσῃ
3509 3513 3640 3551 συν-

2049 3585 2393 3656 οδοιπορῶσι,
2415 3585 2508 3638 καὶ
2537 3585 2596 3637 ἐν
2619 3586 2690 3655 γῇ
2719 3584 2818 3655 τῆς
2845 3583 3119 3655 γεωργίας
3142 3581 3410 3653 ὑπηρέται
3433 3580 3637 3649 γένων-

2049 3688 2170 3735 ται,
2209 3671 2327 3722 ἐκεῖ
2369 3669 2468 3738 μὲν
2503 3667 2691 3738 βέλους
2737 3666 2994 3738 ὀξύτερον
3037 3667 3108 3721 τά
3134 3665 3294 3720 πλοῖα
3334 3664 3637 3735 παραπέμ-

2051 3765 2278 3812 ποντες,
2322 3746 2466 3800 οὑτω
2499 3747 2588 3801 τὸν
2630 3747 2799 3801 πλοῦν
2843 3747 3046 3817 κοῦφον
3082 3747 3177 3800 καὶ
3216 3744 3432 3816 εὐμαρῆ
3462 3760 3640 3797 κατα-

2053 3832 2430 3897 σκευάζοντες,
2462 3830 2697 3886 ἐνταῦθα
2729 3831 2786 3885 δὲ
2823 3831 2961 3902 μετὰ
2994 3830 3088 3885 σοῦ
3118 3831 3219 3894 τάς
3251 3830 3463 3892 ἅλωνας
3500 3829 3638 3899 avg.-

2049 3915 2430 3988 καθαίροντες,
2466 3915 2560 3969 καὶ
2587 3914 2656 3970 τὰ
2697 3916 2877 3987 ἄχυρα
2905 3915 3001 3969 τοῦ
3030 3914 3246 3986 καρποῦ
3283 3912 3639 3986 διαχωρίξον-

2049 4019 2161 4068 τες,
2191 4003 2285 4056 καὶ
2324 4001 2422 4073 τὴν
2452 4003 2518 4056 ἐκ
2560 4001 2662 4072 τῆς
2703 4001 2968 4072 ἐργασίας
3001 4000 3376 4071 ταλαιπωρίαν
3412 4001 3640 4052 ἐπικου-

2053 4085 2324 4157 φίζοντες,
2347 4087 2434 4141 ἴνα
2465 4104 2545 4140 σοι
2568 4085 2661 4141 τὸν
2689 4085 2829 4157 ἀέρα
2851 4085 3053 4154 κοῦφον
3081 4085 3176 4139 καὶ
3203 4082 3448 4156 προσηνῆ
3467 4098 3641 4136 κατα-

2055 4171 2418 4237 σκευάσωσιν,
2460 4171 2548 4226 ἵνα
2581 4188 2641 4224 σε
2685 4171 2780 4224 καὶ
2809 4168 3075 4242 ἑτέρωθεν
3104 4169 3375 4241 τέρπωσι.
3407 4165 3501 4222 νῦν
3534 4166 3637 4235 μὲν

2053 4259 2228 4330 γλυκύ
2262 4259 2356 4313 καὶ
2384 4259 2655 4331 προσηνὲς
2688 4257 3022 4330 συρίζοντες,
3044 4256 3138 4311 νῦν
3158 4257 3214 4310 δὲ
3234 4256 3415 4327 ἠρέμα
3446 4255 3638 4324 φυτοῖς

2055 4341 2483 4413 προσϐάλλοντες
2517 4342 2613 4396 καὶ
2648 4341 2858 4396 πέταλα
2883 4341 3116 4412 δένδρων
3146 4339 3398 4404 σείοντες,
3432 4339 3517 4391 ἵνα
3552 4354 3641 4390 σοι

2049 4428 2140 4481 τὸν
2178 4427 2342 4481 ὐπνον
2374 4427 2468 4480 καὶ
2493 4427 2684 4498 θέρους
2719 4427 2814 4480 καὶ
2852 4426 3012 4497 ἐαρος
3039 4424 3158 4496 ὥρα
3190 4423 3325 4495 ήδίω
3356 4423 3448 4475 καὶ
3482 4421 3640 4492 μέλι-

2049 4528 2139 4574 τος
2170 4509 2504 4582 γλυκύτερον
2542 4510 2910 4582 ἐργάσωνται,
2943 4508 3032 4573 ἵν’,
3073 4509 3209 4580 ὅπερ
3251 4507 3344 4559 ἐπὶ
3381 4505 3489 4558 τῶν
3513 4504 3640 4557 δέν-

2048 4593 2190 4666 δρων
2221 4592 2457 4658 ποιοῦσι,
2492 4592 2651 4648 τοῦτο
2684 4593 2776 4648 καὶ
2824 4593 2917 4647 ἐπὶ
2967 4591 3078 4646 τῶν
3115 4589 3413 4643 θαλαττίων
3450 4585 3640 4640 νώτων

2049 4677 2440 4749 ἐργαζόμενοι,
2484 4676 2575 4731 ἐπί
2607 4695 2667 4732 τε
2721 4677 2832 4732 τῶν
2889 4675 3170 4747 ποταμίων
3214 4672 3502 4743 ναμάτων,
3543 4671 3642 4724 xal

2049 4763 2148 4833 τὴν
2183 4760 2506 4831 ἐπιφάνειαν
2537 4760 2717 4816 αὐτῶν
2744 4760 3187 4832 μετεωρίζοντες,
3215 4757 3414 4828 πολλήν
3445 4772 3526 4807 σοι
3549 4754 3642 4806 ἐν-

2051 4844 2242 4898 τεῦθεν
2267 4847 2549 4918 παρέχωσι
2576 4845 2676 4915 τὴν
2716 4844 2825 4898 ἀπὸ
2857 4844 2953 4914 τῆς
2999 4843 3128 4906 θέας
3158 4842 3372 4912 τέρψιν,
3404 4839 3497 4892 καὶ
3529 4837 3641 4918 πρὸ

2051 4925 2152 4996 τῆς
2181 4924 2426 4996 τέρψεως
2463 4925 2517 4977 δὲ
2553 4924 2757 4996 ταύτης
2783 4923 2877 4977 καί
2913 4923 3181 4992 ὠφέλειαν
3215 4919 3497 4992 μεγίστην.
3526 4917 3641 4970 Kal

2051 5010 2160 5080 γὰρ
2190 5009 2282 5062 καὶ
2310 5010 2422 5072 τοῖς
2457 5007 2642 5062 ὑδασιν
2679 5003 2825 5062 οῦτοι
2873 5007 2965 5061 καὶ
3000 5007 3174 5072 ἄλλως
3210 5007 3500 5077 χρήσιμοι,
3535 5003 3642 5058 οὑκ

2051 5094 2302 5162 ἀφιέντες
2341 5091 2605 5163 διηνεκῶς
2652 5091 2863 5144 ἑστῶτα
2891 5091 2959 5144 τὰ
2983 5089 3152 5144 ὕδατα
3181 5087 3597 5159 κατασήπεσθαι
3621 5127 3638 5151 ,

2052 5175 2189 5232 ἀλλά
2212 5175 2288 5248 τῷ
2317 5174 2554 5246 συνεχῶς
2583 5174 2721 5228 αὐτά
2751 5177 2920 5228 κινεῖν
2943 5175 3038 5228 καὶ
3066 5173 3444 5246 ἀναρριπίζειν
3467 5171 3640 5240 νεαρά
3697 5163 3700 5166 ’

2053 5259 2150 5312 καὶ
2186 5259 2504 5330 ἀκμάζοντα
2550 5257 2951 5325 καθιστῶντες,
2990 5258 3084 5311 καὶ
3113 5257 3248 5329 πρὸς
3281 5255 3485 5327 τροφὴν
3530 5255 3638 5308 τῶν

2053 5345 2111 5396 ἐν
2142 5343 2327 5405 αὐτοῖς
2359 5341 2672 5412 νηχομένων
2701 5340 2856 5406 ζώων
2901 5341 3328 5412 ἐπιτηδειότερα.
3363 5341 3428 5395 Εἰ
3455 5339 3511 5393 δέ
3543 5339 3641 5394 καὶ

2054 5426 2224 5496 αὐτὴν
2259 5425 2579 5495 βουληθείης
2635 5424 3098 5498 περιεργάζεσθαι
3133 5424 3233 5496 τὴν
3284 5423 3476 5485 νύκτα,
3517 5422 3639 5490 ὄψει

2056 5510 2150 5562 καὶ
2180 5507 2428 5561 ἐντεῦθεν
2457 5507 2661 5579 πολλὴν
2693 5508 2788 5561 τοῦ
2820 5508 3055 5580 Ποιητοῦ
3083 5507 3180 5579 τὴν
3215 5506 3492 5580 πρόνοιαν.
3527 5504 3641 5557 Καὶ

2058 5593 2166 5664 γάρ
2204 5590 2474 5646 ἀναπαύει
2511 5609 2593 5644 σοι
2614 5593 2676 5646 τὸ
2715 5591 2875 5663 σῶμα
2910 5592 3242 5663 πεπονηκὸς,
3271 5590 3367 5645 καὶ
3396 5589 3464 5644 τά
3500 5587 3636 5661 μέλη

2062 5695 2144 5731 σοι
2186 5675 2613 5746 κατατεινόμενα
2657 5679 2766 5740 τοῖς
2800 5676 3186 5748 μεθημερινοῖς
3234 5676 3416 5739 πόνοις
3453 5675 3638 5746 ἀνίησι

2062 5762 2155 5817 καὶ
2186 5759 2342 5834 χαλᾷ,
2368 5759 2651 5815 ἀλλοιοῦσα
2682 5761 2932 5834 καὶπρὸς
2961 5760 3145 5832 ἀκμὴν
3172 5759 3258 5815 διὰ
3286 5757 3386 5831 τῆς
3409 5758 3638 5830 ήσυχίας
