4030 6206
260 223 366 283 ωδ

260 348 404 394 tcum
434 334 703 408 quoddam
745 333 1000 391 mundum
1044 349 1107 390 ac
1155 335 1474 406 pellucidum
1502 351 1664 407 super
1690 344 1851 406 caput

261 437 508 485 nostrum
538 441 833 499 estpansum
861 436 960 494 est,
987 430 1425 500 nunc'tamquam
1454 428 1674 486 ﬂoribus
1692 428 1859 485 refer-

265 529 376 575 tmu
412 534 472 575 ac
503 518 829 590 variegatam
852 520 1092 576 cernitur
1121 529 1333 592 pratum
1364 563 1379 588 ,
1413 537 1672 592 suamque
1706 535 1858 577 coro-

266 629 392 669 nam
422 612 701 669 ostentat?
724 609 909 683 Neque
937 614 1078 668 enim
1109 630 1261 685 teque
1280 614 1573 685 jucundum
1588 623 1669 669 est
1696 614 1859 669 inter-

263 703 356 761 diu
386 713 595 776 pratum
620 719 864 771 cernere,
894 719 958 761 ac
977 704 1268 776 jucundum
1296 715 1379 762 est
1406 714 1461 762 et
1484 721 1648 763 suave
1667 705 1857 761 caelum

268 797 334 854 de
360 805 519 852 nocte
541 806 809 869 spectare,
842 796 1140 854 innumeris
1168 799 1439 855 stellarum
1462 800 1683 855 ﬂoribus
1708 800 1859 854 undi-

268 904 373 961 que
397 897 733 954 coronatum,
773 887 995 945 ﬂoribus
1025 893 1114 961 qui
1145 906 1436 962 numquam
1480 900 1854 958 marcescunt,

266 978 364 1034 διὰ
394 976 619 1035 illaesam
650 992 803 1034 suam
846 978 1291 1050 pulchritudinem
1327 996 1541 1050 semper
1566 989 1855 1037 ostentant.

266 1071 407 1138 Quid
439 1069 529 1129 illo
566 1086 753 1126 rursus
793 1066 1114 1142 jucundius,
1151 1087 1270 1128 cum
1323 1082 1480 1129 nocte
1522 1073 1635 1143 jam
1686 1073 1856 1144 pulsa,

270 1163 500 1219 necdum
548 1172 728 1220 tamen
765 1164 973 1219 oriente
1008 1164 1143 1232 sole,
1172 1164 1333 1220 veluti
1381 1178 1574 1219 croceo
1628 1163 1859 1234 quodam

270 1256 434 1324 peplo
455 1270 666 1310 aurora:
693 1254 999 1326 primordiis
1022 1266 1367 1326 purpuratum
1391 1256 1650 1310 ornatur?
1675 1255 1858 1323 Quod-

273 1361 395 1400 nam
422 1361 584 1415 porro
618 1346 982 1416 Spectaeulum
1012 1347 1287 1416 pulchrius
1334 1348 1541 1403 oriente
1577 1347 1678 1403 sub
1703 1363 1860 1403 auro-

274 1453 386 1493 ram
419 1439 557 1505 sole,
584 1453 706 1493 cum
749 1455 912 1510 parvo
941 1440 1198 1510 temporis
1238 1450 1511 1497 momento
1541 1450 1737 1497 terram
1779 1450 1861 1495 to-

276 1541 404 1597 tam,
433 1539 610 1586 totum
637 1546 808 1599 mare,
850 1541 1066 1586 montes
1098 1547 1307 1597 omnes,
1336 1533 1520 1598 saltus,
1563 1542 1616 1587 et
1667 1531 1856 1598 colles,

273 1624 463 1677 caelum
490 1624 799 1678 universum
829 1622 1101 1678 radiorum
1119 1624 1485 1693 sparsionibus
1511 1623 1775 1689 illustrat,
1806 1632 1862 1696 e_t

274 1723 438 1768 exuto
491 1729 826 1786 excussaque
872 1729 902 1769 a
954 1715 1133 1778 rebus,
1184 1730 1315 1786 quas
1369 1716 1537 1772 oculis
1568 1717 1857 1785 cernimus,

275 1811 472 1865 amictu
491 1811 680 1876 noctis,
699 1809 990 1868 nobis'ante
1012 1812 1146 1868 OCUlt
1168 1827 1198 1870 s
1216 1813 1392 1868 omnia
1416 1816 1551 1870 nuda
1573 1815 1817 1887 proponit
1837 1812 1862 1868 ἳ

275 1902 412 1969 Quis
441 1902 568 1956 satis
588 1902 817 1958 iniretur
838 1917 1027 1959 cursus
1052 1902 1168 1974 ejus
1192 1916 1398 1962 rectum
1426 1907 1691 1975 ordinem,
1721 1908 1861 1961 inter

279 2003 360 2049 tot
386 2010 642 2049 annorum
667 1995 927 2053 circuitus
964 1996 1299 2055 immutabile
1326 2015 1389 2055 ac
1412 2016 1668 2071 nusquam
1698 2000 1862 2055 inter-

277 2098 494 2157 ruptum
523 2089 897 2158 ministerium,
924 2106 1138 2162 semper
1161 2093 1446 2149 ﬂorentem
1476 2094 1592 2164 ejus
1624 2093 1858 2165 pulchri-

276 2180 534 2241 tudinem,
551 2180 911 2251 splendorem,
939 2181 1218 2253 fulgorem,
1251 2185 1556 2255 puritatem,
1580 2201 1716 2256 quae,
1738 2184 1863 2241 licet

273 2286 393 2323 eum
412 2279 490 2325 tot
505 2273 819 2341 corporibus
838 2274 1408 2345 miseeatur,nusquam
1428 2285 1602 2331 tamen
1622 2276 1863 2347 inquina-

276 2360 499 2418 ltu'7llis
526 2362 663 2421 adde
699 2365 976 2420 utilitatem
1017 2365 1330 2423 immensam
1378 2367 1431 2421 in
1477 2367 1785 2434 seminibus,
1807 2367 1860 2423 in

275 2454 548 2522 plautis,in
563 2455 837 2511 hominum
850 2456 1387 2528 corporibus,quadru
1396 2458 1492 2528 ped
1500 2458 1855 2529 um,piscium,

272 2545 435 2610 aviis,
466 2546 719 2616 lapidum,
750 2546 1029 2603 herbarum
1057 2550 1107 2602 in
1132 2554 1361 2616 terra,in
1383 2551 1534 2615 mari,
1563 2551 1618 2605 in
1640 2567 1783 2617 aere,
1810 2555 1861 2607 in

271 2636 526 2690 omnibus
551 2635 789 2703 demum,
820 2654 939 2708 qua:
979 2639 1148 2693 oculis
1190 2655 1525 2710 usurpamus.
1559 2642 1615 2697 Si
1645 2641 1861 2712 quidem

271 2727 454 2781 omnia
490 2727 608 2796 ejus
632 2742 734 2797 ope
761 2728 1014 2799 indigent,
1056 2740 1110 2785 et
1146 2730 1190 2784 si
1241 2745 1303 2785 ea
1346 2727 1609 2796 fruantur,
1639 2733 1862 2789 meliora

271 2818 571 2873 redduntur
596 2836 609 2871 :
638 2834 811 2889 neque
853 2819 1026 2875 solum
1050 2836 1295 2890 corpora,
1328 2837 1501 2892 neque
1526 2824 1739 2893 plantae,
1768 2822 1861 2878 sed

271 2923 435 2967 etiam
461 2927 635 2982 aqum,
667 2912 835 2980 lacus,
869 2911 1063 2979 fontes,
1096 2913 1336 2979 ﬂumina,
1369 2924 1423 2969 et
1461 2914 1603 2969 aeris
1632 2916 1739 2985 ipsa
1769 2931 1863 2970 na-

270 3025 411 3073 ιιιι-τι,
466 3019 586 3081 qua:
633 3004 896 3068 subtilior,
951 3006 1146 3075 purior,
1202 3020 1265 3060 ac
1315 3005 1625 3076 [ellncidior
1660 3006 1860 3063 evadit.

272 3102 423 3158 llanc
445 3104 694 3158 nimirum
723 3095 793 3158 ob
818 3112 1035 3157 causam
1066 3105 1121 3152 et
1143 3107 1331 3153 auctor
1357 3097 1713 3166 Psalmurum,
1740 3113 1860 3154 cum

268 3194 389 3264 ejus
436 3194 881 3264 pulchritudinem
941 3190 1103 3251 vellet
1169 3191 1511 3268 exprimere,
1574 3206 1862 3267 perennem

268 3285 615 3354 splendorem
642 3324 659 3351 ,
699 3284 925 3341 formam
965 3285 1243 3344 ﬂorentem
1280 3303 1345 3345 ac
1373 3289 1634 3356 vividam,
1673 3287 1862 3344 ﬂorem

270 3392 564 3447 numquam
581 3378 1205 3447 excidentem,ornatum,
1221 3381 1489 3448 decorem,
1509 3382 1860 3437 ministerium

270 3484 539 3540 nusquam
571 3474 947 3543 interruptum,
988 3473 1061 3527 ita
1084 3472 1295 3529 dicebat
1323 3492 1336 3528 :
1366 3473 1432 3528 In
1465 3475 1570 3528 sole
1590 3475 1756 3545 posuit
1781 3485 1861 3527 ta-

272 3561 604 3616 bernaculum
630 3579 779 3617 suum
802 3563 975 3625 (Psal.
1019 3564 1105 3619 18.
1134 3564 1213 3636 6),
1256 3564 1356 3620 hoc
1385 3573 1487 3627 est,
1520 3566 1574 3620 in
1602 3565 1731 3635 ipsis
1758 3581 1862 3620 ca:-

271 3653 336 3708 lis
361 3671 381 3707 :
410 3651 516 3708 hoc
538 3652 856 3720 subindieat,
889 3654 1016 3709 dum
1061 3654 1459 3710 tabernaculum
1490 3655 1581 3711 Dei
1608 3672 1694 3728 ap;
1712 3657 1857 3712 eilat.

274 3745 337 3798 Et
390 3745 501 3815 ipse
528 3755 783 3815 tamquam
821 3762 1037 3816 sponsus
1076 3747 1349 3817 procedens
1395 3747 1459 3801 de
1497 3747 1719 3803 thalamo
1747 3765 1858 3803 suo.

271 3834 413 3889 Tum
441 3844 502 3890 ut
528 3834 837 3891 facilitatem
877 3837 1157 3891 ministerii
1203 3837 1341 3907 ejus,
1370 3846 1425 3892 et
1450 3838 1738 3908 agilitatem
1766 3854 1863 3893 ex-

273 3928 555 3997 primeret,
583 3926 788 3982 addidit
818 3946 831 3982 :
877 3926 1165 3983 Exsultabit
1202 3939 1256 3983 ut
1293 3931 1435 4000 gigas
1468 3931 1536 3983 ad
1563 3931 1862 3984 currendum

271 4020 409 4072 viam
429 4034 595 4072 suam.
618 4018 842 4087 Deinde,
863 4020 1129 4090 quomodo
1156 4021 1286 4076 satis
1308 4022 1375 4075 sit
1394 4032 1445 4075 et
1469 4021 1697 4077 sufﬁciat
1718 4023 1863 4079 solus

274 4112 531 4167 universo
551 4119 813 4166 terrarum
837 4112 952 4168 orbi
983 4130 996 4166 :
1026 4113 1070 4167 A
1097 4130 1294 4167 suntme
1328 4114 1453 4168 cwlo
1478 4115 1696 4185 egressio
1728 4116 1859 4184 ejus,

271 4214 319 4257 et
368 4220 612 4257 occursus
640 4208 754 4275 ejus
790 4221 949 4274 usque
990 4205 1059 4259 ad
1098 4222 1347 4258 summum
1374 4206 1486 4261 σιειὶ
1511 4205 1669 4277 (Ibid.
1703 4224 1751 4261 υ.
1780 4209 1863 4277 7).

276 4297 470 4352 Postea
515 4312 675 4366 quam
717 4297 786 4352 sit
826 4298 1071 4353 omnibus
1110 4297 1254 4353 utilis
1282 4309 1337 4355 et
1374 4299 1722 4356 commodus:
1756 4300 1864 4356 Nec

273 4401 346 4443 est
372 4390 461 4460 qui
484 4404 539 4442 se
564 4389 880 4442 abscondam
900 4390 1067 4443 calore
1090 4391 1215 4459 ejus.
1239 4389 1384 4445 Licet
1404 4390 1617 4448 aliunde
1631 4406 1860 4463 quoque,

274 4482 383 4536 nisi
423 4481 559 4536 forte
583 4481 691 4550 jam
721 4479 961 4537 defessus
990 4497 1068 4547 es,
1101 4480 1483 4551 providentiam
1524 4483 1639 4551 ejus
1666 4483 1861 4538 intelli~

274 4588 406 4641 gere
433 4590 446 4625 :
470 4588 536 4628 ex
575 4571 825 4639 nubibus,
851 4587 915 4628 ex
943 4582 1167 4643 quatuor
1194 4572 1318 4627 anni
1349 4573 1770 4643 tempestatibus,
1798 4589 1862 4627 ex

277 4656 545 4729 solstitiis,
572 4680 636 4720 ex
664 4665 858 4730 ventis,
903 4680 969 4720 ex
1011 4665 1166 4732 mari,
1211 4679 1274 4720 ac
1313 4665 1537 4722 diversis
1579 4666 1864 4736 generibus

280 4754 528 4825 piscium,
574 4771 641 4810 ex
678 4765 840 4819 terra,
891 4766 947 4812 et
990 4756 1439 4827 quadrupedibus,
1480 4771 1544 4813 ac
1587 4757 1866 4828 rcptilibus

278 4847 641 4903 animantibus
667 4862 785 4917 qum
813 4847 864 4901 iu
894 4847 1005 4916 ipsa
1030 4856 1324 4912 versantur,
1352 4861 1417 4903 ex
1444 4848 1745 4905 volucribus
1772 4848 1864 4918 qui

280 4939 335 4992 in
364 4953 489 4994 aere
514 4939 757 5003 volitant,
786 4954 852 4993 ex
874 4940 1233 5006 terrestribus,
1264 4940 1328 4995 iis
1341 4956 1461 5011 quae
1481 4942 1764 5014 ancipitem
1788 4943 1866 4998 vi-

281 5040 391 5084 tam
419 5030 617 5087 habent
644 5032 697 5087 in
728 5031 966 5096 lacubus,
995 5033 1047 5087 in
1084 5032 1315 5090 fontibus
1353 5044 1407 5090 et
1445 5033 1769 5101 ﬂuminibus,
1798 5051 1868 5091 ex

283 5120 559 5179 habitabili
590 5130 755 5189 terra,
781 5138 849 5178 ex
871 5124 1197 5179 iuhabitabili
1223 5136 1277 5178 ct
1316 5126 1533 5187 inculta,
1557 5142 1622 5181 ex
1651 5127 1868 5182 semini-

286 5214 389 5267 bus
414 5230 531 5284 qua:
560 5225 844 5269 nascuntur
867 5230 931 5271 ex
954 5232 1038 5285 ea,
1065 5233 1130 5273 ex
1157 5217 1453 5284 arboribus,
1485 5218 1684 5287 herbis,
1715 5219 1867 5291 plau-

285 5305 377 5367 tis,
407 5320 526 5374 quas
554 5307 606 5360 in
643 5307 871 5363 desertis
903 5319 959 5363 et
1003 5324 1108 5363 non
1135 5308 1362 5363 desertis
1405 5309 1535 5364 locis
1584 5310 1865 5381 pullulant,

283 5407 410 5465 qua:
436 5396 487 5450 in
514 5397 717 5468 campis
754 5399 1074 5468 geminant,
1117 5398 1169 5453 in
1213 5399 1456 5465 vallibus,
1494 5402 1547 5457 in
1578 5402 1865 5467 montibus,

287 5486 346 5540 in
377 5488 619 5554 collibus,
650 5504 717 5545 ex
758 5490 825 5546 iis
850 5506 969 5561 qua:
996 5501 1186 5562 sponte
1230 5501 1537 5557 nascuntur,
1569 5507 1638 5548 ex
1667 5493 1732 5548 iis
1750 5508 1867 5563 quze

290 5590 416 5630 eum
440 5578 772 5649 agricultura:
798 5580 1000 5646 labore,
1029 5598 1095 5636 ex
1132 5582 1397 5639 cicuribus
1424 5572 1764 5649 animalibus,
1803 5598 1870 5640 ex

295 5664 446 5737 (uris,
469 5680 523 5729 et
554 5686 619 5729 ex
664 5670 1031 5742 sylvestribus,
1063 5676 1368 5747 mansuetis,
1410 5673 1607 5749 parvis,
1637 5676 1861 5746 magnis,

1078 221 1168 277 AD
1209 221 1335 279 EOS
1372 221 1485 291 QUI
1525 218 2017 299 SCANDALIZ.\'I_'I
2052 217 2246 277 SUNT.
2291 220 2418 276 UB.
2461 220 2662 278 UNUS.

3454 226 3555 283 ξονι

1967 347 2032 389 ex
2061 332 2125 388 iis
2152 334 2340 390 avibus
2363 350 2483 405 qua:
2512 336 2736 390 hiberno
2762 342 3020 405 tempore,
3045 350 3165 407 qua:
3194 334 3407 405 restire,
3430 352 3551 406 quae

1959 426 2249 481 autumnali
2277 436 2553 497 apparent,
2582 435 2636 481 et
2680 426 3148 497 quadrupedibus,
3197 437 3250 481 et
3298 427 3548 497 piscibus,

1959 526 2014 572 et
2038 518 2231 588 plantis
2251 529 2304 574 et
2330 518 2532 585 herbis,
2563 534 2627 574 ex
2669 520 2734 574 iis
2758 535 2878 591 quae
2907 521 2958 573 in
2989 528 3144 574 nocte
3172 518 3325 585 fiunt,
3354 535 3473 592 qua:
3499 520 3552 574 in

1961 608 2066 675 die,
2100 625 2165 665 ex
2206 610 2417 680 pluviis,
2444 620 2499 666 et
2540 625 2803 666 annorum
2849 626 3119 677 mensura,
3150 625 3219 666 ex
3263 622 3453 677 morte,
3486 624 3553 667 es

1960 704 2090 769 vita,
2118 720 2183 759 ex
2209 704 2392 759 labore
2420 705 2505 759 cui
2543 720 2726 760 sumus
2755 703 2969 768 addicti,
3001 719 3067 758 ex
3099 704 3332 768 tristitia,
3365 719 3429 758 ex
3460 717 3552 756 vo-

1963 795 2185 867 luptate,
2209 813 2275 851 ex
2299 797 2431 853 cibis
2453 807 2509 853 et
2529 797 2741 868 potibus
2766 798 2854 868 qui
2899 797 3049 854 nobis
3069 796 3177 852 dati
3206 807 3349 861 sunt,
3380 813 3445 852 ex
3474 798 3557 851 iu-

1963 890 2185 957 stitutis,
2218 905 2283 944 ex
2311 890 2533 957 artibus,
2562 905 2628 945 ex
2657 890 2834 959 lignis,
2861 905 2928 946 ex
2950 887 3231 960 lapidibus,
3258 903 3326 945 ex
3353 889 3551 943 monti-

1962 980 2062 1036 bus
2105 981 2420 1046 metallicis,
2465 996 2533 1036 ex
2572 985 2704 1036 mari
2745 980 2886 1052 quod
2925 980 3157 1051 navigari
3196 981 3349 1045 solet,
3379 996 3451 1035 es
3486 995 3553 1035 eo

1963 1073 2103 1143 quod
2147 1089 2253 1127 non
2285 1082 2366 1129 est
2405 1073 2721 1145 navigabile,
2755 1090 2823 1129 ex
2851 1073 3060 1142 insulis,
3089 1089 3155 1129 ex
3179 1072 3459 1145 portubus,
3485 1088 3555 1127 ex

1964 1167 2227 1233 litoribus,
2260 1183 2322 1221 ex
2348 1167 2628 1237 superficie
2654 1166 2848 1237 pelagi,
2876 1182 2943 1221 ex
2977 1181 3233 1238 aquarum
3265 1163 3549 1236 profundo,

1964 1271 2034 1312 ex
2060 1257 2444 1315 elementorum
2492 1265 2701 1326 natura,
2743 1272 2810 1312 ex
2857 1256 3051 1328 quibus
3088 1254 3245 1311 nobis
3293 1253 3554 1312 conﬂatus

1965 1357 2046 1404 est
2076 1346 2324 1414 mundus,
2363 1364 2430 1403 ex
2473 1358 2770 1419 temporum
2810 1347 3179 1418 dispositione,
3220 1362 3285 1403 ex
3328 1344 3561 1401 diversis

1963 1439 2070 1495 diei
2113 1438 2388 1511 noctisque
2441 1440 2725 1504 mensuris,
2769 1453 2840 1495 ex
2884 1439 3076 1494 morbo
3104 1446 3160 1494 et
3207 1438 3451 1503 sanitate,
3488 1450 3553 1491 ex

1963 1531 2221 1587 membris
2249 1532 2463 1596 nostris,
2492 1546 2556 1586 ex
2587 1529 2970 1585 constitutione
2999 1530 3213 1595 animae,
3237 1543 3302 1584 ex
3332 1526 3550 1594 artibus,

1964 1638 2028 1676 ex
2055 1622 2313 1691 sapientia
2340 1637 2495 1691 quam
2530 1622 2666 1675 Deus
2712 1623 2763 1675 in
2808 1622 2914 1676 illis
2952 1620 3135 1692 generi
3176 1618 3409 1673 humano
3442 1616 3553 1671 lar-

1964 1717 2103 1786 gitus
2133 1725 2234 1781 est,
2266 1730 2332 1769 ex
2373 1714 2596 1769 utilitate
2644 1714 2942 1779 brutorum,
2984 1712 3306 1783 plantarum,
3336 1718 3554 1766 caetera-

1965 1824 2188 1879 rumque
2215 1817 2579 1864 creaturarum
2609 1823 2729 1878 qua:
2759 1805 2914 1860 nobis
2957 1804 3272 1866 inserviunt,
3305 1818 3367 1858 ex
3397 1800 3553 1856 mini-

1964 1904 2067 1959 mis
2092 1911 2145 1957 et
2167 1901 2441 1956 vilissimis
2484 1899 2821 1953 animalibus.
2861 1895 2997 1965 Quid
3025 1896 3166 1952 enim
3195 1894 3435 1960 brevius,
3464 1901 3556 1947 aut

1964 1995 2260 2052 deformius
2279 1994 2417 2063 ape?
2446 1992 2571 2063 quid
2603 2006 2765 2061 porro
2793 1988 3029 2045 formicis
3052 1996 3109 2043 ct
3132 1986 3329 2043 cicadis
3354 1985 3554 2040 vilius?

1967 2088 2346 2145 Verumtamen
2369 2086 2484 2140 lucc
2500 2098 2711 2156 quoque
2731 2082 2929 2139 claram
2949 2095 3133 2136 vocem
3154 2079 3423 2144 emittunt,
3451 2092 3554 2148 qua

1967 2180 2062 2237 Dei
2088 2178 2495 2252 providentiam,
2519 2176 2790 2242 virtutem,
2814 2172 3240 2244 sapientiamque
3263 2178 3552 2225 testentur.

1965 2273 2132 2340 Quam
2164 2271 2234 2326 ob
2258 2284 2472 2325 causam
2517 2269 2678 2324 etiam
2717 2264 3001 2338 propheta,
3044 2263 3135 2335 qui
3176 2269 3325 2317 tanto
3356 2258 3561 2332 Spiritu

1965 2365 2191 2421 donatus
2220 2372 2335 2419 erat
2363 2404 2377 2425 ,
2421 2368 2678 2417 creaturae
2706 2373 2903 2430 corpus
2942 2368 3263 2428 percurrens
3289 2395 3305 2421 ,
3342 2359 3397 2408 et
3433 2366 3556 2407 cum

1965 2470 2132 2527 pauca
2162 2454 2403 2525 quaedam
2446 2451 2728 2522 attigisset,
2755 2464 2949 2521 magno
2971 2463 3091 2504 cum
3135 2454 3351 2517 stupore
3379 2443 3558 2500 excla-

1966 2546 2148 2612 mavit,
2174 2554 2228 2601 et
2250 2542 2549 2600 mirabilem
2575 2541 2719 2598 illam
2742 2554 2927 2598 vocem
2953 2538 3130 2594 misit:
3159 2537 3323 2603 Quam
3346 2533 3549 2604 magni-

1967 2640 2119 2708 ﬁcata
2139 2645 2255 2691 sunt
2279 2651 2432 2707 opera
2474 2643 2586 2702 tua,
2624 2630 2890 2688 Domine!
2916 2629 3089 2685 omnia
3128 2628 3183 2682 in
3212 2625 3459 2697 sapientia
3482 2625 3557 2695 {e-

1968 2732 2079 2788 ciin
2132 2729 2305 2802 (Psal.
2336 2728 2459 2794 105,
2487 2726 2607 2795 24).
2933 2791 2935 2794 ι

2039 2798 2315 2894 Speiﬁatim
2336 2822 2398 2875 de
2426 2828 2683 2874 ventorum
2712 2825 2758 2873 et
2782 2815 2942 2873 noctis
2965 2812 3183 2869 utilitate
3208 2811 3449 2883 loquitur.
3482 2798 3553 2850 ἓ-

1968 2915 2143 2986 Atque
2169 2913 2284 2968 hmc
2323 2912 2499 2966 omnia
2524 2918 2743 2982 propter
2769 2919 2842 2976 le,
2878 2924 2913 2964 ο
2950 2906 3136 2963 homo.
3177 2902 3312 2961 Nam
3336 2913 3391 2959 et
3412 2902 3555 2957 venti

1967 3014 2185 3079 prepter
2210 3013 2262 3061 te
2299 3005 2507 3076 (rursus
2547 3003 2689 3059 enim
2734 3002 2799 3058 ad
2844 2999 3162 3072 principium
3200 3011 3357 3053 suum
3385 2994 3555 3051 oratio

1968 3096 2323 3169 revolvetur),
2366 3107 2424 3152 ut
2459 3094 2668 3152 defessa
2711 3108 2937 3164 corpora
2967 3092 3093 3147 ﬂatu
3135 3086 3470 3154 diventilent,
3500 3093 3555 3141 ut

1966 3204 2267 3251 contractas
2300 3210 2366 3249 ex
2409 3192 2522 3247 luto
2559 3189 2777 3256 sordes,
2827 3197 2882 3245 et
2922 3186 3221 3243 molestiam
3265 3192 3436 3238 ortam
3488 3196 3556 3236 ex

1968 3286 2096 3341 fumi
2124 3294 2178 3341 et
2206 3286 2534 3340 caminorum
2569 3282 2900 3350 aliarumque
2926 3293 3105 3334 rerum
3130 3272 3554 3332 exhalatiouibus

1965 3379 2295 3450 ahstergant,
2341 3385 2399 3432 ut
2447 3374 2681 3432 calorem
2731 3372 2859 3429 solis
2904 3371 3166 3442 mitigent,
3202 3377 3257 3422 ut
3296 3365 3553 3423 leviorem

1966 3486 2156 3533 :estum
2208 3467 2450 3534 reddant,
2492 3474 2552 3523 ut
2593 3464 2795 3521 semina
2839 3463 3095 3529 nutriant,
3128 3471 3186 3515 ut
3223 3458 3431 3530 plantas
3454 3471 3553 3511 au-

1965 3576 2143 3641 geant,
2174 3576 2230 3623 ιιι
2256 3575 2307 3622 te
2337 3560 2390 3622 in
2418 3558 2551 3618 mari
2570 3556 2910 3621 comitentur,
2938 3563 2993 3610 et
3019 3554 3235 3608 interra
3260 3550 3387 3604 ﬂant
3411 3546 3552 3641 agri-

1966 3636 2187 3716 culturae
2228 3656 2548 3725 administri,
2600 3648 2727 3707 dum
2764 3646 2885 3721 ‘illic
2921 3643 3134 3715 quidem
3168 3655 3330 3696 naves
3365 3636 3554 3709 sagitta

1966 3751 2204 3807 velocius
2244 3750 2540 3821 impellunt,
2570 3746 2705 3803 adeo
2741 3737 2949 3801 facilem
2968 3747 3308 3815 pronamque
3337 3730 3553 3805 naviga-

1973 3842 2173 3897 tionem
2198 3840 2449 3904 reddunt,
2478 3838 2565 3893 hic
2590 3852 2718 3893 vero
2756 3846 2932 3892 tecum
2970 3847 3123 3888 areas
3158 3834 3471 3899 expurgant,
3498 3831 3554 3881 et

1967 3934 2150 4005 paleas
2175 3948 2204 3987 a
2227 3932 2395 3987 fructu
2418 3938 2684 4000 separant,
2711 3942 2774 3983 ac
2795 3925 3067 3984 molestias
3101 3936 3319 3994 operum
3348 3920 3553 3986 levant,

1967 4033 2028 4080 ut
2050 4012 2224 4081 levem
2262 4023 2353 4078 tibi
2386 4022 2666 4092 leuemque
2690 4033 2868 4075 aerem
2898 4014 3143 4084 reddant,
3170 4022 3229 4070 ut
3254 4022 3309 4070 et
3336 4009 3551 4067 aliunde

1968 4123 2023 4170 te
2056 4113 2346 4180 oblectent,
2384 4111 2511 4168 dum
2556 4124 2700 4166 nunc
2735 4107 2951 4180 quidem
2995 4107 3227 4161 suaviter
3260 4118 3323 4160 ac
3359 4101 3555 4158 leniter

1968 4205 2201 4271 sibilant,
2231 4219 2373 4260 nunc
2412 4210 2589 4259 autem
2620 4205 2817 4257 sensim
2845 4200 2897 4254 iu
2939 4198 3147 4270 plantas
3171 4210 3230 4251 se
3260 4194 3551 4255 insinuant,

1968 4306 2023 4355 et
2049 4297 2297 4353 arborum
2321 4294 2537 4351 frondes
2555 4294 2776 4366 agitant,
2802 4299 2860 4346 ut
2885 4304 3127 4346 somnum
3159 4286 3249 4342 tibi
3269 4285 3368 4342 sub
3397 4292 3552 4338 insta-

1972 4390 2039 4444 tis
2066 4403 2130 4443 ac
2156 4387 2297 4444 veris
2322 4396 2530 4456 tempus
2550 4381 2941 4455 jucundiorem,
2971 4379 3368 4446 dulcioremque
3394 4372 3553 4428 melle

1971 4481 2217 4546 reddant,
2248 4488 2307 4536 ut
2330 4478 2473 4550 quod
2515 4478 2568 4532 in
2610 4475 2886 4532 arboribus
2926 4472 3145 4539 faciunt,
3183 4467 3286 4523 hoc
3314 4466 3368 4522 in
3394 4464 3555 4519 dorso

1973 4574 2133 4629 maris
2155 4572 2411 4640 efﬁciant,
2456 4579 2511 4625 et
2550 4571 2601 4624 in
2643 4567 2919 4623 ﬂuminum
2961 4562 3130 4634 aquis,
3168 4559 3295 4616 dum
3343 4557 3554 4613 illarum

1969 4666 2303 4738 superﬁciem
2334 4666 2386 4720 in
2425 4662 2650 4720 sublime
2680 4660 2892 4725 tollunt,
2928 4666 2983 4712 et
3024 4654 3245 4711 multam
3273 4649 3395 4706 inde
3419 4664 3557 4721 prae-

1971 4760 2099 4815 bent
2124 4759 2214 4813 illo
2257 4754 2562 4828 spectaculo
2598 4751 2943 4819 voluptatem,
2987 4756 3043 4804 et
3070 4755 3196 4801 ante
3228 4743 3554 4814 voluptatem

1971 4850 2116 4905 illam
2147 4849 2432 4904 maximam
2470 4845 2629 4901 etiam
2670 4841 2972 4897 utilitatem.
3012 4836 3147 4893 Nam
3183 4843 3239 4891 et
3270 4833 3423 4905 aquis
3455 4831 3556 4904 ipsi

1972 4940 2169 5010 alioqui
2207 4947 2334 4995 sunt
2364 4936 2557 5004 utiles,
2608 4932 2735 4989 dum
2783 4938 3041 5003 perpetuo
3094 4934 3399 4998 stagnantes
3441 4923 3557 4978 illas

1972 5030 2239 5101 corrumpi
2269 5044 2377 5083 non
2405 5028 2613 5091 sinunt,
2660 5024 2755 5080 sed
2785 5022 2909 5079 dum
2950 5020 3066 5076 illas
3105 5018 3412 5088 frequenter
3439 5029 3558 5069 mo-

1974 5133 2117 5187 veut,
2150 5137 2212 5176 ac
2242 5120 2518 5186 ventilant,
2544 5124 2787 5173 recentes
2813 5130 2877 5171 ac
2900 5112 3105 5168 vividas
3133 5108 3385 5175 reddunt,
3412 5116 3466 5163 et
3492 5107 3557 5161 ad

1974 5214 2164 5272 alenda
2189 5213 2439 5270 animalia
2476 5227 2594 5283 qua:
2620 5209 2672 5265 in
2707 5209 2784 5265 eis
2813 5215 3018 5274 natant,
3058 5204 3312 5278 aptiores.
3335 5199 3486 5271 Quod
3516 5201 3559 5256 si

1974 5315 2186 5361 noctem
2230 5306 2396 5375 ipsam
2438 5299 2670 5356 volueris
2718 5299 3039 5364 observare,
3085 5310 3191 5349 non
3237 5292 3559 5348 mediocrem

1975 5397 2240 5452 Creatoris
2270 5391 2653 5465 providentiam
2682 5389 2805 5445 inde
2828 5401 3139 5456 cognosces.
3170 5382 3443 5456 Siquidem
3464 5380 3560 5436 de-
3598 5462 3605 5469 Ι

1976 5487 2478 5557 fatigatum-corpus
2523 5492 2687 5538 tuum-
2719 5488 2946 5547 recreat,
2993 5487 3051 5535 et
3091 5477 3328 5534 membra
3356 5472 3561 5529 diurnis

1977 5579 2250 5636 laboribus
2284 5577 2513 5635 distenta
2552 5576 2772 5633 remittit
2807 5582 2861 5630 et
2886 5573 3110 5637 relaxat,
3137 5570 3441 5635 alternaque
3474 5563 3559 5616 vi-

1980 5672 2292 5731 cissitudine
2318 5670 2537 5741 refecta,
2574 5684 2669 5742 per
2696 5669 2927 5743 quietem
2964 5679 3149 5725 rursus
3177 5661 3241 5720 ad
3278 5654 3559 5731 pristinum
