4030 6206
453 331 556 387 495

452 449 686 518 vigorem
713 446 947 514 reducit;
971 461 1141 517 neque
1157 460 1282 500 vero
1308 444 1358 498 id
1383 453 1610 510 tantum,
1639 443 1732 497 sed
1757 454 1809 498 et
1834 443 2039 499 diurnis

455 551 506 596 te
537 540 798 596 molestiis
851 540 1018 606 levat,
1071 548 1125 594 et
1172 536 1558 606 intempestivis
1606 537 1794 591 liberat
1843 538 2034 602 curis;

455 649 597 702 saepe
623 633 782 687 etiam
806 631 1080 702 aegrotanti
1107 627 1306 684 febrem
1333 628 1642 699 exstinguit,
1671 629 1796 684 dum
1820 638 2036 683 contra-

455 725 590 779 rium
623 724 795 778 somni
821 722 1113 778 remedium
1155 721 1393 788 adhibet,
1432 731 1486 777 et
1515 721 1836 776 medicorum
1867 731 2036 776 artem

454 826 766 869 u-stuantem
795 830 858 870 ac
880 814 1222 870 ﬂuctuantem
1248 813 1314 869 ad
1339 814 1676 884 tranquillum
1707 824 1914 884 portum
1941 814 2038 869 dc-

454 907 618 972 ducit,
647 916 700 961 et
719 923 749 962 a
771 907 952 962 multis
979 907 1248 963 laboribus
1270 907 1444 962 reddit
1464 907 1773 962 inmmnem.
1798 909 1875 962 At:
1897 917 2039 962 tanta

455 1015 585 1053 sane
613 999 750 1054 illius
778 1009 861 1056 est
890 999 1107 1066 utilitas,
1153 1009 1298 1054 tanta
1327 999 1695 1066 commoditas,
1729 1009 1785 1054 ut
1831 1009 1886 1055 et
1925 1001 2040 1056 dies

456 1106 599 1160 smpe
627 1091 766 1145 male
809 1101 990 1160 pereat
1033 1091 1118 1157 iis,
1147 1092 1343 1161 quibus
1390 1099 1633 1162 negatum
1683 1090 1842 1146 fuerit
1872 1093 1921 1145 in
1955 1093 2040 1148 illa

457 1183 891 1253 interquiescere.
924 1183 978 1238 Si
1000 1183 1143 1238 enim
1165 1183 1284 1254 quis
1303 1192 1566 1253 supponat
1590 1184 1821 1254 quietem
1850 1186 2038 1251 noctis,

459 1277 846 1342 remissionem,
875 1291 939 1332 ac
966 1277 1368 1333 ’relaxationem
1400 1278 1543 1344 tolli,
1594 1279 1746 1348 cujus
1784 1280 2042 1334 beneﬁcio

457 1375 647 1421 cuncta
677 1377 1004 1436 recreantur,
1030 1377 1085 1424 et
1110 1369 1284 1423 anima
1310 1367 1539 1432 defessa,
1562 1379 1615 1425 et
1635 1385 1830 1439 corpus
1855 1370 2044 1425 defati-

459 1470 660 1525 gatum,
698 1459 922 1514 excitata
950 1468 1004 1514 et
1030 1459 1193 1514 alacri
1232 1469 1412 1516 mente
1437 1460 1658 1516 diurnos
1699 1461 1908 1517 labores
1949 1477 2042 1531 ag-

459 1549 714 1618 greditur,
735 1551 920 1607 inutile
941 1552 1204 1608 redditum
1227 1551 1329 1609 hoc
1347 1553 1540 1608 animal
1560 1554 1868 1609 intuebitur.
1892 1555 2045 1622 Quod

463 1644 506 1695 si
537 1645 656 1713 quis
681 1644 964 1715 vigilando,
991 1653 1043 1700 et
1069 1645 1362 1714 Operando,
1392 1646 1477 1701 vel
1514 1646 1672 1701 etiam
1701 1647 1917 1708 otiando
1945 1663 2043 1701 no-

461 1746 577 1790 ctes
597 1736 783 1792 diebus
805 1736 987 1804 addat,
1018 1745 1072 1793 et
1097 1739 1198 1793 hoc
1231 1738 1428 1793 diutius
1451 1751 1593 1809 agat,
1628 1739 1908 1795 confestim
1933 1755 2048 1795 mo-

463 1826 649 1889 rietur,
677 1834 768 1880 aut
804 1826 849 1880 si
890 1826 941 1881 id
968 1843 1074 1882 non
1114 1827 1341 1892 accidat,
1376 1828 1529 1898 plane
1571 1829 1730 1900 longo
1771 1839 2048 1900 correptus

463 1916 649 1970 morbo
671 1916 802 1974 nihil
827 1933 892 1972 ex
928 1917 1134 1974 diurnis
1175 1919 1286 1973 suis
1311 1919 1578 1974 laboribus
1607 1921 1848 1977 utilitatis
1876 1923 2050 1992 perci-

466 2007 593 2072 piet,
621 2022 741 2062 cum
769 2007 909 2064 vires
959 2007 1075 2078 ejus
1111 2009 1323 2079 penitus
1367 2010 1560 2066 attrita:
1601 2012 1816 2080 fuerint,
1860 2023 1913 2069 et
1953 2030 2046 2070 cx-

470 2099 692 2154 haustte.

539 2192 612 2246 De
625 2193 837 2262 piscium
861 2204 908 2247 et
924 2198 1146 2264 ferarum
1171 2195 1321 2248 uariis
1347 2195 1610 2266 generibus
1632 2197 1982 2268 agit.—Qnod
2004 2199 2047 2252 si

467 2284 724 2352 placuerit
742 2285 1044 2338 innumeras
1063 2285 1285 2354 piscium
1308 2295 1511 2341 turmas
1531 2288 1770 2342 oratione
1790 2290 2048 2358 explicata

469 2389 800 2442 percurrere,
829 2375 916 2444 qui
947 2375 1144 2446 degunt
1171 2378 1224 2431 in
1267 2379 1487 2448 stagnis,
1517 2379 1567 2432 in
1597 2377 1849 2442 fontibus,
1879 2383 1967 2451 qui
1998 2383 2048 2436 in

469 2467 597 2520 mari
626 2467 930 2538 navigabili,
961 2469 1048 2539 qui
1083 2470 1133 2524 in
1165 2486 1230 2525 eo
1256 2471 1395 2540 quod
1423 2473 1644 2527 navibus
1670 2490 1774 2528 non
1803 2476 2050 2546 frequen-

468 2567 630 2623 tatur,
659 2557 742 2612 vel
773 2558 817 2612 si
844 2558 1118 2613 volucrum
1164 2560 1420 2616 immensa
1454 2571 1756 2631 spectemus
1784 2565 2047 2630 examina,

465 2664 583 2716 qua:
607 2648 656 2702 in
683 2663 826 2715 aere,
850 2666 967 2721 quae
988 2651 1039 2704 in
1067 2658 1228 2719 terra,
1252 2668 1369 2723 quae
1399 2653 1452 2708 in
1482 2654 1632 2724 aquis
1657 2655 1838 2722 simul,
1863 2668 1915 2712 et
1939 2667 2050 2713 ter-

469 2757 524 2793 ra
556 2729 699 2812 (n'am
727 2741 968 2812 qumdam
1005 2759 1071 2798 ex
1114 2744 1219 2799 illis
1265 2744 1547 2815 ancipitem
1589 2747 1748 2801 vitam
1789 2747 2049 2820 habent),

467 2848 586 2901 qua:
614 2833 888 2889 silvestres
913 2843 1056 2900 sunt,
1083 2835 1203 2890 alia:
1241 2836 1618 2904 mansueﬁunt,
1648 2839 1766 2896 alite
1797 2850 2054 2912 perpetuo

468 2925 739 2980 silvestres
770 2937 1103 2995 permanent,
1129 2928 1250 2985 alia:
1271 2929 1384 2984 esui
1412 2940 1570 2998 aptae,
1609 2931 1727 2986 aliae
1754 2947 1860 2988 non
1890 2943 2050 3004 aptae,

383 3089 386 3100 Ι
466 3027 523 3071 et
563 3017 888 3087 singularum
936 3028 1241 3075 scrutemur
1280 3020 1747 3091 pulchritudinem,
1794 3023 1927 3092 alas,
1955 3041 2053 3081 vo-

470 3126 585 3164 cem
622 3125 907 3170 canoram:
953 3113 1045 3166 sed
1076 3113 1221 3188 etsi
1265 3127 1449 3168 earum
1480 3122 1682 3168 tantum
1727 3114 2054 3173 diﬁ‘erentias

469 3201 831 3270 exquiramus,
863 3202 975 3257 sive
1004 3202 1056 3256 in
1087 3211 1268 3268 cantu,
1309 3204 1422 3258 sive
1468 3204 1523 3262 in
1554 3205 1717 3270 victu,
1750 3215 1805 3260 ct
1843 3205 2052 3262 habita-

473 3292 690 3357 tionem,
723 3307 920 3358 mores,
961 3308 1107 3357 usus,
1139 3301 1194 3348 et
1221 3293 1536 3362 ministeria,
1565 3296 1757 3365 quibus
1785 3297 1939 3353 nobis
1968 3299 2051 3353 in-

435 3383 733 3464 lscrviunt,
783 3383 962 3437 omnia
1004 3398 1406 3454 persequamur,
1452 3394 1508 3440 et
1547 3387 1959 3457 magnitudines,
2000 3397 2054 3445 et

470 3473 832 3544 exiguitatem,
860 3482 915 3529 et
939 3485 1138 3545 partus,
1169 3484 1224 3530 et
1251 3476 1640 3545 educationem,
1674 3488 1728 3534 et
1751 3480 1969 3551 multam
1998 3482 2053 3537 in

470 3565 552 3618 bis
582 3565 1000 3636 immensamque
1031 3568 1360 3635 varietatem,
1389 3577 1444 3624 et
1486 3568 1588 3624 hoc
1621 3571 1790 3639 ipsum
1813 3573 1971 3627 etiam
1999 3573 2051 3628 in

472 3653 703 3723 piscibus
753 3671 972 3726 agamus
995 3697 1012 3724 ,
1058 3666 1216 3728 atque
1247 3658 1372 3714 inde
1409 3660 1704 3715 orationem
1739 3662 1805 3716 ad
1835 3661 2049 3732 herbas,

468 3763 586 3816 qua:
616 3747 810 3817 ubique
840 3757 1100 3804 terrarum
1137 3759 1448 3813 nascuntur,
1479 3749 1837 3818 traducamus,
1868 3761 1923 3808 et
1951 3753 2051 3808 ho-

468 3854 585 3892 rum
633 3839 888 3910 cujusque
935 3837 1162 3895 fructum
1207 3850 1527 3911 spectemus,
1577 3851 1630 3896 et
1659 3842 1959 3911 utilitatem,
1999 3854 2054 3900 et

469 3946 682 3985 suavem
711 3932 952 3999 odorem,
977 3942 1031 3989 et
1057 3934 1312 4002 speciem,
1338 3942 1392 3988 et
1419 3917 1601 4001 situm,
1630 3943 1684 3991 et
1709 3934 1853 4002 folia,
1883 3945 1936 3992 et
1961 3952 2054 3992 co-

471 4023 658 4088 torem,
688 4031 742 4076 et
771 4023 1012 4093 ﬁguram,
1040 4032 1096 4079 et
1121 4024 1558 4095 magnitudinem,
1601 4035 1655 4082 et
1683 4027 2046 4097 exiguitatem,

468 4122 523 4165 et
567 4113 1020 4176 commoditatem,
1060 4124 1115 4168 et
1149 4115 1403 4184 operandi
1433 4117 1620 4172 modos
1643 4158 1657 4182 ,
1689 4127 1742 4172 et
1769 4120 2046 4186 corticum,

470 4215 798 4263 trnncorum.
827 4218 1203 4275 ramorumque
1229 4207 1556 4272 discrimina,
1587 4217 1642 4263 et
1677 4219 1848 4279 prata,
1879 4221 1933 4266 et
1968 4211 2050 4265 vi-

467 4293 682 4356 ridario,
712 4292 905 4349 deinde
937 4293 1004 4349 ad
1043 4293 1252 4350 diversa
1299 4307 1632 4352 transeamus
1671 4311 1928 4364 aromata,
1956 4317 2049 4356 va-

467 4386 651 4455 riaque
693 4384 904 4439 illorum
944 4385 1058 4440 loca
1094 4395 1522 4456 perscrutemur,
1562 4395 1616 4442 et
1655 4390 1845 4458 quibus
1878 4393 2052 4448 modis

465 4477 891 4541 adinveniantur,
922 4485 977 4531 et
1000 4486 1273 4544 curentur,
1305 4485 1358 4532 et
1395 4479 1657 4546 colantur,
1686 4490 1740 4534 et
1767 4497 1925 4551 quam
1956 4499 2054 4538 no-

465 4571 548 4626 bis
567 4572 684 4626 usui
709 4570 816 4625 sint
839 4569 906 4624 ad
932 4568 1282 4636 medendum;
1306 4580 1499 4640 prmter
1522 4570 1638 4626 haec
1654 4582 1829 4628 autem
1845 4589 2046 4644 rursus,

463 4663 509 4714 si
539 4661 605 4715 ad
659 4668 869 4715 montes
918 4675 1131 4731 quoque
1182 4660 1419 4716 metallis
1447 4661 1778 4718 abundantes
1825 4664 2046 4735 gradum

466 4753 741 4818 faciainns,
773 4753 860 4824 qui
897 4761 952 4808 et
990 4752 1090 4824 ipsi
1132 4768 1357 4809 numero
1386 4763 1509 4809 sunt
1533 4768 1640 4810 non
1686 4735 1960 4822 mediocri,
1992 4769 2048 4814 et

463 4845 564 4898 alia
592 4845 758 4901 multo
785 4847 934 4915 plura
961 4845 1100 4902 inter
1127 4853 1397 4901 creaturas
1438 4847 1853 4918 pervestigemus
1883 4867 1897 4903 :
1928 4865 2047 4920 qua:

463 4937 678 4992 tandem
717 4938 920 5005 oratio,
959 4938 1167 5010 quodve
1210 4939 1437 5009 spatium
1486 4939 1744 5008 temporis
1786 4940 1940 4996 nobis
1981 4943 2047 4997 ad

462 5044 649 5082 eorum
703 5030 1074 5099 cognitionem.
1103 5031 1496 5102 adipiscendam
1538 5031 1815 5088 sufﬁciet?
1873 5036 2046 5105 Atque

463 5121 577 5173 lttitc
604 5122 780 5176 omnia
807 5130 1023 5192 propter
1045 5132 1095 5177 te
1119 5139 1281 5178 unum
1309 5124 1521 5179 condita
1548 5134 1690 5189 sunt,
1735 5126 1806 5179 mi
1846 5125 2042 5190 homo;

467 5221 516 5268 1t
541 5222 682 5266 artes
726 5221 940 5282 propter
971 5222 1040 5279 te,
1070 5224 1124 5267 et
1153 5214 1411 5281 instituta,
1437 5225 1490 5271 et
1523 5216 1788 5282 civitates,
1818 5227 1872 5272 et
1901 5217 2040 5287 pagi,

458 5315 513 5359 et
543 5321 762 5360 somnus
788 5316 1004 5375 propter
1033 5315 1103 5371 te,
1144 5317 1199 5362 et
1223 5322 1366 5363 mors
1393 5319 1609 5378 propter
1634 5320 1705 5374 te,
1729 5319 1782 5364 et
1805 5311 1907 5364 vita
1929 5326 2046 5381 pro-

463 5406 577 5463 pter
609 5404 678 5460 te,
711 5405 764 5450 et
805 5398 1054 5460 accrctio,
1098 5407 1403 5468 naturaque
1444 5415 1603 5469 Opera
1636 5408 1742 5454 tam
1779 5401 1961 5466 multa,
1990 5410 2045 5455 et

461 5487 583 5540 talis
613 5486 697 5539 hic
742 5486 970 5540 mundus
1010 5497 1225 5556 propter
1257 5497 1310 5542 te
1359 5500 1515 5552 nunc,
1547 5499 1598 5544 et
1640 5506 1825 5545 rursus
1853 5492 2043 5545 melior

463 5591 676 5650 propter
705 5588 776 5634 te.
812 5579 942 5633 Nam
975 5580 1250 5634 meliorem
1285 5581 1429 5636 illum
1475 5581 1727 5648 futurum,
1771 5583 1924 5652 idque
1954 5595 2040 5638 tua

460 5689 636 5736 causa,
665 5680 813 5742 potes
834 5686 897 5724 ex
924 5670 1072 5726 Pauli
1095 5671 1270 5726 verbis
1291 5687 1613 5741 cognoscere
1645 5691 1656 5726 :
1683 5673 1749 5727 Et
1774 5675 1885 5744 ipsa
1903 5691 2041 5728 crea-

460 5777 572 5817 tum
603 5764 890 5820 liberabitur
924 5781 955 5817 a
980 5764 1212 5820 servitute
1246 5765 1581 5835 corruptionis
1608 5765 1778 5836 (Rom.
1816 5767 1867 5822 8.
1893 5767 1983 5838 21)
2017 5783 2030 5821 :

1195 333 1252 388 S.
1293 331 1574 388 JOANNIS
1613 331 2090 387 CllllYSOSTOMI
2132 331 2452 386 ARClllEP.
2494 331 3028 388 CONSTANTINOP.

3629 333 3722 388 496

2148 443 2250 498 hoc
2277 453 2377 508 est,
2410 460 2475 498 ne
2503 443 2728 514 amplius
2768 443 3096 512 corruptioni
3129 441 3199 496 sit
3226 441 3476 496 obnoxia.
3507 441 3644 496 Tum
3674 455 3724 499 ut

2147 536 2400 591 indicaret
2428 551 2545 591 eam
2577 545 2720 590 tanto
2749 535 2952 589 honore
2996 542 3082 588 tua
3121 549 3279 589 causa
3312 534 3620 588 decoratum
3665 534 3724 588 iri

2146 629 2407 697 subjecit:
2447 627 2512 681 In
2551 626 2824 681 libertatem
2873 627 3049 698 gloria:
3097 627 3320 694 ﬁliorum
3349 624 3465 680 Dei.
3497 626 3646 693 Quod
3683 627 3723 680 si

2145 719 2298 774 valde
2342 717 2542 788 prolixa
2577 733 2683 772 non
2720 719 2872 772 ﬁeret
2899 726 2954 771 et
2981 716 3198 770 modum
3237 715 3521 770 excederet
3563 717 3726 770 oratio

2147 821 2349 876 nostra,
2377 810 2540 864 multa
2569 809 2634 864 de
2657 817 2830 864 morte
2867 807 3295 877 philosopharer,
3324 815 3378 862 et
3408 807 3460 860 in
3490 807 3590 860 hoc
3618 823 3727 860 ma-

2147 901 2289 954 xime
2341 900 2432 954 Dei
2475 900 2789 970 sapientiam
2851 907 2906 952 et
2968 897 3352 966 providentiam
3400 897 3724 961 indicarem,

2146 990 2417 1060 multaque
2443 989 2510 1044 de
2551 989 2913 1059 corruptione,
2958 987 3027 1044 de
3059 987 3227 1055 sanie,
3257 987 3324 1042 de
3361 989 3649 1053 vermibus,
3680 996 3730 1044 et

2147 1084 2325 1137 cinere
2349 1083 2600 1146 dicerem,
2632 1098 2749 1154 qua:
2777 1080 3112 1153 potissimum
3153 1092 3448 1151 queruntur
3473 1091 3527 1137 et
3551 1081 3730 1151 deploa

2147 1186 2268 1230 rant
2295 1177 2465 1242 multi,
2496 1175 2637 1245 quod
2664 1177 2716 1230 in
2749 1176 3044 1246 pulverem,
3074 1175 3127 1229 in
3151 1189 3360 1230 vermes
3396 1184 3574 1229 nostra
3611 1189 3730 1228 cor-

2148 1283 2277 1338 pora
2313 1267 2623 1322 resolvenda
2664 1267 2804 1334 sint,
2851 1275 3006 1337 atque
3049 1265 3171 1321 inde
3220 1265 3385 1336 ipsius
3421 1266 3732 1320 immensam

2150 1359 2534 1430 providentiam
2564 1374 2627 1415 ac
2665 1360 3076 1414 sollicitudinem
3106 1358 3483 1413 iudicaremus.
3525 1358 3605 1412 Ab
3640 1372 3731 1411 ca-

2149 1454 2272 1510 dem
2300 1454 2442 1509 enim
2472 1453 2820 1524 providentia,
2860 1453 2927 1508 ab
2957 1453 3141 1508 eadem
3182 1453 3418 1508 bonitate
3445 1495 3458 1516 ,
3488 1468 3589 1522 qua
3635 1467 3734 1508 nos

2149 1543 2406 1608 condidit,
2435 1558 2554 1598 cum
2581 1542 2816 1599 nondum
2834 1558 3094 1609 essemus,
3116 1542 3219 1598 hoc
3239 1544 3397 1596 etiam
3430 1555 3731 1612 promanat,

2149 1635 2292 1706 quod
2335 1638 2470 1690 mori
2509 1649 2605 1690 nos
2649 1635 2907 1706 jusserit,
2950 1643 3006 1689 et
3057 1634 3215 1689 talem
3263 1633 3421 1709 tinem
3471 1633 3728 1687 nancisci.

2151 1729 2402 1796 Quamvis
2429 1728 2569 1782 enim
2613 1742 2702 1782 res
2731 1727 2838 1781 sint
2871 1734 3059 1781 natura
3087 1726 3333 1792 diversze,
3367 1735 3543 1779 tamen
3579 1725 3736 1778 unius

2152 1821 2401 1876 bonitatis
2424 1820 2633 1890 opiﬁcia
2653 1829 2778 1876 sunt
2803 1837 2815 1874 :
2841 1819 3268 1890 quandoquidem
3295 1833 3326 1873 e
3345 1820 3450 1872 vita
3471 1818 3738 1874 decedens

2153 1915 2313 1970 homo
2340 1915 2486 1970 nullo
2513 1913 2636 1969 inde
2677 1912 2873 1968 damno
2922 1913 3148 1967 afﬁcitur
3173 1952 3188 1975 ,
3233 1911 3492 1982 siquidem
3529 1921 3582 1966 et
3609 1910 3736 1965 dum

2154 2009 2257 2062 vita
2286 2007 2552 2077 suppetit,
2595 2005 2764 2061 multa
2796 2004 2920 2061 inde
2953 2005 3098 2059 lucra
3128 2001 3345 2072 colligit,
3380 2010 3434 2056 et
3459 2015 3525 2056 ex
3564 2001 3740 2054 alieno

2153 2112 2378 2168 corpore
2422 2097 2694 2167 propriam
2729 2095 2953 2166 percipit
2984 2095 3286 2149 utilitatem.
3327 2093 3460 2146 Cum
3489 2091 3632 2145 enim
3662 2092 3740 2145 vi-

2153 2192 2292 2246 derit
2334 2207 2477 2256 eum,
2517 2191 2607 2260 qui
2647 2205 2752 2244 non
2794 2190 2864 2243 ita
2903 2188 3112 2260 pridem
3140 2202 3260 2242 eum
3293 2187 3408 2256 ipso
3437 2183 3738 2249 incedebat,

2155 2287 2208 2340 in
2242 2301 2467 2351 vermes,
2501 2293 2555 2340 et
2587 2285 2810 2351 saniem,
2841 2291 2896 2338 et
2929 2282 3184 2346 cinerem,
3224 2288 3278 2333 et
3312 2279 3581 2349 pulverem
3617 2293 3742 2332 esse

2156 2378 2469 2444 resolutum,
2501 2377 2625 2431 licet
2655 2375 2819 2446 ipsius
2845 2374 3040 2429 diaboli
3068 2372 3367 2441 arrogantia
3398 2371 3741 2434 intumescat,

2156 2479 2298 2523 metu
2326 2468 2677 2536 contrahitur,
2707 2465 3034 2536 reprimitur,
3064 2463 3302 2518 modeste
3335 2478 3394 2518 se
3435 2462 3590 2530 gerit,
3626 2461 3741 2530 plti~

2157 2563 2422 2631 losopltari
2444 2560 2684 2624 docetur,
2717 2558 2976 2612 bonorum
3000 2565 3271 2626 parentem
3298 2553 3656 2607 humilitatem
3691 2553 3740 2605 in

2156 2669 2306 2708 suam
2334 2659 2567 2707 mentem
2602 2647 2908 2704 introducit.
2944 2647 3018 2700 lta
3050 2647 3107 2700 fit
3133 2656 3191 2699 ut
3221 2659 3391 2714 neque
3430 2644 3520 2712 qui
3557 2658 3588 2697 e
3631 2643 3743 2696 vita

2156 2745 2420 2812 discessit,
2454 2743 2676 2799 laadatur
2704 2759 2719 2797 :
2761 2740 3098 2810 recuperabit
3124 2739 3267 2794 enim
3307 2737 3408 2792 hoc
3439 2751 3640 2805 corpus
3671 2737 3745 2789 in~

2157 2845 2464 2906 corruptum
2489 2846 2543 2890 et
2572 2833 2903 2897 immortale;
2935 2843 2990 2887 et
3013 2831 3103 2902 qui
3131 2831 3304 2884 adhuc
3333 2830 3386 2884 in
3426 2828 3596 2883 stadio
3620 2845 3746 2882 ver-

2155 2938 2322 2996 satur,
2353 2945 2419 2983 ex
2445 2943 2530 2995 eo,
2562 2924 2706 2997 quod
2735 2924 2867 2980 nihil
2896 2925 3031 2978 alter
3054 2930 3138 2977 est
3168 2922 3347 2986 laesus,
3392 2920 3625 2973 maxima
3671 2920 3746 2972 lu-

2157 3041 2246 3081 cra
2275 3024 2542 3092 decerpat.
2578 3019 2693 3074 Non
2721 3018 2864 3074 enim
2895 3015 3126 3086 vulgaris
3170 3013 3446 3068 modestia:
3489 3010 3746 3079 magistra

2157 3118 2211 3172 in
2233 3118 2394 3172 vitam
2439 3122 2674 3169 nostram
2720 3124 2866 3165 mors
2915 3108 3058 3162 illata
3103 3115 3188 3161 est
3213 3121 3331 3176 quae
3379 3111 3618 3158 mentem
3672 3102 3746 3155 iu-

2156 3216 2345 3272 struat,
2374 3214 2429 3261 et
2455 3205 2647 3258 anima:
2685 3200 2959 3270 passiones
2984 3197 3237 3259 refrenet,
3272 3195 3461 3248 ﬁuctus
3484 3193 3665 3256 sedet,
3697 3200 3747 3248 et

2157 3299 2589 3370 tranquillitatem
2619 3295 2855 3352 reducat.
2875 3292 3008 3348 Cum
3034 3291 3175 3346 enim
3199 3299 3391 3344 tumcx
3421 3287 3484 3340 iis
3514 3301 3640 3356 qua:
3669 3285 3749 3338 di~

2157 3401 2240 3448 cta
2266 3400 2409 3455 sunt,
2438 3397 2548 3443 tum
2577 3404 2642 3442 ex
2678 3387 2794 3439 aliis
2833 3383 3072 3454 pluribus
3113 3381 3213 3434 hac
3247 3381 3366 3433 luce
3400 3377 3600 3432 clarius
3631 3377 3750 3431 elu-

2158 3494 2276 3540 ceat
2305 3480 2632 3552 providentia
2655 3479 2764 3542 Dei,
2799 3476 2910 3531 noli
2935 3486 3326 3544 supervacanea
3353 3469 3563 3524 curiose
3586 3483 3753 3524 scru-

2160 3577 2280 3638 tari,
2312 3587 2484 3642 neque
2507 3585 2697 3626 causas
2718 3569 2953 3622 omnium
2987 3581 3167 3620 rerum
3195 3563 3499 3632 exquirens,
3529 3574 3595 3614 ea
3627 3575 3753 3630 qua:

2156 3663 2611 3736 comprehendere
2626 3661 2832 3731 nequis,
2859 3671 3194 3727 persequere.
3216 3654 3346 3708 Nam
3367 3653 3544 3708 ethoc
3565 3651 3752 3721 ipsum

2157 3769 2217 3815 ut
2243 3772 2484 3814 essemus
2512 3771 2578 3810 ex
2605 3769 2699 3808 sua
2729 3751 2879 3806 nobis
2906 3750 3140 3805 bonitate
3163 3747 3445 3810 concessit,
3469 3759 3573 3798 non
3598 3743 3753 3814 quod

2158 3860 2341 3907 nostro
2367 3846 2659 3903 ministerio
2687 3844 2966 3914 indigeret.
2999 3841 3181 3909 Itaque
3210 3837 3504 3896 laudandus
3523 3852 3553 3890 a
3586 3837 3753 3890 nobis

2156 3954 2258 4011 est,
2289 3951 2342 3997 et
2367 3939 2690 4002 adorandus,
2721 3951 2826 3991 non
2855 3933 3012 3988 modo
3038 3930 3180 4002 quod
3215 3929 3534 3992 condiderit,
3565 3941 3752 3997 neque

2157 4033 2297 4106 quod
2343 4033 2575 4086 animam
2612 4029 3002 4096 incorporeum,
3049 4033 3105 4078 et
3133 4024 3339 4076 ratione
3366 4019 3649 4090 prmditam
3681 4021 3752 4072 sit

2155 4125 2394 4195 largitus,
2423 4137 2594 4192 neque
2615 4118 2752 4190 quod
2779 4117 2897 4172 aliis
2921 4114 3166 4170 omnibus
3188 4112 3586 4184 prmstanliores
3617 4111 3750 4165 red-

2155 4215 2368 4279 diderit,
2400 4228 2573 4282 neque
2597 4209 2740 4281 quod
2763 4210 2816 4263 in
2845 4207 3044 4274 omnia,
3073 4221 3192 4276 quae
3213 4213 3522 4269 cernuntur,
3559 4202 3752 4255 donti-

2154 4317 2334 4361 natum
2361 4303 2632 4367 detulerit,
2676 4309 2729 4356 et
2767 4307 3082 4369 potestatem
3122 4295 3441 4366 permiserit,
3473 4293 3566 4348 sed
3599 4292 3752 4365 quod

2154 4397 2207 4451 id
2230 4396 2416 4465 egerit,
2445 4409 2563 4449 cum
2593 4392 2738 4446 nullo
2758 4390 2918 4446 modo
2943 4388 3094 4444 nobis
3125 4396 3322 4457 egeret.
3353 4385 3463 4440 Hoc
3487 4386 3641 4440 enim
3667 4391 3756 4439 est

2154 4487 2208 4542 in
2237 4487 2350 4556 ejus
2372 4486 2605 4540 bonitate
2631 4481 2890 4550 mirabile,
2919 4480 3060 4552 quod
3080 4495 3201 4534 cum
3227 4488 3409 4531 nostro
3438 4475 3754 4530 ministerio

2153 4579 2285 4634 nihil
2316 4594 2449 4648 opus
2470 4577 2544 4632 illi
2569 4587 2732 4644 esset,
2760 4590 2858 4630 nos
2878 4572 3204 4645 produxerit.
3234 4571 3386 4625 Prius
3413 4569 3552 4624 enim
3577 4584 3753 4638 quam

2153 4685 2253 4725 nos
2281 4670 2334 4725 in
2369 4669 2542 4724 lucem
2570 4668 2870 4732 ederemur,
2900 4675 2954 4721 et
2982 4663 3178 4734 angeli,
3209 4671 3265 4717 et
3304 4675 3549 4731 superna:
3572 4660 3757 4714 virtu-

2152 4770 2255 4828 tes,
2299 4770 2416 4815 erat
2449 4773 2544 4813 sua
2589 4758 2756 4828 gloria
2809 4756 3063 4826 praeditus
3089 4770 3152 4809 ac
3195 4753 3442 4807 felicitate
3470 4793 3486 4819 ,
3531 4752 3636 4806 sed
3679 4751 3754 4805 ob

2151 4851 2318 4907 solam
2341 4865 2492 4906 suam
2522 4848 2899 4918 benignitatem
2927 4861 3026 4900 nos
3042 4845 3355 4914 procreavit,
3388 4851 3442 4898 et
3465 4842 3585 4896 haec
3620 4858 3751 4896 om-

2152 4943 2236 4997 nia
2256 4951 2434 4996 nostra
2446 4955 2627 5006 causa,
2649 4947 2807 5010 atque
2819 4937 2953 4993 adeo
2971 4937 3137 4991 multo
3156 4936 3268 4989 istis
3285 4935 3432 5004 plura
3447 4933 3723 4988 condidit.

2220 5033 2347 5089 CAP.
2391 5032 2526 5088 Vlll.
2559 5031 2737 5086 Multa:
2756 5029 3080 5100 providentur
3101 5027 3578 5080 demonstrationem
3607 5039 3748 5086 esse,

2149 5129 2284 5198 quod
2313 5127 2394 5180 (ea:
2412 5123 2661 5198 naturalis
2683 5133 2730 5177 et
2767 5124 2957 5192 scripta
2979 5121 3043 5174 sit
3065 5120 3205 5183 data,
3231 5118 3462 5189 quodque
3483 5117 3623 5170 uiros
3647 5115 3756 5170 exi-

2150 5218 2274 5270 mios
2298 5233 2386 5286 per
2431 5232 2550 5269 suas
2585 5213 3057 5284 transmigratioues
3104 5210 3215 5280 ﬁeri
3248 5211 3512 5280 magistros
3544 5207 3755 5261 curarit

2149 5325 2320 5361 earum
2353 5308 2574 5377 gentium
2600 5323 2631 5358 α
2658 5306 2835 5376 quibus
2867 5305 3288 5372 suscipiebantur,
3315 5311 3362 5353 et
3391 5300 3528 5369 quod
3549 5300 3755 5352 deinde

2149 5408 2300 5467 caput
2322 5398 2564 5450 bonorum
2605 5397 2816 5468 largitus
2836 5396 2900 5449 sit
2920 5394 3176 5465 Unigeniti
3196 5395 3274 5447 sui
3300 5391 3594 5445 adventum.
3635 5389 3754 5442 Viri

2147 5489 2269 5555 iusti
2294 5488 2602 5558 peregrinari
2624 5489 2804 5541 coacti.
2828 5517 2898 5527 —
2925 5487 3213 5556 Propterea
3262 5499 3472 5554 quoque
3502 5482 3688 5549 legem
3722 5496 3756 5534 τι

2146 5596 2206 5636 se
2233 5581 2484 5648 scriptam
2510 5579 2666 5634 nobis
2691 5579 2858 5645 dedit,
2883 5589 2938 5634 et
2969 5578 3254 5648 prophetas
3279 5576 3442 5639 misit,
3471 5587 3532 5628 ac
3564 5573 3754 5630 uiru-

2147 5672 2266 5728 cula
2287 5672 2468 5735 edidit,
2496 5682 2550 5727 et
2575 5681 2698 5726 ante
2722 5670 2836 5726 hmo
2864 5671 3062 5734 omnia,
3087 5671 3243 5725 simul
3268 5678 3428 5739 atque
3458 5666 3758 5719 hominem

2151 5767 2319 5834 ﬁnxit,
2345 5767 2650 5838 magistrum
2680 5781 2706 5818 a
2733 5775 2918 5821 natura
2957 5764 3166 5820 insitam
3202 5763 3373 5834 legem
3436 5757 3665 5826 indidit,
3697 5767 3759 5812 et
