4030 6206
270 363 381 420 495

269 477 627 549 ἐπανάγουσα
659 476 851 532 πάλιν·
876 478 938 532 ού
984 477 1149 549 μόνον
1171 478 1250 545 δέ,
1284 478 1422 533 ἀλλά
1450 480 1546 534 καὶ
1582 479 1692 532 τῶν
1743 477 1866 550 μεθ-

267 570 553 645 ημερινῶν
594 587 655 624 σε
703 569 1041 625 ἀπαλλάττει
1072 569 1282 638 λυπῶν,
1321 571 1418 625 καὶ
1468 571 1576 626 τῶν
1619 572 1865 642 ἀκαίρων

268 665 459 737 ἀνίησι
478 663 776 736 φροντίδων
794 680 809 694 ·
838 663 1099 729 πολλάκις
1122 665 1180 720 δὲ
1208 666 1301 720 καὶ
1326 665 1609 731 νοσοῦντος
1631 668 1864 739 πυρετὸν

267 758 521 819 ἔσϐεσεν,
553 757 970 828 ἀντιφάρμακον
1002 754 1170 811 ῦπνον
1204 757 1475 824 ἐπάξασα,
1511 759 1605 813 καὶ
1626 758 1726 830 τὴν
1753 759 1863 813 τῶν

271 852 478 921 ἰατρῶν
502 849 894 922 ἀπορουμένην
926 850 1126 921 τέχνην
1163 853 1245 915 εἰς
1270 849 1447 905 εὖδιον
1472 851 1748 923 όρμίσασα
1778 852 1864 905 λι-

271 944 433 1015 μένα,
464 943 560 996 καί⁵
585 942 795 997 πολλῶν
841 942 1200 1010 ἀπαλλάξασα
1234 942 1432 997 πόνων.
1475 943 1587 998 Καὶ
1623 944 1858 1015 τοσαύτη

268 1036 446 1107 αὐτῆς
493 1036 527 1107 ή
560 1034 721 1105 χρεία
744 1073 760 1099 ,
793 1033 1096 1106 τηλικαύτη
1130 1036 1164 1106 ή
1200 1033 1468 1104 ὠφέλεια,
1518 1035 1595 1099 ὡς
1623 1035 1718 1090 καὶ
1761 1035 1861 1106 τὴν

268 1126 487 1199 ἡμέραν
534 1126 795 1190 πολλάκις
838 1127 1284 1199 παραπόλλυσθαι
1313 1131 1426 1193 τοῖς
1464 1131 1521 1183 ἐν
1550 1129 1687 1200 αὐτῇ
1731 1145 1860 1200 σχο-

269 1219 457 1284 λάζειν
499 1220 976 1291 ἀποστερηθεῖσιν.
1001 1222 1064 1274 Εἰ
1099 1221 1209 1294 γάρ
1243 1240 1331 1287 τις
1359 1223 1537 1277 ἀνέλοι
1586 1222 1664 1294 τῷ
1715 1224 1859 1294 λόγῳ

267 1311 373 1382 τήν
401 1311 499 1381 τῆς
527 1312 719 1375 νυκτὸς
746 1312 980 1383 ἡσυχίαν
1009 1316 1104 1368 καὶ
1124 1314 1224 1385 τὴν
1257 1316 1440 1370 ἄνεσιν
1478 1317 1574 1370 καί
1599 1316 1698 1389 τὴν
1726 1317 1857 1371 ἀνα·

270 1404 478 1475 κωχὴν,
505 1404 574 1458 δι’
607 1400 676 1478 ἦς
704 1405 921 1460 ἅπαντα
951 1406 1343 1473 ἀναπαύονται,
1373 1409 1469 1463 καὶ
1498 1408 1645 1481 ψυχὴ
1679 1427 1854 1464 πεπο-

269 1498 467 1565 νηκυῖα
500 1494 595 1549 καὶ
628 1494 789 1567 σῶμα
815 1496 1252 1569 ταλαιπωρηθὲν,
1297 1498 1621 1570 ἀκμαζούσῃ
1642 1501 1711 1571 τῇ
1737 1500 1854 1554 δια-

269 1587 388 1659 νοίᾳ
422 1588 523 1657 τῆς
557 1587 678 1658 μεθ’
724 1588 940 1660 ήμέραν
977 1590 1243 1661 ἐργασίας
1280 1590 1545 1658 ἅπτεται,
1580 1592 1854 1664 ἄχρηστον

266 1679 461 1749 ὄψεται
489 1680 552 1733 τὸ
586 1680 728 1743 ζῶον
752 1679 913 1735 τοῦτο
941 1678 1344 1752 γινόμενον.Ἐί
1391 1682 1448 1736 δέ
1474 1702 1556 1749 τις
1588 1684 1851 1757 προσθείη

264 1771 368 1834 τὰς
396 1770 599 1835 νύκτας
631 1772 752 1835 ταῖς
781 1771 1018 1843 ἡμέραις
1048 1769 1367 1844 ἐγρηγορὼς
1408 1774 1503 1827 καὶ
1546 1772 1854 1845 ἐργαζόμε-

266 1861 441 1934 νος,ἢ
482 1862 576 1915 καὶ
618 1861 823 1933 ἀργῶν,
867 1864 963 1916 καὶ
1006 1862 1099 1916 ἐπὶ
1135 1863 1298 1917 πλέον
1341 1864 1502 1918 τοῦτο
1539 1866 1850 1936 ποιήσειεν,

268 1953 625 2008 ἀποθανεῖται
664 1954 869 2019 εὐθέως
896 1994 912 2019 ,
948 1955 987 2025 ἢ
1024 1956 1073 2008 εἰ
1130 1955 1206 2029 μὴ
1235 1954 1429 2022 τοῦτο,
1465 1956 1606 2029 νόσῳ
1633 1958 1852 2021 πάντως

269 2047 469 2117 μακρᾷ
511 2045 857 2117 παραδοθεὶς,
896 2045 1049 2100 οὐδὲν
1078 2047 1188 2101 ἀπὸ
1225 2048 1326 2119 τῆς
1360 2049 1577 2122 ἡμέρας
1627 2049 1851 2121 καρπώ⁶

264 2155 425 2191 σεται
454 2140 535 2201 εἰς
554 2138 649 2209 τήν
668 2138 768 2209 τῆς
788 2138 996 2203 οἰκείας
1023 2140 1211 2212 χρείας
1240 2140 1542 2213 ἐνέργειαν,
1563 2141 1663 2213 τῆς
1693 2141 1847 2197 δυνά·

267 2251 418 2304 μεως
444 2233 594 2304 αὐτῷ
622 2233 1106 2307 κατασϐεσθείσης.

336 2410 400 2463 Εἰ
425 2409 481 2463 δὲ
510 2410 608 2463 καὶ
635 2412 728 2465 ἐπὶ
755 2411 847 2465 τὸν
875 2411 1102 2484 ἄπειρον
1116 2412 1225 2467 τῶν
1243 2412 1439 2484 ἰχθύων
1466 2413 1638 2485 δῆμον
1664 2415 1851 2469 ἀπλώ-

265 2518 465 2572 σαιμεν
498 2503 590 2556 τὸν
621 2503 800 2573 λόγον,
840 2505 948 2560 τῶν
972 2509 1031 2560 ἐν
1082 2505 1321 2577 λίμναις,
1362 2506 1473 2561 τῶν
1520 2509 1577 2561 ἐν
1626 2510 1849 2579 πηγαῖς,

260 2594 378 2648 τῶν
413 2597 470 2648 ἐν
503 2599 791 2667 ποταμοῖς,
818 2596 928 2650 τῶν
976 2598 1035 2653 ἐν
1066 2600 1134 2670 τῇ
1183 2598 1476 2674 πλεομένῃ,
1522 2598 1632 2674 τῶν
1680 2600 1739 2654 ἐν
1781 2602 1849 2672 τῇ

259 2685 505 2757 ἀπλώτῳ
545 2686 805 2758 θαλάττῃ,
837 2686 872 2759 ἦ
910 2688 1004 2741 καὶ
1017 2688 1086 2743 τά
1109 2690 1291 2758 ἄφατα
1317 2672 1438 2745 τῶν
1457 2672 1685 2761 ὀρνίθων
1718 2706 1850 2745 κατ-

262 2778 475 2847 ίδοιμεν
516 2777 665 2849 ἔθνη,
705 2779 818 2832 τῶν
862 2782 922 2834 ἐν
958 2780 1104 2851 ἀέρι,
1136 2780 1244 2835 τῶν
1275 2782 1334 2835 ἐν
1362 2784 1458 2853 γῇ,
1489 2781 1601 2835 τῶν
1633 2784 1693 2836 ἐν
1727 2781 1853 2836 ὓδα-

259 2885 348 2922 σιν
384 2868 524 2937 ὁμοῦ
545 2871 641 2922 καὶ
667 2874 739 2941 γῇ
771 2871 888 2943 (καὶ
910 2871 1020 2945 γάρ
1053 2874 1201 2926 ἐστιν
1225 2867 1381 2945 [481]
1415 2872 1654 2944 ἀμφίϐια
1681 2872 1854 2928 πολλά

258 2967 318 3018 ἐν
348 2963 583 3034 αὐτοῖς),
609 2962 718 3016 τῶν
732 2963 1082 3035 ἀγρίων,τῶν
1102 2964 1343 3038 ἡμέρων,
1370 2963 1480 3019 τῶν
1494 2964 1702 3037 ἀγρίων
1727 2967 1849 3037 μὲν,

255 3055 736 3128 τιθασσευομένων
772 3055 852 3122 δέ,
884 3055 995 3111 τῶν
1025 3055 1094 3110 δι’
1147 3056 1272 3110 ὅλου
1320 3056 1591 3129 μενόντων
1618 3056 1850 3129 ἀγρίων,

256 3150 372 3205 τῶν
402 3149 758 3221 ἐσθιομένων,
784 3148 895 3230 τῶν
921 3150 1023 3205 οὐκ
1048 3149 1400 3221 ἐσθιομένων,
1430 3149 1527 3204 καὶ
1554 3166 1853 3223 περιεργα-

258 3242 506 3314 σαίμεθα
533 3243 767 3298 ἑκάστου
795 3243 891 3297 καὶ
922 3242 1119 3307 κάλλος
1151 3242 1248 3296 καὶ
1288 3242 1487 3315 πτερὸν
1531 3243 1627 3297 καί⁵
1668 3241 1851 3315 φωνὴν

256 3334 493 3405 ᾠδικήν,
524 3333 607 3387 ἐτι
621 3350 683 3387 τε
712 3332 813 3397 τάς
839 3333 1104 3405 διαφορὰς
1128 3334 1289 3404 μόνον
1307 3333 1488 3387 αὐτῶν
1517 3336 1567 3387 εἰ
1595 3332 1849 3405 καταμά-

256 3428 455 3498 θοιμεν
493 3427 589 3480 καὶ
615 3425 781 3496 ᾠδῆς,
826 3425 922 3479 καί¹
955 3424 1253 3498 τραπέζης,
1284 3425 1379 3480 καὶ
1422 3424 1719 3496 διαγωγῆς,
1756 3422 1853 3477 καὶ

253 3521 359 3583 τὰς
405 3516 713 3588 διατριϐὰς,
763 3518 859 3572 καὶ
898 3514 969 3573 τά
1024 3517 1151 3589 ήθη,
1195 3517 1290 3571 καὶ
1328 3515 1428 3581 τάς
1480 3515 1698 3588 χρείας,
1752 3515 1850 3569 καὶ

255 3613 360 3676 τὰς
386 3611 683 3676 διακονίας,
716 3610 783 3674 ἀς
823 3609 1155 3681 παρέχουσιν
1205 3609 1358 3680 ἡμῖν,
1395 3609 1577 3674 πάσας
1600 3607 1850 3663 ἐπέλθοι-

257 3722 390 3774 μεν,
432 3705 530 3757 καὶ
578 3704 646 3758 τά
690 3703 917 3776 μεγέθη,
967 3705 1063 3759 καὶ
1101 3703 1201 3777 τήν
1243 3702 1577 3775 βραχύτητα,
1616 3704 1711 3757 καὶ⁵
1747 3702 1849 3768 τάς

252 3798 480 3861 ὠδῖνας,
508 3798 604 3849 καὶ
637 3798 737 3870 τήν
767 3795 1094 3869 ἀνατροφὴν,
1126 3798 1222 3851 καὶ
1260 3796 1359 3868 τὴν
1389 3796 1590 3868 πολλὴν
1634 3797 1693 3850 ἐν
1726 3794 1850 3849 τού-

253 3907 377 3953 τοις
401 3889 498 3942 καί⁵
524 3888 731 3958 ἄφατον
760 3889 1053 3953 ποικιλίαν,
1087 3889 1181 3942 καὶ¹
1212 3889 1274 3942 τὸ
1303 3887 1431 3942 αὐτὸ
1463 3887 1528 3960 δὴ
1568 3888 1726 3942 τοῦτο
1754 3887 1849 3942 καὶ

255 3984 356 4038 ἐπὶ
388 3981 590 4053 ἰχθύων
617 3982 967 4053 ποιήσαιμεν,
997 3981 1090 4035 καὶ
1106 3980 1355 4036 ἐντεῦθεν
1374 3980 1621 4051 ἔλθοιμεν
1646 3980 1739 4033 καὶ
1756 3979 1848 4033 ἐπὶ

254 4076 365 4141 τάς
395 4075 647 4145 βοτάνας,
686 4075 783 4138 τὰς
824 4072 1097 4143 πανταχοῦ
1127 4073 1226 4143 τῆς
1255 4073 1355 4144 γῆς
1385 4071 1680 4144 φυομένας.
1719 4071 1850 4125 ἐκά-

259 4185 394 4221 στου
419 4185 481 4220 τε
518 4165 724 4219 τούτων
753 4164 846 4219 καὶ
874 4164 1088 4236 καρπὸν
1123 4163 1347 4233 ῖδοιμεν,
1393 4162 1487 4217 καὶ
1519 4161 1727 4234 χρείαν,
1753 4161 1849 4215 κα)⁸

254 4261 513 4325 εὐωδίαν,
553 4261 647 4314 καὶ
667 4259 808 4330 ὄψιν,
827 4259 922 4311 καὶ
955 4256 1125 4325 θέσιν,
1159 4257 1253 4311 καὶ
1285 4254 1480 4326 φύλλα,
1499 4255 1595 4310 καὶ
1621 4254 1841 4326 χρῶμα,

256 4355 360 4408 καὶ
386 4353 594 4424 σχῆμα,
620 4353 714 4405 καὶ
731 4350 976 4422 μέγεθος,
990 4351 1084 4404 καὶ
1103 4349 1427 4421 μικρότητα,
1446 4349 1541 4402 καὶ
1559 4347 1847 4417 ὠφέλειαν,

254 4449 358 4502 καὶ
384 4446 652 4519 ἐργασίας
675 4445 933 4517 τρόπους,
967 4445 1062 4497 καὶ
1087 4442 1287 4513 φλοιῶν
1325 4444 1418 4498 καὶ
1450 4441 1716 4513 στελεχῶν
1752 4441 1849 4496 καὶ

256 4539 476 4595 κλάδων
521 4536 806 4609 διαφοράς,
856 4535 952 4590 καὶ
982 4535 1276 4606 λειμῶνας,
1326 4536 1421 4588 καὶ
1465 4532 1844 4606 παραδείσους,

256 4625 386 4685 εἶτα
417 4629 774 4701 μετέλθοιμεν
797 4628 892 4681 ἐπὶ
922 4627 993 4681 τά
1023 4626 1243 4681 ποικίλα
1265 4625 1554 4699 ἀρώματα,
1577 4627 1673 4680 καὶ
1720 4626 1847 4691 τοὺς

257 4721 642 4785 παντοδαποὺς
658 4720 855 4783 τόπους
866 4718 1044 4774 αὐτῶν
1067 4717 1592 4792 περιεργασαίμεθα,
1615 4716 1848 4781 καὶτοὺς

254 4815 498 4887 τρόπους
523 4813 628 4883 τῆς
662 4812 953 4883 εὑρέσεως,
988 4811 1084 4865 καὶ
1113 4809 1214 4880 τῆς
1250 4809 1590 4880 ἐπιμελείας,
1630 4806 1847 4877 καὶτῆς

255 4890 562 4976 γεωργίας,
590 4902 686 4957 καὶ⁵
721 4902 805 4955 ὅτι
835 4900 973 4972 πρὸς
1008 4899 1251 4972 ἰατρείαν
1279 4900 1410 4970 ήμῖν
1434 4897 1695 4951 συντελεῖ·
1752 4897 1847 4951 καὶ

259 4996 406 5068 μετὰ
427 4994 638 5050 τούτων
686 4993 871 5056 πάλιν,
902 4993 952 5046 εἰ
999 4992 1095 5045 ἐπ)⁸
1118 4990 1189 5044 τά
1228 4989 1525 5062 μεταλλικά
1547 4989 1628 5043 ἐτι
1658 4990 1847 5062 χωρή-

257 5105 462 5158 σαιμεν
478 5087 604 5158 δρη,
627 5084 801 5139 πολλὰ
818 5084 949 5139 δντα
970 5084 1220 5147 κάκεῖνα,
1248 5083 1343 5137 καὶ
1364 5083 1463 5137 ὅσα
1487 5083 1651 5155 ἐτερα
1668 5079 1847 5153 πολλῷ

257 5179 662 5234 πλείονα-κατά
676 5177 775 5249 τὴν
802 5178 980 5232 κτίσιν
1001 5175 1468 5249 διερευνήσαιμεν,
1490 5176 1640 5238 ποῖος
1667 5173 1843 5242 λόγος,

256 5265 297 5338 ἢ
347 5270 494 5331 ποῖος
547 5267 680 5337 ἡμῖν
726 5265 1004 5337 διαρκέσει
1058 5265 1250 5336 χρόνος
1305 5266 1443 5337 πρὸς
1487 5265 1589 5336 τὴν
1641 5264 1846 5326 τούτων

257 5357 471 5429 ἀκριδῆ
517 5357 868 5428 κατανόησιν;
906 5359 1016 5411 Καὶ
1060 5357 1235 5410 ταῦτα
1286 5357 1521 5420 ἅπαντα,
1569 5357 1843 5426 ἄνθρωπε,

254 5448 355 5503 διὰ
386 5450 466 5503 σέ·
488 5449 582 5503 καὶ
608 5449 794 5520 τέχναι
820 5448 908 5503 διά
939 5448 1019 5513 σὲ,
1049 5448 1143 5503 καὶ
1177 5447 1602 5519 ἐπιτηδεύματα,
1632 5446 1727 5502 καί
1757 5447 1848 5501 πό-

258 5541 399 5605 λεις,
430 5542 525 5595 καὶ
544 5542 745 5613 κῶμαι,
790 5541 885 5594 καὶ
920 5540 1087 5605 ῦπνος
1118 5539 1209 5595 διά
1257 5539 1338 5604 σὲ,
1379 5543 1475 5593 καὶ
1512 5539 1739 5604 θάνατος
1757 5539 1846 5594 διά

258 5636 352 5698 σὲ,
372 5636 464 5690 καὶ
487 5635 600 5706 ζωή
618 5636 708 5690 διά
743 5636 823 5701 σέ,
860 5634 955 5689 καὶ
976 5633 1203 5706 αὔξησις
1226 5635 1318 5688 καὶ
1351 5633 1564 5704 φύσεως
1592 5634 1728 5707 ἔργα
1756 5650 1845 5689 το⁴

263 5725 465 5792 σαῦτα,
495 5727 588 5782 καὶ
633 5726 869 5791 τοιοῦτος
899 5729 928 5781 ό
962 5727 1162 5798 κόσμος
1194 5726 1283 5781 διά
1311 5728 1371 5782 σέ
1400 5726 1515 5792 νῦν,
1545 5729 1640 5782 καὶ
1681 5728 1843 5784 πάλιν

260 5813 507 5887 ἀμείνων
535 5815 624 5870 διά
674 5817 752 5870 σέ.
789 5817 909 5871 Ὅτι
945 5815 1052 5888 γάρ
1088 5817 1321 5888 ἀμείνων
1359 5817 1533 5882 ἔσται,
1562 5818 1653 5872 καί
1688 5817 1844 5874 τοῦτο

1111 358 1201 413 AD
1241 357 1370 415 EOS
1408 358 1528 428 QUI
1565 350 2066 415 SCANDALIZATI
2110 356 2314 415 sum.
2360 358 2489 415 LIB.
2529 348 2738 421 UNUS.

3434 366 3541 423 496
3560 378 3561 381 ‘

1966 475 2056 532 διὰ
2078 478 2159 544 σέ,
2194 479 2424 535 ἄκουσον
2444 480 2498 533 τί
2528 496 2692 552 φησιν
2717 480 2746 533 δ
2774 478 3005 544 Παῦλος·
3036 480 3165 535 Ὀτι
3204 480 3301 535 καί
3326 481 3478 551 αὑτὴ
3502 484 3544 552 ἡ

1967 572 2166 639 κτίσις
2206 572 2748 643 ἐλευθερωθήσεται
2790 573 2908 635 ἀπὸ
2956 572 3067 643 τῆς
3108 573 3389 641 δουλείας
3436 576 3547 642 τῆς

1966 662 2209 733 φθορᾶς·
2235 664 2377 718 τοῦτ’
2405 664 2571 729 ἐστιν,
2605 663 2714 717 ἀπὸ
2752 663 2846 717 τοῦ
2875 660 3014 719 εἷναι
3042 666 3276 738 φθαρτή.
3308 666 3433 731 Πῶς
3489 666 3547 721 δέ

1967 755 2183 826 καὶτῆς
2237 754 2504 827 τοσαύτης
2552 753 2921 810 ἀπολαύσεται
2965 757 3129 829 τιμῆς
3156 758 3244 813 διὰ
3269 758 3329 811 σὲ
3369 758 3547 823 δηλῶν

1965 849 2267 920 ἐπήγαγεν,
2300 853 2404 915 Εἰς
2431 850 2547 919 τὴν
2566 850 2916 918 ἐλευθερίαν
2939 849 3050 918 τῆς
3074 849 3261 918 δόξης
3295 850 3417 906 τῶν
3451 853 3545 907 τέ-

1964 959 2129 996 κνων
2149 942 2257 996 τοῦ
2283 944 2451 998 Θεοῦ.
2487 944 2550 996 Εἰ
2594 943 2652 996 δὲ
2702 942 2778 1015 μὴ
2802 941 3011 1014 μακρὸν
3050 928 3255 1013 σφόδρα
3283 944 3376 997 καὶ
3405 944 3548 1017 ὑπὲρ

1962 1032 2025 1085 τὸ
2056 1032 2254 1103 μέτρον
2283 1033 2585 1104 ἐποιούμην
2630 1032 2723 1086 τὸν
2762 1032 2941 1102 λόγον,
2978 1033 3161 1086 ’πολλά
3193 1034 3260 1088 ἂν
3281 1036 3374 1088 καὶ
3415 1037 3546 1107 περί¹

1965 1121 2196 1177 θανάτου
2218 1124 2606 1196 ἐφιλοσόφησα,
2634 1125 2727 1179 καὶ
2745 1125 2990 1197 ἐντούτῳ
3015 1125 3243 1197 μάλιστα
3271 1110 3546 1181 ἐδείκνυον

1960 1216 2062 1288 τὴν
2088 1217 2280 1287 σοφίαν
2328 1217 2420 1271 τοῦ
2451 1218 2586 1273 Θεοῦ
2646 1220 2741 1272 καὶ
2792 1219 2891 1289 τὴν
2938 1219 3215 1291 πρόνοιαν,
3256 1220 3545 1274 καὶπολλὰ

1960 1305 2090 1377 περί⁸
2123 1306 2348 1378 φθορᾶς,
2378 1308 2507 1380 περί
2531 1308 2747 1381 ἰχῶρος,
2779 1309 2907 1380 περί
2935 1310 3252 1382 σκωλήκων,
3283 1311 3377 1365 καὶ
3413 1313 3544 1384 περί

1957 1398 2163 1470 τέφρας
2202 1394 2354 1454 εἷπον
2384 1399 2470 1466 ἂν,
2503 1402 2644 1472 άπερ
2690 1402 2923 1472 μάλιστα
2959 1402 3248 1474 θρηνοῦσιν
3276 1405 3327 1457 οἰ
3359 1404 3544 1458 πολλοὶ

1958 1490 2053 1545 καὶ
2086 1490 2462 1564 ἀποδύρονται,
2487 1493 2569 1547 ὅτι
2592 1495 2671 1557 εἰς
2692 1495 2919 1567 τέφραν,
2946 1494 3026 1548 ὅτι
3050 1497 3129 1558 εἰς
3149 1496 3319 1560 κόνιν,
3353 1496 3434 1551 ὅτι
3464 1500 3545 1562 εἰς

1958 1582 2244 1653 σκώληκας
2271 1584 2649 1657 διαλυθήσεται
2677 1587 2836 1657 ήμῶν
2858 1586 2927 1641 τά
2968 1588 3217 1657 σώματα,
3248 1588 3545 1644 κάντεῦθεν

1956 1674 2239 1746 ἐδείξαμεν
2255 1676 2353 1748 τὴν
2380 1677 2585 1747 ἄφατον
2606 1678 2770 1732 αὑτοῦ
2799 1680 3057 1751 πρόνοιαν
3081 1682 3173 1734 καί⁵
3194 1682 3541 1753 κηδεμονίαν.

1968 1768 2101 1820 Ἀπὸ
2126 1768 2233 1840 γάρ
2253 1768 2352 1837 τῆς
2374 1770 2543 1841 αὐτῆς
2572 1770 2850 1842 προνοίας,
2884 1771 2993 1825 ἀπὸ
3017 1772 3115 1843 τῆς
3145 1773 3314 1844 αὐτῆς
3344 1770 3545 1843 ἀγαθό-

1955 1878 2135 1932 τητος,
2161 1861 2254 1930 ἀφ’
2286 1856 2356 1933 ἧς
2377 1863 2477 1916 οὐκ
2504 1862 2664 1927 ὄντας
2692 1864 2972 1934 ἐποίησεν,
2998 1864 3105 1918 ἀπὸ
3135 1867 3234 1936 τῆς
3256 1866 3425 1936 αὐτῆς
3450 1867 3546 1920 καὶ

1955 1950 2321 2022 ἀποθνήσκειν
2375 1951 2651 2017 ἐκέλευσε,
2708 1954 2803 2027 καὶ
2821 1954 3059 2008 τοιοῦτον
3094 1954 3238 2024 ἐχειν
3270 1956 3333 2009 τὸ
3367 1955 3541 2019 τέλος.

1955 2044 2018 2099 Εἰ
2064 2045 2174 2115 γάρ
2212 2046 2308 2099 καὶ
2349 2045 2675 2116 διάφορατά
2714 2046 2997 2117 γινόμενα,
3030 2046 3166 2101 ἀλλά
3219 2049 3349 2119 μιᾶς
3401 2049 3542 2103 εἰσιν

1955 2137 2310 2209 ἀγαθότητος·
2344 2138 2373 2191 ὃ
2395 2152 2453 2191 τε
2478 2137 2587 2208 γάρ
2615 2136 2865 2192 ἀπελθὼν
2894 2138 3045 2192 οὐδὲν
3075 2138 3323 2194 ἐντεῦθεν
3363 2157 3537 2211 παρα-

1955 2231 2275 2297 6λάπτεται,
2316 2232 2346 2285 ὅ
2377 2248 2437 2284 τε
2465 2229 2576 2294 ζῶν
2606 2230 2676 2284 τά
2720 2230 2952 2301 μέγιστα
2992 2231 3242 2286 ἐντεῦθεν
3266 2233 3539 2303 κερδανεῖ,

1954 2322 2014 2376 ἐν
2038 2321 2303 2395 ἀλλοτρίῳ
2338 2320 2553 2392 σώματι
2590 2322 2796 2376 οἰκείαν
2837 2324 3222 2396 καρπούμενος
3249 2324 3542 2395 ὠφέλειαν.

1957 2414 2125 2469 Ὀταν
2146 2412 2255 2485 γάρ
2286 2413 2371 2486 ἴδῃ
2402 2412 2493 2467 τὸν
2527 2414 2655 2484 χθὲς
2702 2415 2797 2468 καὶ
2838 2414 3032 2487 πρώην
3055 2417 3173 2486 μετ’
3199 2415 3363 2469 αὑτοῦ
3395 2416 3545 2488 βαδί-

1954 2504 2138 2575 ζοντα,
2160 2504 2350 2561 τοῦτον
2376 2506 2457 2569 εἰς
2480 2504 2768 2577 σκώληκας
2780 2506 3131 2578 διαλυόμενον
3147 2506 3240 2560 καὶ
3260 2508 3341 2571 εἰς
3371 2507 3543 2578 ἰχῶρα

1954 2600 2049 2652 καὶ
2076 2598 2284 2669 τέφραν
2323 2597 2421 2652 καὶ
2448 2599 2616 2665 κόνιν,
2643 2598 2748 2653 κᾶν
2786 2598 2951 2657 αὐτοῦ
2980 2596 3076 2653 τοῦ
3128 2598 3380 2653 διαϐόλου
3436 2598 3538 2671 τὴν

1955 2691 2213 2746 ἀπόνοιαν
2235 2690 2357 2764 ἔχῃ,
2391 2689 2545 2763 [482]
2597 2692 2997 2763 καταπτήσσει,
3038 2690 3409 2756 συστέλλεται,
3442 2709 3544 2763 με-

1954 2782 2189 2854 τριάζει,
2220 2782 2532 2853 φιλοσοφεῖν
2562 2782 2896 2849 παιδεύεται,
2934 2783 3029 2838 καὶ
3064 2782 3162 2854 τήν
3193 2782 3405 2855 μητέρα
3431 2782 3543 2837 τῶν

1954 2875 2174 2944 ἀγαθῶν
2203 2873 2303 2947 τήν
2334 2874 2836 2947 ταπεινοφροσύνην
2867 2876 2949 2940 εἰς
2976 2874 3076 2947 τὴν
3114 2875 3355 2931 διάνοιαν
3375 2877 3542 2930 εἰσοιε-

1954 2965 2118 3030 κίζει.
2140 2964 2329 3032 Οὕτως
2355 2965 2480 3020 οὔτε
2516 2968 2546 3020 ό
2586 2965 2838 3023 ἀπελθών
2864 2985 2917 3022 τι
2965 2967 3307 3040 παρεδλάδη·
3334 2967 3543 3039 ἀπολή-

1936 3057 2114 3129 ’ψεται
2135 3058 2244 3132 γὰρ
2275 3059 2437 3114 τοῦτο
2467 3059 2530 3114 τὸ
2567 3058 2729 3131 σῶμα
2758 3060 3038 3132 ἀκήρατον
3066 3062 3161 3114 καὶ
3183 3059 3483 3133 ἄφθαρτον·
3511 3060 3543 3115 δ

1953 3170 2013 3207 τε
2029 3151 2111 3207 ἐτι
2138 3154 2196 3208 ἐν
2224 3152 2304 3225 τῷ
2341 3153 2627 3225 σκάμματι
2658 3151 2758 3218 ὣν,
2787 3153 2879 3222 ἀφ’
2901 3146 3142 3207 ὧνούδέν
3175 3153 3362 3226 ἕτερος
3392 3153 3544 3209 ἐδλά-

1954 3243 2044 3316 6η,
2072 3242 2144 3298 τά
2185 3243 2418 3315 μέγιστα
2476 3243 2746 3315 κερδανεῖ.
2789 3243 2904 3314 Οὐχ
2942 3244 2973 3296 δ
3007 3242 3188 3314 τυχὼν
3223 3243 3543 3309 διδάσκαλος

1954 3334 2274 3405 φιλοσοφίας
2325 3336 2355 3389 ό
2400 3333 2630 3399 θάνατος
2674 3334 2965 3405 εἰσηνέχθη
3025 3336 3104 3399 εἰς
3149 3334 3241 3388 τὸν
3273 3333 3541 3406 ἡμέτερον

1954 3428 2090 3500 βίον,
2113 3427 2477 3499 παιδαγωγῶν
2506 3427 2605 3500 τὴν
2636 3428 2894 3495 διάνοιαν,
2930 3428 3025 3483 καὶ
3055 3427 3125 3484 τά
3146 3428 3293 3502 πάθη
3317 3430 3417 3501 τῆς
3438 3429 3543 3499 ψυ-

1951 3520 2055 3592 χῆς
2086 3518 2336 3590 χαλινῶν,
2360 3520 2454 3574 καὶ
2482 3519 2551 3574 τὰ
2586 3519 2807 3592 κύματα
2830 3520 3230 3585 καταστέλλων,
3262 3521 3357 3575 καὶ
3368 3520 3539 3591 γαλή-

1952 3628 2050 3682 νην
2079 3612 2268 3667 ποιῶν.
2298 3610 2505 3667 Μαθὼν
2526 3612 2704 3679 τοίνυν
2733 3614 2828 3668 καὶ
2854 3615 2921 3667 ἐκ
2952 3612 3061 3667 τῶν
3092 3614 3421 3687 εἰρημένων,
3442 3612 3540 3666 καὶ

1951 3705 2012 3773 ἐξ
2046 3704 2249 3778 ἐτέρων
2288 3704 2571 3773 πλειόνων,
2617 3704 2713 3761 τοῦ
2741 3706 2917 3776 φωτὸς
2944 3705 3135 3761 τούτου
3162 3703 3540 3777 φανερώτερον

1950 3801 2362 3875 διαλάμπουσαν
2389 3802 2490 3873 τὴν
2515 3802 2611 3857 τοῦ
2641 3802 2779 3857 Θεοῦ
2814 3802 3095 3875 πρόνοιαν,
3141 3800 3218 3873 μὴ
3243 3800 3541 3872 περιεργά-

1952 3897 2047 3963 {ou
2076 3900 2148 3953 τὰ
2195 3899 2448 3971 περιττά,
2509 3898 2647 3969 μηδὲ
2708 3898 2949 3969 ἀκίχητα
2976 3897 3160 3964 δίωκε,
3204 3896 3305 3961 τάς
3357 3896 3539 3961 αἰτίας

1952 3996 2172 4050 πάντων
2199 3994 2487 4061 ἐξετάζων.
2523 3994 2634 4048 Καὶ
2660 3994 2770 4065 γάρ
2818 3992 2950 4046 αὐτὸ
2985 3992 3047 4046 τὸ
3069 3988 3208 4047 εἶναι
3241 3991 3303 4059 ἐξ
3332 3991 3537 4062 ἀγαθό-

1949 4107 2111 4161 τητος
2132 4092 2265 4162 ἡμῖν
2302 4089 2577 4161 παρέσχεν
2617 4090 2679 4143 οὑ
2715 4088 2906 4161 χρείαν
2937 4088 3076 4158 έχων
3110 4089 3269 4161 ήμῶν
3301 4088 3401 4161 τῆς
3421 4087 3538 4142 δια-

1951 4187 2155 4252 κονίας.
2176 4187 2286 4240 Καὶ
2311 4184 2417 4261 χρὴ
2449 4185 2750 4257 θαυμάζειν
2776 4185 2939 4241 αὑτὸν
2955 4187 3050 4240 καὶ
3072 4188 3416 4259 προσκυνεῖν,
3436 4186 3535 4256 οὐχ

1949 4282 2033 4337 ὅτι
2056 4281 2279 4353 ἐποίησε
2308 4282 2488 4354 μόνον,
2521 4281 2629 4336 οὐδ’
2673 4281 2757 4335 ὅτι
2784 4280 2960 4353 ψυχὴν
2988 4282 3283 4355 ἐχαρίσατο
3309 4282 3534 4351 ἀσώμα-

1950 4395 2043 4433 τον
2059 4379 2155 4434 καὶ
2177 4377 2418 4450 λογικὴν,
2434 4378 2546 4432 οὐδ’
2559 4379 2643 4432 ὅτι
2661 4378 2772 4432 τῶν
2800 4378 2976 4433 ἀλλων
3003 4379 3258 4433 ἀπάντων
3290 4378 3534 4447 βελτίους

1951 4476 2265 4548 εἰργάσατο,
2278 4474 2388 4529 οὐδ’
2399 4476 2481 4529 ὅτι
2497 4474 2595 4547 τὴν
2606 4476 2920 4530 δεσποτείαν
2934 4475 3227 4546 ἐνεχείρισε
3241 4474 3349 4528 τῶν
3392 4469 3421 4521 ὁ
3431 4488 3536 4541 ρω-

1954 4572 2150 4644 μένων,
2181 4573 2275 4628 καὶ
2316 4572 2416 4645 τὴν
2444 4572 2689 4638 ἐξουσίαν
2731 4554 3061 4645 ἐπέτρεψενξ
3078 4571 3193 4625 ἀλλ’
3240 4571 3321 4624 δτι
3369 4570 3534 4641 μηδὲν

1949 4668 2203 4741 δεόμενος
2230 4669 2407 4741 ήμῶν.
2446 4669 2521 4724 Τὸ
2548 4669 2657 4742 γὰρ
2688 4669 2754 4742 δὴ
2789 4668 3101 4740 θαυμαστὸν
3128 4668 3229 4738 τῆς
3258 4666 3533 4737 ἀγαθότη-

1949 4783 2043 4831 τος
2066 4766 2231 4821 αὐτοῦ
2270 4766 2428 4820 τοῦτό
2471 4767 2638 4831 ἐστιν,
2668 4766 2750 4819 ὅτι
2772 4764 2923 4818 οὐδὲν
2961 4761 3177 4836 χρῄζων
3209 4762 3370 4833 ήμῶν
3429 4762 3532 4833 τῆς

1949 4864 2226 4929 διακονίας
2242 4882 2317 4919 πα
2324 4865 2559 4938 ρήγαγε.
2580 4864 2687 4919 Καὶ
2706 4863 2816 4937 γὰρ
2834 4864 2963 4935 πρὶν
2979 4862 3230 4931 γενέσθαι
3252 4863 3348 4917 καὶ
3362 4863 3529 4933 ἡμᾶς,

1950 4963 2046 5017 καί
2078 4961 2364 5031 ἀγγέλους,
2392 4961 2488 5015 καλ
2516 4961 2615 5023 τάς
2640 4959 2753 5014 ἄνω
2776 4960 3055 5031 δυνάμεις,
3094 4954 3164 5031 ἦν
3195 4960 3295 5031 τὴν
3325 4959 3533 5014 οἰκείαν

1946 5059 2105 5125 δόξαν
2129 5059 2267 5130 έχων
2294 5060 2387 5113 καί¹
2418 5058 2519 5130 τὴν
2571 5042 3087 5128 μακαριότηταξδιά
3118 5056 3532 5130 φιλανθρωπίαν

1949 5154 2007 5210 δέ
2040 5157 2209 5228 μόνην
2244 5158 2393 5227 ἡμᾶς
2419 5155 2734 5226 παρήγαγε,
2758 5145 2851 5209 καὶ
2874 5154 3093 5210 ἅπαντα
3114 5156 3287 5210 ταῦτα
3307 5155 3531 5226 ἐποίησε

1948 5253 2016 5309 δι’
2040 5255 2207 5327 ἡμᾶς,
2233 5253 2328 5308 καὶ
2362 5252 2443 5307 ἐτι
2466 5251 2646 5325 πολλῷ
2672 5253 2894 5307 πλείονα
2918 5254 3146 5310 τούτων.

2020 5427 2161 5497 Κεφ.
2179 5431 2249 5498 η’.
2268 5423 2367 5480 Διά
2382 5423 2539 5480 τοῦτο
2554 5424 2651 5480 καὶ
2670 5425 2831 5497 νόμον
2854 5424 3069 5497 γράψας
3089 5424 3255 5479 ἔδωκε
3273 5424 3341 5480 δι’
3359 5427 3528 5499 ήμᾶς,

1948 5525 2045 5581 καί
2068 5524 2351 5597 προφήτας
2379 5523 2687 5586 ἀπέστειλε,
2710 5524 2805 5577 καὶ
2825 5522 3081 5595 θαύματα
3104 5525 3411 5595 εἰργάσατο,
3433 5523 3530 5579 καὶ

1948 5625 2057 5696 πρὸ
2080 5622 2287 5677 τούτων
2311 5622 2566 5677 ἀπάντων
2588 5621 2726 5694 ὁμοῦ
2757 5620 2968 5685 πλάσας
2995 5622 3086 5676 τὸν
3112 5620 3417 5691 ἄνθρωπον,
3447 5621 3529 5675 διο

1947 5720 2215 5775 δάσκαλον
2243 5718 2393 5791 αὺτῷ
2420 5720 2512 5775 τὸν
2542 5717 2782 5789 ἔμφυτον
2806 5717 3098 5772 ἐναπέθετο
3124 5715 3306 5785 νόμον,
3334 5713 3530 5787 ὥσπερ

1948 5817 2116 5891 πλοίῳ
2136 5817 2500 5892 κυϐερνήτην,
2533 5818 2625 5873 καὶ
2669 5814 2878 5888 ήνίοχον
2904 5816 3076 5887 ἵππῳ,
3112 5814 3219 5874 τοῖς
3243 5810 3531 5878 λογισμοῖς
