4030 6206
479 269 589 327 497

479 380 637 452 ἡμῶν
677 382 979 458 ἐπιστήσας
1021 388 1200 444 αὐτόν.
1234 388 1392 445 Οὕτω
1418 393 1548 461 γοῦν
1582 395 1675 449 zeal
1710 396 1877 453 Ἅϐελ
1901 399 2061 456 αὐτὸν

477 476 643 543 ἐγνω,
667 477 727 530 ού
751 481 1097 550 γραμμάτων
1123 480 1315 549 ὄντων,
1353 483 1415 538 οὐ
1452 487 1766 560 προφητῶν,
1797 491 1900 546 οὐκ
1925 492 2065 548 ἀπο-

477 566 702 632 στόλων,
728 568 790 623 ού
815 569 980 641 νόμου
1006 572 1252 644 γραπτοῦ
1282 591 1428 640 τινος
1451 577 1788 651 ἐνηχοῦντος,
1808 583 1944 641 ἀλλά
1973 585 2065 643 τὸν

475 656 717 727 ἔμφυτον
748 659 887 731 έχων
926 662 1108 734 νόμον.
1163 664 1350 732 Οὕτως
1395 670 1425 723 ὁ
1472 669 1631 727 Κάῖν·
1671 677 1768 730 zeal
1812 677 1922 750 γάρ
1968 680 2064 736 καὶ¹

476 750 685 815 ἐκεῖνος
719 751 881 821 ἔγνω·
904 756 999 808 zeal
1042 757 1345 831 ἀμφότεροι
1384 764 1483 834 μὲν
1520 765 1684 822 αὐτὸν
1714 768 1930 842 ᾔδεσαν,
1967 774 2064 830 zeal

478 839 576 911 τὴν
604 840 918 897 δεσποτείαν
949 846 1337 916 ἐπεγίνωσκον,
1377 854 1476 908 οὐκ
1532 839 1831 932 ἀμφότεροι
1868 863 1925 918 δὲ
1964 865 2063 938 τὴν

478 932 648 1004 αὐτὴν
670 929 834 1005 ἦλθον
860 937 1000 991 ὀδόν·
1029 940 1144 995 ἀλλ’
1165 942 1195 995 ό
1216 942 1320 1013 μὲν
1341 944 1439 1017 τὴν
1460 947 1560 1020 τῆς
1587 929 1805 1018 κακίας,
1832 956 1860 1009 ὁ
1884 954 1943 1011 δὲ
1961 929 2062 1030 τήν

476 1023 578 1089 τῆς
600 1024 816 1097 ἀρετῆς.
842 1029 951 1082 Kal
974 1030 1122 1101 ὅμως
1147 1033 1269 1088 οὐδὲ
1288 1034 1461 1101 οὕτως
1489 1039 1654 1095 αὐτὸν
1679 1023 2059 1113 ἐγκατέλιπεν,

476 1114 614 1170 ἀλλὰ
633 1118 727 1170 zeal
759 1121 992 1174 πεσόντα
1009 1124 1103 1207 zeal
1125 1124 1583 1185 ὑποσκελισθέντα
1606 1133 1944 1207 ἐπηνώρθου,
1965 1139 2062 1193 zeal

478 1207 794 1279 ἐπιμελείας
808 1198 1098 1270 ἀπολαύειν
1111 1217 1305 1272 ἐποίει’
1323 1220 1416 1273 zeal
1430 1222 1647 1294 πρῶτον
1662 1198 1764 1297 μέν
1778 1198 2059 1300 παραινῶν

478 1300 575 1352 zeal
609 1302 1017 1372 συμϐουλεύων,
1059 1306 1285 1381 ὕστερον
1328 1310 1386 1364 δὲ
1429 1313 1508 1386 τῷ
1556 1316 1724 1388 φόϐῳ,
1749 1317 1827 1390 τῷ
1868 1320 2074 1394 τρόμῳ-

477 1391 765 1461 νουθετῶν,
802 1397 1096 1461 παιδεύων,
1139 1401 1426 1459 διδάσκων.
1476 1406 1692 1471 Ἐπειδὴ
1720 1410 1777 1464 δὲ
1805 1412 2059 1469 τοσοῦτον

478 1478 798 1551 προῦδωκαν
827 1486 998 1558 δῶρον
1030 1492 1080 1543 οί
1110 1492 1293 1547 πολλοὶ
1321 1495 1431 1550 τῶν
1461 1498 1780 1571 ἀνθρώπων,
1821 1503 1921 1575 τὴν
1950 1505 2058 1559 ἀπὸ

476 1570 578 1640 τῆς
597 1574 832 1644 φυσικῆς
861 1575 1207 1646 διδασκαλίας
1242 1583 1385 1654 λέγω
1416 1570 1708 1658 ὠφέλειαν,
1733 1594 1854 1649 ούδέ
1876 1570 2057 1662 ὀὕτως

479 1660 679 1724 αὐτοὺς
699 1664 1013 1735 κατέλιπεν,
1052 1671 1172 1724 οὐδὲ
1204 1674 1547 1749 πανωλεθρίᾳ
1583 1679 1917 1751 παρέδωκεν,
1939 1660 2057 1740 ml

478 1749 658 1818 ἔμεινε
679 1751 768 1806 διά
803 1760 1162 1828 πραγμάτων,
1187 1762 1253 1816 δι’
1292 1765 1642 1837 εὐεργεσιῶν,
1664 1749 1760 1827 Vm
1784 1774 2056 1832 κολάσεων

479 1842 772 1908 παιδεύων,
832 1848 1120 1915 νουθετῶν,
1172 1853 1262 1907 διὰ
1289 1856 1388 1926 τῆς
1446 1861 1678 1927 κτίσεως
1724 1864 1895 1935 αὐτῆς
1934 1867 2057 1921 καθ’

476 1929 692 2001 ἡμέραν
740 1933 1114 2010 ἐργαζομένης
1157 1941 1252 1995 καὶ
1287 1942 1385 2014 τὴν
1424 1946 1698 2004 διακονίαν
1744 1929 2057 2025 πλη-ρούσης

472 2021 573 2092 τὴν
594 2024 862 2087 είωθυῑαν,
894 2027 983 2081 διὰ
1014 2030 1123 2084 τῶν
1156 2034 1471 2105 παραδόξως
1511 2040 1661 2111 παρὰ
1714 2042 1783 2097 τά
1826 2021 2057 2100 είωθότα

475 2114 797 2182 γινομένων,
825 2117 912 2172 διά
939 2119 1045 2173 τῶν
1069 2122 1126 2175 ἐν
1158 2122 1298 2197 ἀρχῇ
1336 2125 1574 2184 δικαίων.
1602 2133 1708 2185 Kal
1729 2135 1837 2207 γὰρ
1859 2136 2056 2209 ἄνδρας

476 2202 827 2275 θαυμαστοὺς
856 2210 951 2261 zeal
981 2211 1298 2283 φιλοσοφίας
1325 2217 1592 2287 γέμοντας
1639 2222 1746 2275 ἀπὸ
1772 2202 2056 2292 τόπων-είς

364 2291 370 2297 “
473 2294 672 2357 τόπους
701 2298 1002 2369 μετήγαγε.
1030 2304 1140 2356 Καὶ
1168 2304 1277 2376 γὰρ
1304 2307 1400 2361 zeal
1440 2308 1533 2363 τὸν
1567 2311 1816 2386 Ἀϐραάμ
1843 2316 1938 2372 νῦν
1957 2319 2056 2389 μὲν

473 2384 554 2446 είς
593 2386 979 2465 Παλαιστίνην,
1019 2393 1114 2447 νῦν
1139 2394 1196 2447 δὲ
1230 2398 1311 2461 είς
1348 2399 1623 2469 Αἴγυπτον
1646 2384 2056 2477 παρεσκεύασεν

475 2474 628 2548 [e85]
676 2478 951 2549 ἀπελθεῖν,
984 2486 1077 2538 καὶ
1106 2486 1196 2541 τὸν
1253 2488 1448 2544 Ἰακὼϐ
1478 2493 1558 2557 είς
1584 2474 1804 2568 Συρίὰινο
1851 2501 2055 2555 Μωσέα

473 2566 635 2621 πάλιν
663 2570 742 2632 είς
774 2569 1069 2639 Αἴγυπτον,
1094 2577 1219 2641 τοὺς
1240 2582 1387 2651 τρεῖς
1420 2583 1617 2649 παῖδας
1637 2566 1715 2651 είς
1737 2588 2052 2662 Βαϐυλῶνα,

473 2658 567 2710 καὶ
598 2658 689 2713 τθν
714 2662 932 2734 Δανιὴλ,
963 2667 1056 2719 zeal
1090 2668 1181 2721 τὸν
1227 2670 1510 2746 Ἰεζεκιὴλ,
1548 2677 1640 2731 τὸν
1670 2676 1728 2733 δὲ
1769 2658 2041 2756 Ἱερεμίαν

469 2750 550 2812 είς
582 2750 878 2819 Αἴγυπτον.
928 2750 1061 2810 Εἶτα
1107 2758 1201 2812 zeal
1230 2760 1391 2832 νόμον
1425 2764 1612 2834 ἔδωκε,
1642 2771 1737 2824 zeal
1765 2750 2051 2846 προφήτας

473 2841 782 2909 ἀπέστειλε,
817 2846 910 2898 zeal
952 2846 1172 2920 ἔπληξε,
1206 2852 1298 2905 zeal
1344 2855 1533 2927 ἀνῆκε,
1568 2860 1661 2912 zeal
1708 2841 2054 2939 αίχμαλωσίᾳ

470 2930 779 3000 παρέδωκε,
806 2934 900 2987 zeal
929 2936 1240 3011 ἐλευθερίας
1277 2941 1500 3010 ἠξίωσε,
1526 2948 1619 3001 καὶ
1642 2950 1705 3002 οὐ
1729 2930 1966 3010 διέλιπεν
1995 2930 2055 3023 ἐξ

468 3023 645 3094 ἀρχῆς
664 3024 769 3089 ἕως
787 3026 975 3093 τέλους
996 3031 1172 3086 πάντα
1203 3035 1373 3090 ποιῶν
1401 3039 1497 3091 zeal
1535 3046 2054 3118 πραγματευόμενος

470 3116 611 3188 ὑπὲρ
642 3120 737 3172 τοῦ
763 3119 953 3188 γένους
980 3121 1074 3175 τοῦ
1097 3127 1387 3198 ήμετέρου.
1413 3129 1546 3182 Οὐδὲ
1577 3133 1683 3204 γὰρ
1712 3116 1954 3209 ἠρκέσθη
1986 3144 2051 3212 τῇ

469 3208 578 3261 ἀπὸ
609 3210 708 3281 τῆς
736 3212 965 3278 κτίσεως
993 3214 1312 3292 διδασκαλίᾳ
1345 3221 1482 3291 πρὸς
1507 3222 1833 3294 θεογνωσίαν
1865 3208 2056 3303 φερούλ

472 3317 543 3374 σῃ
574 3301 754 3372 μόνον,
776 3304 891 3358 ἀλλ’
911 3308 1099 3381 ἐπειδὴ
1134 3310 1319 3365 πολλοὶ
1352 3314 1503 3385 παρά
1525 3317 1623 3383 τὴν
1643 3320 1756 3372 οίκε
1765 3320 1849 3375 ίαν
1872 3301 2051 3391 ἀγνω-

472 3393 710 3465 μοσύνην
746 3396 898 3451 οὐδὲν
915 3398 1164 3454 ἐντεῦθεν
1184 3399 1487 3470 ἀπώναντο,
1519 3407 1612 3460 zeal
1636 3409 1829 3481 ἐτέρας
1857 3411 2052 3485 ἔτεμεν

467 3484 625 3549 ὁδοὺς
651 3484 1024 3556 διδασκαλίας,
1055 3491 1157 3545 καὶ
1188 3491 1338 3557 τέλος
1368 3494 1429 3555 τὸ
1462 3488 1757 3567 κεφάλαιον
1775 3500 1884 3555 τῶν
1915 3484 2054 3572 ἀγα-

468 3575 579 3630 θῶν
615 3578 930 3648 είργάσατο,
979 3581 1189 3637 καὶτὸν
1234 3584 1362 3640 Υίὸν
1404 3588 1689 3645 ἀπέστειλε
1720 3592 1811 3646 τὸν
1835 3596 2049 3662 ἐαυτοῦ,

465 3668 560 3721 τὸν
590 3668 720 3723 Υίὸν
753 3670 844 3725 τὸν
871 3674 1113 3744 γνήσιον,
1142 3674 1235 3729 τὸν
1275 3680 1560 3751 μονογενῆ⁸
1590 3683 1681 3735 καὶ
1704 3684 1733 3734 ὁ
1762 3684 1859 3756 τῆς
1882 3677 2052 3757 αὖτῆξ

466 3764 685 3831 φύσεως
710 3763 786 3818 ὣν
823 3765 993 3837 αὐτῷ,
1022 3768 1230 3837 γίνεται
1259 3770 1398 3843 ὅπερ
1426 3773 1557 3841 ἐγὼ,
1590 3778 1681 3830 zeal
1704 3777 1796 3831 ἐπὶ
1821 3779 1925 3850 γῆς
1956 3778 2053 3850 βα-

465 3855 628 3925 δίζων
654 3860 767 3922 τοῖς
797 3859 1108 3933 ἀνθρώποις
1125 3866 1607 3937 συνανεστρέφετο,
1641 3872 1734 3925 καὶ
1762 3873 1937 3944 ἤσθιε,
1955 3872 2052 3930 zeal

464 3951 641 4017 ἔπινε,
673 3953 768 4006 zeal
799 3955 1116 4025 περιεπόλει
1162 3954 1264 4028 τὴν
1312 3958 1416 4029 γῆν
1445 3961 1735 4027 παιδεύων,
1761 3964 2048 4033 διδάσκων,

463 4043 753 4108 νουθετῶν,
807 4046 1262 4121 θαυματουργῶν,
1315 4051 1381 4105 δι’
1412 4046 1488 4108 ὧν
1518 4055 1808 4126 προύλεγε,
1853 4060 1920 4113 δι’
1975 4054 2051 4116 ὧν

464 4130 725 4201 παρῄνει,
748 4133 817 4185 δι’
847 4128 922 4188 ὧν
971 4138 1346 4205 συνεϐούλευε,
1391 4141 1459 4195 δι’
1491 4137 1567 4197 ὧν
1600 4145 1827 4216 ἔπασχε,
1865 4149 1935 4203 δι’
1973 4142 2051 4204 ὧν

465 4222 747 4291 ὑπέμεινε,
766 4223 833 4276 δι’
861 4218 937 4277 ὧν
970 4226 1358 4297 ἐπηγγέλλετο,
1388 4231 1457 4284 δι’
1496 4226 1572 4287 ὧν
1600 4235 1790 4290 ἐδίδου.
1818 4239 1927 4291 Kal
1942 4239 2049 4311 γὰρ

463 4311 535 4364 τά
570 4313 670 4383 μὲν
698 4313 948 4369 ἐντεῦθεν
981 4315 1080 4388 ἤδη
1130 4320 1391 4390 παρέσχε,
1423 4323 1493 4376 τὰ
1516 4324 1573 4377 δὲ
1610 4327 1747 4397 πρὸς
1773 4328 1833 4380 τὸ
1856 4329 2050 4399 μέλλον

463 4405 848 4476 ἐταμιεύσατο,
877 4406 913 4461 ἃ
942 4409 1037 4462 zeal
1062 4411 1144 4463 ὅτι
1172 4410 1353 4479 δώσει,
1385 4413 1480 4466 zeal
1528 4415 1597 4468 δι’
1617 4412 1692 4472 ὧν
1739 4420 1819 4474 ἔτι
1845 4422 2049 4494 περιὼν

463 4496 559 4550 ἐπὶ
589 4496 694 4568 γῆς
720 4496 1013 4569 θαυμάτων
1040 4501 1350 4572 εἰργάσατο,
1383 4504 1540 4576 δῆλον
1569 4509 1813 4581 ἐποίησε,
1843 4515 1938 4568 zeal
1960 4512 2049 4569 διά

465 4588 565 4658 τῆς
600 4590 738 4660 μετὰ
765 4589 937 4646 ταῦτα
970 4586 1047 4646 ὧν
1086 4599 1315 4664 προεῖπε
1343 4599 1558 4654 πάντων
1602 4601 1898 4669 ἐκϐάσεως.
1954 4608 2049 4675 Τίς

463 4685 728 4754 λαλήσει
764 4686 869 4754 τὰς
921 4687 1288 4756 δυναστείας
1320 4692 1428 4747 τοῦ
1472 4696 1713 4765 Κυρίου,
1743 4700 2049 4770 ἀκουστὰς

346 4774 349 4777 ’
462 4775 703 4842 ,ποιήσει
726 4778 929 4847 πάσας
963 4777 1071 4847 τὰς
1117 4781 1381 4850 αἱνέσεις
1414 4785 1635 4852 αὐτοῦ;
1671 4788 1769 4853 Τίς
1829 4793 1929 4845 οὐκ
1978 4792 2045 4848 ἂν

463 4867 715 4937 ἐκσταίη,
751 4870 837 4933 τίς
869 4872 969 4926 οὐκ
997 4873 1063 4927 ἂν
1092 4875 1301 4944 φρίξειε
1328 4876 1428 4947 τὴν
1461 4876 1668 4947 ἄφατον
1694 4882 1856 4936 αὐτοῦ
1882 4884 2044 4956 κηδε-

467 4955 676 5028 μονίαν,
727 4959 923 5015 ἐννοῶν
973 4963 1091 5028 πῶς
1122 4965 1262 5039 ὑπὲρ
1287 4966 1397 5022 τῶν
1447 4971 1778 5043 ἀγνωμόνων
1817 4976 2044 5032 οἰκετῶν

463 5045 554 5100 τὸν
586 5049 847 5122 μονογενῆ
881 5051 1007 5107 Υίδν
1026 5055 1105 5118 είς
1136 5056 1362 5115 θάνατον
1384 5062 1667 5129 ἐκδέδωκε,
1701 5064 1926 5123 θάνατον
1951 5070 2043 5126 τὸν

462 5137 756 5208 ἐπάρατον,
785 5140 875 5193 τὸν
907 5142 1268 5205 ἐπονείδιστον
1315 5151 1423 5207 τῶν
1450 5153 1518 5210 τὰ
1552 5155 1825 5228 ἀνήκεστα
1870 5162 2044 5217 τετολ-

467 5226 740 5296 μηκότων,
768 5228 997 5285 θάνατον
1027 5232 1119 5288 τὸν
1160 5237 1270 5293 τῶν
1298 5243 1602 5298 καταδίκων
1622 5226 1648 5309 ;-
1679 5249 1787 5302 Kal
1815 5250 1923 5322 γὰρ
1955 5252 2043 5322 ἐφ’

463 5314 667 5383 ὑψηλοῦ
721 5318 815 5372 τοῦ
866 5321 1039 5392 ίκρίου
1074 5324 1542 5398 ἀνεσκολοπίζετο,
1586 5337 1680 5392 zeal
1726 5340 2038 5410 ἐνεπτύετο,

463 5408 556 5463 zeal
586 5408 931 5480 ἐρῤαπίζετο,
965 5415 1060 5467 zeal
1080 5418 1170 5470 ἐπὶ
1191 5419 1398 5491 κόρρης
1426 5424 1705 5495 ἐτύπτετο,
1737 5431 1831 5484 zeal
1853 5408 2039 5507 ἐκωμξ

463 5500 681 5588 ῳδεῖτο,
727 5504 822 5556 zeal
859 5504 927 5579 ἐν,
959 5505 1114 5576 μέρει
1151 5509 1374 5581 χάριτος
1405 5513 1689 5587 ἐθάπτετο,
1714 5524 1809 5577 καὶ
1835 5500 2043 5597 σήμαν-

465 5608 572 5664 τρα
604 5592 769 5648 αὑτοῦ
790 5594 868 5667 τῷ
894 5596 1138 5667 μνήματι
1177 5601 1478 5659 ἐπετίθετο·
1506 5608 1599 5662 zeal
1627 5612 1798 5667 ταῦτα
1827 5613 2040 5672 ἅπαντα

463 5686 724 5757 ὑφίστατο
747 5687 834 5745 διά
857 5688 940 5754 σὲ,
967 5691 1060 5746 zeal
1076 5691 1174 5766 τὴν
1203 5693 1526 5768 κηδεμονίαν
1549 5701 1651 5765 τὴν
1676 5704 1794 5777 σὴν.
1820 5709 1904 5763 ἵνα
1940 5711 2041 5783 τῆς

1192 276 1251 335 S.
1292 277 1580 338 JOANNIS
1615 280 2104 343 CHRYSOSTOMI
2140 288 2460 354 ARCHIEP.
2494 296 3046 361 CONSTANTINOP.

3625 311 3728 371 4.18

2163 410 2433 483 ἁμαρτίας
2467 416 2502 487 ή
2529 417 2781 488 τυραννὶς
2822 419 3107 492 ἀναιρεθῇ,
3159 421 3248 477 ἵνα
3301 424 3599 500 καθαιρεθῇ
3638 434 3732 487 τοῦ

2159 507 2406 566 διαϐόλου
2440 514 2475 585 ή
2512 515 2844 588 ἀκρόπολις,
2897 517 2986 573 ἵνα
3033 521 3213 593 τμηθῇ
3247 523 3341 577 τοῦ
3399 524 3625 582 θανάτου
3666 533 3733 586 τὸ

2160 603 2349 678 νεῦρα,
2374 607 2461 663 l'va
2489 610 2778 681 ἀνοιγῶσιν
2802 615 2937 686 ἡμῖν
2958 616 3013 670 al
3030 615 3125 670 τοῦ
3151 617 3383 690 ούρανοῦ
3416 621 3601 691 πύλαι,
3646 628 3735 682 ἴνα

2160 701 2433 779 ἀφανισθῇ
2467 705 2501 778 ὴ
2541 706 2670 778 ἀρά,
2694 708 2782 764 ἵνα
2812 712 2846 782 ή
2892 712 3134 785 προτέρα
3164 716 3430 790 καταδίκη
3458 719 3614 793 λυθῇ,
3646 725 3734 778 ἵνα

2162 799 2341 874 μάθῃς
2360 801 2657 876 ὑπομονὴν,
2686 805 2772 860 ἵνα
2795 808 3087 882 παιδευθῇς
3107 814 3423 886 καρτερίαν,
3449 816 3537 871 ἴνα
3567 820 3735 890 μηδέν

2160 915 2220 952 σε
2246 897 2361 952 τῶν
2382 899 2476 979 τοῦ
2494 902 2757 974 παρόντος
2778 903 2892 975 βίου
2908 905 3072 979 λυπῇ,
3092 908 3169 980 μὴ
3190 909 3436 977 θάνατος,
3458 914 3534 986 μὴ
3553 914 3730 986 ὕϐρις,

2160 997 2236 1070 μὴ
2252 996 2529 1071 λοιδορίαι,
2553 1000 2627 1072 μὴ
2654 1000 2981 1073 σκώμματα,
3012 1004 3087 1076 μὴ
3112 1007 3394 1077 μάστιγες,
3416 1010 3490 1082 μὴ
3523 1013 3734 1084 ἐχθρῶν

2156 1092 2461 1160 ἐπιϐουλαὶ,
2496 1096 2571 1168 μὴ
2595 1098 2875 1170 ἐπήρειαι,
2915 1100 2990 1172 μὴ
3016 1100 3214 1172 ἔφοδοι,
3249 1104 3324 1176 μὴ
3354 1109 3729 1178 συκοφαντίαι,

2158 1191 2234 1263 μὴ
2256 1192 2551 1264 ὑπολήψεις
2579 1197 2835 1268 πονηραὶ,
2869 1199 2942 1269 μὴ
2968 1198 3094 1253 ἄλλο
3117 1201 3224 1256 τῶν
3251 1203 3510 1259 τοιούτων
3541 1207 3731 1278 μηδέν.

2154 1288 2256 1344 Διά
2274 1289 2385 1363 γάρ
2411 1292 2628 1347 πάντων
2649 1295 2744 1348 zeal
2766 1296 2929 1353 αὐτὸς
2949 1292 3101 1368 ἦλθε,
3130 1299 3227 1354 zeal
3251 1300 3469 1356 πάντων
3492 1320 3575 1357 σοι
3607 1304 3737 1358 τού-

2152 1402 2262 1441 των
2301 1387 2647 1461 ἐκοινώνησε,
2702 1393 2798 1446 zeal
2844 1391 2931 1446 διά
2990 1394 3208 1450 πάντων
3268 1398 3389 1468 μεθ’
3429 1399 3738 1471 ὑπερϐολῆς

2153 1483 2447 1557 ἐκράτησε,
2471 1485 2741 1543 παιδεύων
2771 1504 2832 1541 σε
2851 1490 2946 1543 zeal
2959 1490 3225 1547 διδάσκων
3243 1494 3410 1565 μηδὲν
3435 1495 3543 1551 τῶν
3564 1498 3739 1551 τοιού-

2152 1595 2261 1633 των
2297 1580 2609 1637 δεδοικέναι.
2658 1585 2769 1639 Kal
2818 1586 2939 1640 οὐδὲ
2984 1587 3195 1654 τούτοις
3258 1590 3503 1664 ἠρκέσθη
3544 1595 3733 1664 μόνον,

2152 1674 2287 1731 ἀλλά
2326 1676 2419 1731 zeal
2460 1679 2703 1733 ἀνελθὼν
2753 1682 2834 1746 είς
2892 1684 3155 1756 οὐρανοὺς
3208 1686 3525 1759 Πνεύματος
3573 1691 3736 1759 ἁγίου

2151 1773 2446 1845 ἐχαρίσατο
2504 1776 2665 1847 χάριν
2724 1777 2948 1848 ἄφατον,
3003 1783 3097 1836 zeal
3145 1784 3474 1850 ἀποστόλους
3516 1786 3736 1859 έπεμψε

2151 1866 2280 1929 τοὺς
2310 1866 2453 1939 πρός
2475 1870 2634 1924 τοῦτο
2670 1871 3177 1946 διακονησομένους.
3213 1878 3322 1932 Kal
3359 1878 3499 1949 ὀρῶν
3531 1881 3737 1946 αὐτοὺς

2151 1963 2279 2027 τοὺς
2304 1965 2403 2037 τῆς
2425 1964 2571 2039 ζωῆς
2603 1968 2855 2042 κήρυκας
2898 1971 2965 2025 τά
2999 1972 3167 2044 μυρία
3210 1974 3520 2047 πάσχοντας
3555 1979 3733 2044 κακά,

2155 2059 2610 2134 μαστιζομένους,
2664 2066 3086 2140 ὑϐριζομένους,
3138 2072 3737 2144 καταποντιζομένους,

2152 2158 2646 2229 κατατεινομένους
2671 2162 2815 2233 λιμῷ
2846 2164 2939 2217 zeal
2975 2163 3137 2235 δίψει,
3174 2166 3296 2221 καθ’
3324 2168 3557 2237 ἑκάστην
3587 2168 3741 2239 ὴμέ-

2154 2269 2253 2321 ραν
2281 2254 2635 2326 ἀγχομένους,
2660 2257 2805 2333 [484]
2834 2260 3084 2326 θανάτοις
3121 2262 3398 2328 συζῶντας
3425 2264 3741 2337 καθημερι-

2148 2350 2280 2412 νοῖς,
2311 2350 2553 2421 ἠνείχετο
2601 2353 2691 2409 διά
2719 2356 2808 2421 σὲ,
2845 2357 2939 2410 zeal
2979 2359 3079 2429 τὴν
3129 2360 3453 2431 κηδεμονίαν
3481 2360 3579 2434 τὴν
3602 2362 3737 2433 σήν.

2150 2445 2249 2499 Διά
2281 2446 2362 2512 σὲ,
2394 2447 2669 2521 ἄνθρωπε,
2710 2452 2806 2505 zeal
2833 2452 3105 2523 βασιλείαν
3135 2457 3418 2529 ἡτοίμασε,
3449 2456 3537 2512 διὰ
3562 2459 3625 2512 σέ
3659 2460 3743 2515 τὰ

2149 2542 2349 2613 ἀγαθά
2367 2546 2436 2601 τὰ
2462 2547 2772 2622 ἀπόρρητα,
2798 2551 2898 2624 τὴν
2920 2553 3071 2626 λῆξιν
3103 2557 3318 2628 ἐκείνην
3347 2557 3445 2628 τὴν
3478 2559 3537 2611 ἐν
3560 2560 3740 2630 ούρα-

2148 2645 2279 2705 νοῖς,
2302 2643 2401 2709 τάς
2428 2647 2595 2716 μονάς
2613 2646 2713 2711 τὰς
2743 2648 3034 2722 διαφόρους
3066 2654 3161 2707 zeal
3188 2653 3456 2718 ποικίλας,
3482 2655 3581 2725 τὴν
3617 2673 3741 2726 μα-

2149 2742 2470 2816 καριότητα,
2486 2746 2586 2819 τὴν
2612 2748 2867 2804 οὐδέποτε
2889 2749 3033 2823 λόγῳ
3063 2753 3463 2826 ἐρμηνευθῆναι
3489 2753 3741 2826 δυναμέ-

2148 2852 2266 2910 νην.
2291 2841 2539 2897 Τοσαῦτα
2566 2840 2659 2899 οὖν
2686 2845 2825 2917 έχων
2846 2847 3112 2919 δείγματα
3142 2850 3307 2904 αὑτοῦ
3323 2851 3421 2923 τῆς
3448 2852 3741 2924 προνοίας,

2147 2934 2217 2989 τά
2238 2937 2297 2992 ἐν
2326 2940 2394 3010 τῇ
2422 2941 2622 3013 Καινῇ,
2653 2942 2722 2997 τά
2754 2944 2814 2998 ἐν
2837 2946 2905 3017 τῇ
2938 2945 3175 3019 Παλαιᾷ,
3217 2948 3288 3003 τά
3310 2950 3369 3003 ἐν
3391 2948 3469 3018 τῷ
3496 2948 3742 3021 παρόντι

2149 3031 2277 3102 βίῳ,
2293 3035 2363 3090 τά
2384 3038 2442 3091 ἐν
2465 3038 2543 3110 τῷ
2568 3039 2836 3109 μέλλοντι,
2861 3043 2930 3098 τά
2950 3043 3205 3114 ἐσόμενα,
3235 3032 3302 3099 τὰ
3321 3045 3607 3116 γενόμενα,
3658 3045 3744 3100 τὰ

2148 3131 2523 3207 καθ’ἑκάστην
2552 3138 2945 3211 ἐπιτελούμενα
2970 3142 3320 3215 τὴνήμέραν,
3348 3143 3418 3198 τά
3444 3141 3503 3209 ἐξ
3527 3143 3738 3215 ἀρχῆς.

2146 3226 2217 3281 τά
2254 3230 2311 3284 ἐν
2340 3229 2416 3301 τῷ
2443 3232 2614 3303 μέσῳ,
2640 3234 2706 3287 τὰ
2737 3237 2795 3289 ἐν
2819 3236 2898 3308 τῷ
2919 3237 3080 3303 τέλει,
3110 3238 3178 3293 τὰ
3205 3239 3486 3311 διηνεκῶς,
3511 3238 3581 3293 τὰ
3600 3241 3744 3313 περὶ

2149 3326 2329 3399 σῶμα,
2363 3328 2432 3382 τὰ
2466 3330 2594 3401 περὶ
2639 3329 2840 3405 ψυχὴν,
2872 3334 2968 3388 zeal
3003 3336 3232 3405 νιφάδας
3280 3336 3421 3408 ὁρῶν
3458 3336 3744 3392 πάντοθεν

2147 3424 2452 3495 φερομένας
2505 3426 2855 3498 ἀποδείξεων,
2897 3432 3376 3503 ἀνακηρυττούσας
3425 3433 3590 3486 αὐτοῦ
3627 3432 3746 3506 τὴν

2146 3524 2421 3594 πρόνοιαν,
2461 3528 2824 3598 ἀμφιϐάλλεις
2866 3529 2986 3597 Ere;
3043 3531 3184 3584 Ἀλλ’
3203 3532 3305 3586 οὐκ
3341 3531 3743 3603 ἀμφιϐάλλεις.

2148 3621 2491 3685 πιστεύειςδέ
2519 3625 2601 3678 ὅτι
2629 3608 2866 3697 προνοεῖ,
2900 3627 2995 3682 zeal
3020 3628 3291 3694 πέπεικας
3318 3629 3511 3683 σαυτὸν
3544 3629 3741 3685 τοῦτο.

2146 3715 2356 3770 οὐκοῦν
2383 3719 2548 3790 μηδὲν
2570 3722 2935 3793 περιεργάζου
2953 3724 3135 3791 πλέον,
3156 3724 3311 3790 εἰδὼς
3335 3723 3494 3778 τοῦτο
3516 3724 3740 3795 σαφῶς,

2145 3814 2227 3868 ὅτι
2279 3817 2554 3890 Δεσπότην
2587 3818 2732 3891 ἔχεις
2779 3821 3031 3894 πατέρων
3072 3821 3570 3895 φιλοστοργότερον,
3629 3823 3746 3877 zeal

2149 3913 2399 3987 μητέρων
2418 3915 2546 3987 κηδε
2555 3918 2818 3988 μονικώτε
2824 3937 2940 3990 ρον,
2955 3920 3191 3992 νυμφίου
3212 3922 3307 3974 zeal
3324 3919 3542 3992 νύμφης
3556 3918 3744 3990 ἐρῶν-

2142 4031 2214 4070 τα
2271 4015 2692 4088 ἐρωτικώτερον,
2723 4018 2930 4071 οἰκείαν
2972 4018 3275 4073 ἀνάπαυσιν
3296 4018 3395 4089 τὴν
3432 4018 3530 4089 σὴν
3560 4019 3744 4089 ἡγού-

2148 4130 2307 4184 μενον
2362 4115 2659 4187 σωτηρίαν,
2695 4116 2790 4169 καὶ
2829 4114 3033 4187 μᾶλλον
3077 4117 3170 4170 ἐπὶ
3222 4117 3395 4189 ταύτῃ
3440 4115 3741 4188 χαίροντα,

2143 4212 2177 4283 ἢ
2221 4213 2285 4265 σὺ
2312 4214 2405 4265 ἐπὶ
2431 4212 2720 4287 ἀπαλλαγῇ
2740 4213 2999 4269 κινδύνων
3021 4214 3114 4269 zeal
3140 4214 3386 4269 θανάτων
3413 4216 3569 4286 (ὅπερ
3583 4214 3676 4269 ἓδε
3687 4234 3743 4270 e-

2144 4307 2211 4375 ξα
2246 4308 2336 4363 διὰ
2368 4308 2461 4363 τοῦ
2508 4310 2707 4380 Ἰωνᾶ),
2743 4313 2836 4365 zeal
2855 4313 2965 4367 πᾶν
2998 4307 3136 4376 εἶδος
3168 4313 3388 4385 ἀγάπης
3417 4312 3745 4368 ἐπιδεικνύ-

2145 4422 2329 4478 μενον.
2358 4407 2387 4461 ὃ
2430 4408 2614 4480 πατὴρ
2640 4409 2771 4481 περὶ
2796 4410 2993 4473 παῖδας
3022 4409 3155 4480 ἔχει,
3186 4410 3219 4482 ἢ
3258 4411 3441 4482 μήτηρ
3467 4411 3595 4482 περὶ
3631 4411 3745 4467 ἕκ-

2143 4519 2295 4573 γονα,
2327 4506 2356 4558 ὁ
2375 4505 2754 4578 ἀμπελουργὸς
2773 4509 2900 4580 περὶ
2922 4508 3086 4579 φυτὰ,
3109 4509 3138 4562 ὁ
3167 4508 3444 4579 οἰκοδόμος
3466 4508 3593 4580 περὶ
3629 4510 3746 4564 τέ·-

2142 4617 2296 4671 χνην,
2321 4603 2349 4656 ὁ
2372 4602 2604 4673 νυμφίος
2633 4605 2761 4676 περὶ
2788 4605 3025 4677 νύμφην,
3051 4608 3081 4660 ὁ
3107 4605 3386 4670 νεανίσκος
3408 4607 3538 4677 περὶ
3580 4621 3743 4677 παρ.

2142 4696 2315 4764 θένον,
2348 4697 2443 4753 zeal
2468 4698 2792 4770 βουλόμενον
2825 4701 3134 4773 ἀποστῆσαι
3164 4719 3256 4755 σου
3286 4699 3354 4755 τά
3391 4702 3559 4769 κακὰ,
3598 4703 3741 4758 ὅσον

2139 4796 2446 4868 ἀφέστηκεν
2469 4797 2700 4870 ἀνατολὴ
2735 4799 2834 4869 τῆς
2863 4797 3088 4866 δύσεως,
3116 4800 3239 4853 ὅσον
3266 4798 3598 4871 ὑψηλότερος
3621 4802 3739 4873 τῆς

2141 4895 2245 4967 γῆς
2264 4896 2534 4967 ὁούρανδς
2565 4895 2681 4969 (zeal
2695 4895 2804 4968 γάρ
2838 4896 2932 4952 zeal
2962 4897 3122 4951 τοῦτο
3151 4897 3561 4969 ἀπεδείξαμεν),
3583 4899 3739 4970 μάλ.

2138 4991 2228 5047 λον
2276 4993 2334 5048 δὲ
2386 4994 2446 5047 οὐ
2480 4992 2731 5047 τοσοῦτον
2773 4993 2952 5064 μόνον,
3011 4994 3149 5049 ἀλλά
3181 4996 3273 5050 zeal
3320 4993 3500 5066 πολλῷ
3531 4996 3731 5050 πλέον·

2083 5146 2090 5153 ,
2140 5089 2390 5163 καθάπερ
2410 5089 2691 5164 ἐδείξαμεν
2727 5092 2818 5145 τὸν
2842 5089 3195 5163 περὶτούτων
3225 5089 3501 5153 κινοῦντες
3532 5091 3729 5159 λόγον,

2137 5186 2231 5238 zeal
2281 5188 2708 5259 παραινέσαντες
2735 5188 2810 5260 μὴ
2869 5187 3031 5260 μέχρι
3072 5187 3180 5241 τῶν
3207 5188 3431 5241 εἰκόνων
3467 5187 3731 5255 ἑστάναι,

2136 5280 2255 5335 ἀλλ’
2294 5284 2644 5355 ὑπερϐαίνειν
2674 5286 2786 5347 τοῖς
2815 5284 3114 5356 λογισμοῖς.
3163 5285 3585 5356 Ἀνερμήνευτος
3601 5284 3732 5358 γὰρ

2135 5378 2169 5450 ἡ
2197 5381 2289 5435 τοῦ
2316 5382 2449 5436 Θεοῦ
2476 5385 2722 5455 πρόνοια,
2762 5386 2854 5439 zeal
2874 5386 3259 5457 ἀκατάληπτος
3290 5384 3450 5439 αὑτοῦ
3486 5386 3517 5456 ή
3554 5385 3721 5454 κηδεα

2140 5478 2318 5547 μονία,
2360 5477 2600 5549 άρῤητος
2655 5481 2689 5552 ἡ
2745 5480 3018 5553 ἀγαθότης
3084 5484 3180 5538 zeal
3228 5480 3629 5555 ἀνεξιχνίαστος
3685 5486 3732 5557 ἡ

2138 5572 2533 5644 φιλανθρωπία.

2208 5732 2388 5790 Ταῦτα
2417 5730 2508 5788 οὖν
2537 5734 2747 5801 ἅπαντα
2795 5736 2968 5803 εἰδὼς,
3021 5736 3113 5791 καὶ
3143 5735 3210 5791 δι’
3247 5728 3326 5792 ὧν
3367 5736 3731 5809 ἀπεφήνατο,
