4030 6206
172 330 259 381 £97
1024 323 1114 377 AD
1155 319 1284 377 EOS
1322 319 1436 389 QUI
1478 311 1970 374 SCANDALIZATI
2000 313 2200 372 SUNT.
2242 315 2369 372 LlB.
2412 315 2611 373 UNUS.

168 455 439 512 tamquam
471 439 595 497 navi
618 437 1048 509 gubernatorem,
1077 446 1130 492 et
1154 451 1292 506 equo
1319 436 1573 505 aurigam,
1595 430 1746 500 cogi-

166 532 459 587 talionibUS
485 530 684 586 nostris
718 543 839 585 eum
868 527 1122 598 pmfecit.
1150 527 1224 581 lta
1260 527 1506 581 nimirum
1532 533 1587 579 et
1612 521 1745 577 Abel

170 627 341 693 ipsum
382 620 551 683 novit.
579 635 702 676 cum
745 634 853 674 non
890 628 1070 673 essent
1094 618 1282 682 litem,
1316 632 1423 672 non
1453 614 1744 686 prophetae,

166 732 263 768 non
320 710 592 784 apostoli,
642 726 814 782 neque
877 709 1072 779 scripta
1131 709 1217 765 lex
1268 709 1600 773 institueret,
1650 704 1746 761 sed

165 804 302 873 quod
358 818 389 856 a
442 813 629 857 natura
679 802 891 857 insitam
938 801 1110 871 legem
1155 800 1393 857 haberet.
1440 798 1515 853 lta
1568 797 1744 853 Cain:

169 915 282 950 nam
315 907 371 951 et
401 896 491 951 ille
516 896 691 961 novit;
715 904 768 950 et
806 903 1026 965 uterque
1062 893 1277 964 quidem
1314 893 1487 963 ipsum
1522 890 1744 955 sciebat,

169 1000 210 1043 et
265 988 602 1042 dominatum
648 994 957 1055 agnoverat,
985 983 1079 1039 sed
1121 1000 1225 1040 non
1256 982 1499 1038 eamdem
1524 988 1749 1050 uterque

171 1083 299 1134 viam
343 1081 616 1150 ingressus
662 1087 765 1141 est,
794 1093 978 1132 verum
1025 1076 1158 1131 alter
1195 1075 1411 1145 quidem
1456 1072 1590 1139 vitii,
1613 1071 1749 1126 alter

171 1182 339 1224 autem
369 1170 598 1223 virtutis.
624 1168 1000 1223 Verumtamen
1032 1182 1096 1221 ne
1117 1168 1195 1221 sic
1218 1164 1430 1236 quidem
1451 1164 1621 1234 ipsum
1648 1163 1747 1217 de-

172 1262 352 1324 seruit,
375 1259 471 1315 sed
517 1269 571 1314 et
612 1260 821 1328 lapsum
843 1272 905 1312 ac
931 1258 1326 1327 supplantatum
1354 1255 1545 1321 erexit,
1570 1262 1625 1309 et
1652 1268 1747 1309 sua

172 1368 289 1406 cura
320 1352 566 1421 dignatus
592 1360 675 1405 est
702 1364 716 1401 :
750 1363 814 1405 ac
841 1349 1072 1419 primum
1104 1346 1315 1417 quidem
1356 1347 1599 1401 hortatus
1641 1354 1744 1412 est,

172 1454 217 1499 et
238 1444 518 1499 consilium
541 1442 709 1508 dedit,
735 1449 915 1512 postea
936 1456 1065 1495 vero
1090 1448 1232 1494 metu
1261 1453 1323 1493 ac
1352 1447 1584 1493 tremore
1599 1450 1748 1491 com-

174 1536 402 1601 monuit,
451 1534 702 1601 erudivit,
742 1533 972 1589 edocuit.
1002 1532 1262 1601 Quoniam
1315 1538 1493 1585 autem
1542 1536 1745 1584 tantum

174 1646 360 1685 llitllllls
390 1628 632 1682 homines
656 1627 809 1680 multi
840 1625 1206 1695 prodiderunt,
1238 1623 1376 1678 hanc
1404 1622 1619 1692 inquam
1652 1635 1748 1673 na-

173 1720 351 1775 turalis
376 1718 633 1774 doctrinae
662 1716 962 1781 utilitatem,
992 1730 1063 1770 ne
1091 1715 1169 1768 sic
1195 1712 1409 1784 quidem
1439 1726 1532 1767 eos
1560 1710 1748 1766 dereli-

172 1813 300 1880 quit,
332 1825 505 1879 neque
528 1816 777 1863 extremo
804 1806 968 1862 exitio
991 1805 1269 1875 expositos
1287 1819 1408 1859 esse
1436 1804 1618 1867 voluit,
1651 1802 1746 1857 sed

169 1910 472 1955 constanter
496 1914 588 1955 eos
613 1900 774 1954 rebus
803 1899 951 1969 ipsis,
984 1897 1259 1952 beneﬁciis
1278 1937 1294 1962 ,
1322 1895 1597 1966 suppliciis
1622 1909 1746 1949 eru-

165 1992 277 2046 dire
326 1999 488 2060 atque
533 1990 817 2044 admonere
874 2003 979 2043 non
1032 1990 1295 2051 cessavit,
1339 2001 1403 2042 ac
1441 2001 1535 2056 per
1572 1986 1745 2056 ipsam

164 2088 474 2134 creaturam
502 2096 614 2149 quae
651 2079 875 2150 singulis
922 2079 1109 2135 diebus
1138 2086 1413 2148 operatur,
1441 2085 1496 2131 et
1518 2090 1745 2131 consue—

168 2185 273 2227 tum
320 2173 673 2226 ministerium
716 2186 869 2226 suum
920 2172 1122 2242 implet,
1150 2184 1249 2241 per
1285 2184 1348 2225 ea
1392 2184 1511 2239 qua:
1551 2176 1747 2238 prmter

165 2264 467 2332 opinionem
510 2272 568 2316 et
615 2262 1053 2317 consuetudinem
1103 2262 1254 2326 ﬁunt,
1298 2276 1394 2331 per
1429 2274 1522 2315 eos
1548 2260 1741 2329 justos,

166 2356 242 2422 qui
292 2354 363 2408 ab
409 2354 560 2408 initio
603 2354 868 2408 vixerunt.
914 2353 1184 2423 Siquidem
1230 2355 1371 2407 viros
1405 2352 1659 2416 eximios,
1691 2358 1745 2406 ct

170 2444 495 2515 philosophia
518 2460 725 2500 summa
754 2445 1004 2515 prteditos
1023 2460 1053 2500 e
1073 2445 1192 2499 loco
1222 2444 1274 2498 in
1301 2444 1475 2498 locum
1504 2451 1743 2499 transtu-

170 2537 232 2590 lit.
263 2537 399 2591 Nam
452 2548 508 2592 et
540 2536 808 2591 Abraham
840 2551 981 2591 nunc
1020 2536 1233 2608 quidem
1276 2537 1327 2590 in
1374 2535 1738 2599 Palaestinam,

170 2645 293 2683 nunc
313 2639 495 2683 autem
525 2628 577 2683 in
609 2627 899 2699 Egyptum
928 2630 1189 2699 proficisci
1211 2629 1388 2699 jussit,
1410 2638 1465 2684 et
1492 2628 1657 2684 Jacob
1687 2628 1739 2681 in

168 2721 399 2788 Syriam;
431 2720 665 2791 Moysem
699 2735 882 2775 rursus
900 2722 952 2774 in
982 2719 1293 2791 Egyptum,
1327 2729 1436 2776 tres
1466 2736 1659 2790 pueros
1689 2720 1741 2776 in

169 2810 480 2881 Babylonem
502 2853 515 2870 ,
541 2820 596 2864 et
628 2811 898 2865 Danielem
919 2851 933 2874 ,
963 2821 1016 2865 et
1061 2810 1395 2865 Ezechielem
1415 2852 1429 2873 ,
1454 2794 1739 2866 Jerentiam

169 2913 323 2956 autem
368 2903 422 2955 in
452 2901 760 2973 Egyptum.
784 2902 981 2957 Deinde
1016 2917 1146 2957 vero
1186 2903 1355 2973 legem
1387 2903 1546 2959 etiam
1570 2903 1735 2971 dedit,

170 3006 213 3045 ac
231 2991 527 3062 prophetas
558 2992 722 3059 misit,
749 3002 803 3047 et
827 2991 1032 3061 afflixit,
1054 3000 1109 3047 et
1126 2990 1462 3059 condonavit,
1484 3002 1538 3049 et
1565 2993 1738 3063 capti-

172 3085 294 3139 vitali
327 3084 572 3151 tradidit,
606 3094 657 3139 et
682 3084 927 3140 libertate
953 3084 1191 3151 donavit,
1223 3100 1396 3155 neque
1421 3100 1451 3139 a
1475 3086 1738 3157 principio

168 3174 217 3227 ad
262 3177 432 3230 ﬁnem
475 3191 645 3245 usque
688 3191 786 3245 pro
812 3190 1011 3247 genere
1055 3175 1285 3230 humano
1327 3184 1522 3231 cuncta
1564 3176 1739 3233 facere

167 3267 432 3337 molirique
458 3268 712 3321 cessavit.
758 3266 940 3337 Neque
978 3268 1120 3321 enim
1168 3268 1280 3321 sola
1327 3267 1592 3335 doctrina,
1620 3283 1739 3338 qua:

164 3359 354 3413 eiicitur
410 3374 478 3414 ex
530 3359 806 3425 creaturis,
836 3367 891 3414 et
946 3359 1012 3413 ad
1057 3358 1154 3413 Dei
1182 3359 1537 3429 cognitionem
1563 3358 1737 3414 dedu-

159 3452 236 3514 (il,
255 3461 551 3506 contentus
596 3451 711 3518 fuit,
738 3446 831 3505 sed
862 3451 1109 3521 quoniam
1150 3450 1399 3520 permulti
1439 3464 1548 3519 pra:
1575 3449 1738 3504 nimia

158 3557 235 3593 sua
264 3543 615 3611 improbitate
642 3543 775 3596 nihil
817 3558 887 3597 ex
930 3557 993 3597 ea
1040 3541 1246 3596 fuerant
1270 3542 1459 3612 adjuti,
1488 3542 1618 3596 alias
1642 3541 1741 3597 do-

154 3633 293 3685 e-ndi
347 3634 468 3687 vias
518 3631 852 3702 rationesque
898 3633 1137 3699 tentavit,
1166 3647 1229 3687 ac
1258 3633 1471 3687 tandem
1512 3632 1564 3687 id
1589 3632 1734 3704 quod

155 3736 297 3792 caput
342 3734 434 3781 est
477 3725 737 3780 bonorum
780 3726 1014 3780 omnium
1062 3725 1280 3795 largitus
1326 3734 1441 3793 est,
1474 3740 1737 3797 suumque

156 3815 335 3871 Filium
382 3808 531 3871 misit
572 3816 822 3871 dilectum
843 3858 857 3882 ,
894 3817 1220 3887 unigenitum
1245 3858 1261 3885 ,
1295 3825 1350 3872 et
1376 3817 1464 3887 qui
1496 3816 1735 3887 ejusdem

153 3918 219 3959 est
254 3919 425 3977 atque
461 3906 574 3976 ipse
612 3919 836 3975 naturae,
865 3908 921 3961 ﬁt
948 3906 1090 3978 quod
1117 3922 1217 3978 ego
1241 3924 1380 3974 sum,
1412 3917 1466 3963 et
1492 3909 1544 3963 in
1575 3909 1734 3964 terris

153 3998 425 4052 ambulans
452 4012 573 4051 cum
609 3997 912 4053 hominibus
938 3997 1373 4063 conversabatur,
1413 4007 1467 4053 et
1502 3998 1731 4053 mandu-

155 4091 316 4155 tabat,
350 4097 410 4143 et
438 4089 672 4156 bibebat,
702 4098 757 4144 et
782 4088 1039 4143 circuibat
1067 4098 1284 4155 terram,
1318 4090 1609 4156 instruens,
1637 4089 1735 4145 do-

152 4196 288 4245 osus,
322 4180 649 4245 admonens,
680 4180 845 4236 edens
873 4181 1149 4247 miracula,
1176 4180 1301 4235 dum
1332 4181 1507 4236 futura
1535 4181 1730 4252 prmdi-

152 4281 306 4335 ceret,
339 4270 473 4325 dum
501 4271 895 4338 cohortaretur,
928 4272 1056 4325 dum
1084 4272 1363 4326 consilium
1395 4271 1569 4339 daret,
1602 4272 1729 4328 dum

148 4371 436 4427 pateretur,
466 4362 589 4414 dum
618 4362 926 4425 sustineret,
947 4360 1071 4415 dum
1101 4346 1451 4430 promitteret,
1474 4361 1600 4417 dum
1618 4362 1727 4417 lar-

145 4455 366 4517 giretur.
397 4453 650 4519 Quaedam
678 4453 819 4507 enim
843 4453 954 4522 jam
982 4452 1105 4508 inde
1138 4454 1207 4509 ab
1236 4453 1338 4509 hoc
1365 4455 1559 4510 sarculo
1588 4471 1728 4525 pra:-

145 4542 320 4609 bebat,
348 4543 595 4612 quasdam
623 4545 678 4599 in
713 4543 949 4599 futurum
978 4544 1307 4612 reservabat,
1333 4562 1452 4615 qua:
1478 4562 1537 4601 se
1565 4547 1725 4601 datu-

145 4649 255 4687 rum
300 4633 657 4699 ostendebat,
690 4650 810 4689 cum
855 4650 921 4691 ex
966 4636 1256 4703 miraculis,
1295 4651 1415 4706 quae
1459 4638 1631 4693 adhuc
1675 4639 1728 4695 in

142 4725 299 4779 terris
322 4735 600 4794 superstes
626 4726 837 4793 edebat,
862 4736 973 4781 tum
992 4742 1057 4782 ex
1080 4742 1265 4783 earum
1281 4731 1517 4784 omnium
1545 4746 1727 4786 rerum

139 4827 336 4871 eventu
386 4827 767 4887 consequente,
806 4833 938 4888 quas
972 4828 1096 4875 ante
1135 4820 1471 4890 prurdixerat.
1500 4821 1624 4889 Quis
1651 4824 1728 4877 Io-

138 4917 321 4963 συείων
360 4908 605 4975 potentias
641 4906 868 4976 Domini,
909 4911 1109 4963 auditas
1148 4912 1293 4979 faciet
1342 4928 1515 4966 omnes
1549 4911 1726 4966 laudes

136 5002 241 5063 ejus
269 4996 448 5067 (Paul.
492 4999 613 5055 l05.
641 4999 699 5070 2)
724 5000 747 5053 ?
772 5000 902 5068 Quis
932 5016 1035 5056 non
1061 5002 1432 5073 Obstupescat?
1458 5006 1579 5074 quis
1618 5022 1722 5061 non

133 5089 515 5144 contremiscat
532 5091 845 5145 immensam
876 5092 991 5162 ejus
1016 5108 1196 5148 curam
1218 5094 1586 5158 considerans,
1614 5111 1719 5165 quo

137 5189 294 5243 pacto
335 5194 433 5248 pro
476 5183 645 5235 servis
673 5182 892 5252 ingratis
918 5185 1244 5254 unigenitum
1275 5185 1465 5241 Filium
1486 5202 1640 5242 suum
1669 5188 1717 5243 in

136 5280 371 5323 mortem
414 5271 710 5336 tradiderit,
739 5283 967 5329 mortem
998 5274 1365 5331 detestandam
1396 5286 1451 5333 et
1495 5279 1717 5349 ignomi-

132 5358 350 5411 niosam
377 5374 588 5427 eorum,
616 5364 705 5433 qui
752 5366 960 5420 scelera
1002 5366 1206 5422 nefaria
1241 5377 1532 5436 patrarunt,
1570 5386 1716 5424 mor-

134 5456 237 5501 tem
283 5453 537 5508 reorum?
559 5453 829 5525 Siquidem
872 5458 922 5511 in
968 5458 1181 5515 sublimi
1224 5458 1447 5517 suffixus
1484 5464 1715 5533 patibulo

130 5542 309 5595 crucis
344 5542 626 5611 pendebat,
656 5549 1065 5617 conspucbatur,
1096 5550 1265 5621 alapis
1320 5553 1623 5611 cmdebatur
1659 5566 1714 5611 et

128 5631 399 5699 colaphis,
424 5642 479 5691 et
501 5636 931 5693 subsannabatur
955 5657 967 5701 ;
995 5656 1056 5694 ac
1088 5642 1326 5701 beneﬁcii
1352 5643 1472 5703 loco
1496 5650 1714 5719 sepelie-

126 5724 309 5788 batur,
363 5733 412 5778 et
462 5739 863 5787 monumentum
909 5730 1285 5803 obsignabatur
1326 5757 1341 5798 :
1381 5748 1543 5814 atque
1595 5740 1710 5799 inec

3333 318 3436 374 498

1859 434 2035 484 omnia
2076 440 2162 485 tua
2205 445 2363 487 causa
2418 446 2700 502 perpessus
2744 442 2859 499 est,
2887 442 2941 487 et
2975 433 3045 488 ob
3086 447 3206 488 eam
3232 448 3437 502 curam,

1853 538 2012 591 quam
2036 525 2255 593 gerebat
2296 525 2391 591 tui,
2425 533 2482 579 ut
2525 525 2766 596 tyrannis
2807 525 3011 594 peccati
3055 526 3348 591 tolleretur,
3380 537 3440 581 ut

1854 626 1947 667 arx
1974 614 2173 669 diaboli
2198 626 2546 675 everteretur.
2582 625 2639 670 ut
2663 614 2812 670 nervi
2843 616 3030 669 mortis
3050 616 3434 670 cxscinderen—
3519 637 3525 687 ς

1856 713 1960 771 tur,
1993 716 2053 760 ut
2075 707 2191 761 caeli
2210 709 2387 776 janute
2417 708 2569 762 nobis
2598 706 3020 773 recluderentur,
3049 716 3105 760 ut
3134 706 3438 761 maledictio
3517 692 3534 781 ί

1854 799 2150 866 deleretur,
2182 810 2238 854 ut
2269 801 2413 869 prior
2430 798 2801 855 condemnatio
2823 799 3235 863 rescinderetur,
3259 808 3316 854 ut
3342 812 3432 866 pa-
3511 828 3521 877 ξ

1857 890 2092 944 tientiam
2117 890 2372 953 disceres,
2406 901 2462 944 ut
2506 891 2839 946 tolerantiam
2873 890 3165 957 docereris,
3200 904 3267 944 ne
3306 888 3433 958 quid
3504 893 3520 915 ·¹

1858 994 1922 1034 ex
1960 979 2117 1050 hujus
2145 981 2267 1035 vitae
2306 980 2467 1036 rebus
2502 980 2744 1036 molestia
2773 988 2827 1036 te
2848 980 3106 1048 afficeret,
3132 994 3242 1036 non
3265 992 3432 1047 mors,

1854 1086 1959 1126 non
2000 1072 2287 1141 ignominia
2310 1113 2325 1139 ,
2354 1086 2458 1127 non
2502 1073 2761 1140 convicia,
2784 1088 2892 1128 non
2931 1087 3143 1141 sannae,
3177 1086 3283 1127 non
3311 1086 3433 1127 ver-

1852 1163 2001 1229 bera,
2030 1179 2135 1219 non
2168 1165 2501 1221 inimicorum
2529 1166 2759 1235 insidiae,
2789 1181 2898 1222 non
2934 1166 3293 1234 contumeliae,
3325 1180 3433 1220 non

1854 1255 2119 1320 incursus,
2146 1272 2252 1311 non
2277 1258 2579 1325 calumniae,
2609 1272 2719 1314 non
2748 1273 2927 1329 prava:
2953 1259 3303 1329 suspiciones,
3326 1273 3433 1313 non

1853 1348 1996 1402 aliud
2025 1348 2311 1419 quidquam
2338 1350 2618 1419 ejusmodi.
2640 1350 2744 1405 Per
2762 1351 2877 1406 haec
2896 1350 3040 1406 enim
3061 1349 3239 1405 omnia
3263 1357 3434 1427 trans-

1852 1439 1945 1493 ivit
1972 1440 2082 1507 iile,
2112 1448 2391 1511 tecumque
2441 1442 2493 1496 in
2537 1443 2966 1497 communionem
3017 1442 3241 1496 istorum
3268 1441 3429 1505 venit,

1850 1538 1904 1584 et
1938 1528 1990 1582 in
2021 1530 2103 1583 his
2129 1531 2375 1586 omnibus
2404 1531 2675 1602 egregiam
2706 1516 2983 1589 victoriam
3013 1532 3323 1601 reportavit,
3351 1540 3432 1585 te-

1851 1635 1953 1691 que
1983 1621 2159 1677 docuit
2185 1631 2238 1678 et
2268 1623 2534 1689 instruxit,
2567 1630 2625 1678 ut
2647 1623 2779 1678 nihil
2807 1623 3066 1694 ejusmodi
3096 1620 3431 1677 reformides.

1851 1714 1920 1766 At
1944 1728 2012 1767 ne
2051 1711 2138 1767 his
2181 1714 2395 1783 quidem
2450 1722 2733 1771 contentus
2777 1715 2894 1783 fuit,
2928 1713 3096 1769 sedin
3123 1713 3283 1768 cados
3311 1727 3434 1767 cum

1850 1804 2201 1871 ascendisset,
2231 1804 2553 1861 ineffabilem
2578 1806 2806 1876 Spiritus
2835 1807 3055 1878 largitus
3078 1816 3160 1861 est
3188 1807 3433 1877 gratiam,

1852 1906 1905 1950 et
1931 1896 2200 1964 apostolos
2237 1896 2401 1961 misit,
2428 1912 2661 1966 quorum
2686 1898 2755 1952 ad
2786 1896 2889 1952 hoc
2916 1897 3215 1952 miniSterio
3254 1908 3432 1951 utere-

1850 1994 1954 2040 tur.
1981 1985 2222 2055 Curaque
2266 1986 2385 2041 illos
2432 1995 2677 2043 cerneret
2704 1988 2825 2041 vita:
2849 2001 3126 2056 praecones
3150 1987 3428 2041 innumera

1850 2076 1988 2131 mala
2033 2078 2263 2148 perpeti,
2290 2079 2579 2145 verberari,
2620 2079 2957 2134 contumeliis
3000 2078 3160 2144 afﬁci,
3188 2077 3243 2132 in
3288 2092 3433 2131 mare

1848 2169 2087 2240 demergi
2106 2210 2121 2235 ,
2154 2170 2293 2224 fame
2320 2186 2383 2224 ac
2414 2170 2501 2224 siti
2528 2169 2799 2240 torqueri,
2830 2168 3067 2239 quotidie
3101 2168 3352 2232 cruciari,
3376 2167 3430 2221 in

1850 2270 2106 2333 perpetuo
2135 2263 2323 2317 mortis
2354 2262 2592 2331 periculo
2616 2262 2842 2332 singulis
2868 2262 3058 2316 diebus
3084 2260 3306 2326 versari,
3334 2259 3433 2313 hoc

1851 2365 1937 2409 tua
1979 2369 2137 2408 causa
2177 2354 2534 2424 permittebat,
2567 2365 2620 2408 et
2659 2354 2728 2409 ob
2764 2354 2838 2408 tui
2873 2368 3078 2408 curam.
3109 2352 3334 2421 Propter
3356 2358 3430 2415 te,

1847 2447 1919 2501 mi
1950 2448 2126 2512 homo,
2149 2458 2200 2502 et
2228 2462 2453 2517 regnum
2480 2447 2733 2501 caelorum
2770 2445 3108 2518 praeparavit,
3138 2452 3354 2514 propter
3381 2454 3433 2497 le

1846 2538 1983 2593 bona
2032 2538 2339 2605 ineffabilia,
2363 2548 2562 2594 sortem
2604 2540 2747 2593 illam
2792 2549 2847 2593 et
2881 2536 3339 2592 conversationem
3371 2535 3427 2589 in

1845 2628 2011 2694 catlis,
2038 2630 2214 2683 varias
2258 2630 2563 2683 mansiones
2607 2638 2765 2697 atque
2800 2627 3107 2682 differentes
3149 2624 3427 2679 beatitudi-

1846 2734 2003 2783 nem,
2028 2734 2185 2788 quatn
2234 2718 2381 2773 nulla
2433 2727 2608 2787 potest
2645 2720 2817 2773 oratio
2855 2718 3148 2787 explicare.
3179 2716 3311 2769 Cum
3352 2723 3431 2768 tut

1846 2825 1971 2880 ergo
1997 2810 2090 2863 tibi
2114 2820 2396 2880 suppetant
2428 2811 2543 2879 ejus
2573 2809 2764 2863 indicia
2811 2809 3176 2878 providentize,
3206 2824 3327 2862 cum
3375 2809 3429 2864 in

1844 2901 2013 2968 Novo,
2039 2911 2147 2956 tum
2190 2902 2241 2956 in
2270 2900 2448 2957 Veteri
2492 2902 2861 2966 Testamento,
2891 2916 3011 2955 cum
3060 2901 3114 2954 in
3152 2899 3252 2953 hac
3298 2909 3427 2963 vita,

1846 3003 1956 3049 tum
1993 2995 2046 3048 in
2090 2992 2285 3059 futura,
2320 3002 2427 3048 tam
2452 2993 2622 3048 futttra
2647 3008 2806 3063 quam
2833 3008 2953 3063 qua:
2974 2993 3083 3062 jam
3113 2999 3427 3057 evenerunt,

1843 3103 1962 3158 qua:
1987 3086 2211 3156 singulis
2235 3084 2423 3140 diebus
2455 3085 2605 3153 ﬁunt,
2630 3100 2749 3156 qua:
2784 3100 2813 3139 a
2840 3085 3122 3154 principio,
3149 3099 3267 3154 qua:
3295 3090 3429 3138 tem-

1844 3193 1974 3249 pore
2002 3177 2305 3248 interjecto,
2331 3192 2451 3248 qua:
2478 3178 2532 3233 in
2559 3178 2684 3244 ﬁne,
2713 3194 2832 3248 quae
2854 3187 3109 3247 perpetuo
3131 3177 3420 3241 durabunt,

1843 3285 1962 3340 qua:
1988 3268 2057 3323 ad
2082 3284 2298 3339 corpus,
2328 3285 2447 3339 quze
2472 3269 2538 3324 ad
2561 3270 2791 3323 animatn
2813 3270 3095 3338 pertinent,
3127 3278 3182 3323 et
3209 3284 3329 3323 cum
3351 3269 3427 3321 vi-

1842 3359 1970 3415 deas
2014 3359 2247 3429 undique
2304 3360 2819 3415 dcmonstrationum
2872 3361 3117 3415 examina
3176 3360 3420 3428 prodire,

1841 3468 1961 3523 qua:
2003 3454 2392 3524 providentiam
2431 3454 2546 3523 ejus
2589 3453 2913 3524 pradicant,
2958 3453 3133 3507 adhuc
3168 3452 3425 3507 dubitas?

1842 3544 1953 3600 imo
1978 3561 2087 3601 non
2111 3544 2344 3611 dubitas,
2368 3544 2461 3599 sed
2487 3544 2663 3599 credis
2683 3559 2804 3599 eum
2838 3544 3222 3613 providentiam
3252 3553 3304 3597 et
3330 3558 3423 3597 cuv

1842 3653 1957 3693 ram
1980 3652 2187 3709 gerere,
2222 3638 2420 3709 tibique
2442 3637 2543 3692 hoc
2571 3638 2743 3707 ipsum
2772 3637 3101 3707 persuasisti.
3132 3634 3270 3689 Nihil
3295 3649 3424 3703 ergo

1839 3731 2067 3802 amplius
2110 3733 2322 3786 curiose
2368 3731 2624 3801 inquiras,
2669 3745 2793 3785 cum
2840 3730 2945 3785 hoc
2988 3729 3155 3798 probe
3198 3727 3338 3782 scias
3369 3737 3420 3779 to

1842 3820 2125 3877 Dominum
2171 3832 2384 3877 nactum
2428 3838 2568 3889 esse,
2600 3822 2689 3892 qui
2737 3831 2790 3876 te
2832 3820 2999 3875 multo
3042 3819 3226 3888 diligat
3252 3818 3415 3872 veho-

1839 3918 2068 3970 mentius
2088 3930 2244 3986 quam
2274 3925 2476 3985 patres,
2505 3915 2595 3985 qui
2633 3914 2800 3984 magis
2825 3928 2984 3983 quam
3014 3920 3211 3966 matres
3244 3911 3314 3964 sit
3349 3909 3419 3963 do

1839 4014 1894 4063 te
1936 4006 2211 4071 sollicitus,
2243 4006 2332 4075 qui
2371 4005 2648 4059 ardentius
2698 4017 2857 4073 quam
2902 4016 3133 4071 sponsus
3174 4010 3316 4054 amet
3364 4009 3418 4053 ct

1836 4110 2052 4166 sponsa,
2074 4106 2129 4150 et
2158 4104 2299 4150 tuam
2327 4096 2550 4149 salutem
2580 4108 2703 4148 suas
2744 4093 2964 4149 delicias
2985 4094 3292 4157 arbitretur,
3326 4093 3415 4161 qui

1836 4189 1907 4245 ob
1932 4188 2075 4243 illam
2104 4189 2272 4258 magis
2298 4187 2524 4253 laetetur,
2551 4201 2708 4256 quam
2732 4194 2785 4240 tu
2813 4200 2934 4240 cum
2964 4200 2995 4239 a
3024 4185 3271 4255 periculis
3298 4185 3413 4239 fueé

1836 4282 1912 4337 ris
1939 4292 1993 4336 et
2020 4297 2050 4336 a
2081 4289 2252 4336 morte
2282 4280 2536 4335 liberatus
2558 4278 2651 4350 (id
2674 4278 2815 4349 quod
2841 4293 2906 4333 ex
2935 4276 3068 4333 Jona
3093 4276 3415 4347 patefactqu

1835 4374 1957 4444 est),
1988 4382 2044 4429 et
2078 4387 2237 4428 onme
2274 4385 2440 4441 genus
2468 4370 2705 4425 caritatis
2728 4368 2996 4435 exhibeat,
3021 4368 3163 4439 quod
3190 4383 3312 4437 erga
3345 4367 3412 4420 li-

1834 4462 1992 4518 heros
2032 4478 2142 4533 pra:
2185 4478 2243 4517 se
2282 4461 2385 4516 fert
2428 4470 2600 4531 pater,
2632 4469 2722 4515 aut
2747 4470 2917 4515 mater
2943 4473 3067 4529 erga
3093 4474 3243 4513 suam
3285 4472 3413 4527 pro-

1834 4552 1963 4619 lem,
2003 4563 2095 4608 aut
2144 4568 2267 4624 erga
2317 4553 2527 4622 plantas
2568 4553 2823 4623 agricola,
2855 4551 2997 4606 circa
3041 4566 3191 4606 suam
3236 4558 3410 4604 artem

1831 4646 2176 4713 architectus,
2207 4661 2332 4717 erga
2360 4658 2612 4715 Sponsam
2640 4658 2789 4699 suam
2816 4658 3073 4715 sponsus,
3101 4659 3225 4713 erga
3250 4643 3409 4712 virgi-

1831 4752 1955 4792 nem
1976 4736 2318 4801 adolescens;
2358 4746 2516 4804 atque
2540 4751 2571 4790 a
2599 4742 2652 4790 te
2677 4735 2860 4805 procul
2887 4735 3073 4789 abesse
3099 4734 3234 4786 mala
3262 4732 3406 4786 desi-

1828 4827 2001 4893 derat,
2028 4837 2282 4898 quautum
2330 4828 2399 4883 ab
2437 4825 2727 4883 Occidente
2759 4825 2923 4880 distat
2970 4824 3178 4888 Oriens,
3208 4834 3409 4894 quanto

1795 4919 1986 4978 oaltius
2011 4931 2096 4976 est
2122 4932 2257 4976 terra
2286 4923 2475 4976 czelnm
2509 4920 2654 4992 (nam
2682 4927 2739 4976 et
2788 4918 2894 4975 hoc
2936 4932 2967 4972 ιι
3011 4916 3164 4974 nobis
3186 4917 3405 4972 demon~

1826 5026 2049 5072 stratum
2074 5018 2201 5087 est),
2248 5018 2355 5070 imo
2399 5031 2528 5070 vero
2575 5030 2681 5070 non
2739 5021 2944 5068 tantum
2998 5010 3192 5078 solum,
3223 5011 3316 5067 scd
3351 5022 3408 5067 et

1825 5110 1993 5164 multo
2017 5110 2265 5179 amplius,
2293 5117 2352 5163 ut
2384 5123 2414 5163 a
2450 5108 2602 5163 nobis
2634 5107 2911 5177 probatum
2942 5114 3048 5171 est,
3074 5120 3194 5159 cum
3221 5104 3288 5159 de
3318 5104 3402 5159 his

1823 5214 2123 5255 sermonem
2155 5201 2575 5265 instituerentus,
2607 5209 2660 5254 et
2695 5198 3053 5266 hortaremur,
3082 5207 3139 5252 ut
3169 5198 3222 5252 iu
3250 5214 3399 5255 cont-

1824 5291 2187 5362 parationibus
2229 5306 2333 5345 non
2378 5289 2764 5357 subsisteretis,
2812 5287 2907 5344 sed
2951 5302 3044 5343 eas
3084 5287 3403 5358 cogitatione

1824 5379 2291 5436 transcenderetis.
2339 5378 2521 5450 Neque
2560 5378 2702 5433 enim
2748 5376 2879 5432 satis
2928 5376 3181 5447 explicari
3230 5384 3404 5445 potest

1823 5469 2155 5540 providentia
2182 5468 2381 5534 divina,
2404 5484 2579 5540 neque
2607 5468 2771 5539 ipsius
2795 5481 2921 5523 cura
2952 5476 3132 5523 mente
3156 5481 3400 5535 compre-

1822 5561 2311 5620 hendi:incfl‘abilis
2355 5573 2437 5619 est
2479 5562 2687 5619 bonitas
2712 5561 2848 5633 ejus,
2878 5570 2930 5617 et
2960 5558 3402 5630 inini'estigabilis

1820 5653 1936 5725 ejus
1958 5654 2265 5710 clementia.

1894 5745 2018 5804 Non
2055 5746 2303 5804 curiosius
2353 5747 2624 5803 scrutanda
2678 5753 2792 5804 sunt
2829 5760 2981 5816 Opera
3019 5742 3117 5801 Dvi
3170 5742 3400 5800 Actiones
