  <div class='ocr_page' id='page_1' title='image "/cluster/home/n/w/nwhite01/storage/ocr_20150623/52/hvd.32044073501918/121.png"; bbox 0 0 4030 6206; ppageno 0'>
   <div class='ocr_carea' id='block_1_1' title="bbox 583 293 685 348">
    <p class='ocr_par' dir='ltr' id='par_1_1' title="bbox 583 293 685 348">
     <span class='ocr_line' id='line_1_1' title="bbox 583 293 685 348; baseline 0.01 -1"><span class='ocrx_word' id='word_1_1' title='bbox 583 293 685 348; x_wconf 67' lang='grc'><strong>499</strong></span> 
     </span>
    </p>
   </div>
   <div class='ocr_carea' id='block_1_2' title="bbox 581 390 2162 464">
    <p class='ocr_par' dir='ltr' id='par_1_2' title="bbox 581 390 2162 464">
     <span class='ocr_line' id='line_1_2' title="bbox 581 390 2162 464; baseline -0.011 -4"><span class='ocrx_word' id='word_1_2' title='bbox 581 404 888 460; x_wconf 71' lang='lat' dir='ltr'><strong>medicorum</strong></span> <span class='ocrx_word' id='word_1_3' title='bbox 935 419 1036 458; x_wconf 84' lang='lat' dir='ltr'><strong>non</strong></span> <span class='ocrx_word' id='word_1_4' title='bbox 1074 399 1442 456; x_wconf 61' lang='lat' dir='ltr'><strong>nominamus.</strong></span> <span class='ocrx_word' id='word_1_5' title='bbox 1471 425 1545 438; x_wconf 90' lang='lat'><strong>—-</strong></span> <span class='ocrx_word' id='word_1_6' title='bbox 1571 394 1697 449; x_wconf 78' lang='lat' dir='ltr'><strong>llzec</strong></span> <span class='ocrx_word' id='word_1_7' title='bbox 1721 393 1882 464; x_wconf 88' lang='lat' dir='ltr'><strong>igitur</strong></span> <span class='ocrx_word' id='word_1_8' title='bbox 1921 390 2013 446; x_wconf 91' lang='lat' dir='ltr'><strong>tibi</strong></span> <span class='ocrx_word' id='word_1_9' title='bbox 2041 404 2162 445; x_wconf 93' lang='lat' dir='ltr'><strong>eum</strong></span> 
     </span>
    </p>
   </div>
   <div class='ocr_carea' id='block_1_3' title="bbox 581 480 2156 566">
    <p class='ocr_par' dir='ltr' id='par_1_3' title="bbox 581 480 2156 566">
     <span class='ocr_line' id='line_1_3' title="bbox 581 480 2156 566; baseline -0.013 -14"><span class='ocrx_word' id='word_1_10' title='bbox 581 496 854 566; x_wconf 82' lang='lat' dir='ltr'><strong>explorata</strong></span> <span class='ocrx_word' id='word_1_11' title='bbox 880 496 986 551; x_wconf 85' lang='lat' dir='ltr'><strong>sint</strong></span> <span class='ocrx_word' id='word_1_12' title='bbox 1012 496 1211 554; x_wconf 95' lang='lat' dir='ltr'><strong>omnia,</strong></span> <span class='ocrx_word' id='word_1_13' title='bbox 1241 504 1361 544; x_wconf 92' lang='lat' dir='ltr'><strong>cum</strong></span> <span class='ocrx_word' id='word_1_14' title='bbox 1393 503 1461 542; x_wconf 90' lang='lat' dir='ltr'><strong>ex</strong></span> <span class='ocrx_word' id='word_1_15' title='bbox 1490 486 1596 540; x_wconf 91' lang='lat' dir='ltr'><strong>illis</strong></span> <span class='ocrx_word' id='word_1_16' title='bbox 1633 500 1750 554; x_wconf 69' lang='lat' dir='ltr'><strong>quae</strong></span> <span class='ocrx_word' id='word_1_17' title='bbox 1777 480 2156 554; x_wconf 91' lang='lat' dir='ltr'><strong>pronuntiavit,</strong></span> 
     </span>
    </p>
   </div>
   <div class='ocr_carea' id='block_1_4' title="bbox 581 567 2160 654">
    <p class='ocr_par' dir='ltr' id='par_1_4' title="bbox 581 567 2160 654">
     <span class='ocr_line' id='line_1_4' title="bbox 581 567 2160 654; baseline -0.011 -14"><span class='ocrx_word' id='word_1_18' title='bbox 581 595 689 641; x_wconf 91' lang='lat' dir='ltr'><strong>tum</strong></span> <span class='ocrx_word' id='word_1_19' title='bbox 721 603 787 643; x_wconf 92' lang='lat' dir='ltr'><strong>ex</strong></span> <span class='ocrx_word' id='word_1_20' title='bbox 828 585 933 640; x_wconf 88' lang='lat' dir='ltr'><strong>illis</strong></span> <span class='ocrx_word' id='word_1_21' title='bbox 973 599 1092 654; x_wconf 78' lang='lat' dir='ltr'><strong>qua:</strong></span> <span class='ocrx_word' id='word_1_22' title='bbox 1136 581 1324 652; x_wconf 90' lang='lat' dir='ltr'><strong>gessit,</strong></span> <span class='ocrx_word' id='word_1_23' title='bbox 1353 591 1578 648; x_wconf 63' lang='lat' dir='ltr'><strong>quaeque</strong></span> <span class='ocrx_word' id='word_1_24' title='bbox 1617 584 1866 644; x_wconf 90' lang='lat' dir='ltr'><strong>gesturus</strong></span> <span class='ocrx_word' id='word_1_25' title='bbox 1913 579 2016 636; x_wconf 89' lang='lat' dir='ltr'><strong>est,</strong></span> <span class='ocrx_word' id='word_1_26' title='bbox 2050 567 2160 622; x_wconf 92' lang='lat' dir='ltr'><strong>noli</strong></span> 
     </span>
    </p>
   </div>
   <div class='ocr_carea' id='block_1_5' title="bbox 579 659 2160 744">
    <p class='ocr_par' dir='ltr' id='par_1_5' title="bbox 579 659 2160 744">
     <span class='ocr_line' id='line_1_5' title="bbox 579 659 2160 744; baseline -0.01 -15"><span class='ocrx_word' id='word_1_27' title='bbox 579 678 789 731; x_wconf 83' lang='lat' dir='ltr'><strong>curiose</strong></span> <span class='ocrx_word' id='word_1_28' title='bbox 813 674 1128 744; x_wconf 84' lang='lat' dir='ltr'><strong>disquirere,</strong></span> <span class='ocrx_word' id='word_1_29' title='bbox 1159 685 1331 741; x_wconf 84' lang='lat' dir='ltr'><strong>neque</strong></span> <span class='ocrx_word' id='word_1_30' title='bbox 1355 667 1602 733; x_wconf 90' lang='lat' dir='ltr'><strong>serutari,</strong></span> <span class='ocrx_word' id='word_1_31' title='bbox 1630 678 1802 736; x_wconf 88' lang='lat' dir='ltr'><strong>neque</strong></span> <span class='ocrx_word' id='word_1_32' title='bbox 1827 663 2026 726; x_wconf 85' lang='lat' dir='ltr'><strong>dicere,</strong></span> <span class='ocrx_word' id='word_1_33' title='bbox 2051 659 2160 714; x_wconf 88' lang='lat' dir='ltr'><strong>Cur</strong></span> 
     </span>
    </p>
   </div>
   <div class='ocr_carea' id='block_1_6' title="bbox 581 755 2162 837">
    <p class='ocr_par' dir='ltr' id='par_1_6' title="bbox 581 755 2162 837">
     <span class='ocr_line' id='line_1_6' title="bbox 581 755 2162 837; baseline -0.008 -17"><span class='ocrx_word' id='word_1_34' title='bbox 581 769 718 823; x_wconf 86' lang='lat' dir='ltr'><strong>hoc?</strong></span> <span class='ocrx_word' id='word_1_35' title='bbox 743 767 810 822; x_wconf 87' lang='lat' dir='ltr'><strong>ad</strong></span> <span class='ocrx_word' id='word_1_36' title='bbox 849 767 975 837; x_wconf 91' lang='lat' dir='ltr'><strong>quid</strong></span> <span class='ocrx_word' id='word_1_37' title='bbox 1015 763 1152 820; x_wconf 79' lang='lat' dir='ltr'><strong>hoc?</strong></span> <span class='ocrx_word' id='word_1_38' title='bbox 1175 764 1367 818; x_wconf 76' lang='lat' dir='ltr'><strong>Annon</strong></span> <span class='ocrx_word' id='word_1_39' title='bbox 1393 761 1538 816; x_wconf 87' lang='lat' dir='ltr'><strong>enim</strong></span> <span class='ocrx_word' id='word_1_40' title='bbox 1580 758 1765 813; x_wconf 83' lang='lat' dir='ltr'><strong>furiosi</strong></span> <span class='ocrx_word' id='word_1_41' title='bbox 1809 755 2040 811; x_wconf 86' lang='lat' dir='ltr'><strong>hominis</strong></span> <span class='ocrx_word' id='word_1_42' title='bbox 2077 761 2162 808; x_wconf 89' lang='lat' dir='ltr'><strong>est</strong></span> 
     </span>
    </p>
   </div>
   <div class='ocr_carea' id='block_1_7' title="bbox 581 847 2161 925">
    <p class='ocr_par' dir='ltr' id='par_1_7' title="bbox 581 847 2161 925">
     <span class='ocr_line' id='line_1_7' title="bbox 581 847 2161 925; baseline -0.009 -11"><span class='ocrx_word' id='word_1_43' title='bbox 581 860 698 925; x_wconf 92' lang='lat' dir='ltr'><strong>hoc,</strong></span> <span class='ocrx_word' id='word_1_44' title='bbox 727 868 782 913; x_wconf 90' lang='lat' dir='ltr'><strong>et</strong></span> <span class='ocrx_word' id='word_1_45' title='bbox 823 873 1086 913; x_wconf 86' lang='lat' dir='ltr'><strong>summam</strong></span> <span class='ocrx_word' id='word_1_46' title='bbox 1133 855 1458 910; x_wconf 90' lang='lat' dir='ltr'><strong>dementiam</strong></span> <span class='ocrx_word' id='word_1_47' title='bbox 1507 861 1562 908; x_wconf 90' lang='lat' dir='ltr'><strong>et</strong></span> <span class='ocrx_word' id='word_1_48' title='bbox 1607 850 1866 906; x_wconf 83' lang='lat' dir='ltr'><strong>insaniam</strong></span> <span class='ocrx_word' id='word_1_49' title='bbox 1907 849 2075 918; x_wconf 91' lang='lat' dir='ltr'><strong>sapit,</strong></span> <span class='ocrx_word' id='word_1_50' title='bbox 2108 847 2161 900; x_wconf 93' lang='lat' dir='ltr'><strong>in</strong></span> 
     </span>
    </p>
   </div>
   <div class='ocr_carea' id='block_1_8' title="bbox 580 939 2158 1019">
    <p class='ocr_par' dir='ltr' id='par_1_8' title="bbox 580 939 2158 1019">
     <span class='ocr_line' id='line_1_8' title="bbox 580 939 2158 1019; baseline -0.009 -14"><span class='ocrx_word' id='word_1_51' title='bbox 580 950 843 1005; x_wconf 88' lang='lat' dir='ltr'><strong>medicum</strong></span> <span class='ocrx_word' id='word_1_52' title='bbox 879 947 1091 1019; x_wconf 82' lang='lat' dir='ltr'><strong>quidem</strong></span> <span class='ocrx_word' id='word_1_53' title='bbox 1136 947 1350 1002; x_wconf 88' lang='lat' dir='ltr'><strong>curiose</strong></span> <span class='ocrx_word' id='word_1_54' title='bbox 1387 959 1494 1000; x_wconf 93' lang='lat' dir='ltr'><strong>non</strong></span> <span class='ocrx_word' id='word_1_55' title='bbox 1535 943 1804 1012; x_wconf 89' lang='lat' dir='ltr'><strong>inquirere</strong></span> <span class='ocrx_word' id='word_1_56' title='bbox 1829 939 1954 995; x_wconf 92' lang='lat' dir='ltr'><strong>dum</strong></span> <span class='ocrx_word' id='word_1_57' title='bbox 1991 945 2158 1004; x_wconf 91' lang='lat' dir='ltr'><strong>secat,</strong></span> 
     </span>
    </p>
   </div>
   <div class='ocr_carea' id='block_1_9' title="bbox 549 1031 2164 1107">
    <p class='ocr_par' dir='ltr' id='par_1_9' title="bbox 549 1031 2164 1107">
     <span class='ocr_line' id='line_1_9' title="bbox 549 1031 2164 1107; baseline -0.009 -12"><span class='ocrx_word' id='word_1_58' title='bbox 549 1061 552 1065; x_wconf 57' lang='grc' dir='ltr'><strong><em>λ</em></strong></span> <span class='ocrx_word' id='word_1_59' title='bbox 579 1041 703 1094; x_wconf 86' lang='lat' dir='ltr'><strong>dum</strong></span> <span class='ocrx_word' id='word_1_60' title='bbox 729 1041 853 1107; x_wconf 91' lang='lat' dir='ltr'><strong>urit,</strong></span> <span class='ocrx_word' id='word_1_61' title='bbox 882 1041 1008 1095; x_wconf 94' lang='lat' dir='ltr'><strong>dum</strong></span> <span class='ocrx_word' id='word_1_62' title='bbox 1039 1039 1232 1098; x_wconf 83' lang='lat' dir='ltr'><strong>acerba</strong></span> <span class='ocrx_word' id='word_1_63' title='bbox 1281 1036 1667 1092; x_wconf 91' lang='lat' dir='ltr'><strong>medicamenta</strong></span> <span class='ocrx_word' id='word_1_64' title='bbox 1699 1031 1947 1102; x_wconf 84' lang='lat' dir='ltr'><strong>applicat,</strong></span> <span class='ocrx_word' id='word_1_65' title='bbox 1974 1042 2164 1099; x_wconf 89' lang='lat' dir='ltr'><strong>quam-</strong></span> 
     </span>
    </p>
   </div>
   <div class='ocr_carea' id='block_1_10' title="bbox 578 1121 2161 1199">
    <p class='ocr_par' dir='ltr' id='par_1_10' title="bbox 578 1121 2161 1199">
     <span class='ocr_line' id='line_1_10' title="bbox 578 1121 2161 1199; baseline -0.008 -13"><span class='ocrx_word' id='word_1_66' title='bbox 578 1134 658 1187; x_wconf 92' lang='lat' dir='ltr'><strong>vis</strong></span> <span class='ocrx_word' id='word_1_67' title='bbox 686 1148 870 1188; x_wconf 91' lang='lat' dir='ltr'><strong>servus</strong></span> <span class='ocrx_word' id='word_1_68' title='bbox 897 1133 996 1199; x_wconf 89' lang='lat' dir='ltr'><strong>sit,</strong></span> <span class='ocrx_word' id='word_1_69' title='bbox 1032 1131 1127 1186; x_wconf 90' lang='lat' dir='ltr'><strong>sed</strong></span> <span class='ocrx_word' id='word_1_70' title='bbox 1168 1146 1290 1186; x_wconf 92' lang='lat' dir='ltr'><strong>cum</strong></span> <span class='ocrx_word' id='word_1_71' title='bbox 1320 1129 1536 1185; x_wconf 87' lang='lat' dir='ltr'><strong>silentio</strong></span> <span class='ocrx_word' id='word_1_72' title='bbox 1563 1127 1740 1197; x_wconf 86' lang='lat' dir='ltr'><strong>jacere</strong></span> <span class='ocrx_word' id='word_1_73' title='bbox 1760 1125 2032 1179; x_wconf 91' lang='lat' dir='ltr'><strong>dominum</strong></span> <span class='ocrx_word' id='word_1_74' title='bbox 2062 1121 2161 1175; x_wconf 90' lang='lat' dir='ltr'><strong>ista</strong></span> 
     </span>
    </p>
   </div>
   <div class='ocr_carea' id='block_1_11' title="bbox 583 1214 2163 1293">
    <p class='ocr_par' dir='ltr' id='par_1_11' title="bbox 583 1214 2163 1293">
     <span class='ocr_line' id='line_1_11' title="bbox 583 1214 2163 1293; baseline -0.008 -15"><span class='ocrx_word' id='word_1_75' title='bbox 583 1226 896 1292; x_wconf 80' lang='lat' dir='ltr'><strong>patientem,</strong></span> <span class='ocrx_word' id='word_1_76' title='bbox 924 1225 1079 1293; x_wconf 90' lang='lat' dir='ltr'><strong>eique</strong></span> <span class='ocrx_word' id='word_1_77' title='bbox 1112 1232 1330 1292; x_wconf 85' lang='lat' dir='ltr'><strong>propter</strong></span> <span class='ocrx_word' id='word_1_78' title='bbox 1358 1221 1496 1276; x_wconf 89' lang='lat' dir='ltr'><strong>hanc</strong></span> <span class='ocrx_word' id='word_1_79' title='bbox 1524 1219 1790 1274; x_wconf 85' lang='lat' dir='ltr'><strong>ustionem</strong></span> <span class='ocrx_word' id='word_1_80' title='bbox 1816 1215 2040 1287; x_wconf 75' lang='lat' dir='ltr'><strong>gratiam</strong></span> <span class='ocrx_word' id='word_1_81' title='bbox 2069 1214 2163 1266; x_wconf 87' lang='lat' dir='ltr'><strong>ha-</strong></span> 
     </span>
    </p>
   </div>
   <div class='ocr_carea' id='block_1_12' title="bbox 578 1307 2164 1388">
    <p class='ocr_par' dir='ltr' id='par_1_12' title="bbox 578 1307 2164 1388">
     <span class='ocr_line' id='line_1_12' title="bbox 578 1307 2164 1388; baseline -0.008 -14"><span class='ocrx_word' id='word_1_82' title='bbox 578 1321 728 1383; x_wconf 72' lang='lat' dir='ltr'><strong>liere,</strong></span> <span class='ocrx_word' id='word_1_83' title='bbox 751 1335 814 1373; x_wconf 90' lang='lat' dir='ltr'><strong>ac</strong></span> <span class='ocrx_word' id='word_1_84' title='bbox 851 1327 1070 1388; x_wconf 90' lang='lat' dir='ltr'><strong>propter</strong></span> <span class='ocrx_word' id='word_1_85' title='bbox 1113 1317 1410 1372; x_wconf 89' lang='lat' dir='ltr'><strong>sectionem</strong></span> <span class='ocrx_word' id='word_1_86' title='bbox 1448 1329 1512 1369; x_wconf 92' lang='lat' dir='ltr'><strong>ac</strong></span> <span class='ocrx_word' id='word_1_87' title='bbox 1550 1311 1968 1374; x_wconf 86' lang='lat' dir='ltr'><strong>medicamenta;</strong></span> <span class='ocrx_word' id='word_1_88' title='bbox 2005 1307 2164 1376; x_wconf 90' lang='lat' dir='ltr'><strong>idque</strong></span> 
     </span>
    </p>
   </div>
   <div class='ocr_carea' id='block_1_13' title="bbox 578 1396 2163 1473">
    <p class='ocr_par' dir='ltr' id='par_1_13' title="bbox 578 1396 2163 1473">
     <span class='ocr_line' id='line_1_13' title="bbox 578 1396 2163 1473; baseline -0.009 -7"><span class='ocrx_word' id='word_1_89' title='bbox 578 1427 699 1466; x_wconf 91' lang='lat' dir='ltr'><strong>cum</strong></span> <span class='ocrx_word' id='word_1_90' title='bbox 734 1412 994 1464; x_wconf 89' lang='lat' dir='ltr'><strong>incertum</strong></span> <span class='ocrx_word' id='word_1_91' title='bbox 1037 1409 1108 1462; x_wconf 89' lang='lat' dir='ltr'><strong>sit</strong></span> <span class='ocrx_word' id='word_1_92' title='bbox 1148 1407 1422 1470; x_wconf 88' lang='lat' dir='ltr'><strong>futurum;</strong></span> <span class='ocrx_word' id='word_1_93' title='bbox 1455 1418 1599 1473; x_wconf 64' lang='lat' dir='ltr'><strong>saepe</strong></span> <span class='ocrx_word' id='word_1_94' title='bbox 1629 1417 1860 1471; x_wconf 84' lang='lat' dir='ltr'><strong>namque</strong></span> <span class='ocrx_word' id='word_1_95' title='bbox 1888 1399 2084 1454; x_wconf 90' lang='lat' dir='ltr'><strong>mullos</strong></span> <span class='ocrx_word' id='word_1_96' title='bbox 2111 1396 2163 1452; x_wconf 90' lang='lat' dir='ltr'><strong>id</strong></span> 
     </span>
    </p>
   </div>
   <div class='ocr_carea' id='block_1_14' title="bbox 579 1493 2167 1574">
    <p class='ocr_par' dir='ltr' id='par_1_14' title="bbox 579 1493 2167 1574">
     <span class='ocr_line' id='line_1_14' title="bbox 579 1493 2167 1574; baseline -0.009 -18"><span class='ocrx_word' id='word_1_97' title='bbox 579 1503 782 1574; x_wconf 84' lang='lat' dir='ltr'><strong>agendo</strong></span> <span class='ocrx_word' id='word_1_98' title='bbox 820 1500 1232 1563; x_wconf 91' lang='lat' dir='ltr'><strong>interfecerunt;</strong></span> <span class='ocrx_word' id='word_1_99' title='bbox 1279 1499 1435 1567; x_wconf 87' lang='lat' dir='ltr'><strong>eique</strong></span> <span class='ocrx_word' id='word_1_100' title='bbox 1476 1494 1687 1566; x_wconf 89' lang='lat' dir='ltr'><strong>penitus</strong></span> <span class='ocrx_word' id='word_1_101' title='bbox 1733 1493 2031 1560; x_wconf 82' lang='lat' dir='ltr'><strong>subjectum</strong></span> <span class='ocrx_word' id='word_1_102' title='bbox 2071 1505 2167 1558; x_wconf 79' lang='lat' dir='ltr'><strong>pa-</strong></span> 
     </span>
    </p>
   </div>
   <div class='ocr_carea' id='block_1_15' title="bbox 579 1583 2163 1662">
    <p class='ocr_par' dir='ltr' id='par_1_15' title="bbox 579 1583 2163 1662">
     <span class='ocr_line' id='line_1_15' title="bbox 579 1583 2163 1662; baseline -0.009 -13"><span class='ocrx_word' id='word_1_103' title='bbox 579 1612 719 1659; x_wconf 84' lang='lat' dir='ltr'><strong>rere,</strong></span> <span class='ocrx_word' id='word_1_104' title='bbox 743 1594 866 1648; x_wconf 92' lang='lat' dir='ltr'><strong>dum</strong></span> <span class='ocrx_word' id='word_1_105' title='bbox 899 1593 948 1646; x_wconf 88' lang='lat' dir='ltr'><strong>id</strong></span> <span class='ocrx_word' id='word_1_106' title='bbox 981 1594 1110 1662; x_wconf 91' lang='lat' dir='ltr'><strong>agit,</strong></span> <span class='ocrx_word' id='word_1_107' title='bbox 1143 1590 1388 1660; x_wconf 86' lang='lat' dir='ltr'><strong>idemque</strong></span> <span class='ocrx_word' id='word_1_108' title='bbox 1410 1604 1536 1659; x_wconf 90' lang='lat' dir='ltr'><strong>erga</strong></span> <span class='ocrx_word' id='word_1_109' title='bbox 1569 1597 1782 1641; x_wconf 88' lang='lat' dir='ltr'><strong>nautam</strong></span> <span class='ocrx_word' id='word_1_110' title='bbox 1827 1594 1880 1640; x_wconf 90' lang='lat' dir='ltr'><strong>et</strong></span> <span class='ocrx_word' id='word_1_111' title='bbox 1926 1583 2163 1638; x_wconf 81' lang='lat' dir='ltr'><strong>arehitr-</strong></span> 
     </span>
    </p>
   </div>
   <div class='ocr_carea' id='block_1_16' title="bbox 579 1676 2164 1754">
    <p class='ocr_par' dir='ltr' id='par_1_16' title="bbox 579 1676 2164 1754">
     <span class='ocr_line' id='line_1_16' title="bbox 579 1676 2164 1754; baseline -0.008 -13"><span class='ocrx_word' id='word_1_112' title='bbox 579 1697 744 1750; x_wconf 86' lang='lat' dir='ltr'><strong>ctum,</strong></span> <span class='ocrx_word' id='word_1_113' title='bbox 770 1685 855 1739; x_wconf 87' lang='lat' dir='ltr'><strong>vel</strong></span> <span class='ocrx_word' id='word_1_114' title='bbox 885 1699 1010 1754; x_wconf 86' lang='lat' dir='ltr'><strong>erga</strong></span> <span class='ocrx_word' id='word_1_115' title='bbox 1031 1695 1259 1738; x_wconf 66' lang='lat' dir='ltr'><strong>creteros</strong></span> <span class='ocrx_word' id='word_1_116' title='bbox 1288 1681 1376 1752; x_wconf 90' lang='lat' dir='ltr'><strong>qui</strong></span> <span class='ocrx_word' id='word_1_117' title='bbox 1404 1681 1651 1735; x_wconf 89' lang='lat' dir='ltr'><strong>diversas</strong></span> <span class='ocrx_word' id='word_1_118' title='bbox 1681 1687 1824 1733; x_wconf 86' lang='lat' dir='ltr'><strong>artes</strong></span> <span class='ocrx_word' id='word_1_119' title='bbox 1851 1676 2164 1747; x_wconf 90' lang='lat' dir='ltr'><strong>proﬁtentur</strong></span> 
     </span>
    </p>
   </div>
   <div class='ocr_carea' id='block_1_17' title="bbox 582 1767 2165 1848">
    <p class='ocr_par' dir='ltr' id='par_1_17' title="bbox 582 1767 2165 1848">
     <span class='ocr_line' id='line_1_17' title="bbox 582 1767 2165 1848; baseline -0.006 -19"><span class='ocrx_word' id='word_1_120' title='bbox 582 1787 835 1848; x_wconf 60' lang='lat' dir='ltr'><strong>praestare</strong></span> <span class='ocrx_word' id='word_1_121' title='bbox 860 1793 873 1828; x_wconf 90' lang='lat'><strong>:</strong></span> <span class='ocrx_word' id='word_1_122' title='bbox 898 1776 1199 1837; x_wconf 85' lang='lat' dir='ltr'><strong>ridiculum,</strong></span> <span class='ocrx_word' id='word_1_123' title='bbox 1236 1775 1472 1843; x_wconf 89' lang='lat' dir='ltr'><strong>inquam,</strong></span> <span class='ocrx_word' id='word_1_124' title='bbox 1503 1772 1712 1826; x_wconf 87' lang='lat' dir='ltr'><strong>censeri</strong></span> <span class='ocrx_word' id='word_1_125' title='bbox 1764 1770 2036 1825; x_wconf 85' lang='lat' dir='ltr'><strong>hominem</strong></span> <span class='ocrx_word' id='word_1_126' title='bbox 2066 1767 2165 1820; x_wconf 89' lang='lat' dir='ltr'><strong>im-</strong></span> 
     </span>
    </p>
   </div>
   <div class='ocr_carea' id='block_1_18' title="bbox 580 1859 2161 1936">
    <p class='ocr_par' dir='ltr' id='par_1_18' title="bbox 580 1859 2161 1936">
     <span class='ocr_line' id='line_1_18' title="bbox 580 1859 2161 1936; baseline -0.005 -18"><span class='ocrx_word' id='word_1_127' title='bbox 580 1869 806 1936; x_wconf 88' lang='lat' dir='ltr'><strong>peritum</strong></span> <span class='ocrx_word' id='word_1_128' title='bbox 845 1876 902 1921; x_wconf 92' lang='lat' dir='ltr'><strong>et</strong></span> <span class='ocrx_word' id='word_1_129' title='bbox 939 1867 1276 1935; x_wconf 88' lang='lat' dir='ltr'><strong>inexpertum</strong></span> <span class='ocrx_word' id='word_1_130' title='bbox 1328 1877 1516 1918; x_wconf 85' lang='lat' dir='ltr'><strong>causas</strong></span> <span class='ocrx_word' id='word_1_131' title='bbox 1557 1863 1817 1925; x_wconf 91' lang='lat' dir='ltr'><strong>omnium,</strong></span> <span class='ocrx_word' id='word_1_132' title='bbox 1850 1875 1968 1930; x_wconf 73' lang='lat' dir='ltr'><strong>qua:</strong></span> <span class='ocrx_word' id='word_1_133' title='bbox 2009 1859 2161 1923; x_wconf 89' lang='lat' dir='ltr'><strong>ﬁunt,</strong></span> 
     </span>
    </p>
   </div>
   <div class='ocr_carea' id='block_1_19' title="bbox 578 1950 2164 2027">
    <p class='ocr_par' dir='ltr' id='par_1_19' title="bbox 578 1950 2164 2027">
     <span class='ocr_line' id='line_1_19' title="bbox 578 1950 2164 2027; baseline -0.008 -14"><span class='ocrx_word' id='word_1_134' title='bbox 578 1960 646 2013; x_wconf 89' lang='lat' dir='ltr'><strong>ab</strong></span> <span class='ocrx_word' id='word_1_135' title='bbox 671 1957 876 2012; x_wconf 90' lang='lat' dir='ltr'><strong>artiﬁce</strong></span> <span class='ocrx_word' id='word_1_136' title='bbox 902 1958 1194 2027; x_wconf 86' lang='lat' dir='ltr'><strong>requirere,</strong></span> <span class='ocrx_word' id='word_1_137' title='bbox 1219 1955 1533 2024; x_wconf 86' lang='lat' dir='ltr'><strong>sapientiam</strong></span> <span class='ocrx_word' id='word_1_138' title='bbox 1558 1963 1735 2008; x_wconf 89' lang='lat' dir='ltr'><strong>autem</strong></span> <span class='ocrx_word' id='word_1_139' title='bbox 1767 1951 1908 2005; x_wconf 88' lang='lat' dir='ltr'><strong>illam</strong></span> <span class='ocrx_word' id='word_1_140' title='bbox 1937 1950 2164 2003; x_wconf 90' lang='lat' dir='ltr'><strong>immen-</strong></span> 
     </span>
    </p>
   </div>
   <div class='ocr_carea' id='block_1_20' title="bbox 579 2042 2164 2119">
    <p class='ocr_par' dir='ltr' id='par_1_20' title="bbox 579 2042 2164 2119">
     <span class='ocr_line' id='line_1_20' title="bbox 579 2042 2164 2119; baseline -0.006 -15"><span class='ocrx_word' id='word_1_141' title='bbox 579 2066 728 2114; x_wconf 92' lang='lat' dir='ltr'><strong>sam,</strong></span> <span class='ocrx_word' id='word_1_142' title='bbox 771 2049 1090 2105; x_wconf 71' lang='lat' dir='ltr'><strong>ineffabilem</strong></span> <span class='ocrx_word' id='word_1_143' title='bbox 1111 2091 1126 2113; x_wconf 97' lang='lat'><strong>,</strong></span> <span class='ocrx_word' id='word_1_144' title='bbox 1159 2047 1580 2119; x_wconf 80' lang='lat' dir='ltr'><strong>inexplicabilem</strong></span> <span class='ocrx_word' id='word_1_145' title='bbox 1606 2087 1620 2111; x_wconf 91' lang='lat'><strong>,</strong></span> <span class='ocrx_word' id='word_1_146' title='bbox 1652 2042 2164 2114; x_wconf 81' lang='lat' dir='ltr'><strong>incomprehensibi-</strong></span> 
     </span>
    </p>
   </div>
   <div class='ocr_carea' id='block_1_21' title="bbox 580 2134 2165 2205">
    <p class='ocr_par' dir='ltr' id='par_1_21' title="bbox 580 2134 2165 2205">
     <span class='ocr_line' id='line_1_21' title="bbox 580 2134 2165 2205; baseline -0.004 -10"><span class='ocrx_word' id='word_1_147' title='bbox 580 2143 682 2196; x_wconf 82' lang='lat' dir='ltr'><strong>letn</strong></span> <span class='ocrx_word' id='word_1_148' title='bbox 723 2144 933 2196; x_wconf 90' lang='lat' dir='ltr'><strong>curiose</strong></span> <span class='ocrx_word' id='word_1_149' title='bbox 961 2141 1188 2196; x_wconf 89' lang='lat' dir='ltr'><strong>scrutari</strong></span> <span class='ocrx_word' id='word_1_150' title='bbox 1209 2179 1225 2205; x_wconf 91' lang='lat'><strong>,</strong></span> <span class='ocrx_word' id='word_1_151' title='bbox 1253 2149 1306 2194; x_wconf 92' lang='lat' dir='ltr'><strong>et</strong></span> <span class='ocrx_word' id='word_1_152' title='bbox 1333 2153 1430 2192; x_wconf 92' lang='lat' dir='ltr'><strong>cur</strong></span> <span class='ocrx_word' id='word_1_153' title='bbox 1459 2138 1562 2192; x_wconf 89' lang='lat' dir='ltr'><strong>hoe</strong></span> <span class='ocrx_word' id='word_1_154' title='bbox 1588 2137 1668 2190; x_wconf 88' lang='lat' dir='ltr'><strong>vel</strong></span> <span class='ocrx_word' id='word_1_155' title='bbox 1698 2135 1826 2190; x_wconf 93' lang='lat' dir='ltr'><strong>illud</strong></span> <span class='ocrx_word' id='word_1_156' title='bbox 1859 2137 1949 2189; x_wconf 87' lang='lat' dir='ltr'><strong>ﬁat</strong></span> <span class='ocrx_word' id='word_1_157' title='bbox 1973 2134 2165 2204; x_wconf 83' lang='lat' dir='ltr'><strong>exqui-</strong></span> 
     </span>
    </p>
   </div>
   <div class='ocr_carea' id='block_1_22' title="bbox 578 2227 2162 2302">
    <p class='ocr_par' dir='ltr' id='par_1_22' title="bbox 578 2227 2162 2302">
     <span class='ocr_line' id='line_1_22' title="bbox 578 2227 2162 2302; baseline -0.005 -14"><span class='ocrx_word' id='word_1_158' title='bbox 578 2250 718 2297; x_wconf 89' lang='lat' dir='ltr'><strong>rere,</strong></span> <span class='ocrx_word' id='word_1_159' title='bbox 746 2233 904 2302; x_wconf 90' lang='lat' dir='ltr'><strong>idque</strong></span> <span class='ocrx_word' id='word_1_160' title='bbox 928 2247 1049 2286; x_wconf 92' lang='lat' dir='ltr'><strong>eum</strong></span> <span class='ocrx_word' id='word_1_161' title='bbox 1082 2233 1246 2300; x_wconf 81' lang='lat' dir='ltr'><strong>probe</strong></span> <span class='ocrx_word' id='word_1_162' title='bbox 1274 2230 1578 2284; x_wconf 85' lang='lat' dir='ltr'><strong>noverimus</strong></span> <span class='ocrx_word' id='word_1_163' title='bbox 1602 2229 1654 2282; x_wconf 91' lang='lat' dir='ltr'><strong>in</strong></span> <span class='ocrx_word' id='word_1_164' title='bbox 1685 2227 1823 2282; x_wconf 90' lang='lat' dir='ltr'><strong>hanc</strong></span> <span class='ocrx_word' id='word_1_165' title='bbox 1850 2227 2162 2296; x_wconf 89' lang='lat' dir='ltr'><strong>sapientiam</strong></span> 
     </span>
    </p>
   </div>
   <div class='ocr_carea' id='block_1_23' title="bbox 579 2317 2162 2388">
    <p class='ocr_par' dir='ltr' id='par_1_23' title="bbox 579 2317 2162 2388">
     <span class='ocr_line' id='line_1_23' title="bbox 579 2317 2162 2388; baseline -0.004 -13"><span class='ocrx_word' id='word_1_166' title='bbox 579 2336 819 2376; x_wconf 78' lang='lat' dir='ltr'><strong>errorem</strong></span> <span class='ocrx_word' id='word_1_167' title='bbox 869 2335 976 2374; x_wconf 91' lang='lat' dir='ltr'><strong>non</strong></span> <span class='ocrx_word' id='word_1_168' title='bbox 1019 2319 1234 2385; x_wconf 86' lang='lat' dir='ltr'><strong>cadere,</strong></span> <span class='ocrx_word' id='word_1_169' title='bbox 1271 2334 1518 2388; x_wconf 91' lang='lat' dir='ltr'><strong>magnam</strong></span> <span class='ocrx_word' id='word_1_170' title='bbox 1553 2317 1670 2387; x_wconf 87' lang='lat' dir='ltr'><strong>ejus</strong></span> <span class='ocrx_word' id='word_1_171' title='bbox 1699 2332 1820 2372; x_wconf 90' lang='lat' dir='ltr'><strong>esse</strong></span> <span class='ocrx_word' id='word_1_172' title='bbox 1852 2317 2162 2378; x_wconf 87' lang='lat' dir='ltr'><strong>bonitatem,</strong></span> 
     </span>
    </p>
   </div>
   <div class='ocr_carea' id='block_1_24' title="bbox 581 2407 2165 2480">
    <p class='ocr_par' dir='ltr' id='par_1_24' title="bbox 581 2407 2165 2480">
     <span class='ocr_line' id='line_1_24' title="bbox 581 2407 2165 2480; baseline -0.003 -13"><span class='ocrx_word' id='word_1_173' title='bbox 581 2411 992 2468; x_wconf 90' lang='lat' dir='ltr'><strong>inenarrabilem</strong></span> <span class='ocrx_word' id='word_1_174' title='bbox 1032 2411 1148 2480; x_wconf 85' lang='lat' dir='ltr'><strong>ejus</strong></span> <span class='ocrx_word' id='word_1_175' title='bbox 1175 2426 1295 2465; x_wconf 90' lang='lat' dir='ltr'><strong>esse</strong></span> <span class='ocrx_word' id='word_1_176' title='bbox 1322 2408 1730 2480; x_wconf 77' lang='lat' dir='ltr'><strong>providentiam,</strong></span> <span class='ocrx_word' id='word_1_177' title='bbox 1753 2407 1821 2461; x_wconf 89' lang='lat' dir='ltr'><strong>ad</strong></span> <span class='ocrx_word' id='word_1_178' title='bbox 1851 2408 2010 2461; x_wconf 91' lang='lat' dir='ltr'><strong>ﬁnem</strong></span> <span class='ocrx_word' id='word_1_179' title='bbox 2040 2425 2165 2476; x_wconf 87' lang='lat' dir='ltr'><strong>pro-</strong></span> 
     </span>
    </p>
   </div>
   <div class='ocr_carea' id='block_1_25' title="bbox 579 2499 2166 2572">
    <p class='ocr_par' dir='ltr' id='par_1_25' title="bbox 579 2499 2166 2572">
     <span class='ocr_line' id='line_1_25' title="bbox 579 2499 2166 2572; baseline -0.002 -16"><span class='ocrx_word' id='word_1_180' title='bbox 579 2517 795 2572; x_wconf 89' lang='lat' dir='ltr'><strong>sperum</strong></span> <span class='ocrx_word' id='word_1_181' title='bbox 825 2503 1004 2557; x_wconf 90' lang='lat' dir='ltr'><strong>omnia</strong></span> <span class='ocrx_word' id='word_1_182' title='bbox 1023 2500 1320 2571; x_wconf 87' lang='lat' dir='ltr'><strong>pervenire,</strong></span> <span class='ocrx_word' id='word_1_183' title='bbox 1347 2516 1467 2571; x_wconf 82' lang='lat' dir='ltr'><strong>quae</strong></span> <span class='ocrx_word' id='word_1_184' title='bbox 1492 2499 1560 2554; x_wconf 92' lang='lat' dir='ltr'><strong>ab</strong></span> <span class='ocrx_word' id='word_1_185' title='bbox 1585 2499 1677 2553; x_wconf 92' lang='lat' dir='ltr'><strong>illo</strong></span> <span class='ocrx_word' id='word_1_186' title='bbox 1696 2510 1874 2553; x_wconf 89' lang='lat' dir='ltr'><strong>nostra</strong></span> <span class='ocrx_word' id='word_1_187' title='bbox 1892 2513 2047 2553; x_wconf 87' lang='lat' dir='ltr'><strong>causa</strong></span> <span class='ocrx_word' id='word_1_188' title='bbox 2069 2515 2166 2568; x_wconf 86' lang='lat' dir='ltr'><strong>ge-</strong></span> 
     </span>
    </p>
   </div>
   <div class='ocr_carea' id='block_1_26' title="bbox 580 2589 2168 2662">
    <p class='ocr_par' dir='ltr' id='par_1_26' title="bbox 580 2589 2168 2662">
     <span class='ocr_line' id='line_1_26' title="bbox 580 2589 2168 2662; baseline -0.003 -14"><span class='ocrx_word' id='word_1_189' title='bbox 580 2606 768 2649; x_wconf 89' lang='lat' dir='ltr'><strong>runtur</strong></span> <span class='ocrx_word' id='word_1_190' title='bbox 796 2611 810 2647; x_wconf 86' lang='lat'><strong>:</strong></span> <span class='ocrx_word' id='word_1_191' title='bbox 840 2593 999 2648; x_wconf 90' lang='lat' dir='ltr'><strong>modo</strong></span> <span class='ocrx_word' id='word_1_192' title='bbox 1021 2607 1088 2647; x_wconf 88' lang='lat' dir='ltr'><strong>ne</strong></span> <span class='ocrx_word' id='word_1_193' title='bbox 1109 2601 1308 2648; x_wconf 73' lang='lat' dir='ltr'><strong>nostrre</strong></span> <span class='ocrx_word' id='word_1_194' title='bbox 1334 2606 1545 2662; x_wconf 89' lang='lat' dir='ltr'><strong>quoque</strong></span> <span class='ocrx_word' id='word_1_195' title='bbox 1572 2602 1752 2660; x_wconf 90' lang='lat' dir='ltr'><strong>partes</strong></span> <span class='ocrx_word' id='word_1_196' title='bbox 1777 2589 1973 2656; x_wconf 90' lang='lat' dir='ltr'><strong>desint;</strong></span> <span class='ocrx_word' id='word_1_197' title='bbox 1996 2591 2168 2644; x_wconf 83' lang='lat' dir='ltr'><strong>nemi-</strong></span> 
     </span>
    </p>
   </div>
   <div class='ocr_carea' id='block_1_27' title="bbox 581 2681 2167 2756">
    <p class='ocr_par' dir='ltr' id='par_1_27' title="bbox 581 2681 2167 2756">
     <span class='ocr_line' id='line_1_27' title="bbox 581 2681 2167 2756; baseline -0.002 -15"><span class='ocrx_word' id='word_1_198' title='bbox 581 2703 704 2742; x_wconf 93' lang='lat' dir='ltr'><strong>nem</strong></span> <span class='ocrx_word' id='word_1_199' title='bbox 741 2687 890 2741; x_wconf 92' lang='lat' dir='ltr'><strong>illum</strong></span> <span class='ocrx_word' id='word_1_200' title='bbox 932 2686 1109 2756; x_wconf 89' lang='lat' dir='ltr'><strong>perire</strong></span> <span class='ocrx_word' id='word_1_201' title='bbox 1134 2685 1290 2752; x_wconf 83' lang='lat' dir='ltr'><strong>velle,</strong></span> <span class='ocrx_word' id='word_1_202' title='bbox 1313 2699 1501 2739; x_wconf 89' lang='lat' dir='ltr'><strong>omnes</strong></span> <span class='ocrx_word' id='word_1_203' title='bbox 1539 2684 1717 2738; x_wconf 91' lang='lat' dir='ltr'><strong>salvos</strong></span> <span class='ocrx_word' id='word_1_204' title='bbox 1747 2681 1927 2738; x_wconf 87' lang='lat' dir='ltr'><strong>facere</strong></span> <span class='ocrx_word' id='word_1_205' title='bbox 1953 2693 2006 2738; x_wconf 90' lang='lat' dir='ltr'><strong>et</strong></span> <span class='ocrx_word' id='word_1_206' title='bbox 2033 2684 2167 2738; x_wconf 90' lang='lat' dir='ltr'><strong>velle</strong></span> 
     </span>
    </p>
   </div>
   <div class='ocr_carea' id='block_1_28' title="bbox 579 2773 2167 2849">
    <p class='ocr_par' dir='ltr' id='par_1_28' title="bbox 579 2773 2167 2849">
     <span class='ocr_line' id='line_1_28' title="bbox 579 2773 2167 2849; baseline -0.004 -15"><span class='ocrx_word' id='word_1_207' title='bbox 579 2787 636 2834; x_wconf 89' lang='lat' dir='ltr'><strong>et</strong></span> <span class='ocrx_word' id='word_1_208' title='bbox 665 2777 856 2849; x_wconf 81' lang='lat' dir='ltr'><strong>posse?</strong></span> <span class='ocrx_word' id='word_1_209' title='bbox 886 2779 1077 2833; x_wconf 82' lang='lat' dir='ltr'><strong>Annon</strong></span> <span class='ocrx_word' id='word_1_210' title='bbox 1111 2777 1270 2847; x_wconf 77' lang='lat' dir='ltr'><strong>igitur</strong></span> <span class='ocrx_word' id='word_1_211' title='bbox 1299 2785 1382 2831; x_wconf 90' lang='lat' dir='ltr'><strong>est</strong></span> <span class='ocrx_word' id='word_1_212' title='bbox 1419 2783 1677 2830; x_wconf 62' lang='lat' dir='ltr'><strong>extrema:</strong></span> <span class='ocrx_word' id='word_1_213' title='bbox 1721 2773 2004 2829; x_wconf 78' lang='lat' dir='ltr'><strong>dementia:</strong></span> <span class='ocrx_word' id='word_1_214' title='bbox 2034 2773 2167 2828; x_wconf 83' lang='lat' dir='ltr'><strong>faei-</strong></span> 
     </span>
    </p>
   </div>
   <div class='ocr_carea' id='block_1_29' title="bbox 582 2865 2166 2940">
    <p class='ocr_par' dir='ltr' id='par_1_29' title="bbox 582 2865 2166 2940">
     <span class='ocr_line' id='line_1_29' title="bbox 582 2865 2166 2940; baseline -0.002 -17"><span class='ocrx_word' id='word_1_215' title='bbox 582 2885 684 2924; x_wconf 89' lang='lat' dir='ltr'><strong>nus</strong></span> <span class='ocrx_word' id='word_1_216' title='bbox 709 2885 852 2935; x_wconf 92' lang='lat' dir='ltr'><strong>eum,</strong></span> <span class='ocrx_word' id='word_1_217' title='bbox 878 2871 967 2940; x_wconf 92' lang='lat' dir='ltr'><strong>qui</strong></span> <span class='ocrx_word' id='word_1_218' title='bbox 993 2869 1172 2924; x_wconf 87' lang='lat' dir='ltr'><strong>salvos</strong></span> <span class='ocrx_word' id='word_1_219' title='bbox 1198 2869 1374 2924; x_wconf 91' lang='lat' dir='ltr'><strong>facere</strong></span> <span class='ocrx_word' id='word_1_220' title='bbox 1399 2877 1619 2922; x_wconf 91' lang='lat' dir='ltr'><strong>cunctos</strong></span> <span class='ocrx_word' id='word_1_221' title='bbox 1663 2874 1718 2922; x_wconf 91' lang='lat' dir='ltr'><strong>et</strong></span> <span class='ocrx_word' id='word_1_222' title='bbox 1744 2866 1873 2922; x_wconf 73' lang='lat' dir='ltr'><strong>velit.</strong></span> <span class='ocrx_word' id='word_1_223' title='bbox 1897 2875 1952 2922; x_wconf 84' lang='lat' dir='ltr'><strong>et</strong></span> <span class='ocrx_word' id='word_1_224' title='bbox 1978 2865 2166 2937; x_wconf 85' lang='lat' dir='ltr'><strong>possit,</strong></span> 
     </span>
    </p>
   </div>
   <div class='ocr_carea' id='block_1_30' title="bbox 579 2959 2167 3031">
    <p class='ocr_par' dir='ltr' id='par_1_30' title="bbox 579 2959 2167 3031">
     <span class='ocr_line' id='line_1_30' title="bbox 579 2959 2167 3031; baseline -0.001 -15"><span class='ocrx_word' id='word_1_225' title='bbox 579 2961 792 3016; x_wconf 89' lang='lat' dir='ltr'><strong>curiose</strong></span> <span class='ocrx_word' id='word_1_226' title='bbox 815 2962 1041 3016; x_wconf 88' lang='lat' dir='ltr'><strong>scrutari</strong></span> <span class='ocrx_word' id='word_1_227' title='bbox 1063 2961 1174 3031; x_wconf 90' lang='lat' dir='ltr'><strong>jam</strong></span> <span class='ocrx_word' id='word_1_228' title='bbox 1199 2975 1228 3014; x_wconf 93' lang='lat' dir='ltr'><strong>a</strong></span> <span class='ocrx_word' id='word_1_229' title='bbox 1269 2960 1548 3030; x_wconf 89' lang='lat' dir='ltr'><strong>principio,</strong></span> <span class='ocrx_word' id='word_1_230' title='bbox 1576 2969 1632 3014; x_wconf 90' lang='lat' dir='ltr'><strong>et</strong></span> <span class='ocrx_word' id='word_1_231' title='bbox 1657 2974 1689 3015; x_wconf 91' lang='lat' dir='ltr'><strong>e</strong></span> <span class='ocrx_word' id='word_1_232' title='bbox 1722 2959 1969 3030; x_wconf 88' lang='lat' dir='ltr'><strong>vestigio,</strong></span> <span class='ocrx_word' id='word_1_233' title='bbox 1995 2975 2167 3030; x_wconf 90' lang='lat' dir='ltr'><strong>neque</strong></span> 
     </span>
    </p>
   </div>
   <div class='ocr_carea' id='block_1_31' title="bbox 581 3049 1742 3121">
    <p class='ocr_par' dir='ltr' id='par_1_31' title="bbox 581 3049 1742 3121">
     <span class='ocr_line' id='line_1_31' title="bbox 581 3049 1742 3121; baseline -0.002 -15"><span class='ocrx_word' id='word_1_234' title='bbox 581 3050 738 3106; x_wconf 91' lang='lat' dir='ltr'><strong>ﬁnem</strong></span> <span class='ocrx_word' id='word_1_235' title='bbox 767 3065 955 3106; x_wconf 90' lang='lat' dir='ltr'><strong>eorum</strong></span> <span class='ocrx_word' id='word_1_236' title='bbox 979 3067 1097 3120; x_wconf 65' lang='lat' dir='ltr'><strong>quae</strong></span> <span class='ocrx_word' id='word_1_237' title='bbox 1117 3059 1377 3121; x_wconf 88' lang='lat' dir='ltr'><strong>geruntur</strong></span> <span class='ocrx_word' id='word_1_238' title='bbox 1395 3049 1742 3121; x_wconf 72' lang='lat' dir='ltr'><strong>exspectare?</strong></span> 
     </span>
    </p>
   </div>
   <div class='ocr_carea' id='block_1_32' title="bbox 649 3140 2167 3212">
    <p class='ocr_par' dir='ltr' id='par_1_32' title="bbox 649 3140 2167 3212">
     <span class='ocr_line' id='line_1_32' title="bbox 649 3140 2167 3212; baseline 0.001 -15"><span class='ocrx_word' id='word_1_239' title='bbox 649 3140 776 3197; x_wconf 67' lang='lat' dir='ltr'><strong>Cu.</strong></span> <span class='ocrx_word' id='word_1_240' title='bbox 804 3141 897 3197; x_wconf 83' lang='lat' dir='ltr'><strong>IX.</strong></span> <span class='ocrx_word' id='word_1_241' title='bbox 929 3141 1054 3196; x_wconf 83' lang='lat' dir='ltr'><strong>Non</strong></span> <span class='ocrx_word' id='word_1_242' title='bbox 1089 3158 1200 3196; x_wconf 79' lang='lat' dir='ltr'><strong>esse</strong></span> <span class='ocrx_word' id='word_1_243' title='bbox 1244 3141 1440 3196; x_wconf 81' lang='lat' dir='ltr'><strong>curiose</strong></span> <span class='ocrx_word' id='word_1_244' title='bbox 1479 3141 1831 3212; x_wconf 81' lang='lat' dir='ltr'><strong>inquirendum</strong></span> <span class='ocrx_word' id='word_1_245' title='bbox 1851 3182 1869 3210; x_wconf 90' lang='lat'><strong>,</strong></span> <span class='ocrx_word' id='word_1_246' title='bbox 1909 3151 1955 3198; x_wconf 86' lang='lat' dir='ltr'><strong>et</strong></span> <span class='ocrx_word' id='word_1_247' title='bbox 1999 3159 2167 3198; x_wconf 88' lang='lat' dir='ltr'><strong>rerum</strong></span> 
     </span>
    </p>
   </div>
   <div class='ocr_carea' id='block_1_33' title="bbox 583 3233 2167 3304">
    <p class='ocr_par' dir='ltr' id='par_1_33' title="bbox 583 3233 2167 3304">
     <span class='ocr_line' id='line_1_33' title="bbox 583 3233 2167 3304; baseline 0.001 -15"><span class='ocrx_word' id='word_1_248' title='bbox 583 3236 734 3303; x_wconf 82' lang='lat' dir='ltr'><strong>ﬁnem</strong></span> <span class='ocrx_word' id='word_1_249' title='bbox 773 3235 1167 3304; x_wconf 77' lang='lat' dir='ltr'><strong>exspectandum</strong></span> <span class='ocrx_word' id='word_1_250' title='bbox 1203 3249 1332 3289; x_wconf 79' lang='lat' dir='ltr'><strong>esse.</strong></span> <span class='ocrx_word' id='word_1_251' title='bbox 1356 3262 1433 3273; x_wconf 95' lang='lat'><strong>—</strong></span> <span class='ocrx_word' id='word_1_252' title='bbox 1459 3233 1738 3303; x_wconf 81' lang='lat' dir='ltr'><strong>Praecipue</strong></span> <span class='ocrx_word' id='word_1_253' title='bbox 1767 3248 1894 3289; x_wconf 86' lang='lat' dir='ltr'><strong>vero</strong></span> <span class='ocrx_word' id='word_1_254' title='bbox 1919 3249 2044 3290; x_wconf 90' lang='lat' dir='ltr'><strong>cum</strong></span> <span class='ocrx_word' id='word_1_255' title='bbox 2075 3250 2167 3291; x_wconf 89' lang='lat' dir='ltr'><strong>ne-</strong></span> 
     </span>
    </p>
   </div>
   <div class='ocr_carea' id='block_1_34' title="bbox 581 3321 2166 3398">
    <p class='ocr_par' dir='ltr' id='par_1_34' title="bbox 581 3321 2166 3398">
     <span class='ocr_line' id='line_1_34' title="bbox 581 3321 2166 3398; baseline 0.003 -18"><span class='ocrx_word' id='word_1_256' title='bbox 581 3321 686 3394; x_wconf 86' lang='lat' dir='ltr'><strong>qhe</strong></span> <span class='ocrx_word' id='word_1_257' title='bbox 708 3343 739 3382; x_wconf 92' lang='lat' dir='ltr'><strong>a</strong></span> <span class='ocrx_word' id='word_1_258' title='bbox 767 3328 1050 3398; x_wconf 89' lang='lat' dir='ltr'><strong>principio,</strong></span> <span class='ocrx_word' id='word_1_259' title='bbox 1075 3342 1252 3398; x_wconf 88' lang='lat' dir='ltr'><strong>neque</strong></span> <span class='ocrx_word' id='word_1_260' title='bbox 1277 3327 1532 3398; x_wconf 90' lang='lat' dir='ltr'><strong>deinceps</strong></span> <span class='ocrx_word' id='word_1_261' title='bbox 1555 3326 1768 3382; x_wconf 91' lang='lat' dir='ltr'><strong>curiose</strong></span> <span class='ocrx_word' id='word_1_262' title='bbox 1791 3327 1863 3381; x_wconf 88' lang='lat' dir='ltr'><strong>sit</strong></span> <span class='ocrx_word' id='word_1_263' title='bbox 1891 3327 2166 3398; x_wconf 89' lang='lat' dir='ltr'><strong>inquiren-</strong></span> 
     </span>
    </p>
   </div>
   <div class='ocr_carea' id='block_1_35' title="bbox 581 3418 2164 3491">
    <p class='ocr_par' dir='ltr' id='par_1_35' title="bbox 581 3418 2164 3491">
     <span class='ocr_line' id='line_1_35' title="bbox 581 3418 2164 3491; baseline 0 -15"><span class='ocrx_word' id='word_1_264' title='bbox 581 3423 740 3488; x_wconf 85' lang='lat' dir='ltr'><strong>dum;</strong></span> <span class='ocrx_word' id='word_1_265' title='bbox 767 3421 908 3491; x_wconf 91' lang='lat' dir='ltr'><strong>quod</strong></span> <span class='ocrx_word' id='word_1_266' title='bbox 937 3421 984 3476; x_wconf 90' lang='lat' dir='ltr'><strong>si</strong></span> <span class='ocrx_word' id='word_1_267' title='bbox 1011 3420 1147 3476; x_wconf 91' lang='lat' dir='ltr'><strong>adeo</strong></span> <span class='ocrx_word' id='word_1_268' title='bbox 1175 3419 1421 3476; x_wconf 90' lang='lat' dir='ltr'><strong>curiosus</strong></span> <span class='ocrx_word' id='word_1_269' title='bbox 1440 3434 1504 3474; x_wconf 90' lang='lat' dir='ltr'><strong>ac</strong></span> <span class='ocrx_word' id='word_1_270' title='bbox 1527 3418 1754 3490; x_wconf 80' lang='lat' dir='ltr'><strong>diligens</strong></span> <span class='ocrx_word' id='word_1_271' title='bbox 1779 3429 2042 3475; x_wconf 88' lang='lat' dir='ltr'><strong>scrutator</strong></span> <span class='ocrx_word' id='word_1_272' title='bbox 2068 3422 2164 3487; x_wconf 86' lang='lat' dir='ltr'><strong>sis,</strong></span> 
     </span>
    </p>
   </div>
   <div class='ocr_carea' id='block_1_36' title="bbox 586 3511 2169 3585">
    <p class='ocr_par' dir='ltr' id='par_1_36' title="bbox 586 3511 2169 3585">
     <span class='ocr_line' id='line_1_36' title="bbox 586 3511 2169 3585; baseline 0 -17"><span class='ocrx_word' id='word_1_273' title='bbox 586 3517 745 3568; x_wconf 89' lang='lat' dir='ltr'><strong>linem</strong></span> <span class='ocrx_word' id='word_1_274' title='bbox 767 3521 1038 3585; x_wconf 86' lang='lat' dir='ltr'><strong>exspecta,</strong></span> <span class='ocrx_word' id='word_1_275' title='bbox 1071 3524 1124 3568; x_wconf 86' lang='lat' dir='ltr'><strong>et</strong></span> <span class='ocrx_word' id='word_1_276' title='bbox 1157 3527 1314 3582; x_wconf 89' lang='lat' dir='ltr'><strong>quem</strong></span> <span class='ocrx_word' id='word_1_277' title='bbox 1346 3511 1559 3567; x_wconf 89' lang='lat' dir='ltr'><strong>tandem</strong></span> <span class='ocrx_word' id='word_1_278' title='bbox 1589 3511 1791 3567; x_wconf 78' lang='lat' dir='ltr'><strong>exitum</strong></span> <span class='ocrx_word' id='word_1_279' title='bbox 1810 3512 1911 3567; x_wconf 89' lang='lat' dir='ltr'><strong>ista</strong></span> <span class='ocrx_word' id='word_1_280' title='bbox 1937 3513 2169 3568; x_wconf 87' lang='lat' dir='ltr'><strong>sortian-</strong></span> 
     </span>
    </p>
   </div>
   <div class='ocr_carea' id='block_1_37' title="bbox 585 3604 2166 3675">
    <p class='ocr_par' dir='ltr' id='par_1_37' title="bbox 585 3604 2166 3675">
     <span class='ocr_line' id='line_1_37' title="bbox 585 3604 2166 3675; baseline 0 -15"><span class='ocrx_word' id='word_1_281' title='bbox 585 3616 677 3660; x_wconf 91' lang='lat' dir='ltr'><strong>tur</strong></span> <span class='ocrx_word' id='word_1_282' title='bbox 695 3606 997 3671; x_wconf 87' lang='lat' dir='ltr'><strong>considera,</strong></span> <span class='ocrx_word' id='word_1_283' title='bbox 1025 3620 1199 3675; x_wconf 89' lang='lat' dir='ltr'><strong>neque</strong></span> <span class='ocrx_word' id='word_1_284' title='bbox 1229 3604 1458 3660; x_wconf 89' lang='lat' dir='ltr'><strong>turberis</strong></span> <span class='ocrx_word' id='word_1_285' title='bbox 1503 3612 1594 3658; x_wconf 89' lang='lat' dir='ltr'><strong>aut</strong></span> <span class='ocrx_word' id='word_1_286' title='bbox 1628 3605 1883 3660; x_wconf 90' lang='lat' dir='ltr'><strong>terrearis</strong></span> <span class='ocrx_word' id='word_1_287' title='bbox 1908 3619 1938 3658; x_wconf 89' lang='lat' dir='ltr'><strong>a</strong></span> <span class='ocrx_word' id='word_1_288' title='bbox 1967 3605 2166 3675; x_wconf 87' lang='lat' dir='ltr'><strong>princi-</strong></span> 
     </span>
    </p>
   </div>
   <div class='ocr_carea' id='block_1_38' title="bbox 582 3697 2168 3769">
    <p class='ocr_par' dir='ltr' id='par_1_38' title="bbox 582 3697 2168 3769">
     <span class='ocr_line' id='line_1_38' title="bbox 582 3697 2168 3769; baseline 0.003 -21"><span class='ocrx_word' id='word_1_289' title='bbox 582 3700 692 3769; x_wconf 77' lang='lat' dir='ltr'><strong>pio.</strong></span> <span class='ocrx_word' id='word_1_290' title='bbox 717 3697 1156 3768; x_wconf 83' lang='lat' dir='ltr'><strong>Quandoquidem</strong></span> <span class='ocrx_word' id='word_1_291' title='bbox 1194 3698 1308 3752; x_wconf 92' lang='lat' dir='ltr'><strong>auri</strong></span> <span class='ocrx_word' id='word_1_292' title='bbox 1354 3713 1567 3768; x_wconf 89' lang='lat' dir='ltr'><strong>quoque</strong></span> <span class='ocrx_word' id='word_1_293' title='bbox 1613 3697 1849 3753; x_wconf 87' lang='lat' dir='ltr'><strong>fusorem</strong></span> <span class='ocrx_word' id='word_1_294' title='bbox 1889 3697 2168 3767; x_wconf 90' lang='lat' dir='ltr'><strong>imperitus</strong></span> 
     </span>
    </p>
   </div>
   <div class='ocr_carea' id='block_1_39' title="bbox 579 3787 2166 3860">
    <p class='ocr_par' dir='ltr' id='par_1_39' title="bbox 579 3787 2166 3860">
     <span class='ocr_line' id='line_1_39' title="bbox 579 3787 2166 3860; baseline -0.001 -16"><span class='ocrx_word' id='word_1_295' title='bbox 579 3791 772 3860; x_wconf 89' lang='lat' dir='ltr'><strong>aliquis</strong></span> <span class='ocrx_word' id='word_1_296' title='bbox 813 3789 858 3845; x_wconf 88' lang='lat' dir='ltr'><strong>si</strong></span> <span class='ocrx_word' id='word_1_297' title='bbox 907 3789 1083 3844; x_wconf 85' lang='lat' dir='ltr'><strong>videat</strong></span> <span class='ocrx_word' id='word_1_298' title='bbox 1127 3789 1278 3844; x_wconf 90' lang='lat' dir='ltr'><strong>initio</strong></span> <span class='ocrx_word' id='word_1_299' title='bbox 1329 3803 1520 3843; x_wconf 91' lang='lat' dir='ltr'><strong>aurum</strong></span> <span class='ocrx_word' id='word_1_300' title='bbox 1569 3787 1880 3858; x_wconf 89' lang='lat' dir='ltr'><strong>liquantem,</strong></span> <span class='ocrx_word' id='word_1_301' title='bbox 1909 3797 1965 3843; x_wconf 89' lang='lat' dir='ltr'><strong>et</strong></span> <span class='ocrx_word' id='word_1_302' title='bbox 1998 3787 2166 3844; x_wconf 89' lang='lat' dir='ltr'><strong>cineri</strong></span> 
     </span>
    </p>
   </div>
   <div class='ocr_carea' id='block_1_40' title="bbox 583 3878 2166 3952">
    <p class='ocr_par' dir='ltr' id='par_1_40' title="bbox 583 3878 2166 3952">
     <span class='ocr_line' id='line_1_40' title="bbox 583 3878 2166 3952; baseline -0.001 -19"><span class='ocrx_word' id='word_1_303' title='bbox 583 3883 855 3952; x_wconf 85' lang='lat' dir='ltr'><strong>paleisque</strong></span> <span class='ocrx_word' id='word_1_304' title='bbox 879 3881 1289 3946; x_wconf 88' lang='lat' dir='ltr'><strong>admiscentem,</strong></span> <span class='ocrx_word' id='word_1_305' title='bbox 1325 3878 1427 3935; x_wconf 89' lang='lat' dir='ltr'><strong>nisi</strong></span> <span class='ocrx_word' id='word_1_306' title='bbox 1459 3881 1618 3934; x_wconf 90' lang='lat' dir='ltr'><strong>ﬁnem</strong></span> <span class='ocrx_word' id='word_1_307' title='bbox 1649 3886 1949 3948; x_wconf 76' lang='lat' dir='ltr'><strong>exspectet,</strong></span> <span class='ocrx_word' id='word_1_308' title='bbox 1978 3893 2166 3933; x_wconf 91' lang='lat' dir='ltr'><strong>aurum</strong></span> 
     </span>
    </p>
   </div>
   <div class='ocr_carea' id='block_1_41' title="bbox 584 3971 2168 4046">
    <p class='ocr_par' dir='ltr' id='par_1_41' title="bbox 584 3971 2168 4046">
     <span class='ocr_line' id='line_1_41' title="bbox 584 3971 2168 4046; baseline -0.001 -16"><span class='ocrx_word' id='word_1_309' title='bbox 584 3977 807 4046; x_wconf 88' lang='lat' dir='ltr'><strong>periisse</strong></span> <span class='ocrx_word' id='word_1_310' title='bbox 829 3975 1207 4030; x_wconf 91' lang='lat' dir='ltr'><strong>arbitrabitur:</strong></span> <span class='ocrx_word' id='word_1_311' title='bbox 1229 3974 1306 4030; x_wconf 92' lang='lat' dir='ltr'><strong>sie</strong></span> <span class='ocrx_word' id='word_1_312' title='bbox 1330 3983 1383 4029; x_wconf 90' lang='lat' dir='ltr'><strong>et</strong></span> <span class='ocrx_word' id='word_1_313' title='bbox 1423 3973 1477 4028; x_wconf 90' lang='lat' dir='ltr'><strong>in</strong></span> <span class='ocrx_word' id='word_1_314' title='bbox 1499 3973 1632 4028; x_wconf 92' lang='lat' dir='ltr'><strong>mari</strong></span> <span class='ocrx_word' id='word_1_315' title='bbox 1655 3980 1812 4028; x_wconf 88' lang='lat' dir='ltr'><strong>natus</strong></span> <span class='ocrx_word' id='word_1_316' title='bbox 1827 3980 1882 4027; x_wconf 90' lang='lat' dir='ltr'><strong>et</strong></span> <span class='ocrx_word' id='word_1_317' title='bbox 1910 3971 2168 4028; x_wconf 88' lang='lat' dir='ltr'><strong>educatus</strong></span> 
     </span>
    </p>
   </div>
   <div class='ocr_carea' id='block_1_42' title="bbox 582 4063 2166 4136">
    <p class='ocr_par' dir='ltr' id='par_1_42' title="bbox 582 4063 2166 4136">
     <span class='ocr_line' id='line_1_42' title="bbox 582 4063 2166 4136; baseline -0.001 -16"><span class='ocrx_word' id='word_1_318' title='bbox 582 4067 878 4136; x_wconf 91' lang='lat' dir='ltr'><strong>quispiam,</strong></span> <span class='ocrx_word' id='word_1_319' title='bbox 911 4068 958 4122; x_wconf 89' lang='lat' dir='ltr'><strong>si</strong></span> <span class='ocrx_word' id='word_1_320' title='bbox 1002 4067 1281 4122; x_wconf 82' lang='lat' dir='ltr'><strong>confestim</strong></span> <span class='ocrx_word' id='word_1_321' title='bbox 1329 4065 1396 4120; x_wconf 88' lang='lat' dir='ltr'><strong>ad</strong></span> <span class='ocrx_word' id='word_1_322' title='bbox 1442 4065 1834 4121; x_wconf 86' lang='lat' dir='ltr'><strong>mediterranea</strong></span> <span class='ocrx_word' id='word_1_323' title='bbox 1877 4063 2166 4118; x_wconf 90' lang='lat' dir='ltr'><strong>habitanda</strong></span> 
     </span>
    </p>
   </div>
   <div class='ocr_carea' id='block_1_43' title="bbox 584 4155 2165 4228">
    <p class='ocr_par' dir='ltr' id='par_1_43' title="bbox 584 4155 2165 4228">
     <span class='ocr_line' id='line_1_43' title="bbox 584 4155 2165 4228; baseline -0.001 -16"><span class='ocrx_word' id='word_1_324' title='bbox 584 4158 895 4225; x_wconf 90' lang='lat' dir='ltr'><strong>translatus,</strong></span> <span class='ocrx_word' id='word_1_325' title='bbox 922 4173 1045 4212; x_wconf 91' lang='lat' dir='ltr'><strong>eum</strong></span> <span class='ocrx_word' id='word_1_326' title='bbox 1075 4158 1203 4210; x_wconf 89' lang='lat' dir='ltr'><strong>nihil</strong></span> <span class='ocrx_word' id='word_1_327' title='bbox 1247 4157 1405 4226; x_wconf 91' lang='lat' dir='ltr'><strong>plane</strong></span> <span class='ocrx_word' id='word_1_328' title='bbox 1444 4157 1514 4212; x_wconf 93' lang='lat' dir='ltr'><strong>de</strong></span> <span class='ocrx_word' id='word_1_329' title='bbox 1541 4171 1791 4228; x_wconf 76' lang='lat' dir='ltr'><strong>agrorum</strong></span> <span class='ocrx_word' id='word_1_330' title='bbox 1819 4155 2165 4212; x_wconf 91' lang='lat' dir='ltr'><strong>colendorum</strong></span> 
     </span>
    </p>
   </div>
   <div class='ocr_carea' id='block_1_44' title="bbox 585 4248 2170 4316">
    <p class='ocr_par' dir='ltr' id='par_1_44' title="bbox 585 4248 2170 4316">
     <span class='ocr_line' id='line_1_44' title="bbox 585 4248 2170 4316; baseline -0.001 -10"><span class='ocrx_word' id='word_1_331' title='bbox 585 4251 795 4307; x_wconf 92' lang='lat' dir='ltr'><strong>ratione</strong></span> <span class='ocrx_word' id='word_1_332' title='bbox 834 4248 1184 4316; x_wconf 86' lang='lat' dir='ltr'><strong>inaudiverit,</strong></span> <span class='ocrx_word' id='word_1_333' title='bbox 1225 4249 1558 4304; x_wconf 89' lang='lat' dir='ltr'><strong>reconditum</strong></span> <span class='ocrx_word' id='word_1_334' title='bbox 1604 4250 1838 4305; x_wconf 89' lang='lat' dir='ltr'><strong>triticum</strong></span> <span class='ocrx_word' id='word_1_335' title='bbox 1871 4249 2082 4316; x_wconf 90' lang='lat' dir='ltr'><strong>viderit,</strong></span> <span class='ocrx_word' id='word_1_336' title='bbox 2114 4257 2170 4304; x_wconf 93' lang='lat' dir='ltr'><strong>et</strong></span> 
     </span>
    </p>
   </div>
   <div class='ocr_carea' id='block_1_45' title="bbox 579 4342 2168 4415">
    <p class='ocr_par' dir='ltr' id='par_1_45' title="bbox 579 4342 2168 4415">
     <span class='ocr_line' id='line_1_45' title="bbox 579 4342 2168 4415; baseline -0.001 -16"><span class='ocrx_word' id='word_1_337' title='bbox 579 4345 758 4415; x_wconf 90' lang='lat' dir='ltr'><strong>jannis</strong></span> <span class='ocrx_word' id='word_1_338' title='bbox 790 4343 1136 4413; x_wconf 89' lang='lat' dir='ltr'><strong>vectibusque</strong></span> <span class='ocrx_word' id='word_1_339' title='bbox 1178 4342 1490 4397; x_wconf 89' lang='lat' dir='ltr'><strong>conclusum</strong></span> <span class='ocrx_word' id='word_1_340' title='bbox 1531 4343 1752 4408; x_wconf 89' lang='lat' dir='ltr'><strong>servari,</strong></span> <span class='ocrx_word' id='word_1_341' title='bbox 1781 4353 1940 4412; x_wconf 89' lang='lat' dir='ltr'><strong>atque</strong></span> <span class='ocrx_word' id='word_1_342' title='bbox 1969 4343 2036 4398; x_wconf 94' lang='lat' dir='ltr'><strong>ab</strong></span> <span class='ocrx_word' id='word_1_343' title='bbox 2065 4344 2168 4397; x_wconf 89' lang='lat' dir='ltr'><strong>hu-</strong></span> 
     </span>
    </p>
   </div>
   <div class='ocr_carea' id='block_1_46' title="bbox 585 4435 2166 4504">
    <p class='ocr_par' dir='ltr' id='par_1_46' title="bbox 585 4435 2166 4504">
     <span class='ocr_line' id='line_1_46' title="bbox 585 4435 2166 4504; baseline -0.002 -11"><span class='ocrx_word' id='word_1_344' title='bbox 585 4438 824 4494; x_wconf 89' lang='lat' dir='ltr'><strong>miditate</strong></span> <span class='ocrx_word' id='word_1_345' title='bbox 867 4435 1112 4503; x_wconf 88' lang='lat' dir='ltr'><strong>defendi,</strong></span> <span class='ocrx_word' id='word_1_346' title='bbox 1153 4435 1439 4504; x_wconf 89' lang='lat' dir='ltr'><strong>statimque</strong></span> <span class='ocrx_word' id='word_1_347' title='bbox 1480 4435 1548 4490; x_wconf 91' lang='lat' dir='ltr'><strong>ab</strong></span> <span class='ocrx_word' id='word_1_348' title='bbox 1571 4435 1802 4504; x_wconf 80' lang='lat' dir='ltr'><strong>agricola</strong></span> <span class='ocrx_word' id='word_1_349' title='bbox 1828 4435 2024 4490; x_wconf 86' lang='lat' dir='ltr'><strong>deinde</strong></span> <span class='ocrx_word' id='word_1_350' title='bbox 2047 4437 2166 4490; x_wconf 89' lang='lat' dir='ltr'><strong>ela-</strong></span> 
     </span>
    </p>
   </div>
   <div class='ocr_carea' id='block_1_47' title="bbox 584 4527 2168 4601">
    <p class='ocr_par' dir='ltr' id='par_1_47' title="bbox 584 4527 2168 4601">
     <span class='ocr_line' id='line_1_47' title="bbox 584 4527 2168 4601; baseline -0.005 -14"><span class='ocrx_word' id='word_1_351' title='bbox 584 4543 697 4588; x_wconf 91' lang='lat' dir='ltr'><strong>tum</strong></span> <span class='ocrx_word' id='word_1_352' title='bbox 743 4531 941 4601; x_wconf 89' lang='lat' dir='ltr'><strong>spargi,</strong></span> <span class='ocrx_word' id='word_1_353' title='bbox 970 4528 1184 4599; x_wconf 90' lang='lat' dir='ltr'><strong>projici,</strong></span> <span class='ocrx_word' id='word_1_354' title='bbox 1211 4537 1266 4582; x_wconf 93' lang='lat' dir='ltr'><strong>et</strong></span> <span class='ocrx_word' id='word_1_355' title='bbox 1303 4527 1356 4582; x_wconf 93' lang='lat' dir='ltr'><strong>in</strong></span> <span class='ocrx_word' id='word_1_356' title='bbox 1390 4541 1520 4598; x_wconf 90' lang='lat' dir='ltr'><strong>agro</strong></span> <span class='ocrx_word' id='word_1_357' title='bbox 1558 4528 2004 4596; x_wconf 63' lang='lat' dir='ltr'><strong>praetereuntibus</strong></span> <span class='ocrx_word' id='word_1_358' title='bbox 2034 4543 2168 4582; x_wconf 86' lang='lat' dir='ltr'><strong>enn-</strong></span> 
     </span>
    </p>
   </div>
   <div class='ocr_carea' id='block_1_48' title="bbox 583 4619 2164 4694">
    <p class='ocr_par' dir='ltr' id='par_1_48' title="bbox 583 4619 2164 4694">
     <span class='ocr_line' id='line_1_48' title="bbox 583 4619 2164 4694; baseline -0.003 -15"><span class='ocrx_word' id='word_1_359' title='bbox 583 4625 685 4679; x_wconf 89' lang='lat' dir='ltr'><strong>etis</strong></span> <span class='ocrx_word' id='word_1_360' title='bbox 710 4623 924 4694; x_wconf 81' lang='lat' dir='ltr'><strong>exponi,</strong></span> <span class='ocrx_word' id='word_1_361' title='bbox 954 4630 1008 4678; x_wconf 90' lang='lat' dir='ltr'><strong>et</strong></span> <span class='ocrx_word' id='word_1_362' title='bbox 1034 4637 1142 4677; x_wconf 89' lang='lat' dir='ltr'><strong>non</strong></span> <span class='ocrx_word' id='word_1_363' title='bbox 1171 4619 1330 4676; x_wconf 92' lang='lat' dir='ltr'><strong>modo</strong></span> <span class='ocrx_word' id='word_1_364' title='bbox 1359 4620 1428 4675; x_wconf 92' lang='lat' dir='ltr'><strong>ab</strong></span> <span class='ocrx_word' id='word_1_365' title='bbox 1455 4619 1768 4676; x_wconf 88' lang='lat' dir='ltr'><strong>humiditate</strong></span> <span class='ocrx_word' id='word_1_366' title='bbox 1797 4637 1900 4674; x_wconf 92' lang='lat' dir='ltr'><strong>non</strong></span> <span class='ocrx_word' id='word_1_367' title='bbox 1929 4621 2164 4685; x_wconf 90' lang='lat' dir='ltr'><strong>defendi,</strong></span> 
     </span>
    </p>
   </div>
   <div class='ocr_carea' id='block_1_49' title="bbox 585 4712 2172 4786">
    <p class='ocr_par' dir='ltr' id='par_1_49' title="bbox 585 4712 2172 4786">
     <span class='ocr_line' id='line_1_49' title="bbox 585 4712 2172 4786; baseline -0.002 -14"><span class='ocrx_word' id='word_1_368' title='bbox 585 4717 680 4774; x_wconf 90' lang='lat' dir='ltr'><strong>sed</strong></span> <span class='ocrx_word' id='word_1_369' title='bbox 712 4717 822 4772; x_wconf 92' lang='lat' dir='ltr'><strong>luto</strong></span> <span class='ocrx_word' id='word_1_370' title='bbox 854 4716 1084 4786; x_wconf 91' lang='lat' dir='ltr'><strong>ﬁmoque</strong></span> <span class='ocrx_word' id='word_1_371' title='bbox 1133 4712 1508 4768; x_wconf 91' lang='lat' dir='ltr'><strong>macerandum</strong></span> <span class='ocrx_word' id='word_1_372' title='bbox 1547 4715 1762 4782; x_wconf 79' lang='lat' dir='ltr'><strong>exponi,</strong></span> <span class='ocrx_word' id='word_1_373' title='bbox 1794 4729 1967 4783; x_wconf 87' lang='lat' dir='ltr'><strong>neque</strong></span> <span class='ocrx_word' id='word_1_374' title='bbox 1992 4723 2172 4769; x_wconf 84' lang='lat' dir='ltr'><strong>custo-</strong></span> 
     </span>
    </p>
   </div>
   <div class='ocr_carea' id='block_1_50' title="bbox 584 4804 2170 4880">
    <p class='ocr_par' dir='ltr' id='par_1_50' title="bbox 584 4804 2170 4880">
     <span class='ocr_line' id='line_1_50' title="bbox 584 4804 2170 4880; baseline -0.002 -15"><span class='ocrx_word' id='word_1_375' title='bbox 584 4807 707 4865; x_wconf 80' lang='lat' dir='ltr'><strong>dem</strong></span> <span class='ocrx_word' id='word_1_376' title='bbox 733 4809 950 4880; x_wconf 90' lang='lat' dir='ltr'><strong>apponi,</strong></span> <span class='ocrx_word' id='word_1_377' title='bbox 978 4823 1155 4864; x_wconf 89' lang='lat' dir='ltr'><strong>nonne</strong></span> <span class='ocrx_word' id='word_1_378' title='bbox 1185 4804 1408 4876; x_wconf 88' lang='lat' dir='ltr'><strong>periisse</strong></span> <span class='ocrx_word' id='word_1_379' title='bbox 1443 4805 1675 4859; x_wconf 89' lang='lat' dir='ltr'><strong>triticum</strong></span> <span class='ocrx_word' id='word_1_380' title='bbox 1720 4804 2084 4871; x_wconf 90' lang='lat' dir='ltr'><strong>arbitrabitur,</strong></span> <span class='ocrx_word' id='word_1_381' title='bbox 2116 4816 2170 4862; x_wconf 93' lang='lat' dir='ltr'><strong>et</strong></span> 
     </span>
    </p>
   </div>
   <div class='ocr_carea' id='block_1_51' title="bbox 586 4897 2168 4971">
    <p class='ocr_par' dir='ltr' id='par_1_51' title="bbox 586 4897 2168 4971">
     <span class='ocr_line' id='line_1_51' title="bbox 586 4897 2168 4971; baseline 0 -17"><span class='ocrx_word' id='word_1_382' title='bbox 586 4901 876 4971; x_wconf 82' lang='lat' dir='ltr'><strong>agricolam</strong></span> <span class='ocrx_word' id='word_1_383' title='bbox 905 4899 1021 4955; x_wconf 63' lang='lat' dir='ltr'><strong>haec</strong></span> <span class='ocrx_word' id='word_1_384' title='bbox 1046 4910 1290 4970; x_wconf 86' lang='lat' dir='ltr'><strong>agentem</strong></span> <span class='ocrx_word' id='word_1_385' title='bbox 1320 4897 1632 4952; x_wconf 87' lang='lat' dir='ltr'><strong>damnabit?</strong></span> <span class='ocrx_word' id='word_1_386' title='bbox 1666 4899 1731 4951; x_wconf 90' lang='lat' dir='ltr'><strong>At</strong></span> <span class='ocrx_word' id='word_1_387' title='bbox 1763 4897 1874 4952; x_wconf 67' lang='lat' dir='ltr'><strong>hare</strong></span> <span class='ocrx_word' id='word_1_388' title='bbox 1909 4899 2168 4954; x_wconf 86' lang='lat' dir='ltr'><strong>condem-</strong></span> 
     </span>
    </p>
   </div>
   <div class='ocr_carea' id='block_1_52' title="bbox 589 4987 2170 5061">
    <p class='ocr_par' dir='ltr' id='par_1_52' title="bbox 589 4987 2170 5061">
     <span class='ocr_line' id='line_1_52' title="bbox 589 4987 2170 5061; baseline 0.003 -18"><span class='ocrx_word' id='word_1_389' title='bbox 589 4989 734 5043; x_wconf 88' lang='lat' dir='ltr'><strong>natio</strong></span> <span class='ocrx_word' id='word_1_390' title='bbox 762 5006 866 5044; x_wconf 93' lang='lat' dir='ltr'><strong>non</strong></span> <span class='ocrx_word' id='word_1_391' title='bbox 895 4991 973 5045; x_wconf 90' lang='lat' dir='ltr'><strong>rei</strong></span> <span class='ocrx_word' id='word_1_392' title='bbox 999 5001 1222 5057; x_wconf 71' lang='lat' dir='ltr'><strong>naturae,</strong></span> <span class='ocrx_word' id='word_1_393' title='bbox 1255 4989 1350 5045; x_wconf 87' lang='lat' dir='ltr'><strong>sed</strong></span> <span class='ocrx_word' id='word_1_394' title='bbox 1390 4989 1505 5059; x_wconf 89' lang='lat' dir='ltr'><strong>ejus</strong></span> <span class='ocrx_word' id='word_1_395' title='bbox 1541 4987 1818 5058; x_wconf 75' lang='lat' dir='ltr'><strong>imperitia:</strong></span> <span class='ocrx_word' id='word_1_396' title='bbox 1841 4990 2170 5061; x_wconf 68' lang='lat' dir='ltr'><strong>inscitizeque</strong></span> 
     </span>
    </p>
   </div>
   <div class='ocr_carea' id='block_1_53' title="bbox 591 5082 2168 5154">
    <p class='ocr_par' dir='ltr' id='par_1_53' title="bbox 591 5082 2168 5154">
     <span class='ocr_line' id='line_1_53' title="bbox 591 5082 2168 5154; baseline 0.001 -18"><span class='ocrx_word' id='word_1_397' title='bbox 591 5082 868 5137; x_wconf 90' lang='lat' dir='ltr'><strong>tribuenda</strong></span> <span class='ocrx_word' id='word_1_398' title='bbox 895 5092 996 5146; x_wconf 88' lang='lat' dir='ltr'><strong>est,</strong></span> <span class='ocrx_word' id='word_1_399' title='bbox 1029 5084 1119 5152; x_wconf 85' lang='lat' dir='ltr'><strong>qui</strong></span> <span class='ocrx_word' id='word_1_400' title='bbox 1146 5094 1289 5138; x_wconf 79' lang='lat' dir='ltr'><strong>recte</strong></span> <span class='ocrx_word' id='word_1_401' title='bbox 1321 5099 1424 5138; x_wconf 93' lang='lat' dir='ltr'><strong>non</strong></span> <span class='ocrx_word' id='word_1_402' title='bbox 1449 5083 1728 5152; x_wconf 86' lang='lat' dir='ltr'><strong>judicavit,</strong></span> <span class='ocrx_word' id='word_1_403' title='bbox 1762 5093 1817 5138; x_wconf 92' lang='lat' dir='ltr'><strong>et</strong></span> <span class='ocrx_word' id='word_1_404' title='bbox 1843 5099 1872 5137; x_wconf 88' lang='lat' dir='ltr'><strong>a</strong></span> <span class='ocrx_word' id='word_1_405' title='bbox 1905 5085 2168 5154; x_wconf 89' lang='lat' dir='ltr'><strong>principio</strong></span> 
     </span>
    </p>
   </div>
   <div class='ocr_carea' id='block_1_54' title="bbox 587 5175 2170 5246">
    <p class='ocr_par' dir='ltr' id='par_1_54' title="bbox 587 5175 2170 5246">
     <span class='ocr_line' id='line_1_54' title="bbox 587 5175 2170 5246; baseline -0.001 -13"><span class='ocrx_word' id='word_1_406' title='bbox 587 5178 767 5233; x_wconf 88' lang='lat' dir='ltr'><strong>statim</strong></span> <span class='ocrx_word' id='word_1_407' title='bbox 789 5176 1106 5230; x_wconf 90' lang='lat' dir='ltr'><strong>sententiam</strong></span> <span class='ocrx_word' id='word_1_408' title='bbox 1136 5177 1270 5229; x_wconf 87' lang='lat' dir='ltr'><strong>tulit.</strong></span> <span class='ocrx_word' id='word_1_409' title='bbox 1299 5175 1511 5231; x_wconf 87' lang='lat' dir='ltr'><strong>Etenim</strong></span> <span class='ocrx_word' id='word_1_410' title='bbox 1537 5177 1580 5230; x_wconf 91' lang='lat' dir='ltr'><strong>si</strong></span> <span class='ocrx_word' id='word_1_411' title='bbox 1604 5187 1840 5232; x_wconf 82' lang='lat' dir='ltr'><strong>:estatem</strong></span> <span class='ocrx_word' id='word_1_412' title='bbox 1859 5187 2170 5246; x_wconf 88' lang='lat' dir='ltr'><strong>exspectas-</strong></span> 
     </span>
    </p>
   </div>
   <div class='ocr_carea' id='block_1_55' title="bbox 587 5267 2171 5336">
    <p class='ocr_par' dir='ltr' id='par_1_55' title="bbox 587 5267 2171 5336">
     <span class='ocr_line' id='line_1_55' title="bbox 587 5267 2171 5336; baseline 0.001 -14"><span class='ocrx_word' id='word_1_413' title='bbox 587 5277 698 5334; x_wconf 92' lang='lat' dir='ltr'><strong>set,</strong></span> <span class='ocrx_word' id='word_1_414' title='bbox 730 5283 794 5321; x_wconf 93' lang='lat' dir='ltr'><strong>ac</strong></span> <span class='ocrx_word' id='word_1_415' title='bbox 832 5275 1068 5336; x_wconf 86' lang='lat' dir='ltr'><strong>segetem</strong></span> <span class='ocrx_word' id='word_1_416' title='bbox 1113 5277 1423 5320; x_wconf 84' lang='lat' dir='ltr'><strong>vernantem</strong></span> <span class='ocrx_word' id='word_1_417' title='bbox 1467 5267 1710 5332; x_wconf 87' lang='lat' dir='ltr'><strong>vidisset,</strong></span> <span class='ocrx_word' id='word_1_418' title='bbox 1757 5270 1943 5324; x_wconf 88' lang='lat' dir='ltr'><strong>falcem</strong></span> <span class='ocrx_word' id='word_1_419' title='bbox 1978 5284 2171 5324; x_wconf 89' lang='lat' dir='ltr'><strong>exacu-</strong></span> 
     </span>
    </p>
   </div>
   <div class='ocr_carea' id='block_1_56' title="bbox 589 5358 2170 5428">
    <p class='ocr_par' dir='ltr' id='par_1_56' title="bbox 589 5358 2170 5428">
     <span class='ocr_line' id='line_1_56' title="bbox 589 5358 2170 5428; baseline 0.003 -16"><span class='ocrx_word' id='word_1_420' title='bbox 589 5368 719 5424; x_wconf 87' lang='lat' dir='ltr'><strong>tam,</strong></span> <span class='ocrx_word' id='word_1_421' title='bbox 748 5369 802 5412; x_wconf 91' lang='lat' dir='ltr'><strong>et</strong></span> <span class='ocrx_word' id='word_1_422' title='bbox 827 5359 1056 5412; x_wconf 87' lang='lat' dir='ltr'><strong>triticum</strong></span> <span class='ocrx_word' id='word_1_423' title='bbox 1073 5358 1214 5428; x_wconf 92' lang='lat' dir='ltr'><strong>quod</strong></span> <span class='ocrx_word' id='word_1_424' title='bbox 1237 5373 1478 5427; x_wconf 91' lang='lat' dir='ltr'><strong>sparsum</strong></span> <span class='ocrx_word' id='word_1_425' title='bbox 1507 5360 1696 5426; x_wconf 86' lang='lat' dir='ltr'><strong>fuerat,</strong></span> <span class='ocrx_word' id='word_1_426' title='bbox 1723 5368 1777 5414; x_wconf 91' lang='lat' dir='ltr'><strong>et</strong></span> <span class='ocrx_word' id='word_1_427' title='bbox 1802 5361 1918 5415; x_wconf 90' lang='lat' dir='ltr'><strong>sine</strong></span> <span class='ocrx_word' id='word_1_428' title='bbox 1947 5361 2170 5416; x_wconf 87' lang='lat' dir='ltr'><strong>custode</strong></span> 
     </span>
    </p>
   </div>
   <div class='ocr_carea' id='block_1_57' title="bbox 590 5447 2168 5534">
    <p class='ocr_par' dir='ltr' id='par_1_57' title="bbox 590 5447 2168 5534">
     <span class='ocr_line' id='line_1_57' title="bbox 590 5447 2168 5534; baseline 0.001 -32"><span class='ocrx_word' id='word_1_429' title='bbox 590 5449 854 5514; x_wconf 91' lang='lat' dir='ltr'><strong>relictum,</strong></span> <span class='ocrx_word' id='word_1_430' title='bbox 882 5447 1234 5517; x_wconf 82' lang='lat' dir='ltr'><strong>putrefactum</strong></span> <span class='ocrx_word' id='word_1_431' title='bbox 1261 5457 1314 5502; x_wconf 91' lang='lat' dir='ltr'><strong>et</strong></span> <span class='ocrx_word' id='word_1_432' title='bbox 1339 5459 1654 5534; x_wconf 62' lang='lat' dir='ltr'><strong>corruptum</strong></span> <span class='ocrx_word' id='word_1_433' title='bbox 1700 5464 1764 5503; x_wconf 88' lang='lat' dir='ltr'><strong>ac</strong></span> <span class='ocrx_word' id='word_1_434' title='bbox 1802 5449 1914 5503; x_wconf 93' lang='lat' dir='ltr'><strong>luto</strong></span> <span class='ocrx_word' id='word_1_435' title='bbox 1953 5450 2168 5519; x_wconf 88' lang='lat' dir='ltr'><strong>exposi-</strong></span> 
     </span>
    </p>
   </div>
   <div class='ocr_carea' id='block_1_58' title="bbox 591 5539 2171 5611">
    <p class='ocr_par' dir='ltr' id='par_1_58' title="bbox 591 5539 2171 5611">
     <span class='ocr_line' id='line_1_58' title="bbox 591 5539 2171 5611; baseline 0.001 -17"><span class='ocrx_word' id='word_1_436' title='bbox 591 5550 725 5604; x_wconf 89' lang='lat' dir='ltr'><strong>tum,</strong></span> <span class='ocrx_word' id='word_1_437' title='bbox 767 5555 890 5593; x_wconf 91' lang='lat' dir='ltr'><strong>mox</strong></span> <span class='ocrx_word' id='word_1_438' title='bbox 933 5539 1262 5609; x_wconf 89' lang='lat' dir='ltr'><strong>germinasse</strong></span> <span class='ocrx_word' id='word_1_439' title='bbox 1302 5555 1364 5594; x_wconf 92' lang='lat' dir='ltr'><strong>ac</strong></span> <span class='ocrx_word' id='word_1_440' title='bbox 1415 5541 1817 5607; x_wconf 88' lang='lat' dir='ltr'><strong>multiplicatum</strong></span> <span class='ocrx_word' id='word_1_441' title='bbox 1861 5544 2171 5611; x_wconf 29' lang='lat' dir='ltr'><strong>apparuisse</strong></span> 
     </span>
    </p>
   </div>
   <div class='ocr_carea' id='block_1_59' title="bbox 594 5631 2170 5701">
    <p class='ocr_par' dir='ltr' id='par_1_59' title="bbox 594 5631 2170 5701">
     <span class='ocr_line' id='line_1_59' title="bbox 594 5631 2170 5701; baseline 0.005 -20"><span class='ocrx_word' id='word_1_442' title='bbox 594 5631 903 5700; x_wconf 83' lang='lat' dir='ltr'><strong>pulchrum,</strong></span> <span class='ocrx_word' id='word_1_443' title='bbox 937 5639 994 5687; x_wconf 88' lang='lat' dir='ltr'><strong>et</strong></span> <span class='ocrx_word' id='word_1_444' title='bbox 1033 5638 1296 5685; x_wconf 86' lang='lat' dir='ltr'><strong>vetustate</strong></span> <span class='ocrx_word' id='word_1_445' title='bbox 1339 5631 1575 5698; x_wconf 85' lang='lat' dir='ltr'><strong>deposita</strong></span> <span class='ocrx_word' id='word_1_446' title='bbox 1628 5633 1793 5686; x_wconf 86' lang='lat' dir='ltr'><strong>multo</strong></span> <span class='ocrx_word' id='word_1_447' title='bbox 1844 5651 1962 5688; x_wconf 81' lang='lat' dir='ltr'><strong>cum</strong></span> <span class='ocrx_word' id='word_1_448' title='bbox 1993 5636 2170 5701; x_wconf 77' lang='lat' dir='ltr'><strong>vigore</strong></span> 
     </span>
    </p>
   </div>
   <div class='ocr_carea' id='block_1_60' title="bbox 589 5719 2164 5792">
    <p class='ocr_par' dir='ltr' id='par_1_60' title="bbox 589 5719 2164 5792">
     <span class='ocr_line' id='line_1_60' title="bbox 589 5719 2164 5792; baseline -0.003 -12"><span class='ocrx_word' id='word_1_449' title='bbox 589 5736 711 5780; x_wconf 78' lang='lat' dir='ltr'><strong>sese</strong></span> <span class='ocrx_word' id='word_1_450' title='bbox 736 5722 993 5789; x_wconf 75' lang='lat' dir='ltr'><strong>erexisse,</strong></span> <span class='ocrx_word' id='word_1_451' title='bbox 1023 5721 1172 5791; x_wconf 91' lang='lat' dir='ltr'><strong>quasi</strong></span> <span class='ocrx_word' id='word_1_452' title='bbox 1204 5721 1520 5777; x_wconf 83' lang='lat' dir='ltr'><strong>satellitibus</strong></span> <span class='ocrx_word' id='word_1_453' title='bbox 1547 5719 1799 5789; x_wconf 87' lang='lat' dir='ltr'><strong>stipatum</strong></span> <span class='ocrx_word' id='word_1_454' title='bbox 1827 5731 1880 5776; x_wconf 87' lang='lat' dir='ltr'><strong>et</strong></span> <span class='ocrx_word' id='word_1_455' title='bbox 1906 5726 2164 5792; x_wconf 80' lang='lat' dir='ltr'><strong>vestibus,</strong></span> 
     </span>
    </p>
   </div>
   <div class='ocr_carea' id='block_1_61' title="bbox 1327 278 3139 366">
    <p class='ocr_par' dir='ltr' id='par_1_61' title="bbox 1327 278 3139 366">
     <span class='ocr_line' id='line_1_61' title="bbox 1327 278 3139 366; baseline -0.004 -25"><span class='ocrx_word' id='word_1_456' title='bbox 1327 286 1384 341; x_wconf 89' lang='lat' dir='ltr'><strong>S.</strong></span> <span class='ocrx_word' id='word_1_457' title='bbox 1424 281 1701 340; x_wconf 68' lang='lat' dir='ltr'><strong>JOANNIS</strong></span> <span class='ocrx_word' id='word_1_458' title='bbox 1737 278 2211 336; x_wconf 78' lang='lat' dir='ltr'><strong>CIIRYSOSTOMI</strong></span> <span class='ocrx_word' id='word_1_459' title='bbox 2251 278 2567 336; x_wconf 79' lang='lat' dir='ltr'><strong>ARCHIEP.</strong></span> <span class='ocrx_word' id='word_1_460' title='bbox 2609 278 3139 366; x_wconf 61' lang='lat' dir='ltr'><strong>CQNSTANTINOP.</strong></span> 
     </span>
    </p>
   </div>
   <div class='ocr_carea' id='block_1_62' title="bbox 3744 286 3852 341">
    <p class='ocr_par' dir='ltr' id='par_1_62' title="bbox 3744 286 3852 341">
     <span class='ocr_line' id='line_1_62' title="bbox 3744 286 3852 341; baseline 0.009 -2"><span class='ocrx_word' id='word_1_461' title='bbox 3744 286 3852 341; x_wconf 79' lang='lat'><strong>500</strong></span> 
     </span>
    </p>
   </div>
   <div class='ocr_carea' id='block_1_63' title="bbox 2273 391 3855 463">
    <p class='ocr_par' dir='ltr' id='par_1_63' title="bbox 2273 391 3855 463">
     <span class='ocr_line' id='line_1_63' title="bbox 2273 391 3855 463; baseline 0.002 -15"><span class='ocrx_word' id='word_1_462' title='bbox 2273 391 2510 448; x_wconf 91' lang='lat' dir='ltr'><strong>culmum</strong></span> <span class='ocrx_word' id='word_1_463' title='bbox 2552 393 2605 448; x_wconf 93' lang='lat' dir='ltr'><strong>in</strong></span> <span class='ocrx_word' id='word_1_464' title='bbox 2651 394 2818 449; x_wconf 92' lang='lat' dir='ltr'><strong>altum</strong></span> <span class='ocrx_word' id='word_1_465' title='bbox 2860 394 3138 454; x_wconf 75' lang='lat' dir='ltr'><strong>extulisse,</strong></span> <span class='ocrx_word' id='word_1_466' title='bbox 3173 401 3526 463; x_wconf 84' lang='lat' dir='ltr'><strong>spectatorem</strong></span> <span class='ocrx_word' id='word_1_467' title='bbox 3554 393 3855 451; x_wconf 61' lang='lat' dir='ltr'><strong>obleCtasse</strong></span> 
     </span>
    </p>
   </div>
   <div class='ocr_carea' id='block_1_64' title="bbox 2269 481 3853 555">
    <p class='ocr_par' dir='ltr' id='par_1_64' title="bbox 2269 481 3853 555">
     <span class='ocr_line' id='line_1_64' title="bbox 2269 481 3853 555; baseline 0.003 -19"><span class='ocrx_word' id='word_1_468' title='bbox 2269 481 2424 537; x_wconf 92' lang='lat' dir='ltr'><strong>simul</strong></span> <span class='ocrx_word' id='word_1_469' title='bbox 2450 495 2506 538; x_wconf 91' lang='lat' dir='ltr'><strong>et</strong></span> <span class='ocrx_word' id='word_1_470' title='bbox 2531 485 2748 550; x_wconf 91' lang='lat' dir='ltr'><strong>aluisse,</strong></span> <span class='ocrx_word' id='word_1_471' title='bbox 2780 485 3036 555; x_wconf 89' lang='lat' dir='ltr'><strong>lucroque</strong></span> <span class='ocrx_word' id='word_1_472' title='bbox 3066 485 3264 539; x_wconf 89' lang='lat' dir='ltr'><strong>ditasse</strong></span> <span class='ocrx_word' id='word_1_473' title='bbox 3295 500 3399 538; x_wconf 86' lang='lat' dir='ltr'><strong>non</strong></span> <span class='ocrx_word' id='word_1_474' title='bbox 3429 485 3709 550; x_wconf 81' lang='lat' dir='ltr'><strong>mediocri,</strong></span> <span class='ocrx_word' id='word_1_475' title='bbox 3742 485 3853 541; x_wconf 76' lang='lat' dir='ltr'><strong>tuin</strong></span> 
     </span>
    </p>
   </div>
   <div class='ocr_carea' id='block_1_65' title="bbox 2269 575 3857 648">
    <p class='ocr_par' dir='ltr' id='par_1_65' title="bbox 2269 575 3857 648">
     <span class='ocr_line' id='line_1_65' title="bbox 2269 575 3857 648; baseline 0.002 -19"><span class='ocrx_word' id='word_1_476' title='bbox 2269 590 2400 630; x_wconf 88' lang='lat' dir='ltr'><strong>vero</strong></span> <span class='ocrx_word' id='word_1_477' title='bbox 2450 578 2679 646; x_wconf 88' lang='lat' dir='ltr'><strong>amplius</strong></span> <span class='ocrx_word' id='word_1_478' title='bbox 2731 578 2952 632; x_wconf 91' lang='lat' dir='ltr'><strong>miratus</strong></span> <span class='ocrx_word' id='word_1_479' title='bbox 2999 585 3178 643; x_wconf 88' lang='lat' dir='ltr'><strong>esset,</strong></span> <span class='ocrx_word' id='word_1_480' title='bbox 3234 575 3378 647; x_wconf 88' lang='lat' dir='ltr'><strong>quod</strong></span> <span class='ocrx_word' id='word_1_481' title='bbox 3437 593 3536 648; x_wconf 90' lang='lat' dir='ltr'><strong>per</strong></span> <span class='ocrx_word' id='word_1_482' title='bbox 3592 577 3857 648; x_wconf 84' lang='lat' dir='ltr'><strong>ejusmodi</strong></span> 
     </span>
    </p>
   </div>
   <div class='ocr_carea' id='block_1_66' title="bbox 2269 663 3857 738">
    <p class='ocr_par' dir='ltr' id='par_1_66' title="bbox 2269 663 3857 738">
     <span class='ocr_line' id='line_1_66' title="bbox 2269 663 3857 738; baseline 0.003 -21"><span class='ocrx_word' id='word_1_483' title='bbox 2269 663 2463 720; x_wconf 89' lang='lat' dir='ltr'><strong>damna</strong></span> <span class='ocrx_word' id='word_1_484' title='bbox 2490 667 2692 722; x_wconf 92' lang='lat' dir='ltr'><strong>fruetus</strong></span> <span class='ocrx_word' id='word_1_485' title='bbox 2712 667 2778 721; x_wconf 92' lang='lat' dir='ltr'><strong>ad</strong></span> <span class='ocrx_word' id='word_1_486' title='bbox 2811 677 3009 722; x_wconf 87' lang='lat' dir='ltr'><strong>tantam</strong></span> <span class='ocrx_word' id='word_1_487' title='bbox 3050 667 3372 734; x_wconf 89' lang='lat' dir='ltr'><strong>ubertatem,</strong></span> <span class='ocrx_word' id='word_1_488' title='bbox 3403 681 3455 722; x_wconf 84' lang='lat' dir='ltr'><strong>et</strong></span> <span class='ocrx_word' id='word_1_489' title='bbox 3497 669 3857 738; x_wconf 78' lang='lat' dir='ltr'><strong>pulchritudi-</strong></span> 
     </span>
    </p>
   </div>
   <div class='ocr_carea' id='block_1_67' title="bbox 2271 757 3858 828">
    <p class='ocr_par' dir='ltr' id='par_1_67' title="bbox 2271 757 3858 828">
     <span class='ocr_line' id='line_1_67' title="bbox 2271 757 3858 828; baseline 0.004 -20"><span class='ocrx_word' id='word_1_490' title='bbox 2271 769 2394 809; x_wconf 89' lang='lat' dir='ltr'><strong>nem</strong></span> <span class='ocrx_word' id='word_1_491' title='bbox 2451 767 2670 826; x_wconf 65' lang='lat' dir='ltr'><strong>evcetns</strong></span> <span class='ocrx_word' id='word_1_492' title='bbox 2711 767 2874 812; x_wconf 90' lang='lat' dir='ltr'><strong>esset.</strong></span> <span class='ocrx_word' id='word_1_493' title='bbox 2923 757 2999 812; x_wconf 88' lang='lat' dir='ltr'><strong>&#39;l‘u</strong></span> <span class='ocrx_word' id='word_1_494' title='bbox 3043 773 3274 828; x_wconf 90' lang='lat' dir='ltr'><strong>quoque,</strong></span> <span class='ocrx_word' id='word_1_495' title='bbox 3316 759 3390 812; x_wconf 92' lang='lat' dir='ltr'><strong>mi</strong></span> <span class='ocrx_word' id='word_1_496' title='bbox 3446 759 3628 826; x_wconf 91' lang='lat' dir='ltr'><strong>homo,</strong></span> <span class='ocrx_word' id='word_1_497' title='bbox 3661 761 3767 814; x_wconf 91' lang='lat' dir='ltr'><strong>noli</strong></span> <span class='ocrx_word' id='word_1_498' title='bbox 3805 763 3858 814; x_wconf 92' lang='lat' dir='ltr'><strong>in</strong></span> 
     </span>
    </p>
   </div>
   <div class='ocr_carea' id='block_1_68' title="bbox 2269 839 3857 907">
    <p class='ocr_par' dir='ltr' id='par_1_68' title="bbox 2269 839 3857 907">
     <span class='ocr_line' id='line_1_68' title="bbox 2269 839 3857 907; baseline 0.004 -7"><span class='ocrx_word' id='word_1_499' title='bbox 2269 860 2609 902; x_wconf 89' lang='lat' dir='ltr'><strong>communem</strong></span> <span class='ocrx_word' id='word_1_500' title='bbox 2651 849 2888 903; x_wconf 87' lang='lat' dir='ltr'><strong>omnium</strong></span> <span class='ocrx_word' id='word_1_501' title='bbox 2931 849 3217 904; x_wconf 89' lang='lat' dir='ltr'><strong>Dominum</strong></span> <span class='ocrx_word' id='word_1_502' title='bbox 3250 860 3491 905; x_wconf 90' lang='lat' dir='ltr'><strong>nostrum</strong></span> <span class='ocrx_word' id='word_1_503' title='bbox 3518 839 3728 907; x_wconf 72' lang='lat' dir='ltr'><strong>curiose</strong></span> <span class='ocrx_word' id='word_1_504' title='bbox 3769 854 3857 906; x_wconf 88' lang='lat' dir='ltr'><strong>in-</strong></span> 
     </span>
    </p>
   </div>
   <div class='ocr_carea' id='block_1_69' title="bbox 2269 939 3857 1010">
    <p class='ocr_par' dir='ltr' id='par_1_69' title="bbox 2269 939 3857 1010">
     <span class='ocr_line' id='line_1_69' title="bbox 2269 939 3857 1010; baseline 0.004 -18"><span class='ocrx_word' id='word_1_505' title='bbox 2269 939 2484 1008; x_wconf 91' lang='lat' dir='ltr'><strong>quirere</strong></span> <span class='ocrx_word' id='word_1_506' title='bbox 2516 957 2530 992; x_wconf 89' lang='lat'><strong>:</strong></span> <span class='ocrx_word' id='word_1_507' title='bbox 2561 940 2702 1010; x_wconf 91' lang='lat' dir='ltr'><strong>quod</strong></span> <span class='ocrx_word' id='word_1_508' title='bbox 2743 941 2789 995; x_wconf 92' lang='lat' dir='ltr'><strong>si</strong></span> <span class='ocrx_word' id='word_1_509' title='bbox 2832 950 2938 996; x_wconf 92' lang='lat' dir='ltr'><strong>tam</strong></span> <span class='ocrx_word' id='word_1_510' title='bbox 2979 941 3346 998; x_wconf 87' lang='lat' dir='ltr'><strong>contentiosus</strong></span> <span class='ocrx_word' id='word_1_511' title='bbox 3371 943 3448 998; x_wconf 89' lang='lat' dir='ltr'><strong>sis</strong></span> <span class='ocrx_word' id='word_1_512' title='bbox 3484 951 3538 998; x_wconf 91' lang='lat' dir='ltr'><strong>et</strong></span> <span class='ocrx_word' id='word_1_513' title='bbox 3573 944 3768 1010; x_wconf 82' lang='lat' dir='ltr'><strong>audax,</strong></span> <span class='ocrx_word' id='word_1_514' title='bbox 3798 956 3857 1000; x_wconf 92' lang='lat' dir='ltr'><strong>ut</strong></span> 
     </span>
    </p>
   </div>
   <div class='ocr_carea' id='block_1_70' title="bbox 2269 1027 3848 1100">
    <p class='ocr_par' dir='ltr' id='par_1_70' title="bbox 2269 1027 3848 1100">
     <span class='ocr_line' id='line_1_70' title="bbox 2269 1027 3848 1100; baseline 0.008 -18"><span class='ocrx_word' id='word_1_515' title='bbox 2269 1027 2406 1084; x_wconf 91' lang='lat' dir='ltr'><strong>hanc</strong></span> <span class='ocrx_word' id='word_1_516' title='bbox 2455 1031 2689 1087; x_wconf 88' lang='lat' dir='ltr'><strong>insanire</strong></span> <span class='ocrx_word' id='word_1_517' title='bbox 2726 1032 2858 1086; x_wconf 84' lang='lat' dir='ltr'><strong>velis</strong></span> <span class='ocrx_word' id='word_1_518' title='bbox 2901 1033 3188 1100; x_wconf 89' lang='lat' dir='ltr'><strong>insaniam,</strong></span> <span class='ocrx_word' id='word_1_519' title='bbox 3226 1035 3417 1088; x_wconf 88' lang='lat' dir='ltr'><strong>saltem</strong></span> <span class='ocrx_word' id='word_1_520' title='bbox 3447 1034 3606 1089; x_wconf 90' lang='lat' dir='ltr'><strong>ﬁnem</strong></span> <span class='ocrx_word' id='word_1_521' title='bbox 3637 1052 3848 1094; x_wconf 78' lang='lat' dir='ltr'><strong>eorum.</strong></span> 
     </span>
    </p>
   </div>
   <div class='ocr_carea' id='block_1_71' title="bbox 2268 1124 3830 1194">
    <p class='ocr_par' dir='ltr' id='par_1_71' title="bbox 2268 1124 3830 1194">
     <span class='ocr_line' id='line_1_71' title="bbox 2268 1124 3830 1194; baseline 0.005 -22"><span class='ocrx_word' id='word_1_522' title='bbox 2268 1135 2386 1190; x_wconf 78' lang='lat' dir='ltr'><strong>qua:</strong></span> <span class='ocrx_word' id='word_1_523' title='bbox 2411 1133 2688 1191; x_wconf 88' lang='lat' dir='ltr'><strong>geruntur,</strong></span> <span class='ocrx_word' id='word_1_524' title='bbox 2711 1131 2980 1192; x_wconf 91' lang='lat' dir='ltr'><strong>exspecta.</strong></span> <span class='ocrx_word' id='word_1_525' title='bbox 3020 1124 3152 1178; x_wconf 89' lang='lat' dir='ltr'><strong>Nam</strong></span> <span class='ocrx_word' id='word_1_526' title='bbox 3190 1133 3244 1180; x_wconf 93' lang='lat' dir='ltr'><strong>et</strong></span> <span class='ocrx_word' id='word_1_527' title='bbox 3286 1125 3520 1194; x_wconf 90' lang='lat' dir='ltr'><strong>agricola</strong></span> <span class='ocrx_word' id='word_1_528' title='bbox 3550 1136 3712 1180; x_wconf 87' lang='lat' dir='ltr'><strong>totam</strong></span> <span class='ocrx_word' id='word_1_529' title='bbox 3742 1128 3830 1180; x_wconf 83' lang='lat' dir='ltr'><strong>hic</strong></span> 
     </span>
    </p>
   </div>
   <div class='ocr_carea' id='block_1_72' title="bbox 2273 1217 3860 1288">
    <p class='ocr_par' dir='ltr' id='par_1_72' title="bbox 2273 1217 3860 1288">
     <span class='ocr_line' id='line_1_72' title="bbox 2273 1217 3860 1288; baseline 0.003 -20"><span class='ocrx_word' id='word_1_530' title='bbox 2273 1230 2414 1269; x_wconf 90' lang='lat' dir='ltr'><strong>mem</strong></span> <span class='ocrx_word' id='word_1_531' title='bbox 2435 1225 2744 1285; x_wconf 88' lang='lat' dir='ltr'><strong>exspectat,</strong></span> <span class='ocrx_word' id='word_1_532' title='bbox 2775 1232 2948 1287; x_wconf 89' lang='lat' dir='ltr'><strong>neque</strong></span> <span class='ocrx_word' id='word_1_533' title='bbox 2987 1217 3051 1270; x_wconf 92' lang='lat' dir='ltr'><strong>ad</strong></span> <span class='ocrx_word' id='word_1_534' title='bbox 3087 1232 3170 1282; x_wconf 89' lang='lat' dir='ltr'><strong>ea,</strong></span> <span class='ocrx_word' id='word_1_535' title='bbox 3201 1233 3318 1288; x_wconf 70' lang='lat' dir='ltr'><strong>qua:</strong></span> <span class='ocrx_word' id='word_1_536' title='bbox 3351 1219 3580 1272; x_wconf 90' lang='lat' dir='ltr'><strong>triticum</strong></span> <span class='ocrx_word' id='word_1_537' title='bbox 3614 1228 3860 1287; x_wconf 45' lang='lat' dir='ltr'><strong>tempore</strong></span> 
     </span>
    </p>
   </div>
   <div class='ocr_carea' id='block_1_73' title="bbox 2273 1307 3860 1380">
    <p class='ocr_par' dir='ltr' id='par_1_73' title="bbox 2273 1307 3860 1380">
     <span class='ocr_line' id='line_1_73' title="bbox 2273 1307 3860 1380; baseline 0.003 -21"><span class='ocrx_word' id='word_1_538' title='bbox 2273 1307 2498 1376; x_wconf 80' lang='lat' dir='ltr'><strong>frigoris</strong></span> <span class='ocrx_word' id='word_1_539' title='bbox 2533 1309 2748 1376; x_wconf 92' lang='lat' dir='ltr'><strong>patitur,</strong></span> <span class='ocrx_word' id='word_1_540' title='bbox 2775 1310 3015 1377; x_wconf 85' lang='lat' dir='ltr'><strong>respicit,</strong></span> <span class='ocrx_word' id='word_1_541' title='bbox 3039 1309 3133 1364; x_wconf 91' lang='lat' dir='ltr'><strong>sed</strong></span> <span class='ocrx_word' id='word_1_542' title='bbox 3162 1309 3226 1364; x_wconf 84' lang='lat' dir='ltr'><strong>ad</strong></span> <span class='ocrx_word' id='word_1_543' title='bbox 3274 1324 3335 1364; x_wconf 90' lang='lat' dir='ltr'><strong>ea</strong></span> <span class='ocrx_word' id='word_1_544' title='bbox 3376 1310 3567 1380; x_wconf 89' lang='lat' dir='ltr'><strong>quibus</strong></span> <span class='ocrx_word' id='word_1_545' title='bbox 3599 1311 3860 1364; x_wconf 80' lang='lat' dir='ltr'><strong>fruiturus</strong></span> 
     </span>
    </p>
   </div>
   <div class='ocr_carea' id='block_1_74' title="bbox 2269 1399 3934 1472">
    <p class='ocr_par' dir='ltr' id='par_1_74' title="bbox 2269 1399 3934 1472">
     <span class='ocr_line' id='line_1_74' title="bbox 2269 1399 3934 1472; baseline 0.004 -20"><span class='ocrx_word' id='word_1_546' title='bbox 2269 1409 2351 1452; x_wconf 91' lang='lat' dir='ltr'><strong>est</strong></span> <span class='ocrx_word' id='word_1_547' title='bbox 2381 1417 2394 1452; x_wconf 88' lang='lat'><strong>:</strong></span> <span class='ocrx_word' id='word_1_548' title='bbox 2427 1399 2596 1454; x_wconf 90' lang='lat' dir='ltr'><strong>multo</strong></span> <span class='ocrx_word' id='word_1_549' title='bbox 2622 1415 2751 1456; x_wconf 91' lang='lat' dir='ltr'><strong>sane</strong></span> <span class='ocrx_word' id='word_1_550' title='bbox 2777 1399 2936 1455; x_wconf 90' lang='lat' dir='ltr'><strong>fuerit</strong></span> <span class='ocrx_word' id='word_1_551' title='bbox 2961 1401 3186 1471; x_wconf 68' lang='lat' dir='ltr'><strong>quius,</strong></span> <span class='ocrx_word' id='word_1_552' title='bbox 3221 1410 3280 1456; x_wconf 93' lang='lat' dir='ltr'><strong>ut</strong></span> <span class='ocrx_word' id='word_1_553' title='bbox 3305 1401 3420 1471; x_wconf 93' lang='lat' dir='ltr'><strong>ejus</strong></span> <span class='ocrx_word' id='word_1_554' title='bbox 3454 1417 3635 1465; x_wconf 89' lang='lat' dir='ltr'><strong>causa,</strong></span> <span class='ocrx_word' id='word_1_555' title='bbox 3660 1403 3752 1472; x_wconf 90' lang='lat' dir='ltr'><strong>qui</strong></span> <span class='ocrx_word' id='word_1_556' title='bbox 3777 1415 3862 1458; x_wconf 85' lang='lat' dir='ltr'><strong>to—</strong></span> <span class='ocrx_word' id='word_1_557' title='bbox 3919 1427 3934 1438; x_wconf 56' lang='grc' dir='ltr'><strong>ε</strong></span> 
     </span>
    </p>
   </div>
   <div class='ocr_carea' id='block_1_75' title="bbox 2271 1489 3862 1560">
    <p class='ocr_par' dir='ltr' id='par_1_75' title="bbox 2271 1489 3862 1560">
     <span class='ocr_line' id='line_1_75' title="bbox 2271 1489 3862 1560; baseline 0.002 -17"><span class='ocrx_word' id='word_1_558' title='bbox 2271 1489 2374 1543; x_wconf 92' lang='lat' dir='ltr'><strong>tius</strong></span> <span class='ocrx_word' id='word_1_559' title='bbox 2399 1491 2545 1545; x_wconf 87' lang='lat' dir='ltr'><strong>orbis</strong></span> <span class='ocrx_word' id='word_1_560' title='bbox 2569 1501 2828 1546; x_wconf 86' lang='lat' dir='ltr'><strong>terrarum</strong></span> <span class='ocrx_word' id='word_1_561' title='bbox 2855 1502 2938 1547; x_wconf 90' lang='lat' dir='ltr'><strong>est</strong></span> <span class='ocrx_word' id='word_1_562' title='bbox 2965 1493 3200 1560; x_wconf 89' lang='lat' dir='ltr'><strong>agricola</strong></span> <span class='ocrx_word' id='word_1_563' title='bbox 3231 1502 3285 1548; x_wconf 86' lang='lat' dir='ltr'><strong>et</strong></span> <span class='ocrx_word' id='word_1_564' title='bbox 3311 1495 3612 1547; x_wconf 91' lang='lat' dir='ltr'><strong>animarum</strong></span> <span class='ocrx_word' id='word_1_565' title='bbox 3644 1505 3862 1548; x_wconf 66' lang='lat' dir='ltr'><strong>nostra-</strong></span> 
     </span>
    </p>
   </div>
   <div class='ocr_carea' id='block_1_76' title="bbox 2270 1583 3859 1653">
    <p class='ocr_par' dir='ltr' id='par_1_76' title="bbox 2270 1583 3859 1653">
     <span class='ocr_line' id='line_1_76' title="bbox 2270 1583 3859 1653; baseline 0.004 -19"><span class='ocrx_word' id='word_1_566' title='bbox 2270 1596 2409 1647; x_wconf 86' lang='lat' dir='ltr'><strong>rum,</strong></span> <span class='ocrx_word' id='word_1_567' title='bbox 2441 1584 2598 1635; x_wconf 83' lang='lat' dir='ltr'><strong>tinem</strong></span> <span class='ocrx_word' id='word_1_568' title='bbox 2629 1593 2940 1652; x_wconf 84' lang='lat' dir='ltr'><strong>exspectes:</strong></span> <span class='ocrx_word' id='word_1_569' title='bbox 2971 1597 3069 1653; x_wconf 85' lang='lat' dir='ltr'><strong>ego</strong></span> <span class='ocrx_word' id='word_1_570' title='bbox 3099 1600 3204 1638; x_wconf 90' lang='lat' dir='ltr'><strong>non</strong></span> <span class='ocrx_word' id='word_1_571' title='bbox 3228 1583 3386 1638; x_wconf 90' lang='lat' dir='ltr'><strong>ﬁnem</strong></span> <span class='ocrx_word' id='word_1_572' title='bbox 3418 1585 3536 1639; x_wconf 92' lang='lat' dir='ltr'><strong>dico</strong></span> <span class='ocrx_word' id='word_1_573' title='bbox 3568 1597 3770 1639; x_wconf 89' lang='lat' dir='ltr'><strong>tantum</strong></span> <span class='ocrx_word' id='word_1_574' title='bbox 3807 1588 3859 1640; x_wconf 91' lang='lat' dir='ltr'><strong>in</strong></span> 
     </span>
    </p>
   </div>
   <div class='ocr_carea' id='block_1_77' title="bbox 2271 1675 3860 1748">
    <p class='ocr_par' dir='ltr' id='par_1_77' title="bbox 2271 1675 3860 1748">
     <span class='ocr_line' id='line_1_77' title="bbox 2271 1675 3860 1748; baseline 0.004 -22"><span class='ocrx_word' id='word_1_575' title='bbox 2271 1675 2521 1742; x_wconf 74' lang='lat' dir='ltr'><strong>praesenti</strong></span> <span class='ocrx_word' id='word_1_576' title='bbox 2552 1675 2656 1728; x_wconf 87' lang='lat' dir='ltr'><strong>vita</strong></span> <span class='ocrx_word' id='word_1_577' title='bbox 2689 1678 2856 1745; x_wconf 72' lang='lat' dir='ltr'><strong>(smpe</strong></span> <span class='ocrx_word' id='word_1_578' title='bbox 2881 1691 3112 1746; x_wconf 88' lang='lat' dir='ltr'><strong>namque</strong></span> <span class='ocrx_word' id='word_1_579' title='bbox 3155 1676 3281 1730; x_wconf 89' lang='lat' dir='ltr'><strong>illud</strong></span> <span class='ocrx_word' id='word_1_580' title='bbox 3307 1677 3467 1730; x_wconf 89' lang='lat' dir='ltr'><strong>etiam</strong></span> <span class='ocrx_word' id='word_1_581' title='bbox 3493 1677 3578 1730; x_wconf 92' lang='lat' dir='ltr'><strong>hic</strong></span> <span class='ocrx_word' id='word_1_582' title='bbox 3597 1678 3860 1748; x_wconf 86' lang='lat' dir='ltr'><strong>eveniet),</strong></span> 
     </span>
    </p>
   </div>
   <div class='ocr_carea' id='block_1_78' title="bbox 2271 1765 3863 1838">
    <p class='ocr_par' dir='ltr' id='par_1_78' title="bbox 2271 1765 3863 1838">
     <span class='ocr_line' id='line_1_78' title="bbox 2271 1765 3863 1838; baseline 0.005 -22"><span class='ocrx_word' id='word_1_583' title='bbox 2271 1765 2362 1816; x_wconf 89' lang='lat' dir='ltr'><strong>sed</strong></span> <span class='ocrx_word' id='word_1_584' title='bbox 2379 1766 2537 1819; x_wconf 90' lang='lat' dir='ltr'><strong>etiam</strong></span> <span class='ocrx_word' id='word_1_585' title='bbox 2557 1766 2608 1820; x_wconf 92' lang='lat' dir='ltr'><strong>in</strong></span> <span class='ocrx_word' id='word_1_586' title='bbox 2627 1766 2910 1822; x_wconf 84' lang='lat' dir='ltr'><strong>futura.Ad</strong></span> <span class='ocrx_word' id='word_1_587' title='bbox 2925 1784 3085 1822; x_wconf 91' lang='lat' dir='ltr'><strong>unum</strong></span> <span class='ocrx_word' id='word_1_588' title='bbox 3099 1768 3239 1822; x_wconf 90' lang='lat' dir='ltr'><strong>enim</strong></span> <span class='ocrx_word' id='word_1_589' title='bbox 3260 1769 3418 1822; x_wconf 85' lang='lat' dir='ltr'><strong>linem</strong></span> <span class='ocrx_word' id='word_1_590' title='bbox 3437 1777 3641 1838; x_wconf 88' lang='lat' dir='ltr'><strong>spectat</strong></span> <span class='ocrx_word' id='word_1_591' title='bbox 3659 1770 3863 1824; x_wconf 85' lang='lat' dir='ltr'><strong>utrius-</strong></span> 
     </span>
    </p>
   </div>
   <div class='ocr_carea' id='block_1_79' title="bbox 2271 1857 3864 1928">
    <p class='ocr_par' dir='ltr' id='par_1_79' title="bbox 2271 1857 3864 1928">
     <span class='ocr_line' id='line_1_79' title="bbox 2271 1857 3864 1928; baseline 0.006 -22"><span class='ocrx_word' id='word_1_592' title='bbox 2271 1870 2374 1924; x_wconf 90' lang='lat' dir='ltr'><strong>qne</strong></span> <span class='ocrx_word' id='word_1_593' title='bbox 2396 1857 2514 1910; x_wconf 62' lang='lat' dir='ltr'><strong>vitm</strong></span> <span class='ocrx_word' id='word_1_594' title='bbox 2529 1857 2680 1912; x_wconf 92' lang='lat' dir='ltr'><strong>istius</strong></span> <span class='ocrx_word' id='word_1_595' title='bbox 2696 1858 3046 1928; x_wconf 91' lang='lat' dir='ltr'><strong>dispensatio,</strong></span> <span class='ocrx_word' id='word_1_596' title='bbox 3064 1860 3291 1928; x_wconf 81' lang='lat' dir='ltr'><strong>salutem</strong></span> <span class='ocrx_word' id='word_1_597' title='bbox 3308 1875 3498 1928; x_wconf 90' lang='lat' dir='ltr'><strong>nempe</strong></span> <span class='ocrx_word' id='word_1_598' title='bbox 3515 1871 3777 1926; x_wconf 86' lang='lat' dir='ltr'><strong>nostram,</strong></span> <span class='ocrx_word' id='word_1_599' title='bbox 3806 1872 3864 1916; x_wconf 92' lang='lat' dir='ltr'><strong>et</strong></span> 
     </span>
    </p>
   </div>
   <div class='ocr_carea' id='block_1_80' title="bbox 2273 1927 3862 2021">
    <p class='ocr_par' dir='ltr' id='par_1_80' title="bbox 2273 1927 3862 2021">
     <span class='ocr_line' id='line_1_80' title="bbox 2273 1927 3862 2021; baseline 0.004 -22"><span class='ocrx_word' id='word_1_600' title='bbox 2273 1947 2501 2002; x_wconf 85' lang='lat' dir='ltr'><strong>nominis</strong></span> <span class='ocrx_word' id='word_1_601' title='bbox 2531 1949 2701 2002; x_wconf 90' lang='lat' dir='ltr'><strong>nostri</strong></span> <span class='ocrx_word' id='word_1_602' title='bbox 2737 1927 3119 2005; x_wconf 69' lang='lat' dir='ltr'><strong>celebritatem.</strong></span> <span class='ocrx_word' id='word_1_603' title='bbox 3165 1950 3311 2005; x_wconf 87' lang='lat' dir='ltr'><strong>Licet</strong></span> <span class='ocrx_word' id='word_1_604' title='bbox 3341 1927 3485 2005; x_wconf 85' lang='lat' dir='ltr'><strong>enim</strong></span> <span class='ocrx_word' id='word_1_605' title='bbox 3519 1962 3762 2021; x_wconf 91' lang='lat' dir='ltr'><strong>tempore</strong></span> <span class='ocrx_word' id='word_1_606' title='bbox 3791 1952 3862 2006; x_wconf 88' lang='lat' dir='ltr'><strong>sit</strong></span> 
     </span>
    </p>
   </div>
   <div class='ocr_carea' id='block_1_81' title="bbox 2272 2039 3862 2113">
    <p class='ocr_par' dir='ltr' id='par_1_81' title="bbox 2272 2039 3862 2113">
     <span class='ocr_line' id='line_1_81' title="bbox 2272 2039 3862 2113; baseline 0.003 -20"><span class='ocrx_word' id='word_1_607' title='bbox 2272 2039 2462 2106; x_wconf 90' lang='lat' dir='ltr'><strong>divisa,</strong></span> <span class='ocrx_word' id='word_1_608' title='bbox 2489 2049 2669 2096; x_wconf 83' lang='lat' dir='ltr'><strong>tamen</strong></span> <span class='ocrx_word' id='word_1_609' title='bbox 2697 2056 2861 2112; x_wconf 91' lang='lat' dir='ltr'><strong>scopo</strong></span> <span class='ocrx_word' id='word_1_610' title='bbox 2883 2043 3164 2113; x_wconf 90' lang='lat' dir='ltr'><strong>conjuncta</strong></span> <span class='ocrx_word' id='word_1_611' title='bbox 3186 2052 3298 2109; x_wconf 86' lang='lat' dir='ltr'><strong>est;</strong></span> <span class='ocrx_word' id='word_1_612' title='bbox 3326 2052 3381 2098; x_wconf 90' lang='lat' dir='ltr'><strong>et</strong></span> <span class='ocrx_word' id='word_1_613' title='bbox 3406 2043 3862 2112; x_wconf 88' lang='lat' dir='ltr'><strong>quemadmodum</strong></span> 
     </span>
    </p>
   </div>
   <div class='ocr_carea' id='block_1_82' title="bbox 2272 2134 3863 2207">
    <p class='ocr_par' dir='ltr' id='par_1_82' title="bbox 2272 2134 3863 2207">
     <span class='ocr_line' id='line_1_82' title="bbox 2272 2134 3863 2207; baseline 0.003 -20"><span class='ocrx_word' id='word_1_614' title='bbox 2272 2149 2414 2188; x_wconf 90' lang='lat' dir='ltr'><strong>nunc</strong></span> <span class='ocrx_word' id='word_1_615' title='bbox 2463 2143 2548 2206; x_wconf 85' lang='lat' dir='ltr'><strong>est</strong></span> <span class='ocrx_word' id='word_1_616' title='bbox 2595 2134 2788 2201; x_wconf 90' lang='lat' dir='ltr'><strong>hiems,</strong></span> <span class='ocrx_word' id='word_1_617' title='bbox 2819 2151 2962 2190; x_wconf 91' lang='lat' dir='ltr'><strong>nunc</strong></span> <span class='ocrx_word' id='word_1_618' title='bbox 3013 2147 3194 2201; x_wconf 73' lang='lat' dir='ltr'><strong>aestas,</strong></span> <span class='ocrx_word' id='word_1_619' title='bbox 3225 2147 3281 2190; x_wconf 92' lang='lat' dir='ltr'><strong>at</strong></span> <span class='ocrx_word' id='word_1_620' title='bbox 3329 2147 3554 2207; x_wconf 88' lang='lat' dir='ltr'><strong>utraque</strong></span> <span class='ocrx_word' id='word_1_621' title='bbox 3599 2139 3863 2206; x_wconf 91' lang='lat' dir='ltr'><strong>temporis</strong></span> 
     </span>
    </p>
   </div>
   <div class='ocr_carea' id='block_1_83' title="bbox 2271 2225 3864 2297">
    <p class='ocr_par' dir='ltr' id='par_1_83' title="bbox 2271 2225 3864 2297">
     <span class='ocr_line' id='line_1_83' title="bbox 2271 2225 3864 2297; baseline 0.003 -18"><span class='ocrx_word' id='word_1_622' title='bbox 2271 2225 2555 2280; x_wconf 87' lang='lat' dir='ltr'><strong>conversio</strong></span> <span class='ocrx_word' id='word_1_623' title='bbox 2598 2225 2665 2281; x_wconf 89' lang='lat' dir='ltr'><strong>ad</strong></span> <span class='ocrx_word' id='word_1_624' title='bbox 2713 2242 2877 2281; x_wconf 91' lang='lat' dir='ltr'><strong>unum</strong></span> <span class='ocrx_word' id='word_1_625' title='bbox 2905 2237 3112 2297; x_wconf 89' lang='lat' dir='ltr'><strong>spectat</strong></span> <span class='ocrx_word' id='word_1_626' title='bbox 3142 2228 3324 2293; x_wconf 90' lang='lat' dir='ltr'><strong>ﬁnem,</strong></span> <span class='ocrx_word' id='word_1_627' title='bbox 3347 2227 3554 2297; x_wconf 77' lang='lat' dir='ltr'><strong>frugum</strong></span> <span class='ocrx_word' id='word_1_628' title='bbox 3586 2229 3864 2283; x_wconf 87' lang='lat' dir='ltr'><strong>maturita-</strong></span> 
     </span>
    </p>
   </div>
   <div class='ocr_carea' id='block_1_84' title="bbox 2271 2316 3863 2390">
    <p class='ocr_par' dir='ltr' id='par_1_84' title="bbox 2271 2316 3863 2390">
     <span class='ocr_line' id='line_1_84' title="bbox 2271 2316 3863 2390; baseline 0.003 -21"><span class='ocrx_word' id='word_1_629' title='bbox 2271 2323 2378 2369; x_wconf 87' lang='lat' dir='ltr'><strong>tem</strong></span> <span class='ocrx_word' id='word_1_630' title='bbox 2410 2332 2424 2370; x_wconf 91' lang='lat'><strong>:</strong></span> <span class='ocrx_word' id='word_1_631' title='bbox 2450 2317 2529 2370; x_wconf 92' lang='lat' dir='ltr'><strong>sic</strong></span> <span class='ocrx_word' id='word_1_632' title='bbox 2552 2316 2802 2371; x_wconf 90' lang='lat' dir='ltr'><strong>nimirum</strong></span> <span class='ocrx_word' id='word_1_633' title='bbox 2838 2327 2892 2373; x_wconf 91' lang='lat' dir='ltr'><strong>et</strong></span> <span class='ocrx_word' id='word_1_634' title='bbox 2927 2320 2980 2372; x_wconf 92' lang='lat' dir='ltr'><strong>in</strong></span> <span class='ocrx_word' id='word_1_635' title='bbox 3007 2319 3165 2373; x_wconf 90' lang='lat' dir='ltr'><strong>rebus</strong></span> <span class='ocrx_word' id='word_1_636' title='bbox 3195 2319 3394 2373; x_wconf 88' lang='lat' dir='ltr'><strong>nostris</strong></span> <span class='ocrx_word' id='word_1_637' title='bbox 3424 2318 3536 2373; x_wconf 90' lang='lat' dir='ltr'><strong>ﬁet.</strong></span> <span class='ocrx_word' id='word_1_638' title='bbox 3569 2318 3702 2373; x_wconf 90' lang='lat' dir='ltr'><strong>Cum</strong></span> <span class='ocrx_word' id='word_1_639' title='bbox 3727 2335 3863 2390; x_wconf 87' lang='lat' dir='ltr'><strong>ergo</strong></span> 
     </span>
    </p>
   </div>
   <div class='ocr_carea' id='block_1_85' title="bbox 2269 2407 3864 2480">
    <p class='ocr_par' dir='ltr' id='par_1_85' title="bbox 2269 2407 3864 2480">
     <span class='ocr_line' id='line_1_85' title="bbox 2269 2407 3864 2480; baseline 0.003 -19"><span class='ocrx_word' id='word_1_640' title='bbox 2269 2407 2566 2477; x_wconf 90' lang='lat' dir='ltr'><strong>dispersam</strong></span> <span class='ocrx_word' id='word_1_641' title='bbox 2596 2408 2890 2464; x_wconf 90' lang='lat' dir='ltr'><strong>Ecclesiam</strong></span> <span class='ocrx_word' id='word_1_642' title='bbox 2924 2409 3146 2476; x_wconf 88' lang='lat' dir='ltr'><strong>videris,</strong></span> <span class='ocrx_word' id='word_1_643' title='bbox 3171 2411 3328 2464; x_wconf 91' lang='lat' dir='ltr'><strong>malis</strong></span> <span class='ocrx_word' id='word_1_644' title='bbox 3353 2411 3608 2465; x_wconf 82' lang='lat' dir='ltr'><strong>extremis</strong></span> <span class='ocrx_word' id='word_1_645' title='bbox 3631 2425 3864 2480; x_wconf 66' lang='lat' dir='ltr'><strong>appreso</strong></span> 
     </span>
    </p>
   </div>
   <div class='ocr_carea' id='block_1_86' title="bbox 2270 2502 3866 2572">
    <p class='ocr_par' dir='ltr' id='par_1_86' title="bbox 2270 2502 3866 2572">
     <span class='ocr_line' id='line_1_86' title="bbox 2270 2502 3866 2572; baseline 0.003 -20"><span class='ocrx_word' id='word_1_646' title='bbox 2270 2514 2406 2565; x_wconf 90' lang='lat' dir='ltr'><strong>sam,</strong></span> <span class='ocrx_word' id='word_1_647' title='bbox 2434 2511 2674 2567; x_wconf 88' lang='lat' dir='ltr'><strong>vexatos,</strong></span> <span class='ocrx_word' id='word_1_648' title='bbox 2699 2517 2868 2556; x_wconf 66' lang='lat' dir='ltr'><strong>carsos</strong></span> <span class='ocrx_word' id='word_1_649' title='bbox 2897 2502 3212 2557; x_wconf 89' lang='lat' dir='ltr'><strong>verberibus</strong></span> <span class='ocrx_word' id='word_1_650' title='bbox 3233 2517 3350 2566; x_wconf 92' lang='lat' dir='ltr'><strong>eos,</strong></span> <span class='ocrx_word' id='word_1_651' title='bbox 3381 2503 3471 2572; x_wconf 90' lang='lat' dir='ltr'><strong>qui</strong></span> <span class='ocrx_word' id='word_1_652' title='bbox 3500 2503 3552 2557; x_wconf 93' lang='lat' dir='ltr'><strong>in</strong></span> <span class='ocrx_word' id='word_1_653' title='bbox 3585 2503 3698 2571; x_wconf 88' lang='lat' dir='ltr'><strong>ipsa</strong></span> <span class='ocrx_word' id='word_1_654' title='bbox 3729 2513 3866 2556; x_wconf 91' lang='lat' dir='ltr'><strong>sunt</strong></span> 
     </span>
    </p>
   </div>
   <div class='ocr_carea' id='block_1_87' title="bbox 2273 2591 3862 2663">
    <p class='ocr_par' dir='ltr' id='par_1_87' title="bbox 2273 2591 3862 2663">
     <span class='ocr_line' id='line_1_87' title="bbox 2273 2591 3862 2663; baseline 0.002 -19"><span class='ocrx_word' id='word_1_655' title='bbox 2273 2591 2626 2659; x_wconf 86' lang='lat' dir='ltr'><strong>illustriores,</strong></span> <span class='ocrx_word' id='word_1_656' title='bbox 2673 2593 2957 2662; x_wconf 69' lang='lat' dir='ltr'><strong>praesulem</strong></span> <span class='ocrx_word' id='word_1_657' title='bbox 3000 2593 3117 2662; x_wconf 89' lang='lat' dir='ltr'><strong>ejus</strong></span> <span class='ocrx_word' id='word_1_658' title='bbox 3164 2592 3472 2663; x_wconf 85' lang='lat' dir='ltr'><strong>longissime</strong></span> <span class='ocrx_word' id='word_1_659' title='bbox 3520 2593 3862 2663; x_wconf 83' lang='lat' dir='ltr'><strong>relegatum,</strong></span> 
     </span>
    </p>
   </div>
   <div class='ocr_carea' id='block_1_88' title="bbox 2271 2685 3868 2755">
    <p class='ocr_par' dir='ltr' id='par_1_88' title="bbox 2271 2685 3868 2755">
     <span class='ocr_line' id='line_1_88' title="bbox 2271 2685 3868 2755; baseline 0 -15"><span class='ocrx_word' id='word_1_660' title='bbox 2271 2687 2379 2740; x_wconf 91' lang='lat' dir='ltr'><strong>noli</strong></span> <span class='ocrx_word' id='word_1_661' title='bbox 2423 2686 2536 2742; x_wconf 72' lang='lat' dir='ltr'><strong>hare</strong></span> <span class='ocrx_word' id='word_1_662' title='bbox 2581 2685 2756 2740; x_wconf 90' lang='lat' dir='ltr'><strong>solum</strong></span> <span class='ocrx_word' id='word_1_663' title='bbox 2785 2695 3060 2755; x_wconf 90' lang='lat' dir='ltr'><strong>spectare,</strong></span> <span class='ocrx_word' id='word_1_664' title='bbox 3101 2685 3194 2740; x_wconf 91' lang='lat' dir='ltr'><strong>sed</strong></span> <span class='ocrx_word' id='word_1_665' title='bbox 3223 2687 3381 2739; x_wconf 90' lang='lat' dir='ltr'><strong>etiam</strong></span> <span class='ocrx_word' id='word_1_666' title='bbox 3409 2701 3470 2740; x_wconf 90' lang='lat' dir='ltr'><strong>ea</strong></span> <span class='ocrx_word' id='word_1_667' title='bbox 3497 2701 3614 2755; x_wconf 74' lang='lat' dir='ltr'><strong>qua:</strong></span> <span class='ocrx_word' id='word_1_668' title='bbox 3659 2701 3723 2741; x_wconf 87' lang='lat' dir='ltr'><strong>ex</strong></span> <span class='ocrx_word' id='word_1_669' title='bbox 3781 2686 3868 2740; x_wconf 91' lang='lat' dir='ltr'><strong>his</strong></span> 
     </span>
    </p>
   </div>
   <div class='ocr_carea' id='block_1_89' title="bbox 2271 2779 3868 2848">
    <p class='ocr_par' dir='ltr' id='par_1_89' title="bbox 2271 2779 3868 2848">
     <span class='ocr_line' id='line_1_89' title="bbox 2271 2779 3868 2848; baseline -0.001 -14"><span class='ocrx_word' id='word_1_670' title='bbox 2271 2788 2394 2834; x_wconf 92' lang='lat' dir='ltr'><strong>sunt</strong></span> <span class='ocrx_word' id='word_1_671' title='bbox 2439 2788 2714 2842; x_wconf 88' lang='lat' dir='ltr'><strong>eventura,</strong></span> <span class='ocrx_word' id='word_1_672' title='bbox 2758 2780 3161 2845; x_wconf 89' lang='lat' dir='ltr'><strong>retributiones,</strong></span> <span class='ocrx_word' id='word_1_673' title='bbox 3203 2779 3680 2844; x_wconf 89' lang='lat' dir='ltr'><strong>remunerationes,</strong></span> <span class='ocrx_word' id='word_1_674' title='bbox 3720 2794 3868 2848; x_wconf 77' lang='lat' dir='ltr'><strong>pra:-</strong></span> 
     </span>
    </p>
   </div>
   <div class='ocr_carea' id='block_1_90' title="bbox 2271 2872 3867 2944">
    <p class='ocr_par' dir='ltr' id='par_1_90' title="bbox 2271 2872 3867 2944">
     <span class='ocr_line' id='line_1_90' title="bbox 2271 2872 3867 2944; baseline 0.001 -18"><span class='ocrx_word' id='word_1_675' title='bbox 2271 2873 2398 2938; x_wconf 90' lang='lat' dir='ltr'><strong>mia,</strong></span> <span class='ocrx_word' id='word_1_676' title='bbox 2421 2872 2602 2927; x_wconf 88' lang='lat' dir='ltr'><strong>bravia</strong></span> <span class='ocrx_word' id='word_1_677' title='bbox 2633 2891 2646 2928; x_wconf 91' lang='lat'><strong>:</strong></span> <span class='ocrx_word' id='word_1_678' title='bbox 2679 2873 2778 2940; x_wconf 78' lang='lat' dir='ltr'><strong>Qui</strong></span> <span class='ocrx_word' id='word_1_679' title='bbox 2806 2873 2938 2928; x_wconf 82' lang='lat' dir='ltr'><strong>enim</strong></span> <span class='ocrx_word' id='word_1_680' title='bbox 2968 2874 3349 2944; x_wconf 77' lang='lat' dir='ltr'><strong>perseverath</strong></span> <span class='ocrx_word' id='word_1_681' title='bbox 3389 2890 3544 2942; x_wconf 84' lang='lat' dir='ltr'><strong>usque</strong></span> <span class='ocrx_word' id='word_1_682' title='bbox 3577 2874 3630 2926; x_wconf 83' lang='lat' dir='ltr'><strong>in</strong></span> <span class='ocrx_word' id='word_1_683' title='bbox 3667 2875 3831 2942; x_wconf 82' lang='lat' dir='ltr'><strong>ﬁnem</strong></span> <span class='ocrx_word' id='word_1_684' title='bbox 3850 2915 3867 2936; x_wconf 94' lang='lat'><strong>,</strong></span> 
     </span>
    </p>
   </div>
   <div class='ocr_carea' id='block_1_91' title="bbox 2271 2964 3869 3041">
    <p class='ocr_par' dir='ltr' id='par_1_91' title="bbox 2271 2964 3869 3041">
     <span class='ocr_line' id='line_1_91' title="bbox 2271 2964 3869 3041; baseline 0.001 -23"><span class='ocrx_word' id='word_1_685' title='bbox 2271 2966 2353 3018; x_wconf 78' lang='lat' dir='ltr'><strong>hic</strong></span> <span class='ocrx_word' id='word_1_686' title='bbox 2379 2966 2550 3019; x_wconf 85' lang='lat' dir='ltr'><strong>salvus</strong></span> <span class='ocrx_word' id='word_1_687' title='bbox 2573 2967 2667 3019; x_wconf 83' lang='lat' dir='ltr'><strong>erit</strong></span> <span class='ocrx_word' id='word_1_688' title='bbox 2694 2965 2912 3036; x_wconf 81' lang='lat' dir='ltr'><strong>(Matth.</strong></span> <span class='ocrx_word' id='word_1_689' title='bbox 2946 2965 3033 3022; x_wconf 74' lang='grc'><strong>10.</strong></span> <span class='ocrx_word' id='word_1_690' title='bbox 3057 2966 3178 3036; x_wconf 76' lang='lat'><strong>22),</strong></span> <span class='ocrx_word' id='word_1_691' title='bbox 3203 2967 3393 3036; x_wconf 91' lang='lat' dir='ltr'><strong>inquit.</strong></span> <span class='ocrx_word' id='word_1_692' title='bbox 3422 2966 3557 3020; x_wconf 81' lang='lat' dir='ltr'><strong>Nam</strong></span> <span class='ocrx_word' id='word_1_693' title='bbox 3592 2965 3645 3020; x_wconf 93' lang='lat' dir='ltr'><strong>in</strong></span> <span class='ocrx_word' id='word_1_694' title='bbox 3676 2964 3869 3041; x_wconf 74' lang='lat' dir='ltr'><strong>Veteri</strong></span> 
     </span>
    </p>
   </div>
   <div class='ocr_carea' id='block_1_92' title="bbox 2270 3056 3869 3128">
    <p class='ocr_par' dir='ltr' id='par_1_92' title="bbox 2270 3056 3869 3128">
     <span class='ocr_line' id='line_1_92' title="bbox 2270 3056 3869 3128; baseline 0.001 -17"><span class='ocrx_word' id='word_1_695' title='bbox 2270 3059 2483 3128; x_wconf 86' lang='lat' dir='ltr'><strong>quidem</strong></span> <span class='ocrx_word' id='word_1_696' title='bbox 2506 3058 2869 3128; x_wconf 82' lang='lat' dir='ltr'><strong>Testamento,</strong></span> <span class='ocrx_word' id='word_1_697' title='bbox 2901 3059 3022 3128; x_wconf 90' lang='lat' dir='ltr'><strong>quia</strong></span> <span class='ocrx_word' id='word_1_698' title='bbox 3047 3057 3282 3113; x_wconf 91' lang='lat' dir='ltr'><strong>nondum</strong></span> <span class='ocrx_word' id='word_1_699' title='bbox 3324 3057 3626 3112; x_wconf 89' lang='lat' dir='ltr'><strong>innotuerat</strong></span> <span class='ocrx_word' id='word_1_700' title='bbox 3658 3056 3728 3112; x_wconf 90' lang='lat' dir='ltr'><strong>de</strong></span> <span class='ocrx_word' id='word_1_701' title='bbox 3774 3073 3869 3112; x_wconf 85' lang='lat' dir='ltr'><strong>re-</strong></span> 
     </span>
    </p>
   </div>
   <div class='ocr_carea' id='block_1_93' title="bbox 2271 3147 3870 3216">
    <p class='ocr_par' dir='ltr' id='par_1_93' title="bbox 2271 3147 3870 3216">
     <span class='ocr_line' id='line_1_93' title="bbox 2271 3147 3870 3216; baseline -0.001 -12"><span class='ocrx_word' id='word_1_702' title='bbox 2271 3149 2601 3204; x_wconf 85' lang='lat' dir='ltr'><strong>surrectione</strong></span> <span class='ocrx_word' id='word_1_703' title='bbox 2628 3147 2892 3214; x_wconf 89' lang='lat' dir='ltr'><strong>doctrina,</strong></span> <span class='ocrx_word' id='word_1_704' title='bbox 2913 3157 3136 3216; x_wconf 90' lang='lat' dir='ltr'><strong>utraque</strong></span> <span class='ocrx_word' id='word_1_705' title='bbox 3180 3147 3232 3202; x_wconf 95' lang='lat' dir='ltr'><strong>in</strong></span> <span class='ocrx_word' id='word_1_706' title='bbox 3270 3147 3368 3201; x_wconf 89' lang='lat' dir='ltr'><strong>hac</strong></span> <span class='ocrx_word' id='word_1_707' title='bbox 3395 3148 3499 3202; x_wconf 89' lang='lat' dir='ltr'><strong>vita</strong></span> <span class='ocrx_word' id='word_1_708' title='bbox 3535 3147 3732 3201; x_wconf 85' lang='lat' dir='ltr'><strong>ﬁebant</strong></span> <span class='ocrx_word' id='word_1_709' title='bbox 3767 3166 3782 3201; x_wconf 88' lang='lat'><strong>:</strong></span> <span class='ocrx_word' id='word_1_710' title='bbox 3812 3156 3870 3202; x_wconf 81' lang='lat' dir='ltr'><strong>at</strong></span> 
     </span>
    </p>
   </div>
   <div class='ocr_carea' id='block_1_94' title="bbox 2271 3240 3868 3310">
    <p class='ocr_par' dir='ltr' id='par_1_94' title="bbox 2271 3240 3868 3310">
     <span class='ocr_line' id='line_1_94' title="bbox 2271 3240 3868 3310; baseline -0.001 -14"><span class='ocrx_word' id='word_1_711' title='bbox 2271 3242 2324 3296; x_wconf 92' lang='lat' dir='ltr'><strong>in</strong></span> <span class='ocrx_word' id='word_1_712' title='bbox 2351 3241 2498 3296; x_wconf 83' lang='lat' dir='ltr'><strong>Novo</strong></span> <span class='ocrx_word' id='word_1_713' title='bbox 2525 3255 2629 3295; x_wconf 92' lang='lat' dir='ltr'><strong>non</strong></span> <span class='ocrx_word' id='word_1_714' title='bbox 2658 3255 2870 3310; x_wconf 85' lang='lat' dir='ltr'><strong>semper</strong></span> <span class='ocrx_word' id='word_1_715' title='bbox 2900 3242 2958 3296; x_wconf 90' lang='lat' dir='ltr'><strong>ﬁt</strong></span> <span class='ocrx_word' id='word_1_716' title='bbox 2987 3259 3000 3294; x_wconf 89' lang='lat'>:</span> <span class='ocrx_word' id='word_1_717' title='bbox 3030 3240 3122 3296; x_wconf 89' lang='lat' dir='ltr'><strong>sed</strong></span> <span class='ocrx_word' id='word_1_718' title='bbox 3151 3241 3414 3296; x_wconf 90' lang='lat' dir='ltr'><strong>interdum</strong></span> <span class='ocrx_word' id='word_1_719' title='bbox 3438 3256 3522 3295; x_wconf 90' lang='lat' dir='ltr'><strong>res</strong></span> <span class='ocrx_word' id='word_1_720' title='bbox 3538 3240 3784 3295; x_wconf 79' lang='lat' dir='ltr'><strong>adversa:</strong></span> <span class='ocrx_word' id='word_1_721' title='bbox 3813 3241 3868 3295; x_wconf 91' lang='lat' dir='ltr'><strong>in</strong></span> 
     </span>
    </p>
   </div>
   <div class='ocr_carea' id='block_1_95' title="bbox 2271 3333 3866 3403">
    <p class='ocr_par' dir='ltr' id='par_1_95' title="bbox 2271 3333 3866 3403">
     <span class='ocr_line' id='line_1_95' title="bbox 2271 3333 3866 3403; baseline -0.001 -15"><span class='ocrx_word' id='word_1_722' title='bbox 2271 3335 2375 3388; x_wconf 87' lang='lat' dir='ltr'><strong>hoc</strong></span> <span class='ocrx_word' id='word_1_723' title='bbox 2400 3333 2600 3389; x_wconf 74' lang='lat' dir='ltr'><strong>steculo</strong></span> <span class='ocrx_word' id='word_1_724' title='bbox 2622 3333 2774 3388; x_wconf 88' lang='lat' dir='ltr'><strong>nobis</strong></span> <span class='ocrx_word' id='word_1_725' title='bbox 2814 3333 3080 3400; x_wconf 91' lang='lat' dir='ltr'><strong>accidunt,</strong></span> <span class='ocrx_word' id='word_1_726' title='bbox 3110 3348 3197 3388; x_wconf 90' lang='lat' dir='ltr'><strong>res</strong></span> <span class='ocrx_word' id='word_1_727' title='bbox 3217 3344 3395 3388; x_wconf 90' lang='lat' dir='ltr'><strong>autem</strong></span> <span class='ocrx_word' id='word_1_728' title='bbox 3442 3348 3718 3403; x_wconf 75' lang='lat' dir='ltr'><strong>prospera:</strong></span> <span class='ocrx_word' id='word_1_729' title='bbox 3763 3350 3866 3387; x_wconf 83' lang='lat' dir='ltr'><strong>no-</strong></span> 
     </span>
    </p>
   </div>
   <div class='ocr_carea' id='block_1_96' title="bbox 2271 3423 3872 3494">
    <p class='ocr_par' dir='ltr' id='par_1_96' title="bbox 2271 3423 3872 3494">
     <span class='ocr_line' id='line_1_96' title="bbox 2271 3423 3872 3494; baseline -0.003 -13"><span class='ocrx_word' id='word_1_730' title='bbox 2271 3437 2438 3481; x_wconf 85' lang='lat' dir='ltr'><strong>strqu</strong></span> <span class='ocrx_word' id='word_1_731' title='bbox 2460 3440 2531 3479; x_wconf 88' lang='lat' dir='ltr'><strong>ex</strong></span> <span class='ocrx_word' id='word_1_732' title='bbox 2554 3424 2652 3479; x_wconf 90' lang='lat' dir='ltr'><strong>hac</strong></span> <span class='ocrx_word' id='word_1_733' title='bbox 2677 3424 2780 3478; x_wconf 89' lang='lat' dir='ltr'><strong>vita</strong></span> <span class='ocrx_word' id='word_1_734' title='bbox 2807 3423 3100 3479; x_wconf 90' lang='lat' dir='ltr'><strong>discessum</strong></span> <span class='ocrx_word' id='word_1_735' title='bbox 3123 3433 3452 3494; x_wconf 86' lang='lat' dir='ltr'><strong>exspectant.</strong></span> <span class='ocrx_word' id='word_1_736' title='bbox 3478 3423 3872 3478; x_wconf 80' lang='lat' dir='ltr'><strong>Verumtamen</strong></span> 
     </span>
    </p>
   </div>
   <div class='ocr_carea' id='block_1_97' title="bbox 2271 3515 3873 3587">
    <p class='ocr_par' dir='ltr' id='par_1_97' title="bbox 2271 3515 3873 3587">
     <span class='ocr_line' id='line_1_97' title="bbox 2271 3515 3873 3587; baseline -0.002 -17"><span class='ocrx_word' id='word_1_737' title='bbox 2271 3518 2514 3587; x_wconf 89' lang='lat' dir='ltr'><strong>quamvis</strong></span> <span class='ocrx_word' id='word_1_738' title='bbox 2543 3517 2594 3571; x_wconf 92' lang='lat' dir='ltr'><strong>in</strong></span> <span class='ocrx_word' id='word_1_739' title='bbox 2615 3515 2714 3570; x_wconf 93' lang='lat' dir='ltr'><strong>hac</strong></span> <span class='ocrx_word' id='word_1_740' title='bbox 2743 3516 2848 3570; x_wconf 82' lang='lat' dir='ltr'><strong>vita</strong></span> <span class='ocrx_word' id='word_1_741' title='bbox 2891 3531 2978 3570; x_wconf 88' lang='lat' dir='ltr'><strong>res</strong></span> <span class='ocrx_word' id='word_1_742' title='bbox 3004 3530 3275 3586; x_wconf 71' lang='lat' dir='ltr'><strong>prosperae</strong></span> <span class='ocrx_word' id='word_1_743' title='bbox 3305 3515 3410 3570; x_wconf 92' lang='lat' dir='ltr'><strong>illis</strong></span> <span class='ocrx_word' id='word_1_744' title='bbox 3437 3515 3790 3582; x_wconf 86' lang='lat' dir='ltr'><strong>evenissent,</strong></span> <span class='ocrx_word' id='word_1_745' title='bbox 3819 3516 3873 3570; x_wconf 92' lang='lat' dir='ltr'><strong>in</strong></span> 
     </span>
    </p>
   </div>
   <div class='ocr_carea' id='block_1_98' title="bbox 2274 3606 3875 3677">
    <p class='ocr_par' dir='ltr' id='par_1_98' title="bbox 2274 3606 3875 3677">
     <span class='ocr_line' id='line_1_98' title="bbox 2274 3606 3875 3677; baseline -0.001 -15"><span class='ocrx_word' id='word_1_746' title='bbox 2274 3611 2375 3663; x_wconf 90' lang='lat' dir='ltr'><strong>hoc</strong></span> <span class='ocrx_word' id='word_1_747' title='bbox 2400 3610 2559 3663; x_wconf 84' lang='lat' dir='ltr'><strong>etiam</strong></span> <span class='ocrx_word' id='word_1_748' title='bbox 2607 3607 2960 3662; x_wconf 87' lang='lat' dir='ltr'><strong>admiratione</strong></span> <span class='ocrx_word' id='word_1_749' title='bbox 3002 3608 3233 3663; x_wconf 88' lang='lat' dir='ltr'><strong>maxime</strong></span> <span class='ocrx_word' id='word_1_750' title='bbox 3271 3607 3417 3677; x_wconf 88' lang='lat' dir='ltr'><strong>digni</strong></span> <span class='ocrx_word' id='word_1_751' title='bbox 3470 3606 3720 3673; x_wconf 84' lang='lat' dir='ltr'><strong>fuissent,</strong></span> <span class='ocrx_word' id='word_1_752' title='bbox 3779 3608 3875 3677; x_wconf 90' lang='lat' dir='ltr'><strong>qni</strong></span> 
     </span>
    </p>
   </div>
   <div class='ocr_carea' id='block_1_99' title="bbox 2272 3699 3875 3772">
    <p class='ocr_par' dir='ltr' id='par_1_99' title="bbox 2272 3699 3875 3772">
     <span class='ocr_line' id='line_1_99' title="bbox 2272 3699 3875 3772; baseline -0.003 -15"><span class='ocrx_word' id='word_1_753' title='bbox 2272 3701 2376 3757; x_wconf 91' lang='lat' dir='ltr'><strong>illis</strong></span> <span class='ocrx_word' id='word_1_754' title='bbox 2403 3701 2552 3772; x_wconf 87' lang='lat' dir='ltr'><strong>potiti</strong></span> <span class='ocrx_word' id='word_1_755' title='bbox 2583 3716 2687 3754; x_wconf 90' lang='lat' dir='ltr'><strong>non</strong></span> <span class='ocrx_word' id='word_1_756' title='bbox 2707 3709 2909 3766; x_wconf 90' lang='lat' dir='ltr'><strong>essent,</strong></span> <span class='ocrx_word' id='word_1_757' title='bbox 2935 3699 3074 3770; x_wconf 90' lang='lat' dir='ltr'><strong>quod</strong></span> <span class='ocrx_word' id='word_1_758' title='bbox 3101 3715 3220 3754; x_wconf 86' lang='lat' dir='ltr'><strong>eum</strong></span> <span class='ocrx_word' id='word_1_759' title='bbox 3246 3714 3418 3768; x_wconf 89' lang='lat' dir='ltr'><strong>neque</strong></span> <span class='ocrx_word' id='word_1_760' title='bbox 3445 3711 3564 3754; x_wconf 89' lang='lat' dir='ltr'><strong>nota</strong></span> <span class='ocrx_word' id='word_1_761' title='bbox 3596 3700 3705 3754; x_wconf 88' lang='lat' dir='ltr'><strong>illis</strong></span> <span class='ocrx_word' id='word_1_762' title='bbox 3729 3699 3875 3754; x_wconf 85' lang='lat' dir='ltr'><strong>fuis-</strong></span> 
     </span>
    </p>
   </div>
   <div class='ocr_carea' id='block_1_100' title="bbox 2272 3793 3877 3861">
    <p class='ocr_par' dir='ltr' id='par_1_100' title="bbox 2272 3793 3877 3861">
     <span class='ocr_line' id='line_1_100' title="bbox 2272 3793 3877 3861; baseline -0.001 -13"><span class='ocrx_word' id='word_1_763' title='bbox 2272 3803 2354 3848; x_wconf 89' lang='lat' dir='ltr'><strong>set</strong></span> <span class='ocrx_word' id='word_1_764' title='bbox 2378 3793 2617 3848; x_wconf 90' lang='lat' dir='ltr'><strong>doetrina</strong></span> <span class='ocrx_word' id='word_1_765' title='bbox 2643 3793 2710 3848; x_wconf 91' lang='lat' dir='ltr'><strong>de</strong></span> <span class='ocrx_word' id='word_1_766' title='bbox 2739 3793 3148 3855; x_wconf 90' lang='lat' dir='ltr'><strong>resurrectione,</strong></span> <span class='ocrx_word' id='word_1_767' title='bbox 3198 3801 3252 3848; x_wconf 93' lang='lat' dir='ltr'><strong>ct</strong></span> <span class='ocrx_word' id='word_1_768' title='bbox 3293 3793 3740 3861; x_wconf 81' lang='lat' dir='ltr'><strong>promissionibus</strong></span> <span class='ocrx_word' id='word_1_769' title='bbox 3778 3795 3877 3847; x_wconf 88' lang='lat' dir='ltr'><strong>Dei</strong></span> 
     </span>
    </p>
   </div>
   <div class='ocr_carea' id='block_1_101' title="bbox 2271 3882 3880 3948">
    <p class='ocr_par' dir='ltr' id='par_1_101' title="bbox 2271 3882 3880 3948">
     <span class='ocr_line' id='line_1_101' title="bbox 2271 3882 3880 3948; baseline -0.003 -8"><span class='ocrx_word' id='word_1_770' title='bbox 2271 3885 2536 3940; x_wconf 89' lang='lat' dir='ltr'><strong>contraria</strong></span> <span class='ocrx_word' id='word_1_771' title='bbox 2557 3893 2843 3939; x_wconf 88' lang='lat' dir='ltr'><strong>cernerent</strong></span> <span class='ocrx_word' id='word_1_772' title='bbox 2869 3885 2920 3937; x_wconf 91' lang='lat' dir='ltr'><strong>in</strong></span> <span class='ocrx_word' id='word_1_773' title='bbox 2953 3884 3112 3938; x_wconf 90' lang='lat' dir='ltr'><strong>rebus</strong></span> <span class='ocrx_word' id='word_1_774' title='bbox 3135 3885 3370 3948; x_wconf 84' lang='lat' dir='ltr'><strong>evenire,</strong></span> <span class='ocrx_word' id='word_1_775' title='bbox 3401 3898 3505 3937; x_wconf 94' lang='lat' dir='ltr'><strong>non</strong></span> <span class='ocrx_word' id='word_1_776' title='bbox 3534 3882 3880 3936; x_wconf 82' lang='lat' dir='ltr'><strong>scandaliza-</strong></span> 
     </span>
    </p>
   </div>
   <div class='ocr_carea' id='block_1_102' title="bbox 2272 3973 3875 4044">
    <p class='ocr_par' dir='ltr' id='par_1_102' title="bbox 2272 3973 3875 4044">
     <span class='ocr_line' id='line_1_102' title="bbox 2272 3973 3875 4044; baseline -0.001 -14"><span class='ocrx_word' id='word_1_777' title='bbox 2272 3986 2490 4042; x_wconf 89' lang='lat' dir='ltr'><strong>rentur,</strong></span> <span class='ocrx_word' id='word_1_778' title='bbox 2555 3990 2661 4028; x_wconf 91' lang='lat' dir='ltr'><strong>non</strong></span> <span class='ocrx_word' id='word_1_779' title='bbox 2725 3982 3073 4037; x_wconf 89' lang='lat' dir='ltr'><strong>terrerentur,</strong></span> <span class='ocrx_word' id='word_1_780' title='bbox 3141 3990 3314 4043; x_wconf 88' lang='lat' dir='ltr'><strong>neque</strong></span> <span class='ocrx_word' id='word_1_781' title='bbox 3378 3973 3875 4044; x_wconf 90' lang='lat' dir='ltr'><strong>perturbarentur,</strong></span> 
     </span>
    </p>
   </div>
   <div class='ocr_carea' id='block_1_103' title="bbox 2274 4063 3871 4135">
    <p class='ocr_par' dir='ltr' id='par_1_103' title="bbox 2274 4063 3871 4135">
     <span class='ocr_line' id='line_1_103' title="bbox 2274 4063 3871 4135; baseline -0.003 -14"><span class='ocrx_word' id='word_1_782' title='bbox 2274 4065 2498 4135; x_wconf 83' lang='lat' dir='ltr'><strong>ejusque</strong></span> <span class='ocrx_word' id='word_1_783' title='bbox 2524 4063 3052 4133; x_wconf 84' lang='lat' dir='ltr'><strong>incomprehensibili</strong></span> <span class='ocrx_word' id='word_1_784' title='bbox 3071 4064 3420 4134; x_wconf 67' lang='lat' dir='ltr'><strong>providentiae</strong></span> <span class='ocrx_word' id='word_1_785' title='bbox 3433 4064 3871 4133; x_wconf 87' lang='lat' dir='ltr'><strong>acquiescerent,</strong></span> 
     </span>
    </p>
   </div>
   <div class='ocr_carea' id='block_1_104' title="bbox 2274 4157 3875 4230">
    <p class='ocr_par' dir='ltr' id='par_1_104' title="bbox 2274 4157 3875 4230">
     <span class='ocr_line' id='line_1_104' title="bbox 2274 4157 3875 4230; baseline -0.002 -16"><span class='ocrx_word' id='word_1_786' title='bbox 2274 4176 2447 4230; x_wconf 91' lang='lat' dir='ltr'><strong>neque</strong></span> <span class='ocrx_word' id='word_1_787' title='bbox 2483 4169 2699 4230; x_wconf 89' lang='lat' dir='ltr'><strong>propter</strong></span> <span class='ocrx_word' id='word_1_788' title='bbox 2743 4173 2806 4212; x_wconf 89' lang='lat' dir='ltr'><strong>ea</strong></span> <span class='ocrx_word' id='word_1_789' title='bbox 2857 4175 2975 4228; x_wconf 77' lang='lat' dir='ltr'><strong>quae</strong></span> <span class='ocrx_word' id='word_1_790' title='bbox 3015 4158 3289 4212; x_wconf 89' lang='lat' dir='ltr'><strong>contrario</strong></span> <span class='ocrx_word' id='word_1_791' title='bbox 3339 4157 3496 4212; x_wconf 93' lang='lat' dir='ltr'><strong>modo</strong></span> <span class='ocrx_word' id='word_1_792' title='bbox 3529 4157 3875 4223; x_wconf 87' lang='lat' dir='ltr'><strong>acciderent,</strong></span> 
     </span>
    </p>
   </div>
   <div class='ocr_carea' id='block_1_105' title="bbox 2273 4248 3878 4321">
    <p class='ocr_par' dir='ltr' id='par_1_105' title="bbox 2273 4248 3878 4321">
     <span class='ocr_line' id='line_1_105' title="bbox 2273 4248 3878 4321; baseline -0.004 -13"><span class='ocrx_word' id='word_1_793' title='bbox 2273 4253 2579 4308; x_wconf 89' lang='lat' dir='ltr'><strong>scandalum</strong></span> <span class='ocrx_word' id='word_1_794' title='bbox 2623 4259 2950 4321; x_wconf 88' lang='lat' dir='ltr'><strong>paterentur,</strong></span> <span class='ocrx_word' id='word_1_795' title='bbox 3003 4249 3096 4305; x_wconf 88' lang='lat' dir='ltr'><strong>sed</strong></span> <span class='ocrx_word' id='word_1_796' title='bbox 3143 4251 3432 4320; x_wconf 89' lang='lat' dir='ltr'><strong>potentiam</strong></span> <span class='ocrx_word' id='word_1_797' title='bbox 3475 4265 3537 4303; x_wconf 94' lang='lat' dir='ltr'><strong>ae</strong></span> <span class='ocrx_word' id='word_1_798' title='bbox 3586 4248 3878 4303; x_wconf 89' lang='lat' dir='ltr'><strong>solertiam</strong></span> 
     </span>
    </p>
   </div>
   <div class='ocr_carea' id='block_1_106' title="bbox 2273 4340 3882 4413">
    <p class='ocr_par' dir='ltr' id='par_1_106' title="bbox 2273 4340 3882 4413">
     <span class='ocr_line' id='line_1_106' title="bbox 2273 4340 3882 4413; baseline -0.003 -14"><span class='ocrx_word' id='word_1_799' title='bbox 2273 4344 2551 4413; x_wconf 78' lang='lat' dir='ltr'><strong>sapientia:</strong></span> <span class='ocrx_word' id='word_1_800' title='bbox 2577 4344 2742 4412; x_wconf 89' lang='lat' dir='ltr'><strong>ipsius</strong></span> <span class='ocrx_word' id='word_1_801' title='bbox 2773 4349 3107 4412; x_wconf 86' lang='lat' dir='ltr'><strong>perspectam</strong></span> <span class='ocrx_word' id='word_1_802' title='bbox 3138 4341 3429 4406; x_wconf 80' lang='lat' dir='ltr'><strong>habentes,</strong></span> <span class='ocrx_word' id='word_1_803' title='bbox 3472 4340 3632 4394; x_wconf 91' lang='lat' dir='ltr'><strong>ﬁnem</strong></span> <span class='ocrx_word' id='word_1_804' title='bbox 3665 4355 3882 4410; x_wconf 86' lang='lat' dir='ltr'><strong>exspe-</strong></span> 
     </span>
    </p>
   </div>
   <div class='ocr_carea' id='block_1_107' title="bbox 2273 4433 3882 4504">
    <p class='ocr_par' dir='ltr' id='par_1_107' title="bbox 2273 4433 3882 4504">
     <span class='ocr_line' id='line_1_107' title="bbox 2273 4433 3882 4504; baseline -0.002 -14"><span class='ocrx_word' id='word_1_805' title='bbox 2273 4445 2500 4501; x_wconf 86' lang='lat' dir='ltr'><strong>ctarent,</strong></span> <span class='ocrx_word' id='word_1_806' title='bbox 2529 4436 2636 4488; x_wconf 89' lang='lat' dir='ltr'><strong>imo</strong></span> <span class='ocrx_word' id='word_1_807' title='bbox 2658 4450 2784 4490; x_wconf 90' lang='lat' dir='ltr'><strong>vero</strong></span> <span class='ocrx_word' id='word_1_808' title='bbox 2805 4443 2930 4489; x_wconf 91' lang='lat' dir='ltr'><strong>ante</strong></span> <span class='ocrx_word' id='word_1_809' title='bbox 2947 4435 3105 4488; x_wconf 91' lang='lat' dir='ltr'><strong>ﬁnem</strong></span> <span class='ocrx_word' id='word_1_810' title='bbox 3136 4433 3398 4504; x_wconf 83' lang='lat' dir='ltr'><strong>quidquid</strong></span> <span class='ocrx_word' id='word_1_811' title='bbox 3431 4433 3690 4488; x_wconf 89' lang='lat' dir='ltr'><strong>adversus</strong></span> <span class='ocrx_word' id='word_1_812' title='bbox 3719 4435 3882 4502; x_wconf 91' lang='lat' dir='ltr'><strong>ipsos</strong></span> 
     </span>
    </p>
   </div>
   <div class='ocr_carea' id='block_1_108' title="bbox 2275 4525 3879 4598">
    <p class='ocr_par' dir='ltr' id='par_1_108' title="bbox 2275 4525 3879 4598">
     <span class='ocr_line' id='line_1_108' title="bbox 2275 4525 3879 4598; baseline -0.003 -15"><span class='ocrx_word' id='word_1_813' title='bbox 2275 4538 2714 4598; x_wconf 86' lang='lat' dir='ltr'><strong>perpetraretur,</strong></span> <span class='ocrx_word' id='word_1_814' title='bbox 2756 4543 2877 4582; x_wconf 92' lang='lat' dir='ltr'><strong>eum</strong></span> <span class='ocrx_word' id='word_1_815' title='bbox 2927 4528 3217 4597; x_wconf 90' lang='lat' dir='ltr'><strong>gratiarum</strong></span> <span class='ocrx_word' id='word_1_816' title='bbox 3271 4527 3480 4580; x_wconf 90' lang='lat' dir='ltr'><strong>actione</strong></span> <span class='ocrx_word' id='word_1_817' title='bbox 3528 4525 3879 4588; x_wconf 88' lang='lat' dir='ltr'><strong>tolerarent,</strong></span> 
     </span>
    </p>
   </div>
   <div class='ocr_carea' id='block_1_109' title="bbox 2274 4617 3886 4689">
    <p class='ocr_par' dir='ltr' id='par_1_109' title="bbox 2274 4617 3886 4689">
     <span class='ocr_line' id='line_1_109' title="bbox 2274 4617 3886 4689; baseline -0.002 -15"><span class='ocrx_word' id='word_1_818' title='bbox 2274 4620 2548 4689; x_wconf 87' lang='lat' dir='ltr'><strong>Deumque</strong></span> <span class='ocrx_word' id='word_1_819' title='bbox 2572 4619 2662 4689; x_wconf 89' lang='lat' dir='ltr'><strong>qui</strong></span> <span class='ocrx_word' id='word_1_820' title='bbox 2695 4619 2794 4673; x_wconf 92' lang='lat' dir='ltr'><strong>ista</strong></span> <span class='ocrx_word' id='word_1_821' title='bbox 2827 4619 2938 4673; x_wconf 89' lang='lat' dir='ltr'><strong>ﬁeri</strong></span> <span class='ocrx_word' id='word_1_822' title='bbox 2961 4617 3191 4684; x_wconf 87' lang='lat' dir='ltr'><strong>sinebat,</strong></span> <span class='ocrx_word' id='word_1_823' title='bbox 3222 4617 3523 4686; x_wconf 91' lang='lat' dir='ltr'><strong>gloriﬁcare</strong></span> <span class='ocrx_word' id='word_1_824' title='bbox 3551 4631 3656 4670; x_wconf 91' lang='lat' dir='ltr'><strong>non</strong></span> <span class='ocrx_word' id='word_1_825' title='bbox 3684 4633 3886 4671; x_wconf 78' lang='lat' dir='ltr'><strong>cessa-</strong></span> 
     </span>
    </p>
   </div>
   <div class='ocr_carea' id='block_1_110' title="bbox 2274 4707 3882 4766">
    <p class='ocr_par' dir='ltr' id='par_1_110' title="bbox 2274 4707 3882 4766">
     <span class='ocr_line' id='line_1_110' title="bbox 2274 4707 3882 4766; baseline -0.002 0"><span class='ocrx_word' id='word_1_826' title='bbox 2274 4723 2413 4766; x_wconf 91' lang='lat' dir='ltr'><strong>rent.</strong></span> <span class='ocrx_word' id='word_1_827' title='bbox 2464 4709 2699 4766; x_wconf 86' lang='lat' dir='ltr'><strong>Obscura</strong></span> <span class='ocrx_word' id='word_1_828' title='bbox 2747 4709 2975 4764; x_wconf 89' lang='lat' dir='ltr'><strong>fortasse</strong></span> <span class='ocrx_word' id='word_1_829' title='bbox 3030 4709 3180 4764; x_wconf 88' lang='lat' dir='ltr'><strong>vobis</strong></span> <span class='ocrx_word' id='word_1_830' title='bbox 3225 4709 3432 4762; x_wconf 83' lang='lat' dir='ltr'><strong>videtur</strong></span> <span class='ocrx_word' id='word_1_831' title='bbox 3476 4707 3595 4762; x_wconf 70' lang='lat' dir='ltr'><strong>lucc</strong></span> <span class='ocrx_word' id='word_1_832' title='bbox 3641 4709 3828 4763; x_wconf 88' lang='lat' dir='ltr'><strong>oratio</strong></span> <span class='ocrx_word' id='word_1_833' title='bbox 3864 4725 3882 4763; x_wconf 89' lang='lat'><strong>:</strong></span> 
     </span>
    </p>
   </div>
   <div class='ocr_carea' id='block_1_111' title="bbox 2273 4801 3509 4874">
    <p class='ocr_par' dir='ltr' id='par_1_111' title="bbox 2273 4801 3509 4874">
     <span class='ocr_line' id='line_1_111' title="bbox 2273 4801 3509 4874; baseline -0.002 -15"><span class='ocrx_word' id='word_1_834' title='bbox 2273 4805 2520 4874; x_wconf 88' lang='lat' dir='ltr'><strong>quocirca</strong></span> <span class='ocrx_word' id='word_1_835' title='bbox 2547 4803 2824 4857; x_wconf 88' lang='lat' dir='ltr'><strong>clariorem</strong></span> <span class='ocrx_word' id='word_1_836' title='bbox 2854 4817 2971 4856; x_wconf 89' lang='lat' dir='ltr'><strong>eam</strong></span> <span class='ocrx_word' id='word_1_837' title='bbox 3002 4801 3226 4857; x_wconf 90' lang='lat' dir='ltr'><strong>reddere</strong></span> <span class='ocrx_word' id='word_1_838' title='bbox 3251 4802 3509 4859; x_wconf 83' lang='lat' dir='ltr'><strong>conabor.</strong></span> 
     </span>
    </p>
   </div>
   <div class='ocr_carea' id='block_1_112' title="bbox 2344 4894 3880 4964">
    <p class='ocr_par' dir='ltr' id='par_1_112' title="bbox 2344 4894 3880 4964">
     <span class='ocr_line' id='line_1_112' title="bbox 2344 4894 3880 4964; baseline -0.003 -12"><span class='ocrx_word' id='word_1_839' title='bbox 2344 4897 2472 4952; x_wconf 75' lang='lat' dir='ltr'><strong>CAP.</strong></span> <span class='ocrx_word' id='word_1_840' title='bbox 2517 4894 2588 4950; x_wconf 79' lang='grc' dir='ltr'><strong>Χ.</strong></span> <span class='ocrx_word' id='word_1_841' title='bbox 2632 4895 2877 4964; x_wconf 79' lang='lat' dir='ltr'><strong>Antiquos</strong></span> <span class='ocrx_word' id='word_1_842' title='bbox 2918 4896 3068 4947; x_wconf 81' lang='lat' dir='ltr'><strong>etiam</strong></span> <span class='ocrx_word' id='word_1_843' title='bbox 3111 4895 3264 4963; x_wconf 81' lang='lat' dir='ltr'><strong>ﬁnem</strong></span> <span class='ocrx_word' id='word_1_844' title='bbox 3317 4909 3483 4946; x_wconf 84' lang='lat' dir='ltr'><strong>rerum</strong></span> <span class='ocrx_word' id='word_1_845' title='bbox 3527 4904 3880 4964; x_wconf 74' lang='lat' dir='ltr'><strong>exspectasse.</strong></span> 
     </span>
    </p>
   </div>
   <div class='ocr_carea' id='block_1_113' title="bbox 2275 4985 3887 5057">
    <p class='ocr_par' dir='ltr' id='par_1_113' title="bbox 2275 4985 3887 5057">
     <span class='ocr_line' id='line_1_113' title="bbox 2275 4985 3887 5057; baseline -0.003 -12"><span class='ocrx_word' id='word_1_846' title='bbox 2275 4990 2529 5045; x_wconf 80' lang='lat' dir='ltr'><strong>Abraham</strong></span> <span class='ocrx_word' id='word_1_847' title='bbox 2555 4989 2716 5057; x_wconf 79' lang='lat' dir='ltr'><strong>ﬁlium</strong></span> <span class='ocrx_word' id='word_1_848' title='bbox 2741 4989 3028 5056; x_wconf 75' lang='lat' dir='ltr'><strong>sacriﬁcare</strong></span> <span class='ocrx_word' id='word_1_849' title='bbox 3039 4987 3236 5056; x_wconf 82' lang='lat' dir='ltr'><strong>jussus.</strong></span> <span class='ocrx_word' id='word_1_850' title='bbox 3260 5016 3326 5025; x_wconf 94' lang='lat'><strong>—</strong></span> <span class='ocrx_word' id='word_1_851' title='bbox 3351 4985 3486 5040; x_wconf 87' lang='lat' dir='ltr'><strong>Cum</strong></span> <span class='ocrx_word' id='word_1_852' title='bbox 3508 5001 3670 5040; x_wconf 85' lang='lat' dir='ltr'><strong>senex</strong></span> <span class='ocrx_word' id='word_1_853' title='bbox 3694 4985 3887 5040; x_wconf 85' lang='lat' dir='ltr'><strong>factus</strong></span> 
     </span>
    </p>
   </div>
   <div class='ocr_carea' id='block_1_114' title="bbox 2274 5077 3886 5147">
    <p class='ocr_par' dir='ltr' id='par_1_114' title="bbox 2274 5077 3886 5147">
     <span class='ocr_line' id='line_1_114' title="bbox 2274 5077 3886 5147; baseline -0.002 -11"><span class='ocrx_word' id='word_1_854' title='bbox 2274 5092 2418 5137; x_wconf 91' lang='lat' dir='ltr'><strong>esset</strong></span> <span class='ocrx_word' id='word_1_855' title='bbox 2449 5082 2574 5135; x_wconf 92' lang='lat' dir='ltr'><strong>olim</strong></span> <span class='ocrx_word' id='word_1_856' title='bbox 2605 5079 2872 5134; x_wconf 83' lang='lat' dir='ltr'><strong>Abraham</strong></span> <span class='ocrx_word' id='word_1_857' title='bbox 2895 5121 2910 5146; x_wconf 91' lang='lat'><strong>,</strong></span> <span class='ocrx_word' id='word_1_858' title='bbox 2943 5089 2996 5133; x_wconf 89' lang='lat' dir='ltr'><strong>et</strong></span> <span class='ocrx_word' id='word_1_859' title='bbox 3035 5079 3102 5132; x_wconf 86' lang='lat' dir='ltr'><strong>ad</strong></span> <span class='ocrx_word' id='word_1_860' title='bbox 3138 5079 3334 5133; x_wconf 90' lang='lat' dir='ltr'><strong>liberos</strong></span> <span class='ocrx_word' id='word_1_861' title='bbox 3374 5077 3738 5147; x_wconf 88' lang='lat' dir='ltr'><strong>proercandos</strong></span> <span class='ocrx_word' id='word_1_862' title='bbox 3791 5080 3886 5133; x_wconf 81' lang='lat' dir='ltr'><strong>in-</strong></span> 
     </span>
    </p>
   </div>
   <div class='ocr_carea' id='block_1_115' title="bbox 2275 5169 3888 5240">
    <p class='ocr_par' dir='ltr' id='par_1_115' title="bbox 2275 5169 3888 5240">
     <span class='ocr_line' id='line_1_115' title="bbox 2275 5169 3888 5240; baseline -0.001 -14"><span class='ocrx_word' id='word_1_863' title='bbox 2275 5183 2447 5240; x_wconf 90' lang='lat' dir='ltr'><strong>eptus,</strong></span> <span class='ocrx_word' id='word_1_864' title='bbox 2471 5179 2526 5226; x_wconf 85' lang='lat' dir='ltr'><strong>et</strong></span> <span class='ocrx_word' id='word_1_865' title='bbox 2541 5180 2813 5226; x_wconf 89' lang='lat' dir='ltr'><strong>emortuus</strong></span> <span class='ocrx_word' id='word_1_866' title='bbox 2828 5171 3000 5224; x_wconf 78' lang='lat' dir='ltr'><strong>a-tatis</strong></span> <span class='ocrx_word' id='word_1_867' title='bbox 3017 5185 3300 5240; x_wconf 88' lang='lat' dir='ltr'><strong>progressu</strong></span> <span class='ocrx_word' id='word_1_868' title='bbox 3322 5169 3612 5233; x_wconf 88' lang='lat' dir='ltr'><strong>evasisset;</strong></span> <span class='ocrx_word' id='word_1_869' title='bbox 3639 5178 3695 5221; x_wconf 91' lang='lat' dir='ltr'><strong>nt</strong></span> <span class='ocrx_word' id='word_1_870' title='bbox 3723 5172 3888 5225; x_wconf 84' lang='lat' dir='ltr'><strong>enim</strong></span> 
     </span>
    </p>
   </div>
   <div class='ocr_carea' id='block_1_116' title="bbox 2277 5261 3889 5332">
    <p class='ocr_par' dir='ltr' id='par_1_116' title="bbox 2277 5261 3889 5332">
     <span class='ocr_line' id='line_1_116' title="bbox 2277 5261 3889 5332; baseline -0.001 -15"><span class='ocrx_word' id='word_1_871' title='bbox 2277 5273 2425 5332; x_wconf 90' lang='lat' dir='ltr'><strong>pater</strong></span> <span class='ocrx_word' id='word_1_872' title='bbox 2452 5263 2564 5316; x_wconf 85' lang='lat' dir='ltr'><strong>ﬁeri</strong></span> <span class='ocrx_word' id='word_1_873' title='bbox 2597 5272 2793 5332; x_wconf 90' lang='lat' dir='ltr'><strong>posset,</strong></span> <span class='ocrx_word' id='word_1_874' title='bbox 2829 5264 2994 5316; x_wconf 89' lang='lat' dir='ltr'><strong>nihilo</strong></span> <span class='ocrx_word' id='word_1_875' title='bbox 3020 5261 3224 5317; x_wconf 92' lang='lat' dir='ltr'><strong>meliori</strong></span> <span class='ocrx_word' id='word_1_876' title='bbox 3258 5262 3311 5316; x_wconf 89' lang='lat' dir='ltr'><strong>in</strong></span> <span class='ocrx_word' id='word_1_877' title='bbox 3340 5270 3478 5316; x_wconf 86' lang='lat' dir='ltr'><strong>statu</strong></span> <span class='ocrx_word' id='word_1_878' title='bbox 3509 5271 3621 5315; x_wconf 91' lang='lat' dir='ltr'><strong>erat</strong></span> <span class='ocrx_word' id='word_1_879' title='bbox 3655 5261 3889 5328; x_wconf 73' lang='lat' dir='ltr'><strong>vivens,</strong></span> 
     </span>
    </p>
   </div>
   <div class='ocr_carea' id='block_1_117' title="bbox 2276 5354 3894 5426">
    <p class='ocr_par' dir='ltr' id='par_1_117' title="bbox 2276 5354 3894 5426">
     <span class='ocr_line' id='line_1_117' title="bbox 2276 5354 3894 5426; baseline 0.002 -16"><span class='ocrx_word' id='word_1_880' title='bbox 2276 5372 2433 5425; x_wconf 89' lang='lat' dir='ltr'><strong>quam</strong></span> <span class='ocrx_word' id='word_1_881' title='bbox 2463 5357 2561 5424; x_wconf 92' lang='lat' dir='ltr'><strong>ipsi</strong></span> <span class='ocrx_word' id='word_1_882' title='bbox 2590 5355 2821 5411; x_wconf 90' lang='lat' dir='ltr'><strong>defuncti</strong></span> <span class='ocrx_word' id='word_1_883' title='bbox 2847 5373 2860 5420; x_wconf 93' lang='lat'><strong>;</strong></span> <span class='ocrx_word' id='word_1_884' title='bbox 2894 5371 3013 5411; x_wconf 91' lang='lat' dir='ltr'><strong>cum</strong></span> <span class='ocrx_word' id='word_1_885' title='bbox 3041 5370 3168 5426; x_wconf 91' lang='lat' dir='ltr'><strong>ergo</strong></span> <span class='ocrx_word' id='word_1_886' title='bbox 3207 5370 3371 5409; x_wconf 89' lang='lat' dir='ltr'><strong>senex</strong></span> <span class='ocrx_word' id='word_1_887' title='bbox 3411 5354 3584 5424; x_wconf 91' lang='lat' dir='ltr'><strong>justus</strong></span> <span class='ocrx_word' id='word_1_888' title='bbox 3615 5364 3790 5418; x_wconf 86' lang='lat' dir='ltr'><strong>esset,</strong></span> <span class='ocrx_word' id='word_1_889' title='bbox 3832 5367 3894 5412; x_wconf 81' lang='lat' dir='ltr'><strong>et</strong></span> 
     </span>
    </p>
   </div>
   <div class='ocr_carea' id='block_1_118' title="bbox 2275 5445 3864 5516">
    <p class='ocr_par' dir='ltr' id='par_1_118' title="bbox 2275 5445 3864 5516">
     <span class='ocr_line' id='line_1_118' title="bbox 2275 5445 3864 5516; baseline 0.001 -16"><span class='ocrx_word' id='word_1_890' title='bbox 2275 5446 2559 5501; x_wconf 90' lang='lat' dir='ltr'><strong>admodum</strong></span> <span class='ocrx_word' id='word_1_891' title='bbox 2585 5462 2746 5502; x_wconf 91' lang='lat' dir='ltr'><strong>senex</strong></span> <span class='ocrx_word' id='word_1_892' title='bbox 2770 5489 2784 5512; x_wconf 92' lang='lat'><strong>,</strong></span> <span class='ocrx_word' id='word_1_893' title='bbox 2815 5457 2866 5502; x_wconf 94' lang='lat' dir='ltr'><strong>ct</strong></span> <span class='ocrx_word' id='word_1_894' title='bbox 2905 5449 3159 5502; x_wconf 92' lang='lat' dir='ltr'><strong>naturalis</strong></span> <span class='ocrx_word' id='word_1_895' title='bbox 3191 5445 3532 5516; x_wconf 74' lang='lat' dir='ltr'><strong>procreanda:</strong></span> <span class='ocrx_word' id='word_1_896' title='bbox 3556 5445 3774 5501; x_wconf 78' lang='lat' dir='ltr'><strong>sobolis</strong></span> <span class='ocrx_word' id='word_1_897' title='bbox 3809 5449 3864 5502; x_wconf 82' lang='lat' dir='ltr'><strong>fa</strong></span> 
     </span>
    </p>
   </div>
   <div class='ocr_carea' id='block_1_119' title="bbox 2275 5537 3895 5609">
    <p class='ocr_par' dir='ltr' id='par_1_119' title="bbox 2275 5537 3895 5609">
     <span class='ocr_line' id='line_1_119' title="bbox 2275 5537 3895 5609; baseline 0.002 -18"><span class='ocrx_word' id='word_1_898' title='bbox 2275 5538 2488 5592; x_wconf 89' lang='lat' dir='ltr'><strong>cultatis</strong></span> <span class='ocrx_word' id='word_1_899' title='bbox 2527 5539 2658 5592; x_wconf 91' lang='lat' dir='ltr'><strong>ﬁnes</strong></span> <span class='ocrx_word' id='word_1_900' title='bbox 2698 5540 2856 5609; x_wconf 86' lang='lat' dir='ltr'><strong>longo</strong></span> <span class='ocrx_word' id='word_1_901' title='bbox 2895 5541 3175 5594; x_wconf 89' lang='lat' dir='ltr'><strong>intervallo</strong></span> <span class='ocrx_word' id='word_1_902' title='bbox 3204 5539 3556 5604; x_wconf 89' lang='lat' dir='ltr'><strong>excessisset,</strong></span> <span class='ocrx_word' id='word_1_903' title='bbox 3583 5537 3895 5608; x_wconf 75' lang='lat' dir='ltr'><strong>eonjugem</strong></span> 
     </span>
    </p>
   </div>
   <div class='ocr_carea' id='block_1_120' title="bbox 2277 5631 3897 5701">
    <p class='ocr_par' dir='ltr' id='par_1_120' title="bbox 2277 5631 3897 5701">
     <span class='ocr_line' id='line_1_120' title="bbox 2277 5631 3897 5701; baseline 0.004 -18"><span class='ocrx_word' id='word_1_904' title='bbox 2277 5645 2450 5685; x_wconf 77' lang='lat' dir='ltr'><strong>autem</strong></span> <span class='ocrx_word' id='word_1_905' title='bbox 2503 5631 2722 5687; x_wconf 86' lang='lat' dir='ltr'><strong>haberet</strong></span> <span class='ocrx_word' id='word_1_906' title='bbox 2763 5634 2948 5688; x_wconf 84' lang='lat' dir='ltr'><strong>Saram</strong></span> <span class='ocrx_word' id='word_1_907' title='bbox 2997 5642 3145 5701; x_wconf 90' lang='lat' dir='ltr'><strong>petra</strong></span> <span class='ocrx_word' id='word_1_908' title='bbox 3184 5632 3536 5694; x_wconf 90' lang='lat' dir='ltr'><strong>steriliorem,</strong></span> <span class='ocrx_word' id='word_1_909' title='bbox 3572 5641 3792 5700; x_wconf 83' lang='lat' dir='ltr'><strong>patrem</strong></span> <span class='ocrx_word' id='word_1_910' title='bbox 3831 5651 3897 5689; x_wconf 80' lang='lat' dir='ltr'><strong>se</strong></span> 
     </span>
    </p>
   </div>
   <div class='ocr_carea' id='block_1_121' title="bbox 2281 5721 3896 5795">
    <p class='ocr_par' dir='ltr' id='par_1_121' title="bbox 2281 5721 3896 5795">
     <span class='ocr_line' id='line_1_121' title="bbox 2281 5721 3896 5795; baseline 0.004 -19"><span class='ocrx_word' id='word_1_911' title='bbox 2281 5721 2605 5777; x_wconf 88' lang='lat' dir='ltr'><strong>redditurum</strong></span> <span class='ocrx_word' id='word_1_912' title='bbox 2633 5724 2774 5778; x_wconf 88' lang='lat' dir='ltr'><strong>illum</strong></span> <span class='ocrx_word' id='word_1_913' title='bbox 2800 5733 2876 5780; x_wconf 91' lang='lat' dir='ltr'><strong>tot</strong></span> <span class='ocrx_word' id='word_1_914' title='bbox 2899 5733 3150 5795; x_wconf 81' lang='lat' dir='ltr'><strong>nepotum</strong></span> <span class='ocrx_word' id='word_1_915' title='bbox 3177 5725 3314 5781; x_wconf 89' lang='lat' dir='ltr'><strong>Deus</strong></span> <span class='ocrx_word' id='word_1_916' title='bbox 3335 5722 3636 5794; x_wconf 86' lang='lat' dir='ltr'><strong>pollicetur,</strong></span> <span class='ocrx_word' id='word_1_917' title='bbox 3656 5732 3718 5776; x_wconf 89' lang='lat' dir='ltr'><strong>ut</strong></span> <span class='ocrx_word' id='word_1_918' title='bbox 3744 5729 3896 5783; x_wconf 83' lang='lat' dir='ltr'><strong>mul-</strong></span> 
     </span>
    </p>
   </div>
  </div>
