4030 6206
245 265 335 321 ιω
1048 266 1142 321 ,ιο
1181 266 1307 321 EOS
1341 265 1458 334 QUI
1503 263 2009 323 SCANDALIZATI
2053 268 2259 328 sum.
2305 272 2434 328 LIB.
2475 274 2689 334 UNUS.

239 382 324 432 καὶ
346 378 413 431 δι’
439 371 516 432 ὧν
539 378 788 452 ἐποίησε,
819 383 915 436 καὶ¹
937 383 1003 435 δι’
1032 376 1107 436 ὧν
1128 386 1364 454 ποιήσει,
1399 383 1808 455 μηδὲνκπεριερ-

234 468 416 537 γάξου,
438 468 574 540 μηδὲ
598 471 1070 543 πολυπραγμόνει,
1105 475 1241 544 μηδέ
1260 474 1520 542 λέγε,Διά
1544 476 1598 527 τί
1615 472 1806 539 τοῦτο;

236 560 308 622 εἰς
325 558 381 610 τί
406 558 599 625 τοῦτο;
625 558 751 622 Πῶς
775 561 885 631 γάρ
908 562 969 614 οὐ
1006 563 1255 633 μανικὸν,
1288 564 1383 617 καὶ
1406 564 1640 634 ἐσχάτης
1671 563 1807 616 ἀπο-

235 650 378 711 νοίας
428 650 525 703 καὶ
559 651 950 721 παραπληξίας
985 652 1312 723 ἀνάμεστον,
1362 655 1542 725 ίατρὸν
1574 654 1670 725 μέν
1704 671 1809 725 μη-

234 740 415 794 δέποτε
468 741 950 813 πολυπραγμονεῖν
985 744 1274 816 τέμνοντα,
1328 745 1552 801 καίοντα
1571 786 1586 810 ,
1634 745 1809 817 πικρά

237 831 538 885 ἐπιτιθέντα
577 834 870 903 φάρμακα,
907 835 1011 889 κᾶν
1056 836 1272 907 οἰκέτης
1313 833 1370 911 ᾖ.
1423 836 1559 890 ἀλλά
1592 836 1809 890 κεῖσθαι

239 925 355 993 σιγῇ
379 922 473 975 τὸν
498 922 766 994 δεσπότην
786 923 960 979 ταῦτα
980 924 1278 996 πάσχοντα,
1305 928 1396 980 καὶ
1424 927 1584 999 χάριν
1609 926 1807 981 εἰδέναι

238 1017 323 1067 καὶ
348 1016 449 1085 τῆς
481 1014 732 1080 καύσεως
756 1016 929 1087 αὐτῷ,
959 1018 1174 1090 καὶτῆς
1200 1016 1377 1090 τομῆς
1392 1020 1487 1074 καὶ
1518 1019 1627 1072 τῶν
1667 1035 1808 1089 φαρ-

241 1108 441 1178 μάκων,
487 1108 789 1163 καὶταῦτα
828 1110 916 1161 ἐπ’
968 1109 1150 1181 ἀδήλῳ
1179 1109 1258 1181 τῷ
1309 1109 1555 1181 μέλλοντι
1600 1110 1808 1181 (πολλοὶ

237 1202 337 1272 γάρ
379 1201 610 1266 πολλοὺς
648 1203 745 1257 καὶ
770 1202 1099 1271 ἀπέκτειναν
1117 1202 1293 1257 ταῦτα
1313 1204 1685 1275 ποιήσαντες),
1712 1202 1809 1258 καὶ

237 1295 579 1363 παραχωρεῖν
597 1291 747 1364 αὐτῷ
795 1293 937 1364 μετὰ
968 1294 1171 1365 πολλῆς
1197 1295 1297 1366 τῆς
1328 1294 1607 1365 ὑποταγῆς
1637 1292 1807 1347 ταῦτα

238 1384 492 1438 ποιοῦντν
536 1386 630 1439 καὶ
672 1386 768 1439 ἐπὶ
818 1385 1016 1440 ναύτου
1047 1386 1104 1439 δέ
1143 1387 1204 1439 τὸ
1233 1383 1365 1440 αὐτὸ
1415 1385 1573 1438 τοῦτο
1610 1386 1806 1450 ποιεῖν,

237 1478 325 1532 καὶ
354 1477 666 1548 οἰκοδόμου,
701 1477 798 1531 καὶ
835 1479 928 1531 ἐπὶ
976 1476 1086 1532 τῶν
1125 1476 1195 1531 τά
1226 1476 1363 1531 ἄλλα
1399 1475 1808 1547 ἐπιτηδεύματα

242 1568 547 1638 μετιόντων·
577 1568 723 1636 λέγω
749 1568 805 1622 δέ
839 1568 1242 1637 καταγέλαστον
1285 1564 1424 1622 εἶναι
1451 1568 1713 1638 νομίζειν,
1748 1566 1809 1621 τὸ

236 1659 320 1713 τὸν
352 1657 570 1730 ἰδιώτην
589 1660 686 1712 καὶ
718 1659 944 1731 ἄπειρον
973 1660 1225 1714 ἀπαιτεῖν
1253 1656 1353 1723 τὰς
1381 1658 1561 1722 αἰτίας
1593 1657 1699 1712 τῶν
1726 1674 1809 1726 γι-

236 1749 467 1819 νομένων
494 1749 750 1804 ἀπάντων
775 1750 866 1803 τὸν
891 1750 1161 1821 τεχνίτην,
1178 1749 1275 1821 τὴν
1296 1750 1353 1803 δὲ
1383 1750 1587 1820 ἀφατον
1619 1749 1809 1819 σοφίαν

237 1837 465 1909 ἐκείνην,
480 1838 581 1909 τὴν
595 1838 1010 1912 ἄφραστονμτὴν
1034 1839 1292 1912 ἄρρητον,
1307 1840 1407 1911 τὴν
1428 1839 1809 1910 ἀκατάληπτον

236 1928 703 2000 περιεργάζεσθαι,
737 1931 831 1983 καὶ
875 1931 1056 2002 ζητεῖν
1085 1931 1174 1985 διά
1208 1931 1262 1985 τί
1296 1932 1358 1987 τὸ
1387 1931 1482 1985 καὶ
1506 1931 1568 1984 τὸ
1594 1931 1808 2000 γέγονε,

234 2021 327 2075 καὶ
345 2019 524 2075 ταῦτα
546 2022 747 2088 εἰδότας
771 2022 979 2093 σαφῶς,
1011 2021 1160 2096 [485]
1181 2024 1265 2077 ὅτι
1293 2022 1629 2087 ἀδιάπτωτος
1651 2025 1684 2093 ή
1717 2039 1807 2075 σο-

235 2113 330 2182 φία
353 2113 518 2185 αὕτη,
551 2115 631 2169 δτι
658 2114 829 2187 πολλὴ
859 2114 1135 2187 ἀγαθότης
1174 2114 1364 2181 αὐτοῦ,
1391 2116 1474 2169 ὅτι
1498 2114 1735 2186 άρῤητος
1772 2113 1807 2185 ἡ

236 2206 477 2279 πρόνοια,
509 2207 590 2260 δτι
615 2207 794 2261 πάντα
821 2207 958 2279 πρὸς
980 2207 1042 2261 τὸ
1070 2207 1223 2272 τέλος
1242 2207 1457 2279 ἀπαντᾷ
1481 2204 1714 2279 χρηστὸν
1739 2203 1809 2259 τά

238 2299 359 2369 παρ’
383 2297 555 2353 αὐτοῦ
586 2300 847 2370 γινόμενα
884 2300 966 2364 εἰς
998 2300 1166 2370 ἡμᾶς’
1194 2299 1355 2370 μόνον
1386 2298 1436 2350 εί
1468 2297 1545 2370 μὴ
1573 2297 1642 2350 τά
1674 2294 1809 2369 ἡμέο

234 2407 357 2461 τερα
399 2390 770 2446 διακόπτοιτοο
809 2392 892 2446 ὅτι
938 2391 1129 2453 οὐδένα
1175 2388 1472 2446 ἀπολέσθαι
1535 2390 1807 2461 βούλεται,

235 2484 359 2538 ἀλλά
419 2485 617 2541 σῶσαι.
656 2482 783 2548 Πῶς
825 2484 924 2555 οὐχ
977 2482 1423 2555 ὑπερϐαλλούσης
1450 2482 1668 2555 μανίας,
1715 2484 1808 2539 τὸν

237 2577 436 2640 πάντας
465 2577 638 2630 σῶσαι
653 2576 748 2629 καὶ
780 2575 1102 2647 βουλόμενον
1130 2574 1223 2628 καὶ¹
1241 2574 1555 2646 δυνάμενον,
1582 2591 1804 2646 περιερ-

235 2667 490 2736 γάζεσθαι
520 2668 586 2720 ἐκ
618 2664 922 2739 προοιμίων
959 2666 1056 2719 καὶ
1095 2663 1320 2731 εὐθέως,
1347 2665 1444 2719 καὶ
1472 2664 1609 2735 μηδέ
1629 2664 1692 2719 τὸ
1715 2664 1807 2718 τέ-

234 2758 314 2824 10;
332 2758 633 2830 ἀναμένειν
670 2756 781 2811 τῶν
808 2755 1144 2828 γινομένων;
1647 2805 1653 2810 .

293 2874 438 2943 Κεφ.
466 2871 537 2926 θ’.
555 2869 808 2926 Μάλιστα
834 2870 933 2942 μὲν
960 2870 1071 2943 γὰρ
1095 2869 1219 2924 οὐτε
1243 2869 1310 2924 ἐκ
1336 2869 1657 2942 προοιμίων,
1682 2866 1808 2924 οὐτε

238 2965 357 3035 μετά
375 2962 563 3018 ταῦτα
588 2961 1073 3034 πολυπραγμονεῖν
1089 2960 1188 3014 δεῖ⁸
1210 2961 1260 3014 εί
1278 2959 1335 3013 δὲ
1351 2958 1496 3013 οὕτω
1513 2958 1810 3031 περίεργος

235 3055 277 3111 εί
298 3059 389 3112 καί
440 3056 875 3128 πολυπράγμων,
912 3053 1153 3126 ἀνάμενε
1183 3053 1247 3107 τὸ
1272 3053 1449 3118 τέλος,
1486 3054 1582 3107 καὶ
1613 3053 1809 3107 σκόπει

234 3151 321 3203 πού
340 3149 525 3204 ταῦτα
540 3148 774 3218 ἀπαντᾷ,
793 3148 889 3201 καὶ
913 3146 988 3219 μὴ
1012 3144 1268 3218 θορυϐοῦ,
1299 3144 1436 3216 μηδέ
1454 3143 1726 3216 ταράττου
1743 3148 1809 3199 ἐκ

234 3240 548 3311 προοιμίων.
584 3237 739 3292 Ἐπεὶ
772 3238 867 3292 καὶ
892 3237 982 3292 τδν
1010 3237 1305 3309 χρυσοχόον
1324 3236 1550 3308 ἄπειρός
1568 3254 1652 3301 τις
1666 3235 1809 3309 ὁρῶν

233 3334 282 3384 ἐν
306 3333 458 3403 ἀρχῇ
499 3331 739 3403 τήκοντα
769 3330 862 3384 τὸν
904 3330 1124 3401 χρυσὸν,
1152 3330 1247 3383 καὶ
1296 3331 1361 3401 τῇ
1398 3329 1576 3400 τέφρᾳ
1610 3331 1810 3400 ἀναμι-

230 3425 427 3491 γνύντι
459 3424 553 3477 καὶ
579 3426 691 3486 τοῖς
716 3422 961 3493 ἀχύροις,
984 3422 1032 3474 εί
1067 3421 1141 3493 μὴ
1168 3421 1231 3474 τὸ
1266 3421 1422 3486 τέλος
1446 3422 1806 3493 ἀναμείνειεν,

229 3521 493 3590 ἡγήσεται
528 3517 865 3571 ἀπολωλέναι
896 3516 958 3569 τὸ
982 3515 1223 3587 χρυσίον·
1246 3514 1388 3568 οὕτω
1412 3516 1588 3569 καὶέν
1619 3513 1810 3569 θαλάτ-

226 3626 286 3679 τη
306 3626 385 3672 τις
421 3608 634 3678 τεχθεὶς
658 3607 751 3660 καὶ
802 3605 1050 3678 τραφεὶς,
1091 3602 1209 3659 εἶτα
1246 3604 1441 3677 ἀθρόον
1468 3605 1551 3675 είς
1574 3605 1675 3675 τὴν
1713 3621 1810 3675 με-

232 3699 430 3765 σόγειον
464 3696 837 3767 μετοικισθεὶς
866 3696 963 3748 καὶ
993 3694 1113 3750 καθ’
1142 3695 1263 3748 ὅλου
1291 3696 1389 3766 τῆς
1426 3692 1554 3767 περὶ
1579 3694 1677 3765 τὴν
1704 3697 1808 3766 γῆν

230 3789 545 3861 ἐπιμελείας
568 3788 798 3858 ἀνήκοος
843 3786 940 3852 ὢν,
971 3786 1037 3841 ἂν
1064 3787 1151 3859 ἴδῃ
1174 3787 1266 3840 τὸν
1296 3789 1440 3840 σῖτον
1465 3786 1556 3840 τὸν
1593 3786 1810 3840 ἀποκεί-

232 3899 384 3951 μενον
416 3881 521 3936 καὶ
543 3879 942 3952 φυλαττόμενον
972 3880 1076 3932 ὐπὸ
1100 3878 1291 3950 θύραις
1325 3880 1418 3933 καὶ
1448 3879 1684 3951 μοχλοῖς,
1715 3879 1808 3933 καὶ

229 3974 421 4038 νοτίδος
461 3971 906 4045 ἀπηλλαγμένον,
936 3970 1133 4043 ἀθρόον
1167 3972 1272 4025 ὑπὸ
1311 3971 1405 4024 τοῦ
1447 3971 1686 4042 γηπόνου
1713 3972 1808 4025 ἐκ-

232 4064 548 4136 φερόμενον,
582 4061 1028 4134 σκορπιζόμενον,
1060 4063 1443 4135 ῥιπτούμενον,
1482 4065 1577 4116 καὶ
1598 4064 1690 4117 ἐπὶ
1710 4064 1809 4134 τῆς

228 4158 463 4229 ἀρούρας
483 4141 738 4227 κείμενον
758 4158 870 4218 τοῖς
901 4154 1191 4226 παριοῦσιν
1221 4154 1411 4213 ἅπασι,
1443 4154 1536 4207 καὶ
1557 4154 1617 4206 οὐ
1650 4154 1808 4226 μόνον

227 4250 320 4302 οὐκ
350 4247 778 4319 ἀπηλλαγμένον
798 4246 1020 4313 νοτίδος,
1044 4247 1180 4302 ἀλλά
1218 4248 1312 4301 καὶ
1340 4246 1497 4318 πηλῷ
1550 4248 1646 4301 καὶ
1685 4246 1806 4301 τέλ-

227 4360 359 4411 μασι
393 4340 847 4412 παραδιδόμενον,
876 4339 968 4393 καὶ
1001 4338 1220 4409 φύλακα
1242 4338 1431 4393 οὐδένα
1465 4339 1677 4409 ἔχοντα,
1708 4341 1808 4394 οὐκ

226 4434 288 4486 ἂν
319 4432 629 4487 ἀπολέσθαι
672 4432 763 4486 τὸν
810 4434 954 4485 σῖτον
996 4431 1256 4503 νομίσειε,
1302 4432 1398 4486 καὶ
1428 4433 1675 4502 κατέγνω
1711 4433 1806 4488 τοῦ

222 4524 398 4578 ταῦτα
435 4520 717 4588 ποιοῦντος
728 4523 1011 4592 ,γηπόνου;
1053 4522 1192 4575 Ἀλλ’
1214 4523 1277 4576 οὐ
1306 4524 1403 4594 τῆς
1429 4524 1521 4577 τοῦ
1549 4525 1810 4597 πράγμα-

222 4631 312 4678 τος
342 4614 564 4684 φύσεως
615 4616 648 4685 ἡ
684 4614 1049 4683 κατάγνωσις,
1080 4613 1216 4668 ἀλλά
1257 4615 1360 4686 τῆς
1392 4615 1486 4669 τοῦ
1520 4617 1595 4687 μὴ
1628 4617 1809 4682 καλῶς

222 4708 513 4776 κρίναντος
550 4706 808 4778 ἀπειρίας
835 4724 895 4760 τε
935 4707 1029 4761 καὶ
1058 4708 1266 4772 ἀνοίας,
1293 4710 1357 4761 ἐκ
1386 4710 1690 4779 προοιμίων
1714 4709 1807 4763 εὐ·-

221 4796 363 4860 θέως
394 4797 495 4867 τὴν
522 4799 705 4868 ψῆφον
731 4799 1011 4867 φέροντος.
1040 4801 1197 4853 Ἐπεὶ
1224 4800 1273 4852 εί
1311 4798 1372 4852 τὸ
1398 4798 1554 4871 θέρος
1583 4801 1808 4871 ἀνέμει-

222 4905 299 4953 νε,
325 4891 426 4944 καὶ
449 4886 555 4945 εἶδε
586 4893 653 4946 τά
670 4892 795 4965 λήῖα
828 4895 1103 4966 κομῶντα,
1136 4896 1233 4949 καὶ
1257 4897 1355 4967 τὴν
1379 4896 1653 4969 δρεπάνην
1675 4900 1808 4968 ἡκο-

220 4982 492 5051 νημένην,
527 4985 620 5038 καὶ
648 4985 741 5039 τὸν
771 4987 1169 5057 σκορπισθέντα
1215 4988 1310 5041 καὶ
1351 4988 1662 5057 ἀφύλακτον
1689 4990 1810 5060 μεί-

219 5090 394 5127 ναντα
418 5078 580 5142 σῖτον,
594 5079 690 5131 καὶ
705 5081 1054 5134 σαπένταάκαὶ
1068 5079 1431 5151 διαφθαρέντα
1454 5082 1640 5153 καὶτῷ
1656 5081 1811 5154 πηλῷ

220 5165 632 5237 παραδοθέντα,
673 5169 863 5223 τοῦτον
899 5171 1247 5243 ἐγειρόμενον
1287 5173 1381 5225 καὶ
1410 5172 1810 5228 πολυπλασίονα

220 5257 536 5327 γινόμενον,
553 5261 879 5333 ὡραιότερόν
898 5279 959 5315 τε
982 5262 1322 5333 φαινόμενον,
1348 5263 1442 5318 καὶ
1461 5264 1560 5335 τὴν
1588 5265 1813 5320 παλαιό-

220 5362 367 5417 τητα
403 5350 759 5420 ἀποθέμενον,
799 5352 895 5405 καὶ
931 5352 1069 5423 μετά
1097 5353 1300 5423 πολλῆς
1327 5344 1660 5424 ὀρθούμενον
1713 5357 1813 5425 τῆς

222 5438 617 5511 σφοδρότητος,
654 5443 750 5498 καὶ
787 5443 1121 5514 δορυφόρους
1148 5440 1260 5498 οἶον
1291 5443 1483 5515 ἔχοντα
1516 5446 1611 5500 καὶ
1665 5446 1814 5501 ἐνδύ-

224 5550 403 5602 ματα,
444 5535 537 5589 καὶ
575 5536 830 5609 καλάμην
859 5539 995 5610 πρὸς
1029 5539 1162 5609 ὕφος
1206 5539 1506 5611 ἐγείροντα,
1542 5542 1636 5594 καὶ
1689 5541 1813 5614 τέρ-

221 5641 403 5678 ποντα
436 5626 523 5681 τὸν
549 5628 750 5702 θεατήν
778 5631 870 5684 καὶ
897 5630 1188 5701 τρέφοντα,
1216 5629 1310 5686 καὶ
1335 5631 1470 5686 πολὺ
1500 5631 1813 5704 παρέχοντα

222 5718 282 5770 το
313 5717 534 5789 κέρδος,
559 5722 679 5776 τότε
701 5723 768 5777 ἂν
795 5722 1065 5795 ἐξεπλάγη
1105 5724 1385 5797 μειζόνως,
1424 5726 1507 5781 ὅτι
1534 5724 1623 5780 διὰ
1649 5727 1815 5782 τοιού-

3376 278 3490 335 ξ’)Ἰο

1913 399 2020 437 των
2058 386 2148 438 ἐπὶ
2194 388 2448 443 τοιαύτην
2481 391 2621 461 ῆχθη
2664 391 2920 462 εὐθηνίαν
2954 392 3048 446 καὶ
3094 392 3426 465 φαιδρότητα
3458 395 3492 449 ό

1913 487 2142 556 καρπός.
2187 489 2296 542 Καὶ
2346 491 2410 544 σὺ
2454 508 2652 555 το.νυν,
2695 493 2967 566 ἄνθρωπε.
3011 493 3245 565 μάλιστα
3277 495 3377 564 μὲν
3413 495 3491 564 μὴ

1912 591 2275 660 περιεργάζου
2306 591 2398 645 τὸν
2430 593 2607 646 κοινὸν
2635 594 2888 650 ἁπάντων
2916 596 3072 667 ἡμῶν
3099 596 3409 667 Δεσπότην·
3441 598 3492 649 εἰ

1910 692 1967 770 δὲ
2001 692 2140 746 οὕτω
2156 695 2455 763 φιλόνεικος
2475 694 2524 749 εἷ
2553 698 2647 750 καὶ
2669 698 2960 770 τολμηρὸς,
2983 699 3059 763 ὡς
3090 698 3376 769 μαίνεσθαι
3391 696 3492 769 τὴν

1916 792 2112 861 μανίαν
2156 792 2378 863 ταύτην,
2410 793 2513 848 κᾶν
2535 795 2595 848 'cb
2627 795 2778 860 τέλος
2806 797 3097 868 ἀνάμέινον
3126 795 3235 849 τῶν
3265 794 3493 867 γινομέ-

1911 893 2131 946 νων..Εί
2160 892 2269 966 γάρ
2295 895 2324 947 ό
2356 896 2593 966 γηπόνος
2615 896 2908 969 ὀλόκληρον
2942 897 3202 968 ἀναμένει
3224 896 3491 968 χειμῶνα,

1911 991 1971 1044 οὐ
2004 991 2140 1062 πρὸς
2165 992 2337 1047 ταῦτα
2364 995 2507 1066 ἀπερ
2534 997 2562 1049 ὁ
2592 998 2737 1060 σῖτος
2763 996 2961 1067 πάσχει
2984 996 3204 1066 βλέπων
3230 995 3371 1049 κατά
3391 995 3494 1067 τὴν

1912 1092 2060 1163 ῶραν
2104 1092 2199 1147 τοῦ
2239 1092 2476 1165 κρυμοῦ,
2516 1094 2654 1148 ἀλλά
2697 1095 2834 1166 πρὸς
2865 1097 3048 1149 ἐκεῖνα
3088 1089 3162 1148 ὧν
3195 1094 3495 1149 ἀπολαύειν
3590 1142 3601 1149 .

1915 1192 2097 1263 μέλλει
2118 1210 2132 1225 ο
2164 1193 2342 1265 πολλῷ
2372 1194 2572 1266 μᾶλλον
2604 1196 2699 1250 καί⁵
2731 1196 2894 1260 αὐτὸς
2934 1172 3025 1250 ἐπὶ
3066 1195 3159 1250 τοῦ
3189 1199 3285 1268 τὴν
3309 1198 3493 1250 οἰκους

1915 1293 2082 1365 μένην
2106 1294 2479 1365 γεωργοῦντος
2506 1297 2688 1350 πᾶσαν
2725 1296 2818 1350 καὶ
2844 1295 2943 1360 τὰς
2970 1276 3148 1369 ιβυχάς
3174 1296 3271 1361 τὰς
3292 1296 3493 1368 ἡμετέ-

1915 1410 2032 1463 ρας,
2077 1392 2286 1457 δίκαιος
2329 1392 2395 1448 ἂν
2443 1396 2561 1467 εἴης
2613 1396 2907 1467 ἀναμένειν
2942 1398 3003 1450 τὸ
3050 1396 3236 1461 τέλος
3281 1394 3393 1466 ἐγὼ
3435 1397 3494 1450 δὲ

1910 1491 2063 1555 τέλος
2092 1493 2153 1546 οὐ
2187 1492 2248 1546 τὸ
2280 1494 2338 1547 ἐν
2366 1493 2443 1564 τῷ
2470 1495 2696 1566 παρόντι
2726 1496 2825 1567 βίῳ
2857 1496 3015 1567 μόνον
3036 1497 3182 1566 λέγω
3212 1497 3494 1568 (πολλάκις

1912 1589 2024 1661 γὰρ
2057 1590 2217 1645 τοῦτο
2244 1591 2340 1645 καὶ
2380 1592 2615 1647 ἐνταῦθα
2663 1593 2861 1665 ἔσται),
2896 1594 3033 1648 ἀλλὰ
3081 1594 3176 1649 καὶ
3222 1595 3283 1648 τὸ
3329 1596 3386 1650 ἐν
3415 1592 3495 1664 τῷ

1915 1689 2180 1761 μέλλοντι.
2222 1689 2369 1762 Πρὸς
2417 1690 2476 1744 ἒν
2520 1691 2630 1763 γάρ
2672 1691 2858 1762 βλέπει
2892 1693 3046 1759 τέλος
3079 1693 3355 1765 ἑκατέρων
3385 1692 3496 1746 τῶν

1914 1785 2044 1858 βίων
2074 1786 2278 1841 τούτων
2314 1789 2348 1860 ἡ
2388 1789 2689 1860 οἰκονομία,
2721 1788 2819 1861 τὴν
2845 1791 3120 1863 σωτηρίαν
3159 1790 3255 1863 τὴν
3293 1784 3495 1862 ἡμετέ-

1915 1902 2016 1952 ραν
2049 1886 2145 1940 καὶ
2178 1885 2277 1958 τὴν
2304 1887 2679 1959 εὐδοκίμησιν.
2725 1891 2789 1943 Εἰ
2822 1890 2932 1962 γὰρ
2958 1889 3053 1944 καὶ
3084 1888 3164 1959 τῷ
3208 1889 3386 1961 χρόνῳ
3413 1888 3494 1942 δι-

1910 1986 2135 2059 ῄρηται,
2156 1985 2294 2041 ἀλλὰ
2314 1987 2395 2061 τῷ
2412 1987 2599 2059 σκοπῷ
2625 1988 2896 2059 συνῆπται
2916 2005 2931 2018 ·
2960 1989 3055 2043 καὶ
3070 1988 3220 2043 ὥσπε
3228 2006 3258 2060 ρ
3273 1988 3368 2042 νῦν
3393 1988 3497 2060 μὲν

1914 2084 2064 2160 [486]
2107 2086 2334 2159 χειμὼν,
2368 2087 2465 2141 νῦν
2501 2087 2558 2141 δὲ
2601 2087 2723 2160 ἔαρ,
2755 2087 2995 2158 ἑκατέρα
3041 2087 3099 2141 δὲ
3135 2086 3228 2141 τδῦ
3257 2086 3411 2151 έτους
3454 2089 3493 2159 ἡ

1910 2186 2089 2260 τροπὴ
2117 2187 2256 2259 πρὸς
2277 2187 2335 2242 ἐν
2360 2186 2570 2259 βλέπει,
2599 2187 2708 2241 τῶν
2733 2187 2964 2260 καρπῶν
2985 2186 3083 2259 τὴν
3107 2188 3291 2260 ἀκμήν
3311 2205 3325 2219 ⁸
3352 2186 3497 2241 οὕτω

1910 2287 1976 2359 δὴ
2013 2288 2108 2342 καὶ
2135 2287 2367 2342 ἐπὶτῶν
2408 2287 2696 2362 ἡμετέρων
2740 2287 2895 2343 ἔσται
2924 2290 3286 2360 πραγμάτων.
3323 2289 3496 2342 Ὅταν

1910 2384 2005 2443 οῦν
2039 2388 2156 2463 ἴδῃς
2182 2387 2282 2461 τὴν
2328 2388 2659 2460 Ἐκκλησίαν
2706 2387 3152 2461 σκορπισθεῖσαν,
3180 2387 3250 2442 τά
3290 2386 3498 2457 έσχατα

1913 2488 2214 2553 παθοῦσαν,
2235 2488 2647 2560 ἐλαυνομένους,
2674 2486 3105 2561 μαστιζομένους
3127 2488 3255 2551 τούς
3276 2488 3335 2541 ἐν
3353 2488 3500 2560 αὐτῇ

1911 2585 2250 2657 λάμποντας,
2306 2586 2397 2640 τὸν
2459 2584 2721 2658 πρόεδρον
2764 2584 2937 2655 αὐτῆς
2994 2582 3331 2656 πορρωτάτω
3389 2585 3497 2637 ἀπ·

1913 2681 2220 2753 ενεχθέντα,
2238 2681 2312 2753 μὴ
2328 2681 2504 2736 ταῦτα
2523 2681 2715 2735 σκόπει
2737 2680 2918 2752 μόνον,
2931 2678 3069 2733 ἀλλά
3087 2678 3182 2732 καὶ
3198 2678 3267 2732 τά
3286 2681 3349 2732 ἐκ
3370 2677 3497 2732 τού-

1914 2793 2019 2831 των
2040 2775 2407 2850 ἐκϐησόμενα,
2427 2777 2554 2840 τοὺς
2581 2774 2829 2846 μισθοὺς,
2857 2774 2958 2839 τάς
2985 2773 3241 2845 ἀμοιϐάς,
3269 2773 3339 2828 τά
3361 2773 3502 2844 βρα-

1912 2872 2052 2938 ϐεἴα,
2073 2872 2143 2927 τά
2161 2871 2371 2927 ἔπαθλα
2388 2888 2403 2903 ’
2436 2871 2499 2926 '0
2518 2870 2628 2940 τὰρ
2646 2870 2977 2941 ὑπομείνας
2996 2872 3085 2937 είς
3103 2870 3300 2938 τέλος,
3317 2864 3499 2936 οὗτος

1911 2966 2270 3037 σωθήσεται,
2289 2969 2474 3041 φησίν.
2508 2968 2634 3024 Ἐπὶ
2656 2968 2755 3041 μέν
2775 2968 2887 3040 γάρ
2904 2969 3005 3040 τῆς
3025 2968 3290 3034 Παλαιᾶς,
3308 2968 3497 3039 ἐπειδὴ

1911 3066 2123 3121 οὐδέπω
2154 3064 2431 3138 γνώριμος
2459 3067 2488 3121 ὁ
2511 3065 2615 3138 τῆς
2646 3064 2997 3129 ἀναστάσεως
3025 3063 3182 3134 λόγος
3219 3060 3309 3137 ἦν,
3339 3066 3399 3121 ἐν
3416 3065 3498 3137 τῷ

1912 3162 2140 3234 παρόντι
2191 3162 2290 3234 βίῳ
2334 3160 2620 3234 ἀμφότερα
2663 3162 2909 3231 ἐγίνετοο
2958 3160 3050 3216 ἐπὶ
3080 3160 3259 3231 δὲτῆς
3289 3161 3497 3232 Καινῆς

1912 3262 1973 3315 οὐ
1993 3259 2270 3332 πανταχοῦ
2286 3258 2464 3324 τοῦτο,
2493 3258 2607 3314 ἀλλ’
2627 3258 2775 3314 ἐστιν
2794 3260 2927 3314 ὅπου
2944 3258 3013 3314 τὰ
3040 3260 3136 3333 μὲν
3159 3259 3380 3331 λυπηρά
3409 3260 3497 3314 ἐν⁴

1912 3356 2105 3422 ταῦθα,
2143 3356 2214 3410 τά
2248 3355 2306 3409 δέ
2345 3356 2560 3427 χρηστά
2601 3356 2862 3429 ἀναμένει
2910 3356 3010 3425 τὴν
3057 3356 3306 3411 ἐντεῦθεν
3338 3355 3497 3427 ήμῶν

1914 3451 2244 3524 ἀποδημίαν.
2310 3451 2451 3504 Ἀλλ’
2483 3452 2633 3524 ὅμως
2681 3452 2733 3506 εἰ
2782 3451 2879 3506 καί¹
2912 3454 2970 3508 ἐν
3015 3451 3151 3523 τῷδε
3179 3453 3256 3525 τῷ
3296 3452 3395 3526 βίῳ
3426 3452 3496 3507 τά

1912 3549 2124 3622 χρηστά
2157 3548 2341 3612 αὐτοῖς
2378 3547 2622 3614 ἐξέϐαινε
2649 3548 2744 3603 καὶ
2778 3549 2835 3603 ἐν
2867 3552 2933 3621 τῇ
2958 3549 3209 3622 παρούσῃ
3230 3550 3366 3621 ζωῇ,
3401 3551 3497 3605 καὶ

1913 3647 1972 3701 ἐν
2000 3645 2174 3717 τούτῳ
2220 3644 2455 3716 μάλιστα
2495 3645 2803 3717 θαυμαστοὶ
2826 3646 2892 3701 ἂν
2934 3642 3046 3700 εἷεν
3082 3648 3131 3700 οἱ
3172 3646 3380 3700 τούτων
3418 3646 3494 3719 μὴ

1913 3740 2363 3804 ἀπολελαυκότες,
2386 3741 2468 3794 ὅτι
2496 3743 2635 3813 μήτε
2663 3742 2756 3796 τὸν
2786 3743 2916 3814 περὶ
2937 3743 3284 3804 ἀναστάσεως
3306 3741 3497 3810 σαφῶς

1913 3839 2114 3900 εἰδότες
2144 3838 2325 3907 λόγον,
2360 3839 2456 3893 καί
2492 3839 2561 3892 τά
2607 3839 2825 3893 ἐναντία
2869 3838 2976 3893 τῶν
3009 3838 3351 3906 ἐπαγγελιῶν
3397 3836 3494 3890 τοῦ

1912 3934 2050 3989 Θεοῦ
2085 3934 2451 4005 συμϐαίνοντα
2473 3934 2709 4005 δρῶντες
2736 3934 2829 3987 ἐπὶ
2857 3933 2967 3987 τῶν
2995 3933 3360 4004 πραγμάτων,
3395 3933 3497 3988 οὐκ

1914 4016 2377 4096 ἐσκανδαλίζοντο,
2409 4029 2509 4082 οὐκ
2548 4027 2926 4099 ἐθορυϐοῦντο,
2962 4029 3082 4082 οὐδὲ
3117 4029 3495 4101 ἐταράττοντο,

1914 4126 2049 4181 ἀλλά
2094 4124 2449 4198 παρεχώρουν
2496 4124 2663 4178 αὐτοῦ
2710 4126 2776 4195 τῇ
2827 4125 3196 4198 ἀκαταλήπτῳ
3246 4127 3494 4199 προνοίᾳ,

1913 4223 2065 4278 οὐδὲν
2107 4224 2173 4276 ἐκ
2216 4221 2325 4275 τῶν
2364 4221 2623 4286 ἐναντίως
2654 4222 2955 4293 γινομένων
2995 4223 3496 4295 σκανδαλιζόμενοι,

1914 4320 2028 4374 ἀλλ’
2048 4318 2251 4382 εἰδότες
2278 4317 2444 4372 αὐτοῦ
2469 4317 2532 4372 τὸ
2565 4317 2796 4389 εὔπορον
2827 4320 2920 4374 καὶ
2950 4321 3260 4392 εὐμήχανον
3286 4321 3384 4391 τῆς
3406 4337 3498 4373 σο-

1914 4417 2064 4487 φίας,
2093 4416 2155 4470 τὸ
2181 4415 2332 4480 τέλος
2362 4416 2646 4488 ἀνέμενον,
2681 4417 2882 4488 μᾶλλον
2909 4417 2968 4471 δὲ
3016 4418 3112 4471 καὶ
3142 4416 3250 4488 πρὸ
3288 4416 3384 4469 τοῦ
3410 4416 3500 4470 τέ-
3592 4492 3609 4502 θ

1912 4513 2035 4577 λους
2082 4513 2213 4580 πᾶν,
2244 4513 2383 4584 ὅπερ
2405 4514 2486 4577 είς
2516 4514 2710 4577 αὐτοὺς
2742 4513 3026 4584 ἐτολμᾶτο,
3054 4514 3247 4586 ἔφερον
3286 4514 3500 4585 εὐχαρί-

1916 4629 2076 4677 στως,
2130 4611 2364 4666 καὶτὸν
2412 4611 2800 4683 συγχωροῦντα
2844 4612 3017 4667 ταῦτα
3069 4612 3314 4682 γίνεσθαι
3365 4610 3499 4665 Θεδν

1911 4708 2225 4775 δοξάζοντες
2267 4708 2559 4765 διετέλουν.
2614 4709 2770 4781 Τάχα
2804 4708 3021 4781 ἀσαφὴς
3070 4710 3100 4763 ὁ
3148 4708 3305 4777 λόγος
3345 4702 3502 4773 οὗτος
3538 4778 3553 4791 Ι

1914 4807 2042 4878 ὑμῖν
2073 4802 2211 4861 εἶναι
2239 4806 2424 4860 δοκεῖ’
2456 4804 2655 4860 οὐκοῦν
2685 4806 3025 4878 σαφέστερον
3073 4806 3236 4861 αὐτὸν
3277 4806 3499 4878 ποιῆσαι

1917 4902 2277 4975 πειράσομαι.

1986 5050 2125 5119 Κεφ.
2146 5056 2194 5103 ι’.
2211 5049 2432 5122 Γέροντι
2445 5050 2723 5121 γενομένῳ
2735 5051 2866 5105 ποτέ
2878 5051 2956 5124 τῷ
2971 5053 3240 5126 Ἀϐραὰμ,
3254 5053 3500 5126 καὶπρὸς

1916 5145 2260 5199 παιδοποιίαν
2280 5147 2345 5199 ἐκ
2360 5146 2456 5217 τῆς
2478 5146 2694 5218 ἡλικίας
2707 5149 3035 5222 νεκρωθέντι
3059 5148 3265 5202 λοιπόνν
3288 5150 3369 5212 εἰς
3389 5149 3501 5221 γὰρ

1915 5245 1978 5299 τὸ
1995 5247 2248 5314 γενέσθαι
2270 5245 2473 5319 πατὴρ,
2497 5238 2649 5301 οὐδὲν
2670 5247 2892 5318 ἄμεινον
2908 5247 3016 5301 τῶν
3033 5246 3501 5319 τετελευτηκότων

1914 5343 2147 5396 διέκειτο
2166 5343 2303 5407 ζῶν·
2324 5344 2539 5414 γέροντι
2569 5344 2749 5397 τοίνυν
2777 5344 2890 5397 ϐντι
2916 5343 2996 5414 τῷ
3015 5344 3229 5416 δικαίῳ,
3248 5346 3343 5399 καὶ
3367 5345 3504 5415 σφό-

1914 5439 2018 5511 δρα
2047 5438 2284 5512 γέροντι,
2324 5440 2419 5494 καί.
2440 5439 2538 5512 τῆς
2569 5440 2805 5511 φυσικῆς
2828 5439 3170 5504 παιδοποιίας
3200 5441 3502 5513 ὑπερϐάντι

1916 5538 2042 5601 τοὺς
2073 5537 2234 5609 ὅρους
2268 5537 2332 5589 ἐκ
2371 5535 2566 5591 πολλοῦ
2611 5537 2705 5592 τοῦ
2737 5535 3043 5609 περιόντος,
3098 5536 3275 5609 ἔχοντι
3319 5537 3376 5591 δέ
3410 5540 3507 5594 καὶ

1921 5634 2166 5689 σύνοικον
2188 5633 2396 5707 πέτρας
2416 5636 2764 5708 ἀτονωτέραν
2786 5636 2885 5707 τὴν
2908 5634 3148 5709 Σάρραν,
3180 5634 3508 5705 ἐπαγγέλλε·

1919 5750 2007 5787 ται
2032 5729 2245 5802 πατέρα
2272 5733 2518 5805 ποιήσειν
2542 5735 2571 5788 ό
2598 5732 2732 5800 Θεὸς
2754 5730 3028 5790 τοσούτων
3056 5734 3292 5805 ἐκγόνων
3316 5732 3502 5802 αὐτὸν,
