4030 6206
573 251 645 307 50
656 251 675 305 Ι

575 366 652 432 ὡς
697 369 1062 442 παρισοῦσθαι
1113 371 1292 428 αὑτῶν
1333 374 1396 427 τὸ
1440 373 1648 445 πλῆθος
1692 373 1772 445 τῷ
1810 377 2006 448 πλήθει
2049 377 2158 431 τῶν

573 452 808 529 ἄστρων.
875 455 932 509 Ὀ
971 459 1050 519 δέ,
1105 457 1380 512 τοσούτων
1425 458 1764 530 κωλυμάτων
1819 465 2010 527 ὄντων,
2062 462 2162 532 τῆς

575 541 793 610 ἡλικίας
835 541 935 611 ἤδη
983 542 1066 603 είς
1108 540 1337 610 ἔσχατον
1366 541 1545 613 γῆρας
1576 547 2017 618 κατενεχθείσης,
2069 549 2162 600 καὶ

574 629 674 698 τῆς
706 629 962 698 γυναικὸς
991 629 1098 682 ἀπό
1129 646 1190 682 τε
1217 629 1317 700 τῆς
1338 629 1576 701 ἡλικίας,
1604 635 1713 689 ἀπό
1741 654 1800 690 τε
1830 639 1928 708 τῆς
1948 636 2162 706 φύσεως

575 714 984 784 πεπηρωμένης
1000 729 1015 743 ⁸
1038 713 1099 766 οὑ
1123 713 1230 786 γάρ
1249 713 1312 766 τὸ
1343 716 1518 787 γῆρας
1537 718 1797 773 διεκώλυε
1824 720 2004 791 μόνον,
2025 721 2162 776 ἀλλὰ

575 796 670 849 καὶ
701 794 839 867 αὑτὴ
880 797 979 866 τῆς
1012 795 1227 864 φύσεως
1258 797 1292 868 ἡ
1328 799 1608 870 πήρωσις·
1638 803 1732 856 καὶ
1768 805 1876 876 γὰρ
1909 804 2004 858 καὶ
2037 805 2163 869 νέας

573 877 1034 960 οὕσηςῌᾶχρηστον
1051 878 1114 932 τὸ
1127 879 1226 949 τῆς
1243 879 1457 948 φύσεως
1473 883 1832 957 ἐργαστήριον
1849 882 1918 957 ἦν
1933 904 1946 918 ·
1974 890 2161 960 στεῖρα

574 961 684 1032 γάρ
733 956 801 1032 ἦν
846 963 880 1032 ἡ
929 962 1088 1033 γυνή.
1137 962 1230 1015 Διὸ
1272 963 1369 1024 καὶ
1401 964 1616 1030 Παῦλος
1665 956 2162 1042 ἐπισημαινόμενος

572 1045 731 1100 τοῦτο
754 1045 907 1109 αὑτὸ,
927 1046 1102 1111 οὑτως
1132 1044 1287 1114 ἔλεγε
1305 1063 1319 1076 ·
1341 1047 1452 1101 Καὶ
1472 1049 1588 1118 τὴν
1605 1049 1906 1120 νέκρωσιν
1922 1054 2036 1123 τῆς
2045 1055 2160 1124 μή.

575 1145 717 1197 τρας
744 1128 978 1197 Σάρρας
996 1145 1010 1159 ·
1033 1128 1132 1182 οὑκ
1157 1124 1278 1182 εἷπε
1297 1129 1398 1201 τὴν
1427 1131 1691 1201 νέκρωσιν
1717 1135 1932 1207 Σάρρας
1951 1138 2159 1203 ἁπλῶς,

574 1213 662 1266 ίνα
685 1212 760 1284 μὴ
783 1213 882 1283 τὴν
913 1213 1133 1283 ἠλικίαν
1155 1213 1505 1288 ὑποπτεύσῃς
1529 1217 1710 1286 μόνον,
1749 1219 1886 1274 ἀλλὰ
1925 1222 2020 1274 καὶ
2058 1223 2162 1276 αὑ-

571 1295 674 1366 τῆς
729 1297 940 1367 μήτρας
994 1295 1093 1366 τὴν
1133 1297 1434 1376 νέκρωσιν,
1481 1297 1582 1370 τὴν
1632 1301 1732 1354 οὑκ
1789 1302 1898 1356 ἀπὸ
1952 1305 2161 1376 χρόνων

576 1380 758 1450 μόνον,
781 1379 916 1433 ἀλλὰ
949 1380 1042 1432 καὶ
1071 1379 1179 1433 άπὸ
1201 1379 1417 1449 φύσεως
1432 1374 1852 1456 ’γεγενημένηνο
1875 1374 2159 1460 ἁλλ’ήὸμως

572 1463 669 1516 καὶ
686 1462 1040 1532 τηλικούτων,
1062 1463 1198 1535 ὅπερ
1220 1463 1376 1534 ἔφην,
1398 1465 1738 1536 κωλυμάτων
1757 1469 1949 1536 ὄντων,
1979 1471 2156 1537 εἰδὼς,

570 1544 624 1596 τί
652 1545 781 1597 ποτέ
804 1547 950 1598 ἐστιν
975 1545 1278 1614 ἐπαγγελία
1307 1544 1465 1612 Θεοῦ,
1498 1548 1616 1613 πῶς
1643 1550 1951 1622 εὐμήχανός
1983 1572 2040 1607 τε
2065 1556 2160 1610 καὶ⁸

571 1625 825 1698 εὔπορος,
855 1627 950 1680 καὶ
979 1627 1038 1679 οὑ
1065 1628 1249 1698 νόμοις
1270 1628 1506 1697 φύσεως,
1528 1631 1588 1684 οὑ
1617 1631 1872 1706 δυσκολίᾳ
1899 1638 2160 1708 πραγμά.

570 1728 698 1775 των,
739 1711 838 1764 οὑκ
867 1711 1012 1780 ἄλλῳ
1047 1712 1154 1764 τινὶ
1189 1712 1530 1784 κωλυομένη,
1570 1714 1705 1769 ἀλλὰ
1735 1717 1824 1770 διὰ
1859 1719 1970 1773 τῶν
2003 1724 2157 1775 ἐναν-

569 1793 700 1845 τίων
730 1793 1038 1862 βαδίζουσα,
1066 1795 1160 1847 καὶ
1181 1793 1240 1847 τὸ
1269 1795 1683 1867 ἐπηγγελμένον
1707 1800 1786 1863 είς
1811 1800 1971 1871 ἔργον
1993 1805 2157 1871 ἄγους

572 1892 662 1939 σα,
684 1875 834 1948 [487]
873 1876 1201 1942 κατεδέξατο
1225 1877 1286 1929 τὸ
1312 1879 1621 1948 εἰρημένον,
1652 1882 1746 1935 καὶ
1777 1884 2062 1938 ἐπίστευσε
2086 1890 2152 1958 τῇ

571 1960 890 2030 ὑποσχέσει,
913 1959 1117 2012 καὶτὸν
1148 1959 1377 2030 θόρυϐον
1403 1961 1496 2014 τὸν
1523 1963 1587 2016 ἐκ
1611 1963 1720 2019 τῶν
1742 1964 2015 2038 λογισμῶν
2034 1970 2156 2024 οὐδὲ

567 2042 855 2122 κινηθῆναι
918 2041 1054 2105 ὅλως
1107 2042 1300 2112 ἀφεὶς,
1361 2041 1670 2111 ἀξιόπιστον
1729 2047 1944 2122 ἔκρινεν
1991 2047 2152 2122 εἶναι,

567 2125 760 2195 ὥσπερ
789 2120 882 2178 οὖν
909 2126 1005 2177 καὶ
1032 2124 1169 2187 ἐστι,
1203 2125 1340 2196 πρὸς
1377 2126 1478 2196 τὴν
1507 2129 1606 2200 τῆς
1645 2120 1980 2201 ἐπαγγελίας
2017 2120 2153 2208 1:in;

570 2226 739 2280 ρωσιν
782 2209 878 2261 τοῦ
907 2209 1282 2279 ὑποσχομένου
1313 2209 1411 2281 τὴν
1438 2210 1689 2283 δύναμιν,
1731 2216 1831 2270 οὑκ
1869 2217 2152 2288 ἐξετάσας,

569 2292 686 2355 πῶς
711 2293 807 2344 καὶ
826 2292 931 2344 τίνι
955 2292 1140 2361 τρόπῳ
1163 2292 1336 2345 ταῦτα
1358 2293 1529 2355 ἐσται,
1554 2295 1648 2348 καὶ
1676 2297 1819 2362 τίνος
1848 2299 2032 2356 ἕνεκεν
2054 2303 2153 2357 οὑκ

571 2376 630 2428 ἐν
657 2374 889 2443 νεότητι,
918 2373 1031 2452 ἀλλ’
1065 2375 1122 2426 ἐν
1155 2375 1322 2446 γήρα,
1355 2377 1450 2429 καὶ
1476 2377 1574 2446 ὀψέ
1605 2396 1735 2433 ποτε
1766 2382 1861 2436 καὶ
1887 2383 2150 2455 βραδέως.

567 2459 660 2512 Διὸ
691 2458 788 2512 καὶ
817 2447 1093 2521 δ’Παῦλος
1125 2459 1288 2512 αὑτὸν
1325 2461 1694 2533 ἀνακηρύττει
1729 2467 1866 2535 μετὰ
1888 2447 2152 2541 λαμπράς

564 2543 664 2614 τῆς
700 2542 882 2612 φωνῆς
904 2541 1046 2595 οὕτω
1077 2543 1251 2611 λέγων
1271 2561 1284 2574 ’
1325 2545 1422 2610 Ὃς
1449 2548 1589 2614 παρ’
1615 2548 1830 2603 ἐλπίδα
1841 2543 2151 2608 ἐπ’ἐλπίδι

564 2626 933 2679 ἐπίστευσεν
949 2627 1038 2692 είς
1057 2625 1123 2678 τὸ
1146 2626 1425 2694 γενέσθαι
1445 2631 1634 2683 αὐτὸν
1654 2631 1880 2701 πατέρα
1901 2636 2150 2690 πολλῶν

565 2709 774 2764 ἐθνῶν.
807 2709 872 2762 Τί
901 2711 1041 2775 ἐστι,
1081 2707 1227 2777 Παρ’
1264 2709 1484 2766 ἐλπίδα
1499 2710 1593 2764 ἐπ’
1617 2713 1824 2767 ἐλπίδι
1853 2732 1872 2778 ;
1899 2718 2037 2787 Παρ’
2063 2719 2151 2773 ἐλ-

565 2793 694 2847 πίδα
730 2793 829 2867 τὴν
866 2793 1237 2877 ἀνθρωπίνην,
1285 2793 1373 2845 ἐπ’
1417 2794 1593 2848 ἐλπίδι
1642 2799 1706 2866 τῇ
1746 2797 1840 2851 τοῦ
1887 2800 2044 2868 Θεοῦ,
2079 2807 2146 2877 τῇ

564 2877 744 2930 πάντα
779 2877 1007 2948 νικώσῃ,
1032 2879 1097 2948 τῇ
1127 2876 1306 2930 πάντα
1326 2877 1618 2951 δυναμένῃ,
1646 2883 1712 2952 τῇ
1749 2883 1966 2938 πάντων
1995 2876 2150 2960 περι..

563 2961 844 3033 γινομένῃ.
878 2961 987 3012 Καὶ
1016 2960 1332 3013 ἐπίστευσεν
1351 2961 1452 3014 οὑκ
1481 2963 1561 3025 είς
1590 2963 1650 3015 τὸ
1684 2967 1865 3038 πατὴρ
1893 2970 2147 3036 γενέσθαι

566 3044 747 3115 μόνον,
775 3044 912 3097 ἀλλά
938 3042 1030 3096 καὶ
1045 3043 1215 3098 ἐθνῶν
1238 3044 1531 3111 τοσούτων,
1560 3047 1589 3100 ό
1625 3048 1802 3122 γέρων
1821 3053 1915 3106 καὶ
1932 3053 2146 3122 ἄγονος,

560 3129 590 3182 ό
641 3131 860 3199 στεῖραν
900 3127 992 3180 καὶ
1040 3130 1416 3198 γεγηρακυῖαν
1459 3133 1691 3198 γυναῖκα
1728 3133 1888 3204 έχων,
1919 3137 2060 3191 κατὰ
2089 3140 2149 3192 τὸ

561 3212 1111 3284 εἰρημένον-Οὕτως
1143 3212 1312 3266 ἔσται
1354 3213 1422 3266 τὸ
1458 3213 1699 3283 σπέρμα
1731 3234 1869 3274 σου.
1903 3222 2014 3274 Καὶ
2057 3222 2144 3291 μὴ

559 3297 912 3365 ἀσθενήσας
951 3295 1026 3364 τῇ
1067 3296 1269 3351 πίστει
1312 3299 1384 3351 οὐ
1435 3300 1768 3367 κατενόησε
1809 3302 1874 3356 τὸ
1929 3304 2146 3361 ἑαυτοῦ

560 3381 732 3450 σῶμα
779 3379 1260 3449 νενεκρωμένον,
1309 3381 1744 3453 ἐκατονταέτης
1793 3403 1913 3441 που
1957 3390 2146 3460 ὑπάρ-

561 3481 703 3532 χων,
738 3463 837 3518 καὶ
862 3463 978 3532 τὴν
1015 3463 1314 3533 νέκρωσιν
1349 3463 1461 3532 τῆς
1483 3465 1714 3535 μήτρας
1752 3469 2017 3540 Σάρρας·
2059 3478 2146 3542 εἱς

463 3574 472 3580 -
559 3547 628 3600 δὲ
657 3547 772 3615 τὴν
796 3547 1160 3616 ἐπαγγελίαν
1188 3547 1296 3601 τοῦ
1328 3547 1477 3602 Θεοῦ
1510 3552 1582 3602 οὺ
1611 3552 1874 3622 διεκρίθη
1902 3555 1979 3624 τῇ
2011 3558 2146 3613 ἀπι-

559 3630 720 3697 στίᾳ,
755 3631 894 3685 ἀλλ’
929 3629 1352 3699 ἐνεδυναμώθη
1383 3629 1459 3700 τῇ
1506 3634 1729 3698 πίστει,
1778 3636 1926 3704 δοὺς
1955 3639 2146 3706 δόξαν·

557 3712 639 3778 τῷ
677 3711 818 3779 Θὲῷ,
854 3713 952 3767 καὶ
997 3714 1499 3782 πληροφορηθεὶς,
1550 3716 1658 3776 ὅτι.
1695 3719 1726 3773 ὃ
1758 3721 2141 3793 ἐπήγγελται,

557 3795 815 3860 δυνατός
858 3796 990 3850 ἐστι
1033 3796 1129 3849 καὶ
1161 3796 1432 3865 ποιῆσαι.
1481 3800 1547 3852 Ὃ
1591 3801 1646 3854 δὲ
1685 3802 1857 3873 λέγει,
1895 3806 2137 3863 τοιοῦτόν

558 3881 710 3933 ἐστι’
791 3880 1171 3951 Ἀναπηδήσας
1221 3882 1315 3935 καὶ
1365 3881 1720 3956 ἐξαλλόμενος
1777 3889 1983 3956 εὑθέως
2033 3894 2144 3949 άπὸ

557 3965 654 4036 τῆς
689 3963 1040 4035 ἀνθρωπίνης
1085 3965 1388 4033 ἀσθενείας,
1423 3968 1517 4021 καὶ
1557 3969 1692 4040 πρὸς
1737 3971 1798 4026 τὸ
1838 3973 1970 4043 ὑψος
2011 3977 2144 4032 ἀνα-

555 4046 780 4118 δραμὼν
826 4046 919 4099 τοῦ
967 4046 1364 4118 ὑποσχομένου,
1405 4052 1500 4104 καὶ
1539 4054 1798 4124 ἐννοήσας
1842 4058 2006 4111 αὑτοῦ
2043 4061 2142 4132 τὴν

557 4131 764 4199 ἄφατον
797 4129 1048 4201 δύναμιν,
1091 4133 1317 4203 ἐπείσθη
1359 4135 1568 4205 σαφῶς,
1609 4138 1693 4190 ὄτι
1736 4139 1954 4206 πάντως
1988 4129 2142 4200 ἐσται

554 4214 617 4267 τὸ
654 4213 964 4284 εἰρημένον.
997 4215 1108 4267 Καὶ
1138 4215 1314 4288 τούτῳ
1347 4218 1581 4287 μάλιστα
1611 4221 1704 4275 τὸν
1737 4223 1870 4277 Θεὸν
1899 4225 2140 4293 ἐδόξασε,

554 4296 633 4382 τῷ
668 4296 1286 4382 »μὴηπεριεργάσασθαι
1311 4337 1327 4363 ,
1390 4302 1525 4371 μηδέ
1578 4305 2140 4382 πολυπραγμονῆσαι,

554 4380 693 4468 ἀλλά
737 4381 817 4452 τῷ
865 4381 1236 4468 ἀκαταλήπτῳ
1285 4382 1387 4468 τῆς
1419 4384 1612 4468 σοφίας
1638 4399 1663 4428 ιι
1696 4389 1862 4443 αὑτοῦ
1909 4380 2006 4446 καί
2041 4399 2140 4468 τῆς

554 4465 837 4536 δυνάμεως
857 4465 1258 4536 παραχωρῆσαι
1285 4465 1378 4518 καὶ
1410 4467 1578 4537 μηδὲν
1607 4470 1970 4541 ἀμφιδάλλειν
2003 4465 2141 4543 ὅλως

554 4549 684 4621 περὶ
716 4548 824 4602 τῶν
870 4547 1193 4631 εἰρημένων.
1239 4549 1405 4622 Ὁρᾷς,
1441 4551 1523 4604 ὅτι
1562 4553 1718 4608 τοῦτό
1753 4557 1870 4612 ἐστι
1907 4560 2140 4631 μάλιστα

552 4633 616 4685 τὸ
644 4632 887 4698 δοξάζειν
928 4630 1019 4717 τὸν
1054 4630 1207 4696 Θεὸν,
1250 4631 1312 4717 τὸ
1340 4633 1428 4687 ἀεὶ
1469 4643 1822 4710 παραχωρεῖν
1855 4630 2019 4697 αὑτοῦ
2061 4645 2139 4717 τῷ

552 4717 925 4788 ἀκαταλήπτῳ
954 4715 1055 4785 τῆς
1097 4714 1354 4799 προνοίας
1397 4718 1494 4771 καὶ
1541 4722 1606 4792 τῇ
1652 4723 1878 4796 ἀρρήτῳ
1911 4714 2139 4799 δυνάμει

554 4801 652 4854 καὶ
689 4800 870 4872 σοφίᾳ,
918 4799 1012 4853 καὶ
1061 4797 1136 4870 μὴ
1177 4800 1661 4871 περιεργάζεσθαι,
1695 4807 1830 4878 μηδέ
1859 4797 2140 4882 πολυπρα-

551 4887 796 4953 γμονεῖν,
821 4883 956 4955 μηδὲ
989 4883 1189 4952 λέγειν,
1209 4883 1307 4936 Διὰ
1326 4883 1377 4937 τί
1400 4884 1592 4951 τοῦτο;
1623 4889 1703 4952 είς
1727 4890 1780 4943 τί
1807 4890 1992 4959 τοῦτο;
2022 4895 2138 4960 πῶς

551 4965 709 5019 τοῦτο
737 4966 922 5032 ἐσται;
959 4967 1034 5020 Οὐ
1067 4967 1225 5021 τοῦτο
1253 4967 1310 5021 δὲ
1357 4967 1517 5038 μόνον
1546 4971 1665 5024 ἐστὶ
1698 4972 1758 5026 τὸ
1803 4974 2135 5047 θαυμαστὸν,

552 5048 668 5102 ἀλλ’
692 5051 775 5103 ὅτι
807 5051 901 5103 καὶ
927 5050 1019 5102 τὸν
1046 5051 1161 5104 υἱὸν
1188 5049 1354 5104 αὑτοῦ
1381 5053 1610 5116 ἐκεῖνον,
1631 5055 1722 5110 τὸν
1750 5062 2015 5131 μονογενῆ
2043 5065 2139 5116 καὶ

550 5133 793 5203 γνήσιον,
828 5131 965 5203 μετὰ
1000 5133 1098 5204 τὴν
1121 5135 1415 5206 ὑπόσχεσιν
1437 5136 1642 5209 ταύτην
1665 5141 1945 5197 ἐκελεύετο
1971 5163 2139 5198 κατα-

552 5215 724 5300 θύειν,
759 5217 854 5270 καὶ
881 5216 1004 5270 οὑδέ
1023 5218 1145 5271 τότε
1185 5220 1619 5287 ἐσκανδαλίζετο.
1648 5225 1845 5280 Καίτοι
1878 5228 2048 5282 πολλὰ
2069 5225 2137 5300 ἦν

550 5299 618 5354 τά
661 5300 935 5370 δυνάμενα
981 5302 1334 5356 σκανδαλίσαι
1405 5305 1499 5358 τὸν
1555 5307 1630 5377 μὴ
1685 5309 1948 5380 νήφοντα,
2001 5299 2138 5382 μηδέ

551 5384 891 5455 ἐγρηγορότα
911 5402 924 5415 °
953 5385 1048 5439 καλ⁵
1068 5387 1198 5440 αὑτὸ
1227 5387 1445 5458 πρῶτον
1469 5389 1530 5442 τὸ
1550 5390 1852 5463 ἐπίταγμα,
1886 5396 1933 5447 εί
1961 5396 1988 5447 ό
2006 5394 2138 5460 Θεὸς

551 5466 802 5532 τοιαύτας
837 5470 1192 5539 καταδέχεται
1226 5471 1435 5535 θυσίας,
1469 5474 1565 5526 καὶ
1591 5475 1978 5541 παιδοκτόνους
1997 5474 2136 5533 εἶναι

552 5551 761 5606 κελεύει
803 5554 928 5615 τοὺς
959 5553 1217 5624 πατέρας,
1253 5555 1345 5606 καὶ
1384 5554 1545 5626 βιαίῳ
1585 5556 1808 5632 τελευτῇ
1847 5559 2135 5615 καταλύειν

613 5738 638 5770 ⁸
663 5739 761 5788 Alii
796 5745 877 5793 τῆς
903 5743 1135 5796 προνοίας.

1241 253 1300 310 S.
1338 253 1624 311 JOANNIS
1662 254 2156 314 CHRYSOSTOMI
2197 259 2524 322 ARCIIIEP.
2565 268 3125 334 CONSTANTINOP.
3724 288 3815 346 δίῖῖ

2265 381 2356 474 τὸν
2383 383 2518 474 βίον,
2540 389 2634 441 καὶ
2665 389 2827 463 ἀώρῳ
2851 395 3206 465 παραδιδόναι
3228 395 3354 459 τοὺς
3385 395 3579 459 παῖδας
3605 396 3814 474 θανάτῳ,

2265 470 2360 522 καὶ
2380 470 2700 544 αὐτόχειρας
2718 475 2840 544 γενέ
2849 477 2971 530 σθαι
2989 478 3098 531 τῶν
3119 478 3512 549 γεννηθέντων,
3540 482 3631 535 καὶ
3650 470 3816 555 αἵματι

2261 553 2490 625 τοιούτῳ
2523 556 2613 608 τὸν
2637 556 2818 628 βωμὸν
2854 561 3221 631 αἱμάσσεσθαι
3259 561 3506 632 βούλεται
3528 563 3617 617 τὸν
3650 553 3814 635 αὑτοῦ,

2265 637 2358 691 καὶ
2386 638 2566 703 δεξιὰν
2597 640 2916 706 ὁπλίζεσθαι
2948 646 3220 717 πατρικὴν
3245 645 3387 699 κατὰ
3410 645 3502 699 τοῦ
3531 653 3820 718 μονογενοῦς

2263 721 2474 788 παιδὸς,
2509 725 2604 778 καὶ
2645 726 2850 794 φονέων
2885 724 3024 780 εἶναι
3066 727 3446 800 χαλεπώτερον
3477 731 3570 782 τὸν
3602 732 3784 788 δίκαιον
3804 753 3815 766 ·

2265 808 2358 862 καὶ
2379 811 2516 879 μετὰ
2532 809 2721 864 τούτου
2742 811 2836 864 καὶ
2853 813 2884 882 ἡ
2902 812 3003 882 τῆς
3024 811 3237 881 φύσεως
3251 831 3313 866 τυ
3322 814 3505 886 ραννὶς
3525 813 3818 886 θορυόοῦσα,

2262 897 2626 967 ταράττουσα,
2659 900 2758 953 οὑκ
2785 901 2971 971 ἐπειδὴ
3011 901 3193 972 πατὴρ
3220 897 3289 973 ἦν
3313 903 3491 972 μόνον,
3522 904 3635 957 ἀλλ’
3655 907 3817 978 ἐπειδὴ

2264 985 2359 1038 καὶ
2387 985 2760 1057 φιλόστοργος,
2781 988 2876 1042 καὶ
2897 988 3078 1060 πατὴρ
3099 990 3341 1044 τοιούτου
3362 991 3572 1055 παιδὸς,
3597 996 3816 1066 γνησίου,

2267 1077 2610 1145 μονογενοῦς.
2657 1078 2824 1131 καλοῦ
2860 1080 2958 1150 μὲν
2993 1081 3140 1142 ἰδεῖν,
3177 1081 3344 1136 καλοῦ
3381 1082 3440 1136 δὲ
3478 1083 3682 1151 νοῆσαι.
3726 1087 3818 1140 Καὶ

2263 1166 2372 1237 γὰρ
2393 1169 2450 1220 ἐν
2485 1167 2633 1239 αὑτῷ
2664 1169 2742 1239 τῷ
2771 1169 2918 1224 ἄνθει
2957 1170 3060 1240 τῆς
3089 1171 3302 1241 ἡλικίας
3331 1166 3420 1243 ἦν,
3452 1173 3546 1226 καὶ
3579 1171 3709 1244 αὑτῇ
3735 1176 3818 1246 τῆς

2264 1256 2466 1328 ἀρετῆς
2499 1261 2565 1330 τῇ
2599 1260 2774 1330 ἀκμῇ,
2805 1260 2964 1331 διπλῇ
3004 1261 3125 1314 τότε
3164 1261 3504 1332 άπολάμπων
3539 1266 3608 1334 τῇ
3642 1264 3817 1336 εὑμορ-

2264 1345 2381 1417 φίᾳ,
2409 1347 2504 1401 καὶ
2531 1351 2597 1418 τῇ
2628 1349 2728 1418 τῆς
2754 1348 2954 1420 ψυχῆς,
2991 1351 3084 1404 καὶ
3117 1354 3183 1422 τῇ
3227 1351 3321 1404 τοῦ
3354 1351 3624 1423 σώματος.
3657 1356 3723 1408 Οὑ
3755 1374 3821 1426 μι-

2262 1436 2394 1504 κρὸν
2421 1436 2478 1490 δὲ
2502 1439 2582 1500 είς
2606 1438 3008 1507 φιλοστοργίαν,
3038 1440 3134 1493 καὶ
3162 1439 3222 1492 τὸ
3257 1442 3387 1510 παρ’
3413 1441 3606 1495 ἐλπίδα
3627 1442 3822 1513 δοθῆναι

2263 1525 2464 1579 πᾶσαν.
2501 1527 2644 1579 Ἴστε
2672 1528 2781 1598 γάρ
2804 1527 2922 1590 πῶς
2948 1527 3171 1581 ποθεινὰ
3198 1527 3265 1581 τὰ
3291 1529 3518 1583 τοιαῦτα
3547 1529 3746 1591 παιδία,
3765 1533 3821 1586 τὰ

2263 1613 2394 1684 παρ’
2411 1613 2602 1668 ἐλπίδα
2619 1615 2715 1668 καλ⁹
2734 1616 3080 1686 προσδοκίαν,
3099 1617 3192 1670 καὶ
3211 1617 3269 1670 οὑ
3290 1618 3441 1688 νόμῳ
3461 1617 3676 1686 φύσεως
3693 1619 3822 1690 [488]

2260 1702 2654 1772 κεχαρισμένα,
2695 1697 2806 1767 οἷος
2850 1704 3057 1768 ἐκεῖνος
3093 1699 3182 1774 ἦν.
3207 1705 3318 1758 Καὶ
3349 1703 3490 1772 μετὰ
3528 1705 3730 1758 τούτων
3768 1706 3822 1778 δὴ

2260 1789 2478 1842 πάντων
2511 1787 2573 1842 τὸ
2605 1790 2840 1860 μάλιστα
2890 1791 3072 1844 ἱκανὸν
3119 1794 3422 1863 παρασχεῖν
3469 1793 3756 1848 σκάνδαλον
3794 1798 3821 1864 ἡ

2259 1875 2556 1945 ἐπαγγελία
2579 1879 2673 1932 καὶ
2700 1878 2732 1948 ή
2763 1878 3053 1955 ὑπόσχεσις
3080 1875 3147 1950 ἦν
3171 1893 3186 1908 ⁸
3216 1880 3456 1932 ἐναντίον
3481 1881 3594 1950 γὰρ
3622 1877 3684 1952 ἦν
3704 1883 3822 1955 αὐτῇ

2259 1965 2319 2018 τὸ
2349 1967 2659 2038 ἐπιταχθέν.
2711 1967 2786 2020 Τὸ
2831 1967 2932 2037 μὲν
2967 1967 3076 2039 γὰρ
3117 1969 3455 2038 ἐπαγγελθέν
3499 1966 3596 2040 ἦν,
3648 1971 3825 2036 Οὕτως

2258 2057 2428 2110 ἔσται
2457 2055 2520 2109 τὸ
2557 2055 2798 2123 σπέρμα
2830 2070 2967 2119 σου,
2998 2057 3079 2121 ὡς
3101 2058 3173 2109 τὰ
3191 2055 3384 2125 ἄστρα
3415 2058 3520 2112 τοῦ
3542 2059 3816 2128 οὐρανοῦ·

2258 2139 2318 2194 τὸ
2344 2140 2401 2194 δὲ
2431 2139 2879 2208 ἐπιτεταγμένον,
2923 2137 3014 2192 τὸν
3040 2139 3154 2192 υἱὸν
3192 2139 3284 2192 τὸν
3319 2143 3613 2214 μονογενῆ,
3650 2145 3739 2212 ἀφ’
3770 2135 3823 2196 οὑ

2262 2230 2439 2284 πᾶσαν
2461 2227 2685 2298 ἔμελλεν
2718 2227 3019 2298 ἐμπλήσειν
3045 2227 3143 2298 τὴν
3178 2229 3527 2303 οἰκουμένην,
3561 2233 3746 2287 τοῦτον
3771 2233 3825 2285 ὲκ

2260 2317 2429 2389 μέσου
2452 2316 2718 2386 γίνεσθαι,
2747 2315 2840 2370 καὶ
2869 2315 3084 2388 θανάτῳ
3105 2319 3490 2389 παραδίδοσθαι
3523 2321 3627 2374 καὶ
3658 2324 3822 2392 σφαγῇ

2255 2401 2638 2475 χαλεπωτάτῃ.
2687 2401 2826 2456 Ἀλλ’
2873 2401 2995 2455 οὑδὲ
3037 2401 3211 2466 οὑτως
3238 2405 3680 2471 ἐσκανδαλίζετο.
3719 2408 3826 2461 οὑδὲ

2254 2488 2566 2561 ἐθορυϐεῖτο
2589 2490 2617 2542 ό
2647 2489 2855 2553 δίκαιος
2881 2490 3107 2553 ἐκεῖνος,
3135 2490 3257 2543 οὑδὲ
3285 2491 3456 2546 ἔπαθέ
3485 2511 3541 2546 τι
3580 2494 3822 2556 τοιοῦτον,

2252 2572 2364 2629 οἷον
2393 2576 2539 2640 είκὸς
2561 2571 2629 2646 ἦν
2651 2594 2769 2630 τινα
2791 2577 2900 2630 τῶν
2929 2579 3170 2649 ἀνοήτων
3203 2577 3394 2632 παθεῖν
3423 2580 3518 2634 καὶ¹
3552 2582 3727 2652 χαμαὶ
3749 2600 3829 2634 συ-

2256 2662 2518 2734 ρομένων.
2553 2663 2686 2716 Οὑδὲ
2717 2663 2825 2735 γὰρ
2850 2660 2970 2719 εἶπε
2997 2666 3133 2737 πρὸς
3155 2666 3367 2730 ἐαυτὸν,
3387 2668 3453 2720 Τί
3479 2669 3675 2734 τοῦτο;
3699 2672 3828 2741 ήπα-

2252 2751 2528 2822 τήθημεν;
2575 2751 3083 2824 παρελογίσθημεν;
3128 2753 3263 2807 Θεοῦ
3313 2755 3472 2809 τοῦτο
3510 2757 3828 2829 ἐπίταγμα;

2256 2841 2594 2908 Ἀπαγε,ὀὺ
2633 2840 2924 2913 πείθομαι·
2977 2843 3038 2898 τὸ
3078 2843 3424 2898 παιδοκτόνον
3471 2864 3542 2917 με
3591 2849 3831 2916 γενέσθαι

2251 2927 2556 2999 ἀμήχανον,
2602 2929 2696 2984 καὶ
2728 2929 2958 3002 τοιούτῳ
2986 2932 3220 3000 φοινῖξαι
3274 2935 3469 3002 αἵματι
3506 2937 3619 3008 τὴν
3662 2937 3831 3002 δεξιάν

2254 3032 2376 3086 μου.
2417 3015 2541 3080 Πῶς
2579 3015 2636 3069 δὲ
2679 3016 2750 3070 τὰ
2788 3017 2888 3086 τῆς
2921 3017 3256 3087 ἐπαγγελίας
3307 3019 3420 3084 ἔξει
3474 3023 3696 3095 πέρας;
3744 3027 3835 3078 Ἂν

2249 3103 2361 3175 γὰρ
2401 3104 2575 3159 ἀνέλω
2626 3104 2725 3178 τὴν
2774 3105 2953 3176 ῥίζαν,
2988 3108 3152 3162 πόθεν
3199 3110 3251 3163 οἱ
3300 3111 3520 3179 κλάδοι;
3584 3109 3744 3168 πόθεν
3785 3117 3830 3168 οἱ

2249 3193 2487 3264 καρποί;
2542 3193 2609 3248 ἂν
2667 3195 2974 3265 καταχὼσω
3001 3197 3101 3269 τὴν
3141 3198 3346 3270 πηγὴν,
3387 3200 3558 3254 πόθεν
3593 3204 3643 3256 οἱ
3677 3219 3834 3256 ποτα-

2252 3281 2378 3351 μοί;
2411 3279 2478 3335 ἂν
2507 3282 2757 3352 ἀφανίσω
2795 3283 2888 3337 τὸν
2917 3284 3030 3337 υίὺν
3077 3285 3129 3346 ι),
3177 3285 3342 3340 πόθεν
3395 3305 3485 3358 μοι
3527 3290 3596 3343 τὸ
3641 3291 3835 3360 πλῆθος

2247 3368 2357 3422 τῶν
2402 3369 2641 3438 ἐκγόνων
2668 3369 2728 3422 τὸ
2759 3369 2836 3440 τῷ
2883 3371 3080 3443 πλήθει
3109 3371 3218 3426 τῶν
3249 3373 3467 3446 ἄστρων
3496 3378 3837 3450 παρισούμε-

2247 3475 2373 3522 νον;
2431 3459 2557 3522 Πῶς
2613 3453 2706 3512 οῦν
2755 3459 3022 3530 ὑπέσχετο
3069 3461 3261 3532 ἔτερα,
3299 3465 3392 3517 καὶ
3443 3466 3674 3520 ἐναντία
3727 3469 3839 3520 ἐπι-

2248 3547 2431 3601 τάττει
2461 3545 2590 3612 νῦν;
2620 3546 2840 3600 Τούτων
2865 3548 3017 3602 οὐδὲν
3046 3550 3147 3603 οὑκ
3175 3545 3350 3617 εἶπεν,
3384 3553 3484 3605 οὑκ
3514 3555 3807 3624 ἐνενόησεν
3825 3571 3839 3586 ⁸

2246 3635 2382 3688 ἀλλὰ
2436 3634 2598 3688 πάλιν
2643 3634 2736 3688 ἐπὶ
2786 3635 2886 3705 τὴν
2931 3635 3162 3707 δύναμιν
3207 3638 3301 3692 τοῦ
3351 3641 3839 3714 ἐπαγγειλαμένου

2247 3724 2580 3792 καταφυγὼν
2623 3721 2722 3792 τὴν
2769 3722 2996 3790 ἄφατον,
3031 3724 3129 3796 τὴν
3159 3726 3492 3800 εὐμήχανον,
3530 3733 3638 3802 τὴν
3678 3731 3840 3786 εῦπο-

2247 3828 2362 3882 ρον,
2398 3808 2497 3880 τὴν
2527 3808 2618 3862 διὰ
2649 3809 2756 3862 τῶν
2789 3811 3051 3865 ἐναντίων
3081 3813 3521 3885 διαλάμπουσαν,
3560 3821 3668 3890 τὴν
3702 3821 3840 3873 άνωο

2243 3899 2410 3969 τέραν
2440 3897 2548 3952 τῶν
2585 3897 2687 3966 τῆς
2718 3896 2935 3967 φύσεως
2964 3900 3169 3972 νόμων,
3202 3902 3304 3974 τὴν
3331 3905 3557 3962 πάντων
3597 3908 3841 3962 δυνατω-

2243 3987 2426 4059 τέραν,
2467 3987 2565 4057 τὴν
2599 3985 2753 4040 οὐδὲν
2785 3986 3015 4057 ἔχουσαν
3056 3989 3117 4042 τὸ
3150 3991 3491 4058 ἀντιπῖπτον,
3535 3997 3639 4050 καὶ
3687 3997 3843 4050 τοῦτο

2247 4075 2385 4147 μετὰ
2436 4073 2638 4144 πολλῆς
2677 4074 2778 4144 τῆς
2827 4074 3200 4148 πληροφορίας
3235 4079 3296 4132 τὸ
3340 4080 3635 4154 ἐπίταγμα
3684 4085 3838 4156 ἤνυε,

2244 4163 2338 4216 καὶ
2387 4161 2588 4230 ἔσφαξε
2624 4161 2718 4214 τὸν
2761 4161 2898 4225 υἱὸν,
2950 4165 3046 4219 καὶ
3093 4163 3272 4236 ᾕμαξε
3319 4167 3419 4238 τὴν
3467 4169 3688 4238 δεξιὰν,
3752 4173 3843 4226 καὶ

2243 4248 2478 4319 ἐφοίνιξε
2515 4249 2578 4302 τὺ
2608 4249 2779 4318 ξίφος.
2804 4251 2898 4305 καὶ
2944 4251 3032 4305 διὰ
3065 4254 3164 4325 τῆς
3197 4254 3382 4327 δειρῆς
3418 4257 3522 4329 τὴν
3563 4262 3842 4331 μάχαιραν

2241 4338 2478 4409 ἤλασενο
2531 4340 2580 4392 εί
2620 4340 2727 4409 γὰρ
2765 4340 2859 4393 καί¹
2895 4340 2970 4412 μὴ
3016 4342 3096 4413 τῷ
3147 4343 3334 4416 ἔργῳ,
3362 4346 3504 4402 ἀλλὰ
3538 4353 3609 4421 τῇ
3651 4352 3844 4421 γνώμῃ

2242 4424 2416 4480 ταῦτα
2453 4425 2631 4479 πάντα
2666 4426 2974 4498 ἐπλήρωσε.
3009 4429 3102 4482 Διὸ
3147 4433 3242 4485 καὶ
3269 4433 3477 4505 Μωσῆς
3508 4438 3687 4492 αὑτὸν
3721 4437 3848 4492 θαυο

2246 4512 2457 4583 μάζων,
2503 4512 2676 4578 οὕτως
2707 4513 2812 4583 ἔφη
2832 4531 2846 4544 ·
2889 4516 2995 4569 Καὶ
3027 4517 3266 4586 ἐγένετο
3288 4523 3438 4590 μετὰ
3479 4525 3561 4580 τὰ
3603 4526 3850 4597 ῥήματα

2242 4601 2450 4662 ταῦτα,
2492 4603 2525 4655 ό
2570 4601 2716 4665 Θεὸς
2760 4601 3024 4670 ἐπείραζε
3052 4604 3162 4658 τὸν
3214 4608 3476 4679 Ἀϐραὰμ,
3537 4614 3648 4666 καὶ
3679 4611 3848 4667 εἶπεν

2241 4688 2422 4754 αὐτῷ’
2460 4687 2614 4743 Λάϐε
2643 4690 2751 4742 τὸν
2781 4691 2916 4743 υἱόν
2939 4705 3056 4745 σου
3083 4692 3189 4745 τόν
3221 4692 3560 4763 ἀγαπητὸν,
3599 4699 3679 4754 ὃν
3707 4699 3852 4771 ἠγά-

2243 4789 2468 4844 πησας,
2513 4776 2622 4830 τὸν
2666 4777 2896 4844 Ἰσαὰκ,
2943 4777 3044 4832 καὶ
3085 4779 3370 4852 ἀνένεγκε
3410 4785 3614 4841 αὐτὸν
3646 4789 3746 4859 ἐφ’
3781 4789 3850 4842 ἐν

2241 4863 2362 4918 τῶν
2405 4864 2608 4932 ὀρέων,
2655 4859 2744 4918 ὧν
2785 4863 2864 4918 ἄν
2909 4883 3006 4921 σοι
3039 4869 3207 4923 εἴπω.
3250 4870 3435 4925 Ταῦτα
3463 4872 3538 4926 τὰ
3575 4876 3685 4947 τῆς
3719 4877 3851 4930 ὑπο·

2245 4951 2485 5022 σχέσεως
2520 4953 2761 5023 ῥήματα,
2784 4951 2850 5006 τὰ
2879 4956 2979 5026 τῆς
3007 4956 3362 5026 ἐπαγγελίας,
3383 4959 3453 5014 τὰ
3468 4960 3743 5030 λέγοντα,
3771 4967 3850 5018 ὅτι

2243 5041 2482 5112 πλήθους
2511 5041 2748 5110 ἐκγόνων
2780 5041 2933 5096 ἔσται
2963 5043 3166 5118 πατὴρ,
3200 5047 3294 5100 καὶ
3334 5047 3484 5104 ἔσται
3515 5053 3587 5107 τὸ
3626 5054 3852 5127 σπέρμα

2242 5129 2407 5184 αὑτοῦ
2442 5129 2516 5192 ὡς
2551 5129 2618 5183 τὰ
2661 5131 2836 5201 ἄστρα
2869 5133 2963 5187 τοῦ
3017 5136 3280 5206 οὑρανοῦ;
3335 5138 3477 5211 Ὅρα
3519 5141 3655 5207 πῶς
3709 5145 3852 5215 μετὰ

2242 5215 2312 5270 τὰ
2355 5217 2576 5287 ῥήματα
2617 5216 2811 5282 ταῦτα,
2846 5220 3086 5286 ἀκούσας
3129 5225 3328 5293 σφάξαι
3361 5229 3451 5283 τὸν
3485 5231 3642 5293 υἱὸν,
3689 5249 3854 5286 κατε-

2241 5302 2430 5368 δέξατο
2466 5303 2557 5356 τὺν
2585 5304 2676 5374 ἀφ’
2704 5297 2765 5356 οὑ
2791 5307 3044 5361 τοσοῦτον
3071 5310 3298 5381 ἔμελλεν
3339 5313 3568 5368 ἔσεσθαι.
3605 5318 3675 5371 τὸ
3707 5317 3855 5387 πλῆο

2243 5387 2352 5452 θος,
2386 5388 2574 5442 τοῦτον
2625 5391 2834 5446 ἀνελεῖν
2877 5398 2971 5449 καὶ
3021 5398 3346 5465 καταθῦσαι,
3398 5403 3491 5455 καὶ
3548 5405 3625 5457 ὲκ
3679 5405 3852 5474 μέσου

2243 5477 2489 5547 ποιῆσαι,
2510 5478 2604 5530 καὶ
2635 5481 2826 5552 ἱερεῖον
2845 5483 2922 5553 τῷ
2939 5484 3060 5555 Θεῴ
3092 5493 3483 5558 προσαγαγεῖν.
3509 5493 3635 5546 Καὶ
3653 5495 3684 5546 ὀ
3701 5491 3859 5548 Παῦ-

2239 5563 2330 5628 λος
2363 5565 2418 5618 δὲ
2452 5567 2614 5620 αὑτὸν
2648 5568 2896 5624 ἐντεῦθεν
2927 5572 3220 5646 θαυμάζων
3255 5577 3415 5633 πάλιν
3451 5576 3650 5644 οὕτως
3695 5581 3859 5635 ἐστε-

2308 5749 2332 5789 b
2357 5749 2452 5800 Alii
2486 5752 2542 5798 ἂν
2562 5753 2722 5816 σφάξω
2743 5753 2822 5804 τὸν
2839 5755 2956 5806 υίόν.
