4030 6206
258 242 348 297 501

258 354 528 411 titudinem
576 361 843 410 astrorum
890 368 1076 411 eorum
1120 368 1393 426 aequatura
1439 359 1511 415 sit
1556 358 1837 419 multitudo

254 443 407 513 (Gen.
438 443 634 514 15(5).
662 446 734 498 At
759 444 880 508 ille,
910 459 1032 503 cum
1069 454 1148 501 tot
1172 460 1351 503 essent
1380 447 1649 505 obstacula
1670 489 1685 511 ,
1712 463 1834 505 cum

253 537 352 609 jam
391 545 522 591 ictas
553 546 699 592 esset
735 536 803 592 ad
840 537 1081 594 ultimam
1121 548 1449 597 senectutem
1478 540 1756 605 devoluta.
1781 548 1837 597 et

256 642 384 683 uxor
409 636 520 682 tam
545 628 617 683 ob
641 637 852 683 aetatem
881 644 1042 700 quam
1067 630 1137 685 ob
1162 640 1402 689 naturam
1427 642 1569 691 esset
1597 632 1835 691 infecun-

253 718 345 783 da;
379 733 487 772 non
513 719 655 774 enim
680 719 796 774 sola
822 730 1068 776 senectus
1092 722 1356 787 obstabat,
1385 723 1478 778 sed
1501 732 1557 778 et
1580 724 1834 780 sterilitas

252 810 356 879 ipsa
385 817 589 864 natura:
619 828 633 863 :
663 810 925 879 siquidem
955 821 1065 866 tum
1098 828 1313 884 quoque
1348 828 1469 868 cum
1504 813 1717 882 juvenis
1739 830 1831 872 es-

251 909 345 966 set,
375 900 581 956 inutilis
610 909 816 956 naturae
845 902 945 957 fuit
969 902 1206 970 officina,
1236 905 1376 973 quod
1405 905 1604 960 sterilis
1641 905 1832 961 mulier

250 1000 405 1046 esset.
431 991 690 1058 Quocirca
718 992 912 1047 Paulus
942 993 1043 1049 hoc
1070 995 1243 1064 ipsum
1269 995 1562 1061 insinuans,
1588 997 1658 1051 ita
1684 997 1829 1053 dice-

248 1081 329 1135 hat
357 1098 370 1133 :
404 1078 474 1134 Et
502 1092 782 1136 mortuam
818 1085 1016 1138 vulvam
1044 1084 1194 1139 Sorte
1221 1085 1409 1155 (Rom.
1448 1086 1503 1142 4.
1547 1086 1615 1142 i9
1634 1087 1688 1157 );
1722 1102 1826 1143 non

246 1172 371 1226 dixit
395 1181 695 1226 emortuam
725 1165 912 1229 Sat-am
941 1172 1283 1243 simpliciter,
1316 1191 1383 1230 ne
1416 1175 1586 1233 solam
1615 1185 1826 1237 multem

245 1261 546 1329 suspiceris,
578 1263 675 1317 sed
696 1273 753 1318 et
774 1264 941 1333 ipsius
967 1266 1175 1321 vuiVam
1205 1276 1519 1330 emortuam,
1550 1267 1691 1337 quod
1720 1283 1823 1322 non

244 1356 406 1409 solum
434 1364 704 1424 tempore,
735 1357 831 1411 sed
859 1359 1020 1412 etiam
1049 1366 1254 1413 naturae
1280 1358 1587 1414 conditione
1627 1358 1822 1417 factum

244 1456 384 1509 erat;
418 1456 785 1504 verumtamen
823 1449 948 1504 licet
987 1460 1131 1505 tanta
1153 1491 1170 1514 ,
1203 1458 1265 1505 ut
1296 1450 1444 1514 dixi,
1481 1459 1826 1521 superessent

244 1538 526 1601 obstacula,
557 1554 680 1593 cum
718 1539 880 1595 sciret
903 1540 1032 1611 quid
1058 1540 1271 1596 tandem
1300 1541 1370 1596 sit
1395 1542 1677 1611 promissio
1706 1543 1817 1607 Dei,

243 1643 389 1698 quam
418 1630 592 1684 solers
618 1629 706 1683 illa
735 1631 805 1684 sit
829 1638 884 1684 et
913 1630 1152 1701 locuples
1172 1670 1190 1697 ,
1220 1631 1299 1687 sic
1324 1640 1381 1686 ut
1414 1647 1586 1702 neque
1614 1632 1821 1703 legibus

243 1730 432 1774 ttatunu
451 1760 467 1783 ,
508 1735 686 1790 neque
726 1736 908 1775 rerum
946 1719 1259 1778 dil‘licultate
1280 1762 1305 1787 ,
1325 1722 1411 1778 vel
1439 1722 1543 1778 alio
1569 1723 1818 1793 quopiam

241 1815 577 1883 impediatur,
604 1815 699 1871 sed
729 1831 825 1885 per
852 1816 1116 1871 contraria
1141 1816 1280 1871 viam
1306 1816 1569 1883 inveniat,
1600 1824 1656 1870 et
1689 1831 1816 1886 pro-

238 1910 453 1963 missum
480 1912 531 1964 in
557 1926 607 1978 ej
626 1909 975 1974 usdeducat,
1004 1909 1145 1980 quod
1176 1909 1476 1972 dicebatur,
1502 1909 1734 1972 admisit,
1762 1918 1819 1964 et

236 2003 572 2071 promissioni
598 2002 756 2056 [idem
784 2002 968 2058 habuit
995 2018 1009 2057 :
1037 2012 1093 2056 et
1121 2002 1407 2058 tumultum
1440 2018 1504 2057 ex
1533 2002 1813 2072 cogitatio-

235 2092 393 2147 nibus
431 2108 497 2147 ne
534 2094 755 2160 omnino
797 2092 1010 2163 quidem
1052 2095 1252 2148 moveri
1289 2092 1448 2161 sivit,
1477 2093 1572 2149 sed
1603 2093 1707 2148 [ide
1733 2094 1816 2148 di-

232 2197 388 2254 gnam
414 2197 532 2239 esse
552 2184 829 2254 judicavit,
856 2193 913 2239 ut
938 2195 1022 2240 est
1044 2186 1160 2240 sine
1183 2184 1367 2251 dubio,
1394 2183 1461 2238 ad
1489 2183 1812 2253 implendam

232 2274 635 2343 promissionem
664 2276 829 2346 ipsius
857 2276 1146 2348 potentiam
1166 2315 1182 2341 ,
1212 2275 1303 2346 qui
1328 2274 1649 2345 promiserat
1671 2316 1685 2339 ,
1714 2289 1811 2329 ne-

230 2382 325 2438 que
346 2366 649 2437 disquisivit
677 2407 694 2435 ,
720 2384 833 2439 quo
858 2369 1072 2427 tandem
1102 2367 1263 2422 modo
1302 2366 1419 2423 haec
1442 2367 1688 2423 evenient
1712 2406 1727 2429 ,
1758 2375 1813 2421 et

228 2474 315 2513 cur
332 2474 444 2513 non
469 2460 522 2513 in
543 2460 842 2529 juventute,
864 2460 958 2515 sed
980 2460 1033 2514 in
1058 2467 1355 2526 senectute,
1377 2467 1432 2514 et
1453 2473 1575 2514 sero
1598 2459 1809 2513 tandem

226 2565 283 2607 ac
308 2552 480 2606 tarde:
511 2552 628 2620 Quo
656 2553 733 2613 ﬁt,
766 2562 824 2607 ut
851 2552 999 2610 illum
1038 2552 1198 2606 etiam
1225 2551 1370 2606 clara
1391 2565 1525 2606 voce
1561 2550 1811 2619 praedicet

227 2656 283 2701 ac
308 2642 493 2702 laudet
516 2642 601 2702 his
632 2644 807 2702 verbis
833 2648 1031 2704 Paulus
1058 2666 1071 2702 :
1099 2645 1199 2714 Qui
1225 2657 1402 2703 contra
1428 2663 1566 2718 spem
1592 2646 1644 2701 in
1665 2664 1808 2716 spem

225 2739 461 2804 credidit,
504 2749 560 2793 ut
595 2741 737 2810 fieret
778 2750 922 2811 pater
960 2742 1237 2795 multarum
1277 2742 1500 2809 gentium
1532 2740 1720 2811 (Rom.
1749 2740 1804 2793 4.

226 2832 326 2897 l8).
370 2831 514 2898 Quid
553 2839 671 2899 est,
699 2832 888 2888 Contra
928 2850 1069 2904 spent
1109 2833 1165 2887 in
1203 2832 1392 2901 spem?
1418 2831 1622 2887 Prmter
1656 2846 1806 2902 Spem

223 2918 508 2976 humanam
536 2922 587 2976 in
618 2937 768 2993 spem
798 2924 888 2978 Dei
911 2965 924 2988 ,
954 2939 1073 2993 qum
1098 2932 1287 2979 cuncta
1314 2922 1506 2986 vincit,
1534 2937 1652 2992 qua:
1676 2936 1808 2977 cun-

221 3024 295 3068 cta
334 3025 560 3085 potest,
590 3032 711 3085 qua:
740 3027 928 3070 cuncta
959 3025 1194 3085 superat.
1231 3015 1296 3069 Et
1323 3014 1584 3080 credidit,
1616 3030 1720 3068 non
1749 3022 1808 3069 ut

223 3105 369 3163 ﬁeret
408 3115 561 3177 pater
592 3115 794 3162 tantum
814 3150 828 3173 ,
858 3108 951 3162 sed
978 3110 1139 3163 etiam
1167 3115 1244 3161 tot
1269 3106 1506 3178 gentium
1524 3147 1540 3170 ,
1567 3120 1725 3161 senex
1751 3114 1807 3162 et

220 3197 422 3265 eﬂ'etus,
446 3200 536 3253 cui
561 3200 758 3255 Sterilis
781 3209 834 3254 et
858 3199 1007 3254 senio
1032 3198 1275 3254 confecta
1300 3213 1433 3252 uxor
1456 3207 1590 3264 erat,
1617 3211 1808 3251 secun-

222 3289 333 3344 dum
374 3291 525 3362 qtiod
565 3291 766 3346 dictum
804 3301 919 3357 cst,
952 3290 1043 3346 Sic
1077 3291 1169 3345 erit
1209 3306 1377 3345 semen
1416 3300 1574 3343 tuum.
1606 3287 1675 3341 Et
1704 3303 1806 3342 non

220 3380 501 3450 inﬁrmatus
538 3393 609 3436 est
647 3382 750 3451 ﬁde
773 3421 787 3445 ,
827 3396 916 3434 nec
951 3380 1283 3434 consideravit
1311 3394 1494 3449 corpus
1518 3393 1665 3432 suum
1689 3377 1805 3447 jam

220 3486 495 3528 mortuum
514 3516 530 3540 ,
557 3490 672 3527 cum
709 3475 816 3542 {ere
854 3483 1050 3528 centum
1086 3481 1212 3527 esset
1249 3487 1530 3535 annorum,
1561 3479 1610 3524 et
1636 3486 1802 3524 emor-

217 3576 347 3618 tuam
388 3564 597 3620 vulvam
628 3565 841 3631 Sat-rw;
881 3565 933 3619 in
954 3563 1342 3636 repromissione
1379 3572 1547 3617 autem
1581 3560 1676 3616 Dei
1703 3577 1804 3616 non

218 3657 461 3712 haesitavit
502 3658 799 3727 diﬁdmtia,
831 3658 921 3713 sed
945 3662 1256 3730 confortatus
1282 3666 1352 3711 est
1379 3655 1500 3725 ﬁde,
1529 3654 1659 3710 dans
1684 3654 1802 3724 glo-

213 3750 335 3803 riam
356 3750 496 3816 Deo,
520 3750 807 3820 plenissime
832 3750 1013 3818 sciens,
1042 3751 1180 3820 quia,
1207 3762 1530 3819 quiscumque
1551 3746 1798 3814 promisit,

215 3854 385 3911 potens
418 3852 495 3897 est
523 3852 574 3897 et
605 3847 772 3914 facere
799 3843 987 3913 (Rom.
1027 3843 1081 3898 4.
1127 3842 1364 3912 19-21).
1393 3841 1593 3896 Horum
1622 3847 1799 3895 autem

212 3938 502 3992 verborum
543 3937 659 3991 haec
694 3946 779 3993 est
818 3937 1080 3992 sententia
1115 3955 1129 3991 :
1158 3936 1449 3992 Exsultans
1491 3937 1668 3994 statim
1695 3978 1710 4002 ,
1746 3944 1802 3991 et

211 4029 468 4085 exsiliens
487 4043 557 4083 ex
586 4028 819 4083 humana
844 4027 1226 4093 imbecillitate,
1249 4039 1303 4085 et
1328 4030 1395 4085 ad
1420 4031 1799 4086 sublim‘tatem

208 4122 345 4191 ejus,
377 4122 473 4193 qui
503 4122 866 4191 promittebat,
895 4135 1200 4188 accurrens,
1230 4131 1283 4178 et
1310 4123 1548 4193 cogitans
1576 4122 1801 4176 immen-

210 4227 320 4266 sam
346 4213 472 4284 ejus
495 4226 614 4267 esse
644 4211 935 4282 potentiam
951 4252 967 4279 ,
997 4213 1148 4268 facile
1170 4213 1430 4269 adductus
1453 4221 1566 4280 est,
1595 4219 1654 4267 ut
1677 4226 1799 4267 cre-

206 4303 359 4359 deret
395 4304 621 4359 omnino
646 4303 788 4375 quod
818 4305 917 4364 sibi
952 4303 1233 4360 dicebatur
1258 4314 1594 4361 eventurum.
1624 4307 1801 4374 Atque

209 4395 310 4452 hoc
355 4397 780 4452 lactemaxime
825 4398 992 4453 Deum
1037 4398 1383 4468 gloriﬁcavit,
1412 4398 1552 4468 quod
1589 4397 1800 4452 curioso

206 4502 315 4542 non
347 4487 685 4558 inquisivcrit
703 4529 720 4555 ,
749 4503 922 4559 neque
950 4497 1217 4543 scrutatus
1241 4489 1342 4556 sit,
1370 4487 1467 4543 sed
1494 4488 1799 4558 incompre-

208 4579 463 4636 liensibili
492 4581 610 4651 ejus
646 4582 922 4652 sapientiae
948 4584 963 4614 ³
985 4596 1049 4637 ac
1087 4582 1338 4652 potentiae
1367 4581 1609 4648 cesserit,
1626 4596 1801 4651 neque

208 4671 321 4725 ullo
349 4672 511 4727 modo
536 4672 604 4727 de
631 4672 695 4727 iis
713 4713 730 4739 ,
752 4687 870 4744 quae
893 4672 1034 4728 dicta
1063 4671 1274 4728 fuerant
1291 4712 1308 4738 ,
1333 4672 1673 4728 dubitaverit.
1706 4670 1799 4725 Vi-

204 4763 305 4815 des
337 4763 442 4816 hoc
469 4777 590 4818 esse
618 4763 857 4819 maxime
884 4763 1048 4818 Deum
1076 4764 1406 4834 glorificare,
1435 4778 1559 4819 cum
1598 4765 1801 4819 incum-

205 4854 562 4922 prehensibili
588 4856 705 4926 ejus
733 4856 1076 4925 providentiae
1095 4899 1111 4925 ,
1138 4866 1297 4927 atque
1325 4856 1576 4911 inell'abili
1607 4865 1798 4925 poten-

203 4947 295 5000 tim
331 4962 436 5003 nos
469 4948 834 5003 submittimus
857 4990 874 5016 ,
905 4964 1078 5019 neque
1114 4959 1444 5013 scrutamur,
1475 4958 1567 5002 aut
1588 4953 1800 5003 curiose

204 5037 532 5109 inquirimus
577 5055 751 5109 neque
786 5039 1013 5094 dicimus
1043 5056 1055 5092 :
1085 5037 1193 5094 Cur
1226 5039 1368 5095 hoc?
1395 5039 1461 5093 ad
1498 5039 1625 5110 quid
1660 5039 1800 5093 hoc?

201 5131 485 5200 quomodo
512 5134 615 5187 erit
654 5132 792 5187 hoc?
818 5131 999 5202 Neque
1027 5147 1156 5187 vero
1185 5132 1358 5187 solum
1391 5131 1495 5187 hoc
1518 5140 1600 5187 est
1627 5131 1799 5187 admi-

204 5223 426 5277 ratione
458 5224 714 5294 dignum,
745 5224 837 5279 sed
868 5225 1026 5280 etiam
1066 5222 1209 5294 quod
1255 5222 1417 5277 lilittm
1463 5223 1607 5277 illum
1645 5237 1799 5277 suum

202 5313 548 5384 unigenitum
572 5328 635 5370 ac
656 5314 909 5372 dilectum
935 5324 1053 5385 post
1088 5313 1226 5369 hanc
1255 5313 1659 5382 promissionem
1685 5329 1800 5366 ma-

202 5415 364 5461 ctare
391 5405 708 5473 jubebatur,
736 5415 791 5462 et
828 5422 897 5462 ue
925 5417 1035 5462 tum
1069 5405 1284 5477 quidem
1323 5404 1798 5460 scandalizabrtur.

202 5497 379 5568 Atqui
414 5500 573 5554 multa
597 5511 749 5555 erant
772 5516 890 5569 qum
913 5500 1278 5557 scandalizare
1302 5506 1518 5568 possent
1544 5512 1688 5563 eum,
1710 5495 1800 5566 qni

201 5588 442 5659 vigilans
481 5608 587 5646 nun
634 5591 820 5647 l'nis.et
862 5603 914 5647 et
953 5600 1184 5647 attentus
1216 5608 1227 5643 :
1258 5598 1311 5646 ct
1354 5589 1585 5662 primum
1630 5587 1801 5658 ipsum

269 5680 287 5714 ¹
316 5681 430 5740 Alii,
450 5682 773 5745 providentia

1032 242 1125 301 AD
1162 243 1293 302 EOS
1328 244 1448 315 QUI
1486 239 1981 303 SCANDALIZATI
2021 241 2222 309 SUNT.
2264 250 2394 313 LIB.
2437 251 2635 311 UNUS.

3416 260 3522 317 502

1943 360 2274 453 mandatum,
2300 378 2430 419 num
2461 364 2600 427 Deus
2624 362 2760 423 tales
2783 363 3025 421 victimas
3041 375 3286 438 acceptas
3308 368 3517 437 habeat,

1940 460 1993 505 et
2023 452 2199 520 patres
2220 452 2405 522 iubeat
2432 469 2551 510 esse
2589 455 2878 526 parricidas
2908 457 3191 515 liberorum
3216 502 3233 527 ,
3260 476 3323 516 ac
3352 472 3523 523 morte

1937 540 2167 601 violenta
2196 543 2356 601 vitam
2382 544 2556 612 linire,
2588 546 2869 605 immaturo
2896 548 3115 607 interitu
3144 542 3276 606 ﬁlios
3307 566 3515 616 necare,

1936 648 2154 705 sumque
2201 636 2366 706 prolis
2412 636 2524 695 ﬁeri
2574 638 2905 705 homicidas,
2934 640 3025 694 tali
3066 642 3322 711 sanguine
3363 658 3516 699 suum

1936 727 2065 787 velit
2103 728 2270 785 altare
2306 730 2611 797 cruentari,
2650 743 2923 799 paternam
2951 731 3223 789 dexteram
3262 733 3520 789 adversus

1937 815 2103 879 lilium
2133 819 2460 889 unigenitum
2496 821 2730 889 armari,
2760 836 2824 877 ac
2862 820 3065 891 justum
3101 822 3273 881 virum
3314 824 3518 879 sicariis

1935 907 2050 969 ﬁeri
2078 910 2390 977 suaviorem;
2421 925 2540 971 cum
2570 910 2653 966 his
2692 920 2946 980 praeterea
2986 923 3188 969 natura:
3218 914 3296 971 vis
3336 930 3400 977 ac
3429 925 3512 986 ty-
3592 927 3597 931 ·

1932 999 2116 1055 rannis
2158 1014 2281 1055 eum
2323 1002 2689 1059 commovebat
2730 1009 2784 1059 et
2825 1003 3192 1072 perturbabat,
3227 1021 3331 1059 non
3370 1006 3512 1075 quod

1934 1098 2083 1157 pater
2120 1090 2291 1146 solum
2332 1102 2511 1156 esset,
2539 1096 2633 1148 sed
2673 1094 2815 1164 quod
2848 1093 3125 1165 indulgens
3146 1134 3162 1160 ,
3192 1104 3245 1150 et
3275 1096 3392 1151 talis
3419 1095 3508 1153 lilii

1932 1192 2101 1250 pater,
2134 1182 2335 1248 dilecti,
2368 1184 2643 1255 unigeniti,
2683 1184 2888 1255 pulchri
2918 1200 3023 1239 non
3060 1185 3280 1242 intuenti
3314 1187 3505 1250 solum,

1929 1272 2024 1326 sed
2054 1281 2109 1327 et
2133 1274 2531 1344 contemplanti.
2559 1274 2693 1337 Nam
2717 1284 2771 1329 et
2798 1275 2852 1335 in
2876 1275 2993 1345 ipso
3016 1283 3132 1333 erat
3155 1276 3326 1331 acutis
3351 1274 3504 1341 llore,

1928 1361 1981 1418 in
2025 1364 2235 1421 virtutis
2272 1364 2486 1436 vigore,
2528 1366 2583 1421 in
2617 1381 2724 1437 quo
2759 1365 2955 1436 duplex
2998 1366 3329 1439 pulchritudo
3350 1409 3366 1433 ,
3397 1376 3504 1423 tum

1928 1457 2138 1521 mentis,
2158 1466 2264 1511 tum
2291 1458 2552 1528 corporis,
2571 1458 2833 1516 elucebat.
2863 1458 3045 1529 Neque
3072 1474 3199 1514 vero
3228 1458 3506 1513 mediocri~

1928 1557 2009 1605 ter
2050 1549 2177 1605 illud
2220 1550 2288 1605 ad
2328 1565 2564 1605 amorem
2611 1559 2887 1620 paternum
2924 1550 3223 1621 augendum
3261 1550 3503 1615 valebat,

1924 1637 2067 1707 quod
2106 1648 2300 1709 prmter
2335 1654 2482 1710 spem
2513 1655 2724 1703 omnem
2764 1640 2920 1697 datus
2946 1639 3137 1697 fuerat.
3167 1639 3327 1696 Scitis
3361 1640 3502 1694 enim

1923 1743 2080 1797 quam
2114 1729 2222 1783 cari
2263 1730 2369 1785 sint
2410 1729 2671 1798 ejusmodi
2712 1730 2889 1796 liberi,
2923 1731 3011 1802 qui
3053 1740 3247 1801 praeter
3273 1745 3420 1800 spem
3448 1740 3504 1785 et

1921 1821 2403 1887 exspectationem,
2436 1836 2543 1874 non
2577 1820 2691 1890 lege
2724 1830 2924 1879 naturae
2953 1822 3193 1877 concessi
3220 1831 3372 1886 sunt,
3402 1836 3498 1876 cn-

1914 1908 2146 1978 jusmodi
2190 1909 2289 1964 fuit
2331 1911 2439 1965 ille.
2485 1910 2616 1965 Cum
2660 1910 2743 1967 his
2784 1910 3029 1969 omnibus
3066 1919 3242 1965 autem
3272 1910 3499 1965 maxime

1919 2006 2126 2068 poterat
2151 1999 2457 2055 scandalum
2488 1998 2728 2068 praebere
2763 1998 3072 2069 pollicitatio
3099 2008 3150 2053 et
3185 1999 3494 2067 promissio,

1918 2103 2037 2143 cum
2069 2089 2142 2144 illi
2167 2090 2500 2144 contrarium.
2519 2096 2665 2144 esset
2706 2088 3028 2145 mandatum.
3069 2088 3337 2160 Siquidem
3369 2105 3495 2159 pro-

1916 2182 2135 2235 missum
2180 2180 2349 2234 fuerat
2379 2197 2394 2234 :
2426 2179 2516 2237 Sic
2553 2179 2646 2243 erit
2687 2195 2852 2234 semen
2892 2189 3033 2232 tuum
3055 2220 3071 2245 ,
3102 2188 3156 2232 ut
3193 2178 3351 2233 stella:
3386 2179 3497 2232 ειειί

1916 2269 2072 2340 (Gen.
2103 2270 2191 2324 15.
2219 2269 2278 2340 5)
2310 2285 2325 2323 :
2356 2270 2661 2324 mandatum
2703 2276 2878 2325 autem
2916 2268 3089 2323 fuerat
3116 2278 3172 2324 ut
3200 2269 3494 2339 unigenitus

1915 2360 2084 2426 (ilius,
2113 2359 2264 2430 cujus
2303 2360 2531 2430 posteris
2558 2368 2723 2415 totum
2751 2359 2935 2415 orbem
2962 2368 3220 2414 terrarum
3247 2366 3362 2413 erat
3396 2358 3498 2413 im-

1916 2452 2189 2523 pleturus,
2219 2451 2308 2508 hic
2332 2467 2363 2508 e
2392 2451 2568 2511 medio
2608 2452 2914 2516 tolleretur,
2954 2466 3019 2506 ac
3059 2451 3216 2505 morti
3257 2450 3494 2520 caedique

1912 2544 2217 2599 saevissima:
2245 2542 2559 2599 traderetur.
2589 2542 2696 2599 Sed
2724 2556 2792 2597 ne
2818 2542 2897 2596 sic
2922 2541 3133 2612 quidem
3161 2540 3490 2597 scandaliza-

1913 2635 2096 2707 batur,
2126 2656 2226 2698 nec
2253 2635 2660 2712 perturbabatur
2677 2635 2850 2708 justus
2879 2634 2969 2689 ille
2987 2675 3004 2699 ,
3036 2649 3208 2702 neque
3238 2634 3339 2688 tale
3364 2632 3488 2703 quid

1911 2735 1985 2791 illi
2013 2734 2308 2801 accidebat,
2335 2734 2477 2805 quod
2508 2734 2597 2791 uni
2622 2734 2778 2793 alicui
2806 2745 2872 2788 ex
2901 2727 3290 2803 insipientibus,
3321 2734 3377 2781 et
3399 2727 3489 2796 qui

1912 2825 2056 2881 humi
2081 2833 2321 2896 serpunt,
2346 2824 2648 2885 accidisset.
2674 2823 2857 2894 Neque
2884 2824 3026 2880 enim
3049 2822 3189 2893 apud
3213 2838 3273 2877 se
3302 2822 3374 2883 ita
3396 2835 3491 2876 ~ra~

1909 2916 2192 2973 tiocinatus
2229 2923 2313 2972 est
2350 2933 2365 2970 :
2406 2915 2544 2983 Quid
2586 2914 2691 2971 hoc
2734 2915 2813 2970 rei
2855 2913 2974 2969 est?
3014 2913 3219 2981 decepti
3262 2912 3486 2973 sumus?

1908 3006 2136 3065 fraudati
2162 3009 2387 3067 sumus?
2427 3022 2495 3065 an
2533 3006 2639 3063 hoc
2675 3007 2768 3067 Dei
2805 3005 3109 3063 mandatum
3137 3005 3259 3061 est?
3287 3004 3483 3060 Absit:

1908 3092 2014 3156 non
2046 3115 2259 3170 possum
2298 3112 2518 3169 parere;
2545 3106 2606 3159 ut
2638 3096 2733 3153 lilii
2775 3097 3032 3168 parricida
3067 3096 3219 3161 liam,
3250 3105 3304 3151 et
3338 3096 3485 3165 ejus-

1908 3191 2049 3246 modi
2073 3190 2327 3261 sanguine
2348 3190 2623 3247 dexteram
2646 3203 2820 3247 meam
2842 3197 3137 3254 cruentent,
3165 3187 3352 3243 adduci
3379 3202 3485 3242 non

1909 3295 2146 3351 possum.
2174 3280 2452 3348 Quomodo
2478 3290 2657 3336 autem
2694 3277 2979 3350 promissio
3002 3277 3161 3335 ﬁnem
3188 3291 3344 3333 suum
3369 3291 3486 3333 sor-

1909 3374 2109 3430 tietur?
2137 3373 2195 3431 Si
2223 3373 2369 3431 enim
2395 3373 2629 3431 radicem
2671 3373 2933 3437 avellant,
2970 3367 3109 3433 unde
3145 3371 3319 3429 rami?
3345 3369 3487 3425 unde

1904 3466 2140 3523 fruetus?
2165 3466 2209 3521 si
2239 3465 2438 3524 fontem
2458 3465 2757 3540 occludam,
2782 3464 2922 3523 unde
2941 3463 3118 3521 ﬂuvii?
3141 3464 3187 3520 si
3212 3464 3486 3523 liliutn'oc-

1906 3556 2100 3625 cidam,
2128 3556 2269 3614 unde
2295 3556 2427 3615 mihi
2455 3564 2728 3628 nepottun,
2750 3571 2869 3628 quae
2893 3556 3168 3615 stellarum
3196 3554 3486 3613 multitudi-

1906 3662 2029 3704 nem
2069 3658 2348 3720 exmquet,
2388 3648 2669 3706 multitudo
2713 3649 3003 3708 nascetur?
3039 3647 3312 3715 Quomodo
3353 3662 3483 3717 ergo

1907 3751 2018 3798 tum
2046 3742 2147 3798 alia
2174 3740 2551 3813 promittebat,
2581 3750 2637 3797 et
2661 3741 2923 3798 contraria
2951 3753 3090 3795 nunc
3125 3737 3315 3809 jubet?
3342 3736 3481 3793 Nihil

1906 3833 2098 3890 horum
2123 3842 2212 3889 aut
2238 3833 2390 3901 dixit,
2419 3841 2513 3889 aut
2534 3832 2783 3902 cogitavit
2812 3849 2826 3886 :
2852 3831 2948 3889 sed
2974 3845 3162 3886 rursus
3187 3830 3254 3887 ad
3296 3840 3481 3899 poten-

1905 3925 2032 3983 tiam
2061 3926 2197 3996 ejus,
2226 3925 2315 3996 qni
2346 3924 2661 3995 promiserat
2690 3924 2811 3989 ista,
2835 3920 3164 3992 confugiens,
3196 3936 3314 3992 quae
3342 3920 3480 3981 inel-

1903 4017 2079 4074 t‘abilis
2104 4024 2192 4073 est
2211 4056 2228 4081 ,
2257 4031 2376 4086 qum
2410 4015 2582 4071 solers
2606 4023 2688 4070 est
2724 4022 2780 4070 et
2814 4013 3049 4082 locuples
3070 4053 3086 4079 ,
3117 4029 3235 4084 quae
3270 4029 3366 4083 per
3393 4028 3481 4070 res

1902 4106 2197 4165 contrarias
2221 4106 2412 4168 elucet.
2436 4119 2555 4176 que
2579 4112 2795 4174 superat
2821 4104 2966 4174 leges
2989 4113 3213 4171 naturae,
3240 4118 3361 4174 qua:
3387 4118 3482 4172 po-

1904 4201 2100 4255 tentior
2130 4208 2215 4255 est
2251 4196 2498 4255 omnibus
2518 4233 2535 4261 ,
2562 4195 2647 4251 cui
2682 4195 2932 4251 resistere
2972 4193 3102 4253 nihil
3140 4201 3346 4264 potest,
3378 4195 3481 4249 hoc

1901 4305 2115 4361 quoque
2142 4289 2448 4349 mandatum
2472 4285 2801 4345 conﬁdenter
2826 4284 3088 4353 exhausit,
3114 4294 3167 4343 et
3196 4284 3359 4342 ﬁlium
3387 4298 3480 4341 οοο

1902 4382 2064 4448 cidit,
2093 4391 2150 4439 et
2179 4381 2453 4438 dexteram
2500 4381 2829 4447 cruentavit,
2859 4389 2915 4436 et
2952 4379 3185 4451 gladium
3223 4379 3481 4449 sanguine

1902 4473 2123 4539 infecit,
2166 4460 2220 4529 et
2255 4486 2438 4529 ensem
2476 4472 2660 4543 jugulo
2700 4471 2959 4527 immersit
3004 4488 3017 4523 :
3054 4483 3176 4525 nam
3215 4469 3260 4522 si
3302 4468 3482 4524 minus

1902 4579 2096 4634 opere,
2123 4563 2309 4620 saltem
2337 4562 2498 4618 animi
2528 4562 2798 4633 proposito
2832 4569 3022 4617 cuncta
3050 4560 3148 4615 ista
3173 4557 3477 4627 complevit.

1902 4657 2162 4724 Quocirca
2186 4655 2314 4711 dum
2339 4669 2461 4712 eum
2499 4653 2709 4726 Moyses
2749 4651 3019 4716 laudaret,
3054 4651 3131 4705 sic
3156 4649 3229 4705 ait
3255 4666 3270 4704 :
3300 4646 3368 4700 Et
3394 4651 3479 4719 fa-

1902 4759 2039 4804 ctum
2059 4758 2131 4805 est
2154 4756 2267 4820 post
2288 4750 2397 4802 lucc
2414 4746 2580 4811 verba,
2607 4745 2746 4809 Betis
2767 4744 2969 4799 tentavit
2988 4742 3260 4806 Abraham,
3281 4750 3326 4795 et
3351 4740 3481 4794 dixit

1903 4844 1951 4898 ei
1975 4857 1995 4896 :
2021 4841 2165 4896 Tolle
2189 4841 2357 4910 ﬂium
2383 4848 2524 4893 tuum
2548 4837 2785 4892 dilectum
2801 4876 2816 4901 ,
2841 4851 2989 4906 quem
3011 4833 3230 4889 dilexisti
3244 4873 3259 4899 ,
3291 4830 3442 4889 Isaac
3460 4871 3477 4896 ,

1902 4945 1951 4991 et
1988 4934 2116 5002 affer
2156 4933 2300 4988 illum
2333 4947 2485 5002 sitper
2522 4945 2681 4987 unum
2716 4927 2984 4990 montium,
3016 4940 3141 4995 quos
3178 4924 3271 4979 tibi.
3303 4923 3478 4978 dixero

1909 5022 2072 5097 (Gen.
2100 5022 2191 5078 29..
2227 5023 2277 5077 l.
2305 5020 2394 5092 2).
2437 5018 2682 5075 Haecine
2718 5025 2842 5072 sunt
2873 5014 3031 5071 verba
3074 5013 3478 5084 pruniasionis,

1904 5112 2333 5186 pollicitationis,
2382 5126 2502 5180 qua:
2553 5106 2918 5178 signiﬁcabant
2966 5120 3090 5181 eum
3144 5112 3477 5173 posterorum

1907 5214 2107 5275 patrem
2144 5203 2377 5258 futurum
2402 5211 2458 5257 et
2483 5214 2665 5257 semen
2702 5198 2818 5268 ejus
2851 5197 3082 5255 futurum
3120 5196 3259 5255 sicut
3298 5195 3481 5250 stellas

1902 5297 2020 5352 caeli
2040 5300 2065 5350 ἰ
2092 5295 2225 5352 Vide
2247 5309 2355 5366 quo
2382 5303 2535 5365 pacto
2573 5302 2692 5363 post
2717 5291 2832 5346 haec
2854 5291 3014 5349 verba
3033 5329 3049 5354 ,
3076 5302 3199 5344 cum
3227 5287 3481 5346 audiissct

1905 5391 2071 5445 litium
2117 5401 2272 5443 suum
2318 5383 2699 5450 occidendum,
2740 5380 3039 5453 acquievit,
3087 5394 3207 5437 eum
3258 5393 3327 5435 est
3373 5392 3481 5447 quo

1907 5492 2049 5539 tanta
2095 5481 2358 5537 nascitura
2398 5489 2516 5537 erat
2554 5476 2830 5533 multitudo
2852 5516 2867 5539 ,
2896 5488 3018 5530 etun
3042 5513 3057 5540 ,
3097 5472 3307 5543 inquam
3331 5509 3346 5531 .
3379 5469 3479 5523 int-

1907 5574 2144 5638 molare,
2173 5556 2333 5645 atque
2363 5585 2396 5626 e
2434 5569 2609 5626 medio
2654 5567 2837 5623 tollere
2860 5605 2876 5631 ,
2920 5564 3135 5633 Deoque
3177 5565 3231 5617 in
3273 5558 3477 5614 sacrifi-

1914 5667 2055 5723 cium
2084 5663 2296 5724 oll‘erre.
2326 5664 2465 5724 Sane
2494 5664 2683 5722 Paulus
2706 5676 2823 5718 cum
2850 5674 2968 5716 eum
3000 5656 3197 5714 idcirco
3221 5652 3460 5709 laudaret
