4030 6206
426 276 526 332 κοδ

429 394 504 444 sic
547 408 670 447 eum
709 392 1150 457 commendabat,
1182 407 1245 446 ac
1283 391 1602 461 praedicabat
1624 429 1640 454 ,
1668 397 1728 444 ut
1761 387 1963 442 diceret
1994 402 2010 439 :

439 482 568 537 Fide
593 485 768 538 obtulit
800 485 1051 538 Abraham
1076 483 1247 550 Isaac,
1273 499 1389 536 cum
1415 490 1684 535 tentaretur
1708 478 1892 552 (Hebr.
1925 477 2014 532 Η.

436 575 528 642 17)
559 592 572 628 :
602 583 711 628 tum
743 584 796 628 ut
829 575 1076 637 doceret,
1107 583 1356 642 quantam
1387 587 1499 625 rem
1531 570 1750 634 fecerit,
1779 576 1834 624 et
1858 581 2016 636 quam

437 665 646 719 eximite
700 664 818 718 fidei
875 664 1141 733 specimen
1190 662 1452 726 ediderit,
1498 660 1694 730 adjecit
1733 677 1747 713 :
1788 657 1856 712 Et
1901 657 2019 712 uui-

438 756 657 826 genitum
687 753 923 820 olferebat
953 754 994 807 is
1017 795 1032 818 ,
1065 754 1150 821 qui
1179 753 1530 824 promissione:
1566 759 1871 820 susceperat.
1911 747 2021 801 llo-

442 861 558 898 rum
587 853 759 898 autem
791 843 876 897 hic
909 857 1097 897 sensus
1122 851 1202 898 est
1237 859 1250 895 :
1282 842 1392 896 Dici
1429 856 1533 895 non
1577 849 1785 910 petest,
1815 837 2018 906 inquit,

442 951 564 989 eum
590 934 724 989 duos
752 934 888 988 ﬁlios
931 934 1179 988 habuisse
1212 933 1515 987 carissimos
1538 973 1552 996 ,
1583 941 1636 986 et
1674 939 1983 1000 expectasse
2005 971 2020 994 ,

447 1036 504 1081 nt
533 1027 634 1081 hoc
663 1027 982 1096 interempto
1004 1066 1019 1090 ,
1049 1041 1116 1080 cx
1149 1025 1317 1079 altero
1355 1024 1455 1078 sibi
1499 1022 1780 1077 multitudo
1807 1021 1892 1074 illa
1925 1034 2024 1074 na-

447 1127 720 1183 scetetur,
747 1117 898 1186 cujus
938 1125 1089 1185 pater
1116 1125 1256 1170 esset
1287 1131 1303 1170 :
1333 1124 1387 1170 et
1413 1131 1575 1168 unum
1617 1114 1760 1168 illum
1804 1112 2024 1177 habuit,

449 1217 504 1262 ιιι
540 1208 608 1262 ab
647 1207 748 1263 hoc
792 1208 907 1262 solo
954 1207 1233 1276 promissio
1277 1206 1584 1276 pendebat:
1618 1214 1849 1258 attamen
1889 1204 2029 1257 hunc

455 1299 764 1353 interimere
794 1314 900 1353 non
927 1298 1232 1363 recusavit,
1274 1299 1412 1352 sicut
1453 1297 1505 1351 in
1532 1296 1886 1366 promissione
1931 1309 2029 1364 ge-

456 1389 750 1443 nerationis
792 1389 950 1458 ejus,
997 1404 1169 1458 neque
1213 1389 1294 1443 sui
1340 1388 1581 1456 corporis
1615 1386 1845 1440 emortui
1896 1400 2028 1440 con-

452 1480 686 1542 ditione,
729 1494 900 1548 neque
942 1479 1124 1534 uxoris
1151 1494 1260 1534 sute
1295 1479 1579 1533 sterilitate
1624 1487 1826 1532 natum
1857 1478 2026 1546 potuit

455 1572 700 1640 impediri
742 1572 1026 1642 quominus
1073 1572 1230 1627 ﬁdem
1264 1571 1521 1637 haberet,
1573 1572 1644 1626 ita
1689 1572 1774 1626 hic
1824 1587 2034 1640 quoque

457 1664 583 1718 nihil
617 1665 900 1734 impeditus
949 1680 981 1720 a
1021 1673 1195 1721 morte
1239 1664 1358 1720 fuit.
1403 1665 1529 1720 Haec
1556 1665 1716 1734 igitur
1754 1679 1874 1718 cum
1931 1665 2035 1719 illis

457 1770 740 1825 compara,
785 1771 904 1826 quae
934 1771 1073 1810 nunc
1099 1757 1253 1820 ﬁunt.
1299 1765 1408 1810 tum
1452 1764 1510 1811 tu
1548 1756 2035 1826 pusillanimitatem

461 1855 604 1899 tuam
635 1846 930 1912 intuebere,
959 1855 1069 1901 tum
1099 1861 1283 1902 eorum
1307 1887 1323 1912 ,
1353 1847 1444 1916 qui
1472 1847 1927 1911 scandalizantnr,
1958 1847 2038 1900 in-

462 1935 680 1990 tucbere
733 1936 1021 2004 vilitatem,
1070 1944 1126 1990 et
1170 1936 1313 1991 clare
1359 1936 1622 2006 intelliges
1675 1951 1778 1989 non
1816 1936 2039 2010 ‘aliunde

463 2034 606 2080 tuum
655 2025 962 2081 scandalum
1009 2026 1270 2097 originem
1313 2027 1531 2091 ducere,
1563 2043 1721 2097 quam
1768 2026 1907 2098 quod
1959 2029 2042 2081 in-

461 2116 927 2185 comprehensibili
963 2117 1054 2171 Dei
1082 2117 1430 2186 providentiae
1471 2118 1689 2172 minime
1714 2119 1872 2172 cedas
1894 2157 1910 2183 ,
1941 2116 2035 2171 sed

464 2207 918 2274 dispensationum
940 2207 1056 2275 ejus
1075 2207 1293 2262 modum
1307 2208 1503 2277 ubique
1522 2207 1806 2278 disquiras,
1830 2223 2044 2263 causas-

465 2311 570 2364 que
593 2311 778 2350 eorum
798 2338 814 2362 ,
843 2312 960 2365 qua:
988 2307 1264 2365 geruntur,
1301 2298 1563 2366 requiras,
1587 2308 1640 2353 et
1663 2298 1868 2367 singula
1898 2313 2045 2351 scru-

469 2386 597 2440 teris
630 2403 645 2439 :
677 2388 815 2455 quod
845 2386 890 2439 si
919 2387 1203 2442 accidisset
1243 2387 1572 2455 Ahrahamo,
1609 2389 1766 2458 plane
1792 2389 1857 2443 ad
1887 2389 2044 2443 fidem

471 2475 765 2529 habendam
796 2475 1168 2532 claudicasset.
1224 2479 1294 2532 At
1338 2477 1442 2532 hoc
1489 2477 1567 2532 illi
1615 2494 1722 2533 non
1765 2478 2000 2534 accidit‘
2028 2520 2044 2544 ,

468 2575 629 2638 atque
673 2568 870 2624 idcirco
910 2570 1140 2625 celebris
1167 2578 1222 2626 et
1257 2571 1475 2626 illustris
1505 2570 1640 2637 fuit,
1682 2580 1738 2627 et
1764 2572 2045 2640 omnibus,

470 2674 592 2728 qua:
619 2661 879 2729 promissa
911 2660 1154 2728 fuerant,
1185 2671 1270 2718 est
1310 2663 1542 2732 potitus;
1576 2679 1749 2733 neque
1775 2674 2050 2719 senectute

476 2749 862 2806 scandalizatus
891 2759 993 2819 est,
1013 2767 1186 2823 neque
1212 2753 1461 2809 mandato
1477 2753 1616 2823 quod
1640 2763 1918 2824 sequutum
1945 2763 2046 2819 est;

482 2857 656 2912 neque
695 2845 1034 2913 promissioni
1074 2845 1282 2901 obicem
1330 2845 1636 2901 mandatum
1681 2847 1910 2902 futurum
1962 2862 2055 2901 ar-

477 2935 703 2990 bitratus
727 2947 810 2991 est
829 2976 848 3004 ,
880 2953 1054 3007 neque
1077 2939 1393 2994 sacrificium
1426 2938 1836 3009 promissionem
1875 2953 1906 2993 e
1935 2953 2052 2993 me-

475 3025 566 3078 dio
604 3027 934 3082 sublaturum
962 3070 978 3096 ,
1025 3044 1198 3099 neque
1235 3031 1287 3084 in
1333 3044 1450 3084 eam
1496 3029 1682 3085 incidit
1716 3030 2053 3099 desperatio-

480 3133 633 3182 nem,
662 3126 719 3171 ut
745 3117 814 3173 de
859 3119 1216 3188 promissione
1261 3130 1437 3174 actum
1463 3127 1716 3189 putaret,
1750 3119 1959 3175 tametsi
1987 3118 2054 3173 ad

481 3207 655 3276 ipsum
687 3223 864 3262 rerum
899 3209 1057 3264 ﬁnem
1080 3209 1404 3278 perveniret.
1449 3209 1566 3263 Noli
1611 3209 1753 3263 enim
1796 3210 1898 3263 hoc
1925 3207 2055 3262 mihi

482 3300 830 3370 respondere,
875 3315 978 3352 non
1012 3301 1318 3368 permisisse
1358 3300 1548 3365 Deum,
1579 3308 1638 3355 ut
1671 3299 1973 3363 mandatum
2003 3300 2055 3352 in

482 3403 616 3458 opus
641 3389 837 3456 exiret,
876 3406 1050 3460 neque
1068 3391 1194 3460 justi
1220 3391 1494 3446 dexteram
1537 3401 1865 3446 cruentatam
1891 3405 2010 3446 esse
2037 3405 2054 3443 :

481 3494 663 3534 verum
688 3479 815 3534 illud
845 3481 1125 3538 considera
1159 3523 1176 3550 ,
1214 3482 1345 3537 nihil
1376 3483 1566 3537 horum
1593 3485 1812 3539 sciviSse
1829 3484 2055 3554 justum,

488 3585 662 3638 neque
690 3586 749 3625 se
774 3572 950 3626 vivum
979 3573 1126 3626 illum
1155 3582 1492 3643 recepturum
1515 3615 1530 3640 ,
1562 3584 1722 3644 atque
1749 3576 1817 3628 ita
1843 3575 2058 3628 domum

486 3676 823 3716 reversurum
870 3664 1120 3726 novisse,
1169 3665 1263 3719 sed
1307 3673 1469 3718 totam
1515 3675 1748 3719 mentem
1794 3679 1944 3718 suam
1995 3663 2060 3718 ad

482 3753 685 3807 caedem
717 3754 1030 3809 intendisse.
1081 3755 1284 3810 Idcirco
1333 3758 1491 3811 etiam
1543 3756 1781 3812 secundo
1817 3756 1884 3811 de
1928 3757 2061 3812 emlo

486 3855 728 3901 vocatur.
787 3845 971 3916 Neque
1017 3847 1160 3901 enim
1207 3847 1464 3901 Abraham
1525 3847 1840 3917 simpliciter
1885 3845 2059 3901 dixit:

488 3937 606 4002 sed,
636 3937 910 4004 Abraham,
962 3938 1216 3992 Abraham
1241 3937 1391 4009 (Gen.
1417 3938 1510 3994 22.
1546 3937 1624 4011 ί),
1652 3938 1800 3993 vocis
1837 3941 1887 3994 in
1904 3939 2066 4012 gemi-

489 4029 704 4083 natione
749 4029 1009 4084 intentum
1036 4030 1102 4083 ad
1153 4029 1475 4086 sacriﬁcium
1520 4031 1686 4085 animi
1735 4033 2063 4102 propositum

487 4119 807 4186 reprimens,
835 4129 888 4172 et
913 4135 1172 4175 revocans
1199 4138 1213 4172 :
1247 4122 1318 4175 ita
1342 4131 1484 4176 totus
1511 4122 1576 4176 ad
1605 4122 1910 4177 mandatum
1939 4139 2062 4193 per-

489 4206 752 4276 agendum
795 4208 1154 4263 incumbebat.
1192 4211 1353 4266 Vides
1397 4221 1560 4266 totam
1604 4230 1718 4269 rem
1757 4215 1872 4284 ejus
1897 4216 2064 4270 animi

497 4299 758 4352 sententia
807 4297 970 4353 fuisse
1009 4301 1326 4369 completam
1371 4310 1428 4356 et
1466 4303 1753 4372 perfectam
1778 4345 1794 4371 ,
1835 4321 1934 4360 nec
1977 4322 2068 4370 us-

489 4403 646 4458 quam
683 4389 990 4443 scandalum
1036 4405 1367 4460 comparere.
1401 4392 1454 4447 ld
1483 4409 1610 4448 vero
1645 4395 1696 4448 in
1734 4410 1890 4449 causa
1927 4395 2060 4462 fuit,

489 4481 631 4550 quod
674 4482 726 4535 itt
771 4483 1007 4542 actiones
1047 4483 1139 4537 Dei
1169 4485 1381 4539 curiose
1422 4500 1526 4539 non
1569 4485 1880 4554 inquireret.
1928 4486 2064 4553 Quid

493 4588 620 4627 vero
640 4571 876 4642 Ioseph?
897 4572 1002 4636 die,
1033 4589 1214 4642 qmeso
1244 4590 1258 4627 :
1292 4589 1469 4629 nonne
1495 4574 1598 4629 tale
1625 4574 1751 4644 quid
1773 4575 1822 4629 ei
1849 4575 2066 4629 accidit?

494 4663 625 4719 Nam
656 4663 812 4718 etilli
840 4679 1025 4734 magna
1054 4664 1296 4733 quaedam
1344 4680 1375 4719 a
1419 4666 1528 4720 Deo
1566 4666 1851 4736 promissio
1897 4665 2069 4722 fuerat

493 4756 694 4818 oblata,
723 4764 776 4809 et
801 4769 888 4810 res
916 4756 1197 4809 ctmtrarize
1243 4755 1581 4825 promissioni
1627 4770 1810 4810 rursus
1851 4757 2067 4811 evenie-

494 4845 640 4900 bant.
679 4847 872 4902 Fuerat
900 4848 1042 4903 enim
1089 4848 1412 4918 promissum
1441 4863 1535 4918 per
1573 4849 1778 4904 somnia
1808 4850 2064 4918 futurum,

499 4944 556 4988 ut
599 4951 721 4990 eum
774 4937 968 4993 fratres
1007 4940 1328 5006 adorarent,
1374 4950 1531 5010 atque
1560 4941 1660 4995 hoc
1702 4940 1897 5012 duplex
1934 4942 2070 4997 visio

503 5030 904 5096 praniuntiavit,
943 5048 1064 5087 cum
1113 5035 1199 5088 illa
1229 5050 1325 5104 per
1361 5035 1579 5099 stellas,
1618 5044 1728 5088 tum
1767 5035 1933 5090 altera
1974 5051 2071 5106 per

502 5121 798 5191 manipulos
827 5139 840 5174 :
873 5139 990 5192 qua:
1017 5142 1141 5179 vero
1168 5136 1287 5196 post
1318 5127 1550 5184 visiones
1574 5129 1912 5198 acciderunt,
1939 5143 2075 5184 con-

504 5213 662 5265 traria
701 5211 858 5281 plane
884 5214 1172 5270 visionibus
1212 5215 1441 5272 fuerunt.
1485 5219 1721 5274 Primum
1769 5222 1909 5277 enim
1942 5235 2071 5291 gra-

501 5299 580 5350 vis
613 5296 737 5351 inde
768 5311 940 5367 pugna
977 5300 1208 5366 paternis
1251 5302 1301 5355 in
1342 5303 1543 5358 aedibus
1582 5307 1816 5361 excitata
1853 5313 1970 5370 est,
2017 5315 2072 5360 et

502 5389 591 5452 qui
629 5403 694 5442 ex
737 5389 924 5443 eodem
956 5391 1160 5446 fuerant
1203 5402 1354 5450 utero
1383 5396 1531 5461 nati,
1561 5396 1889 5468 cognationis
1927 5397 2072 5468 leges

501 5478 759 5533 violantes
781 5519 796 5545 ,
829 5490 882 5534 et
910 5481 1125 5536 fraterni
1155 5486 1353 5540 amoris
1380 5487 1588 5542 vincula
1619 5497 2025 5559 perrumpentes
2050 5529 2066 5555 ,

507 5575 618 5642 ipsa
669 5571 899 5642 denique
935 5572 1052 5642 jura
1095 5583 1296 5630 natura:
1340 5577 1764 5649 perfringentes,
1797 5578 1994 5636 inimici
2021 5588 2075 5635 et

565 5693 582 5723 ι
604 5691 708 5752 Alii,
732 5703 824 5743 non
847 5693 1082 5742 scrutatus
1114 5697 1200 5750 est,
1227 5703 1329 5753 pro,
1356 5703 1446 5742 non
1471 5691 1542 5743 illi
1567 5694 1763 5747 accidit.

1095 279 1154 335 S.
1193 278 1470 335 JOANNIS
1505 273 1976 332 CIIRYSOSTOMI
2017 272 2335 328 ARCHIEP.
2374 267 2907 327 CONSTANTINOI'.

3580 263 3673 316 ΒΜ
3739 257 3752 266 “

2124 384 2305 440 hostes
2328 425 2343 449 ,
2392 399 2454 438 ac
2500 382 2751 437 saeviores
2796 380 2934 449 lupis
2979 390 3102 447 erga
3151 374 3365 429 fratrem
3417 385 3680 428 omsmue

2121 475 2385 529 visionum
2438 474 2644 527 illarum
2695 477 3012 532 evaserunt;
3065 476 3120 520 et
3169 461 3609 533 quemadmodum
3642 463 3681 515 si

2122 563 2247 620 ferte
2273 574 2432 633 atque
2461 566 2721 617 immanes
2750 562 2938 616 bellum
2967 558 3206 628 quaedam
3237 570 3429 625 agnum
3460 570 3490 608 e
3523 554 3686 607 medio

2121 654 2447 722 abriperent,
2481 655 2550 706 ita
2576 652 2810 722 quotidie
2833 649 3051 704 insidias
3077 647 3148 701 illi
3180 645 3488 700 tendebant.
3525 645 3686 712 Atque

2125 743 2281 812 hujus
2305 743 2427 798 belli
2456 757 2648 812 parens
2675 749 2730 796 et
2756 750 2941 794 auctor
2967 736 3262 806 fuitiniqua
3291 733 3533 804 quzedam
3557 735 3685 786 invi-

2125 833 2233 897 dia,
2259 843 2312 888 et
2334 834 2476 888 livor
2498 833 2724 901 injustns
2747 849 2761 884 :
2782 833 2964 899 iraque
2981 828 3246 882 ferventes
3269 825 3492 894 singulis
3515 824 3691 878 diebus

2128 924 2329 979 eadem
2376 923 2491 992 ejus
2541 921 2881 984 anhelabant,
2925 935 3044 974 cum
3072 918 3210 972 hanc
3246 919 3298 972 in
3322 919 3404 972 eis
3435 915 3688 970 fornacem

2128 1015 2463 1079 accenderet,
2488 1025 2540 1069 et
2557 1013 2820 1068 flammam
2842 1012 3098 1065 excitaret
3124 1007 3342 1062 invidia.
3365 1007 3431 1061 Et
3453 1006 3690 1076 quoniam

2131 1107 2254 1161 dum
2302 1106 2447 1161 domi
2492 1105 2730 1175 degeret,
2777 1111 2832 1157 et
2870 1117 2991 1155 cum
3023 1099 3332 1170 parentibus
3366 1105 3690 1158 versaretur,

2131 1199 2263 1253 nihil
2292 1199 2504 1252 interim
2533 1197 2606 1251 illi
2638 1197 2761 1250 mali
2807 1201 3050 1263 poterant
3079 1190 3272 1244 inferre
3291 1230 3305 1254 ,
3339 1187 3502 1256 i'psins
3526 1186 3698 1240 existi-

2134 1289 2353 1345 mationi
2397 1287 2718 1349 detrahunt,
2767 1285 2988 1353 ejusque
3034 1280 3237 1336 nomini
3282 1289 3461 1332 notam
3491 1277 3700 1330 inurunt

2134 1380 2384 1445 infamim,
2417 1387 2469 1434 et
2490 1393 2646 1447 prava
2675 1376 3044 1432 criminatione
3071 1372 3214 1426 illum
3242 1376 3510 1430 accusant,
3541 1373 3696 1434 atque

2137 1471 2239 1526 hoc
2260 1481 2413 1541 pacto
2440 1471 2604 1540 patris
2632 1469 2685 1523 in
2710 1483 2833 1523 eum
2858 1481 3094 1521 amorem
3127 1463 3335 1518 auferre
3361 1457 3701 1520 contendunt,

2137 1571 2195 1616 ut
2241 1562 2315 1615 ita
2359 1559 2567 1615 facilius
2620 1560 2856 1629 ipsorum
2904 1555 3111 1611 insidiis
3156 1553 3274 1622 capi
3325 1550 3517 1621 possit.
3572 1548 3703 1601 Tum

2139 1651 2333 1707 deinde
2354 1650 2483 1705 foris
2507 1665 2627 1704 eum
2653 1647 2837 1718 procul
2860 1662 2890 1701 a
2912 1654 3200 1714 conspectu
3223 1642 3389 1712 patris
3408 1636 3716 1708 deprehen-‘

2139 1742 2348 1807 dentes,
2379 1755 2499 1795 cum
2525 1741 2577 1793 in
2600 1739 2811 1794 deserto
2830 1737 3025 1791 cibaria
3048 1735 3145 1792 sibi
3175 1732 3500 1788 deferentem
3520 1770 3534 1793 ,
3561 1737 3622 1781 et
3649 1725 3706 1780 ad

2141 1847 2236 1888 eos
2279 1831 2568 1886 visitandos
2609 1828 2907 1900 profectum
2951 1827 3309 1890 invenissent,
3341 1836 3510 1891 neque
3536 1817 3710 1889 profc-

2141 1924 2338 1981 ctionis
2366 1937 2580 1978 causam
2610 1929 2733 1975 sunt
2764 1918 2998 1984 reveriti,
3030 1932 3200 1986 neque
3224 1914 3472 1969 fraterna:
3518 1924 3712 1964 mensa:

2145 2017 2266 2072 illos
2302 2014 2518 2085 puduit,
2563 2011 2658 2068 sed
2686 2010 2889 2081 gladios
2932 2008 3212 2070 acuebant,
3259 2015 3312 2058 et
3338 2018 3397 2058 se
3421 2000 3484 2056 ad
3516 1999 3715 2054 caedem

2145 2106 2509 2176 accingebant,
2528 2117 2818 2173 omnesque
2848 2100 3023 2155 fratris
3051 2096 3329 2169 parricidae
3359 2093 3574 2158 ﬁebant,
3602 2107 3718 2145 cuin

2147 2198 2278 2252 nihil
2305 2211 2524 2267 parvum
2553 2202 2645 2249 aut
2669 2207 2917 2264 magnum
2945 2192 2993 2246 ei
3036 2197 3255 2260 possent
3273 2186 3524 2255 objicere,
3554 2199 3714 2253 quem

2149 2291 2478 2346 interfecturi
2505 2295 2690 2352 erant;
2714 2285 2809 2342 sed
2833 2298 3018 2341 eorum
3046 2296 3226 2346 causa,
3251 2279 3320 2335 ob
3344 2293 3462 2348 qua:
3482 2275 3720 2346 praemiis

2149 2383 2288 2438 afﬁci
2327 2396 2390 2436 ac
2417 2379 2694 2451 praedicari
2727 2393 2848 2434 eum
2879 2375 3147 2446 oportuit,
3185 2371 3525 2435 invidebant,
3555 2383 3724 2437 oppu-

2149 2474 2401 2546 gnabant,
2423 2481 2478 2528 et
2495 2469 2776 2527 calumniis
2810 2466 3147 2537 appetebant.
3187 2464 3255 2516 At
3290 2462 3379 2515 ille
3404 2458 3590 2514 nesic
3615 2456 3726 2527 qni-

2151 2567 2274 2621 dem
2298 2565 2508 2619 illorum
2534 2575 2878 2632 congressum
2902 2557 3262 2618 aversabatur,
3291 2551 3384 2608 sed
3411 2552 3568 2606 etiam
3609 2563 3725 2617 erga

2155 2668 2353 2715 tantam
2393 2655 2784 2726 improbitatem
2816 2652 3105 2706 fraternum
3137 2661 3374 2702 amorem
3402 2643 3727 2700 exhibebat:

2155 2750 2229 2805 illi
2264 2757 2446 2805 contra
2481 2747 2558 2800 sic
2599 2744 2845 2800 allectum
2893 2740 3196 2795 interimere
3250 2734 3581 2790 conabantur
3623 2749 3639 2796 ;
3682 2738 3732 2783 et

2159 2850 2414 2911 quantum
2442 2838 2494 2892 in
2525 2837 2654 2907 ipsis
2673 2833 2885 2905 quidem
2916 2831 3036 2896 fuit,
3076 2829 3475 2890 interemerunt,
3503 2837 3733 2892 suasque

2155 2932 2404 2986 dexteras
2425 2935 2786 2989 cruentarunt,
2819 2933 2872 2978 et
2909 2923 3191 2977 fraternam
3218 2917 3420 2975 caedem
3457 2923 3735 2984 perpetra-

2159 3033 2303 3078 runt.
2350 3021 2729 3077 Verumtamen
2758 3017 2928 3071 solcrs
2977 3013 3068 3068 Dei
3114 3011 3391 3080 sapientia,
3440 3017 3494 3062 et
3529 3022 3657 3075 qua:
3686 3006 3733 3058 in

2159 3114 2320 3170 rebus
2359 3111 2646 3182 deploratis
2692 3110 2791 3164 iter
2840 3104 3132 3162 secundum
3173 3101 3363 3171 aperit,
3408 3114 3528 3154 cum
3557 3097 3618 3151 in
3651 3096 3737 3149 ba-

2159 3205 2398 3261 rathrum
2450 3218 2570 3257 eum
2620 3200 2942 3271 przecipttcm
2991 3194 3158 3250 acturi
3205 3201 3258 3248 et
3320 3191 3437 3246 neci
3490 3186 3734 3244 tradituri

2161 3305 2374 3360 essent,
2417 3309 2481 3349 ex
2533 3291 2747 3347 nefariis
2783 3289 2989 3344 illorum
3031 3285 3272 3340 manibus
3313 3283 3483 3352 ipsum
3516 3279 3735 3348 eripuit.

2161 3390 2293 3444 Nam
2321 3385 2586 3442 consuluit
2613 3383 2824 3453 quidem
2853 3394 2992 3434 unus
3011 3394 3076 3434 ex
3106 3375 3357 3431 fratribus
3382 3415 3396 3438 ,
3444 3381 3501 3426 ut
3541 3385 3642 3424 eos
3678 3368 3742 3420 ab

2164 3481 2258 3537 illo
2283 3478 2567 3550 parricidio
2608 3483 2916 3535 revocaret;
2945 3471 3037 3526 sed
3080 3484 3261 3524 eorum
3312 3475 3545 3521 mentem
3601 3463 3746 3517 flexit

2166 3573 2327 3636 Deus,
2369 3585 2433 3625 ac
2473 3566 2674 3623 caedem
2727 3564 3016 3633 impedivit.
3051 3559 3154 3616 Sed
3187 3575 3254 3613 ne
3284 3558 3370 3611 hic
3398 3555 3614 3626 quidem
3650 3555 3746 3607 im—

2164 3675 2317 3735 petus
2344 3663 2602 3717 malorum
2645 3658 2912 3720 substitit,
2949 3669 3132 3709 verum
3171 3650 3395 3706 ulterius
3435 3661 3628 3702 rursus
3667 3653 3746 3699 cst

2167 3731 2497 3826 progressus.
2523 3750 2781 3819 Quoniam
2809 3747 2951 3802 enim
2984 3745 3128 3798 illum
3159 3739 3462 3796 interimere
3487 3731 3746 3805 prohibiti

2167 3848 2397 3913 fuerant,
2419 3844 2591 3899 adhuc
2611 3851 2784 3896 autem
2813 3840 2886 3892 ira
2911 3835 3165 3899 fervebat,
3187 3842 3240 3887 ct
3262 3831 3406 3884 furor
3425 3828 3663 3897 vigebat,
3685 3840 3746 3877 ac

2169 3939 2431 4012 passionis
2457 3935 2684 4007 procella
2711 3930 2982 3993 saeviebat,
3002 3928 3053 3980 in
3076 3925 3214 3979 aliud
3243 3921 3509 3993 quidpiam
3535 3918 3748 3972 iracun-

2167 4009 2310 4091 diam
2338 4032 2658 4089 eﬁ'nderunt.
2693 4028 2919 4081 Exutnm
2938 4022 3080 4077 enim
3106 4019 3402 4074 etvinctum
3429 4027 3548 4067 eum
3571 4009 3751 4079 proje-

2170 4133 2357 4181 cerunt
2381 4124 2432 4178 in
2448 4123 2618 4176 lacum
2646 4117 2888 4172 crudeles
2906 4115 2998 4179 illi,
3019 4108 3311 4173 inhumani,
3332 4115 3489 4175 atque
3504 4101 3710 4157 efferati
3732 4115 3746 4163 ;

2171 4217 2366 4273 deinde
2394 4215 2595 4270 delatos
2622 4211 2686 4264 ab
2714 4207 2974 4265 illo'cibos
3004 4205 3381 4273 degustarunt;
3421 4206 3474 4251 et
3503 4193 3593 4248 ille
3637 4192 3754 4272 qni-

2173 4309 2294 4363 dem
2323 4307 2374 4360 in
2405 4306 2519 4358 lacu
2551 4310 2692 4356 metu
2725 4298 2910 4352 mortis
2959 4292 3282 4350 imminentis
3311 4296 3587 4356 correptus
3634 4298 3755 4337 ver-

2174 4399 2406 4461 sabatur,
2443 4396 2514 4449 illi
2546 4408 2670 4446 vero
2692 4389 2893 4444 deliciis
2925 4397 2978 4440 et
3005 4382 3248 4440 ebrietati
3277 4379 3548 4434 vacabant.

2241 4488 2434 4558 Ioseph
2457 4505 2486 4539 a
2513 4485 2751 4556 fratribus
2774 4481 3022 4534 venditur.
3039 4477 3281 4530 Tentatur
3309 4473 3370 4525 ab
3389 4472 3507 4524 hera
3530 4464 3752 4535 Ioseph.

2171 4611 2240 4624 --
2267 4557 2448 4649 Neque
2469 4577 2571 4630 huc
2595 4589 2759 4644 usque
2788 4582 2989 4625 tantum
3017 4569 3225 4622 illorum
3251 4562 3481 4633 perrexit
3507 4557 3753 4619 insania;

2174 4673 2268 4730 sed
2296 4687 2416 4726 cum
2445 4669 2688 4724 homines
2717 4665 2991 4724 barbaros,
3019 4668 3073 4714 et
3101 4657 3282 4728 procul
3312 4654 3376 4706 ab
3405 4652 3616 4705 illorum
3666 4665 3756 4701 rc-

2173 4768 2330 4837 gione
2371 4760 2669 4830 habitantes
2699 4757 2748 4810 in
2793 4753 3079 4822 IEgyptum
3117 4747 3370 4801 vidissent
3398 4739 3754 4802 descendere,

2173 4829 2441 4928 arreptum
2487 4855 2702 4908 fratrem
2753 4849 2857 4902 illis
2897 4844 3264 4906 vendiderunt,
3311 4846 3370 4892 ut
3415 4834 3636 4888 alteram
3681 4829 3756 4882 illi

2177 4922 2401 5006 mortem
2426 4944 2708 5016 quamdam
2735 4939 3050 5008 longiorem.
3089 4931 3437 4992 acerbiorem,
3465 4941 3528 4979 ac
3571 4922 3760 4977 multis

2178 5039 2407 5095 miseriis
2445 5036 2697 5091 refertam
2750 5029 3201 5084 machinarentur.
3251 5021 3454 5089 Quippe
3497 5017 3583 5086 qui
3633 5029 3758 5068 cum

2174 5133 2383 5203 juvenis
2409 5137 2574 5193 esset,
2610 5136 2664 5181 et
2699 5123 2850 5177 valde
2872 5120 3102 5190 juvenis,
3129 5116 3397 5180 multaque
3431 5127 3549 5164 cum
3591 5107 3760 5160 libor-

2181 5201 2286 5279 tate
2312 5219 2544 5292 paternis
2595 5222 2646 5271 in
2694 5214 2895 5269 aedibus
2932 5211 3205 5270 educatus,
3261 5203 3454 5258 nullam
3503 5201 3763 5266 umquam

2180 5315 2509 5374 servitutem,
2549 5317 2640 5362 aut
2668 5305 2933 5360 miseriam
2984 5298 3253 5354 servitutis
3294 5303 3435 5348 esset
3477 5299 3762 5358 expertus,

2181 5404 2354 5474 cogita
2391 5397 2659 5470 quomodo
2692 5403 2833 5451 esset
2870 5392 3110 5452 affectus,
3155 5389 3240 5457 qui
3277 5385 3452 5439 subito
3490 5397 3554 5435 ex
3586 5379 3770 5431 libero

2181 5509 2387 5558 servus,
2427 5491 2735 5562 peregrinus
2765 5505 2826 5542 ex
2857 5490 2972 5540 cive
3003 5483 3172 5536 laetus
3196 5485 3359 5541 essm,
3406 5487 3459 5530 et
3487 5475 3536 5528 in
3573 5483 3769 5526 extre-

2183 5601 2323 5642 mam
2355 5583 2710 5653 captivitatem
2751 5577 3028 5637 abduetus,
3062 5589 3165 5653 non
3197 5572 3247 5624 in
3286 5568 3589 5622 scrvitmem
3637 5577 3770 5614 tan-

2188 5692 2318 5747 ium,
2349 5677 2442 5734 50d
2465 5685 2518 5731 et
2549 5690 2578 5728 a
2608 5681 2753 5742 patre
2779 5685 2836 5724 ac
2867 5679 3053 5735 matre,
3078 5647 3774 5732 omnibusquepropinquis
