4030 6206
494 295 601 354 505

494 412 663 478 ξένος,
710 409 913 472 ἄοικος,
957 406 1167 471 ἄπολις,
1215 405 1366 475 νόμῳ
1407 400 1652 465 δουλείας
1706 399 2067 471 βαρϐαρικαῖς

497 503 680 574 χερσὶν
702 500 1063 571 ἐκδεδομένος.
1085 497 1150 550 Τί
1174 496 1281 567 γάρ
1301 496 1402 547 οὐκ
1427 489 1495 564 ἦν
1521 492 1684 547 αὐτὸν
1705 492 1888 546 ἱκανὸν
1912 491 2073 562 θορυ-

495 595 692 665 ϐῆσαις
717 594 779 647 τὸ
805 592 1017 663 ἀθρόον,
1049 591 1109 643 τὺ
1144 587 1569 659 ἀπροσδόκητον,
1614 586 1676 638 τὸ
1723 586 1855 655 παρ’
1885 584 2072 638 ἐλπίδα

497 685 591 737 καὶ
625 683 980 754 ἀμελέτητον,
1004 681 1067 733 τὸ
1099 679 1336 750 χαλεπὸν
1360 678 1462 748 τῆς
1506 677 1813 748 συμφοράς,
1843 675 1905 728 τὸ
1939 677 2071 747 παρ’

498 773 763 841 ἀδελφῶν,
791 772 886 825 καί⁵
915 771 1161 841 ἀδελφῶν
1193 770 1593 841 ἀγαπωμένων.
1625 769 1700 840 μὴ
1742 768 1958 840 μικρὸν,
1995 768 2071 839 μὴ

502 865 645 934 μέγα
661 864 901 927 ἐκείνους
918 864 1238 934 ἠδικηκότα,
1255 862 1453 933 μᾶλλον
1468 862 1526 915 δέ
1540 862 1635 916 καὶ
1649 860 2070 931 εὐεργετηκότα,

498 956 668 1010 ταῦτα
684 956 876 1009 παθεῖν
896 972 910 1021 ;
928 955 1066 1008 Ἀλλ’
1083 957 1233 1026 ὅμως
1250 954 1424 1007 ούδενὶ
1442 956 1648 1007 τούτων
1666 951 2070 1024 διεταράττετο,
2090 1006 2095 1015 ι

497 1047 612 1100 ἀλλ’
639 1048 882 1117 ἀπήγετο
907 1046 995 1099 διὰ
1020 1046 1127 1099 τῶν
1147 1046 1404 1116 ἐμπόρων
1427 1044 1654 1098 ἐκείνων
1675 1046 1754 1107 εἰς
1775 1044 2070 1112 Αἴγυπτον,

496 1141 740 1194 δουλείαν
762 1142 827 1193 ἐκ
850 1138 1091 1202 δουλείας
1110 1138 1372 1209 ἀμείϐων.
1401 1138 1512 1191 Kal
1529 1137 1637 1207 γὰρ
1662 1138 1756 1189 καὶ
1775 1137 1893 1189 ἐκεῖ
1911 1133 2074 1187 πάλιν

499 1229 650 1304 μοι]
676 1233 884 1301 ἐγίνετο
915 1232 1119 1296 δοῦλος,
1161 1231 1255 1284 καὶ
1292 1229 1425 1301 ᾠκει
1464 1229 1806 1301 βαρϐαρικὴν
1839 1228 2016 1281 οἰκίαν
2045 1229 2075 1280 6

509 1325 778 1397 Ἐϐραῖος,
792 1328 821 1377 6
839 1323 1066 1395 εὐγενὴς
1079 1325 1108 1376 6
1121 1323 1313 1396 διπλῆν
1330 1322 1638 1396 ἐλευθερίαν
1656 1321 1957 1392 ἐλεύθερος,
1979 1321 2076 1374 καὶ

497 1417 596 1488 τὴν
619 1416 712 1470 τοῦ
740 1419 1009 1487 σώματος,
1037 1418 1131 1470 καὶ
1154 1416 1254 1487 τήν
1278 1416 1379 1486 τῆς
1399 1404 1598 1486 ψυχῆς·
1629 1415 1724 1467 καὶ
1745 1413 1865 1467 οὐδὲ
1889 1410 2076 1465 ἐντεῦ-

499 1509 590 1562 θεν
619 1509 964 1579 ἐταράττετο,
996 1508 1117 1562 ούδέ
1149 1508 1561 1571 ἐσκανδαλίζετο
1588 1508 1724 1579 πρὸς
1753 1507 1821 1561 τά
1844 1523 2077 1577 γεγενη·

503 1599 657 1670 μένα,
686 1599 797 1652 τῶν
825 1598 1002 1668 ὄψεων
1033 1598 1586 1670 ἀναμιμνησκόμενος
1624 1598 1732 1652 τῶν
1757 1599 1825 1653 τά
1858 1600 2077 1652 ἐναντία

500 1688 1005 1759 ἐπαγγελλομένων
1027 1689 1146 1742 ούδέ
1174 1688 1607 1760 περιειργάζετο,
1623 1688 1675 1741 τί
1692 1688 1889 1759 δήποτε
1907 1687 2078 1742 ταῦτα

498 1781 709 1849 γίνεται
730 1796 744 1846 ;
780 1781 888 1834 Kal
911 1782 960 1834 οί
989 1780 1085 1851 μὲν
1107 1780 1482 1849 ἀδελφοκτόνοι
1502 1781 1597 1833 καί⁸
1622 1780 1773 1833 λύκοι
1800 1781 1889 1834 καί
1913 1779 2078 1851 θῆρες

501 1872 679 1926 καίτοι
694 1871 865 1925 ταῦτα
883 1872 1227 1943 ἠδικηκότες,
1249 1873 1340 1926 ἐπὶ
1359 1872 1459 1942 τῆς
1476 1872 1735 1945 πατρῴας
1755 1870 1931 1934 οἰκίας
1950 1888 2081 1943 τρυ-

500 1965 704 2033 φῶσιν·
736 1964 903 2029 αὐτὸς
946 1964 1004 2018 δὲ
1053 1966 1083 2018 6
1126 1966 1517 2037 προσδοκηθεὶς
1543 1964 1721 2019 αὐτῶν
1752 1965 2076 2036 βασιλεύειν,

500 2059 865 2129 αἰχμάλωτος,
899 2057 1085 2122 δοῦλος
1110 2100 1125 2123 ,
1172 2060 1253 2122 είς
1300 2059 1589 2130 ἀλλοτρίαν
1635 2057 2077 2130 ἀπεμποληθεὶς,

498 2149 597 2220 τήν
627 2150 861 2219 ἐσχάτην
891 2148 1152 2219 ὑπομένει
1182 2148 1579 2221 ταλαιπωρίαν,
1615 2150 1676 2203 ού
1710 2150 1871 2224 μόνον
1899 2148 2080 2202 αὐτῶν

498 2242 564 2294 ού
596 2240 938 2310 βασιλεύσας,
981 2239 1119 2294 ἀλλά
1169 2240 1265 2294 καὶ
1315 2240 1498 2304 δοῦλος
1532 2241 1712 2295 αὐτῶν
1753 2242 2078 2311 γενόμενος,

500 2334 596 2385 καὶ
624 2333 689 2386 ἐκ
712 2329 909 2384 πολλοῦ
940 2329 1035 2382 τοῦ
1073 2330 1365 2403 διαμέτρου
1403 2332 1659 2385 τάναντία
1692 2336 1809 2397 ταῖς
1845 2333 2080 2405 ὑποσχέ-

503 2421 622 2474 σεᾶι
646 2418 856 2474 παθών.
881 2418 956 2473 Ού
971 2418 1079 2490 γάρ
1098 2419 1162 2489 δή
1192 2419 1351 2490 μόνον
1386 2418 1661 2490 βασιλείας
1687 2421 1812 2474 τότε
1830 2422 1931 2476 οὐκ
1956 2422 2083 2475 ἐπέ-

505 2529 691 2583 τυχεν,
758 2510 894 2565 ἀλλά
937 2511 1032 2564 καὶ
1084 2510 1343 2582 πατρίδος
1370 2512 1465 2565 καί
1492 2511 1824 2582 ἐλευθερίας,
1859 2514 1952 2567 καὶ
1982 2516 2083 2585 τῆς

501 2605 611 2657 τῶν
632 2603 835 2673 γονέων
866 2602 1122 2668 ἐξέπεσεν
1153 2602 1348 2672 ὅψεως.
1373 2604 1484 2658 Kal
1510 2604 1631 2657 ούδέ
1670 2605 1900 2660 ἐνταῦθα
1932 2588 2083 2678 αύτῷ

501 2696 574 2748 τὰ
602 2694 709 2748 τῶν
740 2694 967 2763 ἀγώνων
998 2695 1184 2748 ἵστατο
1209 2734 1225 2759 ,
1282 2693 1397 2748 ἀλλ’
1436 2694 1622 2767 ἕτερον
1658 2694 1950 2768 βαθύτερον
1988 2697 2084 2750 ἀν-

503 2787 777 2857 ωρύττετο
801 2785 1092 2859 βάραθρον,
1127 2785 1357 2840 θάνατον
1386 2786 1547 2841 πάλιν
1563 2787 1704 2857 ἐχον,
1724 2789 1817 2841 καί
1838 2789 2079 2858 σφαγήν,

502 2879 737 2933 θάνατον
759 2879 1122 2932 ἐπονείδιστον
1146 2880 1241 2932 καὶ
1264 2879 1479 2950 σφαγὴν
1496 2878 1759 2950 αἰσχύνης
1781 2880 2080 2951 γέμουσαν.

518 2970 723 3023 ’ἰδοῦσα
750 2969 859 3041 γὰρ
888 2968 1051 3023 αὑτὸν
1082 2969 1287 3033 ἀδίκοις
1320 2970 1621 3041 ὀφθαλμοῖς
1656 2973 1689 3042 ή
1728 2971 2043 3043 κεκτημένη
2066 3011 2083 3036 ,

506 3063 603 3117 καὶ
635 3061 835 3115 ἁλοῦσα
874 3060 954 3132 τῷ
990 3062 1176 3116 κάλλει
1207 3061 1300 3115 τοῦ
1328 3062 1631 3129 νεανίσκου,
1667 3062 1772 3117 ύπό
1816 3062 1916 3133 τῆς
1945 3063 2086 3135 λαμ-

508 3155 656 3224 πρᾶς
683 3152 847 3206 αὑτοῦ
882 3152 1204 3223 χειρωθεῖσα
1231 3152 1428 3221 ὅψεως,
1455 3154 1549 3205 καὶ
1566 3154 1703 3225 αύτή
1726 3154 1886 3208 πάλιν
1903 3155 2087 3218 δόλους

506 3246 748 3316 ἕῤῥαπτε
775 3245 870 3297 καὶ
888 3244 1200 3309 ἐπιϐουλάς.
1230 3245 1340 3298 Kal
1358 3246 1428 3299 τά
1453 3244 1644 3300 δίκτυα
1665 3247 1764 3318 τῆς
1787 3249 2086 3314 ἀκολασίας

509 3337 776 3391 πάντοθεν
826 3335 1161 3399 ἀπλὼσασα,
1207 3337 1329 3390 καθ’
1381 3337 1617 3409 ἑκάστην
1650 3342 1936 3392 ἐσκοπεῖτο
1988 3341 2087 3412 τὴν

507 3432 725 3503 ἡμέραν
757 3429 889 3484 εἴσω
914 3432 1015 3501 τῆς
1040 3429 1245 3494 οἰκείας
1288 3433 1529 3501 σαγήνης
1560 3431 1653 3483 τὸν
1682 3433 1967 3486 νεανίσκον
1991 3433 2084 3487 λα-

509 3524 644 3588 ϐεῖν,
679 3522 771 3575 καὶ
800 3523 880 3585 εἰς
903 3522 963 3574 τὸ
995 3521 1095 3591 τῆς
1123 3521 1368 3592 μοιχείας
1394 3522 1651 3592 ἐμϐαλεῖν
1677 3522 1967 3595 βάραθρον,
1992 3525 2089 3578 κοέἰ

510 3617 726 3686 θανάτῳ
750 3614 1082 3685 παραδοῦναι
1105 3616 1378 3687 ἀθανάτῳ.
1409 3616 1519 3669 Kal
1543 3616 1663 3669 καθ’
1690 3618 1927 3689 ἐκάστην
1948 3617 2086 3687 ἡμέ-

514 3725 612 3778 ραν
641 3708 736 3759 ἐπὶ
765 3706 863 3779 τὴν
915 3708 1089 3778 ἄγραν
1124 3706 1273 3778 ἐξῄει
1302 3709 1540 3777 ταύτην,
1591 3707 1696 3762 ὑπὸ
1740 3708 1832 3762 τοῦ
1885 3709 2090 3773 πάθους

509 3798 868 3870 κεντουμένη,
913 3798 1007 3853 καί
1046 3798 1151 3852 ὑπὸ
1195 3796 1291 3852 τοῦ
1331 3800 1630 3853 ἀκολάστου
1665 3798 1855 3853 τούτου
1888 3799 2091 3871 ἔρωτος

510 3889 634 3945 καθ’
661 3891 899 3963 ἑκάστην
924 3889 1256 3963 όπλιξομένη
1294 3892 1392 3963 τὴν
1420 3891 1650 3963 ἡμέραν·
1687 3893 1781 3946 καί
1816 3910 1944 3945 ποτε
1969 3894 2091 3946 ἐπι-

510 3983 784 4055 λαϐομένη
837 3983 1021 4055 μόνον,
1069 3984 1161 4040 ἐπ)⁵
1211 3986 1312 4055 τήν
1343 3984 1526 4038 ἄδικον
1567 3984 1731 4039 αὐτὸν
1776 3983 1916 4056 πρὸς
1969 3983 2093 4055 βίαν

513 4073 692 4130 εἷλκεν
717 4077 898 4149 εύνήν,
928 4077 1131 4130 καὶτὸν
1153 4077 1433 4149 ἀλλότριον
1461 4076 1702 4148 διορύξαι
1725 4077 1900 4147 γάμον
1921 4077 2094 4147 ἠνάγ-

513 4169 683 4232 καζε,
732 4170 828 4221 καὶ
866 4167 965 4238 τήν
1009 4168 1362 4240 σωφροσύνην
1407 4167 1750 4240 λυμήνασθαι
1794 4170 2090 4241 ἐπεχείρει.

526 4260 666 4312 Ἀλλ’
694 4261 841 4330 ὅμως
865 4258 983 4311 οὐδὲ
1010 4258 1258 4311 ἐντεῦθεν
1285 4259 1451 4312 ἐπαθέ
1482 4277 1534 4312 τι
1572 4259 1806 4330 χαλεπὸν
1834 4261 1862 4312 6
1886 4259 2095 4324 δίκαιος

516 4353 741 4414 ἐκεῖνος·
769 4348 905 4404 ἀλλὰ
926 4348 1021 4403 καὶ
1042 4348 1337 4419 ἐπιθυμίας
1366 4349 1675 4420 τυραννίδα,
1709 4348 1803 4403 καλ⁵
1827 4348 1954 4413 νέας
1978 4350 2096 4420 ἠλι-

518 4444 642 4508 κίας
667 4443 950 4513 θορύϐους,
995 4443 1092 4495 καὶ
1121 4441 1420 4496 ἀκολάστου
1467 4442 1725 4509 γυναικὸς
1768 4442 2092 4514 ἐπιϐουλήν,

517 4537 612 4591 καὶ
660 4536 947 4603 δεσποίνης
977 4533 1226 4603 ἐφόδους,
1275 4534 1368 4586 καὶ
1411 4532 1669 4603 νεότητος
1694 4533 1961 4604 ταραχὴν,
2001 4533 2095 4586 καὶ

519 4630 699 4685 πάντα
728 4629 829 4681 ὅσα
863 4628 1009 4690 εἰκὸς
1040 4629 1105 4679 ἐκ
1135 4626 1233 4697 τῆς
1266 4625 1408 4695 ἀφῆς
1442 4624 1658 4695 ἐκείνης
1689 4625 1963 4693 γενέσθαι,
2000 4625 2095 4678 καὶ

516 4721 616 4789 τῆς
648 4718 843 4789 ὅψεως,
878 4716 974 4770 καὶ
1007 4716 1109 4785 τῆς
1140 4716 1356 4786 μανίας,
1392 4714 1532 4785 μετὰ
1567 4715 1767 4787 πολλῆς
1810 4716 1911 4787 τῆς
1935 4716 2095 4769 εύκο-

518 4812 635 4874 λίας
684 4810 961 4881 ὑπερϐὰς,
1000 4809 1189 4879 ὥσπερ
1234 4824 1319 4870 τις
1362 4807 1521 4869 ἀετὸς
1568 4805 1771 4877 ὑψηλὸν
1816 4806 1996 4869 τείνας
2034 4806 2094 4859 τὸ

520 4903 740 4971 πτερὸν,
775 4903 869 4955 καί
894 4901 1031 4954 αὐτά
1061 4900 1470 4970 ἀποδυσάμενος
1496 4900 1563 4951 τά
1590 4898 1779 4967 ἱμάτια
1804 4899 1896 4951 καί
1930 4915 2098 4952 κατα-

521 4993 694 5049 λιπὼν
721 4997 839 5055 ταῖς
874 4993 1191 5057 ἀκολάστοις
1219 4994 1430 5065 χερσὶν,
1460 4991 1683 5063 ἐξῆλθεν
1722 4992 1953 5063 ἱματίων
1993 4992 2093 5062 μὲν

522 5083 747 5156 γυμνὸς,
775 5083 1033 5155 λαμπρὰν
1054 5084 1112 5136 δέ
1142 5088 1243 5155 τῆς
1264 5082 1615 5155 σωφροσύνης
1642 5082 1781 5152 ἔχων
1813 5082 1911 5154 τήν
1936 5099 2095 5153 περι-

522 5176 704 5247 ϐολὴν,
740 5175 836 5229 καὶ
877 5175 975 5245 τῆς
1030 5175 1344 5246 ἀλουργίδος
1388 5175 1560 5244 αὐτῆς
1607 5174 2091 5245 περιφανεστέραν.

535 5267 818 5321 Ἐντεῦθεν
843 5265 1005 5336 αὐτῷ,
1032 5265 1183 5335 ξίφος
1224 5266 1455 5333 ήκονᾶτο
1492 5266 1686 5331 πάλιν,
1735 5269 1829 5321 καὶ
1867 5267 2096 5329 θάνατος

523 5361 837 5430 ἐμελετάτο,
871 5362 963 5415 καὶ
998 5360 1069 5414 τὰ
1096 5358 1315 5431 κύματα
1350 5358 1443 5411 ἐπὶ
1477 5357 1540 5411 τὸ
1578 5358 1762 5429 μεῖζον
1784 5359 1965 5430 ᾔρετο,
1998 5360 2094 5411 καὶ

521 5454 555 5522 ἠ
595 5451 760 5522 μανία
780 5452 878 5521 τῆς
904 5451 1162 5518 γυναικὸς
1188 5451 1287 5520 τῆς
1318 5448 1666 5513 Βαϐυλωνίας
1708 5451 1939 5519 καμίνου
1972 5465 2096 5518 σφο-

521 5542 776 5613 δρότερον
822 5542 1112 5609 ἀνήπτετο.
1144 5544 1219 5595 Ἦ
1244 5558 1306 5595 τε
1339 5540 1451 5613 γὰρ
1492 5540 1757 5614 ἐπιθυμία
1784 5541 1971 5595 λοιπόν
2004 5543 2097 5596 ἐπὶ

528 5630 716 5702 μεῖζον
745 5631 1017 5701 ἠγείρετο,
1058 5631 1087 5684 ὅ
1118 5647 1175 5684 τε
1221 5630 1427 5701 θυμὸς,
1479 5630 1664 5701 ἕτερον
1717 5630 2101 5701 χαλεπώτατον

527 5724 718 5792 πάθος,
751 5724 889 5795 μετά
919 5724 1115 5796 πολλῆς
1144 5724 1498 5798 προσετίθετο
1516 5723 1617 5793 τῆς
1645 5726 1986 5797 ἀγριότητος,
2009 5727 2105 5781 καί

1190 290 1249 343 S.
1285 286 1570 343 JOANMS
1607 279 2085 338 CIIRYSOSTOMI

2190 276 2449 333 ncmEP.
2490 274 3037 334 consumuxov.

3638 276 3746 332 506

2178 397 2339 466 φόνον
2357 396 2552 451 ἐϐλεπε
2580 397 2675 451 καὶ
2701 396 2793 448 ἐπὶ
2819 395 2971 465 ξίφος
3005 393 3216 465 ἔτρεχε,
3264 394 3362 447 καὶ
3390 392 3608 463 σφαγῆς
3637 395 3746 465 ἠρα

2174 491 2680 562 παρανομωτάτης,
2712 490 2809 543 καὶ
2845 490 2937 542 τὸν
2972 489 3072 560 τὴς
3102 488 3457 559 σωφροσύνης
3485 487 3746 559 ἀθλητὴν,

2172 585 2268 637 καὶ
2303 584 2395 637 τὸν
2420 584 2523 654 τῆς
2548 583 2847 654 καρτερίας
2879 583 2975 637 καὶ
2996 581 3276 651 ὑπομονῆς
3325 581 3636 651 ἀγωνιστὴν
3657 581 3751 633 ἀν-

2173 676 2314 729 ελεῖν
2345 674 2728 730 ἐσπευδε.’Καὶ
2756 674 3135 745 είσπηδήσασα
3161 672 3300 743 πρὸς
3326 672 3419 725 τὸν
3451 672 3620 740 ἄνδρα
3656 672 3752 725 τὸν

2174 766 2398 835 ἐαυτῆς,
2431 763 2906 832 ἀπαγγείλασα,τά
2939 762 3301 833 γεγενημένα,
3335 762 3434 830 οὐχ
3471 761 3547 821 ὡς
3578 761 3613 831 ή
3653 758 3751 813 τοῦ

2175 859 2499 930 πράγματος
2543 853 2691 927 εἶχεν
2732 855 2979 927 ἀλήθεια,
3025 854 3140 908 ἀλλ’
3185 853 3262 917 ὡς
3300 852 3438 924 αὐτή
3475 852 3538 906 τὸ
3568 851 3752 924 δρᾶμα

2176 948 2326 1021 [ωε]
2346 949 2448 1019 τῆς
2480 948 2846 1017 συκοφαντίας
2884 946 3313 1010 κατεσκεύασεν,
3347 945 3565 999 ἔπεισεν
3607 945 3754 1015 ἅπερ

2173 1039 2333 1109 ἧθελε
2365 1040 2458 1093 τὸν
2489 1040 2784 1109 δικαστὴν,
2827 1037 3064 1109 ἐρημίαν
3107 1035 3521 1108 κατηγοροῦσα,
3548 1036 3644 1089 καὶ
3675 1036 3752 1099 ὡς

2172 1132 2477 1205 ἠδικημένη
2505 1133 2603 1204 τήν
2627 1132 2872 1186 ἐκδικίαν
2897 1130 3233 1201 ἐπεζητεῖτο.
3262 1130 3349 1192 εἰς
3370 1127 3644 1194 ἀπόδειξιν
3675 1120 3753 1180 ὧν

2175 1225 2327 1293 ἔλεγε
2356 1225 2425 1279 τά
2465 1225 2656 1296 ἱμάτια
2685 1223 2780 1278 τοῦ
2817 1221 2993 1277 ἀθὼου
3047 1221 3333 1275 νεανίσκου
3380 1220 3755 1292 περιφέρουσα

2174 1320 2294 1381 ταῖς
2320 1317 2649 1389 ἀκαθάρτοις
2675 1319 2864 1388 χερσὶν
2891 1315 3147 1377 ἐκείναις.
3175 1315 3284 1367 Kal
3305 1316 3333 1367 6
3359 1312 3756 1383 διεφθαρμένος

2175 1407 2435 1479 δικαστὴς
2454 1408 2553 1462 ούκ
2568 1410 2648 1471 εἰς
2660 1408 3008 1477 δικαστήριον
3027 1408 3285 1477 εἰσήγαγε
3301 1403 3391 1457 τὸν
3413 1400 3721 1473 κατηγορού
3736 1431 3757 1443 ο

2180 1518 2361 1571 μενον,
2395 1501 2457 1553 ού
2480 1501 2640 1568 λόγου
2671 1499 2997 1569 μετέδωκεν,
3033 1498 3169 1552 ἀλλά
3195 1499 3286 1551 τὸν
3309 1498 3432 1552 οὐδὲ
3468 1498 3756 1569 ἑωρακότα

2176 1591 2521 1662 δικαστήριον
2548 1629 2563 1654 ,
2613 1592 2689 1655 ὡς
2739 1590 3051 1652 ἑαλωκότα,
3102 1588 3179 1653 ὡς
3226 1588 3616 1659 ἐληλεγμένον,
3657 1590 3759 1643 καὶ

2181 1680 2368 1752 μοιχὸν
2418 1681 2825 1753 ἀπηρτισμένον
2857 1681 3198 1739 κατεδίκασε.
3243 1680 3336 1734 καί
3355 1671 3448 1744 ἐἰς
3474 1681 3760 1750 δεσμωτή-

2182 1790 2295 1843 ριον
2327 1772 2566 1837 ἐνέϐαλε,
2595 1773 2691 1826 καὶ
2720 1772 2905 1826 ἀλύσεῑ
2943 1772 3247 1841 παρέδωκε.
3281 1770 3386 1825 Kal
3414 1766 3483 1842 ἠν
3507 1771 3691 1825 λοιπὸν
3726 1775 3759 1826 6

2176 1865 2465 1929 τοσούτους
2517 1866 2813 1933 στεφάνους
2862 1863 3269 1935 ἀναδησάμενος
3318 1863 3553 1935 ἀρετῆς,
3616 1864 3759 1932 μετά

2179 1955 2412 2026 γοήτων,
2447 1955 2583 2026 μετὰ
2606 1954 3001 2027 τυμϐωρύχων,
3035 1955 3172 2025 μετά
3207 1954 3571 2026 ἀνδροφόνων,
3614 1953 3761 2023 μετά

2180 2046 2288 2099 τῶν
2330 2045 2400 2099 τά
2442 2045 2649 2116 ἔσχατα
2693 2045 3135 2117 τετολμηκότων,
3182 2046 3242 2098 ἐν
3273 2044 3350 2115 τῷ
3376 2045 3759 2116 δεσμωτηρίῳ.

2195 2137 2336 2191 Ἀλλ’
2358 2139 2507 2209 ὅμως
2533 2137 2685 2192 οὐδὲν
2712 2136 2875 2190 αὐτὸν
2897 2136 3105 2191 τούτων
3139 2136 3407 2209 ἐθορύϐει.
3432 2137 3543 2191 Καὶ
3568 2140 3761 2209 ἐτερος

2185 2230 2284 2302 μὶν
2339 2229 2416 2301 τῷ
2465 2230 2674 2300 βασιλεῖ
2710 2228 3168 2302 προσκεκρουκὼς
3214 2229 3442 2299 ἠφίετο,
3492 2230 3655 2294 αὐτὸς
3692 2234 3758 2287 δέ

2186 2322 2396 2395 μακρὸν
2425 2322 2573 2376 ἔνδον
2600 2322 2759 2393 ἔμενε
2790 2322 3001 2394 χρόνον,
3056 2322 3197 2394 ὑπὲρ
3239 2315 3316 2376 ὧν
3356 2322 3519 2376 αὐτὸν
3558 2339 3770 2393 στεφα-

2182 2414 2403 2469 νοῦσθαι
2432 2414 2526 2469 καὶ
2554 2414 3024 2485 ἀνακηρύττεσθαι
3052 2413 3178 2478 ἔδει,
3213 2412 3311 2485 τὴν
3340 2414 3573 2485 ἐσχάτην
3593 2415 3769 2469 τίνων

2182 2506 2472 2577 τιμωρίαν.
2495 2506 2607 2559 Kal
2625 2506 2746 2559 ούδέ
2796 2505 2969 2569 οὕτως
2991 2505 3337 2577 ἐταράττετο,
3352 2506 3475 2559 ούδέ
3498 2507 3771 2580 ἐσκανδα-

2183 2597 2380 2663 λίζετο,
2415 2597 2536 2651 οὐδὲ
2561 2594 2704 2661 εἷπε,
2731 2598 2797 2650 Τί
2827 2597 3020 2663 τοῦτο;
3054 2599 3136 2660 εἰς
3168 2597 3221 2651 τί
3253 2597 3449 2665 τοῦτο;
3478 2601 3507 2652 6
3547 2598 3773 2670 μέλλων

2184 2690 2297 2760 ἐγὼ
2323 2690 2433 2745 τῶν
2470 2689 2715 2758 ἀδελφῶν
2745 2689 3084 2761 βασιλεύειν,
3126 2690 3189 2744 06
3240 2692 3402 2762 μόνον
3438 2691 3641 2763 ταύτης
3669 2693 3775 2759 ἐξ·

2186 2782 2357 2837 έπεσα
2388 2784 2489 2854 τῆς
2517 2784 2701 2854 τιμῆς.
2733 2782 2872 2836 ἀλλά
2900 2783 2994 2836 καὶ
3016 2782 3292 2855 πατρίδος,
3319 2784 3413 2837 καὶ
3434 2786 3631 2850 οἰκίας,
3664 2785 3779 2839 καὶ

2185 2874 2410 2942 γονέων,
2442 2874 2537 2926 καὶ
2563 2873 2893 2945 ἐλευθερίας,
2925 2873 3021 2928 καὶ
3060 2874 3262 2939 ἀδείας,
3303 2876 3398 2929 καὶ
3428 2876 3560 2945 παρ’
3583 2876 3780 2931 αὐτῶν

2186 2965 2297 3020 τῶν
2334 2965 2636 3036 μελλόντων
2673 2983 2740 3037 με
2765 2970 3089 3037 προσκυνεῖν
3123 2967 3415 3039 ἀνῃρέθην.
3451 2967 3582 3022 Εἶτα
3623 2970 3780 3040 μετά

2187 3058 2287 3130 τήν
2303 3059 2519 3131 σφαγὴν
2543 3058 2811 3131 ἐπράθην,
2840 3059 3024 3124 δοῦλος
3048 3060 3315 3132 ἐγενόμην
3341 3060 3649 3133 βαρϐάρων.
3668 3064 3779 3117 καὶ

2191 3155 2435 3223 συνεχεῖς
2476 3151 2686 3222 ήμειψα
2726 3153 3009 3217 δεσπόταςο
3058 3155 3151 3207 καὶ
3196 3154 3316 3207 ούδέ
3363 3153 3594 3208 ἐνταῦθα
3632 3155 3778 3229 ἔστη

2194 3260 2284 3313 μοι
2316 3243 2383 3297 τά
2408 3243 2576 3308 δεινὰ,
2606 3243 2744 3298 ἀλλά
2765 3244 3042 3315 πανταχοῦ
3077 3244 3328 3317 βάραθρα
3354 3247 3449 3299 καὶ
3488 3246 3777 3303 σκόπελοι.

2190 3335 2344 3389 Μετά
2376 3336 2483 3407 γάρ
2512 3336 2610 3407 τήν
2639 3336 2930 3409 ἐπιϐουλὴν
2952 3336 3062 3392 τῶν
3082 3338 3345 3407 ἀδελφῶν,
3378 3339 3473 3392 καὶ
3503 3339 3600 3411 τὴν
3625 3356 3780 3407 σφα-

2190 3428 2314 3498 γὴν,
2357 3429 2450 3481 καὶ
2494 3428 2592 3498 τὴν
2639 3428 2883 3482 δουλείαν
2924 3431 3018 3483 καὶ
3068 3429 3168 3501 τὴν
3216 3430 3487 3502 προτέραν
3529 3432 3622 3484 καὶ
3666 3433 3785 3505 τὴν

2189 3519 2470 3591 δευτέραν,
2517 3520 2681 3574 πάλιν
2726 3538 2816 3591 μοι
2846 3522 3072 3586 θάνατος
3100 3521 3427 3594 ἐμελετήθη,
3465 3523 3557 3575 καὶ
3604 3540 3787 3578 συκο-

2194 3612 2391 3682 φαντία
2414 3612 2517 3681 τῆς
2543 3614 2814 3684 προτέρας
2839 3613 3216 3686 χαλεπωτέρα,
3248 3615 3344 3668 καὶ
3366 3613 3650 3685 ἐπιϐουλὴ,
3672 3617 3789 3669 καὶ

2193 3703 2403 3773 ἔφοδος,
2426 3706 2520 3759 καὶ
2539 3705 2890 3777 δικαστήριον
2911 3706 3325 3778 διεφθαρμένον,
3349 3707 3442 3760 καὶ
3464 3709 3788 3778 κατηγορία

2196 3797 2456 3867 αἰσχύνην
2479 3798 2676 3869 ἔχουσα
2698 3798 2920 3871 πολλὴν,
2954 3801 3046 3853 καὶ
3076 3800 3292 3870 σφαγὴν
3315 3801 3448 3869 ἡμῖν
3480 3799 3787 3854 ὠδίνουσα.

2194 3889 2305 3943 Kal
2334 3888 2457 3944 οὔτε
2487 3890 2646 3959 λόγου
2689 3890 3026 3962 μεταλαϐὼν,
3055 3891 3242 3955 ἁπλῶς
3263 3893 3358 3945 καὶ
3376 3892 3452 3954 ὡς
3474 3891 3661 3961 ἔτυχεν
3695 3894 3791 3956 εἰς

2193 3979 2566 4052 δεσμωτήριον
2624 3981 2968 4052 ἀπηνέχθην,
3013 3982 3107 4035 καὶ
3166 3981 3389 4035 ἁλύσεσι
3449 3984 3791 4055 περίκειμαι

2199 4076 2338 4146 μετά
2368 4077 2573 4147 μοιχῶν
2611 4079 2705 4131 κα)⁵
2752 4077 3094 4149 ἀνδροφόνων
3145 4078 3238 4132 καί
3290 4078 3399 4132 τῶν
3445 4078 3516 4132 τά
3567 4078 3792 4149 ἔσχατα

2195 4168 2628 4239 τετολμηκότων.
2687 4170 2794 4222 Kal
2832 4171 2862 4223 6
2909 4169 3008 4241 μὲν
3068 4171 3435 4242 ἀρχιοινοχόος
3480 4171 3794 4244 ἀπηλλάγη

2198 4260 2292 4315 καὶ
2313 4260 2555 4324 ἁλύσεως
2587 4260 2683 4315 καὶ
2712 4261 3110 4333 δεσμωτηρίουσ
3145 4263 3325 4333 ἐγὼδὲ
3354 4264 3474 4318 οὐδὲ
3496 4267 3613 4335 μετ’
3632 4266 3797 4320 ἐκεῖ-

2196 4369 2286 4406 νον
2322 4352 2508 4415 ἀδείας
2536 4353 2682 4417 τινος
2707 4353 3012 4408 ἀπολαῦσαι
3040 4353 3356 4426 δεδύνημαι·
3389 4356 3624 4427 κάκείνῳ
3678 4359 3797 4428 μὲν

2197 4446 2278 4509 εἰς
2299 4443 2459 4514 ἔργον
2487 4443 2646 4515 ἐξέϐη
2669 4444 2731 4496 τδ
2754 4444 2889 4516 ὄναρ
2910 4445 3050 4499 κατά
3069 4446 3167 4517 τήν
3190 4446 3483 4517 ἑρμηνείαν
3497 4446 3595 4517 τήν
3612 4448 3797 4520 ἐμήνο

2198 4534 2310 4603 ἐγὼ
2336 4535 2393 4588 δέ
2421 4535 2478 4586 ἐν
2505 4536 2616 4597 τοῖς
2636 4533 2953 4605 ἀνηκέστοις
2975 4534 3091 4603 είμί
3112 4537 3324 4597 κακοῖς.
3344 4533 3528 4586 Ταῦτα
3550 4535 3604 4586 αἰ
3625 4533 3803 4603 ὄψεις

2200 4628 2530 4699 προεδήλουν
2559 4630 2799 4693 ἐκείναις
2838 4628 3010 4683 ταῦτα
3049 4629 3158 4683 τῶν
3182 4629 3427 4700 ἀστέρων
3456 4630 3485 4681 6
3507 4627 3799 4698 ἀριθμόςς

2199 4720 2373 4774 ταῦτα
2398 4721 2467 4774 τά
2497 4720 2815 4792 δράγματα;
2848 4721 2955 4775 Ποῦ
2994 4722 3061 4774 τά
3096 4723 3206 4776 τῶν
3252 4720 3623 4789 ἐπαγγελιῶνς
3677 4721 3802 4774 ποῦ

2199 4811 2269 4864 τά
2296 4813 2405 4865 τῶν
2433 4812 2814 4883 ύποσχέσεωνς
2844 4809 2990 4883 *Λρα
3011 4812 3373 4883 ἠπατήμεθας
3404 4809 3512 4883 ἄρα
3544 4812 3808 4880 παρελο-

2203 4904 2508 4976 γίσθημεν;
2567 4903 2677 4957 Ποῦ
2715 4904 2825 4974 γάρ
2882 4921 2947 4975 με
2994 4904 3178 4958 λοιπὸν
3223 4906 3697 4975 προσκυνήσουσιν
3742 4907 3802 4959 οἱ

2203 4995 2441 5065 ἀδελφοὶ,
2473 4996 2563 5048 τὸν
2591 4993 2796 5058 δοῦλον,
2836 4994 2928 5047 τὸν
2957 4995 3320 5064 αἰχμάλωτον,
3349 4994 3439 5047 τὸν
3462 4993 3804 5066 δεσμώτην,

2206 5086 2295 5140 τὸν
2328 5086 2512 5157 μοιχὸν
2543 5080 2681 5140 εἶναι
2714 5087 3088 5157 νομιζόμενον,
3128 5086 3220 5140 τὸν
3245 5085 3370 5154 περί
3401 5086 3510 5139 τῶν
3537 5086 3810 5155 ἐσχάτων

2207 5178 2619 5239 κινδυνεύοντα,
2674 5179 2764 5232 τὸν
2824 5177 3076 5231 τοσοῦτον
3129 5177 3310 5231 αὐτῶν
3360 5176 3811 5247 ἀπῳκισμένον;

2208 5272 2426 5341 Οίχεται
2466 5271 2646 5325 πάντα
2676 5273 2879 5334 ἐκεῖνα,
2916 5270 3009 5324 καί
3037 5268 3337 5324 ἀπόλωλεν.
3387 5269 3550 5323 Οὐδὲν
3577 5268 3819 5325 τούτων

2206 5363 2307 5416 οὐκ
2323 5358 2499 5427 εἶπεν,
2529 5362 2629 5417 ούκ
2659 5362 2961 5432 ἐνενόησεν,
2978 5362 3091 5415 ἀλλ’
3113 5363 3344 5433 ἀνέμενε
3366 5361 3610 5423 τὸτέλος,
3630 5361 3823 5427 εἰδὼς

2208 5453 2303 5505 καὶ
2328 5450 2488 5515 αύτδς
2514 5449 2608 5505 τοῦ
2641 5449 2777 5504 Θεοῦ
2801 5450 2863 5503 τὸ
2892 5450 3201 5522 εὐμήχανον
3225 5452 3319 5505 καὶ
3338 5451 3437 5521 τήν
3468 5448 3660 5516 σοφίαν
3688 5449 3823 5519 τὴν

2208 5543 2462 5615 εὔπορον·
2489 5544 2586 5599 καὶ
2610 5544 2672 5597 ού
2711 5544 2871 5614 μόνον
2909 5544 3009 5598 οὐκ
3044 5544 3476 5609 ἐσκανδαλίξετο,
3520 5540 3653 5595 ἀλλά
3704 5545 3827 5597 καὶ

2211 5637 2539 5709 ἐνηϐρύνετο
2569 5637 2663 5691 καί
2691 5637 3091 5703 ἐκαλλωπίζετο
3119 5640 3229 5701 τοῖς
3263 5637 3591 5708 γινομένοις.

2282 5730 2348 5783 Τί
2389 5729 2444 5783 δέ
2465 5730 2492 5782 ὁ
2512 5728 2692 5797 Δαυῖδ,
2718 5730 2840 5785 εἰπέ
2889 5748 3012 5802 μοις
3042 5731 3118 5784 Ού
3152 5730 3288 5802 μετά
3318 5731 3381 5784 τὸ
3404 5728 3697 5802 χρισθῆναι
3724 5732 3832 5796 εἰς
