4030 6206
219 251 310 308 3οῧ

215 368 438 430 avulsus,
466 365 661 431 nudus,
697 369 1032 439 peregrinus,
1063 373 1214 426 exsul
1243 381 1299 427 et
1325 373 1575 436 extorris,
1607 372 1784 428 servi-

215 459 331 514 tutis
363 459 479 528 lege
507 458 857 513 barbarorum
883 462 1127 515 manibus
1153 463 1449 531 expositus.
1480 461 1616 529 Quid
1647 463 1788 517 enim

216 569 310 607 non
341 553 489 606 illum
511 562 721 622 poterat
747 553 1106 622 perturbare?
1133 555 1274 624 quod
1303 553 1616 624 derepente,
1647 551 1790 624 quod

214 653 397 713 preter
425 645 901 714 exspectationem,
931 654 1129 714 praeter
1157 660 1330 715 spem,
1356 655 1552 715 praeter
1581 646 1788 717 Opinio-

212 751 344 802 nem,
372 736 514 798 quod
548 745 652 789 tam
683 735 830 806 gravi
866 736 1171 790 calamitate
1199 744 1550 804 premeretur,
1587 736 1729 807 quod
1756 752 1786 791 a

211 828 473 891 fratribus,
524 836 579 883 et
621 843 651 881 a
700 826 954 882 fratribus
1002 842 1136 897 quos
1173 827 1476 894 adamabat,
1516 843 1636 882 cum
1688 845 1788 886 nec

210 937 388 993 parva,
423 936 523 975 nec
553 935 742 991 magna
786 918 905 974 illos
951 917 1217 974 affecisset
1269 919 1482 988 injuria,
1520 919 1628 974 imo
1657 935 1787 974 vero

211 1012 473 1068 beneficiis
519 1011 865 1075 ctnnnlasset,
912 1011 1013 1065 ista
1053 1011 1363 1079 pateretur?
1399 1009 1780 1064 Verumtamen

209 1105 328 1158 nihil
377 1105 601 1158 istorum
650 1103 795 1158 illum
844 1102 1218 1172 perturbavit:
1256 1103 1348 1158 sed
1395 1102 1448 1157 in
1492 1102 1782 1174 Egyptum

208 1211 232 1249 a
274 1195 658 1250 mercatoribus
688 1193 792 1248 illis
820 1193 1201 1262 abducebatur,
1231 1205 1283 1250 et
1315 1195 1626 1251 servitutem
1659 1211 1780 1249 ser-

208 1290 362 1342 vitute
391 1287 654 1341 mutabat.
697 1287 974 1355 Siquidem
1014 1287 1122 1342 illic
1148 1302 1362 1358 quoque
1407 1304 1594 1343 rursus
1627 1288 1786 1343 fiebat

209 1395 402 1444 servus,
431 1390 486 1434 et
514 1379 820 1434 barbaricas
847 1379 993 1434 mdes
1020 1379 1284 1433 incolebat
1325 1377 1598 1444 Hebraeus,
1629 1377 1784 1433 nobi-

209 1472 267 1525 lis
291 1471 489 1542 duplici
518 1471 764 1525 libertate
793 1469 954 1537 liber,
988 1479 1044 1526 et
1079 1470 1322 1542 corporis
1349 1480 1404 1526 et
1427 1471 1618 1525 animae
1642 1487 1655 1523 :
1687 1486 1786 1537 nec

211 1578 370 1624 tamen
394 1571 597 1624 idcirco
615 1570 1043 1639 perturbabatur,
1067 1580 1158 1625 aut
1182 1569 1266 1633 iis,
1294 1586 1413 1640 qua:
1434 1571 1778 1641 gerebantur,

209 1663 675 1728 scandalizabatur,
706 1679 827 1718 eum
859 1661 1146 1730 visionum,
1193 1679 1313 1735 quae
1357 1665 1622 1718 contraria
1659 1679 1784 1733 pro-

209 1759 474 1820 miserant,
525 1755 935 1818 recordaretur;
999 1771 1171 1824 neque
1228 1755 1438 1811 curiose
1485 1757 1780 1826 quaerebat,

207 1847 302 1900 Cur
325 1847 539 1901 tandem
577 1844 676 1900 ista
721 1845 891 1901 fiunt?
932 1849 1105 1916 Atque
1137 1845 1209 1900 illi
1234 1847 1446 1916 quidem
1475 1845 1780 1909 fratricidtn,

206 1936 304 2006 lupi
329 1947 387 1992 et
409 1938 620 2001 bellum,
644 1937 856 1992 tametsi
879 1938 976 1991 ista
1003 1938 1202 1991 scelera
1228 1947 1522 2006 patrarant,
1548 1938 1600 1991 in
1624 1936 1783 1992 domo

204 2041 424 2100 paterna
463 2030 661 2084 deliciis
694 2044 755 2086 se
794 2030 1100 2094 oblectant;
1131 2031 1244 2099 ipse
1279 2043 1433 2094 vero,
1463 2045 1620 2100 quem
1662 2044 1785 2098 spes

204 2128 316 2175 erat
348 2135 526 2191 regem
556 2121 764 2175 illorum
796 2120 1052 2188 futurum,
1080 2123 1341 2190 captivus,
1370 2137 1578 2183 servus,
1611 2121 1663 2174 in
1691 2137 1785 2175 ex-

203 2221 348 2266 terna
385 2211 599 2282 regione
632 2211 1012 2276 venumdatus,
1053 2221 1293 2266 extrema
1335 2211 1546 2267 miseria
1585 2211 1784 2282 premi-

207 2315 297 2370 tur,
325 2315 384 2361 et
414 2322 519 2361 non
548 2307 722 2362 solum
751 2323 844 2361 rex
886 2306 1098 2362 illorum
1136 2321 1240 2361 non
1267 2315 1369 2372 est,
1398 2303 1492 2361 sed
1517 2315 1571 2360 et
1600 2321 1785 2360 servus

205 2397 406 2452 illorum
433 2398 632 2464 evadit,
659 2409 712 2452 et
737 2398 895 2467 plane
928 2399 1192 2453 contraria
1220 2398 1418 2467 patitur
1442 2399 1506 2452 iis
1525 2413 1642 2467 quae
1668 2397 1784 2452 fne-

207 2499 314 2542 rant
340 2489 414 2542 illi
436 2489 716 2558 promissa.
742 2488 861 2542 Non
890 2489 1031 2544 enim
1061 2497 1262 2542 tantum
1292 2503 1509 2559 regnum
1538 2498 1647 2543 tum
1681 2503 1784 2543 non

206 2579 496 2645 obtinebat,
535 2579 629 2634 sed
675 2587 730 2636 et
769 2581 961 2650 patria,
1003 2591 1057 2635 et
1105 2582 1374 2646 libertate,
1412 2591 1467 2636 et
1505 2592 1783 2652 parentum

206 2682 414 2740 aspectu
454 2673 698 2742 privatus
737 2683 872 2728 erat.
918 2671 1100 2742 Neque
1147 2688 1275 2728 vero
1309 2673 1656 2726 certaminum
1700 2671 1787 2727 hic

207 2762 311 2816 linis
334 2763 469 2816 fuit:
498 2763 593 2818 sed
617 2763 762 2816 aliud
790 2763 862 2817 illi
886 2763 1200 2833 profundius
1229 2761 1535 2817 barathrum
1558 2763 1786 2830 paraba-

208 2867 298 2920 tur,
326 2856 477 2926 quod
510 2870 696 2910 rursus
726 2865 951 2910 mortem
980 2872 1041 2910 ac
1067 2855 1266 2910 caedem
1299 2854 1619 2921 minabatur,
1645 2869 1786 2907 mor-

208 2953 297 3000 tem
322 2945 762 3018 ignominiosam,
787 2955 842 3000 et
861 2944 1139 3000 dedecoris
1167 2946 1374 3014 plenam
1403 2944 1626 2999 caedem.
1653 2943 1784 2998 Cum

207 3038 328 3092 enim
373 3038 605 3092 lascivos
634 3038 688 3091 in
726 3052 848 3092 eum
887 3037 1072 3092 oculos
1110 3037 1326 3090 domina
1366 3035 1702 3105 conjecisset,
1733 3044 1788 3090 et

208 3131 554 3187 adolescentis
586 3130 978 3201 pulchritudine
1011 3130 1256 3185 devincta
1289 3136 1452 3193 esset,
1478 3137 1531 3184 et
1558 3127 1785 3197 eleganti

207 3225 306 3294 ejus
353 3224 494 3278 facie
539 3233 714 3294 capta,
746 3223 909 3293 cmpit
937 3232 991 3278 et
1017 3224 1129 3292 ipsa
1169 3237 1355 3276 rursus
1397 3221 1549 3274 dolos
1579 3229 1634 3275 et
1663 3220 1788 3274 insi-

208 3317 306 3373 dias
337 3319 398 3372 in
442 3333 564 3372 eum
596 3331 806 3387 parare.
836 3317 1072 3385 Cumque
1109 3314 1340 3368 lascivia:
1379 3314 1510 3368 retia
1557 3311 1790 3380 undique

207 3412 534 3474 tetendisset,
562 3410 799 3480 quotidie
819 3409 1158 3473 observabat,
1190 3417 1246 3461 ut
1267 3415 1451 3480 posset
1471 3405 1607 3460 intra
1638 3417 1793 3474 sagc-

206 3520 310 3559 nam
357 3520 513 3558 suam
555 3504 947 3558 adolescentem
1002 3474 1480 3571 comprehendere,
1519 3510 1680 3568 atque
1734 3501 1786 3551 in

203 3596 448 3652 adulterii
479 3595 784 3649 barathrum
811 3594 1114 3654 devolvere,
1145 3593 1410 3662 mortique
1439 3591 1648 3646 tradere
1683 3590 1786 3644 im-

201 3689 434 3742 mortali.
481 3687 547 3740 Et
589 3686 769 3740 exibat
793 3685 1031 3756 quotidie
1064 3684 1129 3738 ad
1174 3683 1311 3737 banc
1355 3683 1690 3738 venatiOnem
1721 3682 1789 3737 ab

199 3779 291 3835 hoc
321 3780 520 3834 morbo
560 3779 850 3842 stimulata,
891 3788 945 3834 et
973 3776 1074 3832 hoc
1104 3792 1286 3832 amore
1316 3777 1512 3830 lascivo
1538 3785 1740 3830 armata
1772 3793 1784 3829 :

199 3885 430 3943 cumque
475 3876 649 3926 solum
697 3871 844 3925 illum
893 3869 1179 3940 aliquando
1220 3866 1682 3938 deprehendisset,
1722 3866 1786 3922 ad

199 3965 440 4035 iniquum
483 3965 628 4018 illum
669 3977 1014 4032 congressum
1057 3962 1318 4016 violenter
1356 3961 1620 4022 trahebat,
1662 3958 1787 4012 alie.

199 4070 316 4109 num
383 4066 554 4110 torum
610 4055 810 4109 violare
859 4054 1103 4123 cogebat,
1148 4063 1202 4106 et
1255 4057 1550 4107 castitatem
1595 4051 1788 4105 ltcdere

198 4149 513 4202 conabatur.
543 4149 610 4200 At
639 4146 769 4198 nihil
799 4156 976 4199 tamen
1001 4144 1124 4199 inde
1150 4144 1272 4198 mali
1301 4159 1488 4212 passus
1513 4150 1594 4200 est
1609 4143 1785 4214 justus

201 4241 314 4306 ille;
371 4241 463 4294 sed
493 4251 546 4294 et
574 4240 809 4295 libidinis
840 4241 1196 4312 tyrannidem,
1245 4251 1297 4295 et
1318 4239 1572 4309 juvenilis
1617 4239 1790 4294 aetatis

197 4333 470 4398 stimulos,
497 4343 551 4387 et
585 4333 796 4388 lascivae
824 4335 1061 4388 mulieris
1090 4333 1329 4394 insidias,
1363 4333 1590 4387 insultus
1619 4332 1790 4387 domi-

197 4440 298 4490 nae,
321 4427 622 4493 juventutis
649 4435 842 4490 motus,
869 4434 923 4480 et
947 4441 1136 4480 omnes
1163 4426 1427 4487 incursus,
1449 4440 1585 4494 quos
1610 4425 1676 4479 ab
1700 4425 1790 4480 illo

192 4528 448 4571 contactu
495 4517 695 4572 sentire
733 4519 902 4587 potuit
951 4526 1186 4580 exortes,
1237 4525 1290 4570 et
1333 4515 1402 4569 ab
1445 4525 1683 4586 aspectu,
1733 4525 1790 4570 et

195 4607 405 4661 insania
449 4609 556 4671 illa,
593 4624 750 4677 quam
796 4607 1044 4662 facillime
1087 4608 1376 4677 superavit,
1419 4622 1481 4661 ac
1520 4617 1788 4677 tamquam

191 4702 376 4770 aquila
402 4701 662 4756 sublimes
697 4700 917 4755 tendens
949 4699 1080 4762 alas,
1109 4700 1355 4769 ipsasque
1383 4709 1564 4753 vestes
1589 4714 1790 4755 exuens

191 4805 246 4846 et
304 4793 589 4862 impudicis
642 4793 885 4847 manibus
940 4792 1352 4862 derelinquens,
1409 4807 1658 4861 egressus
1710 4802 1793 4847 est

190 4885 439 4939 vestibus
479 4884 694 4954 quidem
755 4883 1003 4948 nudatus,
1061 4882 1156 4937 sed
1201 4882 1482 4952 splendido
1533 4883 1792 4937 casuitatis

190 4981 398 5030 amictu
441 4975 818 5039 circumdatus,
861 4985 1022 5046 atque
1068 4976 1178 5046 ipsa
1221 4991 1452 5045 purpura
1493 4975 1788 5029 illustriori.

194 5066 335 5120 llinc
371 5066 660 5122 factumest
701 5066 913 5129 deinde,
946 5077 1003 5121 ut
1029 5068 1081 5121 in
1121 5082 1242 5121 eum
1271 5066 1475 5137 gladius
1512 5074 1793 5120 acueretur

191 5159 421 5221 iterum,
450 5158 636 5212 mortis
673 5159 878 5212 insidia:
907 5168 1260 5221 struerentur,
1304 5159 1475 5226 major
1503 5167 1793 5226 tempestas

191 5248 548 5312 excitaretur,
579 5258 632 5303 et
676 5249 916 5304 mulieris
949 5247 1094 5302 furor
1122 5247 1406 5320 Babylonia
1451 5247 1668 5303 fornace
1698 5263 1792 5302 ve-

193 5341 511 5392 hementius
548 5341 949 5395 accenderetur.
990 5341 1121 5395 Nam
1159 5348 1214 5393 et
1254 5339 1430 5393 aerius
1476 5340 1670 5394 deinde
1711 5341 1791 5392 in-

194 5428 580 5485 ﬂammabatur
608 5433 892 5502 cupiditas,
920 5441 972 5486 et
999 5431 1291 5496 iracundia,
1328 5431 1638 5501 gravissima
1670 5446 1795 5500 per-

193 5521 447 5574 turbatio
483 5523 672 5588 altera,
705 5538 910 5577 summa
951 5538 1071 5577 cum
1115 5522 1315 5576 smvitia
1362 5536 1422 5576 se
1453 5519 1793 5590 adjungebat,

194 5611 266 5665 ad
295 5611 506 5667 easdem
536 5613 830 5684 spectabat,
857 5613 922 5668 ad
956 5612 1184 5684 gladium
1214 5611 1485 5678 currebat,
1519 5610 1793 5681 iniquissi-

192 5719 356 5759 mam
389 5705 580 5761 czedem
619 5706 925 5777 appetebat,
965 5715 1018 5760 et
1049 5705 1305 5761 castitatis
1351 5704 1631 5770 athletam,
1659 5715 1790 5756 con-

1001 253 1096 315 ΑΒ
1133 254 1261 313 EOS
1288 256 1402 324 QUI
1444 257 1938 316 SCANDALIZATI
1979 261 2174 319 SUNT.
2220 265 2346 322 LIB.
2391 267 2588 327 UNUS.

3377 287 3480 342 586

1895 379 2208 450 stantiaeque
2240 382 2467 452 pugilem
2496 399 2559 438 ac
2587 385 2854 454 patientia:
2885 388 3191 446 interimere
3225 405 3482 463 propera—

1895 467 2003 523 bat.
2035 468 2274 541 Cumque
2306 474 2478 529 virum
2505 490 2657 530 suum
2691 477 2934 545 adiisset,
2956 490 3148 551 etquae
3178 485 3482 542 acciderant
3573 470 3578 474 ν

1897 564 2275 633 renuntiasset,
2324 581 2428 621 non
2469 568 2541 622 ita
2588 578 2646 622 ut
2677 571 2871 626 veritas
2909 574 2989 628 rei
3029 572 3258 642 ferebat,
3301 579 3394 632 sed
3427 589 3485 633 ut

1895 654 1982 709 illa
2035 656 2312 711 calumniae
2344 658 2572 714 fabulam
2610 670 2910 718 commenta
2949 676 3089 734 erat,
3133 683 3485 740 quascumque.

1893 746 2057 800 voluit
2079 746 2242 815 judici
2270 749 2570 804 accusando
2597 754 2881 821 persuasit,
2923 763 2978 810 et
3023 767 3291 828 tamquam
3334 760 3480 826 inju-

1892 836 2024 890 riam
2048 853 2224 907 passa,
2255 839 2507 895 ultionem
2536 843 2770 910 petebat,
2793 856 2951 914 atque
2977 847 3041 899 ad
3065 862 3248 903 eorum
3281 851 3480 918 proba-

1893 927 2112 995 tionem,
2141 949 2260 1002 qua:
2287 933 2515 996 dicebat,
2545 933 2845 991 innocentis
2864 938 3075 1007 juvenis
3110 950 3287 996 vestes
3310 943 3482 1012 impn-

1892 1022 1966 1076 ris
1992 1020 2094 1077 illis
2132 1023 2377 1080 manibus
2419 1027 2742 1082 ostentabat.
2774 1031 2843 1082 At
2877 1041 3159 1100 corruptus
3202 1034 3292 1088 ille
3315 1034 3481 1102 judex

1890 1127 1996 1165 non
2026 1128 2176 1167 reum
2203 1114 2255 1168 in
2279 1114 2534 1184 judicium
2568 1117 2878 1182 introduxit,
2907 1135 3013 1175 non
3043 1137 3258 1178 causam
3285 1126 3478 1194 agendi

1890 1202 2014 1257 fecit
2042 1212 2380 1272 potestatem,
2423 1207 2516 1262 sed
2564 1224 2685 1262 eum
2716 1211 2805 1280 qui
2851 1224 2919 1266 ne
2959 1212 3216 1280 judicium
3259 1217 3476 1284 quidem

1889 1306 2263 1362 conspexerat,
2289 1305 2555 1368 tamquam
2581 1302 2795 1355 noxium
2824 1304 3042 1358 sceleris
3071 1307 3394 1373 convictum,
3422 1318 3478 1364 et

1891 1386 2185 1456 perlectum
2211 1389 2506 1444 adulterum
2537 1391 2829 1459 damnavit,
2876 1405 2930 1448 et
2959 1396 3010 1449 in
3040 1412 3308 1454 carcerem
3349 1415 3480 1454 con-

1884 1479 2084 1548 jectum
2116 1483 2318 1536 catenis
2341 1482 2642 1539 adstrinxit.
2669 1486 2848 1556 Itaque
2875 1487 2965 1557 qui
3005 1499 3112 1543 tam
3153 1491 3336 1546 multis
3361 1503 3479 1546 erat

1889 1575 2104 1626 coronis
2137 1575 2413 1628 redimitus
2441 1576 2673 1642 virtutis,
2700 1579 3014 1633 versabatur
3040 1580 3092 1634 in
3122 1595 3339 1636 carcere
3367 1592 3476 1637 tum

1891 1665 2144 1733 temporis
2174 1680 2295 1720 cum
2338 1666 2739 1736 impostoribus,
2786 1685 2905 1724 cum
2956 1671 3322 1740 sepulcrorum
3353 1691 3478 1744 per-

1891 1754 2204 1821 fossoribus,
2250 1771 2370 1811 cum
2414 1759 2640 1824 sicariis,
2689 1775 2808 1814 cum
2848 1761 2986 1829 illis,
3035 1763 3123 1830 qui
3165 1764 3478 1832 gravissima

1888 1846 2090 1899 scelera
2150 1857 2537 1915 perpetrarant.
2606 1851 2854 1905 Attamen
2921 1853 3051 1906 nihil
3116 1853 3305 1907 horum
3361 1855 3480 1924 ejus

1888 1934 2121 1990 animum
2167 1938 2536 1991 conturbabat.
2592 1939 2661 1992 Et
2694 1941 2832 1995 alter
2873 1941 3114 2010 quidem,
3163 1944 3253 2013 qui
3297 1960 3476 2015 regem

1887 2023 2202 2093 offenderat,
2231 2025 2620 2094 dimittebatur,
2669 2032 2784 2100 ipse
2823 2041 3001 2087 autem
3035 2033 3191 2104 longo
3234 2043 3478 2105 tempore

1889 2118 2085 2171 mansit
2129 2118 2294 2184 intus,
2338 2129 2393 2174 et
2437 2136 2662 2189 quorum
2706 2137 2864 2178 causa
2893 2125 3126 2192 prtemiis
3163 2125 3478 2182 afficiendus

1888 2216 2022 2272 erat,
2055 2217 2109 2262 et
2133 2207 2451 2276 laudandus,
2477 2221 2774 2266 extremum
2817 2215 3133 2283 supplicium
3163 2217 3474 2271 sustinebat.

1887 2298 1991 2354 Sed
2020 2316 2088 2355 ne
2113 2302 2190 2356 sic
2217 2311 2394 2357 tamen
2418 2304 2748 2367 turbabatur,
2778 2322 2952 2375 neque
2981 2308 3472 2373 scandalizabatur;

1889 2407 2063 2462 neque
2092 2392 2223 2447 dixit
2248 2411 2261 2446 :
2288 2394 2396 2449 Cur
2419 2392 2562 2450 hoc?
2591 2396 2657 2451 ad
2684 2397 2810 2467 quid
2842 2399 2978 2453 hoc?
3009 2400 3119 2470 Ego
3138 2400 3226 2469 qui
3257 2402 3478 2456 fratrum

1890 2500 1984 2539 rex
2015 2501 2160 2539 eram
2195 2487 2422 2553 futurus,
2462 2504 2568 2543 non
2607 2490 2768 2545 modo
2795 2491 2882 2544 tali
2924 2491 3128 2546 honore
3163 2492 3354 2559 excidi,
3385 2495 3478 2548 sed

1889 2585 1942 2630 et
1981 2577 2172 2644 patria,
2213 2587 2265 2632 et
2309 2578 2489 2642 domo,
2543 2589 2598 2634 et
2639 2582 2965 2648 parentibus,
3011 2591 3066 2637 et
3114 2583 3376 2648 libertate,
3427 2592 3484 2638 et

1890 2668 2198 2734 securitate,
2230 2678 2391 2739 atque
2430 2670 2499 2725 ab
2539 2672 2688 2741 ipsis,
2731 2673 2820 2741 qui
2863 2689 2948 2728 me
2992 2673 3263 2728 adoraturi
3303 2685 3477 2739 erant,

1891 2773 2008 2812 sum
2063 2769 2302 2815 necatus.
2357 2761 2558 2816 Deinde
2609 2772 2730 2833 post
2770 2765 2971 2818 czcdem
3027 2780 3143 2818 sum
3197 2765 3474 2830 venditus,

1891 2849 2240 2906 barbarorum
2275 2863 2464 2908 servus
2489 2869 2606 2908 sum
2645 2855 2832 2924 factus,
2876 2866 2929 2910 et
2967 2857 3277 2927 frequenter
3301 2857 3479 2912 domi-

1893 2959 1990 2998 nos
2020 2945 2216 2998 mutavi
2253 2964 2267 3001 :
2298 2961 2470 3016 neque
2498 2946 2754 3002 malorum
2803 2948 2887 3003 hic
2918 2950 3038 3003 finis
3071 2949 3170 3004 fuit
3212 2965 3477 3016 meorum,

1891 3035 1985 3090 sed
2006 3036 2196 3106 ubique
2221 3037 2475 3094 barathra
2504 3048 2556 3094 ct
2578 3040 2802 3110 scopuli.
2828 3041 2957 3095 Post
2985 3039 3205 3096 fratrum
3233 3041 3478 3106 insidias,

1891 3135 1946 3181 et
1985 3127 2209 3197 cardem,
2241 3136 2298 3183 et
2341 3130 2676 3196 servitutem,
2710 3145 2828 3186 cum
2870 3133 3127 3201 priorem,
3163 3141 3271 3187 tum
3303 3143 3482 3204 poste-

1891 3221 2109 3287 riorem,
2144 3236 2329 3276 rursus
2369 3231 2594 3278 mortem
2638 3224 2771 3277 mihi
2801 3225 3260 3289 machinabantur,
3308 3235 3363 3281 et
3387 3240 3481 3279 ea-

1892 3311 2145 3364 lumniam
2181 3312 2350 3382 priori
2379 3314 2706 3382 graviorem,
2734 3323 2789 3370 et
2831 3315 3072 3382 insidias,
3115 3327 3276 3386 atque
3302 3316 3484 3371 incur-

1892 3415 2004 3465 sus,
2034 3418 2096 3457 ac
2120 3403 2376 3472 judicium
2412 3416 2744 3476 corruptum,
2791 3416 2845 3461 et
2874 3410 3267 3465 accusationem
3301 3410 3481 3462 multis

1894 3495 2102 3564 probris
2140 3497 2546 3562 redundantem,
2585 3515 2704 3569 qua:
2743 3508 2981 3554 nostram
3026 3501 3224 3556 caedem
3255 3502 3484 3570 parturi-

1892 3593 1992 3642 ret.
2038 3586 2278 3657 Cumque
2320 3603 2492 3642 meam
2529 3603 2742 3644 causam
2790 3591 2980 3661 agendi
3022 3590 3326 3646 facultatem
3375 3604 3481 3644 non

1893 3677 2264 3742 obtinuissem,
2297 3687 2500 3735 temere
2525 3694 2588 3734 ac
2618 3681 2734 3736 sine
2773 3696 2931 3735 causa
2977 3682 3028 3735 in
3063 3695 3333 3736 carcerem
3359 3695 3476 3734 sum

1893 3767 2173 3836 adductus,
2205 3777 2260 3823 et
2306 3770 2508 3824 catenis
2557 3769 2857 3833 devinctus,
2902 3787 3022 3826 eum
3053 3770 3327 3835 adulteris,
3358 3785 3479 3824 cum

1895 3858 2176 3914 homicidis
2201 3870 2254 3915 et
2278 3861 2714 3929 gravissimorum
2744 3861 3006 3915 scelerum
3035 3861 3141 3914 reis
3173 3874 3378 3914 versor.
3409 3861 3480 3914 At

1894 3952 2142 4023 princeps
2177 3953 2391 4024 quidem
2437 3954 2812 4024 pincernarum
2858 3968 2887 4006 a
2919 3953 3146 4007 vinculis
3185 3963 3240 4008 et
3265 3967 3484 4008 carcere

1896 4044 2148 4100 liberatus
2171 4055 2255 4100 est
2281 4064 2294 4099 :
2325 4061 2424 4116 ego
2451 4061 2578 4100 vero
2624 4061 2690 4100 ne
2731 4055 2851 4115 post
2882 4045 3029 4098 illum
3073 4045 3287 4114 quidem
3318 4045 3480 4098 ullam

1896 4137 2283 4192 immunitatem
2318 4151 2532 4206 possum
2579 4138 2867 4206 impetrare
2901 4154 2912 4189 :
2946 4145 3105 4205 atque
3139 4135 3229 4190 ille
3263 4135 3478 4205 quidem

1896 4228 1948 4283 in
1975 4242 2109 4298 Opus
2138 4228 2335 4284 exiisse
2363 4227 2493 4282 vidit
2537 4229 2826 4293 somnium,
2858 4239 3016 4299 prout
3055 4229 3128 4282 illi
3161 4227 3362 4282 fueram
3392 4227 3476 4281 in.

1897 4331 2221 4392 terpretatus
2267 4340 2280 4375 :
2328 4335 2428 4390 ego
2474 4322 2801 4390 gravissimis
2854 4324 2939 4376 hic
3000 4323 3154 4377 malis
3209 4321 3479 4375 obsideor.

1897 4413 2142 4469 lla'ccine
2206 4413 2334 4467 mihi
2393 4413 2628 4467 visiones
2683 4414 2786 4467 illa:
2842 4413 3317 4484 prtcnuntiabant?
3370 4413 3484 4466 lucc

1897 4521 2149 4560 numerus
2175 4504 2264 4558 ille
2294 4503 2608 4558 stellarum?
2639 4505 2752 4560 hznc
2787 4505 2856 4559 illi
2886 4503 3184 4575 manipuli?
3210 4505 3328 4572 Quo
3357 4519 3488 4575 pro-

1898 4597 2184 4652 missiones
2203 4596 2528 4652 evaserunt?
2556 4611 2661 4666 quo
2694 4597 2796 4650 illa:
2835 4597 3291 4667 pollicitationes?
3317 4595 3480 4648 Num-

1897 4688 2023 4754 quid
2067 4688 2274 4758 decepti
2322 4689 2545 4742 smnus?
2591 4688 2842 4755 numqnid
2895 4689 2946 4741 in
2993 4687 3234 4742 fraudem
3284 4685 3488 4740 illecti?

1901 4781 1998 4837 Ubi
2040 4783 2180 4836 enim
2222 4783 2330 4851 jam
2372 4798 2457 4835 me
2500 4781 2769 4836 adoraturi
2819 4791 2940 4834 sunt
2985 4779 3196 4844 fratres,
3240 4794 3480 4836 servum.

1897 4874 2186 4943 captivum,
2215 4873 2561 4942 compedibus
2584 4873 2835 4935 vinctum,
2868 4873 2954 4942 qui
2992 4870 3200 4925 adulter
3221 4885 3342 4926 esse
3376 4869 3490 4924 exir

1898 4964 2105 5028 stimor,
2147 4963 2234 5033 qui
2278 4964 2343 5016 de
2388 4966 2492 5016 vita
2544 4963 2831 5030 periclitor,
2889 4962 2978 5030 qui
3029 4970 3176 5016 tanto
3221 4971 3483 5014 terrarum

1901 5056 2180 5109 intervallo
2244 5055 2462 5108 dissitus
2519 5055 2586 5107 ab
2637 5054 2740 5107 illis
2786 5053 3007 5107 habito?
3059 5054 3341 5108 Perierunt
3397 5054 3482 5108 illa

1900 5149 2096 5210 omnia,
2132 5156 2186 5202 et
2216 5147 2266 5199 in
2298 5146 2515 5200 nilnlutn
2544 5147 2810 5199 abierunt.
2843 5143 2980 5198 Nihil
3012 5143 3196 5198 horum
3236 5153 3330 5198 aut
3352 5143 3486 5197 dixit

1902 5250 1994 5292 aut
2033 5238 2317 5310 cogitavit,
2371 5237 2463 5292 sed
2521 5239 2678 5292 liuent
2727 5236 3108 5307 exspectabat,
3161 5245 3344 5305 utpote
3394 5235 3485 5305 qui

1901 5341 2096 5401 quanta
2134 5334 2203 5384 sit
2228 5333 2320 5385 Dei
2353 5333 2589 5396 solertia,
2620 5345 2778 5400 quam
2813 5338 3001 5397 potens
3041 5329 3156 5396 ejus
3198 5327 3482 5398 sapientia,

1904 5424 2068 5494 probe
2093 5432 2272 5477 nosset
2302 5441 2313 5476 :
2339 5433 2391 5477 et
2419 5437 2523 5476 non
2549 5425 2707 5478 modo
2734 5439 2840 5480 non
2883 5422 3360 5487 scandalizabatur,
3391 5423 3488 5476 sed

1903 5515 2062 5569 etiam
2089 5513 2158 5568 ob
2185 5528 2269 5579 ea,
2302 5529 2421 5585 qua:
2450 5513 2773 5582 acciderant,
2797 5514 3128 5587 gloriabatur
3155 5526 3209 5570 et
3233 5514 3332 5567 sibi
3371 5513 3489 5582 pla-

1903 5607 2078 5663 cehat.

1980 5698 2232 5769 Exemplo
2277 5699 2485 5756 Doridis
2524 5701 2731 5773 amicta:
2776 5702 3080 5756 consolatur.
3104 5698 3324 5768 —Quid
3369 5711 3498 5752 vero

1771 5833 1780 5841 ‘
1825 5828 1894 5853 αἱ.
