4030 6206
466 254 584 358 sm
1275 301 1332 357 s.
1366 298 1646 357 JOANNIS
1684 297 2161 357 cnnvsosrosu
2197 292 2513 353 ARCHIEP.
2555 256 3089 352 coasrAN'nxoe.

483 419 669 483 ῐδςινίό,
701 416 808 483 die,
836 416 1060 488 quaso?
1084 417 1270 471 Nonne
1292 423 1573 486 postquam
1594 416 1645 471 in
1668 430 1847 486 regem
1872 424 2066 471 unctus

513 520 584 574 st,
629 517 685 565 et
730 510 821 564 Dei
868 507 1119 580 suifragio
1146 508 1455 579 designatus
1505 508 1681 580 populi
1726 509 2070 563 Hebraeorum

484 609 756 669 sceptrum
788 602 1012 669 accepit,
1039 599 1212 669 deque
1240 599 1465 655 barbaro
1481 600 1772 673 gloriosum
1801 598 1927 654 illud
1955 608 2071 653 tro-

485 706 657 762 pteuin
710 694 901 758 erexit,
941 692 1268 762 gravissimis
1307 692 1536 750 amictus
1578 703 1662 750 est
1692 692 1865 759 malis,
1894 691 2069 757 bellis,

487 782 694 840 insidiis
728 784 994 854 appetitus
1019 799 1049 838 a
1078 784 1256 847 Saftie,
1291 785 1341 838 in
1364 785 1541 854 ipsum
1565 786 1752 853 capitis
1780 782 2072 838 discrimen

488 876 770 941 adductus,
808 876 875 931 ad
918 877 1216 945 periculosa
1250 877 1447 932 missus
1476 878 1677 947 pnrlia,
1702 878 1956 933 ccutintto
1984 894 2077 948 per

489 969 761 1022 desertum
799 982 1007 1029 errans,
1050 981 1232 1037 vagus,
1289 969 1461 1032 exsul,
1512 968 1764 1035 extorris,
1814 968 1974 1023 domo
2015 983 2079 1024 ac

490 1059 710 1113 sedibus
757 1059 867 1113 suis
894 1058 1119 1129 pulsus?
1166 1057 1302 1127 de
1343 1058 1525 1113 multis
1553 1058 1732 1114 verbis
1781 1072 1915 1129 opus
1955 1058 2078 1113 est?

493 1153 732 1207 Tandem
773 1166 804 1207 e
829 1152 1020 1222 patria,
1058 1166 1261 1221 suaque
1290 1150 1378 1205 illa
1409 1151 1629 1222 regione
1657 1159 1871 1222 penitus
1897 1159 2080 1205 extur—

490 1244 667 1308 batus,
697 1242 835 1313 apud
866 1243 1124 1298 barbaros
1168 1242 1350 1298 hostes
1380 1250 1435 1298 et
1464 1242 1867 1298 'iufensissimos
1895 1258 2077 1298 versa-

494 1334 650 1387 batur
687 1347 750 1389 ac
778 1334 1141 1390 molestiorem
1173 1333 1429 1389 servitute
1457 1334 1617 1388 vitam
1646 1333 1927 1400 tolerabat,
1959 1350 2080 1388 cum

493 1427 657 1481 etiam
704 1427 1009 1481 necessario
1038 1431 1179 1482 victu
1224 1435 1452 1482 careret.
1496 1428 1667 1497 Atque
1704 1426 1828 1482 inec
1873 1426 1961 1482 ille
1990 1442 2084 1499 pa-

493 1500 727 1574 tiebatur
753 1527 874 1587 post
917 1517 1184 1574 Samuelis
1213 1519 1525 1584 adventum,
1567 1528 1849 1590 postquam
1893 1529 2085 1574 unctus

495 1609 616 1664 oleo
640 1610 827 1676 fuerat,
859 1618 980 1681 post
1008 1610 1158 1681 regni
1183 1611 1613 1680 promissionem,
1639 1621 1758 1682 post
1789 1621 2082 1681 sceptrum,

498 1712 617 1771 post
650 1700 917 1768 diadema,
949 1711 1068 1771 post
1105 1702 1424 1757 electionem
1463 1701 1580 1768 Dei,
1622 1710 1740 1771 post
1777 1700 2083 1777 suffragium

496 1796 574 1849 illi
612 1796 846 1850 delatum
879 1806 973 1849 :at
1000 1794 1146 1849 -nihil
1201 1808 1377 1850 tamen
1434 1797 1621 1849 borum
1664 1794 1738 1850 illi
1778 1796 2087 1850 scandalum

500 1887 696 1949 attulit,
714 1901 886 1956 neque
914 1885 1047 1941 dixit
1076 1887 1159 1941 hic
1184 1902 1411 1956 quoque,
1439 1886 1575 1954 Quid
1600 1886 1703 1941 hoc
1724 1887 1804 1941 rei
1832 1886 1952 1943 est?
1974 1887 2088 1958 Ego

499 1977 587 2030 ille
618 1992 733 2044 rex,
761 1986 815 2032 et
842 1988 1045 2031 tantum
1088 1976 1374 2047 adepturus
1417 1979 1725 2046 imperium,
1759 1993 1825 2033 ne
1853 1978 2089 2048 privatus

499 2070 712 2140 quidem
765 2085 885 2126 esse
924 2078 1040 2125 tuto
1090 2085 1342 2139 possum;
1399 2069 1492 2125 sed
1548 2086 1672 2125 erro
1724 2068 1897 2125 factus
1945 2087 2085 2136 sum,

500 2162 671 2227 exsul,
696 2162 946 2224 extorris,
973 2161 1133 2216 domi
1162 2176 1223 2216 ac
1247 2161 1465 2217 sedibus
1494 2161 1702 2231 pulsus,
1733 2171 1785 2216 et
1809 2165 1861 2216 in
1897 2159 2089 2216 barba-

500 2270 680 2307 rorum
712 2255 984 2324 regionem
1028 2252 1366 2318 amendatos,
1413 2254 1573 2307 etiam
1617 2254 1920 2310 necessario
1948 2254 2090 2311 victu

501 2361 680 2411 careo,
706 2360 769 2399 ac
809 2344 1032 2414 singulis
1061 2345 1247 2400 diebus
1271 2344 1427 2399 video
1466 2345 1596 2399 mihi
1641 2345 1763 2400 vitae
1792 2346 2089 2414 periculum

502 2437 800 2493 imminere.
832 2435 932 2492 Ubi
962 2446 1083 2491 sunt
1126 2435 1275 2507 regni
1304 2436 1725 2505 pr0missiones?
1756 2438 1841 2492 ubi
1881 2437 2090 2510 imperii

502 2528 645 2583 illius
673 2525 1120 2597 pollicitationes?
1144 2527 1285 2582 Nihil
1318 2527 1506 2582 horum
1535 2543 1709 2600 neque
1734 2528 1890 2596 dixit,
1914 2546 2090 2600 neque

501 2620 786 2689 cogitavit;
818 2634 989 2690 neque
1012 2619 1081 2674 ob
1104 2634 1188 2687 ea,
1211 2635 1329 2690 qum
1349 2619 1676 2687 acciderant,
1701 2620 2090 2676 scandalizatus

503 2721 607 2774 est,
655 2710 748 2766 sed
791 2720 846 2766 et
890 2712 1004 2781 ipse
1056 2712 1215 2767 tinem
1256 2711 1669 2783 promissionum
1724 2711 2087 2783 exspectabat.

500 2800 723 2857 Possem
752 2810 930 2858 autem
956 2813 1011 2859 et
1032 2803 1166 2857 alios
1193 2804 1503 2858 innumeros
1531 2817 1979 2870 commemorare,
2000 2804 2092 2874 qui

504 2907 624 2949 cum
656 2894 707 2949 in
749 2909 835 2950 res
863 2895 1117 2951 adversas
1158 2896 1495 2964 incidissent,
1537 2897 1759 2953 minime
1795 2897 2089 2969 perturbati

506 2997 647 3051 sunt,
678 2985 771 3041 sed
804 2988 893 3043 Dei
938 2989 1258 3057 promissum
1290 2989 1547 3044 memoria
1581 2999 1849 3057 tenentes,
1880 2990 2089 3045 tametsi

502 3077 769 3133 contraria
789 3078 1065 3148 promissis
1084 3089 1274 3134 eventa
1296 3089 1621 3150 spectarent,
1642 3080 1799 3153 lmjus
1819 3082 2093 3157 praeclaras

506 3170 777 3239 patientia:
834 3168 1096 3225 beneficio
1146 3170 1407 3241 gloriosas
1449 3185 1678 3227 coronas
1724 3183 2087 3246 reportat-unt.

508 3262 573 3317 Et
598 3271 654 3316 tu
691 3262 853 3333 igitur
889 3276 1160 3334 exSpecta,
1193 3264 1558 3329 dilectissime,
1598 3264 1793 3331 finem;
1826 3265 2089 3337 siquidem

506 3354 725 3409 omnino
749 3353 995 3408 adveniet
1016 3353 1097 3409 vel
1129 3355 1181 3408 lu
1223 3355 1325 3410 hoc
1358 3356 1577 3422 sa'culo,
1608 3357 1690 3410 vel
1714 3356 1767 3412 iu
1803 3356 2010 3422 futuro;
2038 3366 2094 3412 et

508 3447 703 3517 ubique
730 3447 1259 3518 incomprehensibili
1291 3447 1386 3503 Dei
1428 3449 1780 3519 providentia:
1813 3449 1965 3514 cede,
1991 3464 2091 3506 ue-

505 3556 611 3611 que
638 3534 785 3596 dicas
814 3542 998 3609 :Quod
1044 3557 1169 3596 vero
1209 3542 1424 3597 tandem
1469 3543 1761 3598 remedium
1811 3553 1890 3598 tot
1936 3544 2093 3599 malis

509 3630 707 3702 poterit
746 3632 1034 3688 adhiberi?
1082 3647 1253 3703 neque
1295 3633 1506 3688 curiose
1554 3634 1769 3688 modum
1818 3618 2090 3706 exquiras,

504 3740 609 3794 quo
637 3726 777 3779 Deus
802 3725 1056 3780 miracula
1078 3725 1247 3781 soleat
1274 3727 1453 3783 edere.

577 3816 705 3872 Car.
755 3815 850 3873 XI.
905 3815 1019 3872 Hoc
1071 3834 1171 3872 non
1209 3819 1378 3873 statim
1412 3819 1698 3890 contigisse,
1750 3828 1901 3890 atque
1949 3818 2094 3873 initio

459 3938 467 3946 ν
507 3910 761 3962 contraria
780 3918 961 3963 cuncta
990 3926 1107 3964 cum
1135 3919 1391 3965 cernerent
1425 3912 1639 3977 evenire,
1670 3920 1855 3966 veteres
1877 3910 2096 3964 scanda-

508 4002 688 4057 lizatos
728 4020 829 4057 non
856 4004 1032 4075 fuisse.
1056 4035 1131 4044 —
1152 4003 1338 4078 Neque
1366 3996 1515 4059 enim
1559 4014 1669 4060 tum
1706 4007 1963 4076 temporis
1992 4005 2096 4061 hoc

506 4096 633 4163 justi
680 4095 754 4149 illi
800 4096 1133 4165 qumrehaut,
1169 4097 1469 4165 Quomodo,
1511 4109 1565 4155 et
1604 4115 1706 4171 qua
1759 4101 1965 4156 ratione
1994 4102 2095 4157 ista

512 4186 683 4242 tient?
713 4188 807 4243 sed
837 4205 959 4244 cum
1007 4194 1185 4245 omnia
1230 4203 1536 4262 cernerent,
1583 4196 1630 4250 si
1660 4196 2096 4253 ratiocinationes

513 4289 820 4351 spectentur
860 4283 1128 4350 humanm,
1171 4284 1227 4339 in
1269 4284 1700 4357 desperationem
1737 4286 1985 4355 adducta,
2028 4302 2098 4344 ne

506 4373 586 4427 sic
635 4372 849 4443 quidem
908 4376 1387 4444 conturbabantur,
1436 4388 1531 4433 aut
1581 4378 1920 4435 terrebantur
1952 4398 1967 4437 :
1996 4380 2093 4435 sed

510 4465 777 4536 patienter
801 4466 980 4521 omnia
1012 4466 1274 4535 ferebant,
1303 4483 1368 4524 ac
1393 4468 1754 4524 certissimum
1784 4472 1997 4540 pignus,
2040 4480 2099 4528 et

507 4567 877 4630 argumentum
913 4561 1155 4631 prosperi
1178 4574 1463 4617 successus
1481 4562 1724 4617 eventuri
1752 4577 1817 4616 ex
1844 4562 1981 4632 ejus,
2004 4563 2095 4630 qui

509 4652 779 4723 pollicitus
810 4662 946 4722 erat,
999 4654 1239 4725 potentia
1276 4654 1616 4726 colligebant,
1664 4670 1839 4726 neque
1875 4666 2099 4728 pmpter

508 4763 695 4802 eorum
724 4764 843 4818 qua:
884 4748 1192 4803 acciderant
1218 4748 1579 4803 conditionem
1604 4748 1931 4804 contrariam
1979 4747 2099 4802 ani-

510 4857 655 4896 mum
679 4844 833 4914 plane
871 4841 1295 4912 despondebant.
1327 4840 1538 4896 Etenim
1567 4842 1817 4896 solertem
1849 4840 1994 4895 illum
2036 4855 2101 4896 ac

508 4937 803 5007 sapientem
835 4951 954 4991 esse
998 4944 1147 4988 certo
1177 4932 1439 4999 sciebant,
1461 4948 1524 4987 ac
1564 4933 1786 5003 proinde
1812 4948 1971 5005 posse
2014 4948 2101 4988 res

510 5028 668 5081 etiam
696 5024 1008 5095 desperatas
1039 5023 1358 5089 instaurare,
1403 5033 1561 5095 atque
1589 5024 1641 5078 in
1671 5034 1868 5079 statum
1911 5026 2100 5079 melio-

513 5134 625 5175 rem
675 5114 898 5189 pristino
947 5113 1264 5180 restituere,
1317 5129 1629 5185 summaque
1676 5129 1796 5171 cum
1850 5114 2102 5172 facilitate

512 5214 624 5269 suis
657 5205 932 5279 promissis
978 5202 1136 5257 linem
1179 5204 1473 5273 imponere.
1508 5206 1578 5261 Et
1623 5216 1677 5261 tu
1709 5208 1885 5279 igitur,
1932 5210 2100 5263 caris-

505 5302 666 5365 κιιιιο.
699 5298 808 5353 sive
842 5296 892 5351 iu
915 5293 1015 5349 huc
1041 5294 1145 5349 vita
1168 5294 1305 5348 tuala
1337 5297 1606 5364 liniantur,
1633 5299 1798 5355 Deum
1821 5300 2058 5371 gloriﬁca
2085 5318 2099 5356 :

513 5398 625 5453 sivo
654 5389 941 5463 majoribus
967 5386 1365 5446 diiticultatibus
1397 5390 1751 5461 involvantur,
1781 5395 1859 5450 sic
1888 5409 2103 5465 quoque

513 5488 709 5561 gratius
745 5498 862 5553 uno,
894 5495 1064 5553 neque
1090 5481 1630 5558 scandalumpatcrc,
1659 5505 1781 5547 cum
1805 5489 1970 5560 probe
2000 5504 2103 5544 no-

518 5588 657 5637 veris
686 5580 996 5635 immensam
1025 5588 1145 5631 osse
1172 5589 1344 5647 neque
1375 5579 1506 5635 satis
1534 5583 1759 5653 exprimi
1790 5596 1947 5653 posse
1977 5597 2103 5651 pro-

518 5672 804 5733 videutbuu
849 5670 962 5735 lini,
1004 5682 1065 5725 ac
1101 5668 1259 5743 plane
1304 5672 1561 5743 futurum,
1595 5688 1653 5733 ut
1687 5680 1866 5733 omnia
1904 5692 2103 5733 conve-

526 5768 758 5826 nientem
802 5764 959 5823 finem
997 5763 1305 5837 sortiantur,
1345 5767 1458 5824 sive
1496 5768 1550 5825 in
1580 5771 1683 5827 hoc
1725 5769 1944 5839 smculo,
1990 5770 2105 5827 sive

3652 293 3755 352 508

2186 410 2241 466 in
2264 406 2461 469 futuro.
2493 412 2647 483 Quod
2685 417 2729 470 si
2761 415 2901 487 quis,
2929 414 3056 471 dum
3088 416 3326 473 futurum
3365 419 3532 485 audit,
3568 432 3623 477 et
3655 438 3766 490 prae

2181 503 2343 558 nimia
2382 505 2816 575 pusillanimitate
2843 506 3023 562 hocin
3056 507 3156 564 hac
3185 508 3291 563 vita
3337 519 3581 580 spectare
3609 511 3761 567 festi-

2178 601 2288 655 net,
2318 594 2366 648 ei
2391 610 2487 649 nos
2508 595 2747 651 dicemus
2766 606 2875 652 tum
2905 614 3085 653 veram
3118 600 3281 655 vitam
3309 611 3362 656 et
3388 618 3475 658 res
3505 615 3762 659 consum-

2183 694 2266 739 tes
2305 695 2359 739 et
2392 687 2640 741 immotas
2670 704 2766 742 nos
2799 704 3035 745 manere.
3082 690 3187 746 Res
3216 692 3412 764 quippe
3451 705 3767 765 praesentes,

2182 775 2265 829 via
2296 786 2452 842 sunt;
2484 774 2577 831 sed
2612 777 2732 845 illm,
2765 780 2936 850 patria
2966 799 2978 834 :
3006 795 3090 837 res
3131 782 3289 851 hujus
3323 784 3504 839 sa3culi
3551 784 3773 843 ﬂoribus

2185 867 2363 921 vernis
2403 878 2529 923 sunt
2569 870 2791 936 similes,
2843 870 2950 926 illae
2998 888 3127 929 vero
3170 876 3319 929 saxis
3363 875 3771 935 immobilibus:

2184 954 2293 1013 illic
2324 974 2536 1015 corona:
2562 976 2625 1016 ac
2655 964 3114 1020 remunerationes
3151 981 3269 1038 qua:
3300 966 3457 1022 linem
3503 971 3774 1040 nesciunt,

2186 1051 2292 1106 illic
2316 1054 2529 1122 prarmia
2569 1064 2623 1109 et
2652 1055 2852 1122 bravia,
2882 1056 2987 1111 illic
3014 1074 3186 1127 pmna:
3214 1068 3375 1130 atque
3402 1062 3663 1131 supplicia
3698 1064 3773 1118 in-

2187 1143 2465 1198 toleranda
2493 1160 2700 1214 eorum,
2741 1149 2828 1218 qui
2861 1149 3122 1218 ejusmodi
3162 1151 3363 1206 scelera
3395 1157 3772 1223 perpetrat-int.

2185 1233 2321 1302 Quid
2350 1252 2476 1307 ergo
2506 1235 2743 1292 dicemus
2770 1239 2835 1293 ad
2866 1256 2979 1307 eos,
3006 1257 3142 1312 quos
3182 1243 3391 1299 interim
3419 1246 3774 1302 seandalizari

2187 1327 2496 1383 videamus?
2545 1330 2687 1385 dicet
2730 1332 2942 1402 aliquis.
2987 1333 3056 1388 At
3096 1343 3150 1388 tu
3186 1350 3283 1390 cur
3320 1352 3425 1392 non
3470 1353 3565 1393 eos
3610 1340 3775 1395 etiam

2189 1433 2598 1488 commemoras,
2629 1423 2717 1491 qui
2762 1422 2961 1480 idcirco
3001 1425 3134 1480 ﬁunt
3161 1425 3498 1497 illustriores,
3545 1429 3640 1483 sed
3681 1446 3779 1486 eos

2190 1523 2393 1569 tantum
2424 1516 2510 1585 qui
2544 1517 2812 1588 religionis
2845 1518 2989 1572 larva
3034 1534 3093 1572 se
3125 1520 3391 1589 tegebant,
3433 1532 3486 1576 et
3514 1537 3657 1578 nunc
3684 1523 3780 1578 de-

2192 1605 2614 1675 prehenduntur,
2647 1609 2697 1662 in
2729 1608 2964 1662 medium
2993 1607 3251 1664 adducis?
3272 1610 3387 1666 Non
3416 1612 3563 1666 vides
3587 1629 3779 1668 aurum

2191 1696 2407 1767 purgari
2458 1698 2653 1765 solere,
2707 1700 2979 1768 plumbum
3030 1709 3208 1757 autem
3255 1703 3361 1756 tale
3403 1702 3783 1775 deprehendi?

2192 1787 2373 1858 paleas
2421 1803 2450 1841 a
2481 1787 2749 1843 frumento
2788 1792 3021 1858 secerni,
3046 1793 3209 1863 'lupos
3252 1792 3320 1847 ab
3367 1788 3577 1863 ovibus,
3611 1798 3781 1868 hypo-

2192 1881 2353 1934 critas
2390 1879 2456 1933 ab
2488 1880 2551 1933 iis
2572 1880 2661 1950 qui
2705 1896 2828 1934 vera
2858 1882 3055 1950 pietate
3086 1884 3293 1954 praediti
3336 1884 3564 1940 vivunt?
3591 1885 3780 1956 itaque

2193 1971 2239 2026 si
2287 1972 2497 2042 quando
2535 1971 2715 2026 videas
2761 1973 2949 2027 horum
2990 1974 3235 2030 scandala
3261 2016 3277 2043 ,
3328 1977 3541 2034 veniant
3587 1978 3680 2032 tibi
3724 1979 3779 2032 in

2195 2073 2427 2121 mentem
2453 2065 2665 2121 illorum
2691 2066 2946 2137 praeclara
2988 2066 3220 2124 facinora
3246 2080 3300 2124 et
3332 2072 3614 2140 prmeonia.
3640 2071 3783 2143 Sup-

2197 2156 2415 2226 plantati
2436 2167 2556 2212 sunt
2573 2158 2806 2229 quidam,
2835 2168 2890 2212 at
2911 2157 3077 2213 multo
3098 2156 3278 2229 plures
3296 2170 3580 2230 steterunt,
3608 2163 3785 2233 majo-

2195 2263 2415 2320 remque
2463 2249 2563 2305 sibi
2606 2250 2905 2304 mercedem
2937 2258 3334 2320 compararunt,
3364 2267 3538 2321 neque
3561 2253 3790 2307 insidia-

2197 2348 2370 2395 torum
2420 2340 2677 2411 potentia,
2733 2356 2907 2411 neque
2954 2349 3251 2411 temporum
3307 2342 3620 2400 difficultate
3667 2361 3793 2415 pro.

2196 2432 2369 2487 strati.
2425 2433 2494 2486 At
2533 2430 2604 2485 illi
2649 2432 2739 2503 qui
2787 2433 3109 2504 supplantati
3165 2442 3310 2505 sunt,
3349 2435 3450 2491 sibi
3503 2436 3633 2507 ipsis
3679 2436 3786 2492 hoc

2198 2524 2458 2594 imputent
2487 2543 2501 2580 :
2533 2525 2959 2596 quandoquidem
3001 2534 3055 2581 et
3101 2536 3208 2591 tres
3255 2526 3407 2599 pueri
3462 2531 3710 2600 quamvis
3752 2546 3784 2586 a

2195 2617 2561 2673 sacerdotibus
2604 2618 2793 2685 avulsi,
2837 2633 2867 2671 a
2906 2618 3124 2689 templo,
3156 2619 3225 2673 ab
3270 2620 3450 2689 altari,
3481 2631 3536 2676 et
3576 2621 3785 2693 reliqua

2192 2711 2338 2766 omni
2370 2711 2501 2782 legis
2538 2711 2938 2780 observatione,
2969 2720 3130 2783 atque
3155 2712 3204 2766 iu
3235 2712 3406 2768 media
3431 2713 3789 2770 barbarorum

2194 2805 2410 2877 regione
2428 2802 2767 2875 deprehensi,
2806 2819 3013 2860 smmna
3039 2819 3159 2858 eum
3182 2803 3451 2875 diligentia
3482 2804 3655 2876 legem
3683 2805 3788 2861 ob-

2196 2905 2518 2955 servarunt:
2550 2898 2663 2968 pari
2696 2898 2902 2953 ratione
2934 2897 3137 2961 Daniel,
3162 2906 3217 2953 et
3243 2898 3331 2951 alii
3356 2898 3526 2965 multi,
3557 2908 3617 2953 et
3642 2912 3789 2953 non-

2200 2992 2332 3049 nulli
2382 2990 2597 3051 u'tidem
2650 2991 2703 3046 in
2759 2991 3118 3062 captivitatem
3163 2988 3375 3045 abducti
3423 2989 3555 3044 nihil
3601 2989 3788 3046 damni

2196 3083 2460 3149 fecerunt,
2487 3083 2574 3137 aiii
2597 3097 2726 3138 vero
2744 3097 2866 3136 cum
2887 3081 3029 3136 domi
3052 3080 3395 3149 mansissent,
3426 3081 3791 3150 cantibusque

2196 3178 2370 3242 bonis,
2398 3191 2517 3247 qua:
2538 3176 2589 3229 in
2616 3174 2784 3245 patria
2813 3173 3186 3244 suppetebant,
3209 3172 3361 3245 potiti
3386 3181 3588 3241 essent,
3615 3172 3788 3228 oifen-

2196 3271 2413 3338 derunt,
2446 3279 2497 3324 et
2527 3271 2675 3325 fuere
2700 3267 2955 3323 damnati.

2268 3365 2397 3421 CAP.
2424 3362 2540 3419 XII.
2585 3362 2700 3432 Qua
2731 3360 2794 3415 de
2819 3377 2972 3414 causa
3006 3360 3234 3413 homines
3273 3357 3485 3432 improbi
3516 3368 3563 3413 et
3593 3360 3792 3414 daemo-

2197 3475 2286 3514 nes
2314 3468 2360 3511 et
2386 3456 2617 3512 diabolus
2649 3456 2703 3509 in
2733 3455 2829 3508 hoc
2867 3451 3054 3506 mundo
3089 3452 3227 3517 sint;
3265 3450 3508 3506 scandala
3543 3468 3635 3506 cur
3666 3469 3792 3522 per-

2197 3551 2369 3605 missa.
2415 3577 2487 3588 —
2531 3545 2681 3615 Quod
2721 3544 2763 3600 si
2804 3559 3049 3615 qumras,
3088 3559 3189 3614 qua
3229 3544 3295 3599 de
3320 3559 3477 3598 causa
3523 3545 3794 3613 penuissa

2197 3642 2306 3695 sint
2333 3641 2456 3706 ista,
2496 3652 2671 3708 neque
2700 3636 2909 3691 arcanis
2925 3634 3381 3706 dispensationem
3410 3633 3527 3703 ejus
3560 3634 3793 3688 rationi-

2201 3736 2300 3791 bus
2324 3733 2651 3806 acquiescas,
2675 3732 2767 3788 sed
2790 3733 2967 3787 omnia
2996 3718 3211 3786 studeas
3227 3730 3439 3786 curiose
3459 3729 3794 3801 disquirere,

2198 3826 2452 3898 paulatim
2494 3824 2837 3897 progrediens
2872 3822 3066 3877 multas
3116 3822 3248 3878 alias
3286 3822 3613 3893 quaestiones
3661 3836 3799 3891 prta

2198 3931 2386 3989 pones,
2414 3915 2643 3986 exempli
2673 3929 2854 3982 causa,
2884 3928 2980 3968 cur
2996 3911 3232 3968 htereses
3256 3912 3652 3982 permittautur,
3681 3925 3796 3981 qua

2199 4009 2268 4066 de
2293 4022 2452 4065 causa
2477 4006 2749 4074 diabolus,
2794 4020 2898 4077 qua
2926 4003 2993 4060 de
3021 4017 3179 4058 causa
3204 4001 3479 4058 dazmones
3505 4044 3521 4069 ,
3564 4017 3662 4056 cur
3689 4001 3799 4055 bo-

2200 4101 2370 4155 miues
2403 4098 2664 4168 improbi,
2712 4106 2768 4153 et
2795 4097 2884 4168 qui
2925 4096 3122 4150 multos
3150 4093 3492 4165 supplantant
3522 4111 3535 4148 :
3563 4102 3617 4149 et
3640 4093 3794 4164 quod

2201 4193 2438 4248 omnium
2468 4200 2550 4249 est
2576 4191 2793 4246 istorum
2812 4196 2988 4259 caput,
3021 4203 3117 4242 cur
3140 4186 3390 4241 adveniat
3415 4184 3796 4250 antichristus,

2201 4287 2290 4356 qui
2320 4293 2462 4339 tanta
2500 4284 2663 4354 pollet
2689 4281 2755 4337 ad
2784 4279 3153 4351 decipiendum
3178 4279 3413 4350 potentia
3439 4319 3455 4345 ,
3495 4287 3555 4333 ut
3592 4277 3804 4333 dixerit

2201 4378 2445 4434 Christus
2470 4368 2590 4433 cum
2619 4385 2763 4432 tanta
2793 4374 3174 4446 prtestiturum,
3200 4385 3259 4428 ut
3284 4373 3337 4427 in
3364 4387 3602 4427 errorem
3633 4370 3805 4426 indu-

2201 4482 2423 4536 cantur,
2465 4471 2509 4525 si
2557 4470 2668 4525 iieri
2700 4476 2905 4540 potest,
2946 4467 3106 4522 etiam
3135 4465 3291 4521 electi
3318 4463 3531 4536 (Matth.
3556 4463 3647 4517 24.
3671 4461 3801 4534 24).

2202 4565 2271 4619 At
2292 4564 2433 4619 enim
2462 4563 2561 4617 ista
2589 4557 2871 4632 quaerenda
2903 4573 3007 4613 non
3039 4566 3199 4624 sunt,
3231 4557 3324 4611 sed
3354 4564 3479 4611 sunt
3501 4557 3680 4610 omnia
3706 4556 3804 4609 in-

2202 4654 2669 4729 eomprebensibili
2702 4654 2791 4709 Dei
2819 4650 3093 4723 sapientia:
3128 4648 3531 4706 committenda.
3584 4648 3720 4703 Nam
3752 4650 3806 4702 is

2204 4748 2419 4820 quidem
2447 4748 2534 4819 qui
2562 4758 2853 4819 generosus
2873 4753 2927 4799 et
2952 4753 3205 4801 constans
3230 4750 3333 4809 est,
3362 4741 3606 4811 quamvis
3632 4740 3806 4795 innu-

2205 4841 2339 4896 meri
2383 4838 2609 4903 ﬂuctus,
2659 4836 2903 4908 quamvis
2942 4835 3236 4889 innumera:
3283 4830 3532 4905 prooelke
3564 4831 3803 4899 irruaut,

2206 4950 2313 4989 non
2340 4934 2499 4989 modo
2526 4932 2656 4987 nihil
2683 4930 2926 4995 laeditur,
2972 4927 3065 4981 sed
3092 4927 3251 4982 etiam
3280 4924 3548 4980 robustior
3573 4923 3753 4977 evadit
3784 4941 3803 4985 ;

2207 5027 2489 5084 imbecillis
2538 5034 2715 5081 autem
2742 5065 2758 5093 ,
2805 5032 2859 5079 et
2889 5019 3063 5076 mollis
3087 5034 3152 5075 ac
3189 5020 3339 5090 piger
3377 5018 3537 5073 etiam
3578 5017 3809 5072 nemine

2207 5122 2552 5193 impugnante
2581 5132 2949 5189 smpcnumero
2974 5114 3225 5171 concidit.
3272 5110 3427 5182 Quod
3464 5112 3508 5167 si
3533 5109 3676 5167 forte
3705 5126 3789 5165 ras

2208 5214 2405 5269 tionem
2424 5213 2713 5266 etiamnum
2744 5210 2974 5281 aliquam
2998 5207 3139 5264 scire
3171 5204 3452 5262 contendis
3474 5244 3490 5270 ,
3521 5203 3647 5257 audi
3675 5216 3797 5256 eam

2207 5318 2327 5373 quas
2372 5302 2526 5356 nobis
2571 5309 2839 5369 comperta
2881 5308 2982 5355 est.
3030 5298 3167 5354 Sunt
3204 5297 3344 5353 enim
3388 5295 3507 5349 alia:
3546 5294 3800 5364 plurima

2209 5395 2319 5450 Deo
2363 5402 2538 5460 ηυιιυ,
2583 5393 2674 5463 qui
2716 5394 2927 5446 diverso
2969 5391 3225 5461 varioque
3267 5386 3427 5442 modo
3458 5399 3543 5440 res
3582 5395 3802 5438 nostras

2207 5485 2470 5558 gubernat
2513 5486 2793 5539 universas
2824 5500 2837 5536 :
2872 5496 3029 5552 quam
3060 5491 3239 5537 autem
3278 5494 3379 5535 nos
3403 5478 3626 5541 scimus,
3660 5476 3805 5531 hanc

2211 5578 2422 5635 interim
2446 5577 2648 5648 accipe.
2699 5574 2936 5630 Dicimus
2967 5572 3216 5629 scandala
3244 5572 3343 5626 ista
3366 5584 3485 5627 esse
3510 5568 3802 5638 permissi,

2210 5682 2270 5728 ut
2295 5687 2364 5729 ne
2393 5669 2606 5728 fortium
2633 5684 2698 5725 ac
2738 5682 3122 5740 generosorum
3152 5664 3369 5737 prmmia
3400 5664 3810 5730 minuerentur,

2211 5766 2355 5841 quod
2399 5775 2453 5823 et
2494 5762 2687 5820 Jobum
2733 5762 3007 5831 alloquens
3051 5759 3193 5817 Deus
3245 5757 3533 5824 indicavit,
3584 5754 3816 5827 dicens,
