4030 6206
177 306 288 362 507

178 415 420 488 βασιλέα,
437 415 543 467 καί
566 413 748 470 λαϐεῖν
782 414 879 470 τοῦ
903 416 1077 489 δήμου
1103 417 1213 472 τῶν
1239 417 1504 488 Ἐϐραίων
1525 416 1592 471 τά
1623 416 1754 487 σκῆ-

173 524 321 577 πτρα
345 508 413 578 τῇ
437 503 533 559 τοῦ
550 505 683 560 Θεοῦ
705 507 894 579 ψήφῳ,
912 509 1084 564 καὶτὸ
1100 508 1350 584 λαμπρὸν
1365 511 1541 563 ἐκεῖνο
1561 510 1755 580 στῆσαι

174 599 438 671 τρόπαιον
461 599 604 654 κατά
617 598 711 652 τοῦ
739 597 1125 672 βαρϐάρου,τά
1151 600 1512 672 χαλεπώτατα
1538 601 1753 654 πάντων

172 689 325 763 μοδ]
340 690 531 755 ἔπαθε,
568 690 1005 762 πολεμούμενος,
1050 692 1533 765 ἐπιϐουλευόμενος
1602 689 1754 763 παρά

170 781 265 835 τοῦ
289 780 482 847 Σαοὺλ,
503 783 634 853 περὶ
650 782 781 836 αύτὸ
806 781 866 835 τὸ
897 781 998 854 ζῇν
1030 781 1371 845 κινδυνεύων,
1387 784 1467 846 εἰς
1481 781 1755 852 πολέμους

172 872 490 943 ἐπισφαλεῖς
511 872 953 944 ἐκπεμπόμενος,
976 873 1213 945 συνεχῶς
1237 873 1371 945 πρὸς
1393 873 1492 945 τὴν
1518 873 1753 946 ἐρημίαν

172 963 553 1035 ἐλαυνόμενος,
583 964 813 1035 ἀλήτης,
850 964 1049 1033 φυγὰς,
1106 965 1319 1032 ἄπολις,
1372 968 1585 1031 ἄοικος,
1625 984 1755 1039 μετ-

174 1055 416 1126 ανάστης
432 1056 744 1127 γενόμενοςς
761 1057 827 1110 Τί
855 1058 936 1111 δεῖ
953 1059 1021 1113 τά
1044 1060 1216 1117 πολλά
1237 1060 1447 1129 λέγειν;
1478 1059 1645 1124 Τέλος
1660 1061 1754 1115 καὶ

169 1148 269 1217 τῆς
297 1147 559 1219 πατρίδος
587 1149 799 1220 καὶτῆς
817 1152 1025 1217 οἰκείας
1049 1152 1233 1225 χώρας
1259 1154 1478 1225 ἀπάσης
1495 1153 1754 1219 ἐξέπεσεν

172 1240 412 1309 ἐκείνης,
441 1242 590 1311 παρά
622 1239 917 1313 βαρϐάροις
941 1246 1052 1308 τοῖς
1073 1244 1353 1316 πολεμίοις
1374 1246 1469 1300 καὶ
1494 1245 1755 1318 ἐχθροτά-

172 1348 282 1395 τοις
314 1332 627 1404 διατρίϐων,
659 1333 756 1387 καὶ
779 1333 1021 1397 δουλείας
1046 1335 1428 1409 χαλεπωτέραν
1459 1339 1751 1409 ὑπομένων

173 1423 337 1495 ζωήν·
364 1424 459 1476 καὶ
476 1423 586 1495 γὰρ
615 1425 710 1478 καὶ
727 1425 829 1495 τῆς
842 1426 1148 1495 ἀναγκαίας
1173 1429 1367 1501 ἠπόρει
1389 1430 1617 1501 τροφῆς.
1640 1432 1751 1484 Καὶ

171 1515 341 1571 ταῦτα
386 1514 594 1587 ἔπασχε
641 1518 780 1588 μετά
822 1519 923 1589 τὴν
966 1520 1270 1593 παρουσίαν
1316 1521 1417 1574 τοῦ
1464 1522 1748 1593 Σαμουὴλ,

175 1609 308 1677 μετά
336 1606 439 1679 τὴν
468 1608 566 1661 τοῦ
589 1609 767 1662 ἐλαίου
794 1609 999 1681 χρίσιν,
1029 1611 1168 1682 μετά
1196 1610 1296 1683 τὴν
1333 1612 1435 1683 τῆς
1471 1612 1748 1683 βασιλείας

171 1705 482 1775 ῦπόσχεσιν,
545 1705 682 1776 μετά
726 1706 797 1760 τὰ
851 1705 1142 1778 σκῆπτρα,
1196 1706 1333 1779 μετά
1367 1708 1429 1761 τδ
1473 1707 1745 1779 διάδημα,

171 1798 308 1867 μετὰ
336 1796 436 1868 τὴν
469 1796 567 1852 τοῦ
594 1797 731 1852 Θεοῦ
760 1798 1115 1869 χειροτονίαν,
1168 1801 1263 1853 καὶ
1310 1799 1415 1871 τὴν·
1432 1800 1615 1870 ψῆφον
1647 1801 1748 1871 τήν

166 1890 251 1943 ἐπ’
278 1891 460 1958 αὐτῷ·
488 1891 583 1945 καὶ
604 1891 756 1961 ὅμως
794 1891 947 1945 οὐδὲν
980 1891 1151 1945 αὐτὸν.
1186 1891 1392 1946 τούτων
1428 1892 1749 1946 ἐσηνδάλι-

174 1997 289 2047 σεν,
322 1982 443 2036 οῦδὲ
474 1978 621 2049 εἶπεν
664 1983 789 2037 ούδέ
831 1978 1020 2047 οὗτος,
1044 1983 1109 2036 Τί
1149 1984 1339 2051 τοῦτο;
1382 1985 1443 2037 '0
1496 1983 1747 2053 βασιλεὺς

165 2073 303 2142 ἐγὼ,
337 2076 432 2129 καὶ
453 2074 717 2147 τοσαύτης
741 2076 952 2147 μέλλων
978 2076 1156 2147 ἀρχῆς
1177 2076 1607 2139 ἀπολαύσεσθαι,
1625 2075 1748 2132 οὐδὲ

169 2164 386 2238 ἰδιώτης
415 2165 554 2237 μετά
586 2166 885 2235 ἀσφαλείας
912 2163 1051 2221 εἶναι
1084 2167 1343 2238 δύναμαι·
1379 2168 1512 2223 ἀλλά
1542 2168 1748 2239 ἀλήτης

168 2258 386 2326 γέγονα,
411 2258 506 2311 καί⁵
530 2258 729 2329 φυγὰς,
765 2259 981 2324 ἄπολις,
1009 2260 1212 2326 ἄοικος,
1250 2261 1611 2331 μετανάστης,
1654 2261 1748 2314 καὶ

170 2352 241 2414 είς
280 2350 562 2422 βάρϐαρον
594 2351 912 2422 ἀπηνέχθην
940 2352 1126 2426 χώραν
1170 2354 1263 2407 καὶ
1300 2354 1400 2424 τῆς
1445 2354 1749 2423 ἀναγκαίας

170 2440 387 2511 ἀπορῶν
439 2440 676 2513 τροφῆς,
712 2443 808 2496 καὶ
855 2444 982 2513 περὶ
1030 2444 1139 2497 τῶν
1185 2445 1429 2515 ἐσχάτων
1462 2444 1574 2517 ὁρῶ
1625 2443 1750 2497 καθ’

172 2532 401 2602 ἑκάστην
416 2533 630 2605 ήμέραν
655 2535 1099 2606 ἐπικρεμάμενόν
1129 2554 1219 2607 μοι
1240 2536 1329 2589 τὸν
1354 2536 1617 2590 κίνδυνον.
1636 2536 1748 2590 Ποῦ
1822 2542 1831 2556 ‘

172 2625 259 2694 τῆς
275 2624 560 2695 βασιλείας
583 2628 640 2679 αἱ
668 2627 1026 2698 ύποσχέσεις;
1053 2627 1156 2681 ποῦ
1177 2629 1277 2699 τῆς
1306 2628 1481 2699 ἀρχῆς
1510 2630 1563 2681 αἱ
1582 2631 1750 2697 ἐπαγ-

172 2715 339 2783 γελίαι
372 2717 625 2788 ἐκείνης;
657 2717 822 2771 υύδὲν
852 2716 1057 2771 τούτων
1091 2718 1190 2771 οὐκ
1223 2714 1396 2783 εἶπεν,
1415 2718 1515 2771 ούκ
1532 2718 1748 2790 ἐνενόη-

176 2823 274 2860 σεν*
306 2807 415 2861 οῦκ
472 2807 867 2879 ἐσκανδαλίσθη
889 2811 1003 2872 τοῖς
1024 2808 1349 2880 γινομένοις,
1368 2808 1503 2863 ἀλλά
1525 2808 1752 2879 ἀνέμενε

176 2896 256 2950 καὶ
280 2897 455 2960 αὐτὸς
480 2898 544 2951 τὸ
571 2899 724 2962 τέλος
753 2899 862 2951 τῶν
893 2898 1261 2970 ὑποσχέσεων.
1298 2900 1409 2953 Καὶ
1442 2901 1661 2972 ἐτέρους
1693 2900 1752 2954 δὲ

182 2989 399 3063 μυρίους
440 2989 591 3043 ἐστιν
618 2992 810 3053 είπεῖν,
841 2992 892 3045 οἳ
917 2992 1172 3062 χαλεποῖς
1193 2992 1585 3064 περιπεσόντες
1608 2994 1753 3065 πρά-

178 3096 393 3151 γμασιν,
420 3080 525 3134 ούκ
549 3081 981 3153 ἐθορυϐήθησαν,
1009 3081 1145 3135 ἀλλά
1172 3080 1268 3135 τοῦ
1293 3081 1433 3136 Θεοῦ
1456 3082 1554 3154 τῆν
1574 3083 1756 3153 ἀπαγ-

178 3173 354 3241 τελίαν
389 3173 738 3244 κατέχοντες,
778 3177 828 3227 εί
857 3174 953 3228 καὶ⁵
986 3173 1207 3228 ἐναντία
1244 3173 1312 3228 τά
1345 3175 1604 3245 γινόμενα
1632 3178 1755 3241 ταῖς

178 3265 531 3336 ὑποσχέσεσιν
560 3261 651 3337 ἦν,
676 3266 764 3320 διὰ
792 3266 891 3337 τῆς
917 3265 1211 3338 καλλίστης
1241 3266 1445 3335 ταύτης
1472 3267 1754 3339 ὑπομονῆς

177 3357 461 3431 λαμπροὺς
479 3358 772 3429 ἐδρέποντο
790 3360 916 3423 τοὺς
924 3354 1231 3429 στεφάνους
1248 3371 1296 3414 ι.
1331 3360 1441 3412 Καὶ
1468 3360 1532 3413 σὺ
1550 3360 1751 3425 τοίνυν,

175 3451 445 3522 ὴαπητέ,
473 3452 715 3522 ἀνάμενε
745 3451 841 3504 καὶ
881 3450 1045 3515 αὐτὸς
1072 3451 1133 3504 τὸ
1174 3450 1349 3514 τέλος⁹
1387 3450 1605 3516 πάντως
1643 3452 1754 3524 γάρ

175 3543 567 3616 ἀπαντήσεται,
605 3542 639 3613 ῆ
693 3541 950 3606 ἐνταῦθα,
983 3542 1017 3612 ἢ
1062 3543 1122 3595 ἐν
1157 3542 1239 3612 τῷ
1277 3541 1524 3613 μέλλοντι
1547 3542 1705 3599 αίῶνι
1736 3560 1750 3575 ·

177 3637 262 3690 καὶ
286 3634 620 3707 παραχώρει
661 3634 939 3705 πανταχοῦ
982 3633 1063 3705 τῷ
1104 3634 1475 3707 ἀκαταλήπτῳ
1524 3638 1625 3707 τῆς
1658 3636 1753 3690 τοῦ

174 3725 300 3780 Θεοῦ
338 3725 616 3797 προνοίας,
661 3725 757 3780 καὶ
806 3725 884 3795 μὴ
932 3725 1081 3795 λέγε,
1133 3725 1258 3791 Πῶς
1309 3726 1366 3779 δὲ
1409 3726 1479 3781 τά
1518 3727 1758 3784 τοσαῦτα

178 3818 311 3871 κακὰ
347 3815 580 3888 λήψεται
616 3816 934 3887 διόρθωσινς
968 3817 1104 3888 μηδὲ
1137 3817 1500 3890 περιεργάζου
1533 3822 1631 3892 τῆς
1662 3820 1755 3873 τοῦ

175 3906 300 3962 Θεοῦ
335 3905 793 3979 παραδοξοποιίας
815 3906 906 3959 τὸν
932 3908 1153 3977 τρόπον.

239 4001 389 4069 Κεφ.
421 4000 513 4056 ια’.
562 3999 698 4053 Οὐδὲ
727 3999 835 4070 γὰρ
866 4000 914 4052 οἱ
953 3999 1155 4053 δίκαιοι
1198 3998 1321 4053 τότε
1365 4003 1564 4057 ἐκεῖνοι
1597 4002 1758 4057 τοῦτο

178 4089 469 4162 ἐζήτησαν,
492 4088 576 4152 τὸ,
596 4088 719 4152 Πῶς
745 4089 840 4141 καὶ
876 4089 980 4144 τίνι
1014 4089 1200 4161 τρόπῳ
1222 4091 1396 4145 ταῦτα
1422 4091 1575 4147 ἔσται
1600 4111 1613 4127 θ
1647 4095 1759 4149 ἀλλ’

177 4181 411 4251 ὁρῶντες
426 4182 506 4245 είς
517 4179 828 4247 ἀπόγνωσιν
846 4180 982 4232 κατά
1002 4179 1346 4251 ἀνθρώπινον
1357 4181 1613 4253 λογισμὸν
1637 4186 1763 4240 πάν-

177 4290 241 4328 τα
264 4275 571 4345 φερόμενα,
602 4272 724 4325 ούδέ
755 4269 931 4335 οὕτως
965 4271 1338 4344 ἐθορυϐοῦντο,
1379 4275 1499 4328 ούδέ
1533 4278 1764 4349 ἐταράτ-

176 4383 330 4421 τοντο
350 4381 365 4393 ’
388 4365 502 4418 ἀλλ’
524 4363 720 4435 ἔφερον
736 4364 952 4418 ᾶπαντα
970 4363 1253 4431 γενναίως,
1270 4366 1532 4438 μεγίστην
1548 4366 1764 4439 ἔχοντες

179 4456 456 4521 ἀπόδειξιν
470 4457 580 4510 τῶν
601 4456 875 4527 ἐσομένων
894 4454 1147 4526 χρηστῶν
1161 4456 1261 4529 τὴν
1276 4457 1505 4529 δύναμιν
1517 4459 1612 4513 τοῦ
1632 4462 1662 4514 ύ
1672 4479 1764 4515 πο-

181 4550 471 4619 σχομένου,
492 4549 588 4602 καὶ
608 4549 716 4602 ἀπὸ
734 4548 833 4617 τῆς
852 4547 959 4601 τῶν
975 4549 1274 4619 γινομένων
1293 4551 1670 4623 ἐναντιότητος
1685 4554 1766 4617 εἰς

181 4643 493 4711 ἀπόγνωσιν
520 4642 623 4696 οῦκ
645 4641 1031 4717 ἐμπίπτοντες.
1064 4640 1302 4713 ᾜδεσαν
1322 4642 1428 4714 γὰρ
1455 4646 1662 4714 σαφῶς,
1681 4646 1766 4699 δτι

180 4737 490 4808 εὐμήχανος
528 4737 605 4790 ῶν
633 4736 727 4789 καὶ
759 4734 945 4803 σοφὸς,
978 4733 1270 4804 δυνήσεται
1308 4735 1404 4788 καὶ
1444 4737 1583 4806 μετά
1614 4740 1674 4790 τὸ
1695 4738 1765 4792 τά

186 4832 486 4903 πράγματα
535 4829 980 4900 ἀπαγορευθῆναι
1036 4828 1452 4901 ἀνακτήσασθαι
1506 4846 1567 4882 τε
1623 4829 1765 4883 αύτά

186 4922 389 4990 μᾶλλον
417 4922 452 4992 ἦ
478 4921 809 4992 ἔμπροσθεν,
848 4921 943 4974 καὶ
972 4921 1110 4991 μετά
1146 4922 1350 4994 πολλῆς
1378 4922 1482 4993 τῆς
1516 4921 1766 4985 εὐκολίας

182 5017 296 5080 τοῖς
347 5013 762 5083 ἐπαγγελθεῖσιν
806 5013 1075 5067 ἐπιθεῖναι
1103 5014 1275 5077 τέλος.
1320 5014 1432 5068 Καὶ
1465 5014 1533 5068 σὺ
1567 5014 1765 5084 τοίνυν,

184 5107 461 5177 ἀγαπητέ,
488 5108 555 5161 ἄν
590 5124 651 5161 τε
683 5109 742 5161 ἐν
768 5105 847 5176 τῷ
876 5106 1105 5178 παρόντι
1137 5106 1237 5176 βίῳ
1279 5106 1422 5179 λάϐῃ
1447 5106 1516 5159 τά
1543 5106 1767 5177 λυπηρὰ

183 5198 366 5263 λύσιν,
387 5198 576 5264 δόξαζε
594 5200 686 5253 τὸν
717 5199 869 5252 Θεόν·
907 5198 975 5252 ἄν
1003 5215 1063 5251 τε
1093 5199 1173 5262 είς
1202 5197 1438 5271 δυσχερῆ
1461 5197 1765 5271 καταλύσῃ,

184 5292 280 5343 καὶ
302 5290 479 5354 οῦτως
501 5292 832 5363 εὐχαρίστει,
854 5290 951 5344 καί⁵
983 5290 1150 5360 μηδὲν
1183 5289 1542 5352 σκανδαλίζου
1562 5328 1577 5352 ,
1612 5289 1769 5351 εἰδὼς

189 5383 381 5451 σαφῶς
425 5382 518 5437 τοῦ
547 5383 682 5438 Θεοῦ
723 5384 824 5457 τήν
856 5382 1111 5456 πρόνοιαν
1140 5381 1239 5453 τὴν
1282 5380 1509 5453 ἄπειρον
1546 5379 1643 5433 καὶ
1678 5380 1771 5451 ἐρο

191 5473 528 5546 μηνευθῆναι
561 5476 638 5548 μὴ
664 5476 992 5547 δυναμένην,
1026 5475 1124 5530 καὶ
1160 5475 1243 5528 ὃτι
1286 5473 1511 5535 πάντως
1539 5471 1770 5543 λήψεται

186 5565 249 5618 τὺ
282 5568 558 5638 προσῆκον
585 5567 801 5621 ᾶπαντα
826 5568 999 5633 τέλος,
1031 5567 1141 5621 εἴτε
1183 5569 1239 5621 ἐν
1274 5565 1352 5639 τῷ
1386 5564 1614 5639 παρόντι
1644 5563 1767 5637 βίῳ,

187 5657 303 5711 εἶτε
354 5659 410 5710 ἐν
453 5658 532 5729 τῷ
565 5658 832 5728 μέλλοντι.
866 5660 929 5712 Εί
963 5658 1019 5712 δέ
1051 5676 1133 5723 τις
1174 5659 1236 5713 τὸ
1287 5657 1479 5731 μέλλον
1534 5654 1768 5720 ἀκούων,

252 5773 279 5802 ⁸
310 5771 412 5824 ΔΙίὶ
431 5773 670 5836 λαμπροὺς
694 5774 954 5831 ἀνεδήσατο
976 5773 1082 5827 τοῦς
1110 5790 1244 5836 στετ.
1346 5786 1349 5791 ‘

994 304 1087 360 AD
1121 303 1256 361 EOS
1292 303 1414 373 QUI
1450 299 1953 362 SCANDALIZATI
1989 300 2190 359 SUNT.
2232 303 2365 359 LIB.
2400 298 2608 361 UNUS.
2702 344 2707 349 ρ

3321 306 3427 365 508

1857 413 2008 488 [694]
2032 416 2126 470 καὶ
2155 416 2501 488 μικροψυχῶν
2549 415 2820 484 ἐπείγοιτο
2860 417 3019 471 τοῦτο
3045 416 3276 473 ἐνταῦθα
3303 421 3431 474 ἰδεῖν

1854 512 2159 584 γινόμενον,
2191 514 2423 585 ἐροῦμεν
2451 515 2532 568 ὃτι
2562 516 2596 585 ή
2630 514 2845 588 ἀληθῶς
2875 516 2988 587 ζωὴ
3025 518 3120 571 καί
3142 516 3211 570 τά
3235 516 3430 587 βέϐαια

1855 610 2156 680 πράγματα
2181 612 2274 664 καὶ
2298 611 2532 683 ἀκίνητα
2553 613 2673 666 τότε
2693 614 2840 684 ήμᾶς
2868 614 3038 684 μένει.
3070 614 3150 669 Τά
3175 614 3277 684 μὲν
3318 612 3429 683 γὰρ

1856 707 2120 775 παρόντα,
2144 706 2283 770 ὁδὸς,
2328 708 2513 761 ἐκεῖνα
2557 708 2637 772 δὲ,
2671 710 2902 779 πατρίςο
2954 710 3025 763 τά
3060 708 3294 763 ἐνταῦθα
3343 708 3431 764 ἄν-

1852 800 2001 856 θεσιν
2033 801 2209 857 ἔοικεν
2237 804 2494 876 ἐαρινοῖς,
2531 805 2711 859 ἐκεῖνα
2739 805 2797 859 δέ
2854 805 3081 879 πέτραις
3121 807 3425 877 ἀκινήτοις⁶

1853 899 1972 951 ἐκεῖ
2007 898 2261 968 στέφανοι
2302 900 2399 953 καὶ
2445 900 2673 970 ἀμοιϐαὶ
2698 900 2849 965 τέλος
2891 903 2991 956 οὐκ
3042 902 3284 973 ἔχουσαι,
3312 903 3432 956 ἐκεῖ

1854 994 2064 1049 ῐπαθλα
2112 996 2210 1051 καὶ
2257 996 2484 1068 βραϐεῖα
2510 1039 2524 1062 ,
2574 998 2692 1053 ἐκεῖ
2736 999 2983 1063 κολάσεις
3025 1000 3116 1053 καὶ
3163 1000 3427 1071 τιμωρίαι

1852 1090 2115 1163 ἀφόρητοι
2160 1091 2273 1147 τῶν.
2306 1093 2372 1146 τά
2413 1094 2639 1148 τοιαῦτα
2682 1096 3197 1166 κακουργησάντων.
3225 1096 3293 1148 Τί
3334 1089 3428 1148 οὖν

1852 1186 1989 1258 πρὸς
2034 1187 2160 1251 τοὺς
2209 1188 2348 1253 τέως
2394 1189 2947 1262 σκανδαλιςομένους;
2991 1192 3142 1264 φησί.
3180 1192 3244 1244 Τί
3276 1191 3333 1244 δὲ
3361 1191 3427 1244 σὺ

1849 1283 1978 1347 τοὺς
2004 1284 2269 1356 μειζόνως
2293 1287 2703 1359 διαλάμψαντας
2728 1289 2788 1342 οὐ
2809 1288 3013 1357 λέγεις,
3039 1290 3166 1352 τοὺς
3182 1289 3239 1343 δὲ
3262 1306 3429 1360 προσ-

1850 1384 2025 1435 ωπεῖα
2054 1382 2342 1448 εὐλαϐείας
2385 1380 2821 1455 περικειμένους,
2848 1385 2943 1438 καὶ
2991 1384 3086 1437 νῦν
3134 1383 3427 1454 ἐλεγχομέ-

1850 1494 1995 1543 νους,
2025 1478 2248 1543 τούτους
2280 1478 2433 1549 ἄγεις
2460 1482 2541 1545 είς
2573 1480 2769 1551 μέσονς
2809 1480 2921 1550 Οὐχ
2961 1481 3091 1551 ὁρᾷς
3118 1480 3179 1534 τὸ
3208 1479 3429 1551 χρυσίον

1848 1573 2278 1647 καθαιρόμενον;
2325 1576 2419 1630 τὸν
2451 1576 2698 1648 μόλιϐδον
2726 1576 3113 1646 ἐλεγχόμενον;
3149 1576 3219 1629 τὰ
3250 1577 3428 1647 ἄχυρα

1847 1672 2231 1745 διακρινόμενα
2260 1673 2354 1727 τοῦ
2385 1673 2564 1740 σίτου;
2596 1675 2722 1737 τοὺς
2746 1673 2943 1737 λύκους
2970 1673 3077 1727 τῶν
3099 1672 3424 1745 προϐάτων;

1846 1769 1971 1832 τοὺς
1995 1768 2408 1840 πεπλασμένους
2432 1770 2539 1822 τῶν
2567 1769 2781 1841 ἀληθῶς
2807 1770 2863 1822 ἐν
2888 1769 3145 1844 εὐλαϐείᾳ
3174 1768 3426 1835 ζὼντωνς

1851 1863 2013 1916 Ὥστε
2051 1864 2181 1919 ὅταν
2230 1865 2344 1938 ίδῃς
2387 1864 2590 1919 τούτων
2614 1867 2683 1920 τά
2712 1865 3005 1931 σκάνδαλα,
3048 1866 3298 1936 ἐννόησον
3327 1866 3431 1919 κά-

1848 1960 2042 2015 κείνων
2100 1961 2201 2026 τάς
2255 1961 2655 2033 εὐδοκιμήσεις.
2699 1961 3197 2033 ’Υπεσκελίσθησάν
3251 1976 3431 2025 τινες,

1848 2059 1984 2113 ἀλλά
2032 2061 2125 2113 καὶ
2170 2059 2403 2132 ἔστησαν
2450 2058 2632 2130 πολλῷ
2660 2059 2899 2123 πλείους,
2931 2060 3026 2112 καὶ
3053 2058 3277 2130 μείζονα
3308 2061 3435 2113 ἐαυ-

1844 2158 1959 2220 τοῖς
1986 2155 2183 2227 μισθὸν
2206 2157 2531 2228 συνήγαγον,
2560 2154 2686 2210 οὔτε
2732 2158 2799 2226 τῇ
2848 2154 3137 2226 δυναστείᾳ
3175 2154 3282 2207 τῶν
3311 2156 3436 2210 ἐπι-

1848 2253 2231 2319 ϐουλευόντων,
2255 2252 2379 2307 οὔτε
2405 2256 2472 2325 τῇ
2504 2253 2759 2325 δυσκολίᾳ
2790 2253 2899 2306 τῶν
2930 2252 3140 2324 καιρῶν
3175 2269 3438 2325 περιτρα-

1849 2349 2063 2414 πέντες.
2108 2350 2218 2404 Καὶ
2264 2353 2314 2404 οί
2366 2348 2841 2420 σκανδαλιζόμενοι
2872 2348 2928 2403 δέ
2963 2351 3176 2413 ἑαυτοῖς
3223 2348 3436 2419 λογιζέ-

1852 2446 2067 2502 σθωσαν
2087 2465 2102 2479 ·
2143 2447 2266 2501 ἐπεὶ
2299 2447 2396 2503 καί¹
2422 2442 2692 2512 οίπαῖδες
2717 2450 2765 2501 οί
2789 2450 2939 2517 τρεῖς
2976 2448 3069 2502 καὶ
3103 2446 3264 2519 ίερῶν
3303 2448 3440 2502 ἀπο-

1854 2545 2208 2612 σπασθέντες,
2255 2546 2351 2599 καὶ
2399 2545 2551 2609 ναοῦ,
2597 2547 2690 2599 καὶ
2736 2544 3157 2616 θυσιαστηρίου,
3200 2546 3295 2598 καὶ
3335 2545 3438 2614 τῆς

1851 2642 2018 2713 ἄλλης
2061 2643 2279 2714 ἀπάσης
2321 2642 2421 2712 τῆς
2465 2641 2607 2694 κατά
2655 2642 2821 2711 νόμον
2869 2640 3209 2712 ἐπιμελείας.
3238 2641 3334 2695 καὶ⁵
3379 2643 3439 2695 ἐν

1857 2740 1998 2813 μέσῃ
2051 2738 2343 2810 βαρϐάρων
2392 2738 2546 2810 χώρᾳ
2592 2736 3016 2809 ἀποληφθέντες,
3056 2736 3195 2807 μετά
3236 2737 3439 2809 πολλῆς

1853 2836 1955 2907 τῆς
1987 2834 2271 2906 ἀκριϐείας
2298 2833 2389 2887 τὸν
2423 2833 2587 2905 νόμον
2629 2834 2984 2904 διετήρησαν
3027 2835 3122 2888 καὶ
3173 2836 3204 2889 ό
3243 2834 3442 2906 Δανιὴλ

1851 2934 2073 3006 ὁμοίως,
2108 2934 2202 2987 καὶ
2232 2934 2409 3004 ἕτεροι
2445 2932 2667 2986 πολλοί·
2703 2932 2797 2985 καί⁵
2840 2933 2891 2985 οί
2928 2933 3027 3004 μὲν
3058 2933 3138 2997 είς
3162 2932 3443 3004 αἰχμαλω-

1855 3034 1974 3088 σίαν
2003 3032 2391 3104 ἀπενεχθέντες
2414 3031 2475 3084 ού
2500 3030 2922 3104 παρεϐλάϐησάν
2943 3048 3016 3094 τι,
3044 3030 3192 3086 ἄλλοι
3219 3031 3275 3086 δέ
3301 3033 3441 3086 οῖκοι

1855 3131 2133 3202 μένοντες,
2163 3129 2258 3184 καὶ
2298 3128 2514 3183 πάντων
2550 3126 2915 3193 ἀπολαύοντες
2943 3128 3049 3182 τῶν
3078 3128 3170 3183 ἐπὶ
3197 3128 3299 3201 τῆς
3331 3146 3440 3184 πα-

1852 3228 2051 3302 τρίδος,
2080 3228 2492 3299 προσέκρουσαν
2526 3225 2621 3281 καὶ
2646 3225 3141 3299 κατεδικάσθησαν.

1923 3428 2061 3496 Κεφ.
2084 3423 2171 3495 ιβ’.
2196 3425 2257 3479 El
2285 3423 2343 3477 δὲ
2370 3423 2590 3495 ζητοίης
2617 3424 2763 3490 τίνος
2785 3426 2972 3480 ἕνεκεν
2999 3426 3170 3480 ταῦτα
3203 3442 3442 3499 συνεχω-

1859 3524 2019 3596 ρήθη,
2048 3523 2144 3579 καὶ
2175 3521 2251 3594 μὴ
2275 3524 2387 3585 τοῖς
2415 3521 2675 3593 ἀρρήτοις
2701 3521 2810 3575 τῶν
2833 3521 3131 3593 οἰκονομῶν
3159 3522 3324 3577 αὐτοῦ
3352 3523 3444 3576 λό-

1854 3639 1973 3691 γοις
1992 3620 2402 3692 παραχωροίης.
2415 3618 2553 3674 ἀλλά
2570 3619 2903 3690 ἐμελέτησας
2917 3620 3008 3673 ἀεὶ
3031 3620 3207 3673 πάντα
3223 3635 3446 3692 περιερ-

1853 3720 2140 3788 γάςεσθαι,
2154 3717 2260 3788 ὁδῷ
2278 3716 2608 3788 προϐαίνων,
2626 3717 2719 3770 καὶ
2734 3716 2868 3770 ἄλλα
2884 3715 3052 3770 πολλά
3065 3715 3441 3787 διαπορήσεις,

1854 3811 1986 3879 οἷον,
2011 3814 2155 3878 τίνος
2180 3813 2367 3867 ἕνεκεν
2394 3812 2700 3884 ἀφείθησαν
2722 3814 2778 3866 αἱ
2804 3811 3063 3882 αἱρέσεις,
3093 3811 3236 3875 τίνος
3259 3812 3444 3868 ἕνεκεν

1856 3913 1887 3965 ὁ
1922 3911 2187 3976 διάϐολος,
2218 3910 2364 3973 τίνος
2402 3909 2588 3962 ἕνεκεν
2618 3910 2666 3961 οί
2694 3909 2967 3978 δαίμονες,
2993 3908 3155 3972 τίνος.
3179 3908 3365 3964 ἕνεκεν
3392 3912 3443 3965 οί

1859 4008 2090 4080 πονηροὶ
2118 4007 2226 4062 τῶν
2247 4003 2551 4079 ἀνθρώπιον
2577 4005 2670 4058 καὶ
2696 4004 2928 4069 πολλοὺς
2960 4005 3441 4072 ύποσκελίζοντες·

1859 4108 1958 4161 καὶ
1988 4106 2051 4160 τὺ
2093 4105 2157 4177 δὴ
2198 4104 2496 4175 κεφάλαιον
2526 4104 2784 4159 ἀπάντων
2812 4103 3041 4167 τούτων,
3077 4104 3224 4169 τίνος
3261 4105 3447 4159 ἕνεκεν

1861 4206 1890 4258 ὁ
1925 4202 2296 4274 Ἀντίχριστος
2310 4202 2734 4272 παραγίνεται,ὁ
2766 4200 3031 4270 τοσαύτην
3057 4200 3195 4270 ἔχων
3215 4202 3448 4273 δύναμιν

1863 4300 2003 4374 πρὸς
2045 4300 2283 4370 ἀπάτην,
2311 4297 2387 4362 ὡς
2438 4300 2530 4351 τὴν
2579 4297 2815 4369 Χριστὸν
2864 4298 3059 4360 είπεῖν,
3094 4297 3175 4349 ὅτι
3222 4298 3447 4352 τοιαῦτα

1864 4401 2100 4472 ποιήσει,
2131 4396 2270 4450 ὥστε
2310 4393 2607 4464 πλανῆσαι,
2650 4395 2699 4446 εί
2729 4392 2975 4456 δυνατὸν,
3008 4391 3102 4445 καὶ
3134 4392 3261 4457 τοὺς
3291 4393 3446 4447 ἐκλε-

1863 4495 2045 4560 κτούς,
2064 4493 2203 4548 Ἀλλ’
2228 4492 2289 4547 ού
2324 4492 2405 4545 δεῖ
2434 4488 2607 4544 ταῦτα
2650 4488 2855 4560 ζητεῖν,
2889 4486 3025 4542 ἀλλά
3060 4488 3237 4542 πάντα
3269 4505 3449 4561 παρα-

1864 4594 2067 4665 χωρεῖν
2095 4589 2175 4661 τῷ
2205 4587 2580 4661 ἀκαταλήπτῳ
2602 4587 2699 4657 τῆς
2728 4586 2823 4641 τοῦ
2855 4585 2991 4639 Θεοῦ
3030 4586 3239 4655 σοφίας.
3261 4586 3320 4639 '0
3350 4586 3450 4656 μὲν

1865 4676 1975 4760 γὰρ
2001 4686 2265 4756 γενναίως
2287 4684 2390 4755 ήδη
2424 4681 2751 4753 πεπηγὼςδ,
2782 4681 2883 4736 κᾶν
2916 4681 3089 4753 μυρία
3109 4680 3177 4734 τά
3206 4680 3447 4752 κύματα,

1866 4786 1971 4839 κᾶν
2003 4783 2187 4855 μυρίοι
2213 4782 2263 4834 οί
2292 4780 2558 4852 χειμῶνες
2590 4777 2835 4843 ἐπιῶσιν,
2865 4778 2926 4831 ού
2958 4780 3116 4848 μόνον
3154 4777 3304 4831 οὐδὲν
3345 4795 3453 4832 πα-

1870 4880 2262 4955 ραϐλάπτεται,
2310 4876 2449 4931 ἀλλά
2498 4877 2593 4929 καὶ
2640 4875 2984 4946 ἰσχυρότερος
3027 4874 3267 4944 γίνεται·
3318 4879 3347 4930 ό
3393 4876 3450 4930 δὲ

1865 4976 2099 5047 ἀσθενὴς
2128 4976 2221 5030 καὶ
2252 4972 2520 5043 διαρρέων
2555 4971 2649 5024 καὶ
2676 4971 2958 5042 ὀλίγωρος,
2989 4972 3079 5026 καὶ
3113 4971 3337 5043 μηδενὸς
3367 4972 3454 5025 ἐν⁶

1866 5074 2149 5149 οχλοῦντος
2177 5069 2509 5125 καταπίπτει
2538 5065 2819 5133 πολλάκις.
2848 5068 2910 5122 El
2941 5068 2997 5122 δὲ
3027 5070 3120 5122 καὶ
3148 5069 3305 5137 λόγον
3334 5070 3454 5123 τι.νά

1870 5172 2148 5242 ἐπιζητεῖς
2173 5166 2387 5239 μαθεῖν,
2419 5164 2584 5219 ἄκουε
2611 5164 2700 5217 τὸν
2724 5166 2858 5234 ήμῖν
2880 5164 3178 5236 γνώριμον.
3207 5164 3328 5217 Εἰσὶ
3355 5164 3456 5236 μὲν

1869 5270 1979 5338 γὰρ
2019 5267 2116 5319 καὶ
2141 5264 2320 5333 ἕτεροι
2351 5260 2540 5313 πολλοὶ
2566 5258 2644 5328 τῷ
2671 5259 2943 5330 διαφόρως
2980 5260 3074 5310 καὶ
3101 5257 3358 5321 ποικίλως
3389 5258 3459 5310 τά

1871 5362 1992 5419 καθ’
2028 5360 2179 5431 ἡμᾶς
2227 5357 2402 5411 πάντα
2448 5353 2824 5424 οἰκονομοῦντι
2867 5352 3044 5425 δῆλοι·
3087 5352 3147 5408 ὃν
3191 5354 3248 5408 δέ
3299 5356 3463 5424 ἡμεῖς

1874 5460 2054 5529 ἴσμεν,
2077 5448 2234 5518 οὗτός
2256 5456 2373 5507 ἐστι
2391 5451 2554 5515 τέως.
2584 5450 2771 5521 Φαμὲν
2792 5449 2876 5503 ὅτι
2899 5449 2969 5503 τὰ
2997 5449 3267 5505 σκάνδαλα
3284 5450 3464 5504 ταῦτα

1873 5555 2076 5626 ἀφείθη
2113 5550 2255 5623 ὑπὲρ
2298 5548 2394 5603 τοῦ
2438 5547 2515 5620 μὴ
2545 5546 2916 5618 ἐλαττωθῆναι
2945 5545 3054 5600 τῶν
3081 5543 3343 5615 γενναίων
3391 5544 3465 5595 τὰ

1877 5652 2104 5725 βραδεῖα
2118 5664 2132 5678 ·
2160 5647 2190 5701 ὂ
2223 5648 2319 5703 καλ⁸
2338 5645 2415 5717 τῷ
2454 5645 2577 5700 Ἰὼϐ
2596 5643 2975 5717 διαλεγόμενος
2995 5644 3025 5697 ο
3042 5641 3175 5707 Θεὸς
3201 5638 3464 5710 ἐδήλωσε,

1941 5767 1969 5810 ι)
1993 5764 2091 5816 Alii
2115 5763 2324 5825 γενναῖος
2342 5760 2422 5809 καί
2443 5760 2681 5824 πεπηγώς.
