4030 6206
232 339 328 400 50!}

232 455 384 509 Putas
411 458 578 504 autem
606 465 685 504 me
716 448 862 504 aliter
887 446 978 502 tibi
1005 446 1357 517 respondisse,
1384 461 1537 515 quam
1559 454 1612 497 ut
1634 459 1801 512 appa—

232 541 519 614 reasjustns
542 540 664 613 (Job
695 542 786 597 40.
816 541 921 612 5)?
967 541 1032 595 Et
1063 555 1189 594 vero
1217 539 1411 594 Paulus
1443 538 1551 603 ait,
1598 535 1807 606 Oportet

228 646 389 691 autem
412 643 459 688 et
488 636 702 688 haereses
730 649 873 698 esse,
910 641 967 686 ut
1000 631 1085 703 qui
1126 630 1324 700 probati
1361 638 1508 693 sunt,
1551 626 1811 697 manifesti

225 733 346 802 ﬁant
371 730 423 782 in
441 727 583 782 vobis
608 729 686 794 (1.
706 726 822 782 Cor.
857 727 942 782 II.
977 725 1089 796 I9).
1120 724 1189 779 At
1215 734 1270 778 tu
1297 737 1417 778 eum
1439 721 1612 787 audis,
1644 719 1812 789 Opor-

227 830 283 873 tet
312 829 482 872 autem
509 828 555 873 et
584 819 798 871 h¢r88€8
822 833 928 871 esse
948 858 964 882 ,
1011 816 1119 872 noli
1166 815 1480 870 existimare
1517 814 1632 866 huic
1663 812 1810 865 illum

229 910 568 980 imperando,
615 910 699 964 vel
729 908 899 978 legem
940 905 1162 962 ferendo
1206 903 1591 976 pronuntiare,
1639 900 1806 965 absit;

228 1019 407 1057 rerum
437 1018 499 1058 ea
528 1018 648 1072 qua:
678 1002 852 1055 futura
899 1009 1054 1055 erant
1094 996 1501 1068 prmnuntiando
1525 1037 1541 1062 ,
1587 1003 1642 1047 et
1666 992 1810 1062 quod

231 1096 426 1149 lucrum
446 1093 780 1164 vigilantibus
797 1092 919 1148 inde
933 1092 1285 1147 obventurum
1306 1097 1425 1144 erat
1445 1084 1808 1157 praedicendo.

231 1185 372 1239 Tunc
392 1186 556 1249 cnim,
587 1202 621 1239 ο
651 1198 746 1237 vos
773 1183 861 1253 qui
888 1181 1060 1252 decipi
1085 1194 1194 1235 non
1225 1179 1467 1250 potestis,
1495 1185 1672 1232 vestra
1702 1175 1805 1229 vir-

232 1288 307 1330 tus
338 1275 594 1330 illustrior
629 1273 926 1344 apparebit.
956 1272 1038 1327 Ad
1069 1272 1183 1326 haec
1206 1270 1368 1325 aliam
1394 1268 1553 1324 etiam
1581 1267 1651 1321 ob
1680 1279 1809 1319 cau-

230 1383 335 1423 sam
382 1367 659 1437 improbos
697 1379 818 1420 esse
847 1366 989 1419 Deus
1033 1363 1196 1429 sivit,
1244 1377 1314 1417 ne
1358 1360 1496 1415 forte
1545 1358 1738 1413 sublati
1780 1372 1812 1412 e

232 1461 435 1526 medio,
462 1475 525 1514 ea
545 1501 561 1525 ,
605 1474 725 1529 qua:
754 1457 860 1512 illis
882 1472 950 1511 ex
986 1455 1344 1511 conversione
1381 1467 1475 1507 sua
1518 1452 1812 1508 obventura

231 1562 367 1620 erat,
393 1552 623 1607 utilitate
659 1549 1054 1605 Iraudarentur.
1111 1545 1187 1601 Ita
1226 1555 1282 1601 et
1308 1545 1501 1599 Paulus
1528 1543 1704 1599 salvus
1730 1540 1811 1596 fa-

231 1659 336 1701 stus
360 1655 444 1702 est
469 1688 483 1709 ,
525 1645 596 1700 ita
625 1644 765 1698 latro
787 1684 803 1709 ,
849 1644 921 1696 ita
950 1641 1227 1707 meretrix,
1271 1640 1343 1694 ita
1372 1638 1710 1710 publicanus,
1740 1638 1810 1691 ita

229 1738 401 1792 carteri
429 1735 599 1790 nndti.
655 1732 807 1802 Quod
838 1733 885 1786 si
918 1733 1065 1802 prius
1101 1744 1259 1800 quam
1309 1730 1753 1793 immutarentur,
1781 1741 1812 1781 e

229 1829 399 1882 ιηειιίο
443 1827 637 1882 sublati
685 1832 900 1889 essent,
954 1822 1131 1879 nullus
1169 1838 1236 1878 ex
1284 1822 1391 1876 illis
1437 1821 1615 1875 salvus
1668 1826 1813 1873 esset

228 1919 416 1974 iactus.
468 1919 632 1972 Porro
674 1917 742 1972 de
780 1914 1097 1971 antichristo
1141 1913 1363 1968 alteram
1399 1911 1563 1966 etiam
1590 1921 1807 1964 causam

230 2010 438 2079 profert
465 2009 675 2063 Paulus.
717 2007 888 2074 Quam
936 2005 1187 2061 tandem?
1238 2003 1309 2060 Ut
1335 2002 1477 2059 omni
1517 2001 1621 2056 hoc
1658 2009 1811 2071 pacto

229 2103 569 2158 excusatione
617 2100 788 2156 Judzei
830 2098 1201 2155 excludantur.
1257 2097 1369 2165 Qua
1412 2096 1554 2152 enim
1598 2094 1810 2148 tandem

228 2196 379 2249 venia
405 2194 546 2265 digni
568 2193 733 2247 videri
766 2199 1011 2263 poterunt
1031 2232 1047 2258 ,
1088 2205 1209 2246 cum
1236 2188 1504 2244 Christum
1531 2201 1635 2242 non
1664 2200 1816 2241 recc-

228 2288 399 2357 perint
440 2288 530 2357 qui
577 2287 649 2341 illi
690 2284 910 2341 credere
944 2282 1278 2339 debuerunt?
1319 2281 1609 2350 Propterea
1638 2278 1765 2333 dicit
1799 2293 1813 2331 :

230 2377 290 2433 Ut
300 2378 608 2446 judicentur
629 2392 799 2431 omnes
819 2418 834 2441 ,
860 2376 945 2448 qui
975 2390 1073 2428 non
1099 2372 1418 2428 crediderunt
1445 2371 1641 2425 veritati
1666 2412 1680 2437 ,
1712 2370 1814 2423 hoc

228 2482 301 2525 est
333 2471 559 2526 Christo
583 2512 597 2537 ,
628 2469 742 2524 sed
779 2477 1140 2523 consenserunt
1179 2466 1430 2536 iniquitati
1459 2464 1537 2535 (‘3.
1571 2462 1725 2518 Thes.
1755 2462 1811 2516 2.

229 2563 309 2634 ll)
332 2608 348 2629 ,
384 2567 487 2620 hoc
513 2572 594 2618 est
618 2563 952 2618 antichristo.
983 2561 1113 2615 Nam
1143 2559 1392 2630 quoniam
1422 2557 1668 2633 dicebant
1689 2598 1704 2621 ,
1736 2554 1813 2609 id-

226 2658 366 2711 circo
409 2672 474 2712 se
514 2654 591 2710 illi
636 2669 742 2709 non
782 2652 1038 2719 credere,
1091 2650 1232 2719 quod
1266 2651 1432 2705 Deum
1468 2664 1541 2704 se
1566 2649 1812 2714 diceret;

226 2747 505 2818 Propterea
526 2762 741 2813 namque
761 2755 808 2799 te
832 2740 1147 2815 lapidatum,
1172 2742 1436 2812 inquiunt,
1453 2741 1573 2810 quia
1588 2749 1650 2793 'tu
1669 2739 1815 2792 homo

226 2854 332 2895 rem
363 2839 471 2905 sis,
505 2838 636 2911 facis
665 2838 878 2907 teipsum
904 2833 1066 2889 Deum
1100 2834 1278 2904 (Joan.
1317 2832 1402 2888 10.
1433 2832 1525 2903 55)
1557 2846 1572 2883 :
1607 2828 1816 2885 tametsi

225 2932 449 3000 plurima
481 2930 627 2984 illum
657 2928 900 2983 audirent
924 2926 1305 2981 attribuentem
1328 2924 1494 2991 Patri,
1535 2937 1600 2978 ac
1624 2921 1813 2977 dicen-

228 3033 321 3079 tem
353 3040 412 3079 se
442 3038 515 3078 ex
545 3022 714 3093 ipsius
753 3022 1016 3077 sententia
1044 3020 1255 3075 venisse
1276 3062 1290 3083 ,
1336 3018 1492 3088 idque
1523 3017 1706 3072 multis
1730 3031 1814 3071 ar-

228 3115 495 3184 gumentis
541 3112 998 3167 demonstrantem
1039 3129 1056 3167 :
1100 3110 1229 3181 quid
1278 3108 1459 3165 dicent
1500 3123 1623 3164 cum
1674 3108 1817 3162 anti-

228 3205 488 3260 christum
553 3204 787 3274 seipsnm
839 3202 1105 3258 dicentem
1152 3201 1357 3268 Deum,
1410 3214 1586 3271 neque
1642 3200 1816 3255 Patris

228 3297 554 3351 mentiamur
586 3294 863 3350 facientem
886 3334 901 3360 ,
945 3292 1041 3348 sed
1072 3292 1397 3348 contrarium
1423 3290 1708 3347 facientem
1734 3307 1821 3347 re-

226 3389 470 3460 cipient?
517 3388 629 3442 lIoc
670 3387 829 3443 etiam
860 3385 1103 3443 Christus
1128 3385 1458 3455 exprobrans
1487 3384 1591 3439 illis
1624 3382 1817 3454 prmdi-

223 3485 343 3538 ceba
364 3493 384 3536 ι
409 3482 493 3536 bis
527 3481 704 3537 verbis
728 3497 743 3533 :
768 3479 881 3551 Ego
924 3479 1035 3534 veni
1072 3479 1130 3533 in
1169 3478 1373 3531 nomine
1400 3476 1572 3530 Patris
1609 3475 1708 3531 mei
1728 3515 1745 3544 ,
1771 3484 1821 3530 et

222 3590 322 3651 non
342 3572 587 3643 accipitis
620 3587 729 3637 nte;
762 3570 807 3625 si
831 3570 962 3625 alius
987 3569 1172 3623 venerit
1197 3568 1251 3622 in
1278 3567 1482 3621 nomine
1510 3582 1604 3620 suo
1625 3605 1639 3630 ,
1674 3567 1821 3620 illum

225 3666 489 3740 accipietis
536 3663 729 3736 (Joan.
770 3664 826 3719 5.
861 3662 964 3733 45)
1003 3679 1017 3716 :
1060 3669 1344 3733 propterea
1393 3659 1649 3729 permissa
1696 3668 1822 3714 sunt

224 3759 502 3815 scandala.
552 3754 705 3822 Quod
730 3755 773 3808 si
804 3768 898 3809 eos
922 3754 1011 3823 qui
1040 3751 1469 3808 scandalizantnr
1496 3765 1823 3805 commemo-

224 3866 309 3906 res
328 3895 343 3918 ,
372 3864 481 3922 ego
508 3847 601 3903 tibi
629 3861 742 3911 eos,
773 3845 865 3916 qui
899 3844 1213 3900 illustriores
1241 3842 1368 3898 inde
1387 3841 1510 3897 facti
1539 3851 1679 3908 sunt,
1721 3842 1823 3897 ob-

223 3943 446 4012 jiciam;
488 3955 552 3995 ac
594 3939 685 3993 tibi
728 3951 912 3993 rursus
940 3936 1114 3991 dicam
1152 3950 1363 4005 acquum
1394 3949 1498 3989 non
1535 3933 1734 4000 fuisse,
1766 3940 1824 3987 ut

225 4045 455 4106 propter
479 4032 706 4087 aliorum
729 4028 1231 4085 inconsiderantiam
1262 4043 1325 4083 ac
1349 4027 1608 4082 desidiam
1632 4027 1710 4081 illi
1729 4028 1821 4097 qui

222 4133 485 4199 poterant
509 4133 566 4180 et
603 4122 791 4178 attenti
819 4136 938 4176 esse
974 4129 1029 4176 ct
1062 4120 1277 4191 vigiles,
1310 4130 1471 4190 atque
1516 4119 1825 4175 innumeras

224 4236 290 4274 ex
318 4221 406 4274 Itis
430 4218 635 4288 palmas
658 4223 955 4286 reportare,
978 4213 1229 4268 deteriori
1266 4221 1449 4269 essent
1485 4212 1816 4278 Conditione,

224 4328 351 4368 cum
381 4312 630 4366 laborum
667 4307 888 4379 praemia
928 4305 1307 4375 rependentur.
1354 4304 1561 4374 Quippe
1589 4304 1675 4359 isti
1701 4304 1824 4375 qui-

222 4407 352 4461 dem
383 4402 578 4473 injuria
622 4401 847 4456 fuissent
874 4398 1090 4464 allecti,
1140 4398 1185 4452 si
1212 4398 1563 4453 certaminum
1596 4398 1822 4454 istorum

223 4499 574 4555 occasionem
601 4495 941 4559 amisissent;
971 4495 1049 4549 illi
1078 4506 1208 4548 vero
1226 4535 1239 4556 ,
1262 4492 1306 4547 si
1338 4492 1462 4560 quid
1493 4492 1617 4547 inde
1643 4492 1825 4548 damni

226 4590 509 4656 fecissent,
552 4586 687 4643 nulli
708 4587 858 4641 alteri
880 4628 895 4653 ,
928 4585 1023 4641 sed
1053 4585 1286 4656 sibiipsis
1315 4585 1681 4655 prolapsioues
1701 4600 1827 4641 suas

227 4683 502 4752 imputare
543 4679 896 4745 debuissent,
942 4679 1162 4749 ejusque
1191 4676 1434 4732 criminis
1470 4678 1539 4732 ab
1564 4677 1670 4734 illis
1698 4694 1828 4734 con-

224 4775 362 4827 victi
405 4781 587 4829 essent
612 4815 627 4840 ,
668 4773 759 4843 qui
809 4787 918 4826 non
964 4769 1125 4825 modo
1163 4769 1504 4825 scandalizati
1550 4786 1656 4825 non
1696 4772 1827 4828 tuis-

223 4874 355 4919 sent
382 4906 397 4928 ,
428 4863 522 4920 sed
549 4864 709 4918 etiam
739 4862 1059 4918 illustriores
1099 4858 1225 4915 inde
1260 4874 1323 4915 ac
1349 4860 1680 4917 robustiores
1699 4878 1826 4918 eva-

224 4961 457 5011 sissent.

301 5048 441 5106 Car.
471 5047 613 5103 XIII.
655 5046 805 5101 Nihil
827 5063 913 5103 eos
932 5046 1114 5101 (sedere
1131 5046 1216 5117 qui
1235 5045 1406 5118 vigiles
1428 5056 1543 5101 sunt
1562 5056 1610 5103 et
1629 5048 1826 5116 attenti,

223 5153 405 5208 neque
428 5139 778 5209 supplantare.
819 5137 1076 5192 Abraham
1096 5137 1259 5206 ﬁlium
1285 5137 1548 5191 immolare
1555 5138 1829 5208 jussus.—

219 5234 391 5296 Quos
409 5231 569 5294 enim,
601 5245 802 5300 quaeso,
829 5229 1135 5286 sacerdotes
1156 5229 1341 5284 habuit
1366 5229 1676 5283 Abraham?
1695 5245 1828 5301 quos

218 5319 493 5375 doctores
508 5322 536 5373 ἲ
555 5335 710 5391 quam
733 5322 1162 5375 institutionem?
1189 5335 1346 5388 quam
1370 5319 1785 5375 admonitionem
1804 5322 1829 5374 ?

217 5411 385 5481 quod
429 5412 752 5468 consilium?
797 5411 1231 5482 quandoquidem
1282 5425 1457 5479 neque
1508 5419 1617 5465 tum
1676 5419 1830 5466 erant

218 5507 416 5560 litera:
435 5546 450 5571 ,
483 5520 588 5561 non
622 5505 703 5559 lex
724 5545 739 5570 ,
768 5520 873 5559 non
916 5502 1212 5575 prophetae,
1243 5517 1348 5557 non
1377 5501 1519 5557 aliud
1541 5502 1828 5573 quidquam

219 5598 505 5665 ejusmodi
538 5615 551 5651 :
593 5596 688 5653 sed
719 5596 954 5652 nondum
985 5597 1286 5667 navigatum
1334 5610 1483 5649 mare
1524 5594 1826 5665 navigabat,

222 5696 280 5738 et
321 5700 430 5753 per
464 5688 602 5742 viam
644 5687 862 5743 minime
900 5688 1075 5742 tritam
1105 5686 1413 5749 incedebat,
1445 5685 1603 5756 idque
1628 5700 1749 5740 cum
1776 5695 1830 5741 et

220 5772 528 5831 domozet
554 5786 710 5848 patro
738 5778 903 5851 impio
942 5787 1094 5833 natus
1124 5790 1286 5835 esset.
1334 5778 1437 5836 Sed
1472 5794 1535 5832 ne
1564 5778 1677 5834 ha‘c
1706 5777 1825 5848 qni-

974 373 979 377 -
1059 333 1152 391 AD
1192 332 1323 391 EOS
1358 332 1477 403 QUI
1515 328 2010 391 SCANDALIZATI
2047 333 2250 392 SUN'I'.
2295 332 2422 389 LIB.
2464 332 2671 393 UNUS.

3393 341 3501 398 διο

1915 443 2036 498 dem
2086 445 2234 500 illum
2282 447 2565 514 laeserunt,
2615 448 2745 519 qttin
2790 450 2965 519 potius
3002 452 3139 509 adeo
3164 453 3372 512 virtute
3389 463 3503 515 auis

1911 536 2158 605 praeluxit
2180 577 2194 603 ,
2224 546 2283 591 ut
2305 552 2427 608 quae
2474 549 2594 609 post
2633 542 2856 596 multum
2893 547 3186 615 temporis,
3225 558 3344 620 post
3373 566 3501 619 pro-

1915 627 2135 696 phetas,
2188 639 2308 698 post
2357 631 2521 699 legem
2547 672 2564 696 ,
2609 641 2664 686 et
2702 641 2901 689 tantam
2927 636 3358 708 instructionem,
3397 659 3502 713 qua

1914 731 2013 786 per
2049 717 2199 788 signa
2241 719 2486 775 Christus
2519 730 2574 775 ct
2612 722 2865 780 miracula
2890 725 3074 781 debuit
3096 728 3344 786 homines
3373 748 3498 788 eru-

1916 806 2034 864 dire
2055 850 2071 875 ,
2103 810 2293 866 horum
2327 812 2484 882 longe
2508 824 2634 869 ante
2658 816 2927 885 specimen
2958 819 3185 876 ediderit
3206 862 3222 887 ,
3262 826 3504 882 caritatis

1914 901 2140 957 sincerae
2166 918 2229 957 ac
2258 903 2494 969 fervidus,
2515 907 2751 974 pecunia:
2767 918 3124 981 contemptus,
3153 928 3295 969 curm
3311 932 3501 973 eorum

1915 993 2004 1061 qui
2045 994 2320 1063 sanguinis
2357 1003 2485 1050 sunt
2525 998 2843 1067 cognatione
2882 1002 3151 1071 conjuncti
3174 1023 3195 1071 7:
3226 1014 3279 1061 et
3305 1006 3499 1064 fastum

1915 1095 2129 1138 omnem
2161 1086 2504 1151 conculcarit,
2545 1089 2757 1144 mollem
2786 1105 2850 1145 ac
2873 1091 3154 1149 delicatam
3177 1096 3337 1153 vitam
3359 1102 3507 1169 reje-

1915 1175 2067 1240 ceril,
2114 1178 2434 1234 sanctiorem
2478 1195 2637 1249 quam
2680 1182 2777 1248 illi,
2809 1184 2898 1253 qui
2930 1201 3070 1241 ntmc
3098 1190 3357 1245 montium
3382 1207 3504 1247 vcr-

1918 1265 2048 1320 tices
2092 1279 2421 1337 occuparunt
2466 1271 2753 1338 monachi,
2798 1282 2853 1328 et
2889 1279 3239 1334 auSIeriurem
3290 1283 3501 1338 vivendi

1916 1358 2175 1413 rationem
2201 1362 2543 1429 expresserit.
2581 1363 2709 1418 Nam
2741 1381 2914 1437 neque
2939 1367 3129 1424 donms
3151 1371 3226 1425 illi
3248 1382 3383 1438 erat,
3408 1376 3509 1430 sed,

1914 1447 2165 1519 laqueare
2194 1442 2496 1523 laetumque
2518 1454 2664 1524 justo
2702 1457 2950 1512 foliorum
2978 1461 3163 1515 umbra
3189 1465 3499 1534 suppedita-

1915 1539 2039 1607 bat,
2065 1557 2239 1612 neque
2257 1585 2273 1610 ,
2302 1546 2543 1614 quamvis
2572 1548 2883 1618 peregrinus
2907 1560 3084 1617 esset,
3115 1553 3313 1612 idcirco
3338 1557 3504 1628 negli-

1914 1633 2126 1703 gentior
2165 1635 2233 1689 ad
2277 1636 2624 1707 excipiendos
2673 1649 2813 1695 tecto
2863 1645 3174 1714 peregrinos
3212 1655 3362 1714 erat,
3410 1652 3504 1706 sed

1916 1736 2139 1794 peregre
2182 1740 2305 1780 cum
2347 1736 2527 1795 esset,
2578 1739 2718 1786 totus
2748 1732 2799 1785 in
2829 1732 2878 1787 id
2920 1733 3259 1792 incumbebat
3301 1742 3503 1810 cperis,

1917 1823 1975 1868 ut
1998 1816 2212 1871 assidue
2246 1818 2425 1873 medio
2466 1821 2689 1876 meridie
2735 1833 3122 1891 praetereuntes
3146 1829 3419 1900 exciperet
3442 1848 3507 1888 ac

1916 1904 2181 1961 reﬁceret.
2235 1907 2354 1977 Ipse
2391 1924 2517 1963 vero
2544 1926 2654 1964 rem
2699 1928 2795 1982 per
2825 1928 2886 1969 se
2913 1930 3125 1970 omnem
3161 1921 3409 1989 gerebat,
3450 1934 3506 1979 ct

1915 2010 2138 2053 uxorem
2179 2000 2233 2053 in
2282 2002 2608 2057 consortium
2649 2004 2921 2074 prmclarae
2949 2006 3094 2061 illius
3134 2013 3509 2082 occupationis

1913 2089 2267 2147 adsciscebat.
2288 2093 2427 2160 Quid
2454 2108 2582 2149 vero
2608 2110 2707 2166 pro
2733 2096 2912 2152 fratris
2937 2097 3046 2153 ﬁlio
3072 2116 3177 2157 non
3207 2103 3354 2172 fecit,
3376 2122 3500 2162 cum

1915 2183 2113 2254 alioqui
2144 2201 2248 2240 non
2272 2227 2286 2251 ,
2332 2198 2393 2241 ut
2419 2190 2695 2257 oportuit,
2723 2189 2792 2244 ab
2819 2204 2885 2245 eo
2916 2201 3173 2249 tractatus
3202 2207 3381 2264 esset,
3411 2201 3511 2256 sed

1908 2275 2156 2345 potiores
2181 2276 2270 2332 ille
2295 2287 2472 2347 partes
2499 2279 2599 2335 sibi
2627 2281 2975 2346 vindicasset,
3006 2284 3164 2354 idque
3190 2298 3313 2357 post
3332 2290 3509 2359 optio-

1916 2380 2039 2421 nem
2065 2366 2241 2422 datam
2281 2368 2600 2426 electionis?
2641 2371 2832 2429 Nonne
2873 2376 3184 2446 sanguinem
3230 2379 3510 2449 profudit?

1918 2476 2097 2517 nonne
2139 2463 2455 2518 vernaculos
2507 2478 2698 2521 omnes
2748 2481 2875 2523 suos
2922 2468 3189 2525 armavit?
3234 2488 3415 2530 nonne
3457 2476 3508 2530 in

1917 2562 2164 2624 apertum
2202 2570 2262 2611 se
2290 2556 2579 2612 discrimen
2615 2558 2851 2630 objecit?
2898 2563 2965 2615 At
2993 2578 3098 2630 quo
3127 2573 3367 2635 tempore
3391 2567 3510 2637 jus-

1918 2660 2014 2700 sus
2035 2656 2118 2702 est
2160 2646 2379 2703 domum
2424 2649 2706 2717 deserere,
2753 2663 2913 2722 atque
2954 2654 3006 2709 in
3033 2656 3195 2711 aliam
3232 2660 3509 2730 regiOncm

1919 2739 2227 2811 proficisci,
2274 2757 2454 2797 nonne
2501 2744 2682 2797 statim
2718 2746 2911 2814 paruit,
2960 2756 3015 2802 et
3061 2749 3263 2818 patria,
3298 2752 3517 2821 amicis,

1922 2834 2233 2904 prepinquis
2254 2875 2269 2901 ,
2302 2843 2356 2890 et
2383 2835 2631 2892 omnibus
2651 2836 2925 2893 derelictis
2950 2882 2966 2905 ,
2998 2841 3249 2897 mandato
3270 2843 3511 2914 jnbentis

1920 2926 2196 2992 obcdieus,
2227 2943 2347 2999 qua:
2376 2936 2519 2982 certa
2537 2940 2688 2983 erant
2712 2928 2984 2998 deseruit,
3016 2942 3071 2988 et
3098 2932 3317 2991 incertis
3346 2938 3515 2993 multo

1920 3020 2221 3090 promptius
2247 3036 2406 3092 quam
2434 3022 2598 3077 certis
2628 3021 2855 3078 adhaesit
2886 3040 2903 3078 :
2935 3024 3070 3081 adeo
3102 3028 3378 3096 promissis
3418 3029 3518 3086 Dei

1908 3111 2244 3179 conﬁdebat,
2281 3112 2421 3184 quod
2466 3113 2875 3185 perfectissima:
2901 3115 3021 3172 ﬁdei
3053 3115 3191 3173 fuit?
3232 3119 3359 3176 Post
3391 3121 3513 3177 haec

1922 3210 2099 3258 autem
2126 3204 2305 3258 omnia
2332 3219 2510 3260 nonne
2534 3219 2654 3261 cum
2693 3205 2867 3262 fames
2905 3208 3149 3277 smviret,
3192 3209 3236 3266 it
3254 3227 3385 3266 trum
3409 3227 3507 3268 ex-

1927 3296 2092 3352 torris
2127 3306 2211 3352 est
2246 3296 2417 3352 factus
2437 3339 2450 3364 ,
2478 3312 2653 3368 neque
2678 3300 3121 3355 consternabatur
3143 3342 3159 3367 ,
3186 3313 3278 3357 aut
3305 3312 3515 3374 pertur-

1921 3387 2167 3454 babatur,
2203 3387 2297 3443 sed
2317 3387 2557 3443 eamdem
2581 3387 2960 3457 obedientiam,
2989 3391 3303 3448 modestiam
3318 3408 3384 3450 ac
3415 3410 3511 3465 pa-

1922 3478 2162 3535 tientiam
2196 3496 2305 3550 pra:
2331 3495 2390 3535 se
2418 3479 2620 3536 ferebat
2643 3523 2657 3545 ,
2690 3490 2848 3553 atque
2887 3482 2938 3537 in
2969 3481 3259 3556 Egyptum
3284 3486 3513 3542 descen‘

1923 3572 2107 3640 debat,
2142 3574 2222 3629 sic
2251 3582 2309 3628 ut
2332 3588 2454 3632 cum
2486 3573 2595 3630 Deo
2636 3576 2901 3646 paruisset
2931 3574 3045 3630 haec
3074 3576 3390 3647 imperanti,
3419 3594 3515 3634 sua

1925 3664 1995 3719 sit
2037 3679 2202 3720 uxore
2258 3665 2532 3735 privatus,
2586 3680 2705 3720 eam
2759 3665 2951 3737 injuria
3004 3666 3246 3722 affectam
3296 3669 3511 3735 viderit,

1925 3764 2180 3826 quantum
2208 3756 2423 3825 quidem
2451 3756 2502 3811 in
2532 3755 2780 3828 Egyptio
2813 3758 2974 3811 situm
3020 3755 3119 3811 Fuit
3140 3801 3154 3822 ,
3197 3766 3249 3812 ct
3274 3759 3516 3817 acerbio-

1926 3861 2037 3900 rem
2081 3855 2256 3901 morte
2303 3847 2512 3917 plagam
2555 3846 2768 3902 letalem
2812 3847 3135 3919 acceperit?
3171 3849 3307 3917 Quid
3350 3852 3514 3920 enim,

1927 3951 2129 4008 qumso,
2155 3935 2254 3994 fuit
2277 3940 2540 4006 acerbius,
2573 3954 2730 4009 quam
2760 3938 3040 3994 mulierem
3069 3940 3166 3996 sibi
3192 3942 3516 4000 matrimonii

1928 4030 2044 4099 lege
2083 4031 2382 4100 copulatam
2406 4040 2525 4099 post
2557 4039 2633 4084 tot
2666 4039 2813 4086 recte
2845 4030 2980 4087 i‘acta
3012 4047 3233 4090 cernere
3263 4050 3293 4089 a
3323 4036 3517 4091 barba-

1927 4122 2036 4176 rica
2062 4122 2336 4192 abreptam
2366 4121 2602 4188 lascivia,
2646 4123 2697 4177 in
2729 4124 2873 4193 regia
2909 4125 3267 4183 introductam
3296 4129 3514 4198 palatia,

1927 4213 2251 4268 contumelia
2277 4212 2521 4269 aﬂ‘ectam
2548 4214 2816 4270 cernere?
2844 4216 3101 4282 Quamvis
3130 4220 3272 4274 enim
3302 4220 3352 4274 in
3383 4235 3517 4290 Opus

1927 4320 2033 4361 non
2056 4307 2249 4362 exierit
2274 4307 2598 4363 contumelia
2620 4350 2635 4375 ,
2662 4307 2775 4378 ipse
2804 4316 2983 4365 tamen
3012 4310 3139 4365 illud
3162 4316 3511 4380 exspectavit,

1930 4405 1984 4453 et
2008 4399 2183 4453 omnia
2223 4399 2485 4469 patienter
2510 4398 2717 4456 ferebat
2743 4419 2756 4455 :
2782 4402 2859 4456 sic
2888 4411 2943 4456 ut
2973 4417 3148 4474 neque
3185 4405 3517 4462 calamitates

1930 4504 2051 4545 eum
2082 4491 2475 4559 subvenerint,
2517 4508 2691 4563 neque
2718 4494 2955 4564 prOSperi
2992 4510 3272 4552 successus
3306 4498 3523 4553 extule-

1930 4583 2075 4651 rint,
2126 4583 2223 4639 sed
2268 4584 2319 4639 in
2366 4592 2664 4655 temporum
2716 4584 3015 4641 diil'erentia
3055 4588 3314 4656 aqualem
3355 4590 3517 4643 animi

1931 4688 2146 4730 sensum
2172 4676 2522 4731 conservarit.
2575 4674 2713 4743 Quid
2743 4680 2872 4730 vero
2891 4718 2907 4743 ,
2937 4691 3058 4731 cum
3084 4677 3157 4731 illi
3197 4678 3359 4731 lilium
3391 4693 3516 4748 pro-

1931 4767 2103 4834 misit,
2133 4783 2309 4823 nonne
2339 4783 2397 4823 se
2432 4768 2576 4824 mille
2617 4768 2997 4839 impedimenta
3018 4768 3329 4838 objecerunt
3354 4812 3367 4835 ,
3399 4787 3521 4842 quae

1931 4859 2183 4929 cogitanti
2232 4860 2367 4914 ratio
2392 4858 2752 4930 suggerebat?
2794 4875 2915 4930 qua:
2943 4861 3123 4914 omnia
3153 4877 3272 4917 cum
3314 4862 3401 4918 ille
3428 4880 3516 4919 se-

1931 4951 2147 5019 dasset,
2194 4967 2516 5023 omnemque
2562 4953 2775 5007 illorum
2828 4952 3109 5008 tumultum
3153 4956 3515 5026 repressisSct,

1933 5043 2037 5099 [ide
2065 5046 2293 5100 maxime
2323 5044 2545 5099 illustris
2586 5043 2722 5099 fuit?
2764 5045 2989 5113 Quando
3018 5055 3196 5102 autem
3240 5048 3521 5107 immolare

1932 5134 2079 5192 illum
2096 5136 2275 5207 jussus
2295 5144 2394 5199 est,
2415 5151 2591 5191 nonne
2611 5152 2817 5191 summa
2836 5152 2962 5192 cum
2986 5136 3343 5205 festinatione,
3368 5143 3519 5211 quasi

1933 5229 2224 5299 nuptialem
2255 5227 2320 5283 ad
2353 5227 2643 5283 thalamum
2677 5227 3005 5283 deducturus
3045 5228 3196 5284 illum
3234 5240 3379 5285 esset
3400 5274 3413 5297 ,
3446 5232 3521 5287 ita

1934 5318 2078 5372 illum
2133 5319 2326 5373 duxit?
2395 5328 2555 5387 atque
2608 5318 2777 5386 ipsam
2831 5319 3219 5389 prepemodum
3274 5329 3523 5380 naturam

1932 5423 2132 5464 exuens
2151 5448 2165 5473 ,
2209 5417 2262 5463 et
2290 5407 2450 5462 homo
2476 5423 2596 5464 esse
2624 5407 2876 5464 desinens
2900 5449 2916 5474 ,
2952 5424 3145 5465 novum
3175 5410 3438 5481 quoddam
3473 5425 3535 5471 et

1934 5500 2241 5555 inusitatum
2263 5500 2452 5555 obtulit
2476 5499 2815 5566 sacriﬁcium,
2844 5502 3098 5573 solusque
3124 5513 3392 5558 certamen
3416 5501 3527 5559 hoc

1934 5590 2224 5659 conseruit,
2261 5606 2366 5646 non
2396 5606 2519 5646 cum
2550 5605 2715 5648 uxore
2735 5634 2747 5657 ,
2780 5608 2885 5646 non
2915 5606 3037 5647 cum
3064 5608 3238 5657 servo,
3271 5607 3375 5647 non
3399 5604 3527 5646 cum

1934 5668 2039 5738 alio
2084 5684 2274 5752 quovis
2321 5685 2783 5740 communicavit?
2837 5685 3068 5739 Noverat
3117 5684 3298 5747 enim,
3356 5678 3539 5747 probe

1936 5782 2174 5842 noverat,
2207 5786 2402 5849 quanta
2435 5776 2637 5849 scopuli
2665 5777 2808 5833 illius
2829 5783 2973 5831 esset
2987 5773 3306 5837 sublimitas,
3327 5771 3536 5834 quanta
