4030 6206
478 371 586 429 511

484 484 831 546 molesillitts
852 478 1119 545 mandati“,
1147 485 1344 545 quanta
1364 472 1505 526 illius
1528 463 1835 524 certaminis
1861 458 2071 531 magni:-

486 582 643 638 tado:
665 592 822 650 quam
846 563 1478 631 ob'causam'solus-buue
1504 574 1719 616 cursum
1742 554 1997 624 suscepit,
2017 558 2074 607 et

486 648 1427 734 cucurritpet'certavit.ctrcorouam
1452 651 1675 722 adeptus
1699 656 1801 716 est,
1822 654 1877 701 et
1905 648 2074 698 vietor

489 774 579 820 est
599 762 951 819 renuntiatus.
995 753 1124 823 Quis
1145 762 1268 808 eum
1298 745 1552 803 sacerdos
1580 744 1680 798 ista
1713 738 1927 796 docuit?
1956 736 2074 806 quis

490 852 726 911 doctor?
754 850 872 920 quis
903 842 1206 917 propheta?
1245 839 1433 895 Nullus
1460 835 1621 907 plane
1654 851 1669 889 :
1700 827 2074 900 sed-quoniam

494 949 657 1018 proba
689 919 865 999 mente
907 937 1162 1010 praeditus
1204 932 1338 998 fuit,
1390 929 1469 985 illi
1511 926 1578 982 ad
1623 924 1804 979 omnia
1844 919 2072 976 suli‘ecitt

492 1012 629 1107 Quid
672 1048 806 1090 vero
844 1028 997 1088 Noe?
1048 1026 1229 1095 Quem
1266 1021 1461 1078 habuit
1500 1012 1872 1074 sacerdotem?
1919 1024 2078 1082 quem

490 1101 809 1185 doctorem?
827 1135 986 1193 quem
1008 1112 1423 1172 instruetorem?
1450 1104 1880 1180 quandoquidem
1909 1101 2076 1166 solus,

493 1233 614 1275 cum
656 1225 803 1271 torus
842 1209 989 1266 orbis
1028 1216 1292 1262 terrarum
1326 1199 1621 1257 sceleribus
1660 1193 1887 1251 infectus
1915 1200 2078 1256 esset,

495 1307 759 1366 contraria
804 1303 887 1358 via
957 1297 1173 1355 incessit
1205 1296 1263 1362 ⁸,
1313 1302 1368 1349 et
1420 1279 2077 1347 virtutem’eonservavit,

495 1413 667 1470 eaque
694 1395 905 1453 caeteris
928 1391 1006 1445 sic
1027 1386 1272 1459 praelusit
1288 1425 1306 1451 ,
1334 1383 1469 1438 utin
1495 1382 1767 1436 communi
1793 1375 1940 1431 orbis
1970 1385 2081 1428 ter—

499 1463 678 1546 rarum
716 1482 993 1552 naufragio
1013 1494 1133 1534 cum
1161 1477 1276 1546 ipse
1302 1473 1481 1529 salvus
1513 1479 1568 1524 et
1590 1466 1866 1523 incolumis
1887 1463 2080 1519 evade.

497 1591 601 1647 ret,
632 1590 743 1637 tum
771 1584 996 1632 caeteros
1025 1586 1137 1641 prae
1179 1566 1341 1623 nimia
1383 1578 1495 1619 suat
1529 1559 1739 1615 virtutis
1781 1554 2083 1627 tit-testantis

499 1646 1019 1732 eximminentibus
1068 1659 1320 1732 periculis
1370 1651 1647 1726 eriperet?
1697 1648 1849 1707 Unde
1909 1646 2086 1717 justus

498 1764 709 1824 evasit?
748 1760 892 1818 unde
921 1752 1221 1827 perfectus?
1258 1750 1415 1821 cujus
1438 1743 1734 1804 sacerdotis
1758 1751 1813 1798 et
1838 1742 1977 1811 ipse.
2002 1738 2086 1793 vel

499 1859 653 1928 cujus
676 1851 917 1911 doctoris
940 1846 1199 1903 industria
1225 1852 1308 1899 est
1330 1840 1506 1896 usus?
1541 1836 1710 1892 Nemo
1734 1841 1820 1889 est
1842 1831 1931 1902 qui
1961 1844 2089 1901 pos.-

501 1920 585 2005 sit'
613 1948 715 2001 hoc
738 1944 940 2001 dicere.
992 1937 1163 2006 Hujus
1191 1947 1353 2004 porro
1383 1930 1555 1995 filius,
1600 1924 1812 1981 tametsi
1836 1920 2093 1978 domesti-

501 2056 624 2097 cum
670 2037 947 2093 doctorem
994 2028 1226 2085 habebat
1261 2021 1580 2086 assiduum,
1623 2017 1792 2088 patris
1818 2015 2090 2072 virtutem,

503 2133 727 2203 ejusque
750 2124 967 2183 monitis
995 2119 1365 2179 imbuehatur,.
1385 2114 1499 2168 sive
1523 2125 1620 2182 per
1643 2108 1835 2173 verba,
1862 2105 1979 2159 sive
1999 2115 2095 2173 per

505 2197 705 2294 opera,
750 2227 806 2275 θι
847 2223 1107 2274 eventum
1154 2222 1336 2265 rerum
1365 2210 1647 2267 cerneret,
1691 2213 1814 2254 cum
1841 2197 2001 2253 etiam
2027 2208 2095 2250 ex

507 2284 851 2376 calamitate,
894 2316 1056 2376 atque
1099 2318 1166 2358 ex
1209 2297 1579 2355 incolumitate
1621 2306 1725 2345 non
1754 2287 1887 2344 levis
1913 2284 2099 2340 admo-

509 2407 645 2462 nitio
683 2398 1040 2473 suppetebat.
1085 2391 1360 2463 improbus
1407 2388 1463 2442 in
1500 2391 1775 2456 parentem
1814 2379 2019 2442 evasit,
2045 2384 2101 2432 et

509 2467 894 2568 genitoris'sui
940 2486 1233 2544 nuditatem
1276 2479 1445 2536 irrisit
1482 2491 1546 2532 ac
1584 2472 1878 2544 divulgavit
1920 2467 2096 2538 (Gen.

512 2557 567 2644 ὅ.
594 2586 714 2658 22).
754 2580 921 2636 Vides
948 2577 1147 2647 ubique
1178 2572 1347 2645 proba
1376 2576 1559 2624 mente
1582 2580 1717 2635 opus
1742 2562 1908 2619 esse?
1962 2557 2100 2626 Quid

513 2695 644 2736 vero
673 2652 817 2741 'Job,
860 2674 978 2737 dic,
1017 2666 1234 2742 quaeso?
1285 2678 1421 2735 quos
1459 2658 1750 2732 prophetas
1786 2652 2104 2710 audiverat?

514 2787 618 2843 qua
660 2767 900 2826 doctrina
949 2762 1121 2818 fuerat
1156 2755 1435 2814 imbutus?
1481 2751 1656 2809 Nulla.
1703 2750 1771 2803 At
1800 2746 1888 2803 hic
1926 2754 2103 2800 tamen

515 2834 727 2934 quoque
750 2899 768 2927 ,
795 2858 922 2914 licet
943 2852 1075 2908 nihil
1101 2846 1367 2921 ejusmodi
1400 2849 1707 2914 suppeteret
1734 2881 1751 2905 ,
1776 2837 1922 2894 omni
1949 2834 2108 2889 virtu-

520 2925 588 3009 tis
608 2925 809 3025 genere
847 2962 907 3004 se
944 2943 1224 3016 prteditum
1267 2934 1688 3007 exquisitissime
1714 2926 1968 2987 ostendit.
2013 2925 2106 2982 Et-

519 3020 667 3102 enim
698 3040 979 3097 facultates
1004 3050 1128 3092 suas
1163 3031 1348 3087 habuit
1372 3043 1492 3084 cum
1524 3020 1845 3097 pauperibus
1867 3034 2109 3075 commu-

519 3152 639 3203 nes,
665 3146 838 3203 neque
867 3128 1141 3197 facultates
1159 3123 1353 3189 solum,
1380 3118 1477 3174 sed
1505 3119 1676 3188 ipsum
1703 3115 1863 3169 etiam
1890 3125 2106 3180 corpus.

522 3230 658 3287 Nam
683 3236 738 3284 et
761 3226 995 3281 viatores
1018 3221 1182 3275 domo
1220 3212 1521 3285 excipiebat
1545 3252 1559 3276 ,
1604 3218 1656 3264 et
1692 3208 1903 3265 illorum
1933 3203 2111 3274 potius

527 3330 687 3393 quam
729 3316 932 3373 domini
974 3320 1091 3369 erat
1132 3310 1358 3373 domus;
1402 3303 1644 3377 corporis
1690 3311 1869 3355 autem
1909 3296 2113 3352 viribus

528 3387 642 3478 eos,
668 3409 759 3481 qui
785 3405 1120 3478 patiebantur
1142 3398 1412 3469 injuriam,
1445 3393 1819 3456 ulciscebatur,
1841 3397 1895 3443 at
1920 3387 2114 3458 lingunt

527 3503 833 3578 prudentia,
853 3497 1222 3569 sapientiaque
1246 3490 1517 3549 silentium
1538 3482 1989 3543 obtrectatoribus
2016 3480 2115 3534 im-

527 3571 795 3669 ponebat,
845 3586 1207 3658 evangelicam
1233 3581 1467 3651 denique
1490 3579 1612 3633 vitae
1645 3571 2109 3632 conversationem

528 3659 584 3746 in
610 3659 858 3740 omnibus
884 3679 996 3735 suis
1024 3673 1323 3732 actionibus
1361 3671 1666 3726 elucentem
1691 3663 2000 3722 exhibebat.
2028 3659 2118 3716 Sic

528 3756 707 3833 autem
752 3787 864 3829 rem
900 3766 1165 3838 expende.
1218 3761 1361 3818 Beati
1400 3775 1646 3832 pauperes
1681 3756 1863 3828 spiritu
1894 3752 2113 3827 (Matth.

530 3872 584 3927 5.
609 3866 666 3941 ὅ)
683 3908 699 3933 ,
727 3865 805 3921 ait
826 3861 1096 3919 Christus.
1143 3858 1257 3912 lloc
1286 3856 1400 3924 ipse
1427 3866 1590 3922 opere
1615 3847 1922 3905 confectum
1949 3842 2117 3899 dedit.

531 3963 597 4020 Si
622 3938 755 4017 enim
775 3954 1004 4028 despexi,
1035 3952 1245 4023 inquit,
1265 3948 1514 4019 judicium
1546 3941 1757 4017 (annuli,
1783 3950 1873 3996 aut
1898 3938 2116 4003 ancillte,

535 4070 651 4109 cum
679 4053 776 4121 ipsi
803 4050 1057 4121 litigarem
1086 4060 1297 4099 mecum.
1349 4038 1483 4107 Quid
1511 4038 1644 4094 enim
1677 4036 1900 4108 faciant,
1925 4032 1970 4087 si
2000 4030 2121 4085 visi-

535 4146 776 4203 tationem
795 4141 891 4194 mei
913 4139 1067 4210 faciat
1095 4135 1344 4189 Dominus
1365 4134 1390 4186 ?
1444 4129 1648 4192 Nonne,
1685 4127 1814 4181 sicut
1840 4140 1933 4195 ego
1959 4126 2125 4195 factus

534 4251 648 4293 sunt
673 4236 727 4287 in
753 4240 893 4285 utero
916 4270 933 4297 ,
961 4236 1010 4282 et
1045 4226 1122 4281 illi
1161 4224 1283 4295 [acti
1320 4221 1474 4276 sunt?
1511 4218 1659 4273 Facti
1689 4226 1856 4272 autem
1878 4229 2050 4269 sumus
2072 4212 2125 4266 in

535 4325 710 4381 eodem
742 4330 909 4377 ventre
933 4316 1057 4388 (Job
1089 4317 1178 4372 51.
1211 4313 1381 4369 13-15
1410 4311 1455 4381 ).
1499 4309 1642 4363 Beati
1672 4309 1845 4374 mites,
1889 4304 2126 4376 quoniam

538 4417 636 4488 ipsi
666 4409 1013 4469 hereditabunt
1051 4417 1234 4462 terram
1260 4398 1471 4474 (Matth.
1495 4402 1548 4456 5.
1584 4400 1663 4465 «1).
1704 4398 1841 4466 Quid
1873 4411 2000 4451 vero
2024 4394 2127 4447 tui-

504 4574 509 4579 _
540 4487 644 4566 tius
670 4509 760 4563 illo
782 4504 917 4570 fuit,
946 4501 1014 4557 de
1038 4514 1144 4571 quo
1169 4496 1418 4552 dicebant
1444 4491 1624 4547 famuli
1656 4508 1670 4544 :
1707 4490 1831 4554 Quis
1851 4489 1931 4542 det
1962 4487 2124 4552 nobis,

541 4613 597 4657 ut
635 4597 869 4654 carnibus
911 4595 1021 4665 ejus
1061 4590 1302 4644 satientur
1336 4582 1473 4655 (Job
1504 4584 1590 4639 51.
1623 4582 1738 4652 51).
1785 4579 1935 4634 Adeo
1967 4576 2129 4630 vehe-

542 4700 750 4749 mentes
774 4689 914 4745 illius
938 4692 1208 4741 amatores
1228 4685 1398 4735 erant.
1426 4674 1666 4746 Beatiqui
1682 4674 1870 4743 lugent,
1889 4669 2128 4739 quoniam

546 4787 644 4858 ipsi
671 4779 1066 4841 consolabuntur
1087 4772 1298 4848 (Matth.
1331 4770 1384 4827 5.
1408 4771 1483 4841 5).
1513 4767 1619 4824 Sed
1645 4782 1713 4822 nc
1736 4764 1892 4834 hujus
1912 4762 2127 4833 quidem

548 4856 739 4946 expers
777 4875 985 4930 virtutis
1030 4870 1145 4926 fuit.
1192 4866 1328 4923 Audi
1372 4880 1498 4919 sane
1524 4861 1649 4932 quid
1686 4860 1873 4915 dicat:
1910 4856 2059 4925 Quod
2086 4859 2130 4911 si

547 4983 663 5022 cum
689 4975 869 5035 sponte
896 4978 1209 5033 peccassem,
1250 4957 1427 5030 exponi
1469 4955 1667 5008 turbant
1696 4949 1873 5020 populi
1894 4992 1909 5017 ,
1947 4958 2001 5003 nt
2030 4965 2130 5004 non

545 5072 837 5115 enarrarem
880 5055 1193 5118 iniquitatem
1232 5067 1391 5106 meam
1439 5048 1558 5121 (Job
1584 5047 1673 5102 5|.
1696 5047 1786 5101 35.
1818 5044 1933 5113 54).
1963 5043 2133 5100 Porro

547 5151 636 5220 qui
666 5147 744 5203 sie
781 5145 1001 5202 all'ectus
1037 5155 1152 5199 erat
1176 5187 1191 5208 ,
1238 5143 1373 5199 haud
1400 5141 1620 5197 dubium
1643 5137 1769 5208 quin
1799 5137 1941 5191 illam
1974 5152 2132 5204 supra

549 5238 766 5293 modum
799 5236 1025 5305 lugeret.
1071 5233 1216 5287 Beati
1240 5235 1325 5299 qui
1350 5234 1574 5287 esuriant
1601 5242 1645 5286 et
1675 5231 1849 5284 sitiunt
1878 5227 2136 5298 justitiam

551 5327 760 5400 (Matth.
790 5328 842 5382 5.
875 5326 953 5397 6).
1007 5325 1137 5381 Vide
1167 5323 1266 5380 hoc
1306 5323 1464 5379 etiam
1505 5323 1573 5377 ab
1604 5322 1694 5376 illo
1736 5320 1959 5377 miriﬁce
1984 5332 2134 5373 com-

554 5421 771 5489 pletum.
801 5415 1041 5488 Confregi
1064 5460 1079 5482 ,
1112 5417 1280 5484 inquit
1300 5456 1317 5477 ,
1351 5416 1513 5470 molas
1538 5414 1848 5485 iniquorum,
1870 5420 1915 5465 et
1944 5410 2007 5465 de
2029 5427 2136 5465 nte-

551 5511 637 5564 dio
665 5510 888 5577 dentium
926 5523 1096 5561 eorum
1126 5505 1358 5573 rapinam
1381 5504 1544 5574 eripui
1599 5503 1729 5575 (Job
1775 5502 1866 5560 29.
1898 5501 2008 5572 17).
2039 5499 2138 5554 Ju-

552 5602 742 5658 stitiam
774 5616 889 5655 vero
926 5596 1133 5652 indutus
1169 5612 1278 5649 sum
1303 5637 1318 5661 ,
1344 5605 1390 5651 et
1420 5596 1622 5650 vestitus
1649 5611 1762 5649 sunt
1787 5594 1984 5663 judicio
2011 5595 2141 5647 sicut

557 5690 783 5765 diploide
806 5689 910 5763 (Ib.
936 5705 981 5743 υ.
1017 5686 1125 5758 li).
1172 5684 1316 5739 Beati
1358 5686 1736 5754 misericordes,
1778 5685 2012 5757 quoniam
2041 5683 2140 5756 ipsi

622 5807 642 5850 t
666 5806 772 5872 λιιι,
797 5806 849 5863 in
873 5802 951 5862 ria
971 5808 1104 5856 recta
1125 5798 1397 5851 ambulauit.

1195 361 1254 418 S.
1294 356 1573 417 JONNNIS
1608 341 2449 409 GllRYSOSTOMl‘ARGlHEP.
2481 344 3015 403 OONS'l-‘A’NTEVOP.

3654 344 3759 403 ΞΒ

2180 462 2577 517 ndeerieordiam
2604 470 2965 531 conseruentur
2985 456 3197 531 (Matth:
3229 458 3281 512 5.
3316 456 3393 527 'l).
3435 456 3629 513 Atiste
3653 473 3759 513 non

2180 555 2241 611 in
2261 555 2499 626 pecuniis
2537 562 2739 610 tantum
2769 552 3077 609 misericors
3095 559 3245 616 erat,
3301 560 3401 604 aut'
3426 550 3559 604 dum
3592 548 3762 604 nudos

2181 648 2465 713 indueret,
2503 656 2559 702 et
2580 647 2879 702 esurientes
2919 644 3087 699 aleret
3109 684 3127 709 ,
3164 641 3407 697 viduitati
3434 640 3760 700 subveniret.

2180 739 2458 810 orphanos
2483 747 2719 793 tueretur
2736 778 2751 802 ,
2799 745 3003 791 natur-te
3027 734 3239 789 oblmsae
3266 732 3410 789 vitiis
3437 731 3762 797 mederetur,

2182 831 2285 888 sed
2318 841 2386 887 et
2414 831 2531 900 ipso
2574 829 2739 887 animi
2782 825 3153 897 compatientis
3199 823 3412 879 affectu.
3463 820 3576 893 Ego
3599 822 3764 881 enim.

2184 923 2387 992 inquit,
2418 939 2571 993 super
2597 921 2745 976 omni
2774 920 3046 988 impotente
3080 916 3197 986 ﬂevi
3213 956 3230 982 ,
3278 925 3326 968 et
3351 930 3519 986 gentm
3544 955 3559 976 ,
3596 912 3766 966 ttidats

2183 1006 2346 1070 eiram
2370 1014 2423 1067 in
2448 1010 2819 1068 necessitatibus
2844 1008 2965 1080 (Job
2991 1008 3081 1064 '50.
3107 1007 3225 1075 25).
3272 1005 3568 1075 Tamquam
3624 1002 3765 1058 enim

2185 1106 2487 1161 communis
2509 1102 2755 1159 omnium
2773 1110 2928 1171 pater
2959 1108 3102 1156 esset
3124 1136 3154 1165 ,.
3172 1099 3243 1153 ita
3271 1095 3599 1166 singulorum
3623 1095 3768 1149 cala-

2187 1201 2400 1251 mitates
2444 1195 2585 1250 alias-
2616 1192 2915 1259 sareiehat,
2959 1191 3092 1245 alias
3120 1188 3361 1259 lugebat,
3404 1194 3459 1242 et
3482 1185 3678 1247 verbis.
3714 1193 3771 1240 et

2190 1287 2342 1344 factis
2360 1318 2387 1354 ,ι
2402 1296 2465 1343 et-
2481 1282 3066 1355 campatientis-at'fectu
3086 1320 3102 1347 ,
3129 1289 3185 1336 et
3213 1279 3460 1350 lacrymis
3477 1317 3494 1343 ,
3524 1287 3579 1332 et
3602 1276 3774 1331 modis

2188 1381 2445 1437 omnibus
2463 1376 2853 1435 calamitatibus
2889 1388 3104 1446 pressos
3128 1371 3411 1443 erigebat,
3447 1379 3504 1424 ut
3540 1369 3606 1423 ad
3651 1384 3773 1422 eum

2189 1488 2378 1528 omnes
2405 1482 2672 1542 tamquam
2700 1469 2769 1523 ad
2795 1481 3136 1523 communem
3163 1474 3374 1533 portum
3402 1462 3772 1531 confugerent.

2190 1567 2335 1621 Beati
2361 1564 2658 1637 qni-mundi
2683 1572 2800 1618 sstnt
2837 1560 2988 1616 corde
3006 1601 3021 1625 ,
3053 1558 3292 1631 quoniam
3318 1557 3419 1628 ipsi
3454 1553 3618 1608 Deum
3640 1552 3776 1605 uide—

2192 1661 2317 1714 bunt
2358 1656 2570 1729 (Matth.
2599 1655 2653 1712 5.
2684 1655 2761 1726 8).
2818 1654 2885 1709 Et
2929 1653 3033 1707 hoc
3076 1650 3165 1705 ille
3206 1662 3312 1704 non
3354 1643 3610 1702 mediocri
3654 1658 3777 1698 cum

2194 1750 2352 1807 laude
2376 1747 2680 1821 prmstabat.
2709 1746 2847 1801 Audi
2869 1744 3014 1800 enim
3049 1743 3214 1797 Deum
3242 1740 3343 1795 hoc
3369 1737 3437 1793 de
3453 1737 3548 1792 illo
3576 1744 3779 1791 testan-

2196 1851 2309 1897 tem
2337 1859 2353 1896 :
2385 1838 2513 1894 Non
2533 1847 2615 1893 est
2633 1838 2785 1891 homo
2807 1835 2988 1890 similis
3022 1834 3068 1888 ei
3095 1833 3149 1886 in
3174 1841 3309 1885 terra
3326 1871 3343 1895 ,
3369 1828 3517 1882 homo
3539 1826 3650 1880 sine
3675 1825 3781 1877 crio

2197 1934 2369 1999 mine,
2390 1932 2605 2001 justus,
2635 1943 2822 1991 eaex,
2851 1925 3018 1980 colens
3057 1921 3243 1987 Deum,
3272 1920 3525 1975 abstinens
3559 1918 3622 1969 ab
3646 1913 3784 1970 omni

2198 2023 2337 2078 mala
2362 2039 2419 2076 re
2453 2020 2505 2094 (J
2513 2019 2574 2075 ob
2602 2021 2657 2074 1.
2681 2018 2715 2074 8
2739 2016 2784 2089 ).
2832 2014 2979 2072 Beati
3004 2014 3093 2085 qui
3120 2010 3550 2082 persequutionem
3584 2007 3789 2077 patiun-

2201 2123 2287 2168 tur'
2311 2120 2517 2183 prapter
2549 2109 2803 2181 justitiam
2826 2147 2843 2173 ,
2895 2104 3134 2173 quoniam
3178 2103 3406 2183 ipsorum
3453 2107 3526 2153 est
3574 2113 3784 2169 regnum

2199 2182 2440 2261 ctelorann
2466 2203 2681 2272 (Matth.
2702 2201 2757 2259 5.
2782 2200 2893 2270 l0).
2930 2198 3001 2253 Et
3028 2196 3152 2252 inde
3179 2182 3401 2251 multam
3427 2192 3784 2248 certaminum

2202 2313 2266 2355 ac
2291 2296 2628 2367 praemiorum
2666 2293 2875 2365 copiam
2904 2289 3206 2362 colligebat;
3256 2287 3372 2343 Non
3410 2287 3552 2342 enim
3580 2285 3652 2339 ab
3686 2284 3790 2339 ho-

2205 2390 2436 2445 minibus
2464 2387 2787 2453 vexabatur,
2828 2384 2922 2440 sed
2958 2385 3074 2455 ipse
3093 2382 3351 2437 malorum
3378 2379 3583 2449 primus
3605 2385 3792 2431 auctor

2206 2482 2416 2541 daemon
2447 2481 2499 2535 in
2528 2494 2653 2535 eum
2698 2477 2966 2533 ferebatur
2988 2516 3006 2541 ,
3046 2483 3104 2530 et
3143 2472 3391 2529 omnibus
3419 2469 3532 2524 suis
3560 2467 3791 2523 admotis

2207 2573 2469 2629 machinis
2496 2571 2753 2640 impetum
2777 2569 2829 2624 in
2858 2583 2981 2625 eum
3011 2564 3241 2621 faciebat
3263 2602 3281 2631 ,
3319 2562 3481 2617 domo
3522 2568 3577 2616 et
3622 2559 3791 2630 patria

2208 2663 2470 2735 pellebat,
2503 2672 2560 2719 et
2594 2661 2660 2717 ad
2689 2660 2870 2715 lituum
2895 2656 3215 2713 amandahat
3237 2698 3252 2719 ,
3284 2653 3523 2726 pecuniis
3548 2650 3795 2706 omnilnts

2209 2753 2495 2827 spoliabat,
2519 2751 2970 2823 possessionibus,
3000 2749 3208 2814 liberis,
3239 2747 3350 2817 ipsa
3377 2742 3620 2814 corporis
3646 2742 3796 2796 sani-

2213 2856 2321 2904 tate
2340 2889 2358 2916 ,
2382 2861 2447 2902 ac
2475 2844 2615 2901 fame
2635 2844 2948 2917 gravissima
2976 2841 3285 2906 cruciabat;
3315 2848 3371 2893 et
3395 2850 3525 2892 vero
3551 2848 3672 2907 cum
3706 2833 3800 2888 illo

2211 2940 2429 3011 quidam
2451 2954 2519 2996 ex
2544 2938 2733 2994 amicis
2754 2951 2862 2991 non
2906 2934 3248 2990 mediocriter
3270 2933 3320 2986 ei
3346 2927 3672 2985 insultabant
3691 2966 3711 2992 ,
3742 2933 3798 2980 et

2213 3033 2329 3103 ejus
2353 3032 2545 3088 animte
2570 3031 2756 3086 ulcera.
2775 3026 3137 3083 lancinabant.
3169 3022 3315 3077 Beati
3341 3020 3479 3075 eritis
3504 3058 3523 3086 ,
3548 3033 3664 3084 cum
3687 3032 3799 3071 ma-

2215 3125 2479 3182 ledixerint
2502 3122 2639 3177 vobis
2666 3121 2895 3176 homines
2913 3161 2929 3187 ,
2969 3127 3019 3172 et
3060 3113 3343 3187 persequuti
3379 3128 3466 3167 vos
3499 3110 3717 3182 fuerint,
3752 3116 3802 3162 et

2216 3218 2434 3275 dixerint
2465 3231 2613 3272 autne
2639 3214 2830 3270 malunt
2852 3213 3116 3267 adversum
3143 3224 3231 3263 vos
3256 3206 3570 3267 mentientes,
3597 3209 3802 3274 propter

2218 3328 2314 3366 me.
2335 3309 2583 3375 Gaudete,
2603 3307 2938 3370 simultate,
2956 3304 3193 3377 quoniam
3211 3315 3398 3355 merces
3415 3308 3578 3353 uestra
3597 3294 3806 3364 copiosa

2219 3414 2290 3458 est
2317 3403 2371 3458 in
2407 3402 2544 3457 catlis
2582 3398 2803 3473 (Matth.
2825 3398 2882 3455 5.
2912 3397 3000 3454 11.
3026 3394 3139 3464 13).
3180 3391 3285 3449 Sed
3311 3399 3366 3446 et
3396 3389 3534 3444 hanc
3572 3385 3805 3442 beatitu-

2219 3494 2400 3549 dinem
2437 3489 2772 3548 abundanter
2799 3486 3046 3545 obtinuit.
3089 3483 3225 3539 Nam
3250 3492 3303 3537 et
3337 3481 3428 3552 qui
3465 3479 3689 3534 aderant
3731 3475 3808 3529 illi

2223 3593 2348 3639 tunc
2365 3624 2380 3649 ,
2408 3579 2869 3639 criminationibus
2890 3592 3014 3633 eum
3042 3573 3368 3645 oppetebant
3391 3614 3407 3639 ,
3434 3584 3558 3626 cum
3586 3567 3809 3623 leviori-

2224 3675 2325 3731 bus
2372 3687 2494 3730 eum
2536 3672 2709 3743 ptenis
2752 3670 2909 3741 plecti
2952 3668 3227 3732 dicerent,
3274 3678 3434 3736 quam
3478 3676 3574 3732 pro
3601 3658 3813 3715 delictis

2224 3767 2338 3822 suis
2377 3772 2783 3836 promeruerat‘,
2824 3775 2947 3817 cum
2990 3759 3179 3829 longas
3215 3757 3268 3811 in
3294 3770 3423 3812 eum
3442 3750 3814 3809 accusationes

2228 3867 2490 3925 texerant,
2517 3871 2582 3912 ac
2608 3868 2888 3913 sermones
2913 3849 3205 3907 mendaciis
3226 3856 3283 3904 et
3308 3843 3588 3903 calumniis
3613 3840 3816 3897 redun-

2227 3951 2436 4006 dantes.
2484 3949 2732 4003 Attamen
2774 3944 2872 4001 hos
2907 3943 3067 3999 etiam
3094 3940 3185 3995 ille
3206 3981 3221 4006 ,
3249 3953 3371 3994 cum
3397 3934 3690 4009 periculum
3729 3931 3817 3986 eis

2230 4042 2569 4105 immineret,
2599 4037 2667 4093 ah
2690 4034 2960 4093 inferenda
2984 4049 3015 4089 a
3044 4033 3154 4088 Deo
3176 4031 3326 4101 plaga
3355 4024 3642 4082 vindicavit
3661 4064 3681 4089 ,
3715 4036 3819 4077 nec

2194 4188 2198 4193 .
2232 4136 2395 4192 ullam
2415 4147 2602 4190 eorum
2621 4173 2638 4196 ,
2682 4145 2804 4200 qua:
2830 4129 2884 4184 in
2914 4127 3088 4197 ipsum
3114 4124 3391 4186 dixerant,
3431 4119 3575 4190 apud
3607 4133 3668 4173 se
3694 4131 3818 4172 me-

2231 4226 2454 4282 moriam
2494 4220 2851 4279 conservavit.
2901 4219 2970 4274 Et
2996 4218 3048 4273 in
3093 4217 3198 4270 hoc
3235 4227 3447 4283 quoque
3493 4217 3820 4281 praeceptum

2233 4332 2419 4375 rursus
2440 4314 2568 4374 illud
2596 4312 2943 4383 adimplehat,
2966 4308 3173 4380 Diligite
3194 4306 3424 4360 inimicos
3447 4311 3654 4367 vestros,
3672 4307 3825 4353 orate

2234 4425 2327 4479 pro
2364 4403 2770 4478 persequentibus
2799 4418 2884 4457 eos
2936 4398 3164 4471 (Matth.
3196 4397 3251 4452 5.
3277 4390 3405 4466 44).
3458 4391 3729 4462 Siquidem
3764 4399 3827 4444 et

2234 4498 2438 4563 dilexit,
2460 4508 2515 4553 et
2540 4512 2635 4566 pro
2655 4495 2757 4550 illis
2779 4492 2972 4558 oravit,
3000 4499 3057 4547 et
3084 4491 3214 4545 iram
3237 4488 3329 4543 Dei
3356 4486 3585 4549 sedavit,
3610 4492 3667 4538 et
3697 4497 3827 4551 pec-

2233 4601 2353 4648 eata
2371 4604 2558 4646 eorum
2583 4587 2779 4644 delevit
2806 4604 2821 4640 :
2851 4584 3056 4641 tametsi
3080 4599 3185 4637 non
3212 4579 3518 4652 prophetas,
3542 4592 3644 4630 non
3668 4591 3831 4631 evan-

2234 4684 2451 4755 gelistas
2474 4720 2490 4746 ,
2521 4696 2626 4734 non
2656 4677 2964 4735 sacerdotes
2987 4717 3005 4744 ,
3033 4692 3141 4730 non
3181 4675 3454 4728 doctorem
3473 4711 3489 4735 ,
3522 4684 3630 4723 non
3655 4669 3827 4724 alium

2235 4773 2539 4846 quempiam
2568 4771 2635 4826 ad
2662 4771 2909 4825 virtutem
2954 4765 3375 4837 amplectendam
3411 4762 3651 4817 audierat
3688 4774 3828 4814 con-

2236 4869 2413 4926 silium
2434 4867 2669 4923 dantem.
2691 4863 2851 4919 Vides
2870 4870 3064 4931 quanta
3089 4861 3158 4915 sit
3179 4859 3292 4913 laus
3311 4856 3503 4911 anima:
3524 4867 3829 4925 generose,

2239 4974 2505 5030 quamque
2551 4958 2650 5012 sibi
2702 4955 2801 5026 ipsi
2847 4954 2913 5008 ad
2960 4951 3263 5008 sectandam
3292 4950 3539 5002 virtutem
3572 4944 3829 5007 sulﬁciat,

2243 5056 2367 5111 licet
2407 5054 2604 5110 nullius
2633 5067 2756 5106 cura
2781 5058 2836 5103 et
2864 5044 3124 5101 industria
3153 5041 3468 5099 excolatur?
3515 5038 3675 5109 Atqui
3707 5052 3832 5090 ma-

2238 5149 2385 5217 jores
2411 5145 2666 5199 habuerat
2691 5158 2795 5196 non
2827 5138 2986 5194 modo
3007 5136 3226 5190 minime
3246 5135 3436 5198 bonos,
3462 5129 3557 5187 sed
3576 5138 3629 5183 et
3646 5127 3841 5181 multis

2240 5239 2386 5293 vitiis
2412 5237 2653 5291 inlectos.
2694 5234 2836 5288 Sane
2862 5230 3075 5302 quidem
3103 5228 3173 5283 de
3200 5226 3438 5296 principe
3475 5220 3687 5292 generis
3712 5219 3843 5287 ejus

2247 5330 2317 5383 ita
2359 5327 2593 5396 loquitur
2619 5323 2814 5379 Paulus
2842 5338 2855 5374 :
2888 5319 2970 5373 Ne
2987 5320 3099 5390 quis
3129 5317 3406 5387 fornicator
3438 5323 3525 5365 aut
3553 5311 3845 5381 profanus,

2247 5430 2303 5474 ut
2334 5418 2506 5483 Esau,
2550 5417 2638 5487 qui
2665 5424 2871 5487 propter
2914 5428 3068 5468 unam
3106 5425 3277 5465 escam
3314 5397 3827 5472 vendiditprimitita

2249 5511 2430 5584 (Hebr.
2463 5510 2549 5565 12.
2579 5510 2691 5579 16).

2318 5604 2449 5659 Car.
2476 5601 2617 5658 XIV.
2634 5600 2991 5670 Apostolorum
3014 5596 3166 5652 etiam
3189 5591 3493 5665 temporibus
3508 5585 3667 5640 multa
3678 5584 3858 5654 fuisse

2248 5696 2514 5761 scandala,
2556 5695 2836 5763 multosque
2883 5692 3203 5761 dcpravatos,
3255 5700 3317 5738 ac
3362 5682 3625 5735 doctorum
3655 5692 3854 5745 perse-

2253 5790 2512 5865 quutioncs
2534 5803 2591 5842 ac
2621 5787 2778 5841 carries
2809 5777 3321 5859 frequentem—Quid
3352 5791 3475 5833 vero
3504 5770 3861 5845 temporibus
