  <div class='ocr_page' id='page_1' title='image "/cluster/home/n/w/nwhite01/storage/ocr_20150623/52/hvd.32044073501918/135.png"; bbox 0 0 4030 6206; ppageno 0'>
   <div class='ocr_carea' id='block_1_1' title="bbox 461 368 566 425">
    <p class='ocr_par' dir='ltr' id='par_1_1' title="bbox 461 368 566 425">
     <span class='ocr_line' id='line_1_1' title="bbox 461 368 566 425; baseline 0 0"><span class='ocrx_word' id='word_1_1' title='bbox 461 368 566 425; x_wconf 73' lang='grc'>513</span> 
     </span>
    </p>
   </div>
   <div class='ocr_carea' id='block_1_2' title="bbox 458 484 2038 557">
    <p class='ocr_par' dir='ltr' id='par_1_2' title="bbox 458 484 2038 557">
     <span class='ocr_line' id='line_1_2' title="bbox 458 484 2038 557; baseline -0.001 -19"><span class='ocrx_word' id='word_1_2' title='bbox 458 487 522 539; x_wconf 80' lang='grc' dir='ltr'>ού</span> <span class='ocrx_word' id='word_1_3' title='bbox 555 485 723 556; x_wconf 85' lang='grc' dir='ltr'>μυρία</span> <span class='ocrx_word' id='word_1_4' title='bbox 751 485 974 539; x_wconf 86' lang='grc' dir='ltr'>τοιαῦτα</span> <span class='ocrx_word' id='word_1_5' title='bbox 1008 484 1247 551; x_wconf 86' lang='grc' dir='ltr'>ἐγίνετο;</span> <span class='ocrx_word' id='word_1_6' title='bbox 1293 486 1556 536; x_wconf 80' lang='grc' dir='ltr'>Ἀκουσον</span> <span class='ocrx_word' id='word_1_7' title='bbox 1581 484 1710 551; x_wconf 79' lang='grc' dir='ltr'>γοῦν</span> <span class='ocrx_word' id='word_1_8' title='bbox 1738 485 1790 537; x_wconf 90' lang='grc' dir='ltr'>τί</span> <span class='ocrx_word' id='word_1_9' title='bbox 1820 501 1983 557; x_wconf 83' lang='grc' dir='ltr'>φησιν</span> <span class='ocrx_word' id='word_1_10' title='bbox 2009 484 2038 536; x_wconf 88' lang='lat'>6</span> 
     </span>
    </p>
   </div>
   <div class='ocr_carea' id='block_1_3' title="bbox 457 569 2036 642">
    <p class='ocr_par' dir='ltr' id='par_1_3' title="bbox 457 569 2036 642">
     <span class='ocr_line' id='line_1_3' title="bbox 457 569 2036 642; baseline 0.003 -17"><span class='ocrx_word' id='word_1_11' title='bbox 457 573 690 636; x_wconf 84' lang='grc' dir='ltr'>Παῦλος·</span> <span class='ocrx_word' id='word_1_12' title='bbox 731 569 905 634; x_wconf 79' lang='grc' dir='ltr'>Οἶδας</span> <span class='ocrx_word' id='word_1_13' title='bbox 931 572 1128 632; x_wconf 84' lang='grc' dir='ltr'>τοῦτο,</span> <span class='ocrx_word' id='word_1_14' title='bbox 1161 571 1251 624; x_wconf 86' lang='grc' dir='ltr'>ὅτι</span> <span class='ocrx_word' id='word_1_15' title='bbox 1285 570 1766 640; x_wconf 53' lang='grc' dir='ltr'>ἀπεστράφησάν</span> <span class='ocrx_word' id='word_1_16' title='bbox 1791 590 1868 642; x_wconf 81' lang='grc' dir='ltr'>με</span> <span class='ocrx_word' id='word_1_17' title='bbox 1887 573 2036 630; x_wconf 78' lang='grc' dir='ltr'>πάν-</span> 
     </span>
    </p>
   </div>
   <div class='ocr_carea' id='block_1_4' title="bbox 456 651 2037 731">
    <p class='ocr_par' dir='ltr' id='par_1_4' title="bbox 456 651 2037 731">
     <span class='ocr_line' id='line_1_4' title="bbox 456 651 2037 731; baseline -0.003 -19"><span class='ocrx_word' id='word_1_18' title='bbox 456 675 556 724; x_wconf 79' lang='grc' dir='ltr'>τες</span> <span class='ocrx_word' id='word_1_19' title='bbox 579 662 630 711; x_wconf 78' lang='grc' dir='ltr'>οὶ</span> <span class='ocrx_word' id='word_1_20' title='bbox 661 660 732 711; x_wconf 77' lang='grc' dir='ltr'>ἐν</span> <span class='ocrx_word' id='word_1_21' title='bbox 770 658 842 725; x_wconf 73' lang='grc' dir='ltr'>τῇ</span> <span class='ocrx_word' id='word_1_22' title='bbox 878 659 1070 724; x_wconf 79' lang='grc' dir='ltr'>Ἀσίᾳ,</span> <span class='ocrx_word' id='word_1_23' title='bbox 1095 651 1182 710; x_wconf 84' lang='grc' dir='ltr'>ὧν</span> <span class='ocrx_word' id='word_1_24' title='bbox 1199 658 1330 710; x_wconf 87' lang='grc' dir='ltr'>ἐστι</span> <span class='ocrx_word' id='word_1_25' title='bbox 1362 659 1669 724; x_wconf 76' lang='grc' dir='ltr'>Φύγελλος</span> <span class='ocrx_word' id='word_1_26' title='bbox 1703 660 1800 716; x_wconf 80' lang='grc' dir='ltr'>καὶ</span> <span class='ocrx_word' id='word_1_27' title='bbox 1841 661 2037 731; x_wconf 81' lang='grc' dir='ltr'>Ἑρμο-</span> 
     </span>
    </p>
   </div>
   <div class='ocr_carea' id='block_1_5' title="bbox 457 744 2033 821">
    <p class='ocr_par' dir='ltr' id='par_1_5' title="bbox 457 744 2033 821">
     <span class='ocr_line' id='line_1_5' title="bbox 457 744 2033 821; baseline 0.001 -21"><span class='ocrx_word' id='word_1_28' title='bbox 457 746 656 814; x_wconf 73' lang='grc' dir='ltr'>γένης.</span> <span class='ocrx_word' id='word_1_29' title='bbox 687 745 759 797; x_wconf 77' lang='grc' dir='ltr'>Οὐ</span> <span class='ocrx_word' id='word_1_30' title='bbox 814 745 1161 814; x_wconf 78' lang='grc' dir='ltr'>δεσμωτήρια</span> <span class='ocrx_word' id='word_1_31' title='bbox 1213 744 1396 814; x_wconf 72' lang='grc' dir='ltr'>ᾤκουν</span> <span class='ocrx_word' id='word_1_32' title='bbox 1441 747 1489 797; x_wconf 79' lang='grc' dir='ltr'>οἱ</span> <span class='ocrx_word' id='word_1_33' title='bbox 1539 745 1876 815; x_wconf 86' lang='grc' dir='ltr'>διδάσκαλοι;</span> <span class='ocrx_word' id='word_1_34' title='bbox 1935 751 2033 821; x_wconf 86' lang='grc' dir='ltr'>ούχ</span> 
     </span>
    </p>
   </div>
   <div class='ocr_carea' id='block_1_6' title="bbox 456 833 2031 908">
    <p class='ocr_par' dir='ltr' id='par_1_6' title="bbox 456 833 2031 908">
     <span class='ocr_line' id='line_1_6' title="bbox 456 833 2031 908; baseline 0.004 -24"><span class='ocrx_word' id='word_1_35' title='bbox 456 833 673 896; x_wconf 76' lang='grc' dir='ltr'>ἁλύσεις</span> <span class='ocrx_word' id='word_1_36' title='bbox 707 833 1080 903; x_wconf 85' lang='grc' dir='ltr'>περιέκειντο;</span> <span class='ocrx_word' id='word_1_37' title='bbox 1114 834 1174 886; x_wconf 79' lang='grc' dir='ltr'>οὑ</span> <span class='ocrx_word' id='word_1_38' title='bbox 1204 833 1353 904; x_wconf 76' lang='grc' dir='ltr'>παρὰ</span> <span class='ocrx_word' id='word_1_39' title='bbox 1381 833 1490 887; x_wconf 86' lang='grc' dir='ltr'>τῶν</span> <span class='ocrx_word' id='word_1_40' title='bbox 1519 835 1755 901; x_wconf 78' lang='grc' dir='ltr'>οἰκείων,</span> <span class='ocrx_word' id='word_1_41' title='bbox 1783 837 1844 889; x_wconf 86' lang='grc' dir='ltr'>ού</span> <span class='ocrx_word' id='word_1_42' title='bbox 1881 839 2031 908; x_wconf 78' lang='grc' dir='ltr'>παρὰ</span> 
     </span>
    </p>
   </div>
   <div class='ocr_carea' id='block_1_7' title="bbox 453 920 2029 994">
    <p class='ocr_par' dir='ltr' id='par_1_7' title="bbox 453 920 2029 994">
     <span class='ocr_line' id='line_1_7' title="bbox 453 920 2029 994; baseline 0.001 -18"><span class='ocrx_word' id='word_1_43' title='bbox 453 925 561 976; x_wconf 85' lang='grc' dir='ltr'>τῶν</span> <span class='ocrx_word' id='word_1_44' title='bbox 596 921 890 991; x_wconf 78' lang='grc' dir='ltr'>ἀλλοτρίων</span> <span class='ocrx_word' id='word_1_45' title='bbox 921 920 989 974; x_wconf 87' lang='grc' dir='ltr'>τά</span> <span class='ocrx_word' id='word_1_46' title='bbox 1037 922 1240 991; x_wconf 75' lang='grc' dir='ltr'>ἔσχατα</span> <span class='ocrx_word' id='word_1_47' title='bbox 1274 920 1511 992; x_wconf 72' lang='grc' dir='ltr'>ἔπασχον</span> <span class='ocrx_word' id='word_1_48' title='bbox 1550 923 1736 988; x_wconf 85' lang='grc' dir='ltr'>κακά;</span> <span class='ocrx_word' id='word_1_49' title='bbox 1798 924 1858 975; x_wconf 80' lang='grc' dir='ltr'>ού</span> <span class='ocrx_word' id='word_1_50' title='bbox 1913 926 2029 994; x_wconf 88' lang='grc' dir='ltr'>μετ’</span> 
     </span>
    </p>
   </div>
   <div class='ocr_carea' id='block_1_8' title="bbox 453 1011 2029 1084">
    <p class='ocr_par' dir='ltr' id='par_1_8' title="bbox 453 1011 2029 1084">
     <span class='ocr_line' id='line_1_8' title="bbox 453 1011 2029 1084; baseline 0.001 -18"><span class='ocrx_word' id='word_1_51' title='bbox 453 1012 691 1074; x_wconf 77' lang='grc' dir='ltr'>ἐκείνους</span> <span class='ocrx_word' id='word_1_52' title='bbox 721 1012 835 1065; x_wconf 85' lang='grc' dir='ltr'>ἀντ’</span> <span class='ocrx_word' id='word_1_53' title='bbox 887 1013 1111 1066; x_wconf 80' lang='grc' dir='ltr'>ἐκείνων</span> <span class='ocrx_word' id='word_1_54' title='bbox 1152 1011 1305 1064; x_wconf 89' lang='grc' dir='ltr'>λύκοι</span> <span class='ocrx_word' id='word_1_55' title='bbox 1335 1012 1522 1083; x_wconf 80' lang='grc' dir='ltr'>βαρεῖς</span> <span class='ocrx_word' id='word_1_56' title='bbox 1551 1015 1804 1084; x_wconf 76' lang='grc' dir='ltr'>εἰσῄεσαν</span> <span class='ocrx_word' id='word_1_57' title='bbox 1846 1017 1924 1080; x_wconf 84' lang='grc' dir='ltr'>εἰς</span> <span class='ocrx_word' id='word_1_58' title='bbox 1961 1016 2029 1068; x_wconf 81' lang='grc' dir='ltr'>τὰ.</span> 
     </span>
    </p>
   </div>
   <div class='ocr_carea' id='block_1_9' title="bbox 451 1099 2028 1172">
    <p class='ocr_par' dir='ltr' id='par_1_9' title="bbox 451 1099 2028 1172">
     <span class='ocr_line' id='line_1_9' title="bbox 451 1099 2028 1172; baseline 0.003 -20"><span class='ocrx_word' id='word_1_59' title='bbox 451 1100 708 1171; x_wconf 86' lang='grc' dir='ltr'>ποίμνια;</span> <span class='ocrx_word' id='word_1_60' title='bbox 747 1100 868 1170; x_wconf 71' lang='grc' dir='ltr'>οὐχὶ</span> <span class='ocrx_word' id='word_1_61' title='bbox 915 1099 1088 1152; x_wconf 79' lang='grc' dir='ltr'>ταῦτα</span> <span class='ocrx_word' id='word_1_62' title='bbox 1123 1099 1422 1169; x_wconf 77' lang='grc' dir='ltr'>προύλεγεν</span> <span class='ocrx_word' id='word_1_63' title='bbox 1453 1102 1480 1152; x_wconf 88' lang='lat'>6</span> <span class='ocrx_word' id='word_1_64' title='bbox 1518 1100 1727 1166; x_wconf 90' lang='grc' dir='ltr'>Παῦλος</span> <span class='ocrx_word' id='word_1_65' title='bbox 1761 1103 2028 1172; x_wconf 85' lang='grc' dir='ltr'>Ἐφεσίοις</span> 
     </span>
    </p>
   </div>
   <div class='ocr_carea' id='block_1_10' title="bbox 450 1187 2028 1260">
    <p class='ocr_par' dir='ltr' id='par_1_10' title="bbox 450 1187 2028 1260">
     <span class='ocr_line' id='line_1_10' title="bbox 450 1187 2028 1260; baseline 0.003 -21"><span class='ocrx_word' id='word_1_66' title='bbox 450 1190 527 1251; x_wconf 86' lang='grc' dir='ltr'>είς</span> <span class='ocrx_word' id='word_1_67' title='bbox 577 1188 816 1257; x_wconf 81' lang='grc' dir='ltr'>Μίλητον</span> <span class='ocrx_word' id='word_1_68' title='bbox 867 1189 1064 1250; x_wconf 76' lang='grc' dir='ltr'>αὐτοὺς</span> <span class='ocrx_word' id='word_1_69' title='bbox 1125 1187 1658 1258; x_wconf 50' lang='grc' dir='ltr'>μεταπεμψάμενος</span> <span class='ocrx_word' id='word_1_70' title='bbox 1726 1189 1866 1259; x_wconf 71' lang='grc' dir='ltr'>Ἐγὼ</span> <span class='ocrx_word' id='word_1_71' title='bbox 1917 1193 2028 1260; x_wconf 72' lang='grc' dir='ltr'>γὰρ</span> 
     </span>
    </p>
   </div>
   <div class='ocr_carea' id='block_1_11' title="bbox 448 1272 2028 1347">
    <p class='ocr_par' dir='ltr' id='par_1_11' title="bbox 448 1272 2028 1347">
     <span class='ocr_line' id='line_1_11' title="bbox 448 1272 2028 1347; baseline 0.001 -19"><span class='ocrx_word' id='word_1_72' title='bbox 448 1272 600 1338; x_wconf 75' lang='grc' dir='ltr'>οἶδα,</span> <span class='ocrx_word' id='word_1_73' title='bbox 633 1279 816 1347; x_wconf 75' lang='grc' dir='ltr'>φησὶν,</span> <span class='ocrx_word' id='word_1_74' title='bbox 849 1276 935 1327; x_wconf 75' lang='grc' dir='ltr'>ὅτι</span> <span class='ocrx_word' id='word_1_75' title='bbox 965 1276 1424 1332; x_wconf 78' lang='grc' dir='ltr'>εἰσελεύσονται</span> <span class='ocrx_word' id='word_1_76' title='bbox 1469 1276 1618 1346; x_wconf 79' lang='grc' dir='ltr'>μετὰ</span> <span class='ocrx_word' id='word_1_77' title='bbox 1663 1277 1778 1345; x_wconf 76' lang='grc' dir='ltr'>τὴν</span> <span class='ocrx_word' id='word_1_78' title='bbox 1820 1277 2028 1346; x_wconf 60' lang='grc' dir='ltr'>ἄφιξίν</span> 
     </span>
    </p>
   </div>
   <div class='ocr_carea' id='block_1_12' title="bbox 440 1362 2028 1434">
    <p class='ocr_par' dir='ltr' id='par_1_12' title="bbox 440 1362 2028 1434">
     <span class='ocr_line' id='line_1_12' title="bbox 440 1362 2028 1434; baseline 0.003 -20"><span class='ocrx_word' id='word_1_79' title='bbox 440 1381 560 1432; x_wconf 78' lang='grc' dir='ltr'>μου</span> <span class='ocrx_word' id='word_1_80' title='bbox 614 1363 791 1416; x_wconf 67' lang='grc' dir='ltr'>λύκιοι</span> <span class='ocrx_word' id='word_1_81' title='bbox 827 1362 1039 1429; x_wconf 81' lang='grc' dir='ltr'>,ϐαρεῖς</span> <span class='ocrx_word' id='word_1_82' title='bbox 1058 1366 1144 1428; x_wconf 80' lang='grc' dir='ltr'>εὶς</span> <span class='ocrx_word' id='word_1_83' title='bbox 1180 1363 1356 1431; x_wconf 73' lang='grc' dir='ltr'>ὑμᾶς,</span> <span class='ocrx_word' id='word_1_84' title='bbox 1413 1364 1498 1433; x_wconf 84' lang='grc' dir='ltr'>μὴ</span> <span class='ocrx_word' id='word_1_85' title='bbox 1543 1365 1878 1434; x_wconf 67' lang='grc' dir='ltr'>φειδόμενοι</span> <span class='ocrx_word' id='word_1_86' title='bbox 1919 1365 2028 1419; x_wconf 87' lang='grc' dir='ltr'>τοῦ</span> 
     </span>
    </p>
   </div>
   <div class='ocr_carea' id='block_1_13' title="bbox 445 1449 2025 1518">
    <p class='ocr_par' dir='ltr' id='par_1_13' title="bbox 445 1449 2025 1518">
     <span class='ocr_line' id='line_1_13' title="bbox 445 1449 2025 1518; baseline 0.003 -16"><span class='ocrx_word' id='word_1_87' title='bbox 445 1450 746 1518; x_wconf 76' lang='grc' dir='ltr'>ποιμνίου.</span> <span class='ocrx_word' id='word_1_88' title='bbox 790 1449 895 1503; x_wconf 79' lang='grc' dir='ltr'>Καὶ</span> <span class='ocrx_word' id='word_1_89' title='bbox 923 1450 993 1513; x_wconf 75' lang='grc' dir='ltr'>ἐξ</span> <span class='ocrx_word' id='word_1_90' title='bbox 1041 1449 1206 1518; x_wconf 79' lang='grc' dir='ltr'>ὑμῶν</span> <span class='ocrx_word' id='word_1_91' title='bbox 1228 1449 1296 1502; x_wconf 86' lang='grc' dir='ltr'>δὲ</span> <span class='ocrx_word' id='word_1_92' title='bbox 1339 1451 1538 1505; x_wconf 80' lang='grc' dir='ltr'>αὐτῶν</span> <span class='ocrx_word' id='word_1_93' title='bbox 1575 1453 2025 1518; x_wconf 71' lang='grc' dir='ltr'>ἀναστήσονται</span> 
     </span>
    </p>
   </div>
   <div class='ocr_carea' id='block_1_14' title="bbox 445 1536 2026 1606">
    <p class='ocr_par' dir='ltr' id='par_1_14' title="bbox 445 1536 2026 1606">
     <span class='ocr_line' id='line_1_14' title="bbox 445 1536 2026 1606; baseline 0.004 -18"><span class='ocrx_word' id='word_1_94' title='bbox 445 1536 660 1604; x_wconf 77' lang='grc' dir='ltr'>ἄνδρες</span> <span class='ocrx_word' id='word_1_95' title='bbox 687 1537 1023 1602; x_wconf 73' lang='grc' dir='ltr'>λαλοῦντες</span> <span class='ocrx_word' id='word_1_96' title='bbox 1059 1537 1535 1606; x_wconf 81' lang='grc' dir='ltr'>διεστραμμένα,</span> <span class='ocrx_word' id='word_1_97' title='bbox 1573 1540 1680 1592; x_wconf 86' lang='grc' dir='ltr'>τοῦ</span> <span class='ocrx_word' id='word_1_98' title='bbox 1735 1539 2026 1605; x_wconf 78' lang='grc' dir='ltr'>ἀποσπᾷν</span> 
     </span>
    </p>
   </div>
   <div class='ocr_carea' id='block_1_15' title="bbox 445 1624 2024 1699">
    <p class='ocr_par' dir='ltr' id='par_1_15' title="bbox 445 1624 2024 1699">
     <span class='ocr_line' id='line_1_15' title="bbox 445 1624 2024 1699; baseline 0.002 -21"><span class='ocrx_word' id='word_1_99' title='bbox 445 1626 585 1690; x_wconf 81' lang='grc' dir='ltr'>τοὺς</span> <span class='ocrx_word' id='word_1_100' title='bbox 605 1627 874 1694; x_wconf 80' lang='grc' dir='ltr'>μαθητὰς</span> <span class='ocrx_word' id='word_1_101' title='bbox 909 1625 1100 1677; x_wconf 79' lang='grc' dir='ltr'>ὀπίσω</span> <span class='ocrx_word' id='word_1_102' title='bbox 1132 1624 1346 1678; x_wconf 81' lang='grc' dir='ltr'>αὐτῶν.</span> <span class='ocrx_word' id='word_1_103' title='bbox 1381 1627 1454 1678; x_wconf 86' lang='grc' dir='ltr'>Ού</span> <span class='ocrx_word' id='word_1_104' title='bbox 1506 1626 1845 1696; x_wconf 81' lang='grc' dir='ltr'>χαλκοτύπος</span> <span class='ocrx_word' id='word_1_105' title='bbox 1884 1630 2024 1699; x_wconf 78' lang='grc' dir='ltr'>ἀνὴρ</span> 
     </span>
    </p>
   </div>
   <div class='ocr_carea' id='block_1_16' title="bbox 457 1713 2025 1786">
    <p class='ocr_par' dir='ltr' id='par_1_16' title="bbox 457 1713 2025 1786">
     <span class='ocr_line' id='line_1_16' title="bbox 457 1713 2025 1786; baseline 0.003 -21"><span class='ocrx_word' id='word_1_106' title='bbox 457 1713 801 1784; x_wconf 76' lang='grc' dir='ltr'>Ἀλέξανδρος</span> <span class='ocrx_word' id='word_1_107' title='bbox 824 1714 992 1784; x_wconf 83' lang='grc' dir='ltr'>μυρία</span> <span class='ocrx_word' id='word_1_108' title='bbox 1017 1715 1288 1785; x_wconf 84' lang='grc' dir='ltr'>παρέσχεν</span> <span class='ocrx_word' id='word_1_109' title='bbox 1314 1713 1462 1785; x_wconf 82' lang='grc' dir='ltr'>αύτῷ</span> <span class='ocrx_word' id='word_1_110' title='bbox 1484 1716 1807 1786; x_wconf 87' lang='grc' dir='ltr'>πράγματα,</span> <span class='ocrx_word' id='word_1_111' title='bbox 1828 1735 2025 1770; x_wconf 86' lang='grc' dir='ltr'>παντα-</span> 
     </span>
    </p>
   </div>
   <div class='ocr_carea' id='block_1_17' title="bbox 443 1802 2021 1873">
    <p class='ocr_par' dir='ltr' id='par_1_17' title="bbox 443 1802 2021 1873">
     <span class='ocr_line' id='line_1_17' title="bbox 443 1802 2021 1873; baseline 0.003 -18"><span class='ocrx_word' id='word_1_112' title='bbox 443 1803 598 1872; x_wconf 79' lang='grc' dir='ltr'>χόθεν</span> <span class='ocrx_word' id='word_1_113' title='bbox 634 1802 890 1867; x_wconf 76' lang='grc' dir='ltr'>ἐλαύνων,</span> <span class='ocrx_word' id='word_1_114' title='bbox 929 1802 1204 1873; x_wconf 87' lang='grc' dir='ltr'>πολεμῶν,</span> <span class='ocrx_word' id='word_1_115' title='bbox 1249 1803 1560 1870; x_wconf 83' lang='grc' dir='ltr'>πυκτεύων,</span> <span class='ocrx_word' id='word_1_116' title='bbox 1593 1805 1686 1857; x_wconf 75' lang='grc' dir='ltr'>καὶ</span> <span class='ocrx_word' id='word_1_117' title='bbox 1722 1808 1800 1868; x_wconf 87' lang='grc' dir='ltr'>εἰς</span> <span class='ocrx_word' id='word_1_118' title='bbox 1827 1806 2021 1858; x_wconf 86' lang='grc' dir='ltr'>τοσαύ-</span> 
     </span>
    </p>
   </div>
   <div class='ocr_carea' id='block_1_18' title="bbox 441 1891 2020 1966">
    <p class='ocr_par' dir='ltr' id='par_1_18' title="bbox 441 1891 2020 1966">
     <span class='ocr_line' id='line_1_18' title="bbox 441 1891 2020 1966; baseline 0.003 -24"><span class='ocrx_word' id='word_1_119' title='bbox 441 1908 539 1961; x_wconf 95' lang='grc' dir='ltr'>την</span> <span class='ocrx_word' id='word_1_120' title='bbox 569 1891 730 1944; x_wconf 81' lang='grc' dir='ltr'>αὑτὸν</span> <span class='ocrx_word' id='word_1_121' title='bbox 774 1892 1108 1963; x_wconf 78' lang='grc' dir='ltr'>κατέστησεν</span> <span class='ocrx_word' id='word_1_122' title='bbox 1144 1891 1418 1959; x_wconf 88' lang='grc' dir='ltr'>ἀγωνίαν,</span> <span class='ocrx_word' id='word_1_123' title='bbox 1449 1892 1523 1956; x_wconf 87' lang='grc' dir='ltr'>ὡς</span> <span class='ocrx_word' id='word_1_124' title='bbox 1559 1894 1651 1945; x_wconf 76' lang='grc' dir='ltr'>καὶ</span> <span class='ocrx_word' id='word_1_125' title='bbox 1681 1893 1760 1963; x_wconf 80' lang='grc' dir='ltr'>τῷ</span> <span class='ocrx_word' id='word_1_126' title='bbox 1803 1893 2020 1966; x_wconf 79' lang='grc' dir='ltr'>μαθητῇ</span> 
     </span>
    </p>
   </div>
   <div class='ocr_carea' id='block_1_19' title="bbox 443 1980 2019 2050">
    <p class='ocr_par' dir='ltr' id='par_1_19' title="bbox 443 1980 2019 2050">
     <span class='ocr_line' id='line_1_19' title="bbox 443 1980 2019 2050; baseline 0.004 -20"><span class='ocrx_word' id='word_1_127' title='bbox 443 1981 806 2050; x_wconf 73' lang='grc' dir='ltr'>παραγγεῖλαι</span> <span class='ocrx_word' id='word_1_128' title='bbox 868 1980 964 2032; x_wconf 67' lang='grc' dir='ltr'>καὶ</span> <span class='ocrx_word' id='word_1_129' title='bbox 1004 1981 1210 2032; x_wconf 85' lang='grc' dir='ltr'>εἰπεῖν·</span> <span class='ocrx_word' id='word_1_130' title='bbox 1241 1983 1343 2033; x_wconf 86' lang='grc' dir='ltr'>’Ὁν</span> <span class='ocrx_word' id='word_1_131' title='bbox 1392 1981 1487 2034; x_wconf 82' lang='grc' dir='ltr'>καὶ</span> <span class='ocrx_word' id='word_1_132' title='bbox 1540 1981 1621 2035; x_wconf 88' lang='grc' dir='ltr'>σὺ</span> <span class='ocrx_word' id='word_1_133' title='bbox 1669 1981 2019 2050; x_wconf 66' lang='grc' dir='ltr'>φυλάσσου·</span> 
     </span>
    </p>
   </div>
   <div class='ocr_carea' id='block_1_20' title="bbox 437 2067 2022 2142">
    <p class='ocr_par' dir='ltr' id='par_1_20' title="bbox 437 2067 2022 2142">
     <span class='ocr_line' id='line_1_20' title="bbox 437 2067 2022 2142; baseline 0.001 -20"><span class='ocrx_word' id='word_1_134' title='bbox 437 2070 584 2124; x_wconf 78' lang='grc' dir='ltr'>λίαν</span> <span class='ocrx_word' id='word_1_135' title='bbox 625 2069 736 2137; x_wconf 75' lang='grc' dir='ltr'>γὰρ</span> <span class='ocrx_word' id='word_1_136' title='bbox 759 2067 1096 2134; x_wconf 74' lang='grc' dir='ltr'>ἀνθέστηκε</span> <span class='ocrx_word' id='word_1_137' title='bbox 1143 2067 1265 2134; x_wconf 86' lang='grc' dir='ltr'>τοῖς</span> <span class='ocrx_word' id='word_1_138' title='bbox 1311 2067 1619 2137; x_wconf 64' lang='grc' dir='ltr'>ἡμετέροις</span> <span class='ocrx_word' id='word_1_139' title='bbox 1644 2072 1880 2139; x_wconf 52' lang='grc' dir='ltr'>λόγοις</span> <span class='ocrx_word' id='word_1_140' title='bbox 1910 2072 2022 2142; x_wconf 84' lang='grc' dir='ltr'>υύχ</span> 
     </span>
    </p>
   </div>
   <div class='ocr_carea' id='block_1_21' title="bbox 439 2154 2020 2230">
    <p class='ocr_par' dir='ltr' id='par_1_21' title="bbox 439 2154 2020 2230">
     <span class='ocr_line' id='line_1_21' title="bbox 439 2154 2020 2230; baseline 0.003 -22"><span class='ocrx_word' id='word_1_141' title='bbox 439 2157 632 2226; x_wconf 76' lang='grc' dir='ltr'>ὁλόκλη</span> <span class='ocrx_word' id='word_1_142' title='bbox 641 2173 734 2225; x_wconf 86' lang='grc' dir='ltr'>ρον</span> <span class='ocrx_word' id='word_1_143' title='bbox 760 2154 912 2217; x_wconf 80' lang='grc' dir='ltr'>ἔθνος</span> <span class='ocrx_word' id='word_1_144' title='bbox 943 2155 1048 2208; x_wconf 85' lang='grc' dir='ltr'>τῶν</span> <span class='ocrx_word' id='word_1_145' title='bbox 1066 2155 1319 2208; x_wconf 84' lang='grc' dir='ltr'>Γαλατῶν</span> <span class='ocrx_word' id='word_1_146' title='bbox 1336 2157 1440 2209; x_wconf 83' lang='grc' dir='ltr'>ὑπό</span> <span class='ocrx_word' id='word_1_147' title='bbox 1466 2176 1624 2210; x_wconf 88' lang='grc' dir='ltr'>τινων</span> <span class='ocrx_word' id='word_1_148' title='bbox 1641 2159 2020 2230; x_wconf 72' lang='grc' dir='ltr'>ψευδαδέλφων</span> 
     </span>
    </p>
   </div>
   <div class='ocr_carea' id='block_1_22' title="bbox 438 2241 2020 2316">
    <p class='ocr_par' dir='ltr' id='par_1_22' title="bbox 438 2241 2020 2316">
     <span class='ocr_line' id='line_1_22' title="bbox 438 2241 2020 2316; baseline 0.003 -20"><span class='ocrx_word' id='word_1_149' title='bbox 438 2243 730 2313; x_wconf 77' lang='grc' dir='ltr'>διεφθάρη,</span> <span class='ocrx_word' id='word_1_150' title='bbox 765 2243 859 2294; x_wconf 71' lang='grc' dir='ltr'>καὶ</span> <span class='ocrx_word' id='word_1_151' title='bbox 881 2241 1016 2312; x_wconf 78' lang='grc' dir='ltr'>πρὸς</span> <span class='ocrx_word' id='word_1_152' title='bbox 1049 2242 1381 2313; x_wconf 73' lang='grc' dir='ltr'>Ἰουδαῖσμδν</span> <span class='ocrx_word' id='word_1_153' title='bbox 1399 2244 1799 2316; x_wconf 85' lang='grc' dir='ltr'>ηύτομόλησεν;</span> <span class='ocrx_word' id='word_1_154' title='bbox 1823 2248 1936 2299; x_wconf 82' lang='grc' dir='ltr'>Ούκ</span> <span class='ocrx_word' id='word_1_155' title='bbox 1962 2249 2020 2300; x_wconf 88' lang='grc' dir='ltr'>ἐν</span> 
     </span>
    </p>
   </div>
   <div class='ocr_carea' id='block_1_23' title="bbox 440 2328 2020 2406">
    <p class='ocr_par' dir='ltr' id='par_1_23' title="bbox 440 2328 2020 2406">
     <span class='ocr_line' id='line_1_23' title="bbox 440 2328 2020 2406; baseline 0.004 -23"><span class='ocrx_word' id='word_1_156' title='bbox 440 2331 748 2403; x_wconf 77' lang='grc' dir='ltr'>προοιμίοις</span> <span class='ocrx_word' id='word_1_157' title='bbox 791 2328 886 2381; x_wconf 87' lang='grc' dir='ltr'>τοῦ</span> <span class='ocrx_word' id='word_1_158' title='bbox 932 2329 1294 2400; x_wconf 79' lang='grc' dir='ltr'>κηρύγματος</span> <span class='ocrx_word' id='word_1_159' title='bbox 1329 2334 1357 2384; x_wconf 97' lang='lat'>6</span> <span class='ocrx_word' id='word_1_160' title='bbox 1398 2333 1670 2402; x_wconf 86' lang='grc' dir='ltr'>Στέφανος</span> <span class='ocrx_word' id='word_1_161' title='bbox 1711 2335 1853 2406; x_wconf 83' lang='grc' dir='ltr'>ὑπὲρ</span> <span class='ocrx_word' id='word_1_162' title='bbox 1893 2337 2020 2400; x_wconf 83' lang='grc' dir='ltr'>τοῦς</span> 
     </span>
    </p>
   </div>
   <div class='ocr_carea' id='block_1_24' title="bbox 439 2416 2018 2490">
    <p class='ocr_par' dir='ltr' id='par_1_24' title="bbox 439 2416 2018 2490">
     <span class='ocr_line' id='line_1_24' title="bbox 439 2416 2018 2490; baseline 0.005 -21"><span class='ocrx_word' id='word_1_163' title='bbox 439 2420 714 2487; x_wconf 61' lang='grc' dir='ltr'>ποταμοὺς</span> <span class='ocrx_word' id='word_1_164' title='bbox 740 2416 876 2488; x_wconf 75' lang='grc' dir='ltr'>ῥέων</span> <span class='ocrx_word' id='word_1_165' title='bbox 907 2417 1002 2468; x_wconf 74' lang='grc' dir='ltr'>καὶ</span> <span class='ocrx_word' id='word_1_166' title='bbox 1032 2416 1239 2480; x_wconf 77' lang='grc' dir='ltr'>πάντας</span> <span class='ocrx_word' id='word_1_167' title='bbox 1270 2421 1655 2490; x_wconf 80' lang='grc' dir='ltr'>ἐπιστομίζων,</span> <span class='ocrx_word' id='word_1_168' title='bbox 1689 2424 1716 2474; x_wconf 95' lang='lat'>6</span> <span class='ocrx_word' id='word_1_169' title='bbox 1741 2421 1838 2485; x_wconf 78' lang='grc' dir='ltr'>τὰς</span> <span class='ocrx_word' id='word_1_170' title='bbox 1867 2424 2018 2477; x_wconf 89' lang='grc' dir='ltr'>ἀναι-</span> 
     </span>
    </p>
   </div>
   <div class='ocr_carea' id='block_1_25' title="bbox 439 2505 2016 2577">
    <p class='ocr_par' dir='ltr' id='par_1_25' title="bbox 439 2505 2016 2577">
     <span class='ocr_line' id='line_1_25' title="bbox 439 2505 2016 2577; baseline 0.003 -19"><span class='ocrx_word' id='word_1_171' title='bbox 439 2505 697 2576; x_wconf 88' lang='grc' dir='ltr'>σχύντους</span> <span class='ocrx_word' id='word_1_172' title='bbox 731 2505 1093 2575; x_wconf 65' lang='grc' dir='ltr'>ἀποφράττων</span> <span class='ocrx_word' id='word_1_173' title='bbox 1144 2506 1414 2560; x_wconf 80' lang='grc' dir='ltr'>Ἰουδαίων</span> <span class='ocrx_word' id='word_1_174' title='bbox 1458 2507 1724 2572; x_wconf 83' lang='grc' dir='ltr'>γλώττας,</span> <span class='ocrx_word' id='word_1_175' title='bbox 1763 2505 1808 2577; x_wconf 82' lang='grc' dir='ltr'>ᾧ</span> <span class='ocrx_word' id='word_1_176' title='bbox 1842 2512 2016 2575; x_wconf 79' lang='grc' dir='ltr'>οὐδεὶς</span> 
     </span>
    </p>
   </div>
   <div class='ocr_carea' id='block_1_26' title="bbox 435 2593 2014 2666">
    <p class='ocr_par' dir='ltr' id='par_1_26' title="bbox 435 2593 2014 2666">
     <span class='ocr_line' id='line_1_26' title="bbox 435 2593 2014 2666; baseline 0.004 -19"><span class='ocrx_word' id='word_1_177' title='bbox 435 2595 752 2664; x_wconf 76' lang='grc' dir='ltr'>ἀντιστῆναι</span> <span class='ocrx_word' id='word_1_178' title='bbox 777 2593 1029 2663; x_wconf 76' lang='grc' dir='ltr'>ἠδύνατο,</span> <span class='ocrx_word' id='word_1_179' title='bbox 1058 2596 1086 2646; x_wconf 90' lang='lat'>6</span> <span class='ocrx_word' id='word_1_180' title='bbox 1114 2596 1293 2648; x_wconf 86' lang='grc' dir='ltr'>πάντα</span> <span class='ocrx_word' id='word_1_181' title='bbox 1329 2599 1531 2666; x_wconf 80' lang='grc' dir='ltr'>συγχὺς</span> <span class='ocrx_word' id='word_1_182' title='bbox 1559 2609 1584 2638; x_wconf 71' lang='grc' dir='ltr'>ιι</span> <span class='ocrx_word' id='word_1_183' title='bbox 1617 2598 1684 2651; x_wconf 79' lang='grc' dir='ltr'>τά</span> <span class='ocrx_word' id='word_1_184' title='bbox 1726 2599 2014 2661; x_wconf 79' lang='grc' dir='ltr'>Ἰουδαϊκά,</span> 
     </span>
    </p>
   </div>
   <div class='ocr_carea' id='block_1_27' title="bbox 435 2684 2015 2760">
    <p class='ocr_par' dir='ltr' id='par_1_27' title="bbox 435 2684 2015 2760">
     <span class='ocr_line' id='line_1_27' title="bbox 435 2684 2015 2760; baseline 0.004 -22"><span class='ocrx_word' id='word_1_185' title='bbox 435 2687 464 2738; x_wconf 90' lang='lat'>6</span> <span class='ocrx_word' id='word_1_186' title='bbox 492 2684 748 2754; x_wconf 85' lang='grc' dir='ltr'>λαμπρὸν</span> <span class='ocrx_word' id='word_1_187' title='bbox 790 2684 995 2755; x_wconf 81' lang='grc' dir='ltr'>στήσας</span> <span class='ocrx_word' id='word_1_188' title='bbox 1024 2685 1285 2755; x_wconf 87' lang='grc' dir='ltr'>τρόπαιον</span> <span class='ocrx_word' id='word_1_189' title='bbox 1325 2685 1420 2738; x_wconf 71' lang='grc' dir='ltr'>καὶ</span> <span class='ocrx_word' id='word_1_190' title='bbox 1462 2686 1615 2757; x_wconf 91' lang='grc' dir='ltr'>νίκην</span> <span class='ocrx_word' id='word_1_191' title='bbox 1654 2690 1958 2760; x_wconf 79' lang='grc' dir='ltr'>περιφανῆ,</span> <span class='ocrx_word' id='word_1_192' title='bbox 1987 2692 2015 2744; x_wconf 91' lang='lat'>6</span> 
     </span>
    </p>
   </div>
   <div class='ocr_carea' id='block_1_28' title="bbox 433 2765 2012 2846">
    <p class='ocr_par' dir='ltr' id='par_1_28' title="bbox 433 2765 2012 2846">
     <span class='ocr_line' id='line_1_28' title="bbox 433 2765 2012 2846; baseline 0.003 -22"><span class='ocrx_word' id='word_1_193' title='bbox 433 2775 678 2840; x_wconf 88' lang='grc' dir='ltr'>γενναοῖς</span> <span class='ocrx_word' id='word_1_194' title='bbox 698 2765 870 2833; x_wconf 70' lang='grc' dir='ltr'>οὗτος,</span> <span class='ocrx_word' id='word_1_195' title='bbox 889 2771 982 2823; x_wconf 73' lang='grc' dir='ltr'>καὶ</span> <span class='ocrx_word' id='word_1_196' title='bbox 1000 2769 1182 2840; x_wconf 84' lang='grc' dir='ltr'>σοφός,</span> <span class='ocrx_word' id='word_1_197' title='bbox 1208 2773 1300 2825; x_wconf 79' lang='grc' dir='ltr'>καὶ</span> <span class='ocrx_word' id='word_1_198' title='bbox 1322 2773 1542 2843; x_wconf 85' lang='grc' dir='ltr'>χάριτος</span> <span class='ocrx_word' id='word_1_199' title='bbox 1567 2776 2012 2846; x_wconf 77' lang='grc' dir='ltr'>πεπληρωμένος,</span> 
     </span>
    </p>
   </div>
   <div class='ocr_carea' id='block_1_29' title="bbox 433 2857 2012 2934">
    <p class='ocr_par' dir='ltr' id='par_1_29' title="bbox 433 2857 2012 2934">
     <span class='ocr_line' id='line_1_29' title="bbox 433 2857 2012 2934; baseline 0.003 -23"><span class='ocrx_word' id='word_1_200' title='bbox 433 2860 527 2911; x_wconf 61' lang='grc' dir='ltr'>καλ⁵</span> <span class='ocrx_word' id='word_1_201' title='bbox 546 2857 815 2928; x_wconf 84' lang='grc' dir='ltr'>τοσαύτην</span> <span class='ocrx_word' id='word_1_202' title='bbox 831 2857 1159 2928; x_wconf 87' lang='grc' dir='ltr'>Ἐκκλησίαν</span> <span class='ocrx_word' id='word_1_203' title='bbox 1194 2859 1440 2928; x_wconf 83' lang='grc' dir='ltr'>ὠφελῶν,</span> <span class='ocrx_word' id='word_1_204' title='bbox 1473 2861 1593 2914; x_wconf 81' lang='grc' dir='ltr'>ούδέ</span> <span class='ocrx_word' id='word_1_205' title='bbox 1618 2861 1784 2916; x_wconf 80' lang='grc' dir='ltr'>πολὺν</span> <span class='ocrx_word' id='word_1_206' title='bbox 1821 2864 2012 2934; x_wconf 84' lang='grc' dir='ltr'>χρόνον</span> 
     </span>
    </p>
   </div>
   <div class='ocr_carea' id='block_1_30' title="bbox 433 2946 2011 3020">
    <p class='ocr_par' dir='ltr' id='par_1_30' title="bbox 433 2946 2011 3020">
     <span class='ocr_line' id='line_1_30' title="bbox 433 2946 2011 3020; baseline 0.003 -19"><span class='ocrx_word' id='word_1_207' title='bbox 433 2949 666 3017; x_wconf 82' lang='grc' dir='ltr'>ποιήσας</span> <span class='ocrx_word' id='word_1_208' title='bbox 706 2948 762 2999; x_wconf 92' lang='grc' dir='ltr'>ἐν</span> <span class='ocrx_word' id='word_1_209' title='bbox 798 2946 877 3016; x_wconf 85' lang='grc' dir='ltr'>τῷ</span> <span class='ocrx_word' id='word_1_210' title='bbox 915 2947 1255 3018; x_wconf 76' lang='grc' dir='ltr'>κηρύγματι,</span> <span class='ocrx_word' id='word_1_211' title='bbox 1291 2948 1486 3019; x_wconf 84' lang='grc' dir='ltr'>ἀθρόον</span> <span class='ocrx_word' id='word_1_212' title='bbox 1525 2950 1768 3020; x_wconf 81' lang='grc' dir='ltr'>ἡρπάγη,</span> <span class='ocrx_word' id='word_1_213' title='bbox 1808 2954 1898 3004; x_wconf 71' lang='grc' dir='ltr'>καὶ</span> <span class='ocrx_word' id='word_1_214' title='bbox 1937 2953 2011 3016; x_wconf 81' lang='grc' dir='ltr'>ὡς</span> 
     </span>
    </p>
   </div>
   <div class='ocr_carea' id='block_1_31' title="bbox 436 3034 2011 3106">
    <p class='ocr_par' dir='ltr' id='par_1_31' title="bbox 436 3034 2011 3106">
     <span class='ocr_line' id='line_1_31' title="bbox 436 3034 2011 3106; baseline 0.004 -19"><span class='ocrx_word' id='word_1_215' title='bbox 436 3036 752 3106; x_wconf 72' lang='grc' dir='ltr'>βλάσφημος</span> <span class='ocrx_word' id='word_1_216' title='bbox 815 3034 1198 3098; x_wconf 76' lang='grc' dir='ltr'>κατεδικάςετο</span> <span class='ocrx_word' id='word_1_217' title='bbox 1255 3037 1350 3088; x_wconf 53' lang='grc' dir='ltr'>καὶ¹</span> <span class='ocrx_word' id='word_1_218' title='bbox 1401 3035 1753 3102; x_wconf 88' lang='grc' dir='ltr'>κατελεύετο;</span> <span class='ocrx_word' id='word_1_219' title='bbox 1806 3039 1870 3092; x_wconf 88' lang='grc' dir='ltr'>Τί</span> <span class='ocrx_word' id='word_1_220' title='bbox 1922 3040 2011 3094; x_wconf 77' lang='grc' dir='ltr'>δαὶ</span> 
     </span>
    </p>
   </div>
   <div class='ocr_carea' id='block_1_32' title="bbox 446 3122 2009 3198">
    <p class='ocr_par' dir='ltr' id='par_1_32' title="bbox 446 3122 2009 3198">
     <span class='ocr_line' id='line_1_32' title="bbox 446 3122 2009 3198; baseline 0.002 -20"><span class='ocrx_word' id='word_1_221' title='bbox 446 3123 737 3186; x_wconf 73' lang='grc' dir='ltr'>Ἰάκωϐοςς</span> <span class='ocrx_word' id='word_1_222' title='bbox 776 3122 875 3174; x_wconf 77' lang='grc' dir='ltr'>οὐκ</span> <span class='ocrx_word' id='word_1_223' title='bbox 905 3123 962 3173; x_wconf 88' lang='grc' dir='ltr'>ἐν</span> <span class='ocrx_word' id='word_1_224' title='bbox 994 3123 1135 3193; x_wconf 80' lang='grc' dir='ltr'>ἀρχῇ</span> <span class='ocrx_word' id='word_1_225' title='bbox 1186 3124 1280 3176; x_wconf 73' lang='grc' dir='ltr'>καὶ</span> <span class='ocrx_word' id='word_1_226' title='bbox 1305 3124 1470 3187; x_wconf 79' lang='grc' dir='ltr'>αὐτὸς</span> <span class='ocrx_word' id='word_1_227' title='bbox 1499 3128 1591 3179; x_wconf 78' lang='grc' dir='ltr'>καὶ</span> <span class='ocrx_word' id='word_1_228' title='bbox 1620 3126 1678 3192; x_wconf 82' lang='grc' dir='ltr'>ἐξ</span> <span class='ocrx_word' id='word_1_229' title='bbox 1709 3127 1900 3198; x_wconf 77' lang='grc' dir='ltr'>αὐτῆς,</span> <span class='ocrx_word' id='word_1_230' title='bbox 1933 3129 2009 3192; x_wconf 87' lang='grc' dir='ltr'>ώς</span> 
     </span>
    </p>
   </div>
   <div class='ocr_carea' id='block_1_33' title="bbox 431 3209 2010 3286">
    <p class='ocr_par' dir='ltr' id='par_1_33' title="bbox 431 3209 2010 3286">
     <span class='ocr_line' id='line_1_33' title="bbox 431 3209 2010 3286; baseline 0.003 -22"><span class='ocrx_word' id='word_1_231' title='bbox 431 3213 629 3270; x_wconf 76' lang='grc' dir='ltr'>εἰπεῖν,</span> <span class='ocrx_word' id='word_1_232' title='bbox 657 3209 901 3279; x_wconf 83' lang='grc' dir='ltr'>βαλϐῖδος</span> <span class='ocrx_word' id='word_1_233' title='bbox 932 3209 1269 3281; x_wconf 79' lang='grc' dir='ltr'>ἀνεσπάσθη,</span> <span class='ocrx_word' id='word_1_234' title='bbox 1299 3213 1392 3264; x_wconf 70' lang='grc' dir='ltr'>καὶ</span> <span class='ocrx_word' id='word_1_235' title='bbox 1424 3213 1764 3285; x_wconf 72' lang='grc' dir='ltr'>ἀποτμηθεὶς</span> <span class='ocrx_word' id='word_1_236' title='bbox 1793 3218 1874 3280; x_wconf 79' lang='grc' dir='ltr'>είς</span> <span class='ocrx_word' id='word_1_237' title='bbox 1913 3217 2010 3286; x_wconf 81' lang='grc' dir='ltr'>χά·</span> 
     </span>
    </p>
   </div>
   <div class='ocr_carea' id='block_1_34' title="bbox 435 3297 2007 3372">
    <p class='ocr_par' dir='ltr' id='par_1_34' title="bbox 435 3297 2007 3372">
     <span class='ocr_line' id='line_1_34' title="bbox 435 3297 2007 3372; baseline 0.004 -21"><span class='ocrx_word' id='word_1_238' title='bbox 435 3317 517 3371; x_wconf 89' lang='grc' dir='ltr'>ριν</span> <span class='ocrx_word' id='word_1_239' title='bbox 537 3299 644 3352; x_wconf 88' lang='grc' dir='ltr'>τῶν</span> <span class='ocrx_word' id='word_1_240' title='bbox 686 3297 956 3351; x_wconf 85' lang='grc' dir='ltr'>Ἰουδαίων</span> <span class='ocrx_word' id='word_1_241' title='bbox 987 3297 1092 3351; x_wconf 82' lang='grc' dir='ltr'>ὑπὸ</span> <span class='ocrx_word' id='word_1_242' title='bbox 1132 3299 1395 3371; x_wconf 78' lang='grc' dir='ltr'>Ἡρώδου,</span> <span class='ocrx_word' id='word_1_243' title='bbox 1417 3300 1558 3354; x_wconf 75' lang='grc' dir='ltr'>οὕτω</span> <span class='ocrx_word' id='word_1_244' title='bbox 1587 3303 1676 3355; x_wconf 85' lang='grc' dir='ltr'>τὸν</span> <span class='ocrx_word' id='word_1_245' title='bbox 1701 3302 1812 3372; x_wconf 88' lang='grc' dir='ltr'>βίον</span> <span class='ocrx_word' id='word_1_246' title='bbox 1843 3305 2007 3357; x_wconf 86' lang='grc' dir='ltr'>κατέ-</span> 
     </span>
    </p>
   </div>
   <div class='ocr_carea' id='block_1_35' title="bbox 435 3382 2008 3458">
    <p class='ocr_par' dir='ltr' id='par_1_35' title="bbox 435 3382 2008 3458">
     <span class='ocr_line' id='line_1_35' title="bbox 435 3382 2008 3458; baseline 0.002 -21"><span class='ocrx_word' id='word_1_247' title='bbox 435 3394 558 3437; x_wconf 64' lang='grc' dir='ltr'>ιιυσε</span> <span class='ocrx_word' id='word_1_248' title='bbox 578 3423 594 3445; x_wconf 89' lang='grc'>,</span> <span class='ocrx_word' id='word_1_249' title='bbox 627 3382 816 3445; x_wconf 88' lang='grc' dir='ltr'>στῦλος</span> <span class='ocrx_word' id='word_1_250' title='bbox 847 3382 1088 3448; x_wconf 87' lang='grc' dir='ltr'>τοιοῦτος</span> <span class='ocrx_word' id='word_1_251' title='bbox 1115 3385 1207 3437; x_wconf 78' lang='grc' dir='ltr'>καὶ</span> <span class='ocrx_word' id='word_1_252' title='bbox 1241 3385 1523 3456; x_wconf 76' lang='grc' dir='ltr'>ἑδραίωμα</span> <span class='ocrx_word' id='word_1_253' title='bbox 1551 3386 1871 3457; x_wconf 85' lang='grc' dir='ltr'>τηλικοῦτον</span> <span class='ocrx_word' id='word_1_254' title='bbox 1908 3390 2008 3458; x_wconf 84' lang='grc' dir='ltr'>τῆς</span> 
     </span>
    </p>
   </div>
   <div class='ocr_carea' id='block_1_36' title="bbox 431 3471 2005 3546">
    <p class='ocr_par' dir='ltr' id='par_1_36' title="bbox 431 3471 2005 3546">
     <span class='ocr_line' id='line_1_36' title="bbox 431 3471 2005 3546; baseline 0.003 -20"><span class='ocrx_word' id='word_1_255' title='bbox 431 3472 721 3543; x_wconf 84' lang='grc' dir='ltr'>ἀληθείας;</span> <span class='ocrx_word' id='word_1_256' title='bbox 752 3471 912 3524; x_wconf 82' lang='grc' dir='ltr'>Πόσοι</span> <span class='ocrx_word' id='word_1_257' title='bbox 935 3472 1054 3524; x_wconf 84' lang='grc' dir='ltr'>τότε</span> <span class='ocrx_word' id='word_1_258' title='bbox 1079 3473 1524 3539; x_wconf 78' lang='grc' dir='ltr'>ἐσκανδαλίζοντο</span> <span class='ocrx_word' id='word_1_259' title='bbox 1551 3477 1851 3546; x_wconf 79' lang='grc' dir='ltr'>γινομένων</span> <span class='ocrx_word' id='word_1_260' title='bbox 1879 3478 2005 3531; x_wconf 82' lang='grc' dir='ltr'>τού-</span> 
     </span>
    </p>
   </div>
   <div class='ocr_carea' id='block_1_37' title="bbox 429 3555 2006 3631">
    <p class='ocr_par' dir='ltr' id='par_1_37' title="bbox 429 3555 2006 3631">
     <span class='ocr_line' id='line_1_37' title="bbox 429 3555 2006 3631; baseline 0.004 -23"><span class='ocrx_word' id='word_1_261' title='bbox 429 3574 570 3620; x_wconf 87' lang='grc' dir='ltr'>των;</span> <span class='ocrx_word' id='word_1_262' title='bbox 620 3555 762 3606; x_wconf 78' lang='grc' dir='ltr'>Ἀλλ’</span> <span class='ocrx_word' id='word_1_263' title='bbox 817 3555 867 3607; x_wconf 82' lang='grc' dir='ltr'>οἱ</span> <span class='ocrx_word' id='word_1_264' title='bbox 915 3555 1144 3618; x_wconf 78' lang='grc' dir='ltr'>ἑστῶτες</span> <span class='ocrx_word' id='word_1_265' title='bbox 1207 3556 1426 3611; x_wconf 82' lang='grc' dir='ltr'>ἵσταντο</span> <span class='ocrx_word' id='word_1_266' title='bbox 1478 3559 1541 3623; x_wconf 70' lang='grc' dir='ltr'>ι),</span> <span class='ocrx_word' id='word_1_267' title='bbox 1594 3560 1688 3612; x_wconf 73' lang='grc' dir='ltr'>καὶ</span> <span class='ocrx_word' id='word_1_268' title='bbox 1743 3560 2006 3631; x_wconf 76' lang='grc' dir='ltr'>μειζόνως</span> 
     </span>
    </p>
   </div>
   <div class='ocr_carea' id='block_1_38' title="bbox 431 3638 2007 3713">
    <p class='ocr_par' dir='ltr' id='par_1_38' title="bbox 431 3638 2007 3713">
     <span class='ocr_line' id='line_1_38' title="bbox 431 3638 2007 3713; baseline 0.004 -21"><span class='ocrx_word' id='word_1_269' title='bbox 431 3641 663 3692; x_wconf 78' lang='grc' dir='ltr'>ἵσταντο.</span> <span class='ocrx_word' id='word_1_270' title='bbox 698 3638 962 3690; x_wconf 76' lang='grc' dir='ltr'>’Ἄκουσον</span> <span class='ocrx_word' id='word_1_271' title='bbox 1016 3639 1146 3706; x_wconf 88' lang='grc' dir='ltr'>γοῦν</span> <span class='ocrx_word' id='word_1_272' title='bbox 1189 3640 1240 3692; x_wconf 91' lang='grc' dir='ltr'>τί</span> <span class='ocrx_word' id='word_1_273' title='bbox 1294 3659 1456 3713; x_wconf 86' lang='grc' dir='ltr'>φησιν</span> <span class='ocrx_word' id='word_1_274' title='bbox 1490 3645 1518 3694; x_wconf 92' lang='lat'>6</span> <span class='ocrx_word' id='word_1_275' title='bbox 1554 3644 1762 3706; x_wconf 79' lang='grc' dir='ltr'>Παῦλος</span> <span class='ocrx_word' id='word_1_276' title='bbox 1816 3644 2007 3698; x_wconf 84' lang='grc' dir='ltr'>Φιλιπ-</span> 
     </span>
    </p>
   </div>
   <div class='ocr_carea' id='block_1_39' title="bbox 429 3721 2004 3797">
    <p class='ocr_par' dir='ltr' id='par_1_39' title="bbox 429 3721 2004 3797">
     <span class='ocr_line' id='line_1_39' title="bbox 429 3721 2004 3797; baseline 0.004 -23"><span class='ocrx_word' id='word_1_277' title='bbox 429 3721 646 3790; x_wconf 87' lang='grc' dir='ltr'>πησίοις</span> <span class='ocrx_word' id='word_1_278' title='bbox 683 3721 1032 3774; x_wconf 82' lang='grc' dir='ltr'>ἐπιστέλλων·</span> <span class='ocrx_word' id='word_1_279' title='bbox 1052 3724 1101 3774; x_wconf 84' lang='grc' dir='ltr'><em>Γ</em></span> <span class='ocrx_word' id='word_1_280' title='bbox 1105 3723 1384 3777; x_wconf 83' lang='grc' dir='ltr'>ινώσκειν</span> <span class='ocrx_word' id='word_1_281' title='bbox 1410 3725 1477 3777; x_wconf 81' lang='grc' dir='ltr'>δὲ</span> <span class='ocrx_word' id='word_1_282' title='bbox 1505 3725 1658 3794; x_wconf 76' lang='grc' dir='ltr'>ὑμᾶς</span> <span class='ocrx_word' id='word_1_283' title='bbox 1677 3728 2004 3797; x_wconf 61' lang='grc' dir='ltr'>βούλομαι,</span> 
     </span>
    </p>
   </div>
   <div class='ocr_carea' id='block_1_40' title="bbox 427 3803 2006 3880">
    <p class='ocr_par' dir='ltr' id='par_1_40' title="bbox 427 3803 2006 3880">
     <span class='ocr_line' id='line_1_40' title="bbox 427 3803 2006 3880; baseline 0.004 -22"><span class='ocrx_word' id='word_1_284' title='bbox 427 3804 700 3872; x_wconf 62' lang='grc' dir='ltr'>ἀδελφοὶ,</span> <span class='ocrx_word' id='word_1_285' title='bbox 738 3804 824 3856; x_wconf 82' lang='grc' dir='ltr'>ὅτι</span> <span class='ocrx_word' id='word_1_286' title='bbox 865 3803 936 3857; x_wconf 84' lang='grc' dir='ltr'>τὰ</span> <span class='ocrx_word' id='word_1_287' title='bbox 994 3807 1120 3858; x_wconf 80' lang='grc' dir='ltr'>κατ’</span> <span class='ocrx_word' id='word_1_288' title='bbox 1151 3807 1256 3875; x_wconf 84' lang='grc' dir='ltr'>ἐμὲ</span> <span class='ocrx_word' id='word_1_289' title='bbox 1290 3805 1532 3876; x_wconf 80' lang='grc' dir='ltr'>μᾶλλον</span> <span class='ocrx_word' id='word_1_290' title='bbox 1563 3812 1651 3876; x_wconf 81' lang='grc' dir='ltr'>είς</span> <span class='ocrx_word' id='word_1_291' title='bbox 1688 3811 2006 3880; x_wconf 71' lang='grc' dir='ltr'>προκοπὴν</span> 
     </span>
    </p>
   </div>
   <div class='ocr_carea' id='block_1_41' title="bbox 427 3888 2008 3963">
    <p class='ocr_par' dir='ltr' id='par_1_41' title="bbox 427 3888 2008 3963">
     <span class='ocr_line' id='line_1_41' title="bbox 427 3888 2008 3963; baseline 0.004 -23"><span class='ocrx_word' id='word_1_292' title='bbox 427 3888 534 3942; x_wconf 88' lang='grc' dir='ltr'>τοῦ</span> <span class='ocrx_word' id='word_1_293' title='bbox 578 3888 948 3956; x_wconf 73' lang='grc' dir='ltr'>ΕὐαγγελΙου</span> <span class='ocrx_word' id='word_1_294' title='bbox 989 3888 1306 3954; x_wconf 78' lang='grc' dir='ltr'>ἐλήλυθεν,</span> <span class='ocrx_word' id='word_1_295' title='bbox 1337 3890 1490 3945; x_wconf 84' lang='grc' dir='ltr'>ὥστε</span> <span class='ocrx_word' id='word_1_296' title='bbox 1536 3894 1678 3960; x_wconf 79' lang='grc' dir='ltr'>τοὺς</span> <span class='ocrx_word' id='word_1_297' title='bbox 1719 3896 2008 3963; x_wconf 81' lang='grc' dir='ltr'>πλείονας</span> 
     </span>
    </p>
   </div>
   <div class='ocr_carea' id='block_1_42' title="bbox 427 3969 2005 4046">
    <p class='ocr_par' dir='ltr' id='par_1_42' title="bbox 427 3969 2005 4046">
     <span class='ocr_line' id='line_1_42' title="bbox 427 3969 2005 4046; baseline 0.007 -24"><span class='ocrx_word' id='word_1_298' title='bbox 427 3969 544 4024; x_wconf 82' lang='grc' dir='ltr'>τῶν</span> <span class='ocrx_word' id='word_1_299' title='bbox 574 3969 854 4038; x_wconf 59' lang='grc' dir='ltr'>ἀδελφῶν</span> <span class='ocrx_word' id='word_1_300' title='bbox 881 3971 951 4024; x_wconf 86' lang='grc' dir='ltr'>ἐν</span> <span class='ocrx_word' id='word_1_301' title='bbox 981 3973 1194 4038; x_wconf 66' lang='grc' dir='ltr'>Κιζρίῳ,</span> <span class='ocrx_word' id='word_1_302' title='bbox 1229 3978 1586 4042; x_wconf 77' lang='grc' dir='ltr'>πεποιθότας</span> <span class='ocrx_word' id='word_1_303' title='bbox 1616 3976 1737 4044; x_wconf 87' lang='grc' dir='ltr'>τοῖς</span> <span class='ocrx_word' id='word_1_304' title='bbox 1761 3977 2005 4046; x_wconf 79' lang='grc' dir='ltr'>δεσμοῖς</span> 
     </span>
    </p>
   </div>
   <div class='ocr_carea' id='block_1_43' title="bbox 421 4053 2003 4129">
    <p class='ocr_par' dir='ltr' id='par_1_43' title="bbox 421 4053 2003 4129">
     <span class='ocr_line' id='line_1_43' title="bbox 421 4053 2003 4129; baseline 0.006 -23"><span class='ocrx_word' id='word_1_305' title='bbox 421 4072 563 4122; x_wconf 77' lang='grc' dir='ltr'>μου,</span> <span class='ocrx_word' id='word_1_306' title='bbox 583 4053 1023 4122; x_wconf 79' lang='grc' dir='ltr'>περισσοτέρως</span> <span class='ocrx_word' id='word_1_307' title='bbox 1049 4054 1277 4124; x_wconf 76' lang='grc' dir='ltr'>τολμᾷν</span> <span class='ocrx_word' id='word_1_308' title='bbox 1302 4059 1536 4126; x_wconf 58' lang='grc' dir='ltr'>ἀφόϐως</span> <span class='ocrx_word' id='word_1_309' title='bbox 1560 4060 1665 4112; x_wconf 84' lang='grc' dir='ltr'>τὸν</span> <span class='ocrx_word' id='word_1_310' title='bbox 1687 4061 1875 4129; x_wconf 79' lang='grc' dir='ltr'>λόγον</span> <span class='ocrx_word' id='word_1_311' title='bbox 1899 4061 2003 4116; x_wconf 86' lang='grc' dir='ltr'>τοῦ</span> 
     </span>
    </p>
   </div>
   <div class='ocr_carea' id='block_1_44' title="bbox 427 4133 2000 4215">
    <p class='ocr_par' dir='ltr' id='par_1_44' title="bbox 427 4133 2000 4215">
     <span class='ocr_line' id='line_1_44' title="bbox 427 4133 2000 4215; baseline 0.005 -25"><span class='ocrx_word' id='word_1_312' title='bbox 427 4137 577 4191; x_wconf 82' lang='grc' dir='ltr'>Θεοῦ</span> <span class='ocrx_word' id='word_1_313' title='bbox 633 4136 868 4189; x_wconf 82' lang='grc' dir='ltr'>λαλεῖν.</span> <span class='ocrx_word' id='word_1_314' title='bbox 928 4133 1079 4200; x_wconf 79' lang='grc' dir='ltr'>Εἶδες</span> <span class='ocrx_word' id='word_1_315' title='bbox 1131 4140 1417 4209; x_wconf 88' lang='grc' dir='ltr'>ἀνδρείαν;</span> <span class='ocrx_word' id='word_1_316' title='bbox 1477 4138 1616 4206; x_wconf 80' lang='grc' dir='ltr'>εἶδες</span> <span class='ocrx_word' id='word_1_317' title='bbox 1651 4146 2000 4215; x_wconf 78' lang='grc' dir='ltr'>παρρησίαν;</span> 
     </span>
    </p>
   </div>
   <div class='ocr_carea' id='block_1_45' title="bbox 426 4216 1998 4298">
    <p class='ocr_par' dir='ltr' id='par_1_45' title="bbox 426 4216 1998 4298">
     <span class='ocr_line' id='line_1_45' title="bbox 426 4216 1998 4298; baseline 0.007 -29"><span class='ocrx_word' id='word_1_318' title='bbox 426 4216 565 4280; x_wconf 72' lang='grc' dir='ltr'>εἶδες</span> <span class='ocrx_word' id='word_1_319' title='bbox 627 4216 869 4269; x_wconf 70' lang='grc' dir='ltr'>εὐτονίαν</span> <span class='ocrx_word' id='word_1_320' title='bbox 921 4217 1132 4288; x_wconf 51' lang='grc' dir='ltr'>ψυχῆς</span> <span class='ocrx_word' id='word_1_321' title='bbox 1198 4217 1339 4284; x_wconf 80' lang='grc' dir='ltr'>εἶδες</span> <span class='ocrx_word' id='word_1_322' title='bbox 1401 4226 1688 4295; x_wconf 87' lang='grc' dir='ltr'>φιλόσοφον</span> <span class='ocrx_word' id='word_1_323' title='bbox 1738 4227 1998 4298; x_wconf 87' lang='grc' dir='ltr'>γνώμην;</span> 
     </span>
    </p>
   </div>
   <div class='ocr_carea' id='block_1_46' title="bbox 436 4300 1999 4380">
    <p class='ocr_par' dir='ltr' id='par_1_46' title="bbox 436 4300 1999 4380">
     <span class='ocr_line' id='line_1_46' title="bbox 436 4300 1999 4380; baseline 0.008 -27"><span class='ocrx_word' id='word_1_324' title='bbox 436 4301 653 4373; x_wconf 84' lang='grc' dir='ltr'>Ἐώρων</span> <span class='ocrx_word' id='word_1_325' title='bbox 701 4300 792 4353; x_wconf 78' lang='grc' dir='ltr'>τὸν</span> <span class='ocrx_word' id='word_1_326' title='bbox 824 4301 1143 4356; x_wconf 86' lang='grc' dir='ltr'>διδάσκαλον</span> <span class='ocrx_word' id='word_1_327' title='bbox 1189 4307 1245 4357; x_wconf 81' lang='grc' dir='ltr'>ἐν</span> <span class='ocrx_word' id='word_1_328' title='bbox 1282 4306 1641 4380; x_wconf 82' lang='grc' dir='ltr'>δεσμωτηρίῳ</span> <span class='ocrx_word' id='word_1_329' title='bbox 1688 4313 1782 4364; x_wconf 76' lang='grc' dir='ltr'>καὶ</span> <span class='ocrx_word' id='word_1_330' title='bbox 1813 4312 1999 4365; x_wconf 83' lang='grc' dir='ltr'>ἁλύσει</span> 
     </span>
    </p>
   </div>
   <div class='ocr_carea' id='block_1_47' title="bbox 426 4385 2000 4466">
    <p class='ocr_par' dir='ltr' id='par_1_47' title="bbox 426 4385 2000 4466">
     <span class='ocr_line' id='line_1_47' title="bbox 426 4385 2000 4466; baseline 0.006 -28"><span class='ocrx_word' id='word_1_331' title='bbox 426 4385 934 4454; x_wconf 78' lang='grc' dir='ltr'>συγκεκλεισμένον,</span> <span class='ocrx_word' id='word_1_332' title='bbox 989 4387 1311 4457; x_wconf 85' lang='grc' dir='ltr'>ἀγχόμενον,</span> <span class='ocrx_word' id='word_1_333' title='bbox 1345 4391 1657 4460; x_wconf 86' lang='grc' dir='ltr'>παιόμενον,</span> <span class='ocrx_word' id='word_1_334' title='bbox 1703 4395 1798 4446; x_wconf 72' lang='grc' dir='ltr'>καὶ</span> <span class='ocrx_word' id='word_1_335' title='bbox 1830 4396 2000 4466; x_wconf 86' lang='grc' dir='ltr'>μυρία</span> 
     </span>
    </p>
   </div>
   <div class='ocr_carea' id='block_1_48' title="bbox 427 4469 1996 4542">
    <p class='ocr_par' dir='ltr' id='par_1_48' title="bbox 427 4469 1996 4542">
     <span class='ocr_line' id='line_1_48' title="bbox 427 4469 1996 4542; baseline 0.006 -20"><span class='ocrx_word' id='word_1_336' title='bbox 427 4470 700 4541; x_wconf 84' lang='grc' dir='ltr'>πάσχοντα</span> <span class='ocrx_word' id='word_1_337' title='bbox 729 4470 896 4529; x_wconf 83' lang='grc' dir='ltr'>δεινά,</span> <span class='ocrx_word' id='word_1_338' title='bbox 933 4469 1027 4522; x_wconf 71' lang='grc' dir='ltr'>καὶ</span> <span class='ocrx_word' id='word_1_339' title='bbox 1074 4471 1133 4523; x_wconf 86' lang='grc' dir='ltr'>ού</span> <span class='ocrx_word' id='word_1_340' title='bbox 1178 4473 1336 4542; x_wconf 83' lang='grc' dir='ltr'>μόνον</span> <span class='ocrx_word' id='word_1_341' title='bbox 1366 4475 1465 4526; x_wconf 76' lang='grc' dir='ltr'>οὐκ</span> <span class='ocrx_word' id='word_1_342' title='bbox 1517 4477 1996 4542; x_wconf 77' lang='grc' dir='ltr'>ἐσκανδαλίζοντο,</span> 
     </span>
    </p>
   </div>
   <div class='ocr_carea' id='block_1_49' title="bbox 421 4552 1998 4630">
    <p class='ocr_par' dir='ltr' id='par_1_49' title="bbox 421 4552 1998 4630">
     <span class='ocr_line' id='line_1_49' title="bbox 421 4552 1998 4630; baseline -0.001 -23"><span class='ocrx_word' id='word_1_343' title='bbox 421 4553 544 4607; x_wconf 80' lang='grc' dir='ltr'>ούδέ</span> <span class='ocrx_word' id='word_1_344' title='bbox 601 4552 992 4624; x_wconf 84' lang='grc' dir='ltr'>ἐθορυϐοῦντο,</span> <span class='ocrx_word' id='word_1_345' title='bbox 1049 4553 1186 4607; x_wconf 87' lang='grc' dir='ltr'>ἀλλά</span> <span class='ocrx_word' id='word_1_346' title='bbox 1251 4557 1344 4608; x_wconf 80' lang='grc' dir='ltr'>καὶ</span> <span class='ocrx_word' id='word_1_347' title='bbox 1409 4559 1630 4628; x_wconf 72' lang='grc' dir='ltr'>μείζονα,</span> <span class='ocrx_word' id='word_1_348' title='bbox 1689 4563 1998 4630; x_wconf 75' lang='grc' dir='ltr'>προθυμίαν</span> 
     </span>
    </p>
   </div>
   <div class='ocr_carea' id='block_1_50' title="bbox 421 4636 1996 4712">
    <p class='ocr_par' dir='ltr' id='par_1_50' title="bbox 421 4636 1996 4712">
     <span class='ocr_line' id='line_1_50' title="bbox 421 4636 1996 4712; baseline 0.006 -23"><span class='ocrx_word' id='word_1_349' title='bbox 421 4637 676 4701; x_wconf 85' lang='grc' dir='ltr'>ἐκτῶντο,</span> <span class='ocrx_word' id='word_1_350' title='bbox 731 4638 823 4690; x_wconf 72' lang='grc' dir='ltr'>καὶ</span> <span class='ocrx_word' id='word_1_351' title='bbox 871 4636 1092 4690; x_wconf 88' lang='grc' dir='ltr'>πλείονα</span> <span class='ocrx_word' id='word_1_352' title='bbox 1146 4640 1428 4710; x_wconf 79' lang='grc' dir='ltr'>προκοπὴν</span> <span class='ocrx_word' id='word_1_353' title='bbox 1474 4644 1554 4705; x_wconf 84' lang='grc' dir='ltr'>είς</span> <span class='ocrx_word' id='word_1_354' title='bbox 1608 4645 1732 4707; x_wconf 82' lang='grc' dir='ltr'>τοὺς</span> <span class='ocrx_word' id='word_1_355' title='bbox 1780 4645 1996 4712; x_wconf 86' lang='grc' dir='ltr'>ἀγῶνας</span> 
     </span>
    </p>
   </div>
   <div class='ocr_carea' id='block_1_51' title="bbox 422 4719 1995 4796">
    <p class='ocr_par' dir='ltr' id='par_1_51' title="bbox 422 4719 1995 4796">
     <span class='ocr_line' id='line_1_51' title="bbox 422 4719 1995 4796; baseline 0.008 -26"><span class='ocrx_word' id='word_1_356' title='bbox 422 4720 724 4791; x_wconf 83' lang='grc' dir='ltr'>ἐλάμϐανον</span> <span class='ocrx_word' id='word_1_357' title='bbox 744 4719 835 4772; x_wconf 88' lang='grc' dir='ltr'>τοῦ</span> <span class='ocrx_word' id='word_1_358' title='bbox 865 4719 1183 4775; x_wconf 82' lang='grc' dir='ltr'>διδασκάλου</span> <span class='ocrx_word' id='word_1_359' title='bbox 1212 4726 1324 4786; x_wconf 84' lang='grc' dir='ltr'>τοῖς</span> <span class='ocrx_word' id='word_1_360' title='bbox 1351 4724 1688 4796; x_wconf 77' lang='grc' dir='ltr'>παθήμασιν.</span> <span class='ocrx_word' id='word_1_361' title='bbox 1722 4727 1880 4780; x_wconf 84' lang='grc' dir='ltr'>Ἀλλὰ</span> <span class='ocrx_word' id='word_1_362' title='bbox 1902 4730 1995 4782; x_wconf 75' lang='grc' dir='ltr'>καὶ</span> 
     </span>
    </p>
   </div>
   <div class='ocr_carea' id='block_1_52' title="bbox 422 4803 1996 4881">
    <p class='ocr_par' dir='ltr' id='par_1_52' title="bbox 422 4803 1996 4881">
     <span class='ocr_line' id='line_1_52' title="bbox 422 4803 1996 4881; baseline 0.006 -27"><span class='ocrx_word' id='word_1_363' title='bbox 422 4803 773 4872; x_wconf 78' lang='grc' dir='ltr'>ὑπεσύροντο,</span> <span class='ocrx_word' id='word_1_364' title='bbox 816 4804 1002 4876; x_wconf 75' lang='grc' dir='ltr'>φησὶν,</span> <span class='ocrx_word' id='word_1_365' title='bbox 1061 4805 1254 4876; x_wconf 74' lang='grc' dir='ltr'>ἕτεροι.</span> <span class='ocrx_word' id='word_1_366' title='bbox 1314 4807 1448 4860; x_wconf 77' lang='grc' dir='ltr'>ῡύδὲ</span> <span class='ocrx_word' id='word_1_367' title='bbox 1506 4809 1615 4873; x_wconf 81' lang='grc' dir='ltr'>ἐγὼ</span> <span class='ocrx_word' id='word_1_368' title='bbox 1672 4811 1808 4881; x_wconf 76' lang='grc' dir='ltr'>πρὸς</span> <span class='ocrx_word' id='word_1_369' title='bbox 1839 4811 1996 4865; x_wconf 83' lang='grc' dir='ltr'>τοῦτο</span> 
     </span>
    </p>
   </div>
   <div class='ocr_carea' id='block_1_53' title="bbox 420 4885 1989 4965">
    <p class='ocr_par' dir='ltr' id='par_1_53' title="bbox 420 4885 1989 4965">
     <span class='ocr_line' id='line_1_53' title="bbox 420 4885 1989 4965; baseline 0.008 -30"><span class='ocrx_word' id='word_1_370' title='bbox 420 4885 701 4952; x_wconf 81' lang='grc' dir='ltr'>ἀντιλέγω·</span> <span class='ocrx_word' id='word_1_371' title='bbox 735 4887 828 4939; x_wconf 76' lang='grc' dir='ltr'>καὶ</span> <span class='ocrx_word' id='word_1_372' title='bbox 867 4888 975 4958; x_wconf 78' lang='grc' dir='ltr'>γάρ</span> <span class='ocrx_word' id='word_1_373' title='bbox 1021 4888 1167 4951; x_wconf 82' lang='grc' dir='ltr'>εἰκὸς</span> <span class='ocrx_word' id='word_1_374' title='bbox 1200 4889 1425 4953; x_wconf 78' lang='grc' dir='ltr'>πολλοὺς</span> <span class='ocrx_word' id='word_1_375' title='bbox 1453 4893 1545 4945; x_wconf 72' lang='grc' dir='ltr'>καὶ</span> <span class='ocrx_word' id='word_1_376' title='bbox 1593 4893 1989 4965; x_wconf 86' lang='grc' dir='ltr'>ὑποσύρεσθαι,</span> 
     </span>
    </p>
   </div>
   <div class='ocr_carea' id='block_1_54' title="bbox 419 4967 1991 5047">
    <p class='ocr_par' dir='ltr' id='par_1_54' title="bbox 419 4967 1991 5047">
     <span class='ocr_line' id='line_1_54' title="bbox 419 4967 1991 5047; baseline 0.01 -29"><span class='ocrx_word' id='word_1_377' title='bbox 419 4967 715 5036; x_wconf 80' lang='grc' dir='ltr'>γινομένων</span> <span class='ocrx_word' id='word_1_378' title='bbox 740 4969 962 5024; x_wconf 86' lang='grc' dir='ltr'>τούτων·</span> <span class='ocrx_word' id='word_1_379' title='bbox 987 4972 1122 5036; x_wconf 85' lang='grc' dir='ltr'>ἀλλ’,</span> <span class='ocrx_word' id='word_1_380' title='bbox 1157 4973 1184 5025; x_wconf 87' lang='grc' dir='ltr'><strong>ὂ</strong></span> <span class='ocrx_word' id='word_1_381' title='bbox 1215 4975 1472 5039; x_wconf 85' lang='grc' dir='ltr'>πολλάκις</span> <span class='ocrx_word' id='word_1_382' title='bbox 1498 4971 1668 5042; x_wconf 75' lang='grc' dir='ltr'>εἷπον,</span> <span class='ocrx_word' id='word_1_383' title='bbox 1702 4979 1794 5031; x_wconf 76' lang='grc' dir='ltr'>καὶ</span> <span class='ocrx_word' id='word_1_384' title='bbox 1817 4979 1991 5047; x_wconf 87' lang='grc' dir='ltr'>λέγων</span> 
     </span>
    </p>
   </div>
   <div class='ocr_carea' id='block_1_55' title="bbox 416 5051 1990 5131">
    <p class='ocr_par' dir='ltr' id='par_1_55' title="bbox 416 5051 1990 5131">
     <span class='ocr_line' id='line_1_55' title="bbox 416 5051 1990 5131; baseline 0.011 -30"><span class='ocrx_word' id='word_1_385' title='bbox 416 5051 478 5103; x_wconf 84' lang='grc' dir='ltr'>ού</span> <span class='ocrx_word' id='word_1_386' title='bbox 511 5051 820 5121; x_wconf 81' lang='grc' dir='ltr'>παύσομαι,</span> <span class='ocrx_word' id='word_1_387' title='bbox 865 5054 1021 5107; x_wconf 88' lang='grc' dir='ltr'>τοῦτο</span> <span class='ocrx_word' id='word_1_388' title='bbox 1065 5058 1158 5108; x_wconf 68' lang='grc' dir='ltr'>καὶ</span> <span class='ocrx_word' id='word_1_389' title='bbox 1202 5059 1295 5111; x_wconf 89' lang='grc' dir='ltr'>νῦν</span> <span class='ocrx_word' id='word_1_390' title='bbox 1326 5061 1454 5131; x_wconf 76' lang='grc' dir='ltr'>ἐρῶο</span> <span class='ocrx_word' id='word_1_391' title='bbox 1489 5071 1510 5099; x_wconf 65' lang='grc' dir='ltr'>ε</span> <span class='ocrx_word' id='word_1_392' title='bbox 1555 5063 1764 5124; x_wconf 77' lang='grc' dir='ltr'>ἑαυτοῖς</span> <span class='ocrx_word' id='word_1_393' title='bbox 1791 5064 1990 5117; x_wconf 87' lang='grc' dir='ltr'>δίκαιοι</span> 
     </span>
    </p>
   </div>
   <div class='ocr_carea' id='block_1_56' title="bbox 414 5133 1990 5220">
    <p class='ocr_par' dir='ltr' id='par_1_56' title="bbox 414 5133 1990 5220">
     <span class='ocr_line' id='line_1_56' title="bbox 414 5133 1990 5220; baseline 0.011 -33"><span class='ocrx_word' id='word_1_394' title='bbox 414 5134 572 5187; x_wconf 86' lang='grc' dir='ltr'>τοῦτο</span> <span class='ocrx_word' id='word_1_395' title='bbox 593 5135 657 5188; x_wconf 75' lang='grc' dir='ltr'>ἂν</span> <span class='ocrx_word' id='word_1_396' title='bbox 683 5133 792 5188; x_wconf 78' lang='grc' dir='ltr'>εἷεν</span> <span class='ocrx_word' id='word_1_397' title='bbox 820 5136 1124 5204; x_wconf 75' lang='grc' dir='ltr'>λογίζεσθαι</span> <span class='ocrx_word' id='word_1_398' title='bbox 1147 5135 1315 5204; x_wconf 77' lang='grc' dir='ltr'>οῦτοι,</span> <span class='ocrx_word' id='word_1_399' title='bbox 1333 5146 1392 5197; x_wconf 81' lang='grc' dir='ltr'>ού</span> <span class='ocrx_word' id='word_1_400' title='bbox 1419 5147 1482 5215; x_wconf 84' lang='grc' dir='ltr'>τῇ</span> <span class='ocrx_word' id='word_1_401' title='bbox 1513 5147 1618 5199; x_wconf 86' lang='grc' dir='ltr'>τῶν</span> <span class='ocrx_word' id='word_1_402' title='bbox 1653 5149 1990 5220; x_wconf 86' lang='grc' dir='ltr'>πραγμάτων</span> 
     </span>
    </p>
   </div>
   <div class='ocr_carea' id='block_1_57' title="bbox 416 5211 1988 5302">
    <p class='ocr_par' dir='ltr' id='par_1_57' title="bbox 416 5211 1988 5302">
     <span class='ocr_line' id='line_1_57' title="bbox 416 5211 1988 5302; baseline 0.011 -35"><span class='ocrx_word' id='word_1_403' title='bbox 416 5217 595 5284; x_wconf 84' lang='grc' dir='ltr'>φύσει.</span> <span class='ocrx_word' id='word_1_404' title='bbox 641 5211 749 5270; x_wconf 70' lang='grc' dir='ltr'>κάι</span> <span class='ocrx_word' id='word_1_405' title='bbox 795 5220 904 5291; x_wconf 76' lang='grc' dir='ltr'>γάρ</span> <span class='ocrx_word' id='word_1_406' title='bbox 939 5214 1182 5276; x_wconf 77' lang='grc' dir='ltr'>άπιὼνό</span> <span class='ocrx_word' id='word_1_407' title='bbox 1240 5228 1474 5296; x_wconf 82' lang='grc' dir='ltr'>Χριστὸς</span> <span class='ocrx_word' id='word_1_408' title='bbox 1505 5229 1757 5283; x_wconf 88' lang='grc' dir='ltr'>ἐντεῦθεν</span> <span class='ocrx_word' id='word_1_409' title='bbox 1786 5232 1988 5302; x_wconf 81' lang='grc' dir='ltr'>ταύτην</span> 
     </span>
    </p>
   </div>
   <div class='ocr_carea' id='block_1_58' title="bbox 414 5300 1990 5382">
    <p class='ocr_par' dir='ltr' id='par_1_58' title="bbox 414 5300 1990 5382">
     <span class='ocr_line' id='line_1_58' title="bbox 414 5300 1990 5382; baseline 0.012 -33"><span class='ocrx_word' id='word_1_410' title='bbox 414 5300 700 5352; x_wconf 87' lang='grc' dir='ltr'>κατέλιπεν</span> <span class='ocrx_word' id='word_1_411' title='bbox 724 5302 872 5374; x_wconf 74' lang='grc'><strong>[500]</strong></span> <span class='ocrx_word' id='word_1_412' title='bbox 905 5305 1034 5374; x_wconf 77' lang='grc' dir='ltr'>ἡμῖν</span> <span class='ocrx_word' id='word_1_413' title='bbox 1080 5305 1177 5377; x_wconf 77' lang='grc' dir='ltr'>τὴν</span> <span class='ocrx_word' id='word_1_414' title='bbox 1219 5309 1606 5381; x_wconf 86' lang='grc' dir='ltr'>κληρονομίαν,</span> <span class='ocrx_word' id='word_1_415' title='bbox 1657 5314 1849 5382; x_wconf 89' lang='grc' dir='ltr'>λέγων,</span> <span class='ocrx_word' id='word_1_416' title='bbox 1894 5300 1990 5368; x_wconf 84' lang='grc' dir='ltr'>Ἐν</span> 
     </span>
    </p>
   </div>
   <div class='ocr_carea' id='block_1_59' title="bbox 412 5382 1988 5466">
    <p class='ocr_par' dir='ltr' id='par_1_59' title="bbox 412 5382 1988 5466">
     <span class='ocr_line' id='line_1_59' title="bbox 412 5382 1988 5466; baseline 0.011 -34"><span class='ocrx_word' id='word_1_417' title='bbox 412 5382 492 5446; x_wconf 84' lang='grc' dir='ltr'>τῷ</span> <span class='ocrx_word' id='word_1_418' title='bbox 531 5384 739 5466; x_wconf 84' lang='grc' dir='ltr'>κόσμῳ</span> <span class='ocrx_word' id='word_1_419' title='bbox 775 5387 987 5452; x_wconf 73' lang='grc' dir='ltr'>θλίψιν</span> <span class='ocrx_word' id='word_1_420' title='bbox 1009 5387 1196 5448; x_wconf 74' lang='grc' dir='ltr'>ἕξετεο</span> <span class='ocrx_word' id='word_1_421' title='bbox 1226 5394 1344 5454; x_wconf 74' lang='grc' dir='ltr'>καὶ,</span> <span class='ocrx_word' id='word_1_422' title='bbox 1393 5395 1517 5447; x_wconf 78' lang='grc' dir='ltr'>Ἐπὶ</span> <span class='ocrx_word' id='word_1_423' title='bbox 1553 5398 1855 5466; x_wconf 76' lang='grc' dir='ltr'>ἡγεμόνας</span> <span class='ocrx_word' id='word_1_424' title='bbox 1889 5400 1988 5451; x_wconf 77' lang='grc' dir='ltr'>καὶ</span> 
     </span>
    </p>
   </div>
   <div class='ocr_carea' id='block_1_60' title="bbox 411 5465 1987 5548">
    <p class='ocr_par' dir='ltr' id='par_1_60' title="bbox 411 5465 1987 5548">
     <span class='ocr_line' id='line_1_60' title="bbox 411 5465 1987 5548; baseline 0.012 -32"><span class='ocrx_word' id='word_1_425' title='bbox 411 5465 702 5530; x_wconf 81' lang='grc' dir='ltr'>βασιλέας</span> <span class='ocrx_word' id='word_1_426' title='bbox 751 5468 1116 5534; x_wconf 71' lang='grc' dir='ltr'>ἀχθήσεσθε⁹</span> <span class='ocrx_word' id='word_1_427' title='bbox 1170 5475 1284 5537; x_wconf 77' lang='grc' dir='ltr'>καὶ,</span> <span class='ocrx_word' id='word_1_428' title='bbox 1333 5478 1540 5531; x_wconf 80' lang='grc' dir='ltr'>Ἔσται</span> <span class='ocrx_word' id='word_1_429' title='bbox 1599 5465 1840 5548; x_wconf 69' lang='grc' dir='ltr'>ααιρὸς,</span> <span class='ocrx_word' id='word_1_430' title='bbox 1889 5483 1987 5536; x_wconf 84' lang='grc' dir='ltr'>ὅτε</span> 
     </span>
    </p>
   </div>
   <div class='ocr_carea' id='block_1_61' title="bbox 408 5546 1987 5634">
    <p class='ocr_par' dir='ltr' id='par_1_61' title="bbox 408 5546 1987 5634">
     <span class='ocr_line' id='line_1_61' title="bbox 408 5546 1987 5634; baseline 0.013 -34"><span class='ocrx_word' id='word_1_431' title='bbox 408 5546 526 5614; x_wconf 78' lang='grc' dir='ltr'>πᾶς</span> <span class='ocrx_word' id='word_1_432' title='bbox 563 5551 595 5600; x_wconf 87' lang='lat'>0&#39;</span> <span class='ocrx_word' id='word_1_433' title='bbox 627 5550 985 5616; x_wconf 78' lang='grc' dir='ltr'>ἀποκτείνας</span> <span class='ocrx_word' id='word_1_434' title='bbox 1025 5553 1200 5621; x_wconf 77' lang='grc' dir='ltr'>ὑμᾶς,</span> <span class='ocrx_word' id='word_1_435' title='bbox 1231 5557 1392 5623; x_wconf 70' lang='grc' dir='ltr'>δόξει</span> <span class='ocrx_word' id='word_1_436' title='bbox 1418 5563 1700 5630; x_wconf 80' lang='grc' dir='ltr'>λατρείαν</span> <span class='ocrx_word' id='word_1_437' title='bbox 1726 5566 1987 5634; x_wconf 65' lang='grc' dir='ltr'>προσφέ-</span> 
     </span>
    </p>
   </div>
   <div class='ocr_carea' id='block_1_62' title="bbox 468 5705 872 5768">
    <p class='ocr_par' dir='ltr' id='par_1_62' title="bbox 468 5705 872 5768">
     <span class='ocr_line' id='line_1_62' title="bbox 468 5705 872 5768; baseline 0.002 -18"><span class='ocrx_word' id='word_1_438' title='bbox 468 5710 489 5768; x_wconf 57' lang='grc' dir='ltr'>ἷπ</span> <span class='ocrx_word' id='word_1_439' title='bbox 520 5705 608 5752; x_wconf 73' lang='lat' dir='ltr'><strong>\lii</strong></span> <span class='ocrx_word' id='word_1_440' title='bbox 635 5707 872 5768; x_wconf 76' lang='grc' dir='ltr'>συσχείας.</span> 
     </span>
    </p>
   </div>
   <div class='ocr_carea' id='block_1_63' title="bbox 466 5767 1246 5832">
    <p class='ocr_par' dir='ltr' id='par_1_63' title="bbox 466 5767 1246 5832">
     <span class='ocr_line' id='line_1_63' title="bbox 466 5767 1246 5832; baseline 0.01 -18"><span class='ocrx_word' id='word_1_441' title='bbox 466 5767 492 5805; x_wconf 61' lang='grc' dir='ltr'>ινδ</span> <span class='ocrx_word' id='word_1_442' title='bbox 524 5769 614 5815; x_wconf 75' lang='lat' dir='ltr'>.Uli</span> <span class='ocrx_word' id='word_1_443' title='bbox 653 5767 757 5819; x_wconf 67' lang='grc' dir='ltr'>ἀλλ’</span> <span class='ocrx_word' id='word_1_444' title='bbox 777 5773 820 5816; x_wconf 89' lang='grc' dir='ltr'>οἱ</span> <span class='ocrx_word' id='word_1_445' title='bbox 844 5769 1016 5832; x_wconf 74' lang='grc' dir='ltr'>ἑδραῖοι</span> <span class='ocrx_word' id='word_1_446' title='bbox 1041 5771 1246 5822; x_wconf 83' lang='grc' dir='ltr'>ἵσταντο.</span> 
     </span>
    </p>
   </div>
   <div class='ocr_carea' id='block_1_64' title="bbox 467 5831 1215 5884">
    <p class='ocr_par' dir='ltr' id='par_1_64' title="bbox 467 5831 1215 5884">
     <span class='ocr_line' id='line_1_64' title="bbox 467 5831 1215 5884; baseline 0.008 -6"><span class='ocrx_word' id='word_1_447' title='bbox 467 5835 486 5860; x_wconf 72' lang='grc' dir='ltr'>ί</span> <span class='ocrx_word' id='word_1_448' title='bbox 519 5832 606 5879; x_wconf 75' lang='lat' dir='ltr'>me</span> <span class='ocrx_word' id='word_1_449' title='bbox 628 5832 762 5880; x_wconf 79' lang='lat' dir='ltr'><strong>locus</strong></span> <span class='ocrx_word' id='word_1_450' title='bbox 791 5831 984 5883; x_wconf 73' lang='lat' dir='ltr'>\‘ilialus</span> <span class='ocrx_word' id='word_1_451' title='bbox 1010 5835 1215 5884; x_wconf 74' lang='lat' dir='ltr'>videtur.</span> 
     </span>
    </p>
   </div>
   <div class='ocr_carea' id='block_1_65' title="bbox 1174 363 3058 431">
    <p class='ocr_par' dir='ltr' id='par_1_65' title="bbox 1174 363 3058 431">
     <span class='ocr_line' id='line_1_65' title="bbox 1174 363 3058 431; baseline 0.003 -7"><span class='ocrx_word' id='word_1_452' title='bbox 1174 369 1232 424; x_wconf 88' lang='lat' dir='ltr'>S.</span> <span class='ocrx_word' id='word_1_453' title='bbox 1271 364 1554 422; x_wconf 77' lang='lat' dir='ltr'>JOANNIS</span> <span class='ocrx_word' id='word_1_454' title='bbox 1593 363 2090 424; x_wconf 55' lang='lat' dir='ltr'>CIIRYSOSTOBH</span> <span class='ocrx_word' id='word_1_455' title='bbox 2135 369 2456 426; x_wconf 78' lang='lat' dir='ltr'>ARCHIEP.</span> <span class='ocrx_word' id='word_1_456' title='bbox 2499 370 3058 431; x_wconf 78' lang='lat' dir='ltr'>CONSTANTINOP.</span> 
     </span>
    </p>
   </div>
   <div class='ocr_carea' id='block_1_66' title="bbox 3611 381 3718 437">
    <p class='ocr_par' dir='ltr' id='par_1_66' title="bbox 3611 381 3718 437">
     <span class='ocr_line' id='line_1_66' title="bbox 3611 381 3718 437; baseline 0 0"><span class='ocrx_word' id='word_1_457' title='bbox 3611 381 3718 437; x_wconf 75' lang='lat' dir='ltr'>5H</span> 
     </span>
    </p>
   </div>
   <div class='ocr_carea' id='block_1_67' title="bbox 2132 484 3718 565">
    <p class='ocr_par' dir='ltr' id='par_1_67' title="bbox 2132 484 3718 565">
     <span class='ocr_line' id='line_1_67' title="bbox 2132 484 3718 565; baseline 0.009 -29"><span class='ocrx_word' id='word_1_458' title='bbox 2132 501 2267 551; x_wconf 76' lang='grc' dir='ltr'>ρειν</span> <span class='ocrx_word' id='word_1_459' title='bbox 2292 484 2371 551; x_wconf 86' lang='grc' dir='ltr'>τῷ</span> <span class='ocrx_word' id='word_1_460' title='bbox 2397 487 2538 552; x_wconf 82' lang='grc' dir='ltr'>Θεῷ.</span> <span class='ocrx_word' id='word_1_461' title='bbox 2553 488 2718 543; x_wconf 83' lang='grc' dir='ltr'>Ὥστε</span> <span class='ocrx_word' id='word_1_462' title='bbox 2741 489 3008 560; x_wconf 85' lang='grc' dir='ltr'>περιττῶς</span> <span class='ocrx_word' id='word_1_463' title='bbox 3033 505 3120 558; x_wconf 90' lang='grc' dir='ltr'>μοι</span> <span class='ocrx_word' id='word_1_464' title='bbox 3141 491 3266 555; x_wconf 73' lang='grc' dir='ltr'>τοὺς</span> <span class='ocrx_word' id='word_1_465' title='bbox 3296 493 3718 565; x_wconf 63' lang='grc' dir='ltr'>σκανδαλιζομέ-</span> 
     </span>
    </p>
   </div>
   <div class='ocr_carea' id='block_1_68' title="bbox 2139 577 3714 649">
    <p class='ocr_par' dir='ltr' id='par_1_68' title="bbox 2139 577 3714 649">
     <span class='ocr_line' id='line_1_68' title="bbox 2139 577 3714 649; baseline 0.009 -24"><span class='ocrx_word' id='word_1_466' title='bbox 2139 591 2263 636; x_wconf 89' lang='grc' dir='ltr'>νους</span> <span class='ocrx_word' id='word_1_467' title='bbox 2301 577 2578 647; x_wconf 80' lang='grc' dir='ltr'>πανταχοῦ</span> <span class='ocrx_word' id='word_1_468' title='bbox 2609 580 2923 649; x_wconf 85' lang='grc' dir='ltr'>προφέρεις·</span> <span class='ocrx_word' id='word_1_469' title='bbox 2957 579 3044 632; x_wconf 76' lang='grc' dir='ltr'>ἀεὶ</span> <span class='ocrx_word' id='word_1_470' title='bbox 3071 578 3178 649; x_wconf 88' lang='grc' dir='ltr'>γάρ</span> <span class='ocrx_word' id='word_1_471' title='bbox 3209 579 3383 633; x_wconf 88' lang='grc' dir='ltr'>ταῦτα</span> <span class='ocrx_word' id='word_1_472' title='bbox 3411 584 3714 639; x_wconf 81' lang='grc' dir='ltr'>συνέϐαινε.</span> 
     </span>
    </p>
   </div>
   <div class='ocr_carea' id='block_1_69' title="bbox 2139 664 3718 744">
    <p class='ocr_par' dir='ltr' id='par_1_69' title="bbox 2139 664 3718 744">
     <span class='ocr_line' id='line_1_69' title="bbox 2139 664 3718 744; baseline 0.007 -30"><span class='ocrx_word' id='word_1_473' title='bbox 2139 664 2250 716; x_wconf 73' lang='grc' dir='ltr'>Καὶ</span> <span class='ocrx_word' id='word_1_474' title='bbox 2295 664 2350 716; x_wconf 88' lang='grc' dir='ltr'>τί</span> <span class='ocrx_word' id='word_1_475' title='bbox 2389 664 2533 732; x_wconf 88' lang='grc' dir='ltr'>λέγω</span> <span class='ocrx_word' id='word_1_476' title='bbox 2579 666 2648 718; x_wconf 81' lang='grc' dir='ltr'>τὰ</span> <span class='ocrx_word' id='word_1_477' title='bbox 2684 669 2792 719; x_wconf 83' lang='grc' dir='ltr'>τῶν</span> <span class='ocrx_word' id='word_1_478' title='bbox 2831 667 3178 733; x_wconf 86' lang='grc' dir='ltr'>ἀποστόλων;</span> <span class='ocrx_word' id='word_1_479' title='bbox 3212 669 3374 722; x_wconf 82' lang='grc' dir='ltr'>Πόσοι</span> <span class='ocrx_word' id='word_1_480' title='bbox 3397 671 3473 740; x_wconf 81' lang='grc' dir='ltr'>τῷ</span> <span class='ocrx_word' id='word_1_481' title='bbox 3499 673 3718 744; x_wconf 80' lang='grc' dir='ltr'>σταυρῷ</span> 
     </span>
    </p>
   </div>
   <div class='ocr_carea' id='block_1_70' title="bbox 2137 749 3715 824">
    <p class='ocr_par' dir='ltr' id='par_1_70' title="bbox 2137 749 3715 824">
     <span class='ocr_line' id='line_1_70' title="bbox 2137 749 3715 824; baseline 0.008 -23"><span class='ocrx_word' id='word_1_482' title='bbox 2137 749 2301 802; x_wconf 74' lang='grc' dir='ltr'>αὐτοῦ</span> <span class='ocrx_word' id='word_1_483' title='bbox 2327 751 2421 803; x_wconf 90' lang='grc' dir='ltr'>τοῦ</span> <span class='ocrx_word' id='word_1_484' title='bbox 2457 753 2639 804; x_wconf 84' lang='grc' dir='ltr'>κοινοῦ</span> <span class='ocrx_word' id='word_1_485' title='bbox 2671 754 2886 807; x_wconf 86' lang='grc' dir='ltr'>πάντων</span> <span class='ocrx_word' id='word_1_486' title='bbox 2917 755 2948 823; x_wconf 81' lang='grc' dir='ltr'>ἡ</span> <span class='ocrx_word' id='word_1_487' title='bbox 2958 753 3072 824; x_wconf 85' lang='grc' dir='ltr'>μῶν</span> <span class='ocrx_word' id='word_1_488' title='bbox 3095 757 3367 810; x_wconf 83' lang='grc' dir='ltr'>Δεσπότου</span> <span class='ocrx_word' id='word_1_489' title='bbox 3394 759 3715 814; x_wconf 84' lang='grc' dir='ltr'>ἐσκανδαλί-</span> 
     </span>
    </p>
   </div>
   <div class='ocr_carea' id='block_1_71' title="bbox 2138 837 3716 916">
    <p class='ocr_par' dir='ltr' id='par_1_71' title="bbox 2138 837 3716 916">
     <span class='ocr_line' id='line_1_71' title="bbox 2138 837 3716 916; baseline 0.009 -26"><span class='ocrx_word' id='word_1_490' title='bbox 2138 837 2366 908; x_wconf 82' lang='grc' dir='ltr'>σθησαν,</span> <span class='ocrx_word' id='word_1_491' title='bbox 2397 839 2491 892; x_wconf 69' lang='grc' dir='ltr'>καὶ</span> <span class='ocrx_word' id='word_1_492' title='bbox 2537 841 2988 913; x_wconf 85' lang='grc' dir='ltr'>παρανομώτεροι</span> <span class='ocrx_word' id='word_1_493' title='bbox 3023 845 3117 896; x_wconf 81' lang='grc' dir='ltr'>καὶ</span> <span class='ocrx_word' id='word_1_494' title='bbox 3149 845 3473 916; x_wconf 86' lang='grc' dir='ltr'>θρασύτεροι</span> <span class='ocrx_word' id='word_1_495' title='bbox 3514 850 3716 916; x_wconf 76' lang='grc' dir='ltr'>μᾶλλον</span> 
     </span>
    </p>
   </div>
   <div class='ocr_carea' id='block_1_72' title="bbox 2135 926 3710 1002">
    <p class='ocr_par' dir='ltr' id='par_1_72' title="bbox 2135 926 3710 1002">
     <span class='ocr_line' id='line_1_72' title="bbox 2135 926 3710 1002; baseline 0.007 -25"><span class='ocrx_word' id='word_1_496' title='bbox 2135 926 2403 994; x_wconf 86' lang='grc' dir='ltr'>ἐγένοντο,</span> <span class='ocrx_word' id='word_1_497' title='bbox 2432 929 2525 981; x_wconf 75' lang='grc' dir='ltr'>καὶ</span> <span class='ocrx_word' id='word_1_498' title='bbox 2558 930 2846 1000; x_wconf 85' lang='grc' dir='ltr'>παριόντες</span> <span class='ocrx_word' id='word_1_499' title='bbox 2874 931 3198 1000; x_wconf 84' lang='grc' dir='ltr'>ἐκωμῴδουν</span> <span class='ocrx_word' id='word_1_500' title='bbox 3227 933 3411 997; x_wconf 82' lang='grc' dir='ltr'>αὐτὸν,</span> <span class='ocrx_word' id='word_1_501' title='bbox 3441 935 3710 1002; x_wconf 83' lang='grc' dir='ltr'>λέγοντες,</span> 
     </span>
    </p>
   </div>
   <div class='ocr_carea' id='block_1_73' title="bbox 2145 1014 3713 1094">
    <p class='ocr_par' dir='ltr' id='par_1_73' title="bbox 2145 1014 3713 1094">
     <span class='ocr_line' id='line_1_73' title="bbox 2145 1014 3713 1094; baseline 0.006 -26"><span class='ocrx_word' id='word_1_502' title='bbox 2145 1014 2207 1068; x_wconf 90' lang='lat'>&#39;0</span> <span class='ocrx_word' id='word_1_503' title='bbox 2251 1019 2572 1071; x_wconf 82' lang='grc' dir='ltr'>καταλύων</span> <span class='ocrx_word' id='word_1_504' title='bbox 2601 1019 2709 1072; x_wconf 83' lang='grc' dir='ltr'>τὸν</span> <span class='ocrx_word' id='word_1_505' title='bbox 2745 1020 2916 1077; x_wconf 84' lang='grc' dir='ltr'>ναὸν.</span> <span class='ocrx_word' id='word_1_506' title='bbox 2966 1021 3064 1074; x_wconf 79' lang='grc' dir='ltr'>καὶ</span> <span class='ocrx_word' id='word_1_507' title='bbox 3120 1021 3193 1074; x_wconf 83' lang='grc' dir='ltr'>ἐν</span> <span class='ocrx_word' id='word_1_508' title='bbox 3236 1024 3436 1090; x_wconf 79' lang='grc' dir='ltr'>τρισὶν</span> <span class='ocrx_word' id='word_1_509' title='bbox 3468 1024 3713 1094; x_wconf 68' lang='grc' dir='ltr'>ἡμέραις</span> 
     </span>
    </p>
   </div>
   <div class='ocr_carea' id='block_1_74' title="bbox 2129 1104 3711 1172">
    <p class='ocr_par' dir='ltr' id='par_1_74' title="bbox 2129 1104 3711 1172">
     <span class='ocr_line' id='line_1_74' title="bbox 2129 1104 3711 1172; baseline 0.008 -18"><span class='ocrx_word' id='word_1_510' title='bbox 2129 1104 2375 1172; x_wconf 75' lang='grc' dir='ltr'>ἐγείρων</span> <span class='ocrx_word' id='word_1_511' title='bbox 2405 1105 2594 1159; x_wconf 82' lang='grc' dir='ltr'>αὑτὸν</span> <span class='ocrx_word' id='word_1_512' title='bbox 2632 1105 2681 1171; x_wconf 75' lang='grc' dir='ltr'>ά,</span> <span class='ocrx_word' id='word_1_513' title='bbox 2709 1107 2940 1172; x_wconf 75' lang='grc' dir='ltr'>ἄλλους</span> <span class='ocrx_word' id='word_1_514' title='bbox 2961 1108 3218 1172; x_wconf 82' lang='grc' dir='ltr'>ἔσωσεν,</span> <span class='ocrx_word' id='word_1_515' title='bbox 3249 1111 3470 1164; x_wconf 76' lang='grc' dir='ltr'>ἑαυτὸν</span> <span class='ocrx_word' id='word_1_516' title='bbox 3496 1118 3567 1167; x_wconf 86' lang='grc' dir='ltr'>οὺ</span> <span class='ocrx_word' id='word_1_517' title='bbox 3607 1113 3711 1167; x_wconf 77' lang='grc' dir='ltr'>δύ-</span> 
     </span>
    </p>
   </div>
   <div class='ocr_carea' id='block_1_75' title="bbox 2131 1193 3710 1266">
    <p class='ocr_par' dir='ltr' id='par_1_75' title="bbox 2131 1193 3710 1266">
     <span class='ocr_line' id='line_1_75' title="bbox 2131 1193 3710 1266; baseline 0.007 -20"><span class='ocrx_word' id='word_1_518' title='bbox 2131 1209 2304 1248; x_wconf 81' lang='grc' dir='ltr'>ναται</span> <span class='ocrx_word' id='word_1_519' title='bbox 2333 1193 2566 1261; x_wconf 85' lang='grc' dir='ltr'>σῶσαι;</span> <span class='ocrx_word' id='word_1_520' title='bbox 2592 1198 2660 1249; x_wconf 77' lang='lat' dir='ltr'><em>Et</em></span> <span class='ocrx_word' id='word_1_521' title='bbox 2691 1197 2823 1262; x_wconf 78' lang='grc' dir='ltr'>Υἱὸς</span> <span class='ocrx_word' id='word_1_522' title='bbox 2855 1193 2910 1250; x_wconf 81' lang='grc' dir='ltr'>εἷ</span> <span class='ocrx_word' id='word_1_523' title='bbox 2937 1198 3042 1251; x_wconf 80' lang='grc' dir='ltr'>τοῦ</span> <span class='ocrx_word' id='word_1_524' title='bbox 3070 1198 3239 1260; x_wconf 79' lang='grc' dir='ltr'>Θεοῦ,</span> <span class='ocrx_word' id='word_1_525' title='bbox 3267 1200 3551 1266; x_wconf 74' lang='grc' dir='ltr'>κατάϐηθι</span> <span class='ocrx_word' id='word_1_526' title='bbox 3590 1204 3710 1258; x_wconf 78' lang='grc' dir='ltr'>ἀπὸ</span> 
     </span>
    </p>
   </div>
   <div class='ocr_carea' id='block_1_76' title="bbox 2131 1283 3710 1361">
    <p class='ocr_par' dir='ltr' id='par_1_76' title="bbox 2131 1283 3710 1361">
     <span class='ocr_line' id='line_1_76' title="bbox 2131 1283 3710 1361; baseline 0.006 -26"><span class='ocrx_word' id='word_1_527' title='bbox 2131 1283 2238 1336; x_wconf 85' lang='grc' dir='ltr'>τοῦ</span> <span class='ocrx_word' id='word_1_528' title='bbox 2267 1285 2556 1351; x_wconf 84' lang='grc' dir='ltr'>σταυροῦ,</span> <span class='ocrx_word' id='word_1_529' title='bbox 2585 1284 2682 1338; x_wconf 80' lang='grc' dir='ltr'>καὶ</span> <span class='ocrx_word' id='word_1_530' title='bbox 2720 1288 3129 1355; x_wconf 81' lang='grc' dir='ltr'>πιστεύσομεν</span> <span class='ocrx_word' id='word_1_531' title='bbox 3153 1291 3240 1354; x_wconf 79' lang='grc' dir='ltr'>είς</span> <span class='ocrx_word' id='word_1_532' title='bbox 3267 1289 3360 1344; x_wconf 91' lang='grc' dir='ltr'>σέ.</span> <span class='ocrx_word' id='word_1_533' title='bbox 3398 1291 3537 1343; x_wconf 82' lang='grc' dir='ltr'>Ἀλλ’</span> <span class='ocrx_word' id='word_1_534' title='bbox 3559 1293 3710 1361; x_wconf 84' lang='grc' dir='ltr'>ὅμως</span> 
     </span>
    </p>
   </div>
   <div class='ocr_carea' id='block_1_77' title="bbox 2129 1369 3710 1450">
    <p class='ocr_par' dir='ltr' id='par_1_77' title="bbox 2129 1369 3710 1450">
     <span class='ocr_line' id='line_1_77' title="bbox 2129 1369 3710 1450; baseline 0.009 -28"><span class='ocrx_word' id='word_1_535' title='bbox 2129 1371 2228 1423; x_wconf 83' lang='grc' dir='ltr'>οὐκ</span> <span class='ocrx_word' id='word_1_536' title='bbox 2254 1372 2320 1424; x_wconf 83' lang='grc' dir='ltr'>ἂν</span> <span class='ocrx_word' id='word_1_537' title='bbox 2355 1373 2526 1442; x_wconf 80' lang='grc' dir='ltr'>ἔχοιεν</span> <span class='ocrx_word' id='word_1_538' title='bbox 2571 1374 2867 1442; x_wconf 87' lang='grc' dir='ltr'>ἀπολογίαν</span> <span class='ocrx_word' id='word_1_539' title='bbox 2899 1369 3044 1428; x_wconf 80' lang='grc' dir='ltr'>οὗτοι</span> <span class='ocrx_word' id='word_1_540' title='bbox 3095 1377 3182 1429; x_wconf 86' lang='grc' dir='ltr'>διά</span> <span class='ocrx_word' id='word_1_541' title='bbox 3205 1377 3297 1430; x_wconf 83' lang='grc' dir='ltr'>τὸν</span> <span class='ocrx_word' id='word_1_542' title='bbox 3337 1380 3592 1450; x_wconf 87' lang='grc' dir='ltr'>σταυρόν.</span> <span class='ocrx_word' id='word_1_543' title='bbox 3645 1379 3710 1436; x_wconf 78' lang='grc' dir='ltr'>Ὀ</span> 
     </span>
    </p>
   </div>
   <div class='ocr_carea' id='block_1_78' title="bbox 2128 1456 3709 1534">
    <p class='ocr_par' dir='ltr' id='par_1_78' title="bbox 2128 1456 3709 1534">
     <span class='ocr_line' id='line_1_78' title="bbox 2128 1456 3709 1534; baseline 0.009 -27"><span class='ocrx_word' id='word_1_544' title='bbox 2128 1456 2236 1527; x_wconf 83' lang='grc' dir='ltr'>γάρ</span> <span class='ocrx_word' id='word_1_545' title='bbox 2288 1458 2490 1529; x_wconf 79' lang='grc' dir='ltr'>λῃστὴς</span> <span class='ocrx_word' id='word_1_546' title='bbox 2525 1462 2779 1515; x_wconf 85' lang='grc' dir='ltr'>ἁπάντων</span> <span class='ocrx_word' id='word_1_547' title='bbox 2809 1467 3104 1534; x_wconf 87' lang='grc' dir='ltr'>κατηγορεῖ</span> <span class='ocrx_word' id='word_1_548' title='bbox 3146 1466 3255 1518; x_wconf 89' lang='grc' dir='ltr'>τῶν</span> <span class='ocrx_word' id='word_1_549' title='bbox 3283 1467 3560 1524; x_wconf 87' lang='grc' dir='ltr'>τοιούτων.</span> <span class='ocrx_word' id='word_1_550' title='bbox 3599 1471 3709 1523; x_wconf 81' lang='grc' dir='ltr'>Καὶ</span> 
     </span>
    </p>
   </div>
   <div class='ocr_carea' id='block_1_79' title="bbox 2129 1546 3709 1629">
    <p class='ocr_par' dir='ltr' id='par_1_79' title="bbox 2129 1546 3709 1629">
     <span class='ocr_line' id='line_1_79' title="bbox 2129 1546 3709 1629; baseline 0.011 -33"><span class='ocrx_word' id='word_1_551' title='bbox 2129 1546 2237 1616; x_wconf 84' lang='grc' dir='ltr'>γάρ</span> <span class='ocrx_word' id='word_1_552' title='bbox 2257 1548 2349 1600; x_wconf 75' lang='grc' dir='ltr'>καὶ</span> <span class='ocrx_word' id='word_1_553' title='bbox 2371 1550 2576 1612; x_wconf 87' lang='grc' dir='ltr'>ἐκεῖνος</span> <span class='ocrx_word' id='word_1_554' title='bbox 2607 1552 3018 1623; x_wconf 86' lang='grc' dir='ltr'>ἐσταυρωμένον</span> <span class='ocrx_word' id='word_1_555' title='bbox 3035 1553 3171 1608; x_wconf 76' lang='grc' dir='ltr'>εἶδεν</span> <span class='ocrx_word' id='word_1_556' title='bbox 3194 1555 3324 1622; x_wconf 78' lang='grc' dir='ltr'>ἄνω,</span> <span class='ocrx_word' id='word_1_557' title='bbox 3344 1558 3438 1611; x_wconf 77' lang='grc' dir='ltr'>καὶ</span> <span class='ocrx_word' id='word_1_558' title='bbox 3459 1560 3518 1610; x_wconf 87' lang='grc' dir='ltr'>ού</span> <span class='ocrx_word' id='word_1_559' title='bbox 3545 1561 3709 1629; x_wconf 88' lang='grc' dir='ltr'>μόνον</span> 
     </span>
    </p>
   </div>
   <div class='ocr_carea' id='block_1_80' title="bbox 2127 1635 3709 1715">
    <p class='ocr_par' dir='ltr' id='par_1_80' title="bbox 2127 1635 3709 1715">
     <span class='ocr_line' id='line_1_80' title="bbox 2127 1635 3709 1715; baseline 0.01 -30"><span class='ocrx_word' id='word_1_560' title='bbox 2127 1635 2226 1687; x_wconf 78' lang='grc' dir='ltr'>οὐκ</span> <span class='ocrx_word' id='word_1_561' title='bbox 2259 1636 2668 1708; x_wconf 85' lang='grc' dir='ltr'>ἐσκανδαλίσθη,</span> <span class='ocrx_word' id='word_1_562' title='bbox 2700 1640 2835 1694; x_wconf 85' lang='grc' dir='ltr'>ἀλλά</span> <span class='ocrx_word' id='word_1_563' title='bbox 2864 1643 2958 1694; x_wconf 73' lang='grc' dir='ltr'>καὶ</span> <span class='ocrx_word' id='word_1_564' title='bbox 2986 1643 3235 1697; x_wconf 86' lang='grc' dir='ltr'>ἐντεῦθεν</span> <span class='ocrx_word' id='word_1_565' title='bbox 3266 1646 3488 1715; x_wconf 78' lang='grc' dir='ltr'>μείζονα</span> <span class='ocrx_word' id='word_1_566' title='bbox 3512 1649 3709 1702; x_wconf 83' lang='grc' dir='ltr'>ὑπόθε-</span> 
     </span>
    </p>
   </div>
   <div class='ocr_carea' id='block_1_81' title="bbox 2129 1723 3709 1808">
    <p class='ocr_par' dir='ltr' id='par_1_81' title="bbox 2129 1723 3709 1808">
     <span class='ocr_line' id='line_1_81' title="bbox 2129 1723 3709 1808; baseline 0.011 -35"><span class='ocrx_word' id='word_1_567' title='bbox 2129 1739 2212 1776; x_wconf 91' lang='grc' dir='ltr'>σιν</span> <span class='ocrx_word' id='word_1_568' title='bbox 2239 1723 2287 1775; x_wconf 78' lang='grc' dir='ltr'>ἐ)</span> <span class='ocrx_word' id='word_1_569' title='bbox 2299 1725 2428 1779; x_wconf 87' lang='grc' dir='ltr'>αϐεν</span> <span class='ocrx_word' id='word_1_570' title='bbox 2461 1727 2540 1789; x_wconf 83' lang='grc' dir='ltr'>είς</span> <span class='ocrx_word' id='word_1_571' title='bbox 2567 1726 2626 1778; x_wconf 85' lang='grc' dir='ltr'>τὸ</span> <span class='ocrx_word' id='word_1_572' title='bbox 2660 1726 3036 1800; x_wconf 78' lang='grc' dir='ltr'>φιλοσοφῆσαι,</span> <span class='ocrx_word' id='word_1_573' title='bbox 3061 1734 3154 1786; x_wconf 71' lang='grc' dir='ltr'>καὶ</span> <span class='ocrx_word' id='word_1_574' title='bbox 3176 1735 3350 1788; x_wconf 87' lang='grc' dir='ltr'>πάντα</span> <span class='ocrx_word' id='word_1_575' title='bbox 3375 1737 3618 1808; x_wconf 82' lang='grc' dir='ltr'>ὑπερϐάς</span> <span class='ocrx_word' id='word_1_576' title='bbox 3637 1740 3709 1793; x_wconf 83' lang='grc' dir='ltr'>τά</span> 
     </span>
    </p>
   </div>
   <div class='ocr_carea' id='block_1_82' title="bbox 2127 1811 3704 1895">
    <p class='ocr_par' dir='ltr' id='par_1_82' title="bbox 2127 1811 3704 1895">
     <span class='ocr_line' id='line_1_82' title="bbox 2127 1811 3704 1895; baseline 0.012 -31"><span class='ocrx_word' id='word_1_577' title='bbox 2127 1811 2460 1884; x_wconf 85' lang='grc' dir='ltr'>ἀνθρώπινα,</span> <span class='ocrx_word' id='word_1_578' title='bbox 2494 1815 2587 1868; x_wconf 73' lang='grc' dir='ltr'>καὶ</span> <span class='ocrx_word' id='word_1_579' title='bbox 2615 1815 2692 1884; x_wconf 83' lang='grc' dir='ltr'>τῷ</span> <span class='ocrx_word' id='word_1_580' title='bbox 2740 1818 2924 1888; x_wconf 87' lang='grc' dir='ltr'>πτερῴ</span> <span class='ocrx_word' id='word_1_581' title='bbox 2953 1820 3051 1890; x_wconf 79' lang='grc' dir='ltr'>τῆς</span> <span class='ocrx_word' id='word_1_582' title='bbox 3083 1822 3318 1888; x_wconf 87' lang='grc' dir='ltr'>πίστεως</span> <span class='ocrx_word' id='word_1_583' title='bbox 3352 1829 3668 1895; x_wconf 72' lang='grc' dir='ltr'>κουφισθεὶς</span> <span class='ocrx_word' id='word_1_584' title='bbox 3689 1871 3704 1894; x_wconf 90' lang='grc'>,</span> 
     </span>
    </p>
   </div>
   <div class='ocr_carea' id='block_1_83' title="bbox 2127 1901 3707 1985">
    <p class='ocr_par' dir='ltr' id='par_1_83' title="bbox 2127 1901 3707 1985">
     <span class='ocr_line' id='line_1_83' title="bbox 2127 1901 3707 1985; baseline 0.013 -33"><span class='ocrx_word' id='word_1_585' title='bbox 2127 1902 2254 1972; x_wconf 78' lang='grc' dir='ltr'>περὶ</span> <span class='ocrx_word' id='word_1_586' title='bbox 2282 1901 2389 1954; x_wconf 83' lang='grc' dir='ltr'>τῶν</span> <span class='ocrx_word' id='word_1_587' title='bbox 2429 1903 2729 1974; x_wconf 86' lang='grc' dir='ltr'>μελλόντων</span> <span class='ocrx_word' id='word_1_588' title='bbox 2760 1906 3089 1978; x_wconf 81' lang='grc' dir='ltr'>ἐφιλοσόφει.</span> <span class='ocrx_word' id='word_1_589' title='bbox 3135 1911 3308 1982; x_wconf 88' lang='grc' dir='ltr'>Ὁρῶν</span> <span class='ocrx_word' id='word_1_590' title='bbox 3344 1914 3452 1985; x_wconf 80' lang='grc' dir='ltr'>γὰρ</span> <span class='ocrx_word' id='word_1_591' title='bbox 3479 1918 3707 1972; x_wconf 82' lang='grc' dir='ltr'>ἀνεσκο-</span> 
     </span>
    </p>
   </div>
   <div class='ocr_carea' id='block_1_84' title="bbox 2125 1989 3706 2079">
    <p class='ocr_par' dir='ltr' id='par_1_84' title="bbox 2125 1989 3706 2079">
     <span class='ocr_line' id='line_1_84' title="bbox 2125 1989 3706 2079; baseline 0.013 -37"><span class='ocrx_word' id='word_1_592' title='bbox 2125 1989 2480 2060; x_wconf 84' lang='grc' dir='ltr'>λοπισμένον,</span> <span class='ocrx_word' id='word_1_593' title='bbox 2545 1997 3056 2067; x_wconf 86' lang='grc' dir='ltr'>μεμαστιγωμένον,</span> <span class='ocrx_word' id='word_1_594' title='bbox 3114 1999 3488 2072; x_wconf 83' lang='grc' dir='ltr'>ὑϐριζόμενον,</span> <span class='ocrx_word' id='word_1_595' title='bbox 3540 2009 3706 2079; x_wconf 77' lang='grc' dir='ltr'>χολὴν</span> 
     </span>
    </p>
   </div>
   <div class='ocr_carea' id='block_1_85' title="bbox 2127 2077 3707 2163">
    <p class='ocr_par' dir='ltr' id='par_1_85' title="bbox 2127 2077 3707 2163">
     <span class='ocr_line' id='line_1_85' title="bbox 2127 2077 3707 2163; baseline 0.011 -33"><span class='ocrx_word' id='word_1_596' title='bbox 2127 2077 2498 2149; x_wconf 78' lang='grc' dir='ltr'>ποτιζόμενον,</span> <span class='ocrx_word' id='word_1_597' title='bbox 2517 2082 2913 2153; x_wconf 86' lang='grc' dir='ltr'>ἐμπτυόμενον,</span> <span class='ocrx_word' id='word_1_598' title='bbox 2933 2085 3036 2136; x_wconf 80' lang='grc' dir='ltr'>ὑπὸ</span> <span class='ocrx_word' id='word_1_599' title='bbox 3055 2086 3224 2156; x_wconf 80' lang='grc' dir='ltr'>δήμου</span> <span class='ocrx_word' id='word_1_600' title='bbox 3244 2090 3497 2144; x_wconf 88' lang='grc' dir='ltr'>τοσούτου</span> <span class='ocrx_word' id='word_1_601' title='bbox 3511 2094 3707 2163; x_wconf 86' lang='grc' dir='ltr'>χλευα-</span> 
     </span>
    </p>
   </div>
   <div class='ocr_carea' id='block_1_86' title="bbox 2125 2161 3706 2250">
    <p class='ocr_par' dir='ltr' id='par_1_86' title="bbox 2125 2161 3706 2250">
     <span class='ocr_line' id='line_1_86' title="bbox 2125 2161 3706 2250; baseline 0.015 -36"><span class='ocrx_word' id='word_1_602' title='bbox 2125 2161 2370 2233; x_wconf 80' lang='grc' dir='ltr'>ζόμενον,</span> <span class='ocrx_word' id='word_1_603' title='bbox 2429 2165 2535 2218; x_wconf 77' lang='grc' dir='ltr'>ὑπὸ</span> <span class='ocrx_word' id='word_1_604' title='bbox 2582 2167 2932 2241; x_wconf 85' lang='grc' dir='ltr'>δικαστηρίου</span> <span class='ocrx_word' id='word_1_605' title='bbox 2985 2175 3404 2246; x_wconf 85' lang='grc' dir='ltr'>κατακριθέντα,</span> <span class='ocrx_word' id='word_1_606' title='bbox 3453 2181 3550 2250; x_wconf 74' lang='grc' dir='ltr'>τὴν</span> <span class='ocrx_word' id='word_1_607' title='bbox 3609 2185 3706 2237; x_wconf 77' lang='grc' dir='ltr'>ἐπὶ</span> 
     </span>
    </p>
   </div>
   <div class='ocr_carea' id='block_1_87' title="bbox 2125 2251 3700 2344">
    <p class='ocr_par' dir='ltr' id='par_1_87' title="bbox 2125 2251 3700 2344">
     <span class='ocr_line' id='line_1_87' title="bbox 2125 2251 3700 2344; baseline 0.014 -40"><span class='ocrx_word' id='word_1_608' title='bbox 2125 2251 2350 2306; x_wconf 87' lang='grc' dir='ltr'>θάνατον</span> <span class='ocrx_word' id='word_1_609' title='bbox 2405 2255 2737 2325; x_wconf 82' lang='grc' dir='ltr'>ἀπαχθέντα,</span> <span class='ocrx_word' id='word_1_610' title='bbox 2790 2259 2964 2314; x_wconf 73' lang='grc' dir='ltr'>ούδενὶ</span> <span class='ocrx_word' id='word_1_611' title='bbox 3014 2263 3219 2318; x_wconf 83' lang='grc' dir='ltr'>τούτων</span> <span class='ocrx_word' id='word_1_612' title='bbox 3283 2269 3700 2344; x_wconf 80' lang='grc' dir='ltr'>ἐσκανδαλίσθη-</span> 
     </span>
    </p>
   </div>
   <div class='ocr_carea' id='block_1_88' title="bbox 2121 2339 3701 2423">
    <p class='ocr_par' dir='ltr' id='par_1_88' title="bbox 2121 2339 3701 2423">
     <span class='ocr_line' id='line_1_88' title="bbox 2121 2339 3701 2423; baseline 0.015 -31"><span class='ocrx_word' id='word_1_613' title='bbox 2121 2339 2236 2392; x_wconf 84' lang='grc' dir='ltr'>ἁλλ’</span> <span class='ocrx_word' id='word_1_614' title='bbox 2270 2341 2410 2411; x_wconf 84' lang='grc' dir='ltr'>ὁρῶν</span> <span class='ocrx_word' id='word_1_615' title='bbox 2449 2345 2680 2414; x_wconf 78' lang='grc' dir='ltr'>σταυρὸν</span> <span class='ocrx_word' id='word_1_616' title='bbox 2714 2347 2804 2399; x_wconf 75' lang='grc' dir='ltr'>καὶ</span> <span class='ocrx_word' id='word_1_617' title='bbox 2837 2348 2998 2418; x_wconf 74' lang='grc' dir='ltr'>ἥλους</span> <span class='ocrx_word' id='word_1_618' title='bbox 3033 2353 3442 2423; x_wconf 79' lang='grc' dir='ltr'>ἐμπεπηγότας,</span> <span class='ocrx_word' id='word_1_619' title='bbox 3469 2361 3560 2412; x_wconf 74' lang='grc' dir='ltr'>καὶ</span> <span class='ocrx_word' id='word_1_620' title='bbox 3581 2377 3701 2414; x_wconf 66' lang='grc' dir='ltr'>κως</span> 
     </span>
    </p>
   </div>
   <div class='ocr_carea' id='block_1_89' title="bbox 2125 2430 3702 2517">
    <p class='ocr_par' dir='ltr' id='par_1_89' title="bbox 2125 2430 3702 2517">
     <span class='ocr_line' id='line_1_89' title="bbox 2125 2430 3702 2517; baseline 0.016 -38"><span class='ocrx_word' id='word_1_621' title='bbox 2125 2430 2328 2500; x_wconf 82' lang='grc' dir='ltr'>μῳδίαν</span> <span class='ocrx_word' id='word_1_622' title='bbox 2367 2431 2636 2505; x_wconf 84' lang='grc' dir='ltr'>τοσαύτην</span> <span class='ocrx_word' id='word_1_623' title='bbox 2686 2437 2973 2507; x_wconf 83' lang='grc' dir='ltr'>γινομένην</span> <span class='ocrx_word' id='word_1_624' title='bbox 3028 2440 3134 2495; x_wconf 76' lang='grc' dir='ltr'>ὑπὸ</span> <span class='ocrx_word' id='word_1_625' title='bbox 3191 2443 3282 2496; x_wconf 87' lang='grc' dir='ltr'>τοῦ</span> <span class='ocrx_word' id='word_1_626' title='bbox 3338 2445 3572 2517; x_wconf 70' lang='grc' dir='ltr'>πλήθους</span> <span class='ocrx_word' id='word_1_627' title='bbox 3607 2449 3702 2504; x_wconf 77' lang='grc' dir='ltr'>τοῦ</span> 
     </span>
    </p>
   </div>
   <div class='ocr_carea' id='block_1_90' title="bbox 2120 2514 3700 2605">
    <p class='ocr_par' dir='ltr' id='par_1_90' title="bbox 2120 2514 3700 2605">
     <span class='ocr_line' id='line_1_90' title="bbox 2120 2514 3700 2605; baseline 0.015 -38"><span class='ocrx_word' id='word_1_628' title='bbox 2120 2514 2541 2589; x_wconf 87' lang='grc' dir='ltr'>διεφθαρμένου,</span> <span class='ocrx_word' id='word_1_629' title='bbox 2580 2521 2678 2592; x_wconf 80' lang='grc' dir='ltr'>τὴν</span> <span class='ocrx_word' id='word_1_630' title='bbox 2707 2524 2872 2594; x_wconf 76' lang='grc' dir='ltr'>ὀρθὴν</span> <span class='ocrx_word' id='word_1_631' title='bbox 2903 2527 3018 2579; x_wconf 79' lang='grc' dir='ltr'>ὁδὸν</span> <span class='ocrx_word' id='word_1_632' title='bbox 3049 2530 3211 2594; x_wconf 76' lang='grc' dir='ltr'>αὐτὸς</span> <span class='ocrx_word' id='word_1_633' title='bbox 3252 2514 3464 2586; x_wconf 77' lang='grc' dir='ltr'>ἐϐάδισε</span> <span class='ocrx_word' id='word_1_634' title='bbox 3490 2535 3664 2604; x_wconf 87' lang='grc' dir='ltr'>λέγων</span> <span class='ocrx_word' id='word_1_635' title='bbox 3685 2581 3700 2605; x_wconf 91' lang='grc'>,</span> 
     </span>
    </p>
   </div>
   <div class='ocr_carea' id='block_1_91' title="bbox 2118 2602 3701 2696">
    <p class='ocr_par' dir='ltr' id='par_1_91' title="bbox 2118 2602 3701 2696">
     <span class='ocr_line' id='line_1_91' title="bbox 2118 2602 3701 2696; baseline 0.015 -41"><span class='ocrx_word' id='word_1_636' title='bbox 2118 2602 2440 2674; x_wconf 85' lang='grc' dir='ltr'>Μν-ήσθητί</span> <span class='ocrx_word' id='word_1_637' title='bbox 2457 2626 2579 2677; x_wconf 78' lang='grc' dir='ltr'>μου</span> <span class='ocrx_word' id='word_1_638' title='bbox 2608 2611 2678 2662; x_wconf 85' lang='grc' dir='ltr'>ἐν</span> <span class='ocrx_word' id='word_1_639' title='bbox 2696 2611 2772 2680; x_wconf 77' lang='grc' dir='ltr'>τῇ</span> <span class='ocrx_word' id='word_1_640' title='bbox 2794 2613 3088 2684; x_wconf 78' lang='grc' dir='ltr'>,ϐασιλείᾳ</span> <span class='ocrx_word' id='word_1_641' title='bbox 3110 2633 3248 2671; x_wconf 88' lang='grc' dir='ltr'>σου·</span> <span class='ocrx_word' id='word_1_642' title='bbox 3278 2621 3373 2674; x_wconf 80' lang='grc' dir='ltr'>καὶ</span> <span class='ocrx_word' id='word_1_643' title='bbox 3405 2623 3496 2675; x_wconf 82' lang='grc' dir='ltr'>τὸν</span> <span class='ocrx_word' id='word_1_644' title='bbox 3527 2602 3701 2696; x_wconf 43' lang='grc' dir='ltr'>κοίτηὲ</span> 
     </span>
    </p>
   </div>
   <div class='ocr_carea' id='block_1_92' title="bbox 2119 2692 3703 2782">
    <p class='ocr_par' dir='ltr' id='par_1_92' title="bbox 2119 2692 3703 2782">
     <span class='ocr_line' id='line_1_92' title="bbox 2119 2692 3703 2782; baseline 0.016 -39"><span class='ocrx_word' id='word_1_645' title='bbox 2119 2692 2386 2762; x_wconf 88' lang='grc' dir='ltr'>γοροῦντα</span> <span class='ocrx_word' id='word_1_646' title='bbox 2410 2697 2753 2768; x_wconf 83' lang='grc' dir='ltr'>ἐπεστόμιζε,</span> <span class='ocrx_word' id='word_1_647' title='bbox 2777 2703 2869 2754; x_wconf 80' lang='grc' dir='ltr'>καὶ</span> <span class='ocrx_word' id='word_1_648' title='bbox 2889 2703 2954 2756; x_wconf 80' lang='grc' dir='ltr'>τά</span> <span class='ocrx_word' id='word_1_649' title='bbox 2975 2707 3148 2757; x_wconf 84' lang='grc' dir='ltr'>οἰκεῖα</span> <span class='ocrx_word' id='word_1_650' title='bbox 3175 2708 3544 2782; x_wconf 77' lang='grc' dir='ltr'>ἁμαρτήματα</span> <span class='ocrx_word' id='word_1_651' title='bbox 3565 2714 3703 2779; x_wconf 83' lang='grc' dir='ltr'>ἐξω-</span> 
     </span>
    </p>
   </div>
   <div class='ocr_carea' id='block_1_93' title="bbox 2121 2784 3702 2866">
    <p class='ocr_par' dir='ltr' id='par_1_93' title="bbox 2121 2784 3702 2866">
     <span class='ocr_line' id='line_1_93' title="bbox 2121 2784 3702 2866; baseline 0.016 -32"><span class='ocrx_word' id='word_1_652' title='bbox 2121 2784 2418 2852; x_wconf 85' lang='grc' dir='ltr'>μολογεῖτο,</span> <span class='ocrx_word' id='word_1_653' title='bbox 2439 2788 2532 2840; x_wconf 71' lang='grc' dir='ltr'>καὶ</span> <span class='ocrx_word' id='word_1_654' title='bbox 2557 2806 2622 2840; x_wconf 89' lang='grc' dir='ltr'>πε</span> <span class='ocrx_word' id='word_1_655' title='bbox 2631 2791 2683 2859; x_wconf 74' lang='grc' dir='ltr'>ρὶ</span> <span class='ocrx_word' id='word_1_656' title='bbox 2703 2791 3050 2857; x_wconf 83' lang='grc' dir='ltr'>ἀναστάσεως</span> <span class='ocrx_word' id='word_1_657' title='bbox 3067 2797 3394 2866; x_wconf 78' lang='grc' dir='ltr'>ἐφιλοσόφει’</span> <span class='ocrx_word' id='word_1_658' title='bbox 3413 2803 3503 2854; x_wconf 72' lang='grc' dir='ltr'>καὶ</span> <span class='ocrx_word' id='word_1_659' title='bbox 3524 2805 3702 2859; x_wconf 86' lang='grc' dir='ltr'>ταῦτα</span> 
     </span>
    </p>
   </div>
   <div class='ocr_carea' id='block_1_94' title="bbox 2115 2875 3703 2966">
    <p class='ocr_par' dir='ltr' id='par_1_94' title="bbox 2115 2875 3703 2966">
     <span class='ocr_line' id='line_1_94' title="bbox 2115 2875 3703 2966; baseline 0.014 -41"><span class='ocrx_word' id='word_1_660' title='bbox 2115 2875 2176 2926; x_wconf 88' lang='grc' dir='ltr'>ού</span> <span class='ocrx_word' id='word_1_661' title='bbox 2201 2877 2426 2946; x_wconf 75' lang='grc' dir='ltr'>νεκροὺς</span> <span class='ocrx_word' id='word_1_662' title='bbox 2455 2876 2574 2930; x_wconf 84' lang='grc' dir='ltr'>ἰδὼν</span> <span class='ocrx_word' id='word_1_663' title='bbox 2592 2880 2992 2950; x_wconf 86' lang='grc' dir='ltr'>ἐγειρομένους,</span> <span class='ocrx_word' id='word_1_664' title='bbox 3023 2886 3083 2937; x_wconf 84' lang='grc' dir='ltr'>οὐ</span> <span class='ocrx_word' id='word_1_665' title='bbox 3105 2886 3338 2958; x_wconf 75' lang='grc' dir='ltr'>λεπροὺς</span> <span class='ocrx_word' id='word_1_666' title='bbox 3367 2891 3703 2966; x_wconf 86' lang='grc' dir='ltr'>καθαιρομέ-</span> 
     </span>
    </p>
   </div>
   <div class='ocr_carea' id='block_1_95' title="bbox 2116 2966 3698 3052">
    <p class='ocr_par' dir='ltr' id='par_1_95' title="bbox 2116 2966 3698 3052">
     <span class='ocr_line' id='line_1_95' title="bbox 2116 2966 3698 3052; baseline 0.015 -37"><span class='ocrx_word' id='word_1_667' title='bbox 2116 2980 2258 3029; x_wconf 92' lang='grc' dir='ltr'>νους,</span> <span class='ocrx_word' id='word_1_668' title='bbox 2295 2966 2356 3018; x_wconf 80' lang='grc' dir='ltr'>οὐ</span> <span class='ocrx_word' id='word_1_669' title='bbox 2395 2968 2600 3037; x_wconf 77' lang='grc' dir='ltr'>χωλοὺς</span> <span class='ocrx_word' id='word_1_670' title='bbox 2624 2971 3056 3042; x_wconf 84' lang='grc' dir='ltr'>διορθουμένους,</span> <span class='ocrx_word' id='word_1_671' title='bbox 3076 2976 3134 3028; x_wconf 84' lang='grc' dir='ltr'>ού</span> <span class='ocrx_word' id='word_1_672' title='bbox 3159 2978 3429 3033; x_wconf 83' lang='grc' dir='ltr'>θάλατταν</span> <span class='ocrx_word' id='word_1_673' title='bbox 3445 2983 3698 3052; x_wconf 84' lang='grc' dir='ltr'>χαλινου-</span> 
     </span>
    </p>
   </div>
   <div class='ocr_carea' id='block_1_96' title="bbox 2119 3051 3690 3143">
    <p class='ocr_par' dir='ltr' id='par_1_96' title="bbox 2119 3051 3690 3143">
     <span class='ocr_line' id='line_1_96' title="bbox 2119 3051 3690 3143; baseline 0.016 -40"><span class='ocrx_word' id='word_1_674' title='bbox 2119 3051 2307 3123; x_wconf 86' lang='grc' dir='ltr'>μένην,</span> <span class='ocrx_word' id='word_1_675' title='bbox 2336 3055 2396 3107; x_wconf 83' lang='grc' dir='ltr'>ού</span> <span class='ocrx_word' id='word_1_676' title='bbox 2425 3055 2686 3126; x_wconf 88' lang='grc' dir='ltr'>δαίμονας</span> <span class='ocrx_word' id='word_1_677' title='bbox 2707 3060 3117 3131; x_wconf 85' lang='grc' dir='ltr'>ἐλαυνομένους,</span> <span class='ocrx_word' id='word_1_678' title='bbox 3155 3067 3254 3120; x_wconf 84' lang='grc' dir='ltr'>ούκ</span> <span class='ocrx_word' id='word_1_679' title='bbox 3279 3068 3477 3138; x_wconf 78' lang='grc' dir='ltr'>ἄρτους</span> <span class='ocrx_word' id='word_1_680' title='bbox 3513 3077 3690 3143; x_wconf 80' lang='grc' dir='ltr'>πηγά-</span> 
     </span>
    </p>
   </div>
   <div class='ocr_carea' id='block_1_97' title="bbox 2115 3139 3698 3227">
    <p class='ocr_par' dir='ltr' id='par_1_97' title="bbox 2115 3139 3698 3227">
     <span class='ocr_line' id='line_1_97' title="bbox 2115 3139 3698 3227; baseline 0.015 -36"><span class='ocrx_word' id='word_1_681' title='bbox 2115 3139 2326 3205; x_wconf 82' lang='grc' dir='ltr'>ζοντας,</span> <span class='ocrx_word' id='word_1_682' title='bbox 2350 3143 2410 3195; x_wconf 86' lang='grc' dir='ltr'>ού</span> <span class='ocrx_word' id='word_1_683' title='bbox 2431 3145 2500 3198; x_wconf 81' lang='grc' dir='ltr'>τὰ</span> <span class='ocrx_word' id='word_1_684' title='bbox 2521 3146 2673 3212; x_wconf 78' lang='grc' dir='ltr'>ἄλλα,</span> <span class='ocrx_word' id='word_1_685' title='bbox 2712 3149 2856 3220; x_wconf 78' lang='grc' dir='ltr'>ἅπερ</span> <span class='ocrx_word' id='word_1_686' title='bbox 2910 3151 3174 3227; x_wconf 81' lang='grc' dir='ltr'>ἐθεάσατο</span> <span class='ocrx_word' id='word_1_687' title='bbox 3202 3155 3311 3208; x_wconf 88' lang='grc' dir='ltr'>τῶν</span> <span class='ocrx_word' id='word_1_688' title='bbox 3361 3139 3630 3213; x_wconf 81' lang='grc' dir='ltr'>Ἰουδαίων</span> <span class='ocrx_word' id='word_1_689' title='bbox 3668 3164 3698 3215; x_wconf 88' lang='lat'>6</span> 
     </span>
    </p>
   </div>
   <div class='ocr_carea' id='block_1_98' title="bbox 2112 3229 3697 3319">
    <p class='ocr_par' dir='ltr' id='par_1_98' title="bbox 2112 3229 3697 3319">
     <span class='ocr_line' id='line_1_98' title="bbox 2112 3229 3697 3319; baseline 0.015 -40"><span class='ocrx_word' id='word_1_690' title='bbox 2112 3229 2305 3299; x_wconf 84' lang='grc' dir='ltr'>δῆμος,</span> <span class='ocrx_word' id='word_1_691' title='bbox 2338 3232 2431 3283; x_wconf 77' lang='grc' dir='ltr'>καὶ</span> <span class='ocrx_word' id='word_1_692' title='bbox 2465 3231 2801 3304; x_wconf 83' lang='grc' dir='ltr'>θεασάμενος</span> <span class='ocrx_word' id='word_1_693' title='bbox 2842 3239 3206 3310; x_wconf 85' lang='grc' dir='ltr'>ἐσταύρωσεν.</span> <span class='ocrx_word' id='word_1_694' title='bbox 3255 3245 3394 3297; x_wconf 83' lang='grc' dir='ltr'>Ἀλλ’</span> <span class='ocrx_word' id='word_1_695' title='bbox 3414 3241 3568 3312; x_wconf 72' lang='grc' dir='ltr'>οὗτος</span> <span class='ocrx_word' id='word_1_696' title='bbox 3596 3250 3697 3319; x_wconf 83' lang='grc' dir='ltr'>μὲν</span> 
     </span>
    </p>
   </div>
   <div class='ocr_carea' id='block_1_99' title="bbox 2114 3317 3699 3402">
    <p class='ocr_par' dir='ltr' id='par_1_99' title="bbox 2114 3317 3699 3402">
     <span class='ocr_line' id='line_1_99' title="bbox 2114 3317 3699 3402; baseline 0.015 -34"><span class='ocrx_word' id='word_1_697' title='bbox 2114 3317 2639 3390; x_wconf 85' lang='grc' dir='ltr'>ἀνεσκολοπισμένον</span> <span class='ocrx_word' id='word_1_698' title='bbox 2699 3324 2822 3378; x_wconf 83' lang='grc' dir='ltr'>ἰδὼν</span> <span class='ocrx_word' id='word_1_699' title='bbox 2869 3327 2963 3381; x_wconf 78' lang='grc' dir='ltr'>καὶ</span> <span class='ocrx_word' id='word_1_700' title='bbox 3018 3328 3336 3402; x_wconf 85' lang='grc' dir='ltr'>ὡμολόγησε</span> <span class='ocrx_word' id='word_1_701' title='bbox 3391 3334 3544 3400; x_wconf 81' lang='grc' dir='ltr'>Θεὸν,</span> <span class='ocrx_word' id='word_1_702' title='bbox 3597 3317 3699 3390; x_wconf 74' lang='grc' dir='ltr'>καὶ</span> 
     </span>
    </p>
   </div>
   <div class='ocr_carea' id='block_1_100' title="bbox 2115 3405 3698 3492">
    <p class='ocr_par' dir='ltr' id='par_1_100' title="bbox 2115 3405 3698 3492">
     <span class='ocr_line' id='line_1_100' title="bbox 2115 3405 3698 3492; baseline 0.014 -35"><span class='ocrx_word' id='word_1_703' title='bbox 2115 3405 2396 3475; x_wconf 87' lang='grc' dir='ltr'>βασιλείας</span> <span class='ocrx_word' id='word_1_704' title='bbox 2452 3410 2849 3480; x_wconf 84' lang='grc' dir='ltr'>ἐμνημόνευσε,</span> <span class='ocrx_word' id='word_1_705' title='bbox 2912 3416 3006 3469; x_wconf 82' lang='grc' dir='ltr'>καὶ</span> <span class='ocrx_word' id='word_1_706' title='bbox 3065 3419 3192 3489; x_wconf 73' lang='grc' dir='ltr'>περὶ</span> <span class='ocrx_word' id='word_1_707' title='bbox 3246 3421 3355 3475; x_wconf 85' lang='grc' dir='ltr'>τῶν</span> <span class='ocrx_word' id='word_1_708' title='bbox 3391 3423 3698 3492; x_wconf 84' lang='grc' dir='ltr'>μελλόντων</span> 
     </span>
    </p>
   </div>
   <div class='ocr_carea' id='block_1_101' title="bbox 2111 3493 3697 3582">
    <p class='ocr_par' dir='ltr' id='par_1_101' title="bbox 2111 3493 3697 3582">
     <span class='ocr_line' id='line_1_101' title="bbox 2111 3493 3697 3582; baseline 0.015 -38"><span class='ocrx_word' id='word_1_709' title='bbox 2111 3493 2526 3566; x_wconf 79' lang='grc' dir='ltr'>ἐφιλοσόφησεν·</span> <span class='ocrx_word' id='word_1_710' title='bbox 2563 3499 2762 3552; x_wconf 83' lang='grc' dir='ltr'>ἐκεῖνοι</span> <span class='ocrx_word' id='word_1_711' title='bbox 2791 3500 2846 3553; x_wconf 80' lang='grc' dir='ltr'>δὲ</span> <span class='ocrx_word' id='word_1_712' title='bbox 2875 3501 3397 3577; x_wconf 87' lang='grc' dir='ltr'>θαυματουργοῦντα</span> <span class='ocrx_word' id='word_1_713' title='bbox 3423 3511 3697 3582; x_wconf 76' lang='grc' dir='ltr'>Θεασάμε-</span> 
     </span>
    </p>
   </div>
   <div class='ocr_carea' id='block_1_102' title="bbox 2113 3584 3695 3671">
    <p class='ocr_par' dir='ltr' id='par_1_102' title="bbox 2113 3584 3695 3671">
     <span class='ocr_line' id='line_1_102' title="bbox 2113 3584 3695 3671; baseline 0.015 -37"><span class='ocrx_word' id='word_1_714' title='bbox 2113 3599 2213 3644; x_wconf 92' lang='grc' dir='ltr'>νοι,</span> <span class='ocrx_word' id='word_1_715' title='bbox 2271 3584 2365 3636; x_wconf 81' lang='grc' dir='ltr'>καὶ</span> <span class='ocrx_word' id='word_1_716' title='bbox 2422 3585 2523 3654; x_wconf 84' lang='grc' dir='ltr'>τῆς</span> <span class='ocrx_word' id='word_1_717' title='bbox 2576 3587 2663 3640; x_wconf 87' lang='grc' dir='ltr'>διά</span> <span class='ocrx_word' id='word_1_718' title='bbox 2701 3587 2896 3656; x_wconf 86' lang='grc' dir='ltr'>λόγων,</span> <span class='ocrx_word' id='word_1_719' title='bbox 2937 3593 3032 3646; x_wconf 81' lang='grc' dir='ltr'>καὶ</span> <span class='ocrx_word' id='word_1_720' title='bbox 3065 3597 3164 3663; x_wconf 84' lang='grc' dir='ltr'>τῆς</span> <span class='ocrx_word' id='word_1_721' title='bbox 3213 3597 3300 3651; x_wconf 85' lang='grc' dir='ltr'>διά</span> <span class='ocrx_word' id='word_1_722' title='bbox 3348 3603 3695 3671; x_wconf 80' lang='grc' dir='ltr'>πραγμάτων</span> 
     </span>
    </p>
   </div>
   <div class='ocr_carea' id='block_1_103' title="bbox 2113 3669 3691 3754">
    <p class='ocr_par' dir='ltr' id='par_1_103' title="bbox 2113 3669 3691 3754">
     <span class='ocr_line' id='line_1_103' title="bbox 2113 3669 3691 3754; baseline 0.015 -32"><span class='ocrx_word' id='word_1_723' title='bbox 2113 3669 2518 3736; x_wconf 83' lang='grc' dir='ltr'>ἀπολαύσαντες</span> <span class='ocrx_word' id='word_1_724' title='bbox 2541 3674 2908 3742; x_wconf 72' lang='grc' dir='ltr'>διδασκαλίας,</span> <span class='ocrx_word' id='word_1_725' title='bbox 2938 3681 2999 3732; x_wconf 88' lang='grc' dir='ltr'>ού</span> <span class='ocrx_word' id='word_1_726' title='bbox 3033 3682 3192 3752; x_wconf 87' lang='grc' dir='ltr'>μόνον</span> <span class='ocrx_word' id='word_1_727' title='bbox 3213 3686 3364 3738; x_wconf 81' lang='grc' dir='ltr'>οὐδὲν</span> <span class='ocrx_word' id='word_1_728' title='bbox 3383 3687 3691 3754; x_wconf 86' lang='grc' dir='ltr'>ἀπώναντο,</span> 
     </span>
    </p>
   </div>
   <div class='ocr_carea' id='block_1_104' title="bbox 2110 3757 3694 3841">
    <p class='ocr_par' dir='ltr' id='par_1_104' title="bbox 2110 3757 3694 3841">
     <span class='ocr_line' id='line_1_104' title="bbox 2110 3757 3694 3841; baseline 0.013 -30"><span class='ocrx_word' id='word_1_729' title='bbox 2110 3757 2246 3811; x_wconf 88' lang='grc' dir='ltr'>ἀλλά</span> <span class='ocrx_word' id='word_1_730' title='bbox 2269 3759 2362 3811; x_wconf 73' lang='grc' dir='ltr'>καὶ</span> <span class='ocrx_word' id='word_1_731' title='bbox 2388 3761 2466 3822; x_wconf 85' lang='grc' dir='ltr'>εἰς</span> <span class='ocrx_word' id='word_1_732' title='bbox 2479 3761 2539 3812; x_wconf 71' lang='grc' dir='ltr'>τὸ</span> <span class='ocrx_word' id='word_1_733' title='bbox 2571 3761 2795 3832; x_wconf 80' lang='grc' dir='ltr'>ἔσχατον</span> <span class='ocrx_word' id='word_1_734' title='bbox 2829 3766 3098 3840; x_wconf 87' lang='grc' dir='ltr'>βάραθρον</span> <span class='ocrx_word' id='word_1_735' title='bbox 3126 3771 3226 3841; x_wconf 82' lang='grc' dir='ltr'>τῆς</span> <span class='ocrx_word' id='word_1_736' title='bbox 3248 3773 3523 3840; x_wconf 83' lang='grc' dir='ltr'>ἀπωλείας</span> <span class='ocrx_word' id='word_1_737' title='bbox 3552 3795 3694 3832; x_wconf 85' lang='grc' dir='ltr'>κατ-</span> 
     </span>
    </p>
   </div>
   <div class='ocr_carea' id='block_1_105' title="bbox 2111 3846 3689 3930">
    <p class='ocr_par' dir='ltr' id='par_1_105' title="bbox 2111 3846 3689 3930">
     <span class='ocr_line' id='line_1_105' title="bbox 2111 3846 3689 3930; baseline 0.015 -33"><span class='ocrx_word' id='word_1_738' title='bbox 2111 3846 2436 3917; x_wconf 87' lang='grc' dir='ltr'>ηνέχθησαν,</span> <span class='ocrx_word' id='word_1_739' title='bbox 2479 3850 2571 3901; x_wconf 77' lang='grc' dir='ltr'>ἐπὶ</span> <span class='ocrx_word' id='word_1_740' title='bbox 2621 3852 2710 3905; x_wconf 84' lang='grc' dir='ltr'>τὸν</span> <span class='ocrx_word' id='word_1_741' title='bbox 2760 3856 2992 3926; x_wconf 73' lang='grc' dir='ltr'>σταυρὸν</span> <span class='ocrx_word' id='word_1_742' title='bbox 3041 3857 3202 3911; x_wconf 79' lang='grc' dir='ltr'>αὑτὸν</span> <span class='ocrx_word' id='word_1_743' title='bbox 3239 3862 3689 3930; x_wconf 83' lang='grc' dir='ltr'>ἀναϐιϐάσαντες.</span> 
     </span>
    </p>
   </div>
   <div class='ocr_carea' id='block_1_106' title="bbox 2121 3935 3690 4020">
    <p class='ocr_par' dir='ltr' id='par_1_106' title="bbox 2121 3935 3690 4020">
     <span class='ocr_line' id='line_1_106' title="bbox 2121 3935 3690 4020; baseline 0.013 -32"><span class='ocrx_word' id='word_1_744' title='bbox 2121 3935 2284 4006; x_wconf 82' lang='grc' dir='ltr'>Ὁρᾷς</span> <span class='ocrx_word' id='word_1_745' title='bbox 2317 3937 2399 3990; x_wconf 84' lang='grc' dir='ltr'>ὅτι</span> <span class='ocrx_word' id='word_1_746' title='bbox 2426 3938 2474 3990; x_wconf 86' lang='grc' dir='ltr'>οί</span> <span class='ocrx_word' id='word_1_747' title='bbox 2508 3939 2617 4020; x_wconf 24' lang='grc' dir='ltr'>*μὲν</span> <span class='ocrx_word' id='word_1_748' title='bbox 2669 3940 2984 4011; x_wconf 86' lang='grc' dir='ltr'>ἀγνώμονες</span> <span class='ocrx_word' id='word_1_749' title='bbox 3037 3947 3128 3998; x_wconf 79' lang='grc' dir='ltr'>καὶ</span> <span class='ocrx_word' id='word_1_750' title='bbox 3177 3949 3531 4020; x_wconf 74' lang='grc' dir='ltr'>ἠμελημένοι,</span> <span class='ocrx_word' id='word_1_751' title='bbox 3567 3954 3690 4008; x_wconf 72' lang='grc' dir='ltr'>οὐδὲ</span> 
     </span>
    </p>
   </div>
   <div class='ocr_carea' id='block_1_107' title="bbox 2109 4017 3691 4109">
    <p class='ocr_par' dir='ltr' id='par_1_107' title="bbox 2109 4017 3691 4109">
     <span class='ocr_line' id='line_1_107' title="bbox 2109 4017 3691 4109; baseline 0.012 -34"><span class='ocrx_word' id='word_1_752' title='bbox 2109 4022 2218 4076; x_wconf 85' lang='grc' dir='ltr'>ἀπὸ</span> <span class='ocrx_word' id='word_1_753' title='bbox 2241 4024 2349 4076; x_wconf 90' lang='grc' dir='ltr'>τῶν</span> <span class='ocrx_word' id='word_1_754' title='bbox 2375 4017 2729 4094; x_wconf 70' lang='grc' dir='ltr'>ὠφελούντων</span> <span class='ocrx_word' id='word_1_755' title='bbox 2753 4047 2814 4082; x_wconf 91' lang='grc' dir='ltr'>κε</span> <span class='ocrx_word' id='word_1_756' title='bbox 2823 4031 3151 4101; x_wconf 70' lang='grc' dir='ltr'>ρδαίνουσινο</span> <span class='ocrx_word' id='word_1_757' title='bbox 3175 4036 3223 4087; x_wconf 85' lang='grc' dir='ltr'>οἱ</span> <span class='ocrx_word' id='word_1_758' title='bbox 3261 4036 3315 4088; x_wconf 85' lang='grc' dir='ltr'>δὲ</span> <span class='ocrx_word' id='word_1_759' title='bbox 3347 4039 3691 4109; x_wconf 76' lang='grc' dir='ltr'>εὐγνώμονες</span> 
     </span>
    </p>
   </div>
   <div class='ocr_carea' id='block_1_108' title="bbox 2109 4109 3688 4187">
    <p class='ocr_par' dir='ltr' id='par_1_108' title="bbox 2109 4109 3688 4187">
     <span class='ocr_line' id='line_1_108' title="bbox 2109 4109 3688 4187; baseline 0.013 -26"><span class='ocrx_word' id='word_1_760' title='bbox 2109 4110 2200 4162; x_wconf 74' lang='grc' dir='ltr'>καὶ</span> <span class='ocrx_word' id='word_1_761' title='bbox 2221 4112 2496 4181; x_wconf 84' lang='grc' dir='ltr'>νήφοντες,</span> <span class='ocrx_word' id='word_1_762' title='bbox 2526 4114 2618 4183; x_wconf 83' lang='grc' dir='ltr'>ἀφ’</span> <span class='ocrx_word' id='word_1_763' title='bbox 2639 4109 2712 4168; x_wconf 85' lang='grc' dir='ltr'>ὧν</span> <span class='ocrx_word' id='word_1_764' title='bbox 2747 4116 2923 4187; x_wconf 75' lang='grc' dir='ltr'>ἕτεροι</span> <span class='ocrx_word' id='word_1_765' title='bbox 2951 4121 3413 4187; x_wconf 80' lang='grc' dir='ltr'>σκανδαλίζονται,</span> <span class='ocrx_word' id='word_1_766' title='bbox 3435 4127 3541 4180; x_wconf 85' lang='grc' dir='ltr'>ἀπὸ</span> <span class='ocrx_word' id='word_1_767' title='bbox 3561 4128 3653 4180; x_wconf 86' lang='grc' dir='ltr'>τού</span> <span class='ocrx_word' id='word_1_768' title='bbox 3667 4160 3688 4170; x_wconf 74' lang='grc' dir='ltr'><strong>ο</strong></span> 
     </span>
    </p>
   </div>
   <div class='ocr_carea' id='block_1_109' title="bbox 2105 4200 3686 4274">
    <p class='ocr_par' dir='ltr' id='par_1_109' title="bbox 2105 4200 3686 4274">
     <span class='ocr_line' id='line_1_109' title="bbox 2105 4200 3686 4274; baseline 0.012 -23"><span class='ocrx_word' id='word_1_769' title='bbox 2105 4217 2214 4252; x_wconf 85' lang='grc' dir='ltr'>των</span> <span class='ocrx_word' id='word_1_770' title='bbox 2265 4200 2331 4252; x_wconf 82' lang='grc' dir='ltr'>τά</span> <span class='ocrx_word' id='word_1_771' title='bbox 2367 4202 2596 4270; x_wconf 84' lang='grc' dir='ltr'>μέγιστα</span> <span class='ocrx_word' id='word_1_772' title='bbox 2640 4204 3007 4274; x_wconf 78' lang='grc' dir='ltr'>ι.ἶ›φελοῦνται;</span> <span class='ocrx_word' id='word_1_773' title='bbox 3072 4211 3240 4264; x_wconf 86' lang='grc' dir='ltr'>Τοῦτο</span> <span class='ocrx_word' id='word_1_774' title='bbox 3300 4215 3394 4267; x_wconf 77' lang='grc' dir='ltr'>καὶ</span> <span class='ocrx_word' id='word_1_775' title='bbox 3447 4217 3539 4268; x_wconf 80' lang='grc' dir='ltr'>ἐπὶ</span> <span class='ocrx_word' id='word_1_776' title='bbox 3585 4219 3686 4271; x_wconf 86' lang='grc' dir='ltr'>τοῦ</span> 
     </span>
    </p>
   </div>
   <div class='ocr_carea' id='block_1_110' title="bbox 2119 4285 3690 4373">
    <p class='ocr_par' dir='ltr' id='par_1_110' title="bbox 2119 4285 3690 4373">
     <span class='ocr_line' id='line_1_110' title="bbox 2119 4285 3690 4373; baseline 0.014 -37"><span class='ocrx_word' id='word_1_777' title='bbox 2119 4285 2308 4348; x_wconf 86' lang='grc' dir='ltr'>Ἰούδα,</span> <span class='ocrx_word' id='word_1_778' title='bbox 2337 4289 2431 4340; x_wconf 76' lang='grc' dir='ltr'>καὶ</span> <span class='ocrx_word' id='word_1_779' title='bbox 2463 4289 2556 4341; x_wconf 74' lang='grc' dir='ltr'>ἐπὶ</span> <span class='ocrx_word' id='word_1_780' title='bbox 2578 4290 2671 4342; x_wconf 90' lang='grc' dir='ltr'>τοῦ</span> <span class='ocrx_word' id='word_1_781' title='bbox 2721 4292 2841 4344; x_wconf 88' lang='grc' dir='ltr'>Ἰὼϐ</span> <span class='ocrx_word' id='word_1_782' title='bbox 2868 4293 3014 4348; x_wconf 79' lang='grc' dir='ltr'>ἐστιν</span> <span class='ocrx_word' id='word_1_783' title='bbox 3041 4297 3190 4352; x_wconf 86' lang='grc' dir='ltr'>ίδεῖν,</span> <span class='ocrx_word' id='word_1_784' title='bbox 3224 4299 3279 4351; x_wconf 86' lang='grc' dir='ltr'>Ὀ</span> <span class='ocrx_word' id='word_1_785' title='bbox 3305 4302 3402 4370; x_wconf 83' lang='grc' dir='ltr'>μὲν</span> <span class='ocrx_word' id='word_1_786' title='bbox 3424 4303 3528 4373; x_wconf 81' lang='grc' dir='ltr'>γάρ</span> <span class='ocrx_word' id='word_1_787' title='bbox 3554 4305 3690 4358; x_wconf 87' lang='grc' dir='ltr'>Ἰού-</span> 
     </span>
    </p>
   </div>
   <div class='ocr_carea' id='block_1_111' title="bbox 2105 4371 3686 4462">
    <p class='ocr_par' dir='ltr' id='par_1_111' title="bbox 2105 4371 3686 4462">
     <span class='ocr_line' id='line_1_111' title="bbox 2105 4371 3686 4462; baseline 0.013 -39"><span class='ocrx_word' id='word_1_788' title='bbox 2105 4371 2202 4435; x_wconf 87' lang='grc' dir='ltr'>δας</span> <span class='ocrx_word' id='word_1_789' title='bbox 2229 4373 2347 4425; x_wconf 81' lang='grc' dir='ltr'>ούδὲ</span> <span class='ocrx_word' id='word_1_790' title='bbox 2379 4375 2486 4428; x_wconf 87' lang='grc' dir='ltr'>ἀπὸ</span> <span class='ocrx_word' id='word_1_791' title='bbox 2509 4377 2603 4429; x_wconf 86' lang='grc' dir='ltr'>τοῦ</span> <span class='ocrx_word' id='word_1_792' title='bbox 2629 4379 2868 4448; x_wconf 81' lang='grc' dir='ltr'>Χριστοῦ</span> <span class='ocrx_word' id='word_1_793' title='bbox 2901 4381 2994 4434; x_wconf 87' lang='grc' dir='ltr'>τοῦ</span> <span class='ocrx_word' id='word_1_794' title='bbox 3043 4383 3141 4454; x_wconf 82' lang='grc' dir='ltr'>τὴν</span> <span class='ocrx_word' id='word_1_795' title='bbox 3176 4371 3509 4459; x_wconf 74' lang='grc' dir='ltr'>οἰκουμένην</span> <span class='ocrx_word' id='word_1_796' title='bbox 3537 4392 3686 4462; x_wconf 85' lang='grc' dir='ltr'>διορ-</span> 
     </span>
    </p>
   </div>
   <div class='ocr_carea' id='block_1_112' title="bbox 2106 4459 3683 4536">
    <p class='ocr_par' dir='ltr' id='par_1_112' title="bbox 2106 4459 3683 4536">
     <span class='ocr_line' id='line_1_112' title="bbox 2106 4459 3683 4536; baseline 0.015 -25"><span class='ocrx_word' id='word_1_797' title='bbox 2106 4459 2380 4526; x_wconf 86' lang='grc' dir='ltr'>θώσαντος</span> <span class='ocrx_word' id='word_1_798' title='bbox 2409 4463 2611 4536; x_wconf 87' lang='grc' dir='ltr'>ἐσώθη·</span> <span class='ocrx_word' id='word_1_799' title='bbox 2660 4469 2687 4519; x_wconf 92' lang='lat'>6</span> <span class='ocrx_word' id='word_1_800' title='bbox 2724 4468 2780 4521; x_wconf 82' lang='grc' dir='ltr'>δὲ</span> <span class='ocrx_word' id='word_1_801' title='bbox 2832 4467 2952 4523; x_wconf 76' lang='grc' dir='ltr'>Ἰῶϐ</span> <span class='ocrx_word' id='word_1_802' title='bbox 2980 4473 3098 4525; x_wconf 82' lang='grc' dir='ltr'>οῦδὲ</span> <span class='ocrx_word' id='word_1_803' title='bbox 3155 4475 3264 4528; x_wconf 79' lang='grc' dir='ltr'>ἀπὸ</span> <span class='ocrx_word' id='word_1_804' title='bbox 3292 4476 3385 4530; x_wconf 90' lang='grc' dir='ltr'>τοῦ</span> <span class='ocrx_word' id='word_1_805' title='bbox 3433 4479 3683 4533; x_wconf 83' lang='grc' dir='ltr'>διαϐόλου</span> 
     </span>
    </p>
   </div>
   <div class='ocr_carea' id='block_1_113' title="bbox 2102 4549 3684 4640">
    <p class='ocr_par' dir='ltr' id='par_1_113' title="bbox 2102 4549 3684 4640">
     <span class='ocr_line' id='line_1_113' title="bbox 2102 4549 3684 4640; baseline 0.015 -39"><span class='ocrx_word' id='word_1_806' title='bbox 2102 4549 2195 4602; x_wconf 88' lang='grc' dir='ltr'>τοῦ</span> <span class='ocrx_word' id='word_1_807' title='bbox 2250 4553 2538 4618; x_wconf 78' lang='grc' dir='ltr'>τοσούτους</span> <span class='ocrx_word' id='word_1_808' title='bbox 2592 4558 2957 4625; x_wconf 86' lang='grc' dir='ltr'>ἀπολέσαντος</span> <span class='ocrx_word' id='word_1_809' title='bbox 3020 4565 3244 4638; x_wconf 87' lang='grc' dir='ltr'>ἐϐλάϐη.</span> <span class='ocrx_word' id='word_1_810' title='bbox 3306 4568 3443 4622; x_wconf 79' lang='grc' dir='ltr'>Ἀλλ’</span> <span class='ocrx_word' id='word_1_811' title='bbox 3501 4573 3530 4623; x_wconf 87' lang='lat'>6</span> <span class='ocrx_word' id='word_1_812' title='bbox 3583 4571 3684 4640; x_wconf 80' lang='grc' dir='ltr'>μὲν</span> 
     </span>
    </p>
   </div>
   <div class='ocr_carea' id='block_1_114' title="bbox 2105 4642 3685 4733">
    <p class='ocr_par' dir='ltr' id='par_1_114' title="bbox 2105 4642 3685 4733">
     <span class='ocr_line' id='line_1_114' title="bbox 2105 4642 3685 4733; baseline 0.016 -43"><span class='ocrx_word' id='word_1_813' title='bbox 2105 4642 2272 4712; x_wconf 89' lang='grc' dir='ltr'>μυρία</span> <span class='ocrx_word' id='word_1_814' title='bbox 2309 4643 2532 4713; x_wconf 82' lang='grc' dir='ltr'>πάσχων</span> <span class='ocrx_word' id='word_1_815' title='bbox 2565 4649 2729 4711; x_wconf 83' lang='grc' dir='ltr'>κακά,</span> <span class='ocrx_word' id='word_1_816' title='bbox 2761 4651 3140 4720; x_wconf 85' lang='grc' dir='ltr'>ἐστεφανοῦτο·</span> <span class='ocrx_word' id='word_1_817' title='bbox 3171 4660 3377 4723; x_wconf 83' lang='grc' dir='ltr'>ἐκεῖνος</span> <span class='ocrx_word' id='word_1_818' title='bbox 3409 4659 3486 4724; x_wconf 86' lang='grc' dir='ltr'>δέ,</span> <span class='ocrx_word' id='word_1_819' title='bbox 3516 4663 3545 4713; x_wconf 89' lang='lat'>6</span> <span class='ocrx_word' id='word_1_820' title='bbox 3580 4680 3685 4733; x_wconf 73' lang='grc' dir='ltr'>ση-</span> 
     </span>
    </p>
   </div>
   <div class='ocr_carea' id='block_1_115' title="bbox 2103 4729 3687 4818">
    <p class='ocr_par' dir='ltr' id='par_1_115' title="bbox 2103 4729 3687 4818">
     <span class='ocr_line' id='line_1_115' title="bbox 2103 4729 3687 4818; baseline 0.016 -39"><span class='ocrx_word' id='word_1_821' title='bbox 2103 4731 2230 4798; x_wconf 85' lang='grc' dir='ltr'>μεῖα</span> <span class='ocrx_word' id='word_1_822' title='bbox 2247 4729 2595 4801; x_wconf 88' lang='grc' dir='ltr'>θεασάμενος,</span> <span class='ocrx_word' id='word_1_823' title='bbox 2612 4736 2705 4788; x_wconf 73' lang='grc' dir='ltr'>καὶ</span> <span class='ocrx_word' id='word_1_824' title='bbox 2721 4737 2881 4801; x_wconf 79' lang='grc' dir='ltr'>αὐτὸς</span> <span class='ocrx_word' id='word_1_825' title='bbox 2903 4742 3150 4812; x_wconf 87' lang='grc' dir='ltr'>ποιήσας,</span> <span class='ocrx_word' id='word_1_826' title='bbox 3170 4747 3197 4798; x_wconf 88' lang='grc' dir='ltr'>ό</span> <span class='ocrx_word' id='word_1_827' title='bbox 3219 4749 3445 4817; x_wconf 77' lang='grc' dir='ltr'>νεκροὺς</span> <span class='ocrx_word' id='word_1_828' title='bbox 3460 4748 3687 4818; x_wconf 87' lang='grc' dir='ltr'>ἐγείρας</span> 
     </span>
    </p>
   </div>
   <div class='ocr_carea' id='block_1_116' title="bbox 2102 4816 3683 4906">
    <p class='ocr_par' dir='ltr' id='par_1_116' title="bbox 2102 4816 3683 4906">
     <span class='ocr_line' id='line_1_116' title="bbox 2102 4816 3683 4906; baseline 0.015 -41"><span class='ocrx_word' id='word_1_829' title='bbox 2102 4816 2196 4867; x_wconf 76' lang='grc' dir='ltr'>καὶ</span> <span class='ocrx_word' id='word_1_830' title='bbox 2245 4816 2506 4887; x_wconf 85' lang='grc' dir='ltr'>δαίμονας</span> <span class='ocrx_word' id='word_1_831' title='bbox 2553 4821 2752 4886; x_wconf 85' lang='grc' dir='ltr'>ἐλάσας</span> <span class='ocrx_word' id='word_1_832' title='bbox 2792 4826 3060 4897; x_wconf 78' lang='grc' dir='ltr'>(καὶγὰρ</span> <span class='ocrx_word' id='word_1_833' title='bbox 3118 4833 3210 4885; x_wconf 76' lang='grc' dir='ltr'>καὶ</span> <span class='ocrx_word' id='word_1_834' title='bbox 3267 4816 3427 4896; x_wconf 78' lang='grc' dir='ltr'>αύτὸς</span> <span class='ocrx_word' id='word_1_835' title='bbox 3473 4816 3683 4906; x_wconf 82' lang='grc' dir='ltr'>ταύτην</span> 
     </span>
    </p>
   </div>
   <div class='ocr_carea' id='block_1_117' title="bbox 2099 4901 3684 4989">
    <p class='ocr_par' dir='ltr' id='par_1_117' title="bbox 2099 4901 3684 4989">
     <span class='ocr_line' id='line_1_117' title="bbox 2099 4901 3684 4989; baseline 0.013 -36"><span class='ocrx_word' id='word_1_836' title='bbox 2099 4901 2289 4973; x_wconf 81' lang='grc' dir='ltr'>εἴληφε</span> <span class='ocrx_word' id='word_1_837' title='bbox 2322 4905 2422 4975; x_wconf 76' lang='grc' dir='ltr'>τὴν</span> <span class='ocrx_word' id='word_1_838' title='bbox 2455 4906 2815 4980; x_wconf 85' lang='grc' dir='ltr'>ἐξουσίαν),ὁ</span> <span class='ocrx_word' id='word_1_839' title='bbox 2858 4915 3027 4986; x_wconf 89' lang='grc' dir='ltr'>μυρία</span> <span class='ocrx_word' id='word_1_840' title='bbox 3082 4919 3210 4989; x_wconf 71' lang='grc' dir='ltr'>περὶ</span> <span class='ocrx_word' id='word_1_841' title='bbox 3265 4919 3542 4988; x_wconf 87' lang='grc' dir='ltr'>βασιλείας</span> <span class='ocrx_word' id='word_1_842' title='bbox 3587 4901 3684 4976; x_wconf 70' lang='grc' dir='ltr'>καὶ</span> 
     </span>
    </p>
   </div>
   <div class='ocr_carea' id='block_1_118' title="bbox 2097 4990 3680 5078">
    <p class='ocr_par' dir='ltr' id='par_1_118' title="bbox 2097 4990 3680 5078">
     <span class='ocr_line' id='line_1_118' title="bbox 2097 4990 3680 5078; baseline 0.016 -38"><span class='ocrx_word' id='word_1_843' title='bbox 2097 4990 2323 5061; x_wconf 88' lang='grc' dir='ltr'>γεέννης</span> <span class='ocrx_word' id='word_1_844' title='bbox 2347 4993 2606 5060; x_wconf 86' lang='grc' dir='ltr'>ἀκούσας,</span> <span class='ocrx_word' id='word_1_845' title='bbox 2639 4999 2667 5050; x_wconf 90' lang='lat'>6</span> <span class='ocrx_word' id='word_1_846' title='bbox 2699 5000 2976 5070; x_wconf 79' lang='grc' dir='ltr'>τραπέζης</span> <span class='ocrx_word' id='word_1_847' title='bbox 3007 5010 3341 5077; x_wconf 85' lang='grc' dir='ltr'>κοινωνήσας</span> <span class='ocrx_word' id='word_1_848' title='bbox 3373 5009 3680 5078; x_wconf 80' lang='grc' dir='ltr'>μυστικῆς,</span> 
     </span>
    </p>
   </div>
   <div class='ocr_carea' id='block_1_119' title="bbox 2095 5078 3680 5166">
    <p class='ocr_par' dir='ltr' id='par_1_119' title="bbox 2095 5078 3680 5166">
     <span class='ocr_line' id='line_1_119' title="bbox 2095 5078 3680 5166; baseline 0.015 -39"><span class='ocrx_word' id='word_1_849' title='bbox 2095 5081 2122 5131; x_wconf 87' lang='lat'>6</span> <span class='ocrx_word' id='word_1_850' title='bbox 2154 5078 2367 5132; x_wconf 87' lang='grc' dir='ltr'>δείπνου</span> <span class='ocrx_word' id='word_1_851' title='bbox 2422 5083 2706 5153; x_wconf 85' lang='grc' dir='ltr'>μετασχὼν</span> <span class='ocrx_word' id='word_1_852' title='bbox 2753 5089 3210 5156; x_wconf 86' lang='grc' dir='ltr'>φρικωδεστάτου,</span> <span class='ocrx_word' id='word_1_853' title='bbox 3264 5095 3356 5146; x_wconf 76' lang='grc' dir='ltr'>καὶ</span> <span class='ocrx_word' id='word_1_854' title='bbox 3405 5096 3680 5166; x_wconf 85' lang='grc' dir='ltr'>τοσαύτης</span> 
     </span>
    </p>
   </div>
   <div class='ocr_carea' id='block_1_120' title="bbox 2095 5165 3682 5253">
    <p class='ocr_par' dir='ltr' id='par_1_120' title="bbox 2095 5165 3682 5253">
     <span class='ocr_line' id='line_1_120' title="bbox 2095 5165 3682 5253; baseline 0.014 -37"><span class='ocrx_word' id='word_1_855' title='bbox 2095 5165 2410 5231; x_wconf 86' lang='grc' dir='ltr'>ἀπολαύσας</span> <span class='ocrx_word' id='word_1_856' title='bbox 2450 5171 2660 5232; x_wconf 85' lang='grc' dir='ltr'>εύνοίας</span> <span class='ocrx_word' id='word_1_857' title='bbox 2694 5173 2786 5226; x_wconf 73' lang='grc' dir='ltr'>καὶ</span> <span class='ocrx_word' id='word_1_858' title='bbox 2843 5177 3115 5245; x_wconf 82' lang='grc' dir='ltr'>προνοίας,</span> <span class='ocrx_word' id='word_1_859' title='bbox 3169 5181 3301 5249; x_wconf 83' lang='grc' dir='ltr'>ὅσης</span> <span class='ocrx_word' id='word_1_860' title='bbox 3343 5182 3545 5253; x_wconf 83' lang='grc' dir='ltr'>Πέτρος</span> <span class='ocrx_word' id='word_1_861' title='bbox 3585 5185 3682 5238; x_wconf 77' lang='grc' dir='ltr'>καὶ</span> 
     </span>
    </p>
   </div>
   <div class='ocr_carea' id='block_1_121' title="bbox 2109 5253 3681 5340">
    <p class='ocr_par' dir='ltr' id='par_1_121' title="bbox 2109 5253 3681 5340">
     <span class='ocr_line' id='line_1_121' title="bbox 2109 5253 3681 5340; baseline 0.011 -36"><span class='ocrx_word' id='word_1_862' title='bbox 2109 5253 2363 5319; x_wconf 87' lang='grc' dir='ltr'>Ἰάκωϐος</span> <span class='ocrx_word' id='word_1_863' title='bbox 2409 5257 2503 5309; x_wconf 71' lang='grc' dir='ltr'>καὶ</span> <span class='ocrx_word' id='word_1_864' title='bbox 2549 5258 2822 5330; x_wconf 86' lang='grc' dir='ltr'>Ἰωάννης,</span> <span class='ocrx_word' id='word_1_865' title='bbox 2860 5263 3060 5331; x_wconf 82' lang='grc' dir='ltr'>μᾶλλον</span> <span class='ocrx_word' id='word_1_866' title='bbox 3094 5265 3148 5318; x_wconf 88' lang='grc' dir='ltr'>δέ</span> <span class='ocrx_word' id='word_1_867' title='bbox 3181 5269 3274 5320; x_wconf 73' lang='grc' dir='ltr'>καὶ</span> <span class='ocrx_word' id='word_1_868' title='bbox 3323 5267 3468 5339; x_wconf 14' lang='grc'>[3011]</span> <span class='ocrx_word' id='word_1_869' title='bbox 3496 5271 3681 5340; x_wconf 84' lang='grc' dir='ltr'>πολλῷ</span> 
     </span>
    </p>
   </div>
   <div class='ocr_carea' id='block_1_122' title="bbox 2096 5338 3682 5428">
    <p class='ocr_par' dir='ltr' id='par_1_122' title="bbox 2096 5338 3682 5428">
     <span class='ocr_line' id='line_1_122' title="bbox 2096 5338 3682 5428; baseline 0.011 -36"><span class='ocrx_word' id='word_1_870' title='bbox 2096 5338 2355 5404; x_wconf 60' lang='grc' dir='ltr'>πλείονος</span> <span class='ocrx_word' id='word_1_871' title='bbox 2415 5344 2552 5412; x_wconf 81' lang='grc' dir='ltr'>μετά</span> <span class='ocrx_word' id='word_1_872' title='bbox 2601 5348 2710 5417; x_wconf 84' lang='grc' dir='ltr'>γάρ</span> <span class='ocrx_word' id='word_1_873' title='bbox 2752 5348 2852 5418; x_wconf 83' lang='grc' dir='ltr'>τῆς</span> <span class='ocrx_word' id='word_1_874' title='bbox 2892 5350 3055 5422; x_wconf 88' lang='grc' dir='ltr'>άλλης</span> <span class='ocrx_word' id='word_1_875' title='bbox 3091 5338 3406 5423; x_wconf 86' lang='grc' dir='ltr'>ἐπιμελείας</span> <span class='ocrx_word' id='word_1_876' title='bbox 3447 5338 3541 5409; x_wconf 72' lang='grc' dir='ltr'>καὶ</span> <span class='ocrx_word' id='word_1_877' title='bbox 3580 5338 3682 5428; x_wconf 79' lang='grc' dir='ltr'>τῆς</span> 
     </span>
    </p>
   </div>
   <div class='ocr_carea' id='block_1_123' title="bbox 2097 5429 3683 5516">
    <p class='ocr_par' dir='ltr' id='par_1_123' title="bbox 2097 5429 3683 5516">
     <span class='ocr_line' id='line_1_123' title="bbox 2097 5429 3683 5516; baseline 0.015 -40"><span class='ocrx_word' id='word_1_878' title='bbox 2097 5429 2576 5495; x_wconf 83' lang='grc' dir='ltr'>συγκαταϐάσεως,</span> <span class='ocrx_word' id='word_1_879' title='bbox 2605 5429 2670 5504; x_wconf 75' lang='grc' dir='ltr'>ἧς</span> <span class='ocrx_word' id='word_1_880' title='bbox 2703 5437 2928 5507; x_wconf 85' lang='grc' dir='ltr'>μετέσχε</span> <span class='ocrx_word' id='word_1_881' title='bbox 2957 5441 3178 5512; x_wconf 78' lang='grc' dir='ltr'>πολλῆς,</span> <span class='ocrx_word' id='word_1_882' title='bbox 3216 5444 3307 5496; x_wconf 77' lang='grc' dir='ltr'>καὶ</span> <span class='ocrx_word' id='word_1_883' title='bbox 3331 5444 3396 5497; x_wconf 79' lang='grc' dir='ltr'>τά</span> <span class='ocrx_word' id='word_1_884' title='bbox 3420 5447 3522 5516; x_wconf 80' lang='grc' dir='ltr'>χρή</span> <span class='ocrx_word' id='word_1_885' title='bbox 3533 5465 3683 5516; x_wconf 85' lang='grc' dir='ltr'>ματα</span> 
     </span>
    </p>
   </div>
   <div class='ocr_carea' id='block_1_124' title="bbox 2091 5512 3681 5599">
    <p class='ocr_par' dir='ltr' id='par_1_124' title="bbox 2091 5512 3681 5599">
     <span class='ocr_line' id='line_1_124' title="bbox 2091 5512 3681 5599; baseline 0.014 -35"><span class='ocrx_word' id='word_1_886' title='bbox 2091 5512 2200 5566; x_wconf 88' lang='grc' dir='ltr'>τῶν</span> <span class='ocrx_word' id='word_1_887' title='bbox 2241 5517 2488 5584; x_wconf 87' lang='grc' dir='ltr'>πενήτων</span> <span class='ocrx_word' id='word_1_888' title='bbox 2540 5520 2901 5593; x_wconf 73' lang='grc' dir='ltr'>ἐγχειρισθεὶς</span> <span class='ocrx_word' id='word_1_889' title='bbox 2938 5522 3026 5597; x_wconf 80' lang='grc' dir='ltr'>ἦν·</span> <span class='ocrx_word' id='word_1_890' title='bbox 3059 5530 3179 5582; x_wconf 88' lang='grc' dir='ltr'>τότε</span> <span class='ocrx_word' id='word_1_891' title='bbox 3209 5523 3366 5595; x_wconf 74' lang='grc' dir='ltr'>οὗτος</span> <span class='ocrx_word' id='word_1_892' title='bbox 3398 5533 3535 5599; x_wconf 82' lang='grc' dir='ltr'>μετά</span> <span class='ocrx_word' id='word_1_893' title='bbox 3583 5551 3681 5587; x_wconf 89' lang='grc' dir='ltr'>το-</span> 
     </span>
    </p>
   </div>
   <div class='ocr_carea' id='block_1_125' title="bbox 2095 5601 3680 5690">
    <p class='ocr_par' dir='ltr' id='par_1_125' title="bbox 2095 5601 3680 5690">
     <span class='ocr_line' id='line_1_125' title="bbox 2095 5601 3680 5690; baseline 0.016 -39"><span class='ocrx_word' id='word_1_894' title='bbox 2095 5601 2267 5654; x_wconf 83' lang='grc' dir='ltr'>σαῦτα</span> <span class='ocrx_word' id='word_1_895' title='bbox 2299 5602 2687 5680; x_wconf 82' lang='grc' dir='ltr'>ἐξεϐακχεύθη,</span> <span class='ocrx_word' id='word_1_896' title='bbox 2744 5613 2836 5666; x_wconf 77' lang='grc' dir='ltr'>καὶ</span> <span class='ocrx_word' id='word_1_897' title='bbox 2872 5615 2961 5669; x_wconf 81' lang='grc' dir='ltr'>τὸν</span> <span class='ocrx_word' id='word_1_898' title='bbox 3005 5618 3249 5673; x_wconf 82' lang='grc' dir='ltr'>Σατανᾶν</span> <span class='ocrx_word' id='word_1_899' title='bbox 3276 5621 3680 5690; x_wconf 80' lang='grc' dir='ltr'>ὑποδεξάμενος</span> 
     </span>
    </p>
   </div>
   <div class='ocr_carea' id='block_1_126' title="bbox 2091 5687 3679 5780">
    <p class='ocr_par' dir='ltr' id='par_1_126' title="bbox 2091 5687 3679 5780">
     <span class='ocr_line' id='line_1_126' title="bbox 2091 5687 3679 5780; baseline 0.016 -40"><span class='ocrx_word' id='word_1_900' title='bbox 2091 5687 2179 5740; x_wconf 82' lang='grc' dir='ltr'>διά</span> <span class='ocrx_word' id='word_1_901' title='bbox 2201 5689 2300 5759; x_wconf 80' lang='grc' dir='ltr'>τῆς</span> <span class='ocrx_word' id='word_1_902' title='bbox 2333 5691 2718 5765; x_wconf 82' lang='grc' dir='ltr'>φιλαργυρίας,</span> <span class='ocrx_word' id='word_1_903' title='bbox 2747 5702 2826 5763; x_wconf 85' lang='grc' dir='ltr'>εἰς</span> <span class='ocrx_word' id='word_1_904' title='bbox 2858 5701 2955 5774; x_wconf 81' lang='grc' dir='ltr'>τὴν</span> <span class='ocrx_word' id='word_1_905' title='bbox 2981 5705 3175 5761; x_wconf 81' lang='grc' dir='ltr'>ἑαυτοῦ</span> <span class='ocrx_word' id='word_1_906' title='bbox 3200 5708 3435 5767; x_wconf 84' lang='grc' dir='ltr'>διάνοιαν</span> <span class='ocrx_word' id='word_1_907' title='bbox 3455 5711 3679 5780; x_wconf 74' lang='grc' dir='ltr'>ἐγένετο</span> 
     </span>
    </p>
   </div>
   <div class='ocr_carea' id='block_1_127' title="bbox 2155 5849 2964 5924">
    <p class='ocr_par' dir='ltr' id='par_1_127' title="bbox 2155 5849 2964 5924">
     <span class='ocr_line' id='line_1_127' title="bbox 2155 5849 2964 5924; baseline 0.015 -24"><span class='ocrx_word' id='word_1_908' title='bbox 2155 5849 2181 5890; x_wconf 73' lang='grc' dir='ltr'><em>ά</em></span> <span class='ocrx_word' id='word_1_909' title='bbox 2202 5853 2300 5903; x_wconf 76' lang='lat' dir='ltr'>Alii</span> <span class='ocrx_word' id='word_1_910' title='bbox 2321 5857 2513 5921; x_wconf 81' lang='grc' dir='ltr'>ἡμέραις</span> <span class='ocrx_word' id='word_1_911' title='bbox 2536 5861 2799 5924; x_wconf 73' lang='grc' dir='ltr'>οἰκοδομῶν</span> <span class='ocrx_word' id='word_1_912' title='bbox 2825 5865 2964 5914; x_wconf 76' lang='grc' dir='ltr'>αὐτόν</span> 
     </span>
    </p>
   </div>
  </div>
