4030 6206
391 486 782 556 apostolorum,
816 484 1034 553 qumso?
1065 497 1241 538 nonne
1281 479 1554 537 innumera
1589 483 1711 537 talia
1753 483 1970 538 evenie-

395 578 559 632 bant?
590 575 723 628 Audi
756 575 878 644 quid
903 575 1043 627 dicat
1069 575 1263 628 Paulus
1292 591 1304 627 :
1335 574 1450 629 Scis
1472 574 1595 638 hoc,
1638 575 1772 644 qttod
1813 575 1994 627 aversi.

393 678 510 721 sunt
539 684 570 718 a
599 683 676 718 me
695 681 865 719 omnes
884 664 969 734 qui
991 664 1043 717 in
1073 662 1192 717 Asia
1213 673 1346 727 sunt,
1371 680 1433 718 ex
1451 665 1627 733 quibus
1653 675 1722 717 est
1747 663 1974 733 Phygel-

395 761 474 810 lns
518 767 561 810 et
608 755 948 821 Hermogenes
979 754 1073 826 (2.
1107 754 1239 808 Tim.
1268 756 1317 809 1.
1349 755 1415 810 15
1523 754 1711 809 Nonne
1734 769 1976 808 carceres

394 849 769 904 inhabitabant
797 846 1087 901 doctores?
1129 862 1305 900 nonne
1334 846 1538 900 catenis
1564 853 1717 899 erant
1749 845 1978 899 circum-

394 942 545 994 dati?
571 957 747 994 nonne
773 956 803 992 a
834 939 1158 1005 domesticis,
1189 938 1258 992 ah
1276 937 1463 992 alienis
1488 939 1622 991 mala
1646 937 1979 1007 patiebantur

393 1031 672 1087 extrema?
694 1047 872 1084 nonne
897 1041 1012 1100 post
1028 1031 1146 1084 illos
1168 1031 1220 1083 in
1243 1030 1399 1083 ovilia
1423 1029 1527 1099 lupi
1547 1044 1734 1098 graves
1755 1028 1977 1098 ingressi

395 1123 551 1175 sunt?
593 1122 897 1190 nonneista
931 1121 1128 1175 Paulus
1178 1121 1498 1190 priediccbat
1540 1119 1786 1189 Ephesiis
1816 1161 1830 1185 ,
1858 1134 1977 1173 cum

398 1212 632 1265 Miletum
662 1189 793 1266 illos.
833 1189 1257 1264 transmitteret?
1284 1209 1397 1281 Ego
1438 1211 1578 1264 enim
1610 1211 1734 1273 scio,
1787 1211 1976 1280 inquit,

396 1305 632 1371 quoniam
649 1304 903 1356 intrabunt
927 1312 1037 1371 post
1058 1303 1406 1357 discessionem
1427 1319 1588 1356 meum
1614 1303 1722 1370 lupi
1736 1319 1909 1373 graves
1929 1304 1979 1355 in

398 1411 504 1459 vos,
527 1411 626 1446 non
647 1405 908 1464 parcentes
931 1395 1090 1464 gregi.
1119 1391 1187 1446 Et
1217 1411 1278 1447 ex
1301 1392 1437 1447 vobis
1465 1393 1585 1463 ipsis
1607 1403 1872 1462 exsurgant
1889 1395 1982 1446 viri

399 1488 656 1555 loquentes
684 1503 933 1554 perversa,
965 1497 1017 1538 ut
1048 1486 1296 1538 abducant
1323 1485 1593 1556 discipulos
1623 1494 1734 1553 post
1756 1501 1809 1538 se
1842 1484 1978 1556 (Act.

399 1577 489 1630 9.0.
519 1579 609 1632 ἓξ).
660 1578 774 1647 ⁸50).
807 1577 999 1632 Nonne
1044 1577 1348 1632 Alexander
1401 1579 1480 1630 vir
1529 1578 1748 1631 aerarius
1802 1576 1982 1630 multis

399 1685 520 1722 cum
551 1669 777 1738 negotiis
803 1669 1093 1736 infestavit,
1126 1670 1585 1739 persequutiouem
1617 1685 1858 1734 movens,
1885 1685 1984 1721 utt-

401 1761 562 1828 dique
613 1759 946 1829 impugnans,
986 1761 1274 1826 lacessens,
1320 1771 1373 1814 et
1401 1758 1452 1813 in
1496 1768 1668 1813 tantas
1708 1759 1982 1827 angustias

400 1864 523 1906 eam
551 1851 849 1920 redegerat,
875 1860 1000 1906 utet
1023 1850 1731 1920 discipulquadmonerctac
1743 1849 1978 1902 diceret:

409 1943 567 2004 Quem
591 1952 636 1994 et
665 1952 717 1994 tu
741 1941 907 1996 devita
929 1957 949 1995 :
967 1943 1111 1995 valde
1129 1942 1261 1994 enim
1290 1941 1469 1995 restitit
1494 1940 1652 1994 verbis
1669 1940 1850 1992 nostris
1881 1938 1977 2010 (9..

415 2031 546 2082 Tim.
562 2030 746 2102 4.15)?
765 2031 952 2087 Nonne
973 2048 1001 2084 a
1027 2031 1336 2100 quibusdam
1360 2031 1503 2085 falsis
1531 2030 1778 2084 fratribus
1791 2045 1981 2085 corru-

410 2131 494 2190 pta
517 2131 595 2174 est
614 2124 814 2190 integra
834 2123 976 2175 natio
992 2121 1316 2187 Galatarum,
1339 2131 1389 2177 et
1405 2121 1472 2176 ad
1485 2120 1787 2176 Judzeorum
1807 2129 1982 2189 partes

406 2209 610 2262 transiit
627 2208 766 2276 (Cal.
781 2209 816 2263 2
849 2209 944 2280 4)?
963 2210 1208 2265 Nonuein
1227 2211 1388 2279 ipsius
1404 2210 1720 2280 evangelicm
1738 2209 1983 2278 przedica-

401 2302 561 2354 tiurtis
608 2302 912 2370 primordiis
949 2302 1266 2372 Stephanus,
1298 2303 1385 2372 qui
1413 2303 1598 2372 majori
1628 2317 1748 2357 cum
1780 2302 1980 2371 impetu

399 2406 558 2458 quam
600 2392 712 2461 ipsa
758 2391 975 2446 ﬂumina
1015 2392 1174 2446 verba
1216 2392 1498 2458 fundebat,
1529 2401 1585 2446 et
1617 2391 1864 2446 omnibus
1905 2391 1978 2445 si-

404 2482 622 2534 lea-tium
641 2481 966 2552 imponebat,
985 2488 1073 2554 qui
1089 2483 1394 2538 Iudaeorum
1415 2485 1620 2554 linguas
1649 2484 1983 2554 impudentes

399 2572 734 2639 occludebat,
759 2575 842 2628 cui
865 2576 1113 2629 resistere
1139 2590 1295 2629 nemo
1311 2585 1537 2644 poterat,
1556 2577 1643 2646 qui
1666 2590 1752 2630 res
1767 2575 1982 2631 Judteo-

403 2681 518 2718 rum
557 2680 747 2720 omnes
778 2667 1133 2723 confundebat
1159 2709 1175 2736 ,
1208 2669 1518 2738 praeclarum
1559 2677 1816 2738 tropteum
1859 2685 1981 2724 ere-

400 2767 572 2822 xerat,
589 2765 644 2812 et
659 2758 916 2828 insignem
936 2761 1204 2815 victoriam
1227 2769 1541 2830 reportarat,
1559 2773 1850 2830 generosus
1870 2761 1977 2827 ille,

400 2858 454 2901 et
484 2848 722 2917 sapiens,
752 2858 805 2903 et
834 2851 999 2919 gratia
1029 2852 1234 2921 plenus,
1269 2851 1356 2920 qui
1389 2851 1456 2905 de
1487 2859 1629 2904 tanta
1659 2851 1796 2906 bene
1823 2850 1983 2905 nteri-

402 2949 483 2993 tus
512 2947 630 2992 erat
664 2937 921 3006 Ecclesia,
972 2957 1093 2996 eum
1121 2959 1224 2995 non
1255 2942 1539 2997 admodum
1567 2941 1818 2998 diuturno
1845 2954 1982 2997 tem-

403 3044 530 3095 pore
557 3029 918 3098 prmdieasset,
950 3033 1226 3088 confestim
1272 3031 1521 3102 abreptus
1567 3042 1814 3104 tauquam
1867 3035 1981 3089 bla-

363 3118 656 3185 'sphemus
715 3121 1064 3176 damnabatur
1112 3134 1165 3178 et
1213 3124 1558 3194 lapidabatur.
1631 3126 1765 3193 Quid
1822 3142 1983 3196 porro

400 3207 673 3264 Jacohus?
728 3227 904 3267 nonne
955 3215 1022 3268 ab
1066 3216 1215 3270 initio
1257 3218 1370 3286 ipse
1413 3233 1661 3287 quoque,
1710 3227 1868 3288 atque
1914 3217 1982 3272 ab

407 3301 534 3365 ipsis
564 3302 945 3369 propemodum
985 3305 1143 3358 stadii
1188 3309 1495 3363 carceribus
1528 3309 1760 3374 avulsus,
1808 3319 1863 3366 et
1909 3312 1976 3367 ab

403 3389 617 3444 llerode
645 3392 696 3445 in
723 3393 945 3462 gratiam
973 3394 1280 3450 Iudaeorum
1308 3399 1480 3468 capite
1515 3409 1787 3455 truncatus
1820 3403 1980 3456 vitam

403 3481 558 3545 tiuiit,
591 3490 732 3536 tanta
781 3483 865 3537 illa
890 3487 1157 3552 columna,
1208 3497 1407 3542 tantum
1447 3491 1694 3546 columen
1742 3492 1982 3549 veritatis

402 3573 542 3635 (Act.
569 3573 654 3627 12.
680 3573 778 3646 2)?
804 3576 971 3644 Quam
1003 3579 1153 3632 multi
1184 3587 1290 3634 tum
1322 3581 1832 3648 seandalizahantur,
1859 3601 1980 3640 cum

405 3665 521 3718 lucc
545 3665 769 3719 ﬁerent?
820 3667 925 3722 Sed
973 3670 1062 3739 qui
1117 3670 1345 3735 stabant,
1378 3681 1656 3738 steterunt,
1681 3683 1734 3728 et
1776 3675 1982 3730 lirmius

401 3763 663 3808 steterunt
691 3756 729 3808 ¹.
759 3755 894 3810 Audi
925 3773 1056 3813 sane
1080 3759 1206 3829 quid
1245 3759 1311 3813 ad
1343 3760 1704 3829 l’hilippenscs
1732 3765 1978 3820 scribens

401 3845 545 3897 dicat
595 3844 788 3899 Paulus
835 3863 850 3900 :
906 3847 1051 3903 Scire
1097 3861 1262 3904 autent
1303 3866 1389 3904 uas
1432 3853 1563 3918 volo,
1610 3857 1810 3922 fratres,
1864 3857 1983 3924 quia

402 3950 518 4003 qua
541 3935 676 3988 circa
705 3952 783 3990 me
810 3947 946 4003 sunt,
973 3939 1133 4010 magis
1162 3940 1231 3992 ad
1257 3944 1534 4011 profectum
1564 3953 1801 3996 uenerunt
1827 3959 1981 3998 evan-
2015 3964 2022 3969 '

401 4027 542 4095 getii,
570 4028 641 4079 ita
667 4037 719 4080 ut
747 4030 919 4097 plures
942 4046 970 4084 e
989 4031 1229 4100 fratribus
1258 4032 1309 4084 in
1333 4031 1570 4101 Domino,
1600 4035 1908 4102 confidentes
1927 4037 1982 4089 in

401 4118 618 4171 uinculis
643 4120 782 4183 meis,
815 4121 1154 4175 abundantius
1173 4123 1414 4177 auderent
1449 4125 1559 4178 sine
1581 4125 1756 4179 timore
1779 4127 1982 4180 verbum

400 4210 502 4264 Dei
547 4211 685 4282 loqui
715 4210 972 4282 (Philipp.
1019 4215 1066 4267 Ι.
1099 4214 1186 4268 12.
1233 4215 1344 4286 14).
1380 4216 1540 4272 Vides
1578 4217 1982 4275 fortitudinem?

402 4316 422 4350 κ
438 4299 554 4353 ides
585 4299 867 4353 liduciam?
891 4301 1036 4355 vides
1060 4303 1252 4357 anitme
1277 4306 1666 4360 constantiam?
1687 4307 1834 4363 vides
1852 4323 1982 4378 pro-

403 4391 636 4457 positum
663 4391 1010 4460 philosophia:
1056 4394 1322 4462 plenum?
1369 4395 1624 4452 Videbunt
1671 4401 1980 4470 magistrum

404 4483 458 4535 in
485 4497 704 4538 carcere
731 4493 784 4539 et
806 4484 1028 4538 vinculis
1049 4487 1384 4552 conclusum,
1418 4491 1619 4555 vexari,
1646 4493 1801 4558 ca'di,
1828 4495 1983 4551 malis

405 4573 699 4628 iunmneris
722 4574 905 4643 afﬂigi,
935 4585 1109 4630 etnon
1131 4578 1304 4631 solum
1334 4595 1438 4633 non
1465 4582 1980 4652 scandalizahantur,

403 4679 577 4733 neque
613 4665 1084 4734 perturbabantur,
1133 4668 1228 4724 sed
1257 4677 1313 4725 et
1356 4671 1608 4740 majorem
1652 4675 1982 4731 alacritatem

401 4755 770 4823 acquirebattl,
808 4765 862 4810 et
887 4757 951 4810 ad
1001 4761 1273 4814 subeunda
1313 4765 1604 4818 certamina
1636 4768 1871 4836 magistri
1901 4769 1983 4823 sui

401 4843 784 4900 afﬂictionibus
801 4849 978 4902 acrius
1000 4850 1373 4906 incitabuntur.
1401 4855 1472 4908 At
1499 4855 1639 4909 enim
1662 4857 1839 4910 cteteri
1861 4873 1984 4926 per-

405 4939 770 5002 vertehantur,
795 4938 937 4993 dicet
955 4941 1168 5009 aliquis.
1200 4942 1382 5012 Neque
1411 4960 1510 5014 ego
1532 4946 1611 4998 his
1626 4948 1935 5002 contradico
1968 4967 1982 5003 :

405 5027 694 5081 verisimile
728 5043 956 5097 namque
971 5041 1052 5085 est
1073 5031 1286 5097 multos,
1305 5033 1430 5087 dum
1452 5036 1567 5090 haec
1589 5037 1794 5101 ﬁerent,
1823 5036 1986 5093 fuisse

403 5133 723 5187 perversos;
757 5121 851 5174 sed
881 5123 1020 5190 quod
1052 5137 1196 5191 smpe
1222 5124 1352 5190 dixi,
1387 5135 1440 5180 et
1478 5126 1659 5182 dicere
1699 5145 1984 5199 numquam

400 5209 650 5272 cessabo,
701 5209 752 5264 id
796 5227 936 5266 nunc
981 5215 1140 5268 etiam
1183 5214 1353 5268 dicam
1385 5233 1396 5267 :
1426 5217 1525 5270 sibi
1570 5217 1673 5272 hoc
1725 5219 1984 5286 ejusmodi

401 5301 650 5355 homines
672 5301 934 5356 deberent
961 5304 1242 5372 imputare,
1283 5322 1388 5360 non
1426 5324 1600 5360 rerum
1651 5319 1870 5362 naturae.
1912 5310 1990 5366 Si-

402 5391 618 5458 quidem
644 5393 766 5448 hinc
788 5394 1069 5450 discedens
1093 5395 1338 5451 Christus
1365 5396 1501 5452 hanc
1529 5399 1683 5453 nobis
1718 5399 1986 5454 heredita-

406 5492 512 5534 tem
546 5483 783 5551 reliquit,
813 5485 997 5540 dicens
1030 5503 1044 5540 :
1078 5485 1143 5540 In
1186 5488 1372 5540 mundo
1421 5505 1705 5557 pressuram
1747 5489 1987 5546 habebitis

414 5571 587 5638 (Joan.
617 5575 700 5627 lti.
735 5576 848 5642 35),
874 5586 946 5641 et,
967 5578 1046 5629 Αιι
1067 5579 1326 5646 prwsitles,
1355 5589 1402 5631 et
1436 5579 1504 5632 atl
1533 5597 1671 5651 reges
1697 5583 1946 5636 ducemini
1969 5625 1982 5647 ,

411 5660 622 5731 (Matth.
660 5665 743 5719 10.
776 5667 876 5734 l8),
900 5677 971 5732 et,
1003 5667 1114 5720 Erit
1139 5679 1352 5736 tempus,
1382 5688 1495 5724 cum
1521 5673 1684 5726 outnis
1710 5673 1795 5742 qui
1829 5673 1984 5728 inter-

475 5775 494 5809 ⁸
529 5775 636 5836 λιιι,
660 5777 742 5840 qui
776 5776 904 5840 ﬁrmi
928 5788 1082 5840 erant,
1111 5787 1359 5846 steteram,
1385 5790 1430 5836 ct
1453 5785 1606 5850 magis
1630 5791 1878 5836 steterunt.

1211 370 1301 424 AD
1337 368 1468 425 EOS
1505 371 1618 438 QUI
1659 370 2149 437 SCANDALIZATI
2189 369 2386 427 SUNT.
2419 369 2546 423 LIB.
2581 366 2772 424 UNUS.

3547 363 3652 418 5M

2084 481 2257 549 fecerit
2306 497 2412 545 eos,
2463 481 2788 535 arbitrabitur
2828 482 3116 551 obsequium
3163 497 3217 534 se
3265 487 3505 549 pra-stare
3551 479 3654 532 Deo

2083 569 2261 640 (Joan.
2292 571 2377 626 16.
2407 572 2484 639 2).
2516 572 2697 640 Itaque
2739 571 2936 628 frustra
2982 573 3112 627 mihi
3146 587 3239 627 eos
3265 573 3353 642 qui
3382 572 3650 626 scandali-

2079 669 2287 725 z:tntur,
2311 661 2508 731 ubique
2533 663 2719 731 objicis
2747 680 2761 715 :
2793 677 3010 731 semper
3036 663 3174 714 enim
3200 663 3310 716 hzec
3323 660 3652 716 acciderunt.

2082 750 2149 803 Et
2171 752 2295 819 quid
2327 768 2413 807 res
2435 755 2794 821 apostolorum
2833 755 3072 823 attingo?
3096 755 3264 823 Quam
3307 755 3456 809 multi
3496 771 3656 809 cruce

2083 841 2250 911 ipsius
2272 845 2506 898 omnium
2547 858 2783 900 nostrum
2815 846 3020 900 Domini
3049 848 3387 901 scandalizati
3417 856 3569 912 sunt,
3604 857 3656 901 et

2081 933 2366 1002 nequiores
2405 947 2564 1005 atque
2617 937 2929 991 audaciores
2991 949 3113 990 sunt
3159 938 3312 1001 facti,
3359 953 3480 993 cum
3524 955 3657 1006 prze-

2083 1032 2350 1078 tereuntes
2387 1026 2555 1094 ipsum
2611 1027 2933 1090 irridebant,
2985 1027 3262 1082 dicentes:
3298 1028 3397 1092 Qui
3445 1027 3656 1081 destruit

2083 1115 2342 1184 templum,
2368 1126 2414 1168 et
2439 1117 2492 1169 in
2520 1117 2686 1171 triduo
2716 1118 2845 1171 illud
2865 1119 3156 1186 recedi/ient,
3177 1120 3302 1172 alios
3328 1121 3492 1172 salvos
3515 1122 3654 1190 fecit,

2082 1205 2303 1274 seipsum
2333 1221 2432 1258 non
2459 1217 2616 1277 potest
2659 1209 2854 1261 salvum
2890 1209 3099 1276 facere?
3137 1209 3199 1262 Si
3242 1208 3409 1262 Filius
3455 1208 3548 1264 Dei
3581 1226 3654 1274 es,

2083 1293 2327 1347 descende
2345 1295 2407 1348 de
2433 1313 2600 1362 cruce,
2626 1308 2673 1351 et
2698 1299 2955 1351 credemus
2981 1300 3033 1352 in
3063 1311 3111 1352 te
3140 1300 3157 1368 (
3193 1297 3378 1353 Matth.
3411 1300 3497 1353 ‘37.
3521 1301 3590 1355 40
3612 1302 3655 1372 ).

2081 1381 2192 1437 Nec
2217 1396 2388 1440 tamen
2414 1386 2500 1441 istl
2525 1387 2864 1443 excusatione
2897 1389 3042 1458 digni
3073 1390 3264 1444 fuerint
3303 1401 3516 1462 propter
3531 1407 3656 1446 cru-

2083 1491 2221 1529 cem.
2248 1476 2381 1531 Nam
2408 1493 2594 1533 omnes
2634 1480 2894 1549 ejusmodi
2938 1482 3076 1536 latro
3102 1492 3336 1536 accusat.
3384 1483 3656 1552 Siquidem

2085 1568 2172 1623 ille
2191 1569 2402 1624 sublimi
2423 1571 2566 1626 cruci
2588 1571 2805 1627 aflixum
2831 1573 2978 1638 vidit,
3007 1584 3060 1628 et
3085 1589 3191 1628 non
3214 1575 3371 1630 modo
3396 1576 3659 1630 scandali-

2083 1667 2234 1713 zatus
2265 1671 2494 1728 nonest,
2518 1662 2612 1717 sed
2639 1663 2763 1718 inde
2799 1679 3009 1735 quoque
3047 1665 3300 1735 majorem
3329 1666 3395 1720 ad
3427 1666 3659 1735 philoso-

2086 1749 2352 1820 phandum
2379 1753 2713 1808 occasionem
2735 1757 2958 1824 accepit,
2977 1771 3270 1826 orunesque
3294 1773 3379 1812 res
3399 1757 3660 1813 humanas

2086 1841 2486 1906 transcendens,
2509 1852 2564 1898 et
2587 1845 2686 1897 alis
2709 1843 2829 1898 fidei
2861 1846 2912 1898 in
2929 1846 3091 1898 altum
3122 1858 3340 1900 evectus
3358 1888 3374 1914 ,
3402 1847 3470 1902 de
3499 1848 3658 1902 rebus

2085 1929 2276 1983 futuris
2320 1931 2741 2001 philosophatur.
2795 1935 2923 1987 Cum
2963 1935 3103 1988 enirn
3162 1936 3395 2005 patibulo
3441 1937 3656 1990 aflixum

2083 2029 2348 2087 cerneret,
2401 2021 2709 2078 verberibus
2752 2038 2971 2089 caesum,
3019 2027 3357 2081 contumeliis
3384 2025 3654 2093 aﬂ‘ectum,

2085 2113 2208 2168 felle
2234 2123 2492 2182 potatutu,
2519 2117 2687 2184 sputis
2701 2132 3064 2187 conspersum,
3090 2133 3120 2174 a
3149 2128 3294 2172 tanto
3319 2119 3514 2190 populo
3534 2120 3660 2174 sub-

2084 2212 2385 2271 sannatum,
2407 2221 2436 2258 a
2461 2205 2640 2274 judice
2661 2207 2986 2275 damnatum,
3018 2209 3084 2263 ad
3106 2218 3330 2264 mortem
3351 2211 3657 2276 abductum,

2087 2295 2233 2349 nullo
2261 2297 2484 2352 istorum
2529 2299 2916 2354 scandalizatus
2961 2309 3046 2356 est
3074 2318 3088 2354 :
3116 2301 3210 2355 sed
3255 2316 3376 2355 cum
3417 2316 3660 2358 cerneret

2085 2399 2296 2442 crucem
2322 2396 2375 2442 et
2401 2389 2580 2442 clavos
2606 2391 2834 2458 delixos,
2853 2399 2908 2445 et
2926 2400 3124 2445 tantam
3149 2392 3262 2446 tieri
3289 2393 3660 2448 subsannatio-

2085 2491 2206 2530 rtem
2235 2491 2267 2532 a
2289 2478 2443 2547 plebe
2471 2479 2774 2548 depravata,
2805 2491 2946 2536 recta
2984 2484 3096 2551 ipse
3134 2484 3213 2536 via
3259 2484 3536 2538 incedebat
3575 2485 3660 2538 di-

2085 2583 2215 2624 cens
2245 2587 2260 2624 :
2293 2570 2546 2625 Memento
2577 2573 2672 2626 mei
2695 2573 2745 2626 in
2771 2591 2925 2645 regno
2947 2585 3033 2627 tuo
3062 2574 3209 2646 (Luc.
3236 2575 3325 2631 25.
3356 2575 3484 2646 42);
3519 2587 3572 2630 et
3610 2578 3660 2630 ei

2084 2660 2172 2729 qui
2194 2661 2560 2728 maledicebat,
2586 2678 2646 2716 os
2672 2665 3007 2728 occludebat,
3041 2680 3242 2735 suaque
3267 2677 3479 2735 peccata
3493 2670 3661 2722 confi-

2088 2751 2315 2816 tebatur,
2342 2753 2483 2809 etde
2528 2757 2918 2811 resurrectione
2959 2757 3426 2828 philosophabatur
3457 2778 3472 2816 :
3502 2762 3661 2833 idque

2085 2857 2206 2897 cum
2256 2845 2517 2900 excitatos
2555 2857 2795 2902 mortuos
2835 2866 2941 2903 non
2992 2851 3229 2918 vidisset,
3281 2869 3386 2908 non
3419 2855 3659 2925 leprosos

2086 2934 2385 3000 mandatos,
2420 2952 2525 2990 non
2551 2937 2766 2992 claudos
2789 2952 3025 3007 sanatos,
3070 2956 3176 2995 non
3220 2959 3367 2998 mare
3416 2945 3656 3000 refrena-

2087 3033 2221 3092 tum,
2249 3041 2354 3080 non
2381 3027 2652 3084 dat-itiones
2676 3029 2895 3098 ejectos,
2923 3046 3026 3086 non
3067 3047 3229 3102 panes
3259 3037 3656 3106 nmltiplicatos,

2088 3129 2192 3169 non
2211 3116 2314 3170 alia
2334 3132 2452 3187 qua:
2493 3117 2742 3174 Judaicus
2779 3120 3006 3191 populus
3052 3134 3415 3191 spectaverat,
3439 3135 3492 3181 et
3537 3143 3656 3182 cmn

2084 3217 2394 3276 spectasset,
2426 3226 2544 3264 eum
2566 3213 2708 3267 cruci
2734 3214 2995 3268 afllxerat.
3023 3215 3117 3269 llic
3133 3231 3259 3271 vero
3279 3232 3398 3272 cum
3425 3221 3661 3292 patibulo

2085 3300 2302 3355 aflixum
2328 3304 2712 3372 conspexisset,
2739 3313 2793 3359 et
2823 3306 2988 3361 Deum
3025 3307 3170 3361 illum
3187 3312 3463 3365 confessus
3483 3321 3583 3380 est,
3607 3323 3661 3368 et

2086 3392 2236 3462 regni
2261 3395 2521 3459 meminit,
2554 3406 2606 3450 ct
2632 3397 2699 3452 de
2723 3398 2883 3452 rebus
2906 3397 3097 3454 futuris
3127 3401 3527 3472 philosophatus
3555 3417 3656 3470 est;

2084 3493 2141 3538 at
2165 3485 2239 3538 illi
2269 3486 2358 3554 qui
2383 3488 2632 3542 miracula
2660 3489 2938 3544 facientem
2969 3505 3386 3562 conspexerant,
3431 3505 3484 3551 et
3527 3512 3662 3568 quos

2087 3575 2281 3645 partim
2300 3577 2502 3645 verbis,
2522 3580 2716 3648 partim
2749 3581 2999 3650 Operibns
3045 3583 3175 3653 ipsis
3202 3585 3463 3642 doctrina:
3493 3591 3660 3656 parti-

2085 3669 2231 3736 cipes
2259 3668 2475 3737 fecerat,
2493 3688 2600 3726 non
2627 3671 2785 3727 modo
2816 3673 2946 3728 nihil
2974 3675 3096 3730 inde
3123 3663 3361 3732 utilitatis
3381 3692 3660 3748 ceperunt,

2085 3759 2178 3811 sed
2207 3775 2328 3813 cum
2374 3764 2428 3814 in
2475 3778 2687 3817 crucem
2721 3764 2868 3817 illum
2901 3767 3230 3829 sustulerint,
3267 3768 3320 3822 in
3363 3779 3659 3826 extrctnmn

2086 3849 2401 3916 perditionis
2425 3862 2546 3905 sunt
2567 3853 2871 3907 barathrum
2893 3854 3144 3908 devoluti.
3161 3856 3320 3913 Vides
3348 3868 3403 3912 ut
3430 3860 3657 3930 improbi

2086 3950 2138 3994 et
2165 3941 2375 3998 desides
2403 3959 2470 3998 ne
2496 3960 2560 3998 ex
2592 3946 2749 4000 rebus
2774 3946 2988 4015 quidem
3039 3949 3257 4005 utilibus
3303 3949 3530 4008 fructum
3562 3956 3658 4010 ali-

2086 4049 2242 4105 quem
2275 4037 2566 4106 percipiant
2596 4055 2613 4094 :
2645 4039 2792 4108 probi
2827 4050 3004 4094 autem
3034 4055 3100 4096 ac
3124 4042 3328 4113 vigiles,
3359 4047 3549 4116 quibus
3575 4064 3660 4104 re-

2087 4126 2186 4180 bus
2233 4127 2322 4181 alii
2370 4128 2811 4194 scandalizantur,
2844 4149 3104 4188 summam
3137 4148 3201 4187 ex
3237 4137 3340 4191 illis
3380 4139 3659 4195 utilitatem

2087 4217 2417 4286 decerpant?
2448 4219 2558 4272 lloc
2587 4229 2642 4274 et
2669 4220 2720 4273 itt
2745 4220 2904 4288 Juda,
2927 4225 3057 4278 etin
3105 4225 3208 4279 Job
3253 4242 3475 4284 cernere
3515 4231 3658 4286 licet;

2087 4309 2216 4363 Nam
2239 4311 2404 4366 Judas
2428 4328 2494 4366 ne
2514 4328 2544 4366 a
2565 4313 2778 4368 Christo
2807 4315 3038 4384 quidem,
3071 4318 3160 4385 qui
3186 4321 3437 4374 ntundum
3463 4323 3664 4378 instau-

2089 4405 2246 4469 ravit,
2275 4404 2452 4458 salvus
2481 4405 2594 4458 fieri
2621 4407 2792 4477 potuit
2825 4423 2840 4460 :
2864 4407 2965 4461 Joh
2991 4419 3166 4462 autem
3196 4425 3292 4464 nec
3319 4413 3385 4464 ab
3413 4412 3526 4481 ipso
3543 4415 3662 4467 dia-

2087 4493 2234 4560 bolo,
2262 4495 2350 4565 qui
2380 4508 2484 4550 tam
2521 4499 2714 4552 tuultos
2758 4499 3020 4568 perdidit,
3077 4500 3234 4554 laasus
3280 4512 3380 4556 est.
3436 4505 3537 4558 Sed
3579 4505 3663 4559 hic

2087 4585 2301 4653 quidem
2351 4586 2498 4641 mille
2526 4586 2802 4642 divexatus
2835 4590 2990 4644 malis
3041 4590 3266 4658 palmam
3326 4600 3661 4660 reportavit:

2090 4677 2178 4730 ille
2207 4692 2336 4731 vero
2373 4677 2462 4746 qui
2509 4678 2659 4747 signa
2686 4690 3054 4747 conspexerat,
3085 4690 3140 4734 et
3168 4681 3284 4749 ipse
3315 4680 3534 4751 fecerat,
3575 4689 3662 4756 qui

2090 4776 2332 4822 mortuos
2374 4770 2677 4836 suscitaret,
2730 4779 2784 4824 et
2820 4771 3091 4826 dzemones
3133 4774 3404 4840 cXpulcrat
3430 4777 3576 4846 (nam
3610 4789 3662 4833 ct

2092 4860 2226 4915 hanc
2248 4860 2362 4930 ipse
2389 4869 2706 4930 potestatem
2739 4861 3000 4933 accepit),
3051 4864 3142 4932 qui
3179 4865 3248 4919 de
3295 4881 3458 4937 regno
3481 4885 3542 4924 ac
3570 4887 3664 4940 ge-

2093 4953 2266 5008 henna
2296 4956 2498 5010 inﬁnita
2547 4955 2844 5020 audiverat,
2874 4958 2962 5026 qui
2993 4959 3282 5027 spiritualis
3311 4978 3505 5017 mensa:
3537 4981 3660 5034 par-

2093 5045 2257 5115 ticeps
2273 5047 2463 5111 fuerat,
2491 5047 2578 5117 qui
2606 5048 2939 5102 tremendum
2968 5050 3033 5103 ad
3067 5049 3193 5104 illud
3245 5053 3544 5107 convivium
3574 5057 3668 5109 ad-

2092 5139 2285 5192 missus
2307 5138 2496 5200 fuerat,
2549 5155 2675 5208 erga
2719 5153 2877 5207 quem
2914 5149 3114 5194 tantam
3158 5142 3584 5199 benevolentiam
3615 5158 3669 5200 ct

2091 5243 2272 5282 curam
2298 5230 2631 5292 exhibuerat,
2660 5241 2906 5300 quantam
2925 5246 3046 5301 erga
3066 5232 3301 5296 Petrum,
3323 5234 3669 5304 etJacobum,

2091 5333 2144 5374 et
2172 5320 2454 5385 Joannem,
2500 5324 2606 5376 imo
2655 5340 2784 5377 vero
2835 5325 3092 5392 majorem
3127 5346 3141 5380 :
3173 5328 3434 5397 siquidem
3480 5342 3672 5400 pra-ter

2091 5413 2249 5465 aliam
2272 5413 2682 5469 sollicitudinem
2707 5423 2763 5468 et
2788 5415 3171 5485 dignationem,
3195 5434 3297 5487 qua
3344 5419 3490 5473 illurn
3523 5437 3672 5476 cont-

2095 5505 2281 5574 plexus
2309 5513 2444 5567 erat,
2478 5505 2715 5574 pecuniae
2731 5522 3028 5577 pauperqu
3071 5506 3243 5562 fuerat
3279 5509 3351 5563 illi
3392 5513 3676 5567 connuissa

2093 5597 2360 5658 custodia;
2391 5606 2501 5650 tum
2542 5612 2669 5651 vero
2713 5598 2813 5652 iste
2840 5607 2959 5667 post
3000 5608 3214 5668 accepta
3252 5599 3504 5653 beneficia
3553 5600 3691 5654 furi-

2095 5685 2270 5740 bunda
2293 5688 2519 5757 quadam
2572 5689 2846 5743 insolentia
2895 5692 3059 5758 cat-pit
3083 5691 3280 5755 efferri,
3323 5704 3384 5742 ac
3425 5688 3684 5743 Satanam

2108 5778 2495 5845 perat‘aritiam
2527 5781 2834 5836 inanimum
2885 5795 3039 5835 suum
3084 5781 3395 5839 admittens,
3440 5774 3692 5839 prOdttor
