4030 6206
412 346 518 405 εὸίό

411 459 584 515 factus
609 466 714 525 est,
745 465 800 513 et
827 456 969 529 quod
1006 466 1165 528 caput
1197 464 1282 511 est
1331 454 1591 509 malorum
1625 452 1992 522 perpetravit,

411 552 573 609 talem
603 550 914 621 sanguinem
941 549 1153 619 triginta
1178 547 1448 617 argenteis
1492 543 1757 613 vendidit,
1794 557 1857 598 ac
1887 542 1994 597 Do-

410 641 613 696 minum
663 641 855 695 osculo
895 639 1127 709 prodidit.
1177 637 1531 694 fraudulento.
1579 637 1747 704 Quam
1799 633 1995 689 multos

408 741 563 800 putas
595 731 695 784 hoc
719 729 879 783 etiam
908 727 1298 785 scandalizatus
1324 742 1445 784 esse
1468 767 1485 792 ,
1510 727 1651 797 quod
1679 742 1709 780 a
1735 724 1996 795 discipulo

407 820 635 891 proditio
658 820 726 875 sit
752 818 982 873 admissa
1002 819 1027 871 ‘l
1050 819 1186 887 Quid
1210 834 1336 875 vero
1361 819 1558 874 deserti
1582 818 1775 885 incola,
1799 819 1995 873 sterilis

407 913 607 982 proles,
641 912 910 969 Zachariae
942 912 1102 977 filius,
1134 912 1226 982 qui
1271 922 1514 966 sanctum
1546 927 1609 966 ac
1656 912 1992 967 tremendum

404 1003 538 1058 illud
563 1015 723 1073 caput
752 1005 948 1060 meruit
971 1005 1262 1075 baptizare,
1299 1004 1486 1075 suique
1516 1004 1726 1059 Domini
1757 1019 1992 1073 praecur-

402 1113 495 1150 sor
525 1097 663 1162 ﬁeri,
686 1112 808 1152 cum
841 1097 894 1151 in
926 1094 1153 1151 carcere’
1171 1096 1473 1162 habitabat,
1498 1111 1619 1151 cum
1647 1096 1825 1166 capite
1847 1106 1996 1150 trun-

401 1190 643 1253 cabatur,
676 1200 732 1244 et
758 1190 811 1244 in
840 1190 1157 1244 meretriciae
1186 1190 1484 1244 saltationis
1514 1189 1789 1258 praemium
1818 1188 1993 1242 eardes

402 1280 833 1348 permittebatur,
865 1296 1022 1350 quam
1047 1281 1246 1335 multos
1269 1280 1656 1334 seandalizatos
1682 1288 1792 1335 tum
1827 1279 1993 1334 fuisse

402 1372 727 1426 arbitraris?
780 1372 918 1440 Quid
965 1371 1086 1427 dico
1127 1382 1233 1427 tum
1289 1372 1579 1442 temporis?
1619 1372 1788 1439 Quam
1839 1370 1991 1426 multi

401 1476 543 1516 nunc
565 1472 684 1531 post
715 1472 917 1516 tanmm
947 1472 1156 1533 tempus
1184 1463 1443 1533 elapsum,
1462 1464 1589 1518 dum
1615 1463 1730 1518 hmc
1748 1463 1987 1528 audiunt,

401 1552 864 1608 scandalizentur?
884 1553 1020 1624 Quid
1046 1553 1167 1608 dico
1194 1553 1477 1619 JOannem,
1508 1563 1562 1609 et
1595 1570 1889 1619 carcerem,
1937 1562 1992 1607 et

400 1641 603 1696 eaedem
633 1643 798 1710 illam,
821 1655 877 1699 ct
900 1645 1040 1699 circa
1068 1660 1254 1700 servos
1274 1660 1528 1715 oceupor,
1558 1660 1681 1700 cum
1703 1646 1770 1700 ad
1812 1646 1991 1700 Domi-

398 1750 523 1787 num
552 1735 721 1803 ipsum
751 1751 1030 1792 recurrere
1054 1738 1370 1805 oporteret?

467 1824 595 1878 Cu.
631 1824 747 1879 XV.
785 1826 1093 1896 [insipientes
1133 1828 1285 1880 etiam
1324 1844 1389 1882 ex
1421 1845 1480 1882 eo
1510 1828 1646 1898 quod
1679 1838 1830 1899 caput
1876 1837 1989 1883 erat

401 1913 665 1981 bonorum,
696 1916 791 1969 hoc
820 1927 892 1969 est
916 1932 979 1971 ea:
1000 1933 1146 1971 cruce
1164 1957 1187 1983 ,.
1225 1934 1314 1987 per
1340 1935 1493 1988 quam
1529 1919 1699 1973 salvus
1725 1923 1891 1989 factus
1918 1931 1989 1975 est

396 2006 530 2059 orbis
559 2017 843 2073 terrarum,
874 2009 1172 2063 scandalum
1215 2026 1397 2079 passos
1428 2027 1553 2065 esse.
1580 2041 1651 2061 -—-
1674 2011 1814 2066 Crux
1843 2015 1985 2070 enim

392 2096 613 2163 Christi,
637 2114 759 2169 quae
791 2099 1047 2155 mundum
1075 2102 1377 2157 universum
1399 2104 1588 2165 erexit,
1606 2120 1724 2175 qua:
1744 2119 1985 2160 errorem

394 2191 630 2257 sustulit,
656 2207 777 2261 qum
799 2200 994 2247 terram
1026 2193 1076 2245 in
1102 2193 1292 2248 caelum
1314 2196 1577 2250 convertit
1594 2237 1617 2261 ,η
1641 2212 1759 2267 quae
1794 2214 1986 2253 nervos

395 2280 586 2336 mortis
605 2282 820 2348 excidit,
853 2299 974 2352 qua:
1010 2283 1277 2340 infernum
1314 2285 1556 2341 inutilem
1587 2288 1841 2356 reddidit,
1864 2306 1985 2359 qua:

390 2372 588 2427 diaboli
613 2388 793 2428 arcem
837 2376 1052 2443 evertit,
1102 2392 1220 2446 quae
1247 2378 1584 2437 daemonibus
1627 2395 1689 2436 os
1736 2383 1981 2451 occlusit,

389 2480 508 2533 qua:
538 2462 780 2520 homines
806 2466 1026 2535 angelos
1046 2467 1317 2537 reddidit,
1336 2485 1456 2539 quae
1484 2471 1668 2526 altaria
1696 2475 1981 2543 subvertit,

388 2563 444 2608 et
474 2554 736 2610 idolorum
773 2556 969 2626 templa
1003 2556 1310 2627 destruxit,
1358 2575 1477 2630 quae
1516 2577 1709 2618 novam
1734 2573 1792 2617 et
1818 2565 1983 2621 inusi-

394 2653 557 2701 tatam
618 2646 758 2703 banc
810 2649 1205 2721 philosophiam
1248 2651 1301 2707 in
1348 2663 1543 2708 terram
1586 2654 1807 2723 invexit,
1861 2674 1982 2728 quae

388 2737 526 2792 bona
552 2738 755 2810 peregit
797 2739 1095 2807 innumera,
1141 2742 1257 2797 hinc
1285 2744 1584 2812 tremenda,
1624 2747 1877 2817 ingentia,
1927 2756 1982 2804 et

387 2825 656 2893 sublimia,
702 2845 880 2886 nonne
928 2831 1109 2886 multis
1162 2833 1473 2895 scandalum
1522 2838 1741 2893 attulit?
1790 2838 1981 2897 Nonne

385 2920 622 2991 quotidie
640 2922 834 2976 clamat
854 2924 1047 2979 Paulus
1061 2925 1267 2992 dicens,
1301 2942 1475 2998 neque
1498 2929 1821 2987 erubescens
1843 2932 1981 2989 :Nos

381 3020 551 3063 autem
576 3012 911 3081 prwdicamus
936 3015 1192 3070 Christum
1212 3020 1533 3087 cruci/urunt,
1551 3020 1752 3077 Judaei;
1777 3025 1981 3094 quidem

384 3101 704 3171 scandalum,
742 3103 983 3162 Gentibus
1022 3118 1191 3163 autent
1237 3112 1505 3166 stultitiam
1545 3112 1619 3185 (l.
1646 3114 1764 3171 Cor.
1792 3115 1980 3189 l.9.3)?

384 3190 522 3258 Quid
547 3192 721 3264 igitur,
744 3196 853 3261 die,
873 3199 1078 3266 qmeso?
1094 3215 1200 3253 non
1220 3202 1457 3269 oportuit
1474 3203 1597 3257 ferri
1614 3219 1851 3271 crucem,
1880 3224 1977 3262 ne-

385 3300 489 3353 que
502 3288 834 3344 tremendum
859 3289 986 3345 illud
1007 3290 1323 3346 sacriﬁcium
1347 3293 1547 3359 olferri,
1563 3311 1741 3365 neque
1753 3306 1830 3351 tot
1843 3314 1978 3367 pra:-

387 3379 531 3435 elara
553 3380 786 3436 facinora
805 3383 1024 3454 patrari,
1052 3393 1327 3455 propterea
1349 3388 1490 3456 quod
1523 3404 1607 3442 res
1632 3389 1722 3443 illa
1746 3405 1976 3458 pereun-

386 3470 526 3525 tibus
550 3483 667 3526 erat
694 3474 1029 3541 scandalum,
1047 3485 1103 3531 et
1131 3485 1267 3545 tum,
1293 3486 1348 3532 et
1364 3477 1635 3548 deinceps,
1656 3490 1711 3534 et
1729 3485 1974 3551 sequenti

382 3562 573 3630 quovis
600 3565 877 3633 tempore?
901 3563 1034 3632 Quis
1061 3565 1197 3621 adeo
1228 3566 1461 3623 furiosus
1487 3579 1592 3635 est,
1627 3570 1767 3625 adeo
1795 3580 1975 3628 mente

383 3660 590 3720 captus,
620 3663 681 3706 ut
700 3652 804 3708 hoc
828 3654 1013 3709 dicat?
1042 3656 1113 3711 Ut
1158 3657 1319 3726 igitur
1360 3657 1463 3713 hoc
1509 3661 1630 3716 loco
1656 3677 1761 3716 non
1787 3677 1971 3718 eorum

382 3753 468 3798 est
526 3742 768 3799 habenda
810 3746 945 3801 ratio
973 3747 1063 3817 qui
1105 3748 1555 3818 seandalizantur,
1589 3753 1800 3808 tametsi
1842 3755 1972 3813 tanti

383 3837 490 3891 sint
518 3851 762 3902 numero,
794 3839 887 3892 sed
909 3854 1094 3894 eorum
1125 3840 1215 3910 qui
1245 3841 1375 3895 salvi
1394 3836 1518 3897 facti
1538 3853 1683 3910 sunt,
1709 3846 1800 3916 qui
1833 3862 1975 3916 pra-

381 3928 526 3983 elare
550 3939 849 4000 gesserunt,
889 3932 978 4002 qui
1021 3948 1114 4002 per
1144 3943 1344 3989 tantam
1387 3936 1705 4005 sapientiam
1732 3941 1974 4009 proli-ce-

383 4027 545 4083 rnnt;
575 4034 750 4090 neque
777 4022 1061 4077 dicendum
1082 4034 1167 4080 est
1185 4026 1345 4097 objici
1375 4042 1535 4097 posse
1561 4028 1683 4084 illos
1706 4032 1797 4100 qui
1819 4046 1972 4089 scan-

381 4110 593 4165 dalizati
623 4122 769 4176 sunt,
793 4128 914 4171 eum
940 4116 1040 4170 sibi
1064 4119 1255 4174 merito
1277 4119 1376 4188 ipsi
1401 4122 1611 4190 possint
1640 4123 1767 4179 illud
1795 4125 1970 4196 impu-

377 4211 500 4261 tare
554 4220 569 4258 :
627 4203 694 4257 ita
745 4205 995 4260 nimirum
1040 4223 1210 4280 neque
1246 4209 1349 4266 hoc
1391 4223 1648 4284 tempore.
1698 4216 1968 4287 Siquidem

380 4294 691 4349 scandalum
717 4314 820 4352 non
840 4312 907 4351 ex
930 4307 1113 4352 natura
1132 4301 1305 4355 erucis
1325 4302 1539 4368 accidit,
1562 4305 1658 4360 sed
1682 4322 1750 4362 ex
1779 4324 1962 4363 eorum

380 4385 607 4441 stultitia
628 4388 714 4458 qui
739 4388 1081 4444 seandalizati
1098 4401 1222 4445 sunt
1244 4410 1258 4459 ;
1290 4408 1445 4463 quam
1466 4395 1535 4449 ob
1556 4411 1769 4451 causam
1791 4400 1971 4468 adjicit

368 4482 539 4542 gtiam
558 4478 757 4541 Paulus
787 4497 802 4532 :
836 4479 971 4552 Ipsis
987 4496 1152 4536 autem
1177 4485 1385 4549 vocatis,
1411 4484 1613 4542 Judwix
1633 4497 1782 4559 atque
1820 4490 1969 4545 (Ira:-

366 4571 470 4636 .cis,
496 4570 754 4625 Christum
780 4570 873 4626 Dei
895 4573 1125 4631 virtutem
1146 4585 1193 4627 et
1216 4573 1312 4630 Dei
1333 4578 1635 4647 sapientiam
1653 4579 1758 4652 (Ib.
1778 4596 1825 4634 υ.
1850 4582 1965 4654 2b):

367 4663 806 4736 quandoquidem
834 4665 912 4720 sol
935 4682 1149 4735 quoque
1171 4667 1378 4724 debiles
1406 4670 1591 4726 oculos
1628 4672 1792 4731 hedit.
1832 4675 1967 4742 Quid

366 4757 544 4823 ergo?
584 4770 690 4809 non
733 4756 970 4826 oportuit
1009 4772 1130 4812 esse
1168 4759 1378 4813 solem?
1409 4761 1508 4816 Mel
1535 4780 1749 4834 quoque
1777 4768 1967 4822 morbo

374 4837 745 4898 laborantibus
790 4856 1030 4896 amarum
1059 4840 1286 4898 videtur.
1317 4844 1453 4912 Quid
1468 4847 1639 4917 ergo?
1666 4866 1790 4906 num
1837 4852 1965 4908 illud

367 4947 407 4986 e
454 4930 629 4987 medio
663 4933 951 4989 tollendum
1005 4935 1122 4988 est?
1163 4935 1268 5005 Ipsi
1320 4940 1572 5009 apostoli,
1620 4958 1799 4999 nonne
1845 4947 1965 5002 aliis

365 5021 588 5089 quidem
618 5021 753 5077 odor
777 5025 965 5079 mortis
986 5025 1039 5079 in
1067 5036 1315 5095 mortem,
1344 5030 1461 5086 aliis
1491 5041 1667 5087 autem
1686 5035 1818 5091 odor
1841 5038 1965 5093 vita:

366 5115 426 5169 in
463 5115 621 5168 vitam
663 5113 877 5170 fuerunt
924 5115 999 5182 (9..
1031 5116 1147 5171 Cor.
1177 5118 1232 5173 2.
1266 5120 1393 5192 16)?
1433 5124 1518 5178 An
1557 5125 1713 5196 igitur
1747 5138 1966 5198 propter

368 5222 466 5260 eos
494 5205 584 5275 qui
613 5215 857 5276 pereunt,
883 5214 1027 5265 tanta
1071 5209 1227 5275 potiri
1272 5226 1398 5267 cura
1446 5230 1555 5271 non
1595 5219 1831 5287 oportuit
1871 5233 1965 5277 eos

366 5297 459 5367 qui
491 5298 713 5352 vivunt?
741 5298 856 5367 Ipse
884 5313 1011 5353 vero
1050 5299 1246 5357 Christi
1283 5303 1564 5374 adventus,
1603 5318 1658 5363 et
1689 5310 1834 5364 salus
1863 5324 1961 5365 no-

372 5398 501 5452 stra,
536 5388 656 5444 fons
698 5390 992 5457 bonorum,
1028 5403 1086 5449 et
1114 5395 1247 5461 vita,
1278 5395 1414 5451 bona
1461 5399 1742 5454 innumera
1764 5441 1780 5464 ,
1802 5415 1959 5470 quam

366 5479 552 5537 multis
578 5484 755 5552 gravia
788 5484 1002 5541 fuerunt
1030 5498 1086 5543 et
1121 5487 1343 5545 molesta
1366 5489 1388 5544 ?
1415 5504 1573 5559 quam
1622 5491 1821 5544 multos
1862 5504 1962 5545 ex-

364 5572 644 5626 cusatione
673 5588 736 5628 ac
756 5576 908 5630 venia
936 5578 1244 5647 privarunt?
1273 5577 1386 5634 Non
1418 5579 1570 5635 audis
1597 5580 1723 5650 quid
1768 5580 1835 5634 de
1867 5579 1959 5635 Ju-

364 5662 500 5717 dmis
517 5662 760 5721 Christus
779 5668 963 5724 dicat?
992 5670 1052 5725 Si
1080 5689 1182 5725 non
1210 5673 1471 5736 venissem,
1496 5681 1540 5727 et
1570 5673 1806 5741 loquutus
1822 5671 1952 5741 fuis-

373 5766 477 5807 sem
497 5756 590 5827 eis,
614 5768 878 5822 peccatum
905 5776 1002 5815 non
1024 5761 1261 5815 baberent
1288 5778 1306 5814 :
1331 5779 1464 5816 nunc
1480 5772 1647 5816 autem
1673 5764 1952 5822 excusatio-

1758 6100 1987 6164 ,θλ-ι

1120 344 1177 401 S.
1216 341 1494 401 JOANNIS
1534 336 2008 401 CIIRYSOSTOMI
2043 336 2364 401 ARCHIEP.
2402 337 2937 401 CONSTANTINOP.

3580 348 3687 402 516

2109 466 2223 504 nem
2259 467 2358 504 non
2390 450 2572 505 habent
2613 451 2677 506 de
2701 461 2907 522 peccato
2932 468 3022 507 suo
3047 453 3067 523 (
3088 451 3247 507 Joan.
3279 454 3363 510 l5.
3391 454 3462 509 22
3483 456 3523 524 ).
3553 457 3691 525 Quid

2103 540 2270 605 ergo?
2300 555 2366 594 an
2394 542 2516 610 quia
2540 552 2658 611 post
2681 542 2968 598 adventum
2992 543 3368 599 inexcusabilia
3404 544 3538 601 facta
3567 561 3693 603 sunt

2102 646 2287 686 eorum
2311 641 2546 701 peccata,
2573 648 2677 687 non
2727 633 2963 704 oportuit
3014 634 3163 689 illum
3194 635 3449 691 advenire
3473 650 3693 708 propter

2100 737 2195 777 eos
2226 723 2313 793 qui
2340 721 2481 778 bono
2511 723 2648 779 male
2674 737 2798 779 sunt
2826 726 2944 779 usi?
2968 725 3097 793 Quis
3139 726 3240 781 hoc
3279 726 3462 782 dicat?
3501 728 3690 797 Nenin,

2100 828 2275 883 neque
2320 814 2365 867 si
2392 816 2547 883 plane
2584 816 2659 871 sit
2703 826 2882 872 mente
2907 826 3114 888 captus.
3136 816 3274 885 Quid
3305 835 3433 875 vero
3454 834 3522 875 ex
3549 820 3692 876 Scri-

2100 904 2291 974 pturis,
2324 921 2525 975 qumsn,
2551 922 2708 977 quam
2766 907 2917 962 multi
2962 909 3271 964 scandalum
3323 914 3690 982 acceperunt?

2100 1010 2258 1064 quam
2291 996 2470 1051 multa:
2521 997 2754 1054 Ιιιιετοεεε
2781 998 2906 1054 inde
2931 1001 3268 1056 occasionem
3309 1004 3689 1075 arripuerunt?

2099 1086 2181 1139 An
2205 1086 2363 1157 igitur
2383 1090 2621 1157 oportuit
2651 1089 2831 1147 delere
2847 1091 3152 1163 Seripturas
3184 1094 3254 1149 ob
3275 1109 3369 1149 eos
3395 1097 3484 1166 qui
3529 1112 3690 1152 scan-

2097 1176 2309 1234 dalizati
2346 1180 2511 1235 sunt?
2537 1192 2627 1236 aut
2654 1198 2721 1239 ne
2745 1185 2812 1238 ab
2836 1184 2989 1240 initio
3026 1187 3241 1255 quidem
3259 1190 3455 1244 ~tmdi?
3478 1190 3688 1261 Nequa-

2097 1286 2253 1340 quam
2288 1289 2301 1323 :
2333 1272 2441 1328 imo
2470 1290 2599 1329 vero
2639 1277 2871 1333 maxime
2900 1281 3137 1348 oportuit
3165 1281 3298 1335 tradi
3329 1293 3545 1352 propter
3568 1300 3683 1350 eos,

2094 1361 2161 1415 ad
2216 1377 2353 1434 quos
2403 1380 2591 1435 magna
2631 1367 2754 1422 inde
2798 1367 2981 1424 debuit
3034 1371 3234 1427 utilitas
3276 1372 3569 1430 dimanare.
3604 1374 3686 1430 Illi

2095 1453 2239 1507 enim
2270 1454 2505 1524 sibiipsis
2542 1455 2561 1527 (
2595 1471 2766 1527 neque
2812 1469 3058 1528 repetere
3096 1462 3281 1517 eadem
3319 1479 3404 1519 me
3445 1465 3685 1537 pigebit)

2094 1543 2342 1598 scandala
2390 1546 2654 1613 imputent
2682 1565 2696 1602 :
2727 1550 2818 1619 qui
2871 1566 3000 1605 vero
3041 1555 3326 1608 maximam
3382 1556 3506 1611 inde
3554 1573 3681 1613 sunt

2091 1632 2375 1691 utilitatem
2407 1641 2726 1707 percepturi,
2746 1656 2851 1695 non
2882 1642 3205 1700 mediocrem
3222 1645 3487 1715 jacturam
3514 1646 3678 1705 fecis-

2092 1735 2231 1795 sent,
2274 1728 2318 1782 si
2356 1739 2571 1798 propter
2616 1732 2840 1786 aliorum
2881 1734 3275 1804 improbitatem
3306 1754 3369 1793 ac
3414 1742 3684 1813 negligen-

2093 1817 2220 1872 tiam
2255 1817 2349 1884 illi,
2383 1820 2574 1890 quibus
2601 1837 2784 1877 earnm
2817 1825 3026 1895 largitio
3061 1826 3337 1896 profutura
3372 1840 3507 1895 erat,
3538 1841 3682 1891 tanta

2090 1906 2317 1965 fuissent
2339 1910 2563 1965 utilitate
2591 1912 2835 1966 fraudati.
2857 1913 2977 1969 Noli
3004 1932 3131 1984 ergo
3160 1917 3288 1972 mihi
3330 1934 3424 1973 eos
3445 1934 3682 1977 comme-

2092 2016 2304 2055 morare
2333 2002 2420 2072 qni
2449 2015 2676 2072 pereunt
2708 2005 2885 2075 :quod
2913 2007 3054 2061 enim
3088 2009 3140 2063 in
3181 2010 3345 2079 priori
3374 2011 3507 2067 libro
3545 2013 3679 2081 dixi,

2092 2090 2270 2146 nullus
2294 2108 2358 2147 ex
2382 2093 2447 2148 iis
2470 2095 2559 2163 qui
2586 2095 2791 2165 seipsos
2822 2098 3013 2168 injuria
3043 2116 3149 2155 non
3179 2102 3438 2167 alliciunt,
3466 2105 3534 2158 ab
3558 2104 3683 2161 aliis

2091 2181 2209 2237 laedi
2240 2194 2432 2253 potest,
2465 2188 2710 2256 quamvis
2733 2188 2800 2244 de
2823 2191 2926 2245 vita
2959 2191 3074 2262 ipsa
3107 2194 3181 2248 sit
3221 2195 3517 2263 periculum
3545 2196 3679 2253 sub-

2089 2274 2341 2330 eundunn

2160 2365 2285 2422 CAP.
2332 2366 2470 2422 XVI.
2523 2370 2624 2437 Qui
2650 2371 2869 2443 seipsum
2913 2373 3105 2444 injuria
3140 2392 3242 2431 non
3296 2379 3508 2449 αῇἱεὶαι,
3561 2397 3675 2435 eum

2087 2472 2119 2509 a
2145 2457 2341 2511 nemine
2375 2459 2492 2513 ια’άὶ
2529 2477 2696 2531 posse.
2724 2492 2797 2502 —
2825 2464 2963 2530 Quid
3000 2466 3140 2522 enim
3180 2468 3338 2524 la-sus
3377 2479 3461 2525 est
3496 2471 3675 2540 Abel,

2087 2547 2229 2618 quod
2262 2548 2495 2606 fraterna
2522 2570 2681 2609 manu
2726 2556 2798 2610 sit
2838 2556 3086 2627 occisus,
3131 2570 3186 2614 et
3228 2561 3566 2619 immaturam
3608 2580 3673 2621 ac

2085 2638 2374 2694 violentam
2406 2652 2633 2698 mortem
2658 2647 2727 2699 sit
2751 2649 2978 2715 passus?
3007 2649 3192 2706 Nonne
3223 2654 3399 2721 potius
3422 2654 3472 2709 id
3502 2655 3679 2711 lucra-

2086 2736 2174 2784 tus
2213 2738 2331 2795 est,
2382 2742 2438 2785 ut
2482 2734 2901 2803 splendidiorem
2932 2753 3186 2794 coronam
3230 2743 3493 2801 referret?
3535 2747 3676 2813 Quid

2086 2836 2245 2891 porro
2270 2821 2459 2892 Jacob,
2489 2826 2577 2896 qui
2608 2828 2765 2882 tantis
2788 2845 2818 2882 a
2845 2830 3009 2886 fratre
3041 2833 3394 2891 incommodis
3423 2848 3506 2893 est
3529 2840 3671 2895 affe-

2084 2923 2225 2982 ctus,
2252 2926 2306 2970 et
2332 2916 2451 2971 loco
2482 2920 2686 2987 pulsus,
2708 2922 2885 2989 exsul,
2909 2925 3160 2992 extorris,
3181 2941 3245 2980 ac
3265 2943 3453 2987 servus
3474 2928 3672 2999 factus,

2083 3005 2149 3060 ad
2180 3015 2472 3063 extremam
2491 3009 2686 3065 famem
2715 3021 2799 3068 est
2819 3013 3103 3070 redactus?
3132 3017 3267 3086 Quid
3294 3035 3423 3076 vero
3445 3020 3670 3093 Ioseph,

2083 3098 2172 3169 qui
2202 3100 2316 3172 pari
2358 3102 2565 3159 ratione
2610 3105 2730 3161 loco
2774 3106 3043 3178 domoque
3070 3111 3286 3180 pulsus,
3318 3116 3591 3184 captivus,
3617 3128 3675 3172 et

2082 3204 2288 3257 servus,
2317 3201 2371 3246 et
2411 3194 2618 3250 vinctus
2640 3197 2847 3263 evasit,
2890 3199 2945 3254 in
2988 3212 3288 3257 extremum
3330 3206 3451 3261 vita:
3481 3209 3672 3263 discri-

2081 3296 2204 3339 men
2234 3281 2525 3351 adductus,
2566 3295 2620 3341 et
2648 3302 2768 3341 cum
2801 3291 2853 3342 in
2886 3292 3054 3361 patria
3076 3334 3091 3358 ,
3137 3301 3252 3348 tum
3293 3311 3518 3368 peregre
3560 3308 3667 3353 tam

2080 3372 2261 3429 multis
2288 3387 2371 3430 est
2405 3378 2685 3434 calumniis
2718 3383 3032 3451 appetitus?
3072 3385 3206 3453 Quid
3250 3397 3429 3443 autem
3457 3387 3671 3461 Moyses

2079 3480 2110 3517 a
2136 3474 2284 3520 tanto
2308 3468 2506 3537 populo
2536 3470 2733 3527 millies
2758 3472 3054 3541 lapidatus,
3082 3486 3136 3530 et
3162 3476 3231 3532 ab
3258 3477 3352 3545 iis,
3381 3479 3451 3536 de
3476 3480 3671 3551 quibus

2080 3553 2217 3611 bene
2246 3559 2471 3614 meritus
2500 3572 2635 3626 erat,
2665 3563 2890 3618 insidias
2912 3568 3135 3636 passus?
3163 3568 3301 3637 Quid
3327 3585 3515 3626 omnes
3542 3588 3669 3643 pro-

2080 3646 2275 3717 phetaz,
2306 3651 2498 3720 quibus
2524 3661 2601 3707 tot
2625 3654 2853 3711 intulere
2873 3658 3011 3712 mala
3032 3658 3237 3716 Judazi?
3252 3661 3389 3731 Quid
3407 3664 3509 3720 Job
3530 3667 3665 3736 ipse,

2078 3757 2236 3810 quem
2262 3743 2557 3800 innumeris
2582 3746 2830 3804 diabolus
2851 3750 3113 3808 machinis
3138 3758 3501 3825 oppugnavit?
3521 3760 3659 3826 Quid

2080 3841 2186 3887 tres
2216 3835 2406 3903 pueri?
2429 3836 2566 3904 Quid
2587 3838 2793 3909 Daniel,
2816 3843 2907 3912 qui
2932 3844 3073 3910 vitm,
3095 3844 3379 3915 libertatis,
3402 3858 3456 3904 et
3475 3852 3665 3921 capitis

2077 3939 2343 3982 summum
2384 3930 2597 3985 subiere
2635 3931 2958 3989 discrimen?
2986 3937 3123 4002 Quid
3156 3954 3283 3995 vero
3320 3941 3379 3995 ll.
3399 3942 3500 3998 lias
3522 3985 3538 4011 ,
3570 3947 3664 4015 qui

2076 4034 2284 4074 summa
2311 4035 2530 4092 pressus
2557 4024 2757 4095 inopia,
2785 4026 2996 4084 sedibus
3017 4031 3131 4086 suis
3152 4031 3359 4103 pulsus,
3390 4036 3661 4105 fugitivus,

2075 4110 2248 4166 incola
2276 4113 2510 4181 deserti,
2549 4130 2765 4187 semper
2801 4120 2959 4174 exsul
3002 4130 3058 4175 et
3095 4125 3326 4180 extorris
3349 4134 3432 4185 est
3456 4127 3664 4189 factus?

2074 4204 2213 4272 Quid
2242 4207 2455 4262 tandem
2485 4208 2668 4275 David,
2692 4211 2782 4279 qui
2812 4219 2938 4266 tota
2965 4210 3126 4269 Same
3150 4217 3328 4283 malis,
3362 4228 3439 4273 tot
3462 4221 3664 4277 deinde

2074 4310 2104 4349 a
2142 4297 2358 4366 preprio
2385 4298 2496 4352 lilio
2531 4308 2615 4355 est
2654 4298 2920 4356 all‘ectus‘t
2950 4319 3131 4361 nonne
3170 4306 3429 4364 illustrior
3455 4312 3661 4378 evasit,

2073 4387 2297 4442 summis
2326 4403 2614 4459 oppressus
2639 4390 2989 4448 incommodis
3015 4437 3029 4460 ,
3058 4411 3217 4465 quam
3246 4413 3367 4453 cum
3397 4416 3660 4471 prospere

2072 4488 2265 4533 cuncta
2308 4479 2700 4535 succederent?
2747 4482 2886 4549 Quid
2931 4483 3147 4540 demum
3203 4488 3437 4567 Joannes
3484 4493 3663 4562 capite

2074 4572 2379 4627 truncatus?
2404 4572 2540 4641 Quid
2566 4574 2812 4645 apostoli,
2840 4592 3069 4646 quorum
3110 4580 3198 4634 alii
3224 4584 3400 4650 capite
3428 4589 3660 4641 truncati

2072 4672 2228 4731 sunt,
2258 4664 2348 4719 alii
2378 4667 2588 4722 caeteris
2624 4668 2901 4738 suppliciis
2941 4671 3153 4727 affecti?
3177 4673 3315 4741 Quid
3358 4687 3657 4749 martyres,

2070 4757 2161 4827 qui
2191 4758 2243 4812 in
2276 4759 2466 4815 mediis
2505 4761 2785 4816 tormentis
2824 4764 3157 4832 gravissimis
3183 4768 3416 4823 animam
3461 4786 3662 4839 posue-

2070 4850 2230 4905 runt?
2252 4866 2430 4907 nonne
2450 4867 2638 4909 omnes
2660 4854 2742 4909 isti
2773 4864 2883 4909 tum
2911 4857 3142 4911 maxime
3163 4858 3398 4915 illustres
3419 4859 3662 4929 fuerunt,

2072 4956 2192 4997 cum
2212 4944 2598 5014 appetebantur
2618 4945 2850 5015 injuriis,
2874 4962 2992 5002 eum
3017 4947 3225 5004 insidiis
3248 4949 3661 5021 obsidebantur,

2070 5048 2191 5088 eum
2223 5033 2407 5088 ultima
2426 5036 2605 5090 omnia
2637 5037 2780 5104 passi
2803 5048 3111 5095 constanter
3139 5039 3419 5097 ferebant?

2139 5124 2269 5179 Car.
2328 5125 2492 5179 XVII.
2582 5125 2830 5183 Maxima:
2873 5130 3236 5201 providentiae,
3280 5132 3517 5189 bonitatis
3543 5178 3558 5202 ,
3610 5147 3661 5191 et

2067 5216 2293 5269 caritatis
2339 5215 2434 5271 Dei
2473 5217 2827 5277 documentum
2862 5238 2969 5277 esse
3006 5240 3226 5280 crucem.
3268 5257 3337 5267 -—
3361 5228 3493 5283 Cum
3527 5246 3661 5286 vero

2065 5320 2408 5360 communem
2442 5307 2721 5363 Dominum
2764 5321 3002 5368 nostrum
3045 5317 3115 5371 ob
3152 5318 3256 5372 alia
3281 5329 3475 5374 cuncta
3503 5323 3653 5375 cele-

2067 5397 2306 5461 bramus,
2339 5412 2519 5454 nonne
2544 5400 2612 5455 ob
2635 5400 2736 5458 hoc
2761 5404 3030 5475 prtecipue
3055 5408 3414 5474 celebramus,
3446 5413 3655 5480 gloriﬁ—

2065 5501 2271 5554 camus,
2299 5496 2354 5543 et
2377 5489 2718 5560 suspicimus,
2745 5494 2889 5563 quod
2917 5510 3156 5565 crucem,
3180 5510 3236 5555 et
3256 5512 3485 5556 mortem
3507 5502 3656 5559 illam

2066 5580 2450 5638 exsecrabilem
2484 5597 2672 5653 passus
2715 5588 2834 5642 est?
2871 5588 3059 5646 Nonne
3109 5591 3213 5648 hoc
3252 5610 3453 5664 susque
3481 5595 3658 5664 dequ:

2066 5684 2244 5730 versat
2278 5675 2472 5730 [Paulus
2496 5679 2734 5734 caritatis
2773 5679 2938 5751 ipsius
2967 5684 3019 5737 in
3053 5700 3152 5740 nos
3178 5688 3429 5744 indicium
3452 5729 3469 5754 ,
3500 5691 3649 5758 quod

2068 5765 2138 5823 sit
2174 5771 2453 5824 mortuus?
2480 5770 2620 5842 quod
2659 5788 2753 5844 pro
2782 5774 3043 5843 ejusmodi
3072 5778 3142 5832 sit
3175 5779 3479 5835 hominibus
3506 5795 3639 5835 mor-
