4030 6206
305 271 412 327 5ίὸ

302 383 591 454 προδότης.
629 381 724 435 καὶ
750 382 815 435 :6
863 384 1157 453 κεφάλαιον
1199 385 1493 457 εἰργάσατο
1519 386 1626 438 τῶν
1659 385 1880 448 κακῶν,

299 471 441 545 αἷμα
463 473 703 526 τοιοῦτον
736 475 991 545 πωλήσας
1021 477 1310 547 τριάκοντα
1333 478 1631 549 ἀργυρίων.
1667 478 1761 531 καὶ
1789 495 1881 546 φι-

300 571 502 639 λήματι
531 567 692 633 δολίῳ
718 567 950 634 προδοὺς
977 568 1068 620 τὸν
1099 569 1396 639 Δεσπότην.
1423 571 1629 622 Πόσους
1656 570 1757 621 οἴει
1789 568 1882 621 καὶ

299 662 359 713 ἐν
385 659 561 729 τούτῳ
595 657 1073 726 σκανδαλισθῆναι,
1108 658 1188 728 τῷ
1219 660 1368 729 παρά
1396 659 1490 712 τοῦ
1521 659 1761 729 μαθητοῦ
1791 676 1881 726 γε-

301 751 494 804 νέσθαι
520 751 619 819 τὴν
646 748 940 817 προδοσίαν
964 767 977 810 ;
1001 749 1066 800 Τί
1092 749 1180 801 δαὶ
1203 750 1232 801 ό
1259 749 1358 819 τῆς
1385 751 1592 821 ἐρήμου
1626 749 1848 813 πολίτης
1866 792 1880 815 ,

300 846 328 895 6
357 842 458 912 τῆς
482 841 703 910 στείρας
730 839 964 910 καρπός,
1010 842 1038 892 6
1067 840 1163 893 τοῦ
1205 841 1477 911 Ζαχαρίου
1513 843 1674 904 παῖς,
1720 844 1748 894 6
1786 840 1882 912 τὴν

302 934 467 1002 ἁγίαν
499 933 714 1001 ἐκείνην
742 933 834 984 καὶ
865 930 1107 1001 φρικώδη
1131 933 1492 998 καταξιωθεὶς
1514 931 1774 1000 βαπτίσαι
1794 949 1885 984 κε-

303 1025 505 1094 φαλὴν,
537 1024 630 1074 καὶ
680 1023 934 1090 γενέσθαι
968 1023 1274 1093 πρόδρομος
1305 1021 1397 1074 τοῦ
1434 1024 1633 1075 οἰκείου
1678 1023 1883 1074 Δεσπό-

301 1135 421 1178 του,
469 1117 557 1168 ὅτε
603 1115 976 1186 δεσμωτήριον
1019 1113 1193 1184 ᾤκει,
1235 1113 1320 1165 ὅτε
1371 1114 1745 1182 ἀπετέμνετο,
1787 1112 1882 1164 καὶ

306 1210 578 1278 τωρνικῆς
607 1208 888 1276 ὀρχήσεως
938 1205 1121 1275 σφαγὴ
1173 1205 1363 1274 μισθὸς
1409 1205 1634 1272 ἐγίνετο,
1686 1204 1885 1266 πόσους

303 1301 409 1352 οἴει
445 1298 892 1361 σκαισδαλίζεσθαι
923 1298 1075 1363 τότε;
1122 1299 1230 1350 Καὶ
1271 1299 1324 1349 τί
1363 1297 1505 1366 λέγω
1539 1299 1691 1361 τότε;
1722 1297 1886 1349 Πόσοι

303 1391 404 1443 νῦν
435 1390 570 1460 μετά
599 1390 790 1460 χρόνον
833 1389 1088 1442 τοσοῦτον
1117 1389 1295 1442 ταῦτα
1332 1389 1621 1452 ἀκούοντες
1657 1389 1885 1442 σκανδα-

303 1483 584 1546 λίζονται;
621 1481 728 1534 Καὶ
767 1481 818 1532 τί
854 1480 998 1548 λέγω
1028 1480 1122 1532 τὸν
1155 1481 1427 1550 Ἰωάννην,
1460 1481 1553 1532 καὶ
1577 1481 1637 1532 :6
1678 1481 1889 1550 δεσμω-

303 1579 515 1646 τήριον,
549 1575 644 1627 καὶ
677 1573 776 1644 τὴν
802 1574 1016 1643 σφαγὴν
1049 1572 1285 1642 ἐκείνην,
1313 1573 1405 1624 καὶ
1438 1573 1566 1642 περὶ
1591 1572 1718 1629 τοὺς
1743 1570 1891 1622 οίκὲν

304 1684 408 1728 τας
459 1664 914 1735 ἀναστρέφομαι,
965 1665 1082 1716 δέον
1123 1663 1286 1716 πάλιν
1333 1663 1424 1715 ἐπὶ
1468 1663 1560 1715 τὸν
1613 1663 1888 1735 Δεσπότην

307 1760 652 1826 καταφυγεῖν
675 1772 690 1821 ;
1203 1749 1208 1755 ’

382 1852 525 1918 Κεφ.
550 1850 631 1903 ιε’.
676 1850 732 1900 ’0
762 1848 869 1918 γὰρ
893 1847 1123 1918 σταυρὸς
1162 1846 1256 1899 τοῦ
1303 1845 1562 1917 Χριστοῦ,
1613 1845 1641 1896 6
1685 1844 1782 1915 τὴν
1815 1845 1891 1896 0!-

309 1941 582 2012 κουμένην
612 1940 877 2012 ὀρθώσας,
917 1941 946 1992 ό
988 1941 1086 2010 τὴν
1134 1939 1339 2009 πλάνην
1369 1938 1552 2002 λύσας,
1594 1939 1622 1989 6
1661 1936 1757 2006 τὴν
1789 1936 1891 2005 γῆν

312 2038 551 2105 ποιήσας
581 2033 824 2105 οὐρανὸν,
867 2035 897 2084 6
938 2032 1032 2084 τοῦ
1065 2031 1294 2085 Θανάτου
1326 2030 1393 2083 τά
1430 2029 1596 2101 νεῦρα
1633 2028 1892 2096 ἐκκόψας,

313 2130 345 2180 6
378 2126 468 2178 τὸν
490 2125 614 2196 ᾅδην
635 2124 906 2196 ἄχρηστον
932 2123 1326 2195 ἐργασάμενος,
1350 2124 1378 2174 6
1407 2121 1502 2174 τοῦ
1528 2122 1773 2174 διαϐόλου
1796 2121 1894 2193 τὴν

309 2219 611 2291 ἀκρόπολιν
632 2217 961 2280 καταλύσας,
989 2218 1017 2268 6
1037 2216 1162 2279 τοὺς
1185 2215 1443 2284 δαίμονας
1467 2215 1846 2283 ἐπιστομίσας,
1867 2214 1896 2265 6

308 2309 442 2371 τοὺς
465 2306 786 2378 ἀνθρώπους
814 2304 1076 2375 ἀγγέλους
1099 2308 1348 2374 ποιήσας,
1372 2304 1399 2354 6
1424 2302 1640 2373 βωμοὺς
1663 2302 1897 2356 7.0.1016-

314 2418 418 2463 σας
447 2403 543 2454 καὶ
575 2403 737 2463 ναοὺς
770 2403 1103 2472 ἀνατρέψας,
1134 2401 1163 2454 6
1192 2402 1290 2474 τὴν
1327 2404 1520 2472 καινὴν
1555 2402 1760 2474 ταύτην
1804 2401 1896 2454 καὶ

313 2492 478 2564 ξένην
505 2493 818 2562 φιλοσοφίαν
848 2494 924 2556 είς
960 2494 1058 2563 τὴν
1081 2493 1184 2563 γῆν
1209 2495 1643 2564 καταφυτεύσας.
1671 2497 1698 2548 6
1730 2494 1898 2565 μυρία

309 2587 694 2658 ἐργασάμενος
708 2585 907 2654 ἀγαθὰ,
921 2586 987 2640 τά
1007 2587 1250 2658 φρικώδη
1270 2586 1440 2640 ταῦτα
1461 2587 1552 2639 καὶ
1578 2586 1785 2657 μεγάλα
1805 2586 1899 2640 καὶ

311 2677 522 2748 ὑψηλά,
552 2677 674 2748 οὐχὶ
710 2677 1006 2733 σκάνδαλον
1042 2677 1258 2740 πολλοῖς
1284 2679 1543 2746 γέγονενς
1578 2678 1712 2748 Ούχὶ
1753 2678 1899 2730 Παῦ-

311 2771 410 2834 λος
439 2770 540 2841 βοᾷ
571 2771 694 2823 καθ’
727 2771 967 2841 ἑκάστην
992 2771 1208 2840 ἡμέραν
1239 2771 1434 2838 λέγων,
1465 2771 1558 2823 καὶ
1583 2772 1682 2824 οὐκ
1709 2770 1902 2841 αἰσχύο

311 2879 471 2915 νεται
495 2879 510 2893 ο
551 2862 750 2932 Ἡμεῖς
771 2861 839 2914 δὲ
880 2863 1268 2930 κηρύσσομεν
1308 2863 1566 2928 Χριστέν
1609 2864 1904 2930 607(1qu-

309 2953 527 3024 μένον,
570 2955 869 3020 Ἰουδαίοις
889 2955 1008 3024 μὲν
1035 2953 1414 3017 σκάνδαλον,
1450 2955 1652 3008 ἔθνεσι
1680 2955 1748 3007 δὲ
1782 2973 1902 3023 μω-

307 3047 492 3115 plur;
516 3045 581 3097 Τί
611 3041 725 3112 οὖν,
748 3047 869 3098 εἰπέ
895 3063 983 3116 μοι
1005 3063 1018 3112 ;
1047 3046 1146 3099 οὐκ
1167 3045 1334 3116 ἐχρῆν
1356 3046 1606 3114 γενέσθαι
1627 3046 1719 3099 τὸν
1745 3063 1906 3099 σταυ-

321 3138 443 3210 96v,
473 3138 596 3190 0662-:
624 3137 721 3208 τὴν
755 3137 1002 3209 φρικώδη
1035 3138 1252 3209 ἐκείνην
1285 3139 1635 3210 ἀνενεχθῆναι
1680 3138 1869 3192 θυσίαν
1891 3179 1904 3203 ,

316 3231 447 3284 οὐδὲ
473 3230 712 3284 τοσαῦτα
732 3229 1048 3299 τελεσθῆναι
1078 3229 1501 3301 κατορθώματα,
1527 3230 1716 3300 ἐπειδὴ
1745 3230 1907 3284 σκάν-

317 3323 486 3376 δαλον
512 3322 727 3389 ἐγένετο
748 3324 862 3384 τοῖς
892 3321 1284 3392 ἀπολλυμένοις
1307 3321 1367 3374 :6
1394 3324 1624 3393 πρᾶγμα
1650 3323 1743 3374 καὶ
1764 3323 1906 3384 τότε,

323 3417 426 3468 καὶ
455 3415 594 3486 μετά
614 3413 806 3476 ταῦτα,
836 3415 930 3468 καὶ
953 3413 1104 3485 παρά
1127 3413 1302 3466 πάντα
1325 3413 1416 3465 τὸν
1443 3414 1634 3483 χρόνον
1656 3431 1669 3479 ;
1700 3415 1808 3467 Καὶ
1827 3413 1912 3476 τίς

321 3508 477 3561 οὕτω
515 3507 872 3578 μαινόμενος,
907 3508 990 3569 τίς
1041 3505 1214 3569 οὕτως
1255 3506 1594 3576 ἐξεστηκὼς,
1638 3507 1712 3571 ὡς
1755 3507 1912 3560 τοῦτο

324 3601 541 3662 simtu;
563 3599 773 3670 Ὠσπερ
795 3595 886 3650 οὖν
907 3599 1140 3650 ἐνταῦθα
1157 3599 1216 3650 06
1239 3599 1364 3662 τοὺς
1388 3598 1914 3670 σκανδαλιζομένους

364 3693 418 3743 εἴ
444 3689 790 3758 λογίζεσθαι,
825 3693 1002 3742 καίτοι
1035 3689 1322 3753 τοσούτους
1369 3689 1528 3754 ὄντας
1549 3729 1563 3753 ,
1613 3691 1750 3744 ἀλλά
1789 3694 1914 3757 τοὺς

329 3782 633 3845 σωθέντας,
665 3781 791 3844 τοὺς
814 3781 1297 3851 κατορθώσαντας,
1329 3782 1455 3844 τοὺς
1498 3782 1916 3846 ἀπολαύσαντας

327 3876 436 3943 τῆς
468 3873 733 3944 τοσαύτης
764 3874 975 3941 σοφίας·
1007 3872 1100 3926 καὶ
1140 3874 1197 3926 06
1234 3873 1338 3944 χρὴ
1363 3873 1562 3942 λέγειν,
1595 3874 1659 3926 Τί
1697 3874 1752 3926 δὲ
1782 3876 1916 3946 πρὸς

328 3967 467 4027 τοὺς
497 3963 1015 4027 σκανδαλισθέντας;
1057 3966 1272 4027 ἑαυτοῖς
1325 3963 1434 4034 γὰρ
1476 3963 1540 4017 ἂν
1575 3959 1684 4016 εἶεν
1720 3965 1918 4019 ἐκεῖνοι

331 4058 540 4110 δίκαιοι
579 4055 906 4124 λογίζεσθαι·
938 4056 1083 4111 οὓτω
1121 4057 1183 4127 δὴ
1217 4058 1338 4111 οὐδὲ
1373 4057 1490 4112 νῦν.
1517 4057 1591 4110 Τὸ
1621 4057 1732 4128 γὰρ
1756 4057 1920 4112 σκάν-

332 4151 500 4202 δαλον
535 4150 595 4202 o6
626 4148 776 4220 ποιρά
804 4150 904 4220 τὴν
944 4149 1105 4220 φύσιν
1133 4147 1225 4201 τοῦ
1253 4147 1485 4219 σταυροῦ
1515 4148 1762 4216 γέγονεν,
1785 4147 1920 4202 ἀλλά

338 4239 611 4310 παρατὴν
634 4241 822 4293 ἄνοιαν
838 4240 946 4292 τῶν
969 4238 1489 4309 σκανδαλιζομένωνο
1510 4240 1590 4293 διὸ
1609 4241 1704 4292 καὶ
1727 4240 1922 4308 ἐπάγει

338 4333 374 4383 ὁ
400 4329 627 4393 Παῦλος,
656 4329 866 4395 Ανίοτοῖς
888 4331 956 4382 δὲ
977 4329 1102 4395 τοῖς
1120 4330 1386 4398 κλητοῖς,
1405 4329 1714 4394 Ἰουδαίοις
1740 4346 1802 4382 τε
1825 4329 1922 4382 καὶ

345 4423 634 4486 Ἕλλησι,
654 4421 912 4488 Χριστὸν
925 4421 1073 4474 Θεοῦ
1100 4419 1357 4489 δύναμιν
1377 4420 1474 4474 καί
1499 4419 1646 4474 Θεοῦ
1676 4420 1920 4488 οόςοίαν⁸

341 4511 470 4563 ἐπεὶ
487 4511 583 4563 καὶ
603 4512 630 4562 6
645 4509 795 4580 ἥλιος
823 4509 1051 4579 βλάπτει
1068 4513 1193 4575 τοὺς
1210 4512 1457 4575 ἀσθενεῖς
1473 4512 1581 4565 τῶν
1608 4511 1922 4581 ὀφθαλμῶν.

343 4598 557 4666 Τίοῦνς
586 4603 687 4655 οὐκ
734 4601 840 4655 ἔδει
891 4602 1144 4670 γενέσθαι
1192 4603 1286 4656 τὸν
1326 4603 1514 4671 ἥλιον;
1566 4605 1675 4656 Καὶ
1712 4603 1773 4656 1:6
1805 4603 1926 4673 μέλι

347 4695 547 4766 πικρὸν
570 4697 685 4760 τοῖς
726 4698 938 4749 νοσοῦσι
991 4697 1260 4766 φαίνεται.
1307 4698 1370 4749 Τί
1405 4693 1526 4762 οὗν;
1564 4697 1928 4767 ἀφανισθῆναι

350 4786 460 4839 εδει
489 4787 650 4840 τοῦτο
677 4791 741 4841 ἐκ
766 4787 859 4840 τοῦ
887 4787 1088 4858 μέσους
1115 4788 1275 4841 Αὐτοὶ
1312 4788 1369 4842 δὲ
1391 4790 1440 4841 οἱ
1469 4789 1774 4851 ἀπόστολοι,
1809 4789 1930 4859 ούχὶ

347 4882 466 4942 τοῖς
493 4880 592 4950 μὲν
612 4880 758 4951 ὀσμὴ
777 4881 1010 4934 θανάτου
1038 4882 1117 4944 είς
1140 4880 1369 4934 θάνατον
1387 4875 1548 4950 ἦσαν,
1579 4881 1691 4942 τοῖς
1707 4879 1763 4932 δὲ
1785 4880 1930 4950 ὀσμὴ

355 4970 500 5041 ζωῆς
543 4973 624 5035 είς
672 4969 848 5042 ζωήνς
906 4972 1005 5026 Διά
1054 4972 1179 5034 τοὺς
1231 4970 1636 5040 ἀπολλυμένους
1688 4965 1781 5022 οὖν
1831 4969 1934 5022 οὐκ

356 5061 463 5114 ἔδει
496 5064 620 5124 τοὺς
644 5061 792 5134 [502]
822 5061 1028 5126 ζῶντας
1069 5061 1373 5115 ἀπολαῦσαι
1415 5061 1515 5131 τῆς
1542 5059 1812 5129 τοσαύτης
1834 5076 1936 5130 κη-

357 5151 645 5221 δεμονίαςς
679 5152 824 5222 Α’ύτη
867 5152 924 5205 δὲ
957 5155 990 5224 ἡ
1040 5152 1310 5223 παρουσία
1348 5151 1441 5204 τοῦ
1474 5151 1732 5221 Χριστοῦ,
1770 5153 1803 5221 ἠ
1834 5167 1938 5203 σω·

354 5242 526 5312 τηρία
559 5245 592 5313 ἡ
629 5243 892 5314 ἡμετέρα,
930 5245 964 5314 ἡ
1000 5244 1148 5313 πηγὴ
1188 5243 1299 5296 τῶν
1335 5242 1574 5311 ἀγαθῶν,
1619 5243 1652 5314 ἡ
1694 5243 1827 5312 ζωὴ,
1868 5241 1936 5294 τά

365 5334 537 5405 μυρία
575 5334 752 5400 καλὰ,
803 5335 1003 5397 πόσους
1059 5335 1296 5404 ἐϐἀρησε
1322 5375 1336 5397 ,
1390 5334 1590 5395 πόσους
1641 5331 1938 5400 ἀπολογίας

359 5425 701 5498 ἀπεστέρησε
750 5427 845 5479 καὶ
897 5425 1255 5496 συγγνώμης;
1303 5424 1416 5476 Οὐκ
1462 5423 1680 5487 ἀκούεις
1720 5423 1774 5476 τί
1808 5440 1941 5493 φησι

363 5519 633 5590 περὶτῶν
691 5518 957 5573 Ἰουδαίων
1002 5519 1029 5570 6
1070 5516 1344 5587 Χριστός;
1382 5515 1449 5568 Et
1487 5514 1572 5584 μὴ
1607 5511 1800 5583 ἦλθον
1844 5514 1943 5567 καὶ

363 5609 643 5677 ἐλάλησα
695 5609 943 5676 αὐτοῖς,
996 5609 1290 5678 ἁμαρτίαν
1333 5608 1443 5662 οὐκ
1495 5604 1685 5676 εἶχον·
1731 5605 1846 5660 νῦν
1876 5605 1944 5658 δὲ

364 5704 675 5772 πρόφασιν
700 5705 812 5759 οὐκ
842 5704 1056 5772 ἔχουσι
1089 5701 1222 5772 περὶ
1259 5699 1367 5770 τῆς
1399 5700 1686 5770 ἁμαρτίας
1721 5697 1938 5757 αὐτῶν.

1137 271 1227 324 ΔΙ)
1267 270 1396 326 EOS
1430 269 1548 337 QUI
1589 269 2089 326 SCANDALIZATI
2135 271 2339 328 SUNT.
2385 273 2511 328 LIB.
2559 273 2759 328 UNUS.

3454 276 3558 331 516

1986 387 2050 438 Τί
2097 381 2222 452 οὗν;
2283 385 2466 458 ἐπειδὴ
2523 388 2903 458 ἀναπολόγητα
2951 385 3136 452 αὐτοῖς
3201 387 3390 457 γέγονε
3423 393 3560 460 μετᾶ

1984 477 2082 547 τὴν
2114 477 2412 546 παρουσίαν
2432 477 2499 529 τά
2524 479 2918 549 ἁμαρτήματα,
2944 479 3044 531 ούκ
3069 478 3171 530 ἔδει
3193 478 3353 532 αὐτὸν
3380 496 3560 548 παρα-

1984 568 2236 635 γενέσθαι
2264 569 2329 620 δι’
2363 569 2602 631 ἐκείνους
2650 566 2773 632 τους
2805 569 2990 632 κακῶς
3037 569 3116 639 τῷ
3163 569 3312 640 καλῷ
3351 587 3562 640 χρησα-

1990 660 2215 729 μένους;
2262 660 2371 713 Καὶ
2408 661 2493 722 τίς
2528 661 2593 713 ἂν
2637 661 2807 713 ταῦτα
2838 662 3016 727 εἴποι;
3053 663 3242 726 Οὐδεὶς
3285 662 3405 715 οὐδὲ
3455 664 3562 714 τίον

1987 749 2191 819 σφόδρα
2228 749 2612 819 ἐξεστηκότων.
2640 753 2706 802 Τί
2727 752 2831 810 δαὶ.
2863 752 2972 804 ἀπὸ
3010 753 3117 804 τῶν
3149 753 3412 823 Γραφῶν,
3441 751 3563 803 εἰπέ

1991 858 2099 910 μοι,
2123 840 2277 892 πόσοι
2303 841 2830 913 ἐσκανδαλίσθησαν;
2864 843 3027 895 πόσαι
3051 843 3289 914 αἱρέσεις
3313 841 3564 894 ἐντεῦθεν

1988 932 2174 984 ἔτεκον
2196 928 2414 996 ἑαυταῖς
2432 933 2731 1003 προφάσεις
2751 951 2764 997 ;
2784 935 3199 1003 Ἐξαλειφθῆναι
3223 930 3317 987 οὖν
3341 933 3448 985 ἔδει
3464 931 3563 992 τάς

1990 1023 2213 1092 Γραφάς
2240 1023 2325 1075 διὰ
2346 1025 2473 1087 τοὺς
2503 1024 3018 1087 σκανδαλισθέντας,
3045 1023 3077 1093 ἦ
3107 1023 3240 1093 μηδέ
3263 1024 3360 1093 τὴν
3391 1021 3565 1092 ἀρχὴν

1986 1115 2238 1184 δοθῆναι)
2272 1116 2567 1187 Οὐδαμῶςο
2629 1117 2762 1170 ἀλλά
2819 1116 2913 1168 καὶ
2971 1116 3174 1186 σφόδρα
3225 1115 3438 1184 δοθῆναι
3475 1113 3567 1166 6:3:

1988 1208 2113 1268 τοὺς
2150 1208 2439 1276 μέλλοντας
2466 1209 2810 1279 καρποῦσθαι
2836 1209 2933 1279 τὴν
2962 1210 3056 1261 ἀπ’
3079 1207 3256 1262 αὐτῶν
3272 1207 3563 1276 ὠφέλειαν.

2003 1298 2230 1351 Ἐκεῖνοι
2282 1299 2380 1368 μὲν
2423 1300 2530 1370 γάρ
2567 1301 2749 1368 (πάλιν
2782 1302 2840 1352 06
2875 1302 3150 1370 παύσομαι
3198 1299 3270 1352 τὰ
3301 1299 3449 1352 αὺτά
3478 1297 3568 1350 λέ-

1991 1389 2125 1459 γων)
2161 1391 2374 1453 ἑαυτοῖς
2409 1390 2810 1458 λογιζέσθωσαν
2839 1391 2904 1443 τά
2937 1391 3208 1442 σκάνδαλα
3232 1405 3245 1418 ·
3283 1391 3332 1440 οί
3361 1389 3415 1440 δὲ
3443 1387 3569 1457 μέλ-

1992 1479 2173 1542 λοντες
2199 1480 2256 1546 ἐξ
2286 1481 2464 1533 αὐτῶν
2492 1482 2559 1533 τά
2595 1481 2827 1550 μέγιστα
2860 1479 3205 1546 ὡφελεῖσθαι,
3255 1479 3317 1530 ού
3360 1479 3457 1547 τὴν
3483 1495 3572 1529 τυ-

1993 1572 2192 1641 χοῦσαν
2240 1574 2536 1642 ὑπέμειναν
2583 1574 2649 1626 ἂν
2685 1574 2926 1643 ζημίαν,
2989 1573 3036 1622 εἰ
3076 1571 3166 1623 διὰ
3211 1570 3308 1639 τὴν
3365 1569 3578 1638 ἐτέρων

1995 1663 2386 1733 ἀγνωμοσύνην
2421 1665 2516 1716 καὶ
2544 1663 2814 1734 ρᾳθυμίαν
2854 1664 3006 1715 αὐτοὶ
3044 1661 3329 1732 μέλλοντες
3355 1659 3569 1730 κερδαί-

1993 1772 2105 1807 νειν
2141 1754 2218 1824 τῷ
2242 1754 2425 1806 λαϐεῖν
2455 1755 2646 1818 αὐτάς,
2683 1754 3134 1824 ἀπεστερήθησαν
3173 1752 3270 1822 τῆς
3312 1750 3570 1820 τοιαύτης

1995 1845 2279 1914 ὠφελείας.
2330 1847 2422 1916 Μὴ
2455 1847 2630 1899 τοίνυν
2672 1863 2762 1915 μοι
2810 1847 2935 1914 λέγε
2976 1848 3102 1904 τοὺς
3145 1843 3569 1913 ἀπολλυμένους·

1995 1939 2131 2009 ὅπερ
2165 1938 2270 2008 γὰρ
2300 1939 2395 1990 καὶ
2421 1939 2477 1989 ἐν
2505 1937 2584 2006 τῷ
2641 1936 2946 2006 ἔμπροσθεν
2997 1931 3148 1986 εἶπον
3197 1933 3363 2002 λόγῳ,
3396 1932 3573 1993 οὐδεὶς

1995 2029 2103 2082 τῶν
2131 2030 2354 2091 ἑαυτοὺς
2405 2027 2478 2098 μὴ
2519 2026 2850 2080 ἀδικούντων
2891 2026 3020 2096 παρ’
3057 2025 3260 2096 ἐτέρων
3305 2021 3576 2076 ἀδικεῖται

2000 2141 2150 2187 ποτε,
2185 2123 2290 2176 κᾶν
2330 2125 2408 2185 είς
2438 2123 2571 2176 αὐτὸ
2605 2123 2666 2174 τὸ
2696 2123 2794 2192 ζῇν
2826 2113 3138 2191 κινδυνεύῃ.⁹

2069 2223 2209 2289 Κεφ.
2239 2227 2330 2284 ις’.
2349 2220 2412 2272 Τί
2434 2219 2539 2289 γὰρ
2557 2219 2584 2270 ό
2606 2217 2771 2270 Ἀϐελ
2792 2216 3014 2285 ἐϐλάϐη,
3033 2215 3152 2268 εἰπέ
3177 2231 3284 2281 μοι,
3305 2211 3410 2264 61:6
3427 2209 3578 2264 ἀδελ-

2000 2319 2167 2390 φικῆς
2193 2317 2537 2388 κατενεχθεὶς
2564 2315 2764 2378 δεξιᾶς,
2797 2312 2891 2366 καὶ
2913 2311 3090 2382 ἄωρον
3119 2311 3213 2365 καὶ
3249 2309 3419 2382 βίαιον
3445 2307 3578 2358 61:0-

2004 2415 2190 2486 μείνας
2210 2413 2466 2478 θάνατον;
2490 2411 2602 2464 ἀλλ’
2626 2411 2743 2480 οὐχὶ
2771 2408 2968 2480 μᾶλλον
2986 2403 3579 2478 ἐκέρδανε,λαμπρότε-

2005 2529 2095 2584 ρον
2123 2509 2528 2579 ἀναδησάμενος
2552 2507 2842 2576 στέφανον;
2865 2505 2930 2558 Τί
2947 2505 3003 2558 δὲ
3024 2508 3051 2558 6
3066 2502 3281 2566 Ἰακὼϐ,
3297 2505 3323 2555 ὁ
3338 2499 3580 2554 τοσαῦτα

2004 2606 2193 2660 παθὼν
2220 2605 2371 2679 παρά
2394 2603 2487 2656 τοῦ
2518 2602 2770 2671 ἀδελφοῦ,
2801 2603 2895 2656 καὶ
2919 2601 3130 2667 ἄπολις,
3153 2600 3245 2652 καὶ
3269 2598 3466 2667 φυγάς,
3487 2596 3583 2649 καὶ

2008 2703 2373 2777 μετανάστης,
2409 2703 2501 2755 καὶ
2540 2699 2726 2764 δοῦλος
2760 2699 3069 2768 γενόμενος,
3102 2696 3194 2749 καὶ
3232 2697 3310 2757 είς
3357 2693 3582 2762 ἔσχατον

2004 2802 2163 2872 λιμὸν
2195 2799 2572 2870 κατενεχθείς;
2612 2796 2676 2849 Τί
2708 2797 2797 2848 δαὶ
2833 2797 2861 2848 6
2887 2792 3105 2864 Ἰωσὴφ,
3137 2792 3338 2861 ὁμοίως
3365 2790 3461 2842 καὶ
3486 2788 3584 2840 αὑ-

2005 2899 2096 2962 τὸς
2125 2897 2337 2961 ἄπολις,
2361 2897 2565 2959 ἄοικος,
2592 2894 2688 2946 καὶ
2717 2890 3085 2961 αἰχμάλωτος,
3122 2888 3218 2942 καὶ
3243 2886 3451 2949 δοῦλος,
3490 2885 3584 2937 καὶ

2005 2993 2292 3066 δεσμώτης
2322 2989 2584 3062 γεγονὼς,
2619 2989 2714 3041 καὶ
2745 2988 2874 3057 περὶ
2901 2985 3007 3038 τῶν
3031 2985 3274 3054 ἐσχάτων
3313 2980 3586 3036 κινδυνεύ-

2011 3109 2129 3156 σας,
2149 3093 2244 3144 καὶ
2269 3092 2326 3141 ἐν
2349 3090 2414 3159 τῇ
2438 3087 2614 3155 οἰκεία
2639 3085 2733 3137 καὶ
2755 3085 2810 3138 ἐν
2833 3086 2898 3152 τῇ
2923 3081 3200 3151 ἀλλοτρία,
3218 3080 3311 3133 καὶ
3332 3076 3587 3139 τοιαύτας

2011 3192 2311 3262 ὑπομείνας
2344 3187 2628 3250 διαϐολάς;
2659 3187 2702 3238 Τ
2709 3185 2724 3236 ί
2754 3184 2842 3236 δαὶ
2869 3185 2896 3236 ὁ
2926 3181 3165 3251 Μωῦσῆς
3197 3180 3302 3232 61:6
3332 3175 3588 3229 τοσούτου

2011 3287 2183 3358 δήμῡυ
2219 3284 2480 3355 μυριάκις
2505 3281 2916 3343 καταλευσθεὶς,
2941 3278 3033 3330 καὶ¹
3063 3275 3214 3345 παρά
3237 3273 3344 3326 τῶν
3367 3271 3590 3342 εὐεργε-

2011 3383 2283 3454 τηθέντων
2319 3378 2757 3444 ἐπιϐουλευθείς;
2791 3376 2855 3427 Τί
2894 3375 2982 3428 δαὶ
3011 3377 3059 3426 οί
3086 3371 3361 3443 προφῆται
3394 3369 3593 3430 πάντες

2013 3480 2253 3533 τοσαῦτα
2283 3477 2434 3548 παρὰ
2460 3475 2568 3528 τῶν
2603 3473 2871 3526 Ἰουδαίων
2903 3470 3165 3532 παθόντες
3191 3467 3375 3533 κακά;
3405 3465 3469 3518 Τί
3504 3464 3595 3516 δαὶ

2015 3581 2043 3631 6
2081 3576 2222 3642 Ἰὼϐ,
2263 3576 2368 3628 61:6
2403 3574 2497 3627 τοῦ
2545 3571 2794 3625 διαϐόλου
2833 3568 3054 3640 μυρίαις
3117 3566 3384 3636 μηχαναῖς
3437 3559 3597 3612 πολε-

2020 3673 2248 3745 μηθείς;
2279 3673 2342 3725 Τί
2381 3671 2468 3724 δαὶ
2493 3672 2542 3723 οί
2573 3669 2762 3732 παῖδες
2796 3669 2846 3721 οἱ
2873 3667 3055 3738 τρεῖς;
3094 3664 3159 3716 Τί
3191 3663 3277 3715 60.1
3315 3661 3344 3712 6
3373 3655 3596 3727 Δανιὴλ,

2019 3770 2149 3836 περὶ
2177 3769 2343 3839 ζωῆς,
2376 3770 2506 3839 περὶ
2538 3768 2871 3838 ἐλευθερίας,
2903 3764 3030 3834 περὶ
3057 3761 3168 3814 τῶν
3202 3758 3445 3829 ἐσχάτων
3476 3772 3598 3810 κιν-

2017 3867 2281 3929 δυνεύσας
2302 3865 2482 3918 αὐτῶν
2504 3884 2518 3932 ;
2537 3866 2602 3917 Τί
2621 3864 2707 3916 δαὶ
2728 3866 2756 3916 6
2778 3863 2962 3924 ἰΙλίας
2986 3861 3189 3929 ἐσχάτῃ
3211 3856 3371 3925 πενίτρ⁴
3397 3853 3595 3917 συζῶν,

2021 3963 2400 4032 ἐλαυνόμενος,
2423 3959 2794 4031 δραπετεύων,
2815 3957 2913 4020 τὰς
2939 3957 3178 4027 ἐρήμους
3210 3951 3392 4015 οἰκῶν,
3420 3949 3597 4019 φυγὰς

2021 4064 2111 4117 ἀεὶ
2164 4062 2258 4114 καί¹
2307 4059 2649 4131 μετανάστης
2700 4055 3025 4126 γινόμενος;
3078 4051 3144 4104 Τί
3199 4051 3288 4104 60:1
3332 4051 3361 4103 6
3397 4047 3598 4111 Δαυῗδ,

2022 4159 2262 4213 τοσαῦτα
2311 4158 2408 4229 μὲν
2443 4154 2594 4226 παρά
2625 4153 2718 4207 τοῦ
2753 4152 2961 4216 Σαοὺλ,
2997 4150 3234 4204 τοσαῦτα
3277 4148 3334 4201 δὲ
3374 4146 3601 4218 ὕστερον

2025 4255 2179 4327 παρά
2207 4253 2299 4307 τοῦ
2327 4253 2455 4306 ἰδίου
2483 4251 2671 4314 παιδὸς
2701 4247 2922 4312 παθών;
2947 4247 3066 4318 ούχὶ
3091 4245 3290 4316 μᾶλλον
3312 4241 3600 4313 διέλαμψε,

2024 4355 2094 4408 τὰ
2117 4353 2318 4424 ἐσχατα
2351 4351 2576 4420 πάσχων
2609 4347 2774 4411 κακὰ,
2807 4348 2840 4418 ἦ
2867 4347 2953 4400 ὅτε
2985 4343 3288 4414 εὐημερίας
3319 4339 3602 4410 ἀπήλαυε;

2029 4451 2094 4503 Τί
2125 4451 2212 4503 60:1
2240 4452 2268 4502 6
2302 4449 2555 4517 Ἰωάννης
2582 4443 2953 4514 ἀποτμηθείςς
2985 4441 3050 4493 Τί
3082 4440 3172 4493 60:1
3205 4439 3255 4490 οἱ
3294 4435 3604 4501 ἀπόστολοι,

2027 4551 2077 4603 οἱ
2111 4550 2209 4620 μὲν
2237 4546 2670 4618 ἀποτμηθέντες,
2692 4544 2742 4596 οἱ
2767 4542 2822 4595 δὲ
2855 4541 3069 4612 ἑτέραις
3095 4537 3390 4608 τιμωρίαις
3426 4551 3606 4604 παρα-

2030 4648 2275 4709 δοθέντες
2298 4663 2314 4711 ;
2338 4645 2401 4695 Τί
2429 4643 2517 4696 60:1
2541 4643 2589 4695 οἱ
2621 4641 2916 4711 μάρτυρες,
2937 4640 2988 4689 οἱ
3007 4637 3204 4697 δειναῖς
3232 4631 3483 4704 βασάνοις
3505 4631 3605 4700 τὴν

2031 4748 2210 4818 ψυχὴν
2232 4741 2674 4814 ἀπορρήξαντες;
2700 4737 2820 4806 οὐχὶ
2843 4736 3040 4796 πάντες
3063 4727 3204 4786 οὗτοι
3224 4731 3344 4783 τότε
3369 4730 3608 4799 μάλιστα

2035 4843 2307 4914 ἔλαμψαν,
2339 4841 2428 4892 ὅτε
2472 4833 2870 4904 ἐπηρεάζοντο;
2901 4831 2991 4882 ὅτε
3031 4825 3484 4892 ἐπεϐουλεύοντος
3513 4825 3606 4877 ὅτε

2036 4941 2106 4994 τὰ
2133 4941 2337 5008 ἔσχατα
2365 4935 2668 5003 πάσχοντες
2694 4926 2958 4996 γενναίως
2983 4924 3360 4994 είστήκεισαν;

2109 5039 2248 5104 Κεφ.
2281 5033 2364 5096 ιζ’.
2399 5033 2501 5083 Τὸν
2518 5030 2574 5082 δὲ
2596 5027 2770 5082 κοινὸν
2791 5025 2947 5096 ἡμῶν
2971 5024 3246 5093 Δεσπότην
3277 5022 3363 5076 διὰ
3386 5021 3454 5075 τά
3475 5023 3610 5076 ἄλλα

2043 5136 2218 5189 πάντα
2239 5128 2626 5201 ἀνυμνοῢντες,
2660 5125 2720 5178 οὐ
2747 5125 2836 5177 διὰ
2858 5122 3014 5176 τοῦτο
3043 5121 3277 5192 μάλιστα
3307 5119 3456 5193 [505]
3487 5122 3612 5174 ἀνυ-

2046 5230 2177 5303 μνοῦ
2187 5248 2305 5302 μεν,
2317 5225 2648 5292 δοξάζοντες,
2666 5219 3090 5292 ἐκπληττόμενοι
3103 5231 3127 5258 ι
3145 5217 3232 5270 διὰ
3247 5218 3336 5270 τὸν
3360 5217 3616 5287 σταυρὸν,

2042 5330 2130 5382 διὰ
2152 5330 2241 5383 τὸν
2267 5327 2495 5378 θάνατον
2515 5322 2722 5372 ἐκεῖνον
2744 5317 2838 5369 τὸν
2862 5316 3133 5384 ἐπάρατον
3160 5330 3176 5380 ;
3207 5313 3285 5364 06
3312 5311 3472 5364 τοῦτο
3500 5313 3615 5365 ἂνω

2047 5430 2143 5483 καὶ
2162 5426 2310 5480 κάτω
2333 5423 2556 5493 σημεῖον
2571 5415 2820 5478 ὁΠαῦλος
2841 5415 3073 5466 ποιεῖται
3097 5410 3195 5481 τῆς
3217 5408 3434 5477 ἀγάπης
3452 5409 3620 5461 αὑτοῦ

2046 5527 2144 5597 τῆς
2174 5524 2303 5596 περὶ
2325 5521 2496 5592 ἡμᾶς,
2517 5517 2577 5570 :6
2602 5514 2892 5568 ἀποθανεῖν
2913 5528 2928 5577 ;
2952 5508 3010 5562 :6
3039 5510 3176 5581 ὑπὲρ
3201 5505 3456 5560 τοιούτων
3480 5503 3622 5556 ἁπο-

2112 5647 2135 5675 ⁸
2162 5645 2259 5693 Αιὶὶ
2285 5645 2362 5691 διὰ
2399 5638 2542 5688 τοῦτο
2581 5637 2757 5701 μᾶλλον
2803 5630 3113 5693 θαυμάζομεν,
3155 5626 3420 5681 δοξάζοντες
3442 5619 3521 5699 καὶ
3545 5620 3627 5668 ἐκ-

2047 5707 2357 5767 πληττόμενοι
2366 5739 2377 5750 .
3197 5703 3200 5706 ’
