4030 6206
425 266 525 323 σιτ

424 382 639 444 θανεῖνς
664 381 760 435 καὶ
787 381 985 453 παρεὶς
1011 383 1185 436 εἰπεῖν
1206 383 1297 436 τὸν
1333 381 1582 453 οὐρανὸν,
1614 382 1713 452 τὴν
1746 380 1873 450 γῆν,
1897 378 1995 448 τὴν

424 470 716 535 θάλατταν,
736 469 807 525 τὰ
847 469 982 525 ἄλλα
1018 469 1219 532 πάντα,
1252 470 1398 541 ἆπερ
1425 468 1681 540 ἐποίησεν
1705 469 1734 520 ό
1768 466 1998 538 Χριστὸς

425 559 506 621 είς
534 558 722 630 χρείαν
747 556 905 628 ήμῶν
933 555 1026 610 καὶ
1054 558 1383 621 ἀνάπαυσιν,
1406 556 1518 610 άνω
1548 554 1644 609 καὶ
1666 554 1816 608 κάτω
1847 570 1998 622 περι-

430 647 650 717 στρέφει
693 645 783 698 τδν
829 644 1058 723 σταυρὸν
1077 687 1093 711 ,
1124 642 1298 714 λέγων
1319 659 1333 673 '
1375 643 1727 712 Συνέστησε
1780 637 1848 695 δὲ
1884 640 1997 709 τὴν

426 734 646 788 ἑαυτοῦ
680 733 921 803 ἀγάπην
960 737 994 788 ὁ
1033 734 1178 800 Θεὸς
1218 736 1304 799 εἰς
1325 731 1517 803 ἡμᾶς,
1551 730 1661 796 ὅτι,
1692 731 1780 786 ἔτι
1810 730 1995 801 ἀμαρ-

428 822 633 875 τωλῶν
650 822 838 874 ὄντων
857 819 1042 890 ήμῶν,
1067 821 1318 889 Χριστὸς
1340 817 1490 889 ὑπὲρ
1514 818 1679 890 ἡμῶν
1701 818 1962 874 ἀπέθανε
1979 832 1994 847 ⁸

431 909 523 961 καὶ
560 907 808 960 ἐντεῦθεν
848 909 978 978 ήμῖν
1013 906 1255 979 χρηστάς
1298 907 1567 960 ὑποτείνει
1599 906 1697 970 τὰς
1744 905 1997 968 ἐλπίδας,

429 993 633 1061 λέγων·
673 996 743 1047 Εἰ
789 996 899 1063 γὰρ
957 994 1157 1062 ἐχθροὶ
1209 994 1381 1059 ὄντες
1422 994 1885 1062 κατηλλάγημεν
1915 991 1996 1057 τῷ

430 1080 554 1146 Θεῷ
587 1080 684 1135 διὰ
720 1083 827 1135 τοῦ
876 1082 1133 1136 θανάτου
1168 1081 1274 1134 τοῦ
1338 1079 1474 1135 Υίσῦ
1517 1078 1702 1135 αὐτοῦ
1725 1123 1740 1144 ,
1788 1074 1997 1144 πολλῷ

426 1168 665 1237 μᾶλλον
697 1168 1174 1239 καταλλαγέντες
1224 1170 1615 1238 σωθησόμεθα
1661 1168 1732 1221 ἐν
1780 1164 1855 1236 τῇ
1883 1165 1997 1233 ζωῇ

429 1256 656 1320 αὐτοῦ;
683 1257 798 1310 Οὐκ
840 1255 933 1310 ἐπὶ
973 1255 1148 1327 τούτῳ
1183 1256 1415 1327 μάλιστα
1446 1257 1541 1310 καὶ
1578 1255 1741 1319 αὐτὸς
1786 1256 1996 1310 καλλω-

432 1343 668 1410 πίζεται,
703 1345 799 1397 καὶ
829 1345 971 1414 μέγα
996 1345 1203 1413 φρονεῖ,
1238 1346 1332 1396 καὶ
1356 1343 1572 1412 σκιρτᾷ,
1603 1341 1694 1394 καὶ
1723 1340 1998 1394 πέτατχιεΙι

431 1431 538 1482 ὑπὸ
565 1431 663 1500 τῆς
703 1432 916 1501 ήδονῆς,
948 1431 1214 1493 Γαλάταις
1250 1430 1476 1500 γράφων
1510 1428 1702 1492 οὕτως,
1738 1426 1900 1496 Ἔμοί
1930 1425 2002 1480 δὲ

429 1518 512 1586 μὴ
545 1517 775 1586 γένοιτο
807 1518 1167 1586 καυχᾶσθαι,
1194 1520 1248 1571 εἰ
1268 1516 1353 1586 μὴ
1387 1516 1458 1569 ἐν
1494 1514 1575 1581 τῷ
1610 1513 1851 1582 σταυρῷ
1893 1513 1999 1567 τοῦ

432 1606 651 1673 Κυρίου
677 1603 848 1674 ήμῶν
898 1600 1092 1673 Ἰησοῦ
1126 1604 1419 1672 Χριστοῦ;
1450 1603 1558 1656 Kal
1585 1602 1638 1655 τί
1678 1600 1997 1671 θαυμάζεις,

433 1695 481 1745 εἰ
511 1693 723 1757 Παῦλος
753 1694 846 1746 ἐπὶ
876 1692 1049 1762 τούτῳ
1100 1694 1298 1764 σκιρτᾷ
1335 1692 1430 1745 καὶ
1482 1691 1623 1762 πηδᾷ
1657 1692 1750 1744 καὶ
1787 1689 2001 1742 καλλω-

433 1780 690 1844 πίζεται;
742 1781 913 1843 Αὐτὸς
952 1783 981 1833 ὁ
1008 1780 1180 1834 ταῦτα
1213 1777 1421 1841 παθὼν,
1462 1778 1619 1845 δόξαν
1657 1777 1720 1830 τὸ
1766 1778 2001 1847 πρᾶγμα

434 1868 608 1922 καλεῖ.
637 1867 830 1935 Πάτερ
856 1868 986 1939 γὰρ,
1021 1870 1205 1938 φησὶν,
1234 1867 1534 1933 ἐλήλυθεν
1572 1867 1611 1934 ή
1654 1864 1795 1934 ὥρα,
1824 1864 2002 1929 δόξα-

430 1957 550 2008 σόν
577 1972 694 2009 σου
726 1956 835 2010 τὸν
860 1957 1012 2011 Υιόν.
1042 1957 1149 2010 Kal
1174 1958 1204 2009 ό
1238 1955 1480 2026 μαθητὴς
1507 1953 1566 2007 δὲ
1590 1954 1621 2005 ὁ
1656 1952 1831 2006 ταῦτα
1862 1951 2000 2022 γρά-

431 2042 537 2111 ψας
559 2044 731 2107 οὕτως
759 2044 944 2115 ἔλεγεν
966 2060 979 2073 ’
1000 2046 1174 2099 Οὔπω
1195 2045 1306 2114 γὰρ
1331 2040 1409 2114 ἦν
1433 2045 1503 2096 ἐν
1529 2041 1733 2107 αὐτοῖς
1762 2041 2004 2109 Πνεῦμα

430 2131 622 2200 ἅγιον,
657 2132 748 2186 ὅτι
780 2132 1018 2199 Ἰησοῦς
1040 2133 1273 2188 οὐδέπω
1292 2131 1617 2199 ἐδοξάσθη,
1639 2130 1797 2197 δόξαν
1821 2130 2021 2183 καλῶν

431 2220 522 2270 τὸν
550 2218 803 2290 σταυρόν.
833 2220 964 2274 Ὅτε
987 2220 1044 2273 δὲ
1072 2220 1238 2273 αὐτοῦ
1269 2219 1367 2290 τὴν
1401 2220 1622 2287 ἀγάπην
1654 2217 2003 2288 παραστῆσαι

431 2305 734 2377 ἐϐουλήθη,
779 2308 876 2362 καὶ
913 2307 1075 2370 αὐτὸς
1123 2308 1178 2361 τί
1224 2302 1374 2373 εἶπες
1432 2309 1670 2377 σημεῖα,
1713 2305 2002 2377 θαύματα,

432 2392 692 2464 τεράστιά
708 2409 864 2459 τινα;
893 2393 1176 2464 Οὐδαμῶς,
1204 2393 1341 2448 ἀλλὰ
1357 2394 1448 2447 τὸν
1477 2394 1708 2464 σταυρὸν
1733 2395 1811 2456 εἰς
1843 2392 2005 2462 μέσον

432 2478 613 2551 φέρει,
648 2480 853 2548 λέγων·
891 2480 1088 2548 Οὕτως
1135 2479 1455 2551 ἠγάπησεν
1483 2484 1515 2535 ὁ
1565 2481 1709 2546 Θεὸς
1757 2481 1866 2535 τὸν
1901 2480 2004 2535 κό-

432 2583 612 2636 σμον,
640 2567 728 2621 ὅτι
758 2567 868 2622 τὸν
907 2568 1045 2623 Υὶὸν
1077 2568 1263 2622 αὑτοῦ
1301 2569 1408 2622 τὸν
1433 2567 1732 2638 μονογενῆ
1759 2568 2002 2635 ἔδωκεν,
2043 2597 2049 2600 ν

433 2655 535 2708 ἵνα
571 2653 690 2722 πᾶς
735 2658 769 2709 ὀ
812 2656 1113 2711 πιστεύων
1155 2657 1248 2709 ἐπ’
1301 2657 1521 2720 αὑτὸν,
1566 2654 1652 2725 μὴ
1685 2656 2003 2724 ἀπόληται,

432 2742 572 2797 ἀλλ’
598 2744 708 2813 ἔχῃ
734 2742 891 2813 ζωὴν
921 2744 1181 2800 αἰώνιον.
1205 2746 1316 2799 Kal
1345 2744 1557 2807 Παῦλος
1584 2744 1779 2798 πάλιν
1811 2745 1913 2812 Ὃς
1936 2760 2004 2814 τε

433 2830 541 2884 τοῦ
582 2831 736 2886 ἰδίου
792 2831 928 2885 Υἰοῦ
978 2836 1092 2889 οὐκ
1122 2833 1405 2901 ἐφείσατο
1425 2874 1440 2896 ,
1479 2831 1614 2887 ἀλλ’
1654 2832 1807 2899 ὑπὲρ
1838 2833 2007 2902 ήμῶν
2034 2834 2050 2846 ⁴

435 2917 678 2973 πάντων
725 2919 1064 2986 παρέδωκεν
1111 2920 1319 2983 αὑτὸν,
1367 2919 1492 2986 πῶς
1547 2920 1683 2989 οὐχὶ
1739 2918 1837 2973 καί
1884 2919 2006 2973 σὺν

434 3003 595 3069 αὐτῷ
625 3005 698 3059 τὰ
725 3005 921 3059 πάντα
952 3007 1098 3077 ἡμῖν
1123 3009 1467 3077 χαρίσεται;
1505 3009 1615 3061 Kal
1641 3009 1721 3071 εἰς
1749 3024 2006 3061 ταπεινο-

438 3090 712 3163 φροσύνην
745 3093 803 3145 δὲ
824 3093 952 3146 ὃταν
973 3096 1167 3165 ὲνάγῃ,
1199 3094 1450 3147 ἐντεῦθεν
1477 3091 1874 3158 κατασκευάζει
1907 3094 2007 3163 τὴν

437 3179 792 3247 παραίνεσιν,
827 3178 973 3233 οὕτω
1019 3180 1226 3249 λέγων’
1272 3181 1348 3234 ΕΖ
1391 3198 1481 3248 τις
1519 3197 1627 3248 παι
1641 3180 1898 3248 ἀκλησις
1937 3181 2007 3234 ἐν

438 3266 687 3334 Χριστῷ,
716 3267 772 3321 εἰ
794 3284 848 3321 τι
877 3269 1248 3336 παραμύθιον
1270 3267 1526 3337 ἀγάπης,
1548 3268 1603 3320 εί
1626 3285 1714 3333 τις
1730 3266 2008 3320 κοινωνία

437 3354 805 3422 Πνεύματος,
823 3354 879 3407 εἴ
904 3372 1037 3408 τινα
1059 3354 1497 3438 σπλάγχνα.καί
1523 3353 1824 3424 οἰκτιρμοί,
1857 3358 2009 3423 πλη-

435 3438 667 3506 ρώσατέ
711 3458 831 3511 μου
859 3440 974 3508 τὴν
1017 3441 1231 3510 χαρὰν.
1264 3442 1365 3494 ἵνα
1415 3442 1480 3494 τὸ
1526 3441 1673 3494 αὐτὸ
1724 3439 2006 3510 φρονῆτε,

439 3528 555 3595 τὴν
577 3527 773 3597 αὐτὴν
800 3529 1041 3598 ἀγάπην
1058 3529 1305 3597 ἔχοντες
1328 3531 1542 3598 σύμψυ
1546 3546 1659 3597 χοι,
1691 3528 1755 3582 τὸ
1783 3527 1854 3581 ἐν
1876 3545 2011 3598 φρο-

440 3613 709 3683 νοῦντες,
730 3617 923 3685 μηδὲν
946 3617 1071 3670 κατ’
1099 3617 1358 3686 έρίθειαν
1382 3617 1420 3685 ἣ
1449 3617 1822 3683 κενοδοξίαν,
1849 3615 2011 3670 ἀλλὰ

440 3702 515 3772 τῇ
534 3706 1053 3774 ταπεινοφροσύνῃ
1065 3706 1381 3774 ἀλλήλους
1395 3708 1828 3774 προηγούμενα
1843 3707 2012 3774 ὑπερ·

439 3790 695 3861 έχοντας
712 3791 962 3847 ἑαυτῶν.
978 3790 1110 3847 Εἶτα
1129 3793 1365 3860 εἰσάγων
1380 3793 1479 3864 τὴν
1500 3809 1563 3845 συ
1571 3792 1827 3864 μϐουλὴν,
1848 3793 2007 3864 φησί’

448 3880 627 3934 Τοῦτο
669 3879 778 3949 γὰρ
821 3882 1154 3949 φρονείσθω
1179 3880 1250 3933 ἐν
1285 3878 1447 3948 ὑμῖν,
1487 3879 1519 3932 ὃ
1551 3879 1650 3932 καί
1683 3879 1753 3932 ἐν
1778 3876 2013 3947 Χριστῷ

455 3966 680 4035 Ἰησοῦ,
703 3954 770 4033 ὃς
785 3967 856 4020 ἐν
869 3966 1071 4036 μορφῇ
1089 3966 1237 4021 Θεοῦ
1255 3965 1558 4036 ὑπάρχων,
1573 3968 1684 4035 οὐχ
1701 3965 2015 4035 ἁρπαγμόν

443 4055 716 4126 ἡγήσατο
745 4056 812 4108 τὸ
835 4050 989 4109 εἶναι
1016 4057 1121 4110 ἴσα
1148 4053 1291 4120 Θεῷ,
1316 4056 1452 4110 ἀλλ’
1478 4056 1694 4110 ἑαυτὸν
1728 4054 2010 4121 ὲκένωσε,

440 4142 683 4210 μορφὴν
720 4141 944 4196 δούλου
988 4142 1208 4207 λαϐὼν,
1251 4144 1321 4197 ὲν
1359 4141 1670 4211 ὁμοιώματι
1700 4141 2013 4210 ἀνθρώπου

447 4230 782 4299 γενόμενος,
804 4230 903 4284 καὶ
922 4231 994 4283 ἐν
1012 4231 1273 4300 σχήματι
1292 4232 1553 4298 εὑρεθεὶς
1568 4234 1648 4297 ὡς
1669 4230 1976 4299 ἄνθρωπος
1996 4248 2008 4261 ο

443 4317 848 4371 ἐταπείνωσεν
886 4317 1137 4382 ἑαυτὸν,
1190 4318 1508 4387 γενόμενος
1537 4319 1805 4385 ὑπήκοος
1836 4317 2015 4386 μέχρι

445 4408 730 4471 θανάτου,
759 4404 1018 4461 θανάτου
1047 4406 1117 4460 δὲ
1159 4406 1447 4475 σταιιοοῦ.
1487 4407 1595 4459 Kal
1630 4408 1756 4476 περὶ
1794 4406 2014 4476 ἀγάπης

443 4492 500 4545 δὲ
548 4492 712 4545 πάλιν
761 4490 1146 4561 συμϐουλεύων
1183 4490 1340 4543 τοῦτο
1391 4493 1466 4553 εἰς
1530 4491 1695 4561 μέσον
1748 4492 2009 4561 παράγει,

458 4573 770 4644 ’Δταπᾶτε,
814 4575 985 4643 λέγων
1004 4614 1019 4638 ,
1060 4573 1394 4641 ἀλλήλους,
1435 4573 1623 4640 καθὼς
1664 4574 1763 4627 καὶ
1809 4578 1841 4627 ό
1885 4576 2014 4641 Χρι-

444 4658 592 4726 στὸς
647 4659 968 4729 ἠγάπησεν
1016 4657 1169 4728 ἡμᾶς
1232 4659 1332 4713 καί
1390 4660 1608 4714 ἑαυτὸν
1672 4656 2015 4728 παρέδωκεν

446 4748 598 4817 ὑπὲρ
649 4747 818 4817 ήμῶν
867 4747 1218 4818 προσφοράν
1249 4748 1348 4801 καί
1394 4748 1611 4801 θυσίαν
1658 4747 1738 4812 τῷ
1780 4744 1902 4811 Θεῷ
1929 4748 2015 4811 εἰς

445 4836 651 4905 ὀσμὴν
678 4837 948 4903 εὐωδίας.
984 4838 1093 4890 Kal
1132 4838 1395 4905 γυναῖκας
1428 4835 1716 4891 συνάπτων
1756 4834 2013 4904 ἀνδράσιν

447 4921 529 4984 εἰς
557 4921 829 4990 ὁμόνοιαν,
853 4924 994 4975 οὕτω
1035 4922 1185 4990 λέγει
1204 4939 1215 4950 ·
1244 4925 1307 4975 Οἱ
1346 4921 1582 4989 ἄνδρες,
1606 4920 1872 4992 ἀγαπᾶτε
1910 4921 2016 4989 τὰς

447 5003 732 5071 γυναῖκας
763 5004 1012 5068 ἑαυτῶν,
1035 5005 1228 5071 καθὼς
1256 5004 1355 5058 καί
1393 5009 1426 5059 ὀ
1450 5007 1701 5073 Χριστὸς
1737 5004 2017 5075 ἠγάπησε

449 5088 561 5155 τὴν
610 5089 1008 5157 Ἐκκλησίαν,
1072 5092 1170 5144 καὶ
1213 5088 1558 5159 παρέδωκεν
1605 5090 1823 5144 ἑαυτὸν
1866 5091 2018 5159 ὑπὲρ

446 5170 658 5239 αὐτῆς.
698 5172 810 5224 Kal
838 5171 1000 5253 αρτδς
1036 5172 1092 5226 δὲ
1119 5174 1331 5236 δεικνὺς
1358 5173 1475 5236 πῶς
1514 5173 1663 5245 αὐτῷ
1691 5173 1752 5226 τὸ
1787 5176 2018 5247 πρᾶγμα

449 5250 914 5323 περισπούδαστον
948 5250 1037 5325 ἦν,
1063 5255 1155 5307 καὶ
1198 5262 1314 5318 πῶς
1345 5254 1494 5328 [504]
1536 5258 1738 5329 σφόδρα
1772 5259 1881 5328 ήρα
1922 5256 2017 5310 τοῦ

449 5336 675 5400 πάθους,
712 5337 802 5391 τὸν
846 5340 1060 5410 πρῶτον
1093 5338 1202 5392 τῶν
1244 5340 1592 5406 ἀποστόλων,
1634 5343 1737 5403 τὴν
1778 5341 2018 5412 κρηπῖδα

446 5421 545 5491 τῆς
583 5418 930 5491 Ἐκκλησίας,
963 5425 1055 5476 τὸν
1102 5427 1401 5493 κορυφαῖον
1437 5425 1534 5478 τοῦ
1570 5425 1732 5497 χοροῦ
1766 5426 1875 5478 τῶν
1918 5442 2020 5494 μα-

450 5505 652 5577 θητῶν,
681 5508 973 5562 καὶταῦτα
1005 5508 1067 5571 ἐξ
1113 5510 1338 5575 ἀγνοίας
1385 5511 1627 5575 εἰπόντα,
1665 5511 1863 5578 Ἵλεώς
1895 5527 2016 5577 σοι,

454 5592 648 5659 Κύριε,
668 5594 740 5646 οὐ
764 5591 851 5663 μὴ
869 5594 1037 5647 ἔσται
1054 5610 1151 5649 σοι
1178 5594 1376 5661 τοῦτο,
1409 5596 1637 5650 ἄκουσον
1653 5597 1705 5650 τί
1727 5596 1981 5651 ἐκάλεσεν
2001 5613 2016 5627 ·

510 5692 535 5720 ⁸
564 5691 660 5744 Αξὶἰ
679 5693 885 5743 πέτεται.

1088 263 1147 318 S.
1180 261 1466 320 JOANNIS
1500 259 1987 318 CIIRYSOSTOMI
2022 259 2343 320 ARCHIEP.
2386 261 2931 323 CONSTANTINOP.
2998 212 3006 227 ο

3555 269 3661 320 ma

2104 384 2319 453 Ὕπαγε
2339 384 2533 438 ὀπίσω
2548 402 2690 454 μου,
2715 382 2972 449 Σατανᾶ,
2994 380 3345 437 σκάνδαλόν
3356 398 3477 450 μου
3493 375 3550 435 εἶ
3561 399 3576 416 ·
3592 385 3665 452 τῇ

2096 475 2197 528 ὑπε
2205 476 2370 546 ρϐολῇ
2383 477 2481 547 τῆς
2496 476 2706 549 ὕϐρεώς
2726 494 2785 530 τε
2804 477 2899 530 καὶ
2914 476 3014 545 τῆς
3029 474 3403 545 ἐπιτιμήσεως
3421 473 3521 543 τὴν
3534 473 3667 526 πολι

2098 565 2193 637 λήν
2209 567 2339 637 περὶ
2352 567 2414 621 τὸ
2437 568 2669 639 πρᾶγμα
2686 567 2850 622 αὑτοῦ
2869 566 3110 638 σπουδὴν
3125 563 3365 619 ὲνδεικνύ
3375 563 3666 636 μενος.Καὶ

2095 655 2194 726 τὴν
2226 657 2325 726 μὲν
2349 656 2646 711 ἀνάστασιν
2669 657 2850 729 λάθρα
2880 657 2974 731 καὶ
2996 659 3057 710 ὲν
3083 655 3418 728 παραϐύστῳ
3443 655 3667 721 πεποίη-

2099 764 2214 810 κεν,
2244 748 2555 819 ἑπιτρέπων
2578 749 2751 819 αὐτῆς
2779 750 2877 819 τὴν
2915 748 3187 814 ἀπόδειξιν
3218 747 3297 817 τῷ
3333 746 3471 817 μετὰ
3492 745 3667 800 ταῦτα

2097 840 2275 911 χρόνῳ
2306 842 2503 894 παντί’
2534 842 2626 896 τὸν
2658 842 2717 895 δὲ
2763 840 2997 910 σταυρὸν
3034 841 3094 894 έν
3140 840 3282 911 μέσῃ
3309 842 3375 909 τῇ
3407 837 3579 897 πόλει.
3608 838 3667 888 ἐν

2104 926 2246 1002 μέσῃ
2297 933 2364 1001 τῇ
2405 932 2592 1003 ἑορτῇ,
2620 932 2678 985 ὲν
2732 932 2883 1002 μέσῳ
2928 929 3008 1000 τῷ
3032 930 3191 1000 δήμῳ
3232 927 3341 981 τῶν
3375 924 3665 987 Ἰουδαίων,

2098 1021 2375 1091 ἑκατέρων
2400 1020 2510 1073 τῶν
2533 1020 2896 1092 δικαστηρίων
2926 1019 3231 1089 παρόντων,
3256 1014 3578 1085 Ῥωμαϊκῶν
3605 1030 3667 1065 τε

2099 1112 2196 1165 καὶ
2233 1111 2577 1175 Ἰουδαϊκῶν,
2610 1112 2712 1181 τῆς
2751 1112 2942 1182 ἑορτῆς
2976 1110 3182 1171 πάντας
3217 1105 3575 1175 συναγούσης,
3610 1108 3669 1158 ἐν

2097 1203 2280 1274 ἡμέρᾳ
2307 1203 2468 1275 μέσῃ,
2499 1206 2558 1256 ὲν
2591 1203 2756 1273 κοινῷ
2784 1203 2885 1272 τῆς
2924 1200 3267 1270 οἰκουμένης·
3290 1198 3502 1268 θεάτρῳ
3536 1196 3670 1249 ὺπέ-

2104 1311 2274 1365 μεινε.
2305 1295 2416 1348 Kal
2437 1293 2624 1365 ἐπειδὴ
2646 1295 2696 1346 οἱ
2736 1293 3005 1364 παρόντες
3037 1291 3196 1362 μόνον
3224 1291 3410 1360 ἑώρων
3438 1288 3499 1340 τὸ
3530 1287 3672 1355 γινό-

2104 1400 2285 1454 μενον,
2321 1383 2553 1449 ἐπέταξε
2594 1384 2673 1454 τῷ
2706 1383 2841 1454 ήλίῳ
2871 1381 3127 1453 κρυϐέντι
3161 1379 3435 1450 πανταχοῦ
3465 1379 3564 1447 τῆς
3591 1379 3670 1429 οἰ-

2101 1474 2374 1546 κουμένης
2420 1476 2749 1543 ἀπαγγεῖλαι
2788 1475 2848 1527 τὸ
2880 1473 3155 1543 τόλμημα.
3201 1471 3395 1525 Καίτοι
3432 1469 3669 1532 πολλοῖς,

2099 1568 2238 1638 ὅπερ
2275 1566 2444 1638 ἔφθην
2470 1568 2672 1633 εἰπὼν,
2708 1566 3002 1621 σκάνδαλον
3051 1565 3112 1617 τὸ
3156 1564 3387 1633 πρᾶγμα
3419 1561 3668 1629 ὲγίνετω

2101 1656 2215 1709 ἀλλ’
2250 1656 2311 1709 οὐ
2331 1656 2412 1709 δεῖ
2430 1657 2647 1720 τούτοις
2679 1654 2988 1726 προσέχειν,
3025 1652 3159 1708 ἀλλά
3185 1655 3295 1715 τοῖς
3324 1649 3671 1720 σωζομένοις,

2100 1747 2213 1808 τοῖς
2249 1744 2661 1815 κατωρθωκόσι.
2692 1745 2802 1798 Kal
2827 1743 2878 1797 τί
2902 1742 3226 1812 θαυμάζεις,
3256 1743 3303 1793 εἰ
3336 1742 3395 1792 ὲν
3421 1739 3499 1809 τῷ
3532 1755 3681 1810 παρ-

2100 1836 2213 1890 όντι
2239 1836 2338 1907 βίῳ
2366 1836 2509 1890 οὕτω
2527 1836 2777 1907 λαμπρὸς
2793 1836 2823 1888 ό
2845 1832 3076 1903 σταυρὸς
3116 1831 3190 1894 ὡς
3214 1832 3306 1885 καὶ
3329 1829 3484 1895 δόξαν
3507 1827 3675 1880 αὐτὸν
3714 1853 3719 1856 ~

2103 1928 2385 1982 καλεῖσθαι
2418 1928 2650 1999 Χριστὸν
2674 1928 2727 1991 ιι,
2761 1925 2972 1980 καὶτὸν
3008 1923 3219 1977 Παῦλον
3249 1922 3336 1975 ἐπ’
3368 1919 3515 1990 αὐτῷ
3538 1935 3676 1972 καυο
3764 1942 3773 1946 ’

2104 2018 2338 2088 χᾶσθαι;
2394 2018 2483 2073 Ἐν
2529 2016 2636 2088 γὰρ
2684 2017 2869 2089 ἐκείνῃ
2907 2017 2973 2086 τῇ
3017 2012 3225 2084 φοϐερᾷ
3266 2010 3362 2064 καὶ
3412 2008 3676 2081 φρικώδει

2104 2110 2311 2182 ἡμέρα,
2340 2109 2468 2164 ὅταν
2493 2108 2621 2180 ἔλθῃ
2652 2109 2753 2176 τὴν
2787 2105 2944 2172 δόξαν
2971 2103 3377 2174 ἐνδεικνύμενος
3410 2101 3510 2170 τὴν
3540 2100 3675 2153 ἑαυ-

2104 2201 2219 2265 τοῦ,
2253 2203 2380 2255 ὃταν
2418 2200 2548 2272 ἔλθῃ
2580 2202 2639 2252 ὲν
2676 2202 2743 2270 τῇ
2788 2199 2913 2269 δόξῃ
2944 2195 3040 2250 τοῦ
3070 2195 3282 2267 [ἰατρὸς
3322 2191 3509 2258 αὑτοῦ,
3542 2192 3676 2245 ὅταν

2105 2295 2165 2347 τὺ
2197 2293 2426 2365 φοϐερὸν
2473 2295 2621 2363 παρῇ
2660 2291 2967 2363 κριτήριον,
3001 2289 3129 2342 ὅταν
3168 2288 3320 2340 πᾶσα
3366 2287 3401 2357 ὴ
3433 2284 3542 2338 τῶν
3582 2284 3678 2337 ἀν-

2107 2383 2342 2456 θρώπων
2380 2383 2709 2454 παραστήκῃ
2737 2381 2918 2450 φύσις,
2951 2381 3080 2433 ὅταν
3105 2376 3341 2447 ποταμοὶ
3372 2373 3679 2445 καχλάζονω

2103 2494 2197 2541 τες
2216 2517 2231 2540 ,
2282 2477 2412 2530 ὃταν
2456 2474 2703 2543 ἀγγέλων
2744 2474 2905 2543 δῆμοι
2948 2471 3043 2525 καὶ
3095 2470 3203 2523 τῶν
3247 2470 3358 2524 ἀνω
3394 2467 3676 2537 δυνάμεων

2104 2569 2300 2641 ἀθρόον
2327 2567 2624 2638 ὲκχέωνται
2643 2566 2793 2620 κάτω
2825 2564 2944 2636 μετ’
2969 2561 3155 2625 αὑτοῦ,
3183 2562 3313 2614 ὅταν
3346 2558 3573 2631 βραδεῖα
3600 2554 3674 2609 τὰ

2109 2660 2280 2732 μυρία
2311 2661 2514 2722 ἐκεῖνα,
2542 2658 2669 2711 ὅταν
2691 2658 2741 2710 οἱ
2785 2657 2883 2728 μὲν
2908 2656 2982 2719 ὡς
3012 2655 3163 2726 ἥλιος
3191 2652 3506 2722 λάμπωσιν,
3534 2649 3587 2700 οἱ
3618 2647 3678 2700 δὲ

2105 2754 2182 2815 ὡς
2202 2751 2450 2824 ἀστέρες,
2478 2752 2606 2805 ὅταν
2628 2747 2932 2820 συμμορίαι
2959 2745 3271 2819 μαρτύρων,
3297 2742 3425 2797 ὅταν
3446 2739 3682 2795 ἀποστό-

2105 2843 2214 2896 λων
2242 2844 2414 2913 χοροὶ.
2448 2842 2576 2894 ὅταν
2617 2840 2913 2912 προφητῶν
2954 2838 3228 2907 τάγματα,
3257 2835 3384 2888 ὅταν
3416 2830 3710 2901 γενναίων.

2105 2935 2316 3004 ἀνδρῶν
2348 2934 2595 3002 σύλλογοι
2623 2933 2823 2995 πάντες
2853 2932 2933 2995 εἰς
2963 2930 3127 3001 μέσον
3155 2928 3414 2996 ἄγωνται,
3441 2923 3563 2977 τότε
3591 2922 3680 2992 δὴ.

2105 3027 2227 3079 τότε
2253 3026 2311 3078 ὲν
2344 3025 2528 3096 ἐκείνῃ
2561 3026 2628 3096 τῇ
2658 3022 3022 3095 λαμπρότητι,
3044 3021 3102 3072 έν
3124 3017 3307 3091 ἐκείνῃ
3337 3019 3403 3086 τῇ
3444 3030 3683 3082 περιφα-

2108 3117 2265 3188 νείᾳ,
2309 3116 2472 3169 αὑτὸν
2519 3114 2738 3186 ἔρχεται
2784 3113 2967 3183 φέρων
3016 3108 3277 3181 λαμπρὰς
3315 3106 3549 3176 ἀφιέντα
3583 3103 3684 3166 τὰς

2109 3210 2350 3271 ἀκτῖνας.
2395 3208 2532 3262 Τότε
2562 3205 2695 3276 γάρ,
2735 3205 2899 3274 φησὶ.
2936 3200 3273 3272 φανήσεται
3314 3198 3382 3251 τὸ
3429 3194 3685 3264 σημεῖον

2107 3300 2214 3353 τοῦ
2265 3297 2400 3352 Υίοῦ
2451 3296 2557 3351 τοῦ
2608 3296 2920 3364 ἀνθρώπου
2956 3294 3025 3348 ἐν
3066 3290 3148 3357 τῷ
3192 3287 3459 3358 οὐρανῷ,
3510 3284 3610 3339 καί
3649 3287 3684 3337 ὁ

2109 3391 2283 3458 ἥλιος
2310 3388 2795 3455 σκοτισθήσεται,
2828 3386 2923 3439 καί
2955 3384 2993 3451 ἡ
3028 3383 3262 3451 σελήνη
3301 3382 3372 3435 οὐ
3406 3378 3585 3432 δώσει
3613 3375 3685 3427 τὸ

2109 3480 2328 3551 φέγγος
2358 3477 2566 3547 αὐτῆς,
2597 3477 2659 3530 τὸ
2695 3477 2764 3530 δὲ
2792 3474 3043 3544 σημεῖον
3063 3472 3167 3527 τοῦ
3192 3465 3458 3538 σταυροῦ
3494 3462 3688 3535 φανή-

2110 3586 2298 3624 σεται.
2325 3570 2388 3622 Ὢ
2416 3567 2619 3631 πάθους
2644 3565 2991 3636 λαμπρότης,
3013 3562 3058 3615 ὣ
3090 3557 3326 3632 σταυροῦ
3351 3555 3645 3628 φαιδρότης
3668 3568 3683 3582 ·

2110 3661 2260 3732 ἥλιος
2290 3658 2617 3723 σκοτίζεται,
2654 3656 2751 3710 καί⁵
2787 3657 2964 3727 ἄστρα
2988 3653 3178 3707 πίπτει
3209 3651 3396 3720 ὥσπερ
3426 3645 3619 3715 φύλλα,
3657 3645 3689 3697 ὁ

2111 3753 2167 3805 δὲ
2200 3750 2433 3822 σταυρὸς
2476 3750 2696 3804 πάντων
2737 3747 2962 3801 ἐκείνων
3009 3743 3303 3815 φανότερον
3352 3737 3685 3822 διαλάμπει,

2111 3839 2231 3893 ὅλον
2262 3821 2508 3908 κατέχων
2546 3837 2636 3890 τὸν
2669 3835 2918 3907 οὐρανόν.
2973 3831 3137 3902 Ὁρᾷς
3176 3829 3292 3891 πῶς
3342 3821 3686 3894 ἐγκαλλωπί-
3772 3882 3779 3887 .

2111 3926 2264 3993 ζεται
2288 3926 2460 3995 τούτῳ
2488 3925 2516 3977 ό
2550 3922 2867 3992 Δεσπότης;
2903 3919 3019 3982 πῶς
3052 3917 3210 3981 δόξαν
3247 3912 3411 3967 αὐτοῦ
3449 3911 3510 3964 τὸ
3546 3909 3689 3981 πρᾶ-

2115 4030 2233 4084 γμα
2258 4012 2317 4067 δν
2346 4012 2659 4082 ἀποφαίνει,
2697 4012 2824 4064 ὅταν
2857 4011 2914 4062 ὲν
2955 4007 3139 4079 ἐκείνῃ
3167 4002 3387 4075 δεικνύῃ
3415 3999 3576 4053 αὐτὸν
3615 4000 3686 4069 τῇ

2113 4102 2297 4172 ἡμέρᾳ
2312 4102 2378 4170 τῇ
2397 4098 2686 4172 οἰκουμένῃ
2703 4098 2852 4170 πάσῃ
2872 4093 3010 4166 μετὰ
3024 4092 3289 4162 τοσαύτης
3308 4086 3649 4172 λαμπηδόνος
3666 4102 3685 4150 ;

2185 4190 2325 4257 Κεφ.
2361 4185 2451 4257 ιη’.
2487 4186 2596 4238 Kal
2642 4171 2704 4237 σὺ
2729 4184 2926 4243 τοίνυν,
2955 4181 3084 4235 ὅταν
3118 4180 3233 4252 ἴδῃς
3266 4175 3416 4238 τινὰς
3449 4172 3556 4227 ἀπὸ
3577 4171 3689 4224 τῶν

2116 4273 2434 4345 συμϐάντων
2452 4269 2986 4339 σκανδαλιζομένους,
3004 4266 3214 4336 πρῶτον
3238 4263 3334 4334 μὲν
3353 4264 3527 4314 έκεῖνο
3544 4257 3692 4325 λογί-

2114 4362 2230 4427 ζου,
2261 4361 2339 4413 ὃτι
2372 4360 2472 4413 οὐκ
2500 4355 2892 4421 ὲντεῦθεν,ἀλλ’
2924 4353 3030 4408 ἀπὸ
3050 4352 3150 4422 τῆς
3183 4351 3388 4412 οἰκείας
3407 4345 3692 4408 ἀσθενείας

2113 4450 2182 4503 τὰ
2202 4449 2472 4503 σκάνδαλα
2485 4463 2499 4476 ·
2516 4448 2609 4501 καὶ
2621 4444 2869 4516 δηλοῦσιν
2888 4445 2935 4496 οἱ
2950 4441 3106 4496 τοῦτο
3129 4439 3203 4511 μὴ
3220 4434 3695 4497 παθόντες.Ἔπειο

2114 4556 2182 4592 τα
2217 4537 2429 4595 σκόπει.
2451 4537 2532 4590 ὅτι
2565 4534 2748 4587 πολλοὶ
2770 4533 2865 4585 καὶ
2899 4529 3200 4600 διέλαμψαν
3234 4524 3482 4579 ἐντεῦθεν
3510 4521 3696 4593 μειζό-

2115 4643 2240 4689 νως,
2252 4623 2343 4677 τόν
2357 4622 2489 4676 Θεὸν
2506 4620 2816 4686 δοξάζοντες
2831 4621 2924 4672 καὶ
2952 4618 3089 4689 μετὰ
3111 4617 3288 4684 πάσης
3310 4608 3696 4683 εὐχαριστοῦν-

2114 4731 2206 4776 τες
2239 4711 2472 4780 σπουδῆς
2508 4709 2653 4779 αὺτῷ
2691 4709 2786 4761 καὶ⁵
2832 4708 2926 4760 ὲπὶ
2955 4705 3182 4767 τούτοις.
3216 4701 3425 4756 Οὐκοῦν
3459 4698 3535 4770 μὴ
3565 4699 3695 4763 τοὺς

2117 4799 2504 4870 σαλευομένους
2532 4794 2804 4867 ὅρα,ἁλλᾰ
2829 4793 3058 4853 καὶτοὺς
3086 4790 3297 4859 παγίως
3314 4786 3575 4850 ἑστῶτας,
3596 4786 3698 4839 καὶ

2117 4889 2405 4959 ἀκινήτους
2461 4884 2741 4956 μένοντας,
2775 4882 2869 4936 καὶ
2915 4878 3085 4951 ταύτῃ
3122 4875 3502 4947 ἰσχυροτέρως
3545 4889 3699 4942 γινο-

2124 4980 2351 5052 μένους·
2384 4976 2539 5050 [ἰὶθὸ]
2567 4975 2642 5046 μή
2665 4975 2791 5036 τοὺς
2810 4968 3262 5043 θορυϐουμένους,
3282 4964 3418 5052 ἀλλά
3446 4963 3542 5017 καὶ
3565 4962 3696 5052 τους

2119 5048 2179 5132 ἐξ
2217 5048 2414 5137 οὐρίων
2441 5063 2723 5124 πλέοντας,
2758 5059 2853 5113 καὶ
2900 5055 3079 5127 πολλῷ
3125 5053 3342 5115 πλείους
3380 5050 3539 5113 ϐντας
3582 5048 3697 5101 τῶν
3742 5114 3754 5122 ,

2120 5153 2565 5225 παρασυρέντων.
2609 5149 2670 5201 Εἰ
2718 5147 2774 5199 δὲ
2813 5146 3032 5207 πλείους
3078 5139 3217 5214 ἦσαν
3253 5143 3475 5201 ἐκεῖνοι,
3503 5137 3694 5206 κρείτ-

2120 5261 2228 5297 των
2257 5236 2338 5304 εἷς
2380 5238 2551 5293 ποιῶν
2589 5235 2653 5290 τὸ
2689 5234 2903 5304 θέλημα
2946 5232 3174 5303 Κυρίου,
3210 5231 3242 5301 ἢ
3285 5226 3467 5300 μύριοι
3511 5225 3696 5295 παρά-

2120 5344 2295 5401 νομοι.

2195 5417 2325 5486 Κεφ.
2358 5417 2443 5471 ιϐ’.
2505 5416 2786 5486 Ἐννόησον
2831 5415 2944 5467 ὅσοι
2987 5413 3083 5467 καὶ
3140 5407 3436 5483 μαρτυρίου
3485 5402 3692 5470 στέφα-

2121 5524 2213 5563 νον
2234 5503 2574 5575 ἀνεδήσαντο.
2606 5504 2670 5556 Ol
2698 5502 2796 5572 μὲν
2826 5500 2934 5572 γάρ
2964 5496 3436 5585 ἐμαστιγὼθησαν,
3462 5493 3512 5545 οἰ
3534 5491 3592 5585 δὲ
3613 5491 3696 5553 εἰς

2121 5593 2494 5662 δεσμωτήριον
2516 5589 2897 5661 ὲνεϐλήθησαν,
2918 5588 2968 5640 οἰ
2988 5580 3045 5641 δέ
3068 5585 3286 5649 ἁλύσεις
3303 5583 3377 5646 ὡς
3398 5580 3703 5652 κακοῦργοι

2183 5692 2214 5733 ι
2237 5691 2438 5753 Χριστόν
2457 5691 2600 5740 deest
2619 5692 2667 5739 in
2689 5688 2974 5751 quibusdam
2997 5698 3115 5737 mss.
