4030 6206
226 224 318 281 517
1055 219 1145 274 ΑΒ
1182 217 1311 276 EOS
1344 217 1462 287 QUI
1500 215 2002 275 SCANDALIZATI
2037 217 2235 275 SUNT.
2277 220 2407 278 LIB.
2447 223 2653 287 UNUS.

224 336 376 393 tuus?
401 342 461 393 et
483 335 741 391 omittcns
776 332 966 390 etclam
985 375 1000 402 ,
1036 344 1234 390 terram
1254 377 1270 399 ,
1302 350 1479 400 mare,
1508 349 1574 390 ac
1601 343 1796 390 cratera

227 431 391 483 omnia
412 440 859 491 commemorare,
882 440 1003 495 qua:
1031 425 1097 479 ad
1120 440 1274 481 usum
1306 436 1547 480 nostrum
1572 434 1628 481 et
1652 426 1798 480 sola-

224 527 343 575 tium
368 518 607 576 condidit
630 518 896 583 Christus,
925 533 1126 586 susque
1154 517 1329 587 deque
1357 526 1535 573 versat
1556 530 1796 580 crucem,

220 616 391 665 dicens
439 627 455 664 :
506 605 888 663 Commeadavit
938 617 1110 662 autem
1158 610 1422 662 caritatem
1471 625 1618 662 suam
1657 607 1801 663 Deus

222 719 328 772 ergo
373 717 466 754 nos
490 740 506 765 ,
548 700 787 770 quoniam
836 716 949 753 cum
995 700 1164 754 adhuc
1217 709 1502 773 peccatores
1541 715 1757 757 essemus
1778 739 1797 766 ,

222 792 437 848 Christus
463 807 556 859 pro
584 790 726 845 nobis
756 801 984 845 mortuas
1014 800 1086 843 est
1117 790 1293 859 (Rom.
1322 791 1378 845 5.
1410 790 1466 845 8.
1497 789 1579 861 9);
1601 798 1656 845 et
1676 790 1803 846 inde

224 901 307 938 nos
339 885 390 939 in
415 899 564 953 spem
592 883 851 953 optimam
878 883 1033 953 erigit
1061 883 1246 939 dicens
1274 899 1290 939 ς
1322 883 1383 937 Si
1403 884 1535 938 enim
1558 901 1672 938 cum
1697 884 1799 937 ini-

223 976 326 1028 mici
353 990 601 1040 essemus,
630 972 944 1027 reconciliati
978 990 1155 1028 sumus
1197 974 1302 1028 Deo
1333 992 1421 1044 per
1442 984 1650 1027 mortem
1675 973 1801 1029 Filii

224 1069 322 1137 ejus
345 1083 364 1120 :
392 1066 548 1119 multo
593 1065 755 1136 magis
781 1066 1096 1119 reconciliati
1123 1067 1250 1119 salvi
1276 1067 1461 1120 eriums
1499 1066 1553 1119 in
1586 1067 1691 1120 vita
1716 1070 1798 1137 ip-

226 1160 318 1212 sius
351 1157 537 1228 (Rom.
581 1158 634 1211 5.
671 1156 796 1227 10).
838 1155 1031 1212 Nonne
1070 1165 1125 1211 et
1165 1158 1278 1226 ipse
1323 1158 1422 1211 hac
1469 1172 1528 1211 re
1571 1158 1805 1213 maxime

227 1252 489 1321 gloriatur,
516 1258 573 1304 et
600 1249 700 1303 sibi
735 1250 941 1317 placet,
969 1248 1201 1318 gaudet,
1231 1259 1283 1304 et
1307 1249 1540 1304 exsultat
1579 1264 1687 1318 pra:
1717 1249 1801 1303 ni-

229 1343 319 1413 mia
350 1341 617 1410 voluptate
641 1383 657 1408 ,
687 1356 809 1395 cum
840 1341 908 1394 ad
936 1340 1155 1396 Galatas
1193 1341 1261 1394 ita
1303 1341 1518 1404 scribit,
1550 1340 1683 1395 Mihi
1710 1358 1809 1395 au-

229 1443 311 1486 tem
344 1432 472 1485 absit
502 1432 753 1503 gloriari,
798 1433 896 1486 nisi
939 1433 992 1485 in
1040 1449 1187 1487 cruce
1231 1432 1436 1486 Domini
1474 1433 1635 1486 nostri
1678 1432 1806 1488 Jesu

229 1524 399 1578 Christi
426 1523 573 1594 (Gal.
604 1522 657 1578 6.
688 1524 797 1594 14).
834 1522 970 1592 Quid
1003 1538 1132 1578 vero
1160 1523 1371 1579 miraris
1390 1565 1405 1587 ,
1434 1525 1478 1578 si
1504 1523 1705 1577 Paulus
1730 1524 1801 1579 ob

230 1616 274 1669 id
299 1615 564 1679 exsultat,
595 1615 810 1681 exsilit,
844 1624 897 1669 et
934 1615 1232 1685 gloriatur?
1279 1615 1370 1669 Ille
1415 1615 1547 1684 ipse‘
1569 1616 1657 1685 qui
1692 1617 1805 1672 hmo

231 1723 408 1777 passus
431 1717 533 1770 est,
562 1707 790 1776 gloriam
818 1723 932 1762 rem
963 1707 1104 1762 illam
1134 1707 1385 1778 appellat.
1420 1708 1581 1763 Pater
1618 1710 1761 1765 enim
1783 1749 1803 1774 ,

231 1799 420 1870 inquit,
445 1798 574 1852 venit
597 1799 745 1864 hora,
768 1799 1001 1870 glori/ica
1023 1797 1072 1851 F
1074 1800 1217 1852 ilium
1241 1809 1382 1853 tuum
1402 1799 1587 1870 (Joan.
1612 1802 1698 1855 I7.
1724 1802 1804 1871 1).

235 1890 293 1944 Ει
315 1890 610 1960 discipulus
638 1890 727 1960 qui
757 1890 857 1943 ista
886 1890 1102 1961 scripsit
1127 1890 1339 1945 dicebat
1363 1908 1379 1947 :
1404 1890 1647 1946 Nondum
1671 1894 1806 1947 enim

230 1992 329 2035 erat
349 1984 403 2035 in
428 1983 551 2051 ipsis
575 1981 801 2049 Spiritus
826 1991 1050 2048 sanctus,
1075 1984 1195 2052 quia
1212 1983 1369 2039 Jesus
1392 1984 1617 2039 nondum
1638 1985 1806 2054 fuerat

231 2072 538 2143 glori/Scalas
566 2070 740 2143 (Joan.
769 2073 823 2126 7.
848 2073 963 2144 59),
993 2073 1186 2142 quibus
1208 2075 1386 2130 verbis
1410 2074 1633 2145 gloriam
1679 2091 1805 2130 cru-

231 2179 342 2219 cem
370 2164 617 2234 appellat.
644 2164 779 2219 Cum
812 2180 940 2220 vero
968 2167 1245 2221 caritatem
1275 2167 1443 2236 ipsius
1467 2168 1634 2223 voluit
1660 2168 1806 2224 desi-

230 2270 409 2324 gnare,
455 2253 580 2324 quid
625 2265 680 2311 et
726 2255 840 2324 ipse
882 2254 1052 2311 dixit?
1101 2273 1225 2311 num
1271 2258 1457 2327 signa,
1509 2258 1805 2326 miracula,

233 2346 460 2416 prodigia
489 2346 795 2415 quaepiam?
820 2346 977 2401 Nullo
1014 2347 1208 2415 modo,
1241 2349 1334 2404 sed
1366 2364 1577 2405 crucem
1610 2352 1663 2405 in
1688 2366 1805 2407 me-

231 2436 363 2491 dium
408 2435 617 2505 profert
651 2435 879 2492 dicens:
912 2436 1003 2491 Sic
1042 2437 1182 2494 Deus
1218 2440 1396 2494 dilexit
1439 2442 1686 2497 mundum
1707 2485 1724 2507 ,
1751 2454 1808 2498 ut

232 2526 413 2582 Filium
439 2544 591 2583 suum
631 2529 948 2600 unigenitum
976 2529 1121 2583 daret
1145 2570 1159 2594 ,
1189 2540 1245 2585 ut
1273 2534 1436 2588 omnis
1457 2534 1545 2604 qui
1572 2536 1731 2589 credit
1755 2536 1808 2589 in

230 2637 358 2685 sum,
387 2638 494 2675 non
528 2631 728 2691 pereat,
755 2621 844 2675 sed
880 2621 1061 2676 habeat
1091 2623 1243 2677 vitam
1267 2634 1508 2681 teternam
1538 2626 1719 2697 (Joan.
1748 2629 1805 2684 δι

230 2710 326 2784 l6).
355 2712 430 2767 Et
461 2712 656 2768 Paulus
693 2713 884 2768 iterum
919 2731 934 2768 :
964 2713 1063 2780 Qui
1091 2715 1300 2785 proprio
1330 2714 1469 2771 Filio
1496 2734 1808 2787 nonpeper-

228 2807 301 2869 rit,
330 2805 430 2860 sed
456 2822 550 2875 pro
577 2805 720 2859 nobis
748 2806 979 2862 omnibus
1007 2806 1216 2860 tradidit
1241 2808 1407 2874 illum,
1434 2810 1688 2880 quomodo
1706 2828 1810 2867 non

227 2898 365 2953 etiam
394 2913 516 2950 cum
541 2896 632 2950 illo
658 2896 828 2950 omnia
853 2897 996 2951 nobis
1028 2897 1234 2952 donabit
1266 2897 1454 2970 (Rom.
1483 2901 1536 2955 8.
1567 2901 1637 2954 32
1656 2901 1678 2975 )
1694 2902 1720 2954 τ
1743 2904 1810 2959 Et

228 3001 335 3041 cum
359 2987 437 3042 ad
480 2987 835 3043 humilitatem
867 2988 1090 3054 incitat,
1122 2989 1247 3046 hinc
1268 2991 1696 3049 adhortationem
1724 2996 1809 3050 in-
1856 3022 1861 3027 -

227 3081 387 3135 stituit
415 3081 471 3134 in
506 3079 622 3134 ltzec
651 3081 817 3155 verba
849 3096 866 3136 :
905 3081 967 3136 Si
1003 3098 1106 3153 qua
1135 3100 1253 3155 ergo
1276 3086 1554 3141 consolatio
1580 3087 1632 3139 in
1659 3086 1810 3142 Chri-

226 3182 310 3238 sto,
332 3173 378 3227 si
408 3170 552 3243 quod
581 3153 819 3227 solatium
841 3174 1089 3239 caritatis,
1109 3178 1156 3228 si
1180 3153 1281 3245 qua
1300 3177 1512 3231 societas
1545 3177 1771 3247 Spiritus
1789 3218 1805 3245 ,

227 3264 262 3316 si
286 3280 384 3334 qua
413 3264 613 3317 viscera
639 3280 700 3316 ac
724 3264 1068 3318 miserationes
1086 3306 1101 3330 ,
1124 3265 1328 3335 implete
1346 3266 1589 3337 gaudium
1609 3284 1807 3334 meum,

226 3368 272 3409 ut
292 3357 433 3409 idem
450 3355 689 3424 sapiatis,
711 3357 936 3409 eamdem
956 3356 1216 3411 caritatem
1241 3357 1499 3424 habentes,
1521 3358 1807 3425 unanimes,

226 3447 441 3516 idipsum
464 3447 719 3515 sapientes
740 3487 756 3511 ,
785 3447 915 3500 nihil
952 3463 1042 3517 per
1077 3448 1481 3514 contentionem,
1522 3465 1685 3519 neque
1721 3467 1813 3519 per

223 3538 419 3599 inanem
449 3537 667 3608 gloriam
691 3576 709 3602 ,
736 3536 825 3590 sed
848 3537 901 3591 in
932 3537 1216 3592 humilitate
1246 3539 1531 3608 superiores
1554 3540 1648 3593 sibi
1674 3540 1810 3593 inui-

224 3645 321 3684 cem
333 3631 645 3684 arbitrantes
671 3627 930 3701 (Philipp.
954 3629 1009 3684 2.
1034 3632 1064 3685 1
1094 3659 1116 3671 ο
1139 3631 1217 3700 5).
1246 3629 1382 3685 Tum
1403 3632 1688 3687 consilium
1711 3633 1809 3688 ad-

219 3720 448 3793 iungens
472 3723 549 3777 ait
577 3738 593 3775 :
625 3720 738 3775 Hoc
761 3722 894 3776 enim
917 3723 1094 3776 sentite
1110 3723 1165 3775 in
1188 3723 1344 3788 vobis,
1367 3725 1504 3792 quod
1528 3725 1583 3779 in
1611 3723 1833 3790 Christo,

222 3810 339 3866 Iesu
358 3852 379 3880 ,
408 3813 499 3883 qui
526 3827 645 3865 cum
668 3811 722 3865 in
744 3810 912 3881 forma
940 3811 1038 3868 Dei
1074 3822 1244 3879 esset,
1282 3829 1385 3868 non
1414 3815 1650 3884 rapinam
1675 3817 1815 3870 arbi-

223 3913 379 3958 tratus
411 3913 487 3957 est
511 3919 620 3957 esse
640 3918 694 3957 se
715 3903 960 3974 aqualem
976 3902 1108 3970 Deo,
1124 3905 1215 3959 sed
1238 3906 1558 3976 semetipsum
1580 3908 1812 3962 exinani—

222 3996 305 4061 vit,
332 3996 565 4066 [oratam
582 3995 715 4049 servi
745 3996 999 4065 accipiens
1016 4038 1032 4063 ,
1060 3999 1114 4050 in
1139 3997 1521 4052 similitudinem
1549 3999 1814 4055 hominum

221 4090 385 4156 (actus
408 4129 429 4155 ,
459 4098 507 4141 et
531 4087 706 4141 habitu
742 4088 975 4143 inuentus
1001 4098 1055 4142 ut
1077 4089 1226 4144 homo
1254 4105 1273 4144 :
1303 4090 1586 4156 humiliaoit
1608 4094 1814 4147 semeti-

224 4196 391 4247 psum,
416 4182 584 4250 {actus
612 4179 845 4235 obediens
872 4198 1027 4251 usque
1050 4182 1119 4236 ad
1147 4192 1375 4248 mortem,
1407 4194 1617 4239 mortem
1646 4196 1814 4240 autem

222 4272 385 4325 crucis
437 4267 554 4341 (Ib.
584 4286 635 4324 υ.
687 4271 721 4326 5
748 4302 769 4314 -
800 4270 891 4341 8).
941 4272 1016 4327 De
1062 4273 1282 4333 caritate
1328 4287 1491 4344 porro
1533 4275 1812 4331 consilium

226 4360 360 4415 dans
386 4404 405 4427 ,
438 4361 540 4417 hoc
590 4362 642 4416 in
688 4362 921 4418 medium
959 4364 1175 4419 adducit
1207 4380 1223 4418 :
1253 4364 1461 4437 Diligite
1487 4383 1573 4423 vos
1596 4377 1772 4423 mutuo
1792 4410 1812 4435 ,

225 4452 419 4522 inquit,
444 4455 569 4509 sicut
600 4453 827 4508 Christus
855 4456 1030 4510 dilexit
1055 4472 1170 4522 nos,
1191 4467 1238 4510 et
1261 4459 1469 4513 tradidit
1494 4463 1815 4532 semetipsum

223 4561 316 4610 pro
345 4544 494 4599 nobis
522 4545 826 4600 oblationem
850 4556 896 4599 et
920 4546 1138 4601 hostiam
1164 4545 1274 4602 Deo
1315 4549 1369 4602 in
1412 4549 1619 4604 odorem
1644 4554 1815 4607 suavi-

224 4635 341 4689 tatis
368 4633 597 4706 (Ephes.
624 4638 678 4691 5.
706 4635 744 4689 ἓ
766 4636 809 4706 ).
836 4636 969 4692 Cum
1004 4653 1132 4693 vero
1152 4648 1335 4695 mutua
1363 4641 1508 4697 viros
1529 4644 1812 4699 concordia

220 4741 349 4781 cum
381 4728 636 4783 uxoribus
665 4730 940 4800 conjungit
961 4772 976 4792 ,
1012 4730 1082 4785 ita
1111 4731 1347 4801 loquitur
1388 4751 1403 4788 :
1434 4732 1581 4799 Viri,
1621 4736 1817 4806 diligite

222 4832 414 4870 uxores
442 4829 632 4873 vestras
655 4860 673 4883 ,
700 4820 828 4873 sicut
866 4830 913 4874 et
943 4821 1170 4876 Christus
1212 4823 1386 4877 dilexit
1420 4824 1699 4880 Ecclesium
1721 4868 1737 4889 ,
1770 4838 1817 4882 et

223 4910 442 4964 tradidit
469 4914 691 4980 seipsum
738 4930 830 4982 pro
863 4930 923 4966 ea
947 4913 965 4983 (
989 4913 1127 4968 Ibid.
1162 4933 1207 4969 υ.
1236 4916 1306 4970 25
1322 4917 1364 4984 ).
1395 4918 1566 4986 Atque
1590 4929 1647 4973 ut
1680 4919 1818 4973 indi-

222 5010 377 5054 caret
409 5000 518 5071 ipse
542 5018 702 5072 quam
735 5002 974 5059 studiose
1000 5020 1110 5060 rem
1140 5005 1283 5060 illam
1311 5016 1618 5075 expeteret,
1643 5024 1815 5079 quan-

225 5105 394 5164 taque
414 5096 676 5164 passionis
700 5096 989 5166 cupiditate
1018 5106 1304 5162 teneretur,
1337 5100 1565 5168 primum
1597 5113 1816 5171 aposto-

224 5184 451 5249 lorum,
492 5185 899 5242 fundamentum
960 5186 1253 5251 Ecclesiae,
1313 5191 1605 5261 principem
1647 5202 1819 5249 cretus

220 5274 617 5346 discipulorum
643 5318 661 5343 ,
716 5278 876 5350 idque
932 5294 1052 5334 cunt
1102 5295 1166 5335 ex
1219 5280 1515 5350 ignorantia
1568 5283 1820 5352 loquutus

222 5367 483 5432 dixisset,
511 5366 776 5440 Propitius
806 5368 895 5424 tibi
916 5380 1041 5434 esto,
1074 5369 1307 5436 Domine,
1338 5387 1438 5426 non
1464 5374 1559 5429 erit
1583 5375 1671 5429 tibi
1699 5375 1817 5442 hoc,

218 5458 350 5513 andi
383 5459 506 5529 quid
532 5462 734 5517 vocarit
758 5480 773 5516 :
805 5461 948 5516 Vade
970 5472 1084 5532 post
1107 5479 1187 5518 me
1220 5473 1425 5531 satana,
1448 5467 1743 5523 scattdnlum
1767 5485 1821 5525 es

219 5550 353 5602 mihi
388 5549 619 5619 (Matth.
653 5555 741 5610 I6.
764 5554 854 5610 Ἡ.
881 5553 991 5628 25)
1021 5572 1035 5608 :
1066 5571 1169 5626 qua
1200 5557 1539 5614 contumelia:
1561 5570 1614 5614 et
1641 5560 1819 5617 incre-

216 5642 466 5713 pationis
481 5647 785 5717 asperitate,
804 5658 1006 5718 quanto
1024 5648 1200 5705 studio
1214 5664 1326 5707 rem
1353 5650 1499 5707 illam
1514 5661 1814 5723 expeteret,

2722 183 2763 215 \

3384 230 3489 288 διδ

1908 333 2185 391 iudicavit.
2228 338 2306 392 Ac
2339 344 2787 399 resurrectionem
2816 343 3033 415 quidem
3069 359 3221 399 suam
3264 345 3399 401 clam
3439 365 3489 398 ei

1905 424 1961 481 in
1989 425 2350 501 occultoftieri
2376 430 2576 494 voluit,
2606 431 2830 503 ejusque
2855 434 3338 491 manilestatiouem
3379 446 3492 491 toto

1903 519 2250 588 consequenti
2277 528 2517 590 tempore
2543 523 2657 578 ﬁeri
2688 525 2971 592 permisit:
3001 541 3214 582 crucem
3236 539 3412 582 autem
3438 530 3490 583 in

1904 606 2079 662 media
2107 609 2356 675 civitate,
2388 612 2440 666 in
2468 613 2639 667 media
2669 613 2987 681 festivitate,
3017 617 3070 670 in
3107 618 3285 673 medio
3311 619 3492 688 populi

1903 698 2208 757 Judatorum
2234 744 2249 769 ,
2277 718 2399 758 cmn
2444 714 2729 775 utrumque
2770 706 3031 774 judicium
3076 709 3329 775 adesset,
3377 720 3489 765 tum

1906 790 2207 846 Romanum
2234 833 2249 857 ,
2280 802 2389 847 tum
2430 793 2710 849 Judaicutn
2735 836 2751 861 ,
2796 812 2917 850 cum
2959 799 3270 853 solemuitas
3304 816 3494 856 omnes

1905 894 2284 953 congregaret,
2314 886 2489 940 medio
2515 885 2605 941 die
2624 928 2640 949 ,
2674 889 2725 940 in
2753 889 3023 943 communi
3053 890 3198 943 orbis
3228 899 3490 945 terrarum

1908 972 2118 1028 theatro
2137 977 2405 1029 sustinuit.
2434 977 2497 1031 Et
2519 978 2766 1047 quoniam
2792 979 2867 1032 illi
2889 979 3060 1035 solum
3086 981 3174 1050 qui
3198 983 3492 1037 intererant

1909 1076 2019 1115 rem
2066 1079 2185 1132 qum
2226 1066 2515 1135 gerebatur
2562 1067 2847 1134 videbant,
2880 1069 3160 1137 imperavit
3197 1072 3296 1125 soli
3336 1082 3393 1126 ut
3433 1088 3495 1127 so

1906 1154 2295 1221 absconderet,
2337 1167 2497 1227 atque
2523 1159 2591 1212 ita
2624 1160 2876 1214 universo
2913 1170 3169 1216 terrarum
3199 1163 3315 1217 orbi
3346 1165 3494 1218 nefa.

1909 1245 2043 1298 riunt
2071 1245 2200 1299 illud
2224 1246 2428 1301 facinus
2449 1250 2825 1319 promulgaret.
2849 1250 3138 1306 Enimvero
3164 1253 3283 1308 licet
3311 1255 3489 1309 multis

1909 1350 1995 1390 res
2023 1336 2130 1402 illa,
2168 1348 2224 1391 ut
2251 1347 2374 1392 ante
2400 1340 2533 1401 dixi.
2561 1342 2867 1395 scandalum
2889 1343 3146 1409 attulerit,
3176 1361 3282 1399 non
3314 1355 3491 1400 tamen

1909 1425 2134 1481 istorum
2179 1427 2420 1483 habenda
2470 1434 2645 1494 ratio,
2688 1433 2784 1487 sed
2828 1434 3034 1487 illorum
3062 1436 3149 1505 qui
3193 1437 3321 1491 salvi
3365 1437 3488 1492 facti

1908 1528 2054 1583 sunt,
2085 1520 2174 1589 qni
2201 1536 2260 1576 se
2291 1531 2433 1577 recte
2453 1534 2753 1593 gesserunt.
2777 1525 2912 1593 Quid
2940 1542 3066 1581 vero
3095 1527 3324 1592 miraris,
3349 1531 3491 1599 quod

1909 1599 1962 1665 in
1996 1611 2094 1666 hac
2135 1614 2240 1667 vita
2272 1629 2402 1668 crux
2444 1616 2578 1670 adeo
2605 1618 2674 1670 sit
2702 1617 2958 1681 illustris,
2988 1622 3229 1675 utetiam
3267 1621 3497 1693 gloriam

1909 1702 2051 1756 illam
2099 1703 2346 1760 Christus
2398 1708 2668 1777 appellet,
2722 1717 2777 1763 et
2834 1709 3031 1765 Paulus
3083 1727 3144 1766 ea
3201 1713 3497 1782 glorietur?

1908 1792 2181 1864 Siquidem
2211 1797 2261 1850 in
2293 1797 2384 1850 illo
2425 1799 2645 1853 terribili
2682 1814 2748 1853 ac
2772 1801 3051 1856 tremendo
3080 1801 3202 1866 die,
3233 1819 3354 1858 cum
3382 1805 3497 1874 glo—

1911 1885 2047 1939 riam
2077 1903 2227 1941 suam
2257 1898 2576 1945 ostensurus
2610 1891 2889 1945 advenerit
2910 1933 2922 1952 .
2958 1907 3080 1947 cum
3123 1894 3174 1948 in
3219 1895 3383 1963 gloria
3414 1897 3496 1951 sui

1910 1976 2084 2033 Patris
2111 1970 2413 2042 advenerit,
2437 1996 2556 2034 cum
2582 1981 2817 2035 terribile
2841 1983 3069 2037 tribunal
3101 1985 3351 2051 adstabit,
3373 2002 3495 2042 cum

1910 2068 2083 2127 omnis
2113 2068 2389 2125 hominum
2410 2079 2601 2125 natura
2626 2070 2862 2137 sistetur,
2891 2088 3012 2127 cum
3044 2073 3184 2129 l'lnvii
3219 2076 3499 2135 trahentur

1912 2159 2071 2229 ignis,
2097 2174 2218 2215 cum
2246 2162 2560 2231 angelorum
2601 2173 2791 2216 turma:
2816 2163 3216 2235 cazlestiumque
3241 2169 3495 2224 virtutum

1911 2250 2089 2305 statim
2133 2251 2507 2319 cll'uudentur,
2550 2262 2609 2308 ut
2651 2269 2770 2309 cum
2817 2254 2932 2325 ipso
2970 2255 3337 2324 descendant,
3363 2275 3484 2315 cum

1914 2341 2190 2400 innumera
2221 2344 2311 2399 illa
2351 2347 2569 2415 praemia
2615 2357 3021 2417 proponentur,
3064 2364 3185 2404 cum
3230 2351 3318 2405 alii
3361 2352 3501 2406 sicut

1912 2433 2025 2496 sol,
2052 2434 2144 2489 alii
2174 2434 2314 2490 sicut
2340 2436 2510 2492 stella:
2534 2435 2903 2508 refulgebunt,
2929 2455 3051 2495 cum
3081 2450 3375 2513 martyrum
3403 2457 3497 2496 co-

1914 2523 2131 2593 hortes,
2163 2540 2285 2582 cum
2315 2529 2678 2597 apostolorum
2720 2529 2907 2594 chori,
2951 2546 3074 2585 eum
3120 2533 3500 2602 prophetarum

1911 2617 2165 2683 ordines,
2194 2634 2314 2674 cum
2342 2635 2726 2690 generosorum
2766 2621 3003 2677 virorum
3031 2633 3204 2677 cretus
3230 2638 3422 2678 omnes
3446 2626 3499 2679 in

1914 2708 2147 2763 medium
2196 2709 2484 2779 prodibuut
2515 2727 2531 2766 :
2565 2718 2675 2764 tum
2720 2711 2775 2765 in
2814 2711 2906 2766 illo
2943 2711 3266 2780 splendore,
3315 2713 3370 2767 in
3409 2713 3499 2770 illa

1913 2800 2345 2869 magniﬁcentia,
2394 2801 2705 2871 splendidos
2746 2801 2926 2857 radios
2972 2805 3305 2859 emittentem
3352 2805 3498 2859 illam

1911 2898 2129 2959 gestans
2153 2889 2421 2945 adveniet.
2444 2890 2588 2944 Tunc
2607 2892 2770 2955 enim,
2798 2892 2991 2963 inquit,
3014 2895 3276 2965 apparebit
3298 2896 3500 2967 signant

1913 2979 2041 3036 Filii
2070 2982 2289 3037 hominis
2315 2983 2368 3036 in
2396 2984 2521 3038 ctelo
2541 3025 2557 3050 ,
2581 2993 2628 3037 et
2654 2984 2734 3038 sol
2762 2983 3130 3050 obscarabitur,
3162 2997 3209 3039 et
3247 2988 3372 3042 luna
3398 3003 3501 3043 non

1914 3075 2053 3130 dabit
2079 3078 2248 3131 lumen
2273 3094 2439 3143 suam,
2473 3088 2527 3130 at
2564 3078 2763 3148 signum
2792 3079 2954 3132 crucis
2993 3079 3257 3150 apparebit
3280 3079 3497 3152 (Matth.

1913 3168 2004 3223 24.
2045 3166 2177 3238 50).
2218 3167 2262 3223 Ο
2304 3169 2570 3239 passionis
2606 3168 2980 3239 splendorem!
3026 3185 3060 3225 o
3102 3172 3279 3227 crucis
3326 3171 3498 3242 fulgu-

1912 3261 2068 3315 reml
2100 3261 2181 3315 sol
2208 3260 2568 3327 obscuratur,
2616 3273 2670 3318 et
2711 3264 2879 3319 stella:
2922 3264 3123 3321 cadunt
3159 3265 3296 3320 sicut
3339 3265 3460 3320 folia
3483 3307 3499 3326 .

1913 3365 2047 3406 crux
2075 3364 2251 3408 autem
2283 3353 2533 3408 omnibus
2560 3353 2664 3409 illis
2690 3354 2886 3409 clarius
2910 3354 3175 3425 refulget,
3207 3366 3260 3421 et
3290 3357 3502 3411 univer-

1914 3456 2032 3495 sum
2064 3444 2253 3497 czelum
2284 3452 2533 3513 occupat.
2568 3442 2727 3498 Vides
2755 3455 2812 3498 ut
2837 3460 2898 3499 ea
2928 3445 3183 3499 Dominus
3208 3447 3502 3514 glorietur?

1916 3531 2067 3587 vides
2097 3540 2156 3586 ut
2178 3548 2289 3587 rem
2318 3533 2462 3589 illam
2497 3534 2725 3604 gloriam
2754 3551 2906 3590 suam
2936 3551 3057 3590 esse
3088 3537 3347 3607 declaret,
3379 3554 3499 3593 euut

1919 3625 1971 3679 in
2004 3625 2097 3679 illo
2126 3624 2213 3680 die
2245 3627 2337 3680 loti
2368 3626 2484 3681 orbi
2511 3636 2775 3683 terrarum
2802 3644 2926 3684 cum
2957 3639 3105 3684 tanto
3139 3630 3284 3684 illam
3322 3630 3501 3700 splen-

1915 3715 2046 3771 dore
2076 3716 2414 3773 manilestet?

1986 3806 2119 3864 Car.
2147 3806 2334 3862 XVIII.
2390 3806 2512 3861 Non
2535 3808 2836 3863 mediocrem
2860 3810 3125 3864 utilitatent
3175 3826 3239 3866 ea:
3286 3812 3351 3866 iis
3387 3828 3500 3882 quat

1917 3898 2231 3963 acciderunt,
2265 3899 2333 3952 ad
2356 3898 2634 3953 Ecclesium
2655 3899 2964 3953 dimanasse.
2992 3930 3066 3940 —
3092 3901 3161 3955 Et
3185 3911 3238 3956 tu
3270 3904 3429 3973 igitur
3457 3906 3503 3959 si

1917 3988 2135 4057 quando
2159 3990 2435 4060 quosliiam
2464 3990 2663 4045 videris
2708 4006 2773 4046 ex
2814 3992 2880 4046 iis
2921 4008 3040 4062 quae
3075 3995 3325 4051 accidunt
3347 4011 3502 4052 soau-
3600 4018 3608 4040 ο

1918 4079 2162 4144 dalizari,
2187 4080 2417 4148 primum
2444 4080 2660 4150 quidem
2688 4081 2817 4136 illud
2845 4083 3014 4152 cogita
3035 4124 3050 4146 ,
3075 4099 3184 4138 non
3214 4084 3337 4141 inde
3355 4126 3372 4148 ,
3404 4086 3502 4141 sed

1918 4185 1949 4224 a
1991 4170 2206 4239 propria
2234 4170 2471 4239 ipsorum
2497 4171 2860 4227 imbecillitate
2893 4172 3138 4228 scandala
3174 4176 3457 4245 provenire
3484 4194 3504 4234 :

1921 4261 1975 4315 id
1999 4260 2142 4331 quod
2172 4260 2408 4317 indicant
2435 4261 2532 4326 illi,
2561 4262 2651 4332 qui
2677 4262 2810 4317 nihil
2842 4262 2947 4318 tale
2979 4263 3270 4333 patiuntur.
3303 4266 3505 4322 Deinde

1919 4353 2201 4410 considera
2244 4352 2444 4408 multos
2469 4353 2795 4410 illustriores
2824 4353 2946 4409 inde
2974 4353 3212 4410 redditos
3237 4371 3385 4420 esse,
3414 4358 3504 4426 qui

1923 4448 2091 4503 Deum
2115 4446 2446 4518 gloriﬁcant,
2471 4447 2626 4517 eique
2655 4461 2866 4501 summo
2890 4447 3066 4502 studio
3093 4462 3189 4517 pro
3219 4446 3302 4502 bis
3328 4450 3505 4503 omni-

1923 4539 2020 4594 bus
2039 4539 2244 4609 gratias
2265 4547 2447 4608 agunt.
2472 4537 2592 4593 Noli
2620 4553 2752 4607 ergo
2778 4553 2894 4600 eos,
2916 4539 3005 4607 qui
3027 4538 3325 4593 labelactati
3355 4550 3503 4608 sunt,

1922 4640 2187 4700 spectare,
2220 4629 2315 4683 sed
2342 4643 2436 4691 eos
2456 4628 2545 4698 qui
2572 4629 2789 4684 stabiles
2815 4639 3217 4699 permanserunt
3239 4638 3294 4684 et
3312 4630 3506 4685 immo-

1924 4720 2090 4786 biles,
2122 4733 2292 4788 eaque
2319 4719 2525 4772 ratione
2554 4718 2886 4773 robustiores
2922 4725 3208 4772 evaserunt
3233 4736 3249 4773 :
3281 4733 3386 4773 non
3413 4734 3509 4775 eos

1923 4812 2012 4883 qui
2032 4811 2329 4868 conturbati
2348 4820 2494 4876 sunt,
2512 4811 2606 4866 sed
2623 4826 2718 4865 eos
2739 4810 2827 4878 qui
2846 4808 3137 4865 secundum
3156 4812 3508 4880 navigationis

1924 4919 2139 4960 cursum
2169 4912 2453 4959 tenuerunt
2477 4944 2493 4965 ,
2536 4903 2807 4971 multoque
2849 4902 3027 4970 plures
3068 4911 3193 4957 sunt
3236 4904 3377 4972 illis,
3418 4908 3509 4978 qui

1927 4994 2076 5051 fuere
2117 4995 2377 5066 perversi.
2420 4996 2668 5049 Attamen
2707 4993 2948 5062 quamvis
2978 4992 3052 5048 illi
3082 4994 3265 5066 plures
3289 5009 3471 5054 essent
3495 5040 3511 5063 ,

1926 5087 2118 5143 melior
2143 5095 2227 5142 est
2256 5102 2422 5151 unus,
2452 5086 2541 5155 qui
2569 5084 2693 5139 facit
2721 5084 3044 5140 voluntatem
3078 5086 3290 5143 Domini
3311 5129 3329 5158 ο
3348 5105 3510 5161 quam

1926 5177 2074 5233 mille
2108 5177 2543 5247 praevaricatores
2573 5175 2757 5247 (Et-cli.
2788 5176 2875 5232 16.
2905 5175 2980 5251 3).

1980 5290 2111 5345 Car.
2132 5289 2274 5345 XIX.
2298 5289 2413 5344 Hoc
2432 5291 2706 5344 multorum
2721 5301 3000 5363 martyrum
3014 5294 3295 5348 institutum
3313 5312 3374 5348 ae
3388 5311 3513 5366 pro-

1926 5382 2147 5452 positum
2170 5381 2328 5452 fuisse
2348 5382 2451 5435 sine
2477 5397 2591 5435 cum
2616 5384 2851 5447 viverent,
2879 5383 2983 5436 sive
3014 5399 3129 5438 cum
3172 5395 3518 5454 morerentur;

1928 5483 2173 5544 martyres
2209 5471 2380 5541 plures
2415 5472 2476 5526 ob
2501 5488 2797 5527 causas.—
2828 5472 3018 5529 Veniat
3043 5475 3134 5530 tibi
3167 5476 3220 5531 in
3253 5487 3512 5545 mentem,

1926 5575 2057 5636 quot
2085 5574 2349 5637 martyres
2377 5563 2571 5620 fuerint
2611 5581 2862 5621 coronam
2887 5566 3086 5637 adepti.
3117 5568 3249 5622 Nam
3275 5569 3362 5621 alii
3389 5568 3511 5635 qui-

1927 5656 2048 5711 dem
2085 5657 2394 5715 verberibus
2422 5659 2545 5713 caesi
2571 5667 2729 5726 sunt,
2770 5668 2824 5716 et
2861 5660 2914 5714 in
2943 5675 3213 5717 carcerem
3242 5656 3471 5724 coniecti
3492 5691 3509 5715 ι

1926 5869 2023 5879 7....
