4030 6206
480 283 583 340 πω

473 398 562 453 alii
610 392 955 465 eampedihns
999 399 1267 459 tamquam
1311 385 1682 440 malefactores
1714 379 1886 435 ~vincti
1910 419 1927 446 ,
1967 378 2055 432 alii

474 489 646 560 patria
675 485 815 555 pulsi
840 489 985 545 sunt,
1006 480 1096 535 alii
1127 492 1276 532 suam
1301 474 1655 530 substantiam
1689 470 2055 541 perdiderunt,

476 581 945 651 alii‘pcrcgre-sunt
968 568 1314 640 relegati,alii
1357 564 1658 632 interempti
1679 573 1824 629 sunt,
1844 561 2057 630 quidam

478 688 538 728 re
577 673 686 740 ipsa
713 710 728 733 ,
755 664 968 738 quidam
996 662 1123 716 osoia
1168 659 1461 715 voluntate.
1502 655 1638 710 Cum
1676 653 1833 709 enim
1859 651 2059 705 lancem

478 761 854 833 expedirentur
874 799 889 820 ,
926 763 1246 809 acuerentnr
1271 764 1429 807 enses
1453 791 1469 814 ,
1499 748 1656 801 mime
1696 744 1918 814 singulis
1945 742 2058 798 die-

481 856 576 909 bus
606 854 1016 912 intentat-eatur,
1047 855 1101 900 ct
1125 844 1213 915 qui
1231 841 1580 911 magistratus
1608 836 1895 908 gerebant,
1927 835 2058 887 iram

478 946 745 1015 spirarent
764 984 778 1005 ,
806 938 981 995 ca-des
1012 937 1344 992 minarentur
1371 944 1422 986 et
1455 944 1648 1001 genera
1678 926 2058 997 suppliciorum

479 1036 757 1090 innumera
784 1030 1048 1096 ,minime
1070 1034 1381 1087 cesserunt,
1429 1035 1598 1091 neque.
1625 1019 2059 1078 succubuerunt,

477 1126 572 1182 sed
615 1125 669 1178 in
708 1136 846 1194 rupe
891 1126 1156 1177 steterunt
1201 1113 1538 1176 immobiles,
1565 1120 1620 1166 et
1660 1109 1840 1164 omnia
1888 1107 2064 1161 facere

480 1218 694 1290 patique
732 1213 1071 1275 maluerunt,
1100 1223 1257 1280 quam
1300 1215 1360 1261 ut
1384 1205 1436 1260 in
1464 1202 1793 1258 (:Onsortium
1820 1197 2065 1303 venerint

478 1326 665 1367 eorum
706 1307 796 1379 qui
836 1305 1038 1362 scelera
1071 1310 1212 1357 tanta
1241 1305 1576 1371 patraverant
1596 1338 1609 1360 ,
1640 1309 1813 1363 neque
1845 1308 1944 1345 vtrt
1972 1303 2065 1344 so-

396 1434 404 1441 -
480 1407 587 1459 lum
614 1448 629 1471 ,
657 1402 751 1459 sed
770 1399 1124 1458 et-muliercs.
1156 1394 1285 1449 Nam
1327 1401 1382 1447 ct
1424 1391 1675 1444 mulieres
1710 1386 1812 1440 hoc
1855 1383 2066 1437 inivcre

482 1506 779 1556 certamen,
803 1500 859 1546 et
879 1487 1107 1558 amplius
1133 1500 1277 1556 smpe
1306 1497 1461 1553 quam
1492 1479 1591 1534 viri
1617 1493 1674 1533 se
1700 1476 1923 1531 viriliter
1953 1472 2065 1527 for-

482 1590 713 1657 titerque
753 1590 1052 1654 gesserunt.
1091 1577 1276 1648 Neque
1315 1574 1566 1629 mulieres
1608 1579 1849 1634 tantum,
1882 1566 1973 1621 sed
2013 1574 2069 1621 et

482 1678 884 1739 adolescentes,
932 1680 985 1728 et
1023 1669 1306 1724 admodum
1343 1665 1587 1735 juvenes.
1627 1662 1708 1716 An
1754 1659 1913 1727 igitur
1951 1657 2068 1710 lucc

483 1769 659 1839 exigui
685 1776 809 1821 sunt
836 1761 1090 1818 momenti
1121 1771 1198 1814 tot
1218 1767 1513 1830 martyrum
1543 1764 1746 1809 turmas
1774 1750 2068 1806 Ecclesiam

484 1857 854 1916 lucrifccisse?
881 1855 1019 1911 Sunt
1056 1853 1198 1907 enim
1232 1860 1494 1919 martyres
1519 1846 1605 1899 isti
1632 1857 1844 1899 omnes.
1889 1840 2070 1910 Neque

484 1952 626 2007 enim
674 1948 751 2003 iih
791 1947 963 2001 solum
1008 1943 1098 2013 qui
1145 1941 1211 1996 ad
1251 1938 1509 2009 judicium
1551 1947 1675 1990 sum
1717 1932 1971 1999 adducti,
2015 1941 2073 1986 et

485 2041 788 2096 sacriﬁcare
805 2037 961 2108 jnssi,
991 2048 1164 2104 neque
1189 2035 1512 2102 paruerunt,
1538 2027 1663 2097 quia
1688 2024 1827 2096 passi
1854 2030 1981 2077 sunt
2005 2035 2068 2076 ea

487 2148 606 2204 qua:
637 2142 759 2188 sunt
800 2129 975 2200 passi,
1015 2137 1278 2197 martyres
1314 2128 1437 2176 stmt
1474 2118 1698 2175 vocandi
1732 2115 1870 2171 :scd
1908 2115 2070 2171 etiam

490 2226 559 2279 illi
589 2225 677 2294 qui
706 2223 775 2276 oh
802 2235 913 2274 rem
940 2216 1212 2288 quamvis,
1243 2229 1363 2283 qnzn
1408 2212 1518 2267 Deo
1561 2210 1796 2280 placeret
1815 2250 1830 2271 ,
1874 2205 2072 2276 aliquid

488 2316 596 2385 pati
651 2315 791 2367 ultro
842 2311 1165 2373 voluertmt;
1226 2316 1280 2361 et
1340 2305 1385 2358 si
1451 2305 1570 2374 quis
1610 2316 1734 2356 rem
1795 2300 2076 2369 diligenter

485 2404 911 2466 examinaverit,
959 2401 1011 2454 hi
1056 2407 1181 2453 sunt
1229 2397 1402 2466 potius
1446 2409 1604 2465 quam
1651 2391 1746 2448 illi.
1783 2391 1899 2446 Non
1930 2390 2072 2445 enim

487 2497 707 2567 mqnalis
736 2503 817 2548 est
840 2491 1176 2553 meriti,~cum
1194 2483 1452 2556 ejusmodi
1474 2483 1719 2538 interitus
1737 2492 1790 2535 et
1810 2479 2076 2551 pernicies

489 2592 685 2640 anima:
700 2584 768 2637 sit
786 2581 1397 2652 proposita,ctmtentum
1416 2590 1539 2629 esse
1554 2572 1751 2642 aliquid
1765 2571 1952 2642 pati,et
1970 2583 2075 2625 non

494 2677 706 2748 perire,
748 2683 908 2743 atque
950 2673 1020 2725 oh
1064 2670 1240 2723 minus
1270 2666 1492 2737 aliquod
1557 2664 1752 2717 bonum
1786 2676 1935 2732 opus
1977 2659 2081 2716 hoc

488 2768 663 2836 ipsum
696 2763 1015 2834 supplicium
1059 2760 1345 2814 sustinere.
1375 2757 1559 2826 Neque
1600 2770 1728 2809 vero
1773 2755 1946 2808 solum
1985 2767 2080 2808 eos

489 2859 578 2928 qui
606 2856 767 2911 occisi
795 2864 939 2921 sunt,
967 2853 1061 2907 scd
1091 2852 1250 2907 etiam
1292 2864 1387 2906 eos
1425 2849 1513 2920 qui
1556 2848 1724 2918 parati
1755 2848 2000 2915 fuerunt,
2027 2853 2083 2902 et

489 2952 555 3005 ad
587 2952 691 3006 hoc
717 2949 952 3020 prompti
979 2990 994 3013 ,
1029 2943 1267 3016 martyrii
1298 2957 1550 2998 coronam
1589 2939 1811 3009 adeptos
1839 2953 1990 3004 esse,
2028 2945 2084 2993 ct

492 3044 592 3099 hoc
618 3043 813 3113 ipsum,
845 3050 900 3096 et
925 3038 1062 3109 qttod
1097 3037 1243 3108 prius
1268 3033 1399 3094 dixi,
1427 3049 1548 3088 eum
1573 3032 1659 3101 qui
1688 3031 1758 3086 ob
1788 3046 1873 3085 res
1900 3031 2079 3084 mino-

494 3152 581 3191 rcs
611 3139 821 3192 occisus
848 3135 934 3199 sit,
974 3142 1265 3203 martyrem
1288 3143 1409 3184 esse
1438 3127 1750 3197 perfectum,
1777 3125 2083 3180 testimonio

494 3229 644 3285 Pauli
671 3227 911 3284 conabor
938 3224 1186 3296 probare.
1214 3220 1347 3276 Cum
1377 3220 1520 3276 enim
1549 3217 1799 3284 cmpisset
1828 3230 1922 3270 eos
1947 3232 2083 3270 enu-

494 3336 704 3375 merare
769 3318 957 3373 beatus
1006 3315 1241 3375 Paulus,
1295 3312 1383 3380 qui
1432 3309 1699 3378 majorum
1737 3306 2086 3376 temporibus

496 3413 730 3467 illustres
756 3410 965 3465 fuerant
988 3448 1004 3473 ,
1038 3404 1291 3476 atque-ab
1318 3405 1432 3473 ipso
1459 3402 1625 3457 Abele
1665 3400 1868 3454 initium
1907 3398 2087 3453 duxis-

493 3516 598 3567 set,
617 3502 806 3558 deinde
828 3500 1026 3555 ad'Noe
1048 3511 1378 3569 progressus.
1400 3494 1691 3558 ‘Abraham,
1712 3492 1876 3552 Isaac.
1896 3489 2082 3556 Jacob,

497 3597 731 3669 Moysem
753 3636 768 3654 .
795 3593 988 3651 .Iosue.
1018 3590 1267 3643 Davidcm
1287 3622 1306 3654 ς
1347 3586 1649 3642 Samuclem
1674 3626 1688 3647 ,
1737 3584 1904 3638 Eiiatn
1926 3626 1941 3649 ,
1974 3581 2087 3636 Eli-

496 3704 663 3744 szcnm
684 3686 916 3753 ,‘anutn
938 3725 953 3745 ,
981 3682 1178 3751 adjecit
1203 3680 1387 3734 dicens
1412 3697 1424 3733 :
1454 3676 1678 3743 Ideoque
1705 3686 1750 3730 et
1779 3693 1870 3730 nos
1897 3685 2089 3728 tantam

500 3779 732 3834 ’tabeutes
755 3776 1037 3847 impositam
1057 3774 1236 3826 nubem
1261 3780 1538 3840 martyrum
1560 3764 1740 3842 (Hebr.
1769 3766 1857 3821 1‘2.
1890 3765 1963 3836 1).
1994 3767 2090 3819 Λι-

494 3872 591 3941 qui
616 3885 719 3924 non
747 3878 936 3922 omnes
959 3865 1039 3921 illi
1071 3862 1253 3929 occisi,
1281 3862 1390 3916 into
1417 3877 1484 3915 ne
1511 3874 1648 3914 unus
1666 3859 1889 3929 quidem
1910 3899 1926 3916 .
1957 3858 2091 3911 dno-

498 3963 602 4016 bus
646 3970 738 4014 aut
783 3958 956 4014 tribus
1003 3954 1281 4026 exceptis,
1316 3952 1491 4007 ’Abcle
1529 3951 1734 4004 scilicet
1762 3957 1815 4002 ct
1842 3947 2087 4003 Joanne:

495 4052 680 4107 caeteri
709 4064 840 4105 vero
870 4047 1094 4102 naturali
1120 4054 1293 4101 tuorte
1319 4044 1479 4097 vitam
1511 4041 1783 4098 finierunt.
1805 4040 2091 4094 Enimvero

501 4144 737 4198 Joannes
763 4142 877 4209 ipse
898 4156 1002 4193 non
1027 4154 1149 4192 cum
1180 4136 1483 4191 sacriﬁcare
1505 4134 1689 4204 jussus
1711 4144 1855 4187 esset
1877 4173 1892 4197 ,
1921 4145 2093 4201 neque

497 4234 787 4306 paruisset,
817 4231 1028 4285 occisus
1057 4239 1156 4291 cst,
1194 4243 1368 4297 neque
1393 4226 1457 4280 ad
1489 4227 1654 4279 altare
1675 4224 1936 4279 deductus
1956 4264 1972 4288 ,
1994 4236 2094 4276 ne-

496 4339 608 4396 que
655 4323 722 4377 ad
771 4322 970 4376 idolum
1018 4325 1350 4389 pertractus,
1404 4316 1497 4371 sed
1539 4316 1608 4371 oh
1654 4330 1816 4369 unum
1849 4314 2092 4369 verbum.

496 4415 641 4472 ’Nam
672 4413 920 4485 quoniam
953 4411 1162 4464 dixerat
1197 4406 1391 4462 Herodi
1423 4423 1436 4459 :
1472 4403 1593 4459 Non
1636 4404 1749 4459 licet
1786 4405 1873 4458 tibi
1916 4402 2098 4456 habere

498 4524 719 4564 uxorem
759 4504 994 4574 Philippi
1025 4501 1198 4573 fratris
1228 4501 1302 4553 tui
1330 4497 1557 4569 (Matth.
1583 4497 1668 4551 Η.
1698 4498 1731 4551 ιι
1750 4495 1792 4567 ),
1821 4508 1874 4549 ct
1902 4496 1952 4549 in
1979 4510 2097 4549 car-

504 4613 633 4656 cere
668 4594 943 4659 habitavit,
991 4603 1046 4646 ct
1094 4590 1294 4646 credent
1323 4589 1464 4643 illam
1490 4587 1758 4644 sustinuit.
1802 4585 1954 4653 Quod
1978 4584 2023 4640 si
2052 4586 2097 4641 is

494 4691 595 4762 qui
629 4685 1022 4744 matrimonium
1055 4692 1239 4739 contra
1269 4681 1412 4751 leges
1438 4688 1767 4734 contractum
1806 4676 1949 4731 ultus
1979 4687 2091 4743 est,

510 4788 767 4850 quantum
799 4777 852 4832 in
883 4777 999 4848 ipso
1024 4771 1366 4845 quidem-fuit
1392 4769 1603 4845 (neque
1630 4769 1770 4823 enim
1797 4767 1938 4838 quod
1970 4782 2095 4836 per-

503 4885 696 4939 tperam
726 4878 931 4940 gestum
958 4874 1042 4921 est
1067 4861 1389 4925 emendavit,
1413 4858 1661 4915 sed-dixit
1681 4866 1905 4920 tantum,
1926 4872 2098 4927 neque

497 4962 680 5032 putuit
707 4958 1008 5031 impedire),
1036 4958 1081 5011 si
1106 4971 1241 5028 ergo
1265 4969 1385 5010 cum
1416 4951 1643 5007 dixisset
1673 4959 1901 5017 tantum,
1923 4964 2098 5020 neque

498 5051 665 5108 aliud
697 5066 762 5106 ex
793 5064 852 5104 se
872 5049 1207 5111 mutulisset,
1230 5063 1296 5103 eo
1323 5045 1463 5118 quod
1493 5045 1666 5114 capite
1694 5052 1987 5097 trunctntus
2006 5043 2098 5109 sit,

510 5156 717 5216 martyr
736 5153 794 5197 et
822 5151 1116 5212 martyrum
1151 5140 1350 5210 primus
1377 5147 1459 5193 est
1487 5154 1501 5192 :
1532 5136 1622 5207 qui
1653 5146 1758 5190 tam
1786 5135 1969 5189 multis
1992 5149 2101 5188 cm-

506 5235 668 5293 dibus
695 5248 755 5290 se
782 5233 1321 5302 objeceruntpneque
1341 5231 1451 5295 jam
1482 5227 1678 5283 Herodi
1699 5268 1715 5289 .
1743 5225 1836 5281 scd
1864 5224 2096 5280 universi

510 5329 661 5384 orbis
704 5336 967 5382 terrarum
1005 5321 1336 5394 principibus
1385 5334 1445 5375 se
1486 5328 1880 5390 opposuerunt,
1916 5330 2102 5384 neque

511 5416 750 5486 conjngii
794 5415 956 5470 unius
978 5413 1182 5482 injuste
1220 5410 1339 5465 initi
1364 5452 1378 5473 ,
1407 5410 1502 5465 sed
1531 5410 1816 5479 [nudarunt
1849 5408 2021 5476 legum
2046 5414 2105 5467 et

520 5506 999 5564 Ecclesiae-rituum
1026 5501 1394 5557 defensionem
1426 5507 1817 5570 susceperunt,
1851 5511 1986 5566 quos
2012 5497 2101 5550 alii

518 5600 940 5660 insectabantur,
966 5607 1021 5650 et
1057 5607 1182 5648 eum
1202 5591 1402 5646 rvet-bis
1437 5601 1551 5646 tum
1577 5591 1829 5662 operibus
1854 5588 2102 5643 “etiam

530 5708 641 5764 pne
666 5707 727 5750 se
754 5691 1028 5755 tulerunt,
1055 5698 1177 5741 cum
1207 5683 1425 5755 singulis
1451 5681 1638 5738 diebus
1664 5694 2022 5748 morerentur,
2050 5686 2106 5735 et

1187 274 1244 330 S.
1282 261 2054 329 .lBANN‘lSDllRYSOSFOMI
2095 255 2407 319 AliClllEP.
2451 253 2984 318 CONST'A‘NTINOP.

3629 253 3736 317 suo

2161 379 2287 445 viri,
2312 388 2368 435 et
2393 380 2664 443 mulieres,
2685 390 2735 435 et
2763 379 2935 450 pueri,
2961 393 3138 434 nonne
3156 377 3349 436 millies
3377 380 3427 434 in
3446 388 3744 456 martyrum

2165 485 2444 526 numerum
2483 471 2711 528 adscribi
2753 469 3065 527 merentur?
3091 470 3525 542 Quandoquidem
3570 473 3743 527 Abrae

2164 560 2286 616 ham
2316 576 2543 633 quoque,
2576 579 2697 618 cum
2724 578 2831 618 non
2859 564 3031 634 rcipsa
3061 563 3223 617 filium
3255 573 3560 631 mactasset,
3582 565 3745 619 animi

2164 657 2437 727 proposito
2483 656 2646 712 lilium
2679 657 2963 725 mactavit,
2993 667 3049 713 et
3076 674 3260 714 vocem
3293 660 3437 714 illam
3478 662 3749 717 czelestcm

2165 748 2432 804 dicentem
2474 749 2721 803 audivit:
2759 750 2876 804 Non
2920 751 3184 820 pepercisti
3219 752 3474 823 uuigenito
3518 754 3626 821 [ilio
3667 764 3753 808 tuo

2166 852 2372 911 propter
2398 857 2479 896 me
2503 840 2653 909 (Gen.
2682 842 2771 896 32.
2800 842 2909 915 12).
2934 842 3007 898 Ita
3032 844 3109 909 lit,
3136 853 3191 897 ut
3214 844 3409 915 ubique
3437 846 3598 899 animi
3631 862 3752 915 pro.

2167 931 2395 999 positum
2422 973 2436 997 ,
2470 933 2556 985 ubi
2589 932 2880 1001 perfectum
2928 932 3083 987 fuerit
3121 933 3173 987 in
3215 934 3409 989 virtute
3432 976 3448 999 ,
3494 936 3750 1005 integram

2166 1035 2419 1075 coronam
2448 1023 2694 1093 accipiat.
2724 1022 2876 1090 Quod
2901 1024 2944 1077 si
2980 1023 3068 1078 ille
3087 1067 3101 1088 ,
3132 1039 3254 1078 cum
3278 1022 3386 1079 tilio
3412 1040 3510 1079 suo
3536 1041 3639 1081 non
3663 1042 3752 1097 pea-

2169 1112 2463 1180 pcrcisset,
2499 1113 2568 1165 ita
2595 1114 2893 1168 celebratus
2923 1124 3036 1179 cst,
3078 1114 3131 1168 hi
3172 1129 3293 1168 cum
3338 1115 3439 1170 sibi
3479 1115 3607 1185 ipsis
3648 1132 3754 1172 non

2168 1202 2522 1270 pepercerim,
2550 1205 2719 1272 cogita
2742 1212 2992 1274 quantam
3014 1204 3119 1257 sint
3141 1206 3402 1274 recepturi
3425 1206 3750 1272 mercedem,

2169 1295 2257 1363 qui
2290 1308 2395 1348 nor.
2425 1310 2586 1349 unum
2614 1307 2672 1350 et
2712 1294 2846 1351 duos
2866 1339 2881 1361 ,
2931 1305 3108 1350 tresve
3148 1297 3264 1351 dies
3286 1336 3303 1363 ,
3340 1298 3433 1353 sed
3465 1315 3559 1369 per
3585 1308 3755 1354 totum

2168 1387 2292 1441 vita:
2320 1402 2430 1440 suae
2458 1396 2667 1457 tempus
2691 1389 2741 1441 in
2765 1388 2861 1441 hac
2881 1388 2995 1442 acie
3017 1399 3302 1451 steterunt,
3325 1391 3597 1457 conviciis,
3628 1409 3756 1446 cott-

2173 1479 2422 1542 tumeliis,
2451 1480 2678 1549 injuriis,
2702 1480 2981 1534 calumniis
3006 1480 3475 1552 divcxati.'Neque
3487 1483 3628 1538 enim
3654 1484 3758 1539 hoc

2171 1570 2346 1640 exigui
2374 1581 2455 1625 est
2484 1571 2757 1626 momenti.
2781 1570 3038 1638 Quocirca
3070 1571 3247 1626 laudat
3275 1571 3376 1627 hoc
3403 1588 3613 1644 quoque
3642 1590 3759 1629 ma-

2173 1676 2308 1732 gnus
2337 1662 2533 1717 Paulus
2560 1662 2744 1718 dicens
2771 1680 2784 1716 :
2822 1663 2886 1717 Et
2917 1664 2968 1717 in
2994 1662 3154 1717 altera
3178 1664 3383 1732 quidem
3410 1667 3695 1737 opprobriis
3716 1679 3762 1723 et

2175 1753 2581 1807 tribulationibus
2602 1754 2943 1822 spectaculum
2968 1755 3091 1821 facti
3117 1771 3136 1808 :
3162 1755 3212 1808 iu
3241 1757 3400 1809 altera
3435 1767 3602 1810 autem
3639 1762 3763 1813 socii

2176 1843 2341 1897 taliter
2366 1846 2762 1899 conversantium
2789 1844 2955 1912 effecti
2979 1846 2997 1915 (
3027 1845 3300 1901 Helm-10.
3326 1846 3395 1903 3‘5
3416 1848 3459 1920 ).
3489 1849 3605 1903 Jam
3636 1852 3759 1920 quid

2177 1933 2369 1987 attinet
2396 1949 2493 1989 eos
2518 1949 2944 1990 commemorare
2969 1936 3055 2003 qtti
3085 1948 3136 1991 et
3170 1938 3267 2006 ipsi
3299 1948 3416 1993 sunt
3449 1943 3677 2007 mortui,
3709 1954 3765 1997 et

2176 2023 2265 2091 qui
2295 2037 2391 2078 eos
2413 2025 2731 2091 incitarunt,
2758 2042 2790 2079 a
2821 2027 3008 2096 quibus
3038 2027 3159 2081 talia
3192 2030 3618 2100 suscipiebantur
3642 2047 3764 2088 cere

2177 2115 2375 2167 tamina
2399 2156 2414 2179 ,
2438 2129 2561 2169 cum
2591 2116 2732 2169 viros
2752 2156 2769 2180 ,
2798 2124 2908 2169 tum
2940 2117 3234 2171 mulieres?
3261 2117 3423 2174 [lecte
3462 2131 3638 2176 autem
3665 2121 3767 2178 hos

2177 2217 2388 2272 quoque
2415 2204 2609 2258 laudat.
2640 2204 2770 2259 Nam
2799 2214 2852 2258 et
2883 2204 3161 2261 facultates
3184 2220 3309 2261 suas
3336 2223 3630 2281 exposuere
3652 2226 3766 2282 per-

2180 2295 2356 2361 multi,
2375 2295 2617 2351 utetiam
2646 2297 2805 2351 vincti
2827 2305 2881 2351 et
2908 2298 3122 2353 exsules
3148 2307 3307 2353 tantae
3333 2301 3648 2356 calamitatis
3665 2303 3765 2357 alia

2180 2402 2289 2457 quo
2314 2388 2507 2442 solatio
2541 2388 2867 2455 fruerentur,
2898 2399 2953 2445 et
2976 2390 3125 2459 juxta
3154 2390 3352 2446 dictum
3384 2391 3511 2446 illud
3538 2392 3765 2463 apostoli

2183 2477 2304 2550 (Ib.
2342 2493 2392 2537 υ.
2421 2479 2491 2532 54
2510 2476 2550 2550 ),
2582 2494 2701 2533 cum
2741 2480 2935 2549 gaudio
2980 2481 3217 2550 rapinam
3262 2481 3522 2539 bonorum
3549 2498 3767 2539 suorum

2181 2573 2553 2641 susciperent:
2580 2573 2668 2626 alii
2702 2574 2893 2642 partim
2922 2575 3087 2643 patria
3109 2614 3125 2639 ,
3159 2575 3348 2645 partim
3376 2576 3481 2630 vita
3514 2577 3626 2645 ipsa
3654 2578 3761 2647 pri-
3822 2624 3825 2625 ν

2180 2665 2289 2719 vati
2330 2674 2473 2720 sunt.
2518 2664 2650 2720 Cum
2695 2666 2854 2736 igitur
2895 2675 3070 2721 tantas
3106 2682 3237 2737 opes
3289 2669 3507 2735 videas,
3558 2679 3766 2727 tantum

2184 2758 2412 2823 lucrum,
2447 2766 2649 2811 tantum
2679 2757 3219 2828 qumstum‘Eccles-im
3250 2760 3564 2827 obvenisse,
3594 2769 3773 2816 tantos

2182 2849 2478 2918 acquisitos
2508 2864 2630 2905 esse
2671 2849 2952 2906 thesauros
2976 2893 2990 2914 ,
3017 2866 3115 2907 eos
3142 2853 3228 2922 qui
3259 2852 3404 2922 prius
3430 2853 3611 2907 animo
3636 2868 3771 2909 con-

2183 2938 2426 2994 ciderant
2447 2982 2462 3007 ,
2492 2939 2615 3009 igne
2642 2940 2976 2997 ardentiores
3005 2957 3125 2997 esse
3168 2943 3374 3014 factos,
3414 2957 3509 2998 eos
3544 2944 3635 3013 qui
3678 2945 3775 2999 toti

2186 3029 2408 3085 theatris
2453 3030 2599 3085 afﬁxi
2640 3041 2829 3097 erant,
2877 3032 3085 3086 deserta
3130 3033 3384 3103 petiisse,
3426 3049 3489 3089 ac
3527 3034 3693 3089 saltus
3718 3042 3778 3089 et

2186 3129 2398 3174 montes
2425 3120 2478 3175 in
2510 3119 2780 3175 Ecclesias
2807 3122 3136 3177 convertisse
3156 3163 3172 3188 ,
3218 3137 3281 3177 ac
3321 3124 3535 3179 nemine
3558 3138 3776 3194 gregem

2187 3212 2469 3277 educente,
2488 3227 2616 3268 oves
2640 3228 2918 3283 pastorum
2947 3214 3403 3272 munere'functas
3426 3231 3566 3280 esse,
3592 3232 3657 3273 ac
3676 3218 3781 3274 mi-

2187 3302 2308 3358 lites
2334 3303 2461 3359 item
2493 3304 2828 3376 imperatoris
2849 3322 2913 3362 ac
2932 3306 3107 3373 ducis,
3135 3323 3256 3363 cum
3285 3317 3481 3364 tantam
3503 3309 3784 3366 conliden-

2189 3395 2316 3450 tiam
2342 3396 2793 3453 tte-fortitudinem
2826 3413 2936 3468 prae
2965 3415 3024 3455 se
3063 3399 3291 3461 ferrent,
3332 3416 3625 3473 omnesque
3652 3419 3783 3458 cum

2188 3499 2256 3540 eo
2279 3502 2385 3555 quo
2416 3501 2512 3556 par
2548 3498 2664 3542 erat
2692 3487 2887 3544 ardore
2909 3530 2926 3554 ,
2962 3490 3139 3545 studio
3161 3532 3176 3557 ,
3219 3490 3485 3561 diligentia
3524 3492 3789 3549 collectas

2187 3576 2463 3632 celebrare
2492 3594 2508 3632 :
2532 3593 2640 3633 non
2658 3579 2998 3649 obstupescis
3022 3591 3075 3635 et
3098 3582 3331 3647 miraris,
3354 3584 3622 3653 negotium
3644 3585 3791 3639 adeo

2192 3666 2413 3722 feliciter
2448 3669 2817 3725 successisse?
2844 3670 2970 3725 'Nou
3008 3671 3156 3726 enim
3204 3673 3363 3727 modo
3400 3674 3490 3743 qui
3538 3674 3789 3730 moribus

2161 3760 2374 3830 probis
2403 3770 2575 3825 erant,
2605 3761 2699 3816 sed
2725 3770 2783 3816 et
2810 3762 2959 3816 multi
2992 3764 3079 3832 qui
3114 3763 3439 3818 theatrormu
3467 3766 3673 3820 insania
3703 3765 3790 3820 la-

2184 3851 2471 3919 borabant,
2513 3861 2564 3906 ct
2615 3852 2752 3907 ludis
2792 3853 3133 3909 Circensibus
3176 3856 3370 3910 addicti
3425 3867 3617 3923 erant,
3661 3859 3790 3915 zelo
3826 3872 3833 3877 '

2192 3941 2420 4012 quodam
2452 3943 2573 4013 igne
2600 3943 2983 3999 vehementiori
3008 3946 3253 4000 succensi
3281 3957 3442 4001 totam
3471 3948 3616 4002 illam
3639 3949 3793 4004 insa—

2190 4035 2337 4088 niam
2381 4033 2686 4102 abjecerunt
2713 4077 2727 4100 ,
2767 4044 2821 4089 et
2864 4051 2959 4105 per
2986 4037 3128 4106 ipsos
3158 4037 3536 4107 propemodum
3577 4039 3791 4110 gladios

2188 4126 2511 4181 exsiliernnt
2531 4169 2545 4192 ,
2581 4128 2920 4196 magistratus
2942 4128 3195 4184 audacter
3218 4146 3280 4185 ac
3307 4129 3471 4187 libere
3495 4143 3619 4188 sunt
3642 4132 3788 4189 allo-

2190 4218 2377 4288 qunti,
2402 4226 2683 4274 tormenta
2727 4229 3079 4289 spreverunt,
3113 4224 3286 4279 minas
3322 4229 3589 4294 aSpernati
3618 4238 3784 4294 sunt,

2190 4320 2393 4379 quanta
2426 4308 2635 4364 virtutis
2657 4312 2728 4364 sit
2757 4312 2836 4365 vis
2862 4311 3241 4379 ostenderunt,
3269 4325 3324 4370 et
3349 4330 3456 4386 quo
3485 4327 3641 4386 pacto
3666 4318 3790 4374 fieri

2190 4401 2368 4470 possit
2410 4411 2467 4455 ut
2500 4402 2668 4456 etiam
2713 4402 2870 4458 valde
2918 4403 3159 4473 perditus
3202 4405 3363 4460 homo
3412 4408 3790 4476 paenitentiam

2188 4507 2367 4561 «agens
2396 4501 2449 4546 et
2472 4508 2768 4550 conversus
2800 4496 2971 4565 ipsum
3017 4498 3178 4552 etiam
3206 4491 3484 4571 fastigium
3528 4503 3790 4558 calorum

2186 4584 2456 4654 ~attingat.-
2474 4584 2607 4639 Cum
2651 4601 2779 4655 ergo
2822 4597 2929 4641 tant
2976 4589 3141 4643 multa
3184 4591 3399 4659 prmmia
3434 4591 3648 4657 videas,
3679 4604 3792 4650 tam

2190 4675 2396 4728 multas
2425 4690 2654 4729 coronas
2678 4677 2963 4747 acquisitas
2988 4719 3002 4740 ,
3035 4689 3233 4733 tantam
3261 4669 3498 4751 sparsam
3526 4697 3651 4739 esse
3692 4685 3793 4741 du-

2198 4765 2625 4828 ctrinam,unde
2647 4809 2663 4832 ,
2704 4782 2887 4836 quaso
2907 4810 2922 4835 ,
2964 4768 3048 4835 ﬁt,
3090 4779 3151 4825 ut
3180 4772 3591 4830 seandalizeris‘?
3618 4776 3701 4831 Ex
3722 4793 3794 4833 eo

2192 4856 2345 4925 quod
2366 4858 2601 4913 nonnulli
2631 4867 2873 4929 pereant,
2906 4861 3094 4930 inquit.
3124 4863 3190 4916 At
3215 4863 3358 4919 enim
3380 4908 3394 4928 ,
3418 4875 3478 4919 ttt
3501 4865 3613 4935 jam
3650 4868 3785 4934 dixi,

2186 4960 2380 5016 neque
2402 4948 2582 5003 dicere
2605 4948 2866 5013 desinam,
2895 4950 2947 5005 lti
2977 4952 3290 5020 perditionis
3317 4969 3426 5009 ante
3446 4959 3791 5013 occasionem

2194 5040 2301 5093 sibi
2328 5040 2457 5109 ipsis
2490 5041 2690 5097 debent
2716 5041 2997 5112 imputare.
3023 5043 3163 5099 Nihil
3202 5048 3343 5101 enim
3384 5048 3523 5102 aliud
3555 5060 3667 5103 toto
3692 5050 3793 5106 tle-

2188 5146 2365 5189 -eursu
2389 5134 2659 5187 orationis.
2673 5134 2900 5200 probare
2920 5136 3193 5191 contendi.
3220 5137 3398 5192 Dicam
3419 5149 3473 5193 et
3498 5139 3640 5194 aliud
3664 5156 3800 5210 prte-

2188 5224 2407 5278 -clar-um
2438 5222 2643 5279 facinus
2670 5225 2791 5278 inde
2815 5226 3210 5295 natum.‘Quam
3242 5229 3391 5283 multi
3417 5230 3559 5284 larva
3583 5230 3802 5299 pietatis

2188 5313 2400 5365 ίθιῡιθαιὶ
2424 5348 2441 5375 ,
2472 5326 2631 5382 quam
2670 5315 2821 5368 multi
2851 5316 3156 5371 simulatam
3187 5319 3648 5375 mansuetudinem
3681 5337 3809 5390 pm:

2190 5401 2559 5469 seferentes,
2589 5418 2766 5473 quam
2786 5407 2949 5460 multi
2976 5449 2991 5471 ,
3021 5409 3110 5479 qui
3140 5410 3236 5464 viri
3269 5411 3444 5481 magni
3490 5426 3610 5466 esse
3636 5420 3799 5481 puta-

2186 5493 2416 5557 .bantur,
2442 5508 2548 5547 nec
2582 5504 2773 5559 erant,
2807 5496 3086 5553 confestim
3137 5499 3240 5555 hoe
3279 5512 3517 5572 tempore
3560 5511 3805 5559 convicti

2190 5585 2441 5650 inerunt,
2472 5585 2799 5658 illorumqne
2818 5588 3025 5645 fallacia
3053 5590 3287 5658 detecta,
3315 5593 3454 5664 quod
3483 5604 3635 5648 erant
3654 5636 3669 5658 ,
3692 5607 3806 5663 ap-

2214 5686 2533 5748 paruerunt,
2556 5691 2663 5732 non
2697 5678 2838 5748 quod
2870 5694 2965 5751 per
3004 5694 3268 5737 summam
3310 5682 3548 5739 fraudem
3584 5699 3645 5740 se
3669 5694 3808 5741 esse
