4030 6206
305 191 416 247 319
1152 197 1247 254 AD
1283 197 1415 256 EOS
1462 198 1582 267 QUI
1616 193 2121 255 SCANDALIZATI
2162 194 2368 253 SUNT.
2402 193 2531 251 LIB.
2575 192 2786 253 UNUS.

310 309 687 382 περιέκειντο,
723 310 772 363 οί
806 310 862 364 δέ
906 310 1163 383 πατρίδος
1195 311 1474 380 ἐξέπεσον,
1521 314 1571 367 οί
1601 313 1659 367 δέ
1702 313 1890 367 οὐσίαν

307 402 612 466 ἀπέϐαλον,
634 404 685 456 οἱ
708 402 767 457 δέ
808 403 943 475 πρὸς
986 404 1086 476 τὴν
1119 406 1415 478 ὑπερορίαν
1448 406 1887 478 μετῳκίσθησαν,

305 495 357 549 οῖ
390 494 449 549 δὲ
481 495 824 566 ἐσφάγησαν,
850 497 900 548 οί
928 495 1029 567 μέν
1055 498 1150 551 καὶ
1171 500 1236 570 τῇ
1269 500 1457 570 πείρα,
1480 500 1529 552 οί
1552 499 1609 552 δέ
1632 499 1727 552 καὶ
1752 498 1888 571 μόνῃ

305 590 371 659 τῇ
400 588 745 660 γνώμῃ.Καὶ
770 589 881 661 γάρ
903 588 1145 661 δοράτων
1164 592 1576 663 γυμνουμένων,
1600 593 1695 646 καὶ⁵
1720 592 1889 662 ξιφῶν

304 680 701 751 ἠκονημένων,
761 683 857 734 καὶ
915 682 1155 737 ἀπειλῶν
1214 682 1335 737 καθ’
1394 684 1633 756 ἐκάστην
1677 685 1887 758 ἡμέραν

303 770 629 840 γινομένων,
659 768 754 822 καὶ
781 769 891 823 τῶν
925 770 985 824 ἐν
1024 770 1219 841 ἀρχαῖς
1251 771 1426 843 θυμοῦ
1462 774 1731 827 πνεόντων
1750 813 1765 837 ,
1796 774 1888 827 καὶ

304 860 484 930 φόνων
510 860 1038 932 ἐπανατεινομένων,
1065 862 1162 916 καὶ
1189 863 1400 935 μυρίων
1427 864 1583 918 εἰδῶν
1611 865 1886 919 κολάσεων

304 952 401 1005 καὶ
428 952 729 1022 τιμωριῶν,
751 953 854 1006 οὐκ
894 948 1065 1020 εἶξαν,
1094 954 1215 1008 ούδέ
1256 954 1546 1019 ἐνέδωκαν,
1578 956 1693 1010 ἀλλ’
1722 957 1884 1028 ἐστη-

304 1060 406 1096 σαν
453 1044 547 1095 ἐπὶ
597 1043 699 1113 τῆς
732 1043 937 1114 πέτρας
983 1043 1269 1116 ἀκίνητοι,
1304 1044 1481 1100 πάντα
1519 1046 1616 1099 καὶ
1661 1048 1884 1117 ποιῆσαι

302 1133 400 1186 καί⁵
441 1132 634 1186 παθεῖν
666 1133 1003 1205 αἱρούμενοι,
1030 1135 1170 1190 ὥστε
1210 1135 1286 1208 μὴ
1320 1136 1646 1208 κοινωνῆσαι
1675 1140 1741 1208 τῇ
1776 1157 1883 1192 πα-

306 1224 542 1296 ρανομία
570 1224 683 1278 τῶν
717 1225 784 1279 τὰ
815 1224 1042 1280 τοιαῦτα
1075 1228 1489 1302 τετολμηκότων
1508 1268 1524 1293 ,
1563 1231 1664 1285 οὐκ
1692 1231 1883 1303 ἀνδρες

297 1316 360 1369 δέ
398 1315 579 1386 μόνον,
604 1316 743 1371 ἀλλά
774 1318 869 1371 καὶ
900 1320 1176 1385 γυναῖκες.
1211 1321 1324 1375 Καὶ
1357 1321 1469 1394 γάρ
1494 1305 1599 1376 ’καὶ
1627 1324 1884 1391 γυναῖκες

298 1405 436 1476 πρὸς
458 1405 553 1459 τὸν
578 1403 767 1474 ἀγῶνα
799 1406 1139 1462 ἁπεδύσαντο
1163 1409 1374 1475 τοῦτον,
1405 1410 1500 1464 καὶ
1525 1409 1736 1480 ἀνδρῶν
1761 1410 1884 1463 πολ-

296 1496 466 1568 λαχοῦ
529 1496 730 1568 μᾶλλον
783 1498 1126 1570 ἠνδρίσαντο.
1166 1501 1240 1557 Οὐ
1288 1504 1546 1571 γυναῖκες
1583 1502 1639 1556 δὲ
1684 1503 1845 1573 μόνον
1863 1544 1879 1568 ,

295 1587 436 1641 ἀλλά
466 1589 561 1641 καὶ
592 1587 702 1642 νέοι
730 1590 826 1645 καὶ
865 1591 1127 1661 μειράκια
1158 1591 1379 1665 κομιδῆ.
1411 1591 1574 1647 Ταῦτ’
1603 1588 1717 1660 οῦν,
1757 1592 1879 1648 είπέ

298 1694 413 1748 μοι,
443 1678 642 1750 μικρά,
673 1677 927 1734 τοσοῦτον
963 1681 1135 1753 δῆμον
1173 1682 1469 1754 μαρτύρων
1496 1683 1754 1755 κερδᾶναι
1782 1683 1879 1756 τὴν

308 1769 671 1841 Ἐκκλησίανς
703 1771 997 1844 Μάρτυρες
1036 1772 1145 1845 γάρ
1188 1774 1427 1838 ἅπαντες
1459 1769 1625 1830 οὗτοι.
1662 1776 1736 1830 Ού
1768 1775 1879 1847 γὰρ

292 1861 362 1931 δὴ
400 1862 560 1932 μόνον
592 1863 790 1918 ἐκεῖνοι
819 1864 869 1917 οί
898 1866 980 1928 είς
1008 1864 1360 1938 δικαστήριον
1383 1865 1759 1929 ἐλκυσθέντες,
1783 1866 1877 1920 καὶ

295 1952 466 2006 θῦσαι
494 1952 872 2020 κελευσθέντες
898 1996 913 2021 ,
959 1956 1053 2009 καὶ
1110 1956 1185 2027 μὴ
1241 1957 1582 2024 πεισθέντες,
1614 1956 1878 2021 παθόντες

293 2042 448 2113 ἅπερ
482 2042 697 2108 ἔπαθον,
733 2043 1013 2117 μάρτυρες
1045 2044 1112 2099 ἄν
1155 2043 1304 2101 εἷεν·
1350 2047 1488 2101 ἀλλά
1530 2048 1775 2102 κάκεῖνοι
1824 2049 1875 2101 οἱ

292 2135 442 2207 ὑπὲρ
469 2135 687 2190 ὁτουοῦν
716 2136 824 2190 τῶν
855 2136 935 2209 τῷ
979 2137 1099 2209 Θεῷ
1137 2138 1438 2193 δοκούντων
1465 2140 1656 2194 παθεῖν
1690 2157 1743 2193 τι
1772 2157 1875 2194 κα-

287 2227 649 2299 ταδεξάμενοι
672 2245 686 2259 ⁸
712 2228 809 2282 καὶ
844 2228 899 2281 εἴ
925 2247 1009 2294 τις
1052 2230 1188 2301 μετά
1218 2230 1502 2303 ἀκριϐείας
1542 2231 1872 2298 ἐξετάσειεν,

287 2309 440 2371 οὗτοι
470 2318 697 2389 μᾶλλον,
725 2318 760 2390 ἢ
804 2320 1024 2375 ἐκεῖνοι.
1063 2321 1137 2373 Ού
1166 2320 1275 2394 γάρ
1307 2323 1453 2375 ἐστιν
1496 2322 1609 2376 ἴσον
1650 2323 1873 2395 ὀλέθρου

286 2409 536 2463 τοιούτου
566 2411 665 2464 καὶ
711 2410 987 2476 ἀπωλείας
1019 2410 1198 2482 ψυχῆς
1237 2414 1661 2486 προτεινομένης
1703 2432 1872 2468 κατα-

282 2503 552 2571 δέξασθαι
590 2503 783 2558 παθεῖν
812 2521 869 2557 τι
896 2504 991 2557 καὶ
1022 2503 1099 2575 μὴ
1137 2502 1567 2575 παραπολέσθαι,
1606 2504 1700 2559 καὶ
1728 2504 1871 2576 ὑπὲρ

283 2595 574 2659 ἐλάττονος
595 2591 1022 2666 κατορθώματος
1050 2593 1149 2666 τὴν
1168 2592 1340 2666 αὐτὴν
1356 2594 1562 2665 ταύτην
1584 2596 1871 2665 ὑπομεῖναι

281 2688 583 2760 τιμωρίαν.
610 2688 734 2741 Ὀτι
760 2686 817 2740 δέ
846 2687 945 2757 οὐχ
971 2687 1019 2740 οί
1056 2686 1357 2755 σφαγέντες
1389 2686 1571 2756 μόνον,
1612 2686 1748 2740 ἀλλὰ
1773 2687 1872 2740 καὶ

280 2784 334 2836 οῖ
360 2778 872 2854 παρεσκευασμένοι
894 2778 989 2831 καὶ
1008 2777 1288 2848 γενόμενοι
1306 2777 1442 2848 πρὸς
1463 2777 1621 2831 τοῦτο
1638 2776 1868 2848 ἕτοιμοι,

284 2868 600 2944 μαρτυρίου
636 2869 905 2939 στέφανον
942 2868 1292 2939 ἀνεδήσαντο,
1324 2867 1483 2922 τοῦτό
1508 2886 1569 2921 τε
1596 2869 1747 2933 αὐτὸ,
1775 2868 1871 2922 καὶ⁵

278 2964 311 3016 6
353 2962 624 3033 πρότερον
666 2961 886 3031 εἴρηκα,
916 2959 997 3012 ὅτι
1050 2961 1080 3012 6
1106 2957 1244 3030 ὑπὲρ
1288 2958 1584 3012 ἐλαττόνων
1616 2960 1867 3028 σφαγεὶς,

284 3052 508 3123 μάρτυς
536 3051 684 3104 ἐστὶν
716 3049 1149 3121 ἀπηρτισμένος,
1182 3048 1288 3102 ἀπὸ
1320 3049 1415 3120 τῆς
1443 3047 1657 3103 Παύλου
1686 3050 1870 3121 φωνῆς

282 3141 574 3207 ἀποδεῖξαι
607 3139 764 3194 τοῦτο
790 3140 1144 3210 πειράσομαι.
1180 3139 1235 3192 Ἀ
1246 3138 1509 3212 ρξάμενος
1537 3139 1645 3209 γάρ
1670 3138 1870 3210 ἀπαρι-

280 3232 549 3304 θμεῖσθαι
581 3231 708 3296 τοὺς
738 3230 832 3285 ἐπί
859 3230 967 3284 τῶν
988 3231 1267 3300 προγόνων
1292 3229 1609 3301 λάμψαντας
1630 3232 1658 3283 6
1688 3230 1867 3301 μακά-

283 3342 409 3396 ριος
439 3324 672 3389 Παῦλος,
705 3324 799 3377 καὶ
825 3322 923 3393 τὴν
959 3322 1131 3394 ἀρχὴν
1172 3322 1280 3376 ἀπὸ
1320 3322 1416 3375 τοῦ
1451 3321 1616 3374 ’Ἀϐελ
1643 3322 1871 3394 ποιησά-

284 3433 487 3488 μενος,
530 3411 648 3468 εἶτα
694 3413 970 3487 προελθὼν
1019 3416 1099 3478 είς
1125 3413 1217 3467 τὸν
1254 3412 1413 3479 Νῶε,
1443 3412 1534 3466 τὸν
1582 3412 1867 3483 Ἀϐραὰμ,

278 3507 386 3560 τὸν
424 3505 639 3571 Ἰσαὰκ,
682 3506 773 3558 τὸν
819 3504 1033 3569 Ἰακὼϐ,
1069 3504 1159 3557 τὸν
1202 3505 1469 3568 Μωῦσέα,
1498 3504 1588 3558 τὸν
1639 3502 1865 3575 Ἰησοῦν,

277 3603 386 3655 τὸν
418 3598 602 3664 Δαυῖδ,
626 3599 718 3652 τὸν
754 3597 1025 3669 Σαμουὴλ,
1057 3597 1151 3650 τὸν
1183 3596 1391 3660 Ἠλίαν,
1421 3597 1513 3651 τὸν
1547 3596 1865 3660 Ἐλισσαῖον,

277 3692 385 3748 ὢν
417 3690 559 3757 Ἰὼϐ,
590 3691 837 3761 ἐπήγαγε
861 3687 1034 3758 λέγων
1053 3705 1066 3718 ·
1105 3688 1426 3758 Τοιγαροῦν
1452 3689 1548 3742 καί
1577 3687 1745 3757 ἡμεῖς
1769 3705 1865 3742 το-

274 3783 519 3839 σοῦτον
546 3780 791 3850 ἔχοντες
816 3779 1227 3848 περικείμενον
1262 3780 1406 3849 ἡμῖν
1434 3782 1615 3848 νέφος
1644 3779 1868 3848 μαρτύ-

268 3891 429 3945 ρων.
463 3873 722 3941 Καίτοιγε
755 3873 816 3926 ού
861 3872 1062 3935 πάντες
1108 3872 1422 3943 ἐσφάγησαν
1460 3863 1626 3934 οὗτοι,
1666 3868 1866 3940 μᾶλλον

272 3968 343 4021 δὲ
375 3964 497 4019 ούδέ
529 3960 632 4029 εἷς,
679 3963 820 4036 πλὴν
846 3964 993 4018 δυοῖν
1025 3962 1059 4035 ἦ
1102 3963 1291 4035 τριῶν,
1314 3962 1409 4017 τοῦ
1442 3963 1610 4017 ’Ἀϐελ
1641 3965 1735 4018 καὶ
1769 3963 1864 4017 τοῦ

290 4056 549 4111 Ἰωάννου
567 4072 581 4086 °
616 4056 667 4109 οί
694 4055 752 4109 δὲ
777 4054 926 4111 ἄλλοι
959 4055 1159 4119 πάντες
1183 4055 1360 4127 οἰκείᾳ
1381 4053 1605 4126 τελευτῇ
1633 4055 1723 4110 τὸν
1752 4055 1865 4125 βίον

272 4148 613 4204 κατέλυσαν.
644 4148 754 4201 Καὶ
786 4148 1038 4220 Ἰωάννης
1074 4147 1133 4202 δέ
1173 4147 1336 4211 αὐτὸς
1374 4147 1436 4200 ού
1478 4147 1636 4202 θῦσαι
1675 4147 1865 4201 κελευ-

279 4237 443 4301 σθεὶς
473 4238 567 4290 καὶ
594 4238 669 4308 μὴ
704 4237 1139 4309 καταδεξάμενος
1168 4238 1405 4310 ἐσφάγη,
1426 4237 1548 4292 ούδέ
1575 4240 1656 4302 εἰς
1684 4238 1865 4310 βωμὸν

275 4329 502 4402 ἀχθεὶς,
527 4330 651 4384 οὑδέ
681 4330 818 4402 πρὸς
861 4329 1078 4384 εἴδωλον
1112 4329 1413 4394 ἐλκυσθεὶς,
1441 4329 1555 4384 ἀλλ’
1588 4332 1731 4403 ύπέρ
1767 4332 1866 4403 ρή·

282 4438 465 4494 ματος
502 4422 641 4486 ἐνός.
676 4420 894 4492 Ἐπειδὴ
925 4422 1033 4494 γάρ
1062 4418 1182 4475 εἶπε
1220 4421 1297 4493 τῷ
1331 4421 1567 4497 Ἡρώδῃ,
1606 4425 1728 4479 Οὐκ
1763 4423 1865 4487 ἐξ-

278 4514 425 4570 εστί
445 4529 541 4567 σοι
557 4513 720 4582 ἔχειν
746 4513 857 4581 τὴν
885 4513 1137 4582 γυναῖκα
1153 4515 1452 4569 Φιλίππου
1467 4515 1574 4569 τοῦ
1597 4514 1864 4585 ἀδελφοῦ

277 4620 433 4667 σου,
474 4605 568 4658 καὶ
612 4604 675 4657 τὸ
714 4603 1087 4676 δεσμωτήριον
1119 4604 1331 4676 ᾤκησε,
1377 4606 1472 4658 καὶ
1509 4605 1607 4677 τὴν
1652 4605 1863 4678 σφαγὴν

282 4694 509 4765 ἐκείνην
541 4694 853 4766 ὑπέμεινεν.
907 4696 969 4750 Et
1014 4695 1072 4749 δέ
1102 4696 1129 4748 6
1158 4696 1333 4767 γάμον
1381 4698 1863 4769 παρανομούμενον

285 4784 606 4857 ἐκδικήσας,
641 4786 703 4839 τό
731 4804 794 4855 γε
819 4787 900 4850 εἰς
934 4785 1094 4842 αὑτὸν
1124 4780 1259 4859 ἧκον
1288 4787 1435 4858 (οὐδὲ
1460 4787 1568 4859 γὰρ
1587 4787 1863 4860 διώρθωσε

279 4876 357 4930 τὸ
387 4876 570 4940 κακῶς
604 4877 990 4948 γεγενημένον,
1019 4877 1172 4950 [506]
1207 4877 1319 4931 ἀλλ’
1356 4874 1479 4931 εἷπε
1516 4877 1699 4950 μόνον,
1723 4878 1863 4933 παῦ-

283 4985 387 5023 σαι
414 4967 470 5021 δὲ
505 4968 605 5022 οὐκ
638 4968 912 5039 ἴσχυσεν),
957 4971 1006 5023 εί
1036 4969 1216 5023 τοίνυν
1256 4971 1286 5022 6
1338 4968 1496 5039 μόνον
1527 4969 1694 5023 εἰπὼν
1714 5009 1729 5035 ,
1769 4970 1865 5024 καὶ

283 5060 463 5133 μηδὲν
484 5059 696 5114 οἴκοθεν
722 5062 755 5133 ἢ
779 5060 943 5117 τοῦτο
964 5059 1311 5130 εἰσενεγκὼν,
1334 5059 1521 5132 ἐπειδὴ
1548 5062 1860 5133 ἀπετμήθη,

283 5155 531 5225 μάρτυς,
584 5154 681 5208 καὶ¹
726 5154 1020 5227 μαρτύρων
1062 5154 1179 5207 ἐστὶ⁵
1215 5153 1464 5227 πρῶτον
1510 5155 1560 5207 οἱ
1598 5156 1864 5219 τοσαύτας

280 5246 510 5314 σφαγάς
556 5245 1056 5319 προσδοκήσαντες,
1106 5247 1199 5300 καὶ
1250 5245 1371 5315 οὐχὶ
1417 5244 1553 5315 πρὸς
1595 5245 1861 5317 Ἡρώδην,

280 5335 429 5390 ἀλλά
457 5336 595 5407 πρὸς
617 5337 742 5399 τοὺς
778 5335 1116 5409 κρατοῦντας
1152 5339 1252 5409 τῆς
1282 5334 1607 5408 οίκουμένης
1646 5337 1863 5409 ἀπάσης

282 5422 718 5494 ἀποδυσάμενοι,
740 5425 836 5479 καὶ
864 5425 986 5497 οὐχὶ
1012 5427 1177 5497 γάμῳ
1210 5425 1703 5498 παρανομουμένῳ,
1727 5426 1865 5481 ἀλλά

282 5513 482 5585 νόμοις
526 5514 800 5587 πατρῴοις
842 5519 938 5572 καὶ
981 5518 1204 5589 θεσμοῖς
1249 5516 1573 5590 Ἑκκλησίας
1622 5519 1863 5592 ἐπηρεαα

284 5605 469 5662 σθεῖσι
519 5608 916 5676 παραστάντες,
940 5612 1034 5664 καὶ
1066 5610 1154 5664 διὰ
1190 5611 1299 5665 τῶν
1334 5611 1596 5684 ῥημάτων
1643 5612 1736 5668 καὶ
1775 5613 1862 5671 διά

584 5701 856 5765 Puram"
902 5703 1019 5766 Gn.
1061 5699 1189 5762 ιιι.

3460 199 3572 257 διο

1992 306 2102 366 τῶν
2134 308 2477 381 πραγμάτων
2507 305 2819 380 παρρησίαν
2864 305 3299 379 ἐπιδειξάμενοι,
3324 308 3422 362 καὶ
3447 309 3572 364 καθ’

1991 398 2227 471 ἐκάστην
2264 397 2481 470 ἡμέραν
2514 395 2965 467 ἀποθνήσκοντες,
2997 394 3089 449 καὶ
3123 395 3315 468 ἄνδρες
3348 397 3446 451 καὶ
3472 415 3571 467 γυ-

1990 493 2172 551 ναῖκες
2199 488 2292 541 καὶ⁵
2322 486 2535 550 παῖδες,
2560 484 2677 549 πῶς
2707 484 2807 538 οὐκ
2842 483 2908 538 ἂν
2936 480 3045 538 εἷεν
3073 484 3272 538 δίκαιοι
3309 486 3568 557 μυριάκις

1992 581 2072 641 είς
2099 577 2192 631 τὸν
2209 576 2319 631 τῶν
2349 575 2641 649 μαρτύρων
2669 574 3034 645 καταλεγῆναι
3066 575 3259 647 χορόν;
3293 575 3446 629 Ἐπεὶ
3472 577 3568 630 καί

1989 666 2018 718 6
2057 665 2329 737 Ἀϐραὰμ,
2365 666 2441 736 μὴ
2473 664 2682 734 σφάξας
2709 666 2777 735 τῇ
2832 663 2997 735 πείρᾳ.
3024 663 3116 717 τὸν
3154 664 3290 727 υἱὸν,
3328 665 3395 735 τῇ
3431 681 3566 736 προ-

1991 754 2137 808 θέσει
2166 753 2385 824 ἔσφαξε,
2422 753 2515 808 καὶ
2546 754 2729 823 φωνῆς
2760 753 2990 823 ἡκουσεν
3024 751 3231 807 ἀνωθεν
3275 750 3563 822 λεγούσης,

1988 846 2071 897 ὅτι
2100 846 2221 898 οὐκ
2260 843 2483 913 ἐφείσω
2520 841 2626 897 τοῦ
2669 841 2803 897 υιοῦ
2842 855 2960 896 σου
2999 839 3105 895 τοῦ
3147 840 3455 910 ἀγαπητοῦ
3491 840 3568 893 δι’

1990 930 2113 1001 ἐμέ.
2140 931 2296 985 Οὕτω
2317 929 2595 1000 πανταχοῦ
2620 929 2713 983 καὶ
2734 930 2767 1000 ή
2788 926 3003 1008 γνώμη,
3024 928 3151 982 ὅταν
3182 927 3567 999 ἀπηρτισμένη

1986 1014 2020 1092 ᾗ
2048 1018 2142 1071 ἐπὶ
2172 1017 2274 1088 τῆς
2300 1018 2522 1089 ἀρετῆς,
2548 1016 2838 1088 ὁλόκληρον
2866 1014 3132 1087 λαμϐάνει
3159 1015 3251 1071 τὸν
3279 1014 3563 1085 στέφανον.

1988 1108 2052 1161 El
2095 1108 2153 1161 δέ
2199 1109 2427 1171 ἐκεῖνος,
2459 1106 2577 1161 υἱοῦ
2626 1107 2700 1178 μὴ
2754 1105 3104 1177 φεισάμενος,
3137 1104 3310 1169 οὓτως
3358 1105 3563 1174 ἀνεκη-

1997 1195 2218 1266 ρύττετο
2252 1207 2305 1265 9,
2337 1188 2484 1249 οῦτοι
2538 1193 2747 1248 ἑαυτῶν
2780 1193 2855 1265 μὴ
2907 1192 3222 1277 φεισάμενοι
3247 1231 3261 1257 ,
3310 1191 3564 1262 ἐννόησον

1988 1283 2150 1338 πόσον
2194 1282 2452 1354 λήψονται
2494 1281 2717 1353 μισθὸν,
2752 1281 2812 1333 οὐ
2847 1281 2995 1352 μίαν,
3045 1279 3106 1332 ού
3150 1278 3262 1345 δύο,
3289 1278 3384 1332 καὶ
3412 1280 3563 1350 τρεῖς

1981 1370 2219 1443 ἡμέρας.
2241 1370 2356 1424 ἀλλ’
2387 1370 2679 1443 ὁλόκληρον
2701 1368 2792 1423 τὸν
2817 1368 2929 1440 βίον
2954 1366 3045 1421 ἐπὶ
3072 1367 3172 1437 τῆς
3203 1364 3563 1437 παρατάξεως

1985 1456 2266 1529 ἱστάμενοι
2306 1456 2544 1528 ταύτης,
2588 1456 2902 1527 βαλλόμενοι
2948 1454 3275 1525 λοιδορίαις,
3316 1451 3558 1523 ὓϐρεσιν,

1982 1547 2290 1618 ἐπηρείαις,
2323 1546 2725 1616 συκοφαντίαις.
2751 1544 2886 1599 Ούδέ
2909 1543 3017 1613 γὰρ
3048 1540 3204 1596 τοῦτο
3230 1539 3443 1612 μικρόν.
3468 1538 3560 1592 Διὸ

1982 1634 2078 1688 καὶ
2121 1635 2198 1698 ὼς
2231 1634 2374 1703 μέγα
2414 1633 2626 1698 Παῦλος
2663 1632 2796 1686 αὐτὸ
2829 1628 3095 1702 θαυμάζει
3131 1628 3335 1697 λέγων·
3381 1625 3561 1680 Τοῦτο

1976 1720 2093 1789 μὲν
2114 1720 2474 1791 ὀνειδισμοῖς
2504 1721 2604 1775 καὶ
2634 1720 2884 1788 augeam
2910 1714 3358 1785 θεατριζόμενοι,
3382 1711 3560 1768 τοῦτο

1980 1808 2049 1862 δὲ
2078 1808 2350 1862 κοινωνοί
2391 1807 2511 1862 τῶν
2536 1808 2691 1862 οὕτω
2734 1807 3099 1874 πασχόντων
3130 1800 3483 1873 γενηθέντες
3502 1799 3554 1854 δ.

1981 1894 2046 1947 Τί
2074 1894 2141 1949 ἄν
2171 1912 2258 1959 τις
2290 1895 2434 1948 εἴποι
2455 1896 2582 1957 τοὺς
2610 1894 2705 1947 καλ⁸
2734 1893 2937 1963 αὐτοὺς
2958 1891 3428 1960 ἀποθνήσκοντας,
3460 1885 3556 1942 καὶ

1976 1983 2104 2045 τοὺς
2135 1980 2203 2035 τὰ
2237 1981 2463 2035 τοιαῦτα
2504 1980 2800 2044 ἀθλοῦντας
2833 1977 3183 2059 ἀλείψαντας,
3228 1976 3321 2029 καὶ
3354 1974 3557 2046 ἀνδρας

1978 2072 2074 2123 καὶ
2096 2073 2395 2138 γυναῖκας;
2424 2069 2621 2132 Καλῶς
2647 2068 2705 2121 δέ
2744 2067 2943 2131 αὐτοὺς
2987 2065 3081 2120 καὶ¹
3123 2062 3413 2135 θαυμάζει.
3442 2061 3556 2116 Καὶ

1976 2155 2085 2228 γὰρ
2114 2157 2208 2211 καί⁵
2233 2155 2420 2219 οὐσίας
2450 2155 2727 2208 ἐπέδωκαν
2755 2152 2970 2216 πολλοὶ,
3003 2151 3143 2206 ὥστε
3182 2151 3311 2213 τοὺς
3343 2146 3557 2220 δεσμὼ-

1977 2261 2075 2307 τας
2109 2244 2202 2297 καὶ
2235 2243 2362 2307 τοὺς
2390 2242 2700 2315 ἐξορίστους
2727 2240 2870 2312 ἔχειν
2912 2240 3032 2294 τινά
3064 2235 3416 2309 παραμυθίαν
3452 2234 3554 2306 τῆς

1975 2330 2245 2402 τοσαύτης
2281 2329 2678 2401 ταλαιπωρίας,
2707 2328 2803 2382 καὶ
2825 2327 2923 2401 τὴν
2956 2326 3210 2400 ἁρπαγὴν
3236 2323 3346 2377 τῶν
3378 2324 3556 2392 ὑπαρ-

1973 2416 2177 2487 χόντων
2210 2416 2384 2487 ἡδέως
2413 2416 2681 2483 ἐδέξαντο,
2705 2415 2848 2470 κατὰ
2889 2415 2950 2469 τὸ
2980 2411 3336 2468 ἀποστολικδν
3378 2410 3555 2464 ἐκεῖνο

1972 2504 2151 2574 λόγιον
2177 2521 2191 2535 ·
2228 2504 2428 2577 ἕτεροι,
2455 2506 2507 2559 οί
2535 2504 2635 2576 μὲν
2668 2504 2947 2574 πατρίδος,
2971 2504 3020 2556 οί
3050 2500 3108 2556 δέ
3137 2501 3231 2554 καὶ
3270 2499 3439 2569 αὐτῆς
3469 2495 3555 2561 ἐξ·-

1969 2592 2277 2664 εϐλήθησαν
2296 2593 2397 2663 τῆς
2428 2590 2595 2662 ζωῆς.
2627 2590 2798 2663 Ὀρῶν
2821 2589 2999 2643 τοίνυν
3026 2587 3278 2643 τοσοῦτον
3301 2586 3550 2649 πλοῦτον,

1970 2680 2222 2735 τοσοῦτον
2250 2680 2462 2751 κέρδος,
2504 2677 2776 2750 τοσαύτην
2821 2675 3091 2748 ἐμπορίαν
3132 2677 3200 2746 τῇ
3251 2671 3552 2742 Ἐκκλησία

1974 2768 2351 2840 συνηγμένην,
2387 2765 2677 2830 τοσούτους
2725 2763 3034 2836 θησαυροὺς
3085 2759 3548 2831 ἀποτιθεμένους,

1973 2857 2143 2927 πυρὸς
2180 2855 2567 2925 σφοδροτέρους
2598 2853 2915 2925 γινομένους
2958 2851 3083 2914 τοὺς
3126 2849 3389 2920 πρότερον
3418 2842 3551 2899 ἀνα-

1972 2945 2353 3011 πεπτωκότας,
2398 2944 2492 2997 καὶ
2532 2945 2659 3007 τοὺς
2692 2942 2939 3013 θεάτροις
2981 2936 3440 3011 προσηλωμένους
3469 2936 3551 2998 εἷς
3638 2990 3647 2997 ,

1971 3033 2068 3097 τάς
2102 3031 2338 3104 ἐρημίας
2370 3030 2633 3097 ἐξιόντας,
2692 3029 2788 3084 καὶ
2825 3028 2924 3092 τάς
2966 3027 3143 3090 νάπας
3188 3026 3284 3079 καὶ
3332 3023 3402 3076 τὰ
3445 3023 3547 3095 ὅρη

1971 3119 2260 3183 ποιοῦντας
2282 3119 2601 3191 ἐκκλησίας,
2624 3118 2719 3173 καὶ¹
2746 3116 2960 3179 οὐδενὸς
2980 3114 3264 3183 ἐξάγοντος
3286 3111 3386 3182 τὴν
3420 3110 3549 3178 ἀγέ-

1969 3206 2089 3278 λην,
2114 3209 2194 3271 είς
2217 3207 2316 3279 τὴν
2344 3206 2453 3261 τῶν
2483 3207 2758 3278 ποιμένων
2786 3204 2937 3268 τάξιν
2965 3201 3305 3274 μεταστάντα
3328 3198 3397 3252 τά
3422 3197 3550 3268 πρό-

1971 3296 2131 3359 ϐατα,
2168 3296 2263 3349 καὶ
2293 3297 2421 3360 τοὺς
2464 3292 2800 3366 στρατιώτας
2836 3294 2917 3356 είς
2945 3292 3042 3363 τὴν
3069 3288 3164 3343 τοῦ
3214 3284 3545 3359 στρατηγοῦ,

1970 3383 2283 3455 παρρησίας
2320 3382 2509 3436 ἐνεκεν
2560 3381 2654 3435 καὶ
2706 3380 2996 3452 ἀνδρείας,
3034 3378 3130 3431 καὶ
3161 3376 3368 3440 πάντας
3408 3373 3548 3446 μετά

1967 3472 2067 3542 τῆς
2113 3471 2494 3544 προσηκούσης
2526 3470 2877 3542 θερμότητος,
2921 3467 3185 3538 σπουδῆς,
3228 3464 3543 3537 ἐμμελείας»

1967 3563 2066 3626 τάς
2093 3562 2341 3629 συνάξεις
2362 3561 2765 3625 ἐπιτελοῦντας,
2786 3561 2887 3614 οὐκ
2915 3558 3191 3630 ἐκπλήττῃ
3220 3557 3314 3610 καὶ
3335 3557 3547 3626 θαυμά-

1968 3651 2103 3714 ζεις,
2126 3650 2250 3704 ὅσον
2281 3653 2345 3704 ἐκ
2377 3649 2567 3705 τούτου
2595 3648 2929 3722 κατόρθωμα
2957 3648 3210 3717 γέγονεν;
3239 3645 3313 3697 Οὐ
3339 3642 3448 3714 γάρ
3477 3643 3543 3715 δὴ

1972 3738 2131 3808 μόνον
2168 3740 2216 3791 οί
2247 3738 2424 3810 ὀρθῶς
2464 3738 2728 3808 βιοῦντες,
2771 3735 2910 3790 ἀλλά
2940 3733 3125 3788 πολλοὶ
3155 3732 3250 3785 καὶ
3277 3730 3385 3785 τῶν
3415 3732 3543 3801 περὶ

1966 3826 2035 3879 τά
2083 3825 2286 3897 θέατρα
2327 3825 2649 3897 μεμηνότων
2698 3824 2792 3877 καὶ
2844 3819 3205 3892 ἱπποδρομίας
3246 3816 3543 3890 προσεχόνσ

1966 3930 2098 3978 των,
2130 3912 2235 3965 ὑπὸ
2257 3911 2349 3965 τοῦ
2381 3912 2543 3983 ζήλου
2579 3909 2749 3983 πυρὸς
2786 3907 3144 3980 σφοδροτέρου
3174 3905 3540 3979 πυρωθέντες,

1968 4001 2147 4055 πᾶσαν
2175 4000 2391 4071 ἐκείνην
2419 3997 2680 4053 ἀπέθεντο
2707 3998 2805 4068 τὴν
2839 3994 3057 4068 μανίαν,
3080 3997 3178 4050 καὶ
3211 3998 3333 4050 κατ’
3360 3994 3542 4048 αὐτῶν

1966 4087 2076 4141 τῶν
2096 4086 2267 4157 ξιφῶν
2294 4086 2479 4158 σχεδὸν
2516 4086 2818 4157 ἐπήδησαν,
2852 4084 2989 4155 πρὸς
3016 4084 3284 4155 ἄρχοντας
3322 4085 3542 4154 παρρη-

1971 4173 2303 4247 σιαζόμενοι,
2330 4175 2579 4246 βασάνων
2604 4172 3090 4246 καταφρονοῦντες,
3114 4170 3352 4227 ἀπειλῶν
3380 4188 3544 4225 κατα·

1968 4263 2254 4332 γελῶντες,
2275 4262 2580 4327 δεικνύντες
2608 4263 2732 4318 ὅσον
2770 4262 2919 4316 ἐστὶν
2952 4260 3145 4333 ἀρετὴ,
3180 4262 3275 4314 καὶ
3299 4259 3417 4323 πῶς
3462 4260 3541 4313 ἔνι

1965 4351 2057 4405 τὸν
2092 4351 2297 4422 σφόδρα
2338 4349 2745 4421 ἀπολλύμενον,
2780 4349 3189 4421 μετανοήσαντα
3233 4348 3329 4399 καὶ
3379 4363 3539 4415 μεταο

1969 4441 2172 4495 στάντα
2186 4439 2338 4513 [507]
2362 4440 2535 4510 αὐτῆς
2558 4439 2799 4510 ἅψασθαι
2816 4437 2924 4491 τῶν
2945 4435 3189 4508 οὐρανῶν
3208 4434 3309 4505 τῆς
3329 4434 3534 4503 ἁψῖδος.

1968 4524 2219 4579 Τοσαῦτα
2244 4520 2336 4579 οὖν
2363 4524 2593 4596 βραδεῖα
2616 4523 2779 4595 ὁρῶν,
2797 4521 3082 4583 τοσούτους
3106 4518 3397 4587 στεφάνους
3422 4517 3540 4569 πλε-

1966 4614 2228 4683 κομένους
2248 4652 2262 4676 ,
2292 4612 2560 4683 τοσαύτην
2595 4610 2942 4664 διδασκαλίαν
2974 4606 3265 4677 γινομένην
3286 4645 3301 4671 ,
3339 4604 3500 4658 πόθεν
3518 4643 3535 4666 ,

1966 4697 2087 4749 είπέ
2120 4714 2232 4766 μοι,
2263 4694 2626 4766 σκανδαλίζῃ;
2662 4695 2794 4746 Ἀπὸ
2814 4692 2922 4746 τῶν
2944 4689 3320 4751 ἀπολωλότων,
3349 4690 3538 4760 φησίν.

1983 4779 2144 4844 Ἀλλ’,
2172 4780 2309 4850 ὅπερ
2331 4778 2488 4849 έφην,
2514 4779 2607 4831 καὶ
2633 4777 2806 4845 λέγων
2832 4775 2894 4827 ού
2923 4773 3224 4843 παύσομαι,
3247 4766 3392 4826 οὗτοι
3418 4775 3542 4826 ἐαυ-

1969 4864 2083 4925 τοῖς
2103 4862 2503 4933 λογιζέσθωσαν
2527 4862 2625 4930 τῆς
2655 4860 2929 4922 ἀπωλείας
2944 4859 3044 4929 τὴν
3073 4858 3347 4914 ὑπόθεσιν.
3369 4857 3541 4915 Τοῦτο

1965 4948 2073 5018 γάρ
2094 4948 2159 5001 δι’
2188 4948 2309 5001 ὅλου
2331 4949 2360 5001 6
2387 4947 2544 5015 λόγος
2568 4947 2700 5016 ἡμῖν
2722 4943 3124 5014 ἀγωνιζόμενος
3147 4942 3366 5008 ἔδειξεν.
3386 4943 3539 4998 Εἴπω

1965 5031 2060 5085 καὶ
2088 5031 2272 5102 ἕτερον
2306 5030 2652 5102 κατόρθωμα.
2686 5029 2850 5083 Πόσοι
2880 5030 3219 5099 προσωπεῖον
3252 5028 3539 5094 εὐλαϐείας

1966 5115 2360 5187 περικείμενοι,
2394 5114 2550 5168 πόσοι
2579 5112 2962 5185 πεπλασμένην
2996 5112 3277 5185 πραότητα
3302 5112 3535 5183 ἔχοντες,

1966 5198 2122 5253 πόσοι
2147 5199 2370 5271 μεγάλοι
2397 5199 2538 5263 τινὲς
2558 5196 2701 5252 εἶναι
2729 5197 3092 5268 νομιζόμενοι,
3118 5196 3213 5250 καὶ
3242 5196 3341 5249 ούκ
3365 5196 3537 5261 ὄντες,

1965 5281 2160 5354 ἀθρόον
2189 5285 2283 5335 ἐπὶ
2323 5283 2416 5335 τοῦ
2455 5284 2722 5354 παρόντος
2758 5281 3155 5353 διηλέγχθησαν
3195 5279 3414 5353 καιροῦ,
3446 5281 3541 5334 καὶ

1966 5366 2032 5420 τά
2094 5366 2196 5437 τῆς
2247 5366 2462 5436 ἀπάτης
2506 5365 2685 5430 αὐτοῖς
2728 5364 2950 5438 διερρύη
2978 5405 2994 5431 ,
3051 5366 3145 5419 καὶ
3188 5366 3327 5436 ὅπερ
3360 5359 3539 5437 ἦσαν,

1966 5452 2267 5522 ἐφάνησαν,
2312 5451 2412 5521 οὐχ
2460 5450 2593 5520 ὅπερ
2642 5450 3000 5523 ὑπεκρίνοντο
3032 5452 3127 5505 καὶ
3160 5453 3417 5524 ηπάτων;
3466 5446 3541 5498 Οὐ

2028 5561 2053 5590 ⁸
2074 5559 2173 5608 Alii
2195 5556 2581 5615 άνακηρύττεται.

2028 5622 2057 5661 b
2078 5621 2176 5671 Alii
2197 5621 2293 5668 τῶν
2320 5618 2471 5676 οὕτως
2487 5618 2903 5684 ἀναστρεφομένων
2925 5620 3209 5683 γενηθέντες.

3139 5691 3176 5749 9
