4030 6206
485 250 586 305 821

485 391 683 464 μικρὸν
724 390 780 447 δὲ
833 394 1021 457 τοῦτο,
1077 394 1212 449 ἀλλά
1263 398 1357 451 καὶ
1408 398 1610 469 σφόδρα
1668 399 1920 469 μέγιστον
1980 397 2057 457 είς

480 491 748 561 ὠφέλειαν
786 491 896 544 τῶν
951 490 1244 547 ἐθελόντων
1292 494 1613 565 προσέχειν,
1668 494 1727 546 τὸ
1766 493 2060 561 διαγνῶναι

479 589 607 652 τοὺς
640 586 864 658 ἔχοντας
894 585 1002 640 τῶν
1045 588 1334 660 προϐάτων
1364 590 1461 655 τὰς
1491 590 1675 664 δορὰς,
1705 590 1800 644 καὶ
1831 588 1907 661 μὴ
1932 590 2062 642 ἀνα-

484 682 777 755 μίγνυσθαι
807 685 932 747 τοὺς
958 685 1153 749 λύκους
1180 687 1307 750 τοὺς
1337 684 1478 739 οὕτω
1508 686 1920 758 κρυπτομένους
1948 691 2062 752 τοῖς

479 782 648 846 ὅντως
678 781 991 854 προϐάτοις.
1020 784 1129 838 Kal
1157 785 1266 855 γὰρ
1296 784 1522 855 κάμινος
1553 775 1778 854 γέγονεν
1810 788 1838 838 ό
1870 787 2063 858 καιρὸς

480 870 656 943 οὗτος,
686 878 754 931 τά
792 878 993 949 χαλκὸν
1020 879 1213 950 ἔχοντα
1245 880 1349 933 τῶν
1371 882 1725 953 νομισμάτων
1750 882 2060 953 διελέγχων,

478 972 571 1027 τὸν
606 973 856 1044 μόλιϐδον
895 977 1245 1047 κατατήκων,
1293 977 1393 1049 τὴν
1427 977 1681 1050 καλάμην
1725 980 2060 1044 κατακαίων,

478 1069 579 1134 τάς
609 1071 796 1142 τιμίας
828 1070 958 1136 ὕλας
995 1073 1327 1145 τιμιωτέρας
1355 1072 1692 1143 ἀποφαίνων.
1720 1076 1891 1130 Τοῦτο
1915 1078 2009 1130 καί⁵
2035 1079 2065 1131 6

480 1168 693 1232 Παῦλος
726 1170 1008 1239 σημαίνων
1039 1170 1194 1239 ἔλεγε
1212 1187 1226 1202 ο
1256 1170 1357 1223 Δεῖ
1374 1171 1443 1224 δὲ
1474 1172 1568 1226 καί
1599 1172 1860 1242 αἱρέσεις
1887 1168 2062 1241 εἶναι,

480 1267 580 1321 ἵνα
606 1270 656 1321 οι
688 1266 918 1336 δόκιμοι
947 1270 1195 1337 φανεροὶ
1222 1269 1512 1339 γένωνται
1533 1270 1602 1323 ἐν
1633 1270 1794 1339 ὑμῖν.

552 1386 693 1452 Κεφ.
719 1390 785 1437 κ’.
821 1384 1001 1454 Μηδὲν
1021 1383 1116 1438 οὖν
1139 1402 1197 1437 σε
1217 1386 1418 1439 τούτων
1450 1386 1862 1454 σκανδαλιζέτω,
1894 1388 1970 1460 μὴ
1993 1389 2068 1441 ls-

484 1482 610 1552 ρεὺς
632 1480 724 1551 νῦν
747 1480 945 1548 φαῦλος
962 1481 1345 1552 γεγενημένος,
1361 1483 1454 1538 καὶ
1469 1482 1630 1536 λύκου
1653 1484 1854 1548 παντὸς
1868 1483 2067 1555 ἀγριώ-

481 1594 637 1647 τερον
667 1578 946 1648 ὲπιπηδῶν
965 1581 1031 1649 τῇ
1054 1578 1244 1650 ἀγέλῃ,
1274 1579 1349 1651 μὴ
1388 1579 1496 1632 τῶν
1516 1581 1811 1651 ἀρχόντων,
1850 1582 1924 1654 μὴ
1954 1582 2064 1636 τῶν

484 1676 829 1742 κρατούντων
859 1694 942 1741 τις
973 1677 1171 1748 πολλὴν
1200 1678 1456 1749 ὠμότητα
1484 1678 1909 1749 ἐνδεικνύμενος.
1941 1681 2062 1735 Ἐν-

483 1775 672 1845 νόησον
689 1774 820 1843 γοῦν
847 1777 929 1830 ὃτι
955 1776 1049 1831 καί¹
1065 1778 1156 1831 ἐπὶ
1179 1778 1287 1832 τῶν
1304 1779 1614 1834 ἀποστόλων
1638 1780 1833 1851 συνέϐη
1860 1780 2065 1834 τούτων

482 1872 858 1945 χαλεπώτερα.
885 1874 954 1927 "0
982 1891 1040 1927 τε
1071 1873 1180 1946 γὰρ
1206 1876 1424 1948 κρατῶν
1457 1877 1577 1931 τότε
1604 1878 1665 1931 τὸ
1692 1878 2066 1950 σκῆπτρον,τὸ

482 1972 783 2041 μυστήριον
805 1971 904 2042 τῆς
942 1972 1171 2042 ἀνομίας
1189 1967 1256 2044 ἦν
1288 1971 1451 2045 (οὕτω
1472 1972 1581 2045 γὰρ
1617 1973 1779 2028 αὐτὸν
1803 1976 1832 2029 6
1854 1974 2066 2040 Παῦλος

482 2068 764 2140 ἐκάλεσε),
820 2071 927 2126 πᾶν
971 2066 1108 2135 εἶδος
1161 2072 1362 2135 κακίας
1410 2070 1672 2139 ἐπελθὼν,
1722 2075 1815 2126 καί
1854 2076 2064 2137 πάντας

481 2165 806 2237 ἀποκρύψας
835 2169 898 2239 τῇ
929 2168 1182 2240 πονηρίᾳ,
1224 2168 1338 2222 ἀλλ’
1361 2169 1514 2223 οὐδὲν
1538 2169 1661 2223 οὔτε
1688 2171 1788 2243 τὴν
1834 2170 2063 2243 Ἐκκλη-

483 2265 627 2331 σίαν,
644 2263 767 2319 οὕτε
786 2266 912 2325 τοὺς
933 2265 1212 2333 γενναίους
1240 2266 1479 2333 ἐκείνους
1496 2268 1693 2340 ἄνδρας
1739 2269 1897 2323 τοῦτο
1922 2286 2065 2342 παρ-

480 2362 740 2431 έϐλαψεν,
790 2361 929 2415 ἀλλὰ
977 2363 1072 2416 καὶ
1094 2362 1509 2438 λαμπροτέρους
1561 2367 1870 2438 ἀπέφηνεν*
1916 2368 1970 2420 οῖ
2004 2383 2064 2420 τε

484 2460 651 2532 ἱερεῖς
682 2460 791 2513 τῶν
831 2460 1097 2515 Ἰουδαίων
1129 2460 1272 2516 οὕτω
1304 2463 1498 2533 φαῦλοι
1531 2465 1626 2519 καὶ
1647 2464 1873 2537 πονηροί
1918 2482 2064 2528 τινες

480 2552 641 2629 ἦσαν,
672 2557 747 2621 ὡς
773 2558 1089 2614 κελεύεσθαι
1115 2572 1142 2601 ι
1168 2559 1259 2614 τὸν
1289 2559 1448 2632 ζῆλον
1476 2561 1654 2616 αὐτῶν
1683 2560 1777 2615 τοῦ
1810 2561 1925 2632 βίου
1942 2562 2066 2631 φεύ-

487 2671 622 2723 γειν·
653 2656 776 2709 Ἐπί
800 2657 907 2729 γὰρ
930 2656 1043 2726 τῆς
1064 2657 1358 2724 Μωῦσέως
1379 2658 1695 2727 καθέδρας,
1723 2660 1907 2730 φησὶν,
1925 2658 2051 2713 ἐκάα

486 2759 669 2812 θισαν
695 2759 748 2811 οί
768 2756 1124 2827 γραμματεῖς
1144 2756 1239 2810 καί
1262 2758 1316 2810 οἱ
1338 2757 1679 2825 Φαρισαῖον
1707 2755 1905 2811 πάντα
1927 2753 2061 2826 οὖν,

481 2851 599 2908 ὅσα
621 2854 699 2910 ἂν
714 2854 976 2925 λέγωσιν
1001 2854 1145 2924 ὑμῖν
1176 2854 1389 2919 ποιεῖν,
1427 2854 1678 2909 ποιεῖτε·
1711 2855 1865 2909 κατὰ
1890 2854 1959 2907 δὲ
1993 2854 2064 2910 τὰ

481 2951 626 3021 ἔργα
654 2950 855 3007 αὐτῶν
879 2952 967 3022 μὴ
1007 2952 1226 3007 ποιεῖτε
1245 2970 1257 2983 ⁸
1302 2953 1475 3007 καίτοι
1501 2953 1553 3007 τί
1578 2953 1773 3023 γένοιτ’
1802 2953 1869 3009 ἂν
1900 2971 2065 3026 πονη-

484 3049 706 3121 ρότερον
742 3048 953 3121 ἱερέων,
1004 3042 1078 3103 ὧν
1112 3051 1141 3102 ὀ
1167 3048 1327 3120 ζῆλος
1375 3049 1663 3105 ἀπολλύειν
1718 3049 1908 3121 ἔμελλε
1940 3049 2065 3114 τοὺς

488 3145 885 3218 μιμουμένουςς
913 3146 1049 3199 Ἀλλ’
1072 3147 1218 3215 ὅμως
1250 3146 1346 3199 καὶ
1366 3146 1621 3200 τοιούτων
1639 3148 1807 3201 όντων
1823 3146 1929 3201 τῶν
1945 3147 2064 3201 τότε

484 3245 849 3317 κρατούντων,
890 3246 938 3298 οί
977 3244 1307 3316 λάμψαντες,
1361 3244 1412 3297 οί
1444 3244 1881 3313 στεφανωθέντες
1914 3244 2066 3299 οὐδὲν

487 3342 931 3417 παρεϐλάϐησαν,
961 3343 1098 3397 ἀλλά
1126 3343 1386 3414 μειζόνως
1409 3340 1869 3413 ἐδοξάσθησαν.οὐ
1887 3340 2066 3394 τοίνυν

488 3441 788 3509 ξενίζεσθαι
814 3443 921 3516 χρὴ
947 3445 1059 3505 τοῖς
1091 3441 1415 3512 γινομένοις.
1437 3439 1721 3513 Πανταχοῦ
1744 3441 1852 3512 γὰρ
1880 3457 2068 3511 πειρα-

488 3545 615 3612 σμοὶ
639 3545 753 3607 τοῖς
802 3540 1062 3614 νήφουσίν
1110 3542 1215 3594 εἰσι
1243 3539 1689 3612 παρεζευγμένοι
1719 3538 1827 3591 ἀπὸ
1851 3538 1959 3592 τῶν
1991 3540 2068 3593 οἱ·

487 3641 668 3709 κείων,
700 3641 808 3695 ἀπὸ
832 3639 940 3693 τῶν
962 3638 1276 3710 ἀλλοτρίων.
1302 3638 1403 3692 Διά
1428 3638 1585 3692 τοῦτο
1611 3639 1705 3692 καὶ
1733 3637 1946 3701 Παῦλος
1970 3639 2068 3703 τὰς

486 3737 711 3808 νιφάδας
744 3736 887 3810 ὁρῶν
917 3735 1027 3789 τῶν
1072 3734 1335 3791 κινδύνων
1355 3733 1454 3799 τὰς
1490 3734 1836 3806 ἐπαγομένας
1863 3734 2065 3798 αὑτοῖς,

485 3837 580 3892 καὶ
630 3831 881 3899 δεδοικὼς
911 3834 985 3905 μή
1019 3849 1162 3897 τινες
1185 3832 1288 3886 τῶν
1329 3832 1588 3904 μαθητῶν
1624 3830 1872 3886 ἐντεῦθεν
1910 3832 2071 3898 θορυ-

488 3934 718 4008 ϐηθῶσι,
751 3932 980 4005 γράφων
1013 3930 1233 3999 έλεγεντ
1286 3930 1571 3999 Ἔπεμψα
1610 3928 1753 3999 ὑμῖν
1785 3926 2069 3999 Τιμόθεον

486 4036 571 4100 είς
587 4032 654 4088 τὸ
663 4029 899 4101 μηδένα
920 4028 1239 4083 σαίνεσθαι
1272 4026 1342 4081 ἐν
1371 4028 1501 4093 ταῖς
1517 4028 1764 4095 θλίψεσι
1793 4027 2038 4092 ταύταις
2051 4042 2064 4056 ο

486 4129 654 4183 αὐτοὶ
682 4126 793 4197 γὰρ
816 4125 1016 4179 οίδατιι⁵
1046 4124 1136 4178 ὅτι
1156 4126 1253 4190 είς
1282 4122 1458 4177 τοῦτο
1481 4124 1741 4194 κεΙμεθα.
1768 4126 1834 4177 Ὃ
1849 4124 1903 4178 δὲ
1917 4124 2067 4193 λέγει

485 4224 724 4281 τοιοῦτόν
758 4224 906 4275 ἐστιν
926 4238 938 4252 ·
966 4212 1135 4283 Οὗτος
1160 4219 1317 4290 ήμῶν
1338 4222 1366 4273 ό
1389 4219 1523 4289 βίος,
1549 4221 1688 4290 αὓτη
1711 4221 1809 4291 τῆς
1831 4221 2064 4275 ἀποστο-

485 4326 644 4393 λικῆς
672 4317 947 4380 πολιτείας
973 4318 1007 4387 ὴ
1038 4314 1347 4380 ἀκολουθία,
1374 4316 1436 4368 τὸ
1465 4316 1632 4386 μυρία
1652 4317 1881 4387 πάσχειν
1898 4316 2063 4371 κακά.

485 4423 588 4490 Eb;
619 4419 799 4475 τοῦτο
824 4418 933 4491 γὰρ
955 4414 1214 4485 κείμεθα,
1233 4413 1389 4485 φησί.
1451 4412 1515 4464 Τί
1541 4414 1707 4478 ἐστιν,
1739 4415 1844 4479 Εἰς
1891 4412 2068 4468 τοῦτο

490 4521 768 4592 κείμεθα;
792 4518 1002 4584 Ὠσπερ
1040 4512 1108 4566 τά
1134 4510 1267 4565 ὥνια
1290 4512 1369 4575 εἰς
1391 4508 1551 4563 τοῦτο
1579 4511 1875 4581 παρῆκται,
1908 4513 1987 4576 είς
2008 4511 2068 4565 τὸ

488 4618 639 4696 [508]
670 4614 985 4679 πωλεῖσθαι,
1008 4609 1151 4665 οὕτω
1184 4609 1279 4664 καὶ
1306 4610 1335 4661 ό
1358 4608 1713 4672 ἀποστολικδς
1756 4608 1869 4679 βίος
1898 4610 1977 4673 εις
2008 4609 2068 4662 τδ

487 4715 844 4791 λοιδορεῖσθαι
876 4711 968 4767 καὶ
1002 4710 1080 4773 εἰς
1109 4708 1168 4762 τὸ
1194 4707 1424 4778 πάσχειν
1452 4705 1661 4771 κακῶς,
1705 4707 1785 4769 είς
1807 4705 1869 4759 τὸ
1900 4705 2067 4777 μηδέ-

489 4832 620 4869 ποτε
652 4813 929 4875 ἀναπνεῖν,
955 4810 1035 4873 είς
1058 4807 1118 4860 τὸ
1144 4804 1418 4877 μηδεμίαν
1447 4803 1590 4875 ἔχειν
1618 4805 1923 4876 ἀνακωχήν.
1959 4805 2068 4859 Kal

488 4912 601 4963 ὅσοι
635 4911 918 4979 νήφουσιν,
945 4906 1008 4958 ού
1038 4904 1197 4974 μόνον
1236 4902 1388 4956 οὐδὲν
1428 4901 1679 4955 ἐντεῦθεν
1716 4902 2065 4972 βλάπτονται,

488 5006 624 5063 ἀλλά
650 5005 744 5058 καί⁵
766 5002 1025 5073 μειζόνως
1040 5002 1408 5073 κερδαίνουσι.
1438 5000 1529 5055 Διὸ
1550 5000 1644 5054 καὶ
1660 4999 1899 5066 τούτους,
1931 5000 2067 5073 μετὰ

487 5104 549 5156 τὸ
570 5101 778 5174 μαθεῖν,
807 5100 887 5152 ὅτι
906 5100 1167 5170 ἑστήκασι
1196 5098 1480 5168 γενναίως,
1500 5095 1805 5168 θαυμάζει·
1824 5100 1919 5153 κα)⁸
1942 5098 2068 5170 περὶ

489 5200 692 5271 ἐτέρων
725 5197 782 5250 δὲ
814 5194 987 5249 ταῦτα
1015 5193 1181 5262 λέγει,
1205 5197 1287 5249 ὅτι
1317 5196 1453 5267 μετά
1483 5195 1551 5250 τά
1583 5196 1756 5267 δεσμά
1789 5195 1953 5249 αὐτοῦ
1974 5194 2068 5247 καὶ

487 5299 585 5360 τας
621 5294 839 5357 ἁλύσεις
862 5291 1263 5365 περισσοτέρως
1290 5293 1530 5364 ἐτόλμων
1551 5293 1767 5363 ἀφόϐως
1798 5292 2068 5360 τὸνλόγον

486 5393 687 5446 λαλεῖν.
724 5392 791 5444 Τί
817 5392 906 5444 δαὶ
939 5391 1031 5444 ἐπὶ
1055 5391 1354 5454 Μωῦσέως,
1386 5392 1504 5445 εἰπέ
1542 5409 1659 5462 μοι;
1689 5394 1745 5444 ἐν
1771 5391 1911 5463 μέσῃ
1935 5389 2063 5459 βαρ-

489 5493 673 5560 ϐαρων
700 5485 854 5559 χώρᾳ
873 5484 973 5540 οὐκ
996 5487 1205 5556 ἀφῆκεν
1227 5489 1256 5540 6
1280 5486 1412 5550 Θεὸς
1440 5489 1531 5540 καὶ
1559 5487 1769 5557 μάγους
1796 5487 1863 5540 τὰ
1890 5484 2069 5539 αὐτῶν

488 5583 892 5652 ἐπιδείξασθαι;
920 5582 1042 5653 οὐχὶ
1064 5582 1158 5636 καὶ
1172 5581 1377 5652 ταύτης
1403 5583 1674 5655 μέμνηται
1698 5584 1797 5653 τῆς
1829 5583 2069 5653 ἱστορίας

552 5721 579 5751 ³
603 5717 751 5771 Savil.
774 5719 825 5768 in
841 5730 997 5782 marg.
1020 5715 1155 5767 addit
1174 5716 1285 5772 τοὺς
1321 5716 1480 5774 λαούς.

1198 254 1255 309 ε.
1295 256 1585 315 JOANNIS
1623 255 2122 316 CHRYSOSTOMI
2157 256 2485 318 ARCIIIEP.
2519 259 3072 316 CONSTANTINOP.

3641 262 3746 316 529

2159 396 2187 447 6
2221 396 2464 464 Παῦλος;
2504 400 2615 452 Ὃν
2638 400 2861 467 τρόπον
2909 399 2977 450 δὲ
3027 395 3264 465 Ἰαννῆς
3290 397 3385 449 καί
3432 396 3742 466 Ἰαμϐρῆς,

2161 494 2345 563 φησὶν,
2378 494 2767 564 ἀντέστησαν
2786 494 3046 557 Μωῢσεῖ,
3079 493 3233 547 οὕτω
3257 493 3356 546 καὶ
3387 490 3552 549 οὗτοι
3585 495 3752 549 ἀντι-

2161 590 2495 659 στήσονται
2531 591 2603 660 τῇ
2642 592 2911 660 ἀληθείᾳ.
2961 582 3130 654 Οὗτος
3192 588 3452 642 οὐδέποτε
3484 590 3732 645 ἐπέλιπεε

2161 686 2285 741 οὕτε
2319 688 2387 742 τά
2422 688 2715 756 σκάνδαλα,
2742 687 2863 742 οὔτε
2890 686 3379 760 οἱστεφανούμενοι
3407 688 3494 742 διὰ
3517 688 3745 743 τούτων.

2162 784 2325 837 Ταῦτ’
2350 780 2442 839 οὖν
2482 786 2696 840 ἅπαντα
2726 784 2959 854 λογίζου,
2982 784 3075 837 καὶ
3104 784 3178 856 μὴ
3207 785 3384 839 ταῦτα
3402 785 3580 855 μόνον,
3612 784 3749 838 ἀλλά

2162 883 2258 934 καὶ
2290 882 2413 936 ὅσον
2438 882 2627 954 κέρδος
2648 881 2757 935 ἀπὸ
2781 880 2872 935 τοῦ
2903 881 3229 951 πράγματος
3259 882 3472 946 γέγονε.
3507 883 3749 936 Κάκεῖνο

2165 980 2388 1045 σκόπει,
2434 980 2517 1032 ὃτι
2564 980 2659 1033 καὶ
2698 977 2875 1049 ’έτεροί
2914 976 3059 1042 τινές
3088 979 3227 1030 εἰσιν
3255 976 3561 1049 ἀπόρρητοι
3596 977 3746 1045 λόγοι

2161 1075 2397 1129 τούτων’
2431 1075 2491 1127 ού
2518 1074 2628 1147 γὰρ
2655 1076 2833 1129 πάντα
2861 1074 3058 1128 εἰδέναι
3081 1076 3230 1145 ἡμᾶς
3256 1074 3479 1128 δυνατόν
3501 1093 3514 1105 ·
3548 1075 3642 1127 καὶ
3664 1075 3744 1129 ὅτι

2163 1173 2230 1226 τά
2257 1174 2599 1246 χρηστότερα
2632 1175 3003 1246 ἀπαντήσεται
3039 1173 3178 1244 μετὰ
3200 1172 3395 1239 ταῦτα,
3425 1173 3519 1227 καὶ
3548 1172 3746 1227 πλείων

2164 1272 2197 1342 ἡ
2226 1271 2652 1343 παραδοξοποιία
2673 1290 2686 1302 ·
2725 1271 2913 1344 ὥσπερ
2952 1267 3044 1325 οὖν
3071 1273 3164 1325 ἐπὶ
3208 1271 3303 1325 τοῦ
3346 1271 3545 1343 Ἰωσὴφ
3579 1272 3612 1341 ἡ
3645 1270 3745 1341 μὲν

2163 1367 2308 1441 ἀρχὴ
2359 1368 2641 1423 δυσκολίαν
2684 1364 2832 1439 εἶχε,
2892 1370 2987 1422 καὶ
3024 1369 3183 1440 μέχρι
3228 1368 3424 1422 πολλοῦ
3460 1367 3652 1439 προῄει
3679 1367 3747 1421 τὰ

2164 1466 2486 1539 πράγματα,
2515 1466 2847 1529 ἀπεναντίας
2877 1463 3015 1520 εἶναι
3037 1465 3297 1519 δοκοῦντα
3322 1467 3387 1536 τῇ
3418 1465 3743 1535 ὑποσχέσειο

2165 1563 2391 1634 ὕστερον
2438 1562 2495 1615 δὲ
2539 1561 2758 1633 μείζονα
2808 1562 2916 1616 τῶν
2974 1562 3455 1633 προσδοκηθέντων
3499 1562 3749 1632 ἐγένετο.

2163 1659 2273 1713 Kal
2306 1658 2399 1711 ἐπὶ
2426 1656 2519 1712 τοῦ
2556 1657 2791 1729 σταυροῦ
2829 1658 2886 1712 δὲ
2918 1658 3020 1711 οὐκ
3055 1658 3279 1723 εὐθέως,
3322 1658 3443 1712 ούδέ
3474 1661 3531 1712 ἐν
3557 1675 3745 1731 προομ

2167 1756 2311 1827 μίοις
2350 1756 2445 1809 καὶ
2473 1757 2531 1808 ὲν
2558 1756 2703 1827 ἀρχῇ
2736 1756 2797 1809 τὸ
2831 1754 3161 1827 κατόρθωμα
3200 1755 3346 1809 ἆπαν
3381 1754 3744 1826 ἐϐλάστησεν.

2163 1852 2298 1907 ἀλλά
2321 1854 2380 1905 τὸ
2411 1852 2509 1923 μὲν
2538 1851 2833 1906 σκάνδαλον
2856 1851 3071 1923 προῄει,
3102 1853 3194 1906 καὶ
3220 1852 3376 1921 ὀλίγα
3403 1850 3525 1905 τινὰ
3547 1851 3743 1920 γέγονε

2164 1954 2363 2023 σημεῖα
2418 1949 2693 2020 θαύματος
2739 1950 2923 2004 ἕνεκεν
2975 1949 3196 2022 καὶτῆς
3242 1947 3581 2022 διορθώσεως
3635 1947 3749 2001 τῶν

2161 2049 2333 2104 ταῦτα
2360 2049 2768 2121 τολμησάντων,
2817 2050 2912 2103 καὶ
2967 2048 3170 2112 εὐθέως
3212 2048 3427 2102 ἅπαντα
3465 2047 3739 2120 παρέδρα-

2167 2165 2285 2218 μεν.
2312 2146 2373 2201 El
2402 2144 2510 2220 γὰρ
2552 2147 2644 2201 καὶ
2672 2148 2733 2200 τὸ
2762 2147 3162 2217 καταπέτασμα
3206 2147 3428 2219 ἐσχίσθη
3479 2144 3573 2198 τοῦ
3615 2143 3744 2198 ναοῦ

2160 2244 2302 2307 τότε,
2354 2244 2449 2298 καί¹
2498 2246 2695 2315 πέτραι
2725 2244 3066 2316 ἐρράγησαν,
3096 2242 3188 2297 καὶ
3238 2243 3392 2314 ἦλιος
3432 2241 3743 2311 ἐσκοτίσθη.

2162 2342 2300 2397 ἀλλά
2334 2342 2507 2397 ταῦτα
2540 2344 2596 2395 ἐν
2637 2343 2737 2414 μιᾷ
2768 2341 2955 2413 ἡμέρᾳ
2984 2342 3077 2394 καὶ
3117 2343 3175 2394 ἐν
3200 2340 3340 2413 λήθῃ
3369 2341 3560 2410 γέγονε
3593 2340 3745 2411 παρά

2160 2442 2273 2503 τοῖς
2298 2438 2530 2502 πολλοῖς.
2565 2438 2719 2492 Μετά
2745 2437 2994 2491 δὲταῦτα
3025 2437 3227 2500 εὐθέως
3256 2438 3313 2490 ἐν
3353 2438 3498 2507 φυγῇ
3524 2438 3573 2489 οί
3604 2434 3743 2490 ἀπό-

2163 2535 2358 2594 στολοι,
2384 2536 2441 2588 ἐν
2468 2533 2670 2601 διώξει,
2703 2536 2763 2588 ἐν
2808 2535 3090 2605 πολέμοις,
3123 2535 3180 2588 ἐν
3214 2532 3551 2599 ἐπιϐουλαῖς,
3612 2530 3741 2583 λαν-

2164 2634 2435 2698 θάνοντες,
2490 2633 2879 2705 κρυπτόμενοι,
2920 2633 3241 2701 δεδοικότες,
3296 2631 3742 2702 καταλευόμενοι,

2161 2729 2305 2783 οὓτω
2334 2729 2425 2784 τὸν
2457 2729 2614 2799 λόγον
2652 2730 2950 2800 ἐκήρυττον
2970 2745 2984 2760 ⁶
3021 2730 3116 2784 καὶ
3160 2730 3218 2783 ἐν
3245 2729 3533 2801 δυναστεία
3576 2726 3745 2799 πολλῇ

2161 2824 2270 2880 τῶν
2327 2826 2596 2880 Ἰουδαίων
2649 2828 2679 2880 6
2724 2825 2931 2897 δῆμος,
2987 2826 3230 2895 ἀγόντων
3256 2866 3270 2888 ,
3326 2824 3703 2897 περιαγόντων
3729 2863 3744 2887 ,

2166 2921 2896 2998 ἑλκόντων,σπαραττόντων
2913 2923 3040 2987 τοὺς
3083 2922 3457 2985 πιστεύοντας.
3496 2919 3606 2974 Kal
3638 2918 3746 2991 γὰρ

2161 3019 2289 3083 τοὺς
2325 3019 2593 3090 ἄρχοντας
2632 3017 2751 3089 μεθ’
2794 3016 3005 3072 ἑαυτῶν
3053 3018 3266 3088 ἔχοντες
3289 3060 3305 3086 ,
3349 3017 3468 3072 καθ’
3508 3017 3746 3085 ἐκάστην

2161 3110 2298 3187 ἦγον
2347 3117 2441 3169 καὶ
2482 3114 2748 3186 περιῆγον
2789 3115 2918 3178 τοὺς
2962 3115 3316 3178 ἀποστόλους.
3357 3114 3468 3168 Kal
3512 3113 3566 3166 τί
3605 3112 3749 3181 λέγω

2162 3212 2271 3266 τῶν
2304 3212 2570 3267 Ἰουδαίων
2603 3212 2693 3266 τὸν
2722 3211 2893 3283 δῆμον
2931 3213 3027 3267 καὶ
3056 3213 3352 3284 άρχονταςς
3387 3205 3484 3273 Εἷς
3516 3214 3750 3281 σκηνορ-

2166 3309 2356 3379 ράφος,
2413 3308 2541 3379 περὶ
2592 3307 2838 3380 δέρματα
2888 3308 3297 3379 ἠσχολημένος,
3334 3308 3364 3360 6
3407 3304 3622 3369 Παῦλος
3659 3304 3749 3375 (τί

2163 3404 2219 3458 δέ
2251 3405 2629 3476 σκηνορῤάφου
2681 3404 3129 3477 εύτελέστερονς)
3185 3402 3421 3475 τοσαύτῃ
3480 3402 3752 3473 ἐκέχρητο

2163 3505 2231 3573 τῇ
2264 3502 2452 3572 μανία,
2469 3502 2545 3565 ώς
2576 3500 2760 3573 σύρειν
2785 3500 2984 3573 ἄνδρας
3009 3502 3102 3555 καὶ
3129 3502 3417 3570 γυναῖκας,
3445 3499 3542 3551 καὶ
3565 3514 3751 3570 παρα-

2163 3599 2362 3653 διδόναι
2383 3600 2462 3663 είς
2493 3599 2741 3669 φυλακήν
2756 3616 2769 3631 ·
2798 3599 2891 3653 καὶ
2906 3601 2934 3653 ό
2958 3615 3089 3652 σταυ
3099 3596 3293 3670 ρωθεὶς
3310 3596 3557 3667 ἠνείχετο
3573 3595 3754 3649 ταῦτα

2164 3698 2327 3772 όρῶν.
2368 3699 2531 3754 Ἀλλά
2552 3702 2653 3771 ὅρα
2687 3700 2803 3765 πῶς
2836 3699 2976 3772 μετὰ
2999 3698 3173 3754 ταῦτα
3192 3689 3347 3761 οὗτός
3374 3714 3433 3750 τε
3460 3698 3489 3750 6
3512 3693 3755 3766 διώκτης

2166 3796 2375 3860 πάντας
2429 3797 2858 3871 ὑπερηκόντισε,
2900 3797 2995 3851 καὶ
3051 3798 3114 3850 τὸ
3169 3797 3402 3869 πρᾶγμα
3456 3794 3598 3865 ὑπὲρ
3657 3794 3755 3847 τὸν

2163 3894 2315 3968 ῆλιον
2343 3894 2623 3966 διέλαμψε,
2659 3895 2752 3948 καὶ
2783 3895 2963 3948 πᾶσαν
2992 3892 3221 3964 κατέσχε
3265 3891 3363 3964 τὴν
3397 3890 3754 3962 οἰκουμένην.

2239 4019 2379 4087 Κεφ.
2408 4015 2515 4072 κα’.
2547 4018 2610 4071 El
2635 4016 2693 4070 δὲ
2723 4015 2921 4085 λέγοις,
2950 4016 3061 4070 Kal
3092 4017 3236 4079 τίνος
3256 4015 3440 4071 ἕνεκεν
3470 4015 3564 4070 καὶ
3596 4016 3656 4068 ἐν
3680 4017 3752 4086 τῇ

2167 4114 2383 4185 nam;
2416 4115 2510 4168 καὶ
2535 4114 2593 4167 ἐν
2621 4116 2690 4183 τῇ
2728 4114 2902 4184 Καινῇ
2931 4111 3177 4166 τοσοῦτοι
3221 4111 3473 4178 κίνδυνοι,
3501 4111 3756 4166 τοσοῦτοι

2167 4211 2482 4281 πειρασμοὶ,
2537 4208 2797 4263 τοσαῦται
2845 4208 3171 4276 ἐπιϐουλαί;
3219 4208 3456 4280 μάνθανε
3511 4208 3607 4263 καὶ
3647 4206 3755 4279 τὴν

2167 4308 2365 4361 αἰτίαν.
2388 4307 2483 4370 Τίς
2497 4303 2641 4377 οὖνὴ
2669 4306 2845 4374 αίτία;
2879 4306 3193 4377 Παλαίστρα
3220 4309 3249 4361 ό
3264 4305 3456 4377 παρὼν
3473 4305 3588 4377 βίος
3608 4307 3754 4371 ἐστὶ,

2166 4407 2467 4476 γυμνάσιον
2494 4406 2589 4459 καὶ
2618 4405 2787 4474 ἀγὼν,
2829 4408 3213 4478 χωνευτήριον,
3268 4404 3490 4475 βαφείον
3522 4404 3752 4473 ἀρετῆς.

2168 4503 2379 4575 ’Ὠσπερ
2406 4499 2498 4557 οὖν
2531 4506 2579 4557 οί
2614 4501 2938 4572 σκυτοδέψαι
2972 4502 3041 4555 τά
3089 4502 3334 4574 δέρματα
3375 4499 3755 4572 λαμϐάνοντες

2170 4601 2434 4671 στύφουσι
2466 4602 2754 4673 πρότερον,
2791 4599 3191 4664 κατατείνουσι,
3225 4598 3449 4653 παίουσι
3469 4597 3565 4651 καὶ
3595 4595 3757 4668 [509]

2167 4708 2366 4778 τοίχοις
2387 4702 2481 4756 καὶ
2495 4700 2665 4765 λίθοις
2686 4700 3159 4772 προσαράσσοντες
3180 4698 3274 4753 καὶ
3291 4697 3504 4771 ἑτέραις
3527 4695 3756 4768 μυρίαις

2169 4802 2487 4876 θεραπείαις
2516 4799 2653 4853 αὐτά
2682 4798 3008 4868 ποιήσαντες
3032 4797 3315 4868 ἐπιτήδεια
3332 4796 3470 4867 πρὸς
3496 4796 3596 4866 τὴν
3627 4796 3758 4849 ὑποκ

2166 4902 2329 4973 δοχὴν
2361 4905 2457 4974 τῆς
2489 4899 2689 4972 βαφῆς,
2727 4897 2871 4952 οὕτω
2901 4897 2962 4951 τὸ
2988 4897 3185 4969 χρῶμα
3214 4896 3276 4949 τὸ
3299 4896 3481 4966 τίμιον
3508 4895 3755 4963 ἐπάγου-

2172 5017 2286 5054 σιν’
2335 4999 2390 5052 οῖ
2434 5015 2493 5053 τε
2546 4995 2833 5069 χρυσοχόοι
2861 4995 2924 5048 τὸ
2953 4994 3175 5065 χρυσίον
3205 4995 3283 5057 εἰς
3310 4991 3371 5047 τὸ
3400 4992 3509 5064 πῦρ
3550 4992 3757 5063 ἐμϐάλ-

2168 5101 2372 5166 λοντες,
2400 5101 2464 5169 τῇ
2499 5098 2715 5169 βασάνῳ
2744 5097 2843 5168 τῆς
2884 5096 3115 5167 καμίνου
3158 5093 3567 5167 παραδιδόασιν,
3608 5092 3757 5146 ὥστε

2171 5198 2395 5268 ποιῆσαι
2427 5192 2818 5266 καθαρώτατον
2838 5211 2850 5224 ·
2884 5194 2938 5246 οἴ
2962 5211 3020 5246 τε
3050 5192 3415 5263 παιδοτρίϐαι,
3465 5192 3522 5244 ἐν
3553 5193 3619 5262 τῇ
3650 5207 3758 5245 πα-

2168 5294 2401 5364 λαίστρα
2428 5290 2644 5354 πολλοῖς
2683 5291 2869 5355 πόνοις
2895 5292 3022 5353 τοὺς
3051 5289 3350 5353 ἀθλοῦντας
3381 5288 3754 5360 γυμνάζουσι.

2167 5390 2277 5443 τῶν
2303 5386 2613 5440 ἀντιπάλων
2636 5387 2993 5459 σφοδρότερον
3020 5388 3207 5450 αὐτοῖς
3239 5386 3634 5457 ἐμπίπτοντες,
3667 5385 3761 5437 ἵνα

2169 5487 2229 5539 ἐν
2274 5487 2342 5555 τῇ
2377 5485 2655 5556 γυμνασίᾳ
2691 5484 2752 5538 τδ
2782 5488 2890 5539 πᾶν
2928 5484 3375 5557 κατορθώσαντες
3407 5485 3465 5538 ἐν
3497 5483 3612 5544 τοῖς
3643 5480 3765 5533 τῶν

2169 5582 2504 5636 διδασκάλων
2527 5583 2795 5655 σώμασιν,
2829 5583 3055 5636 ἐπὶτῶν
3088 5581 3316 5651 ἀγώνων
3351 5581 3637 5653 εὐτρεπεῖς
3652 5572 3763 5634 ὦσι

2174 5680 2271 5735 κα)⁸
2299 5680 2811 5753 παρεσκευασμένοι
2844 5680 2982 5753 πρὸς
3014 5679 3115 5745 τὰς
3160 5678 3332 5745 λαϐὰς
3377 5677 3486 5733 τῶν
3514 5672 3755 5748 ἐχθρῶν.
