4030 6206
497 280 609 337 593

503 410 718 468 quoque
766 393 892 450 facit
939 393 994 448 in
1043 392 1141 448 hac
1183 390 1290 445 vita
1326 391 1495 454 Deus,
1554 389 1680 444 dum
1741 389 1974 444 animam
2021 388 2087 443 ad

497 489 750 543 virtutem
779 496 955 556 aptam
987 484 1096 539 vult
1125 481 1348 538 reddere
1385 497 1399 536 :
1428 480 1730 553 adstringit,
1773 490 1828 536 et
1872 479 2090 545 condat,

499 589 562 634 et
602 578 948 634 aﬂlictionum
988 573 1150 628 tradit
1187 573 1453 637 examini,
1513 581 1570 627 ut
1613 571 1980 642 pusillanimes
2031 586 2094 626 ac

507 667 716 722 remissi
755 666 1166 734 adstringantur,
1198 673 1254 718 et
1289 663 1378 733 qui
1411 662 1616 732 probati
1656 671 1782 716 sunt
1821 661 2093 732 probatio-

507 774 594 815 res
638 757 902 824 evadant,
958 769 1058 810 nec
1093 754 1164 810 ab
1205 755 1329 810 ullis
1371 753 1675 809 daemonum
1719 753 1959 818 insidiis,
2003 760 2096 808 aut

507 849 702 906 diaboli
747 849 950 920 laqueis
995 847 1237 918 superari
1266 845 1490 916 possint,
1541 844 1636 900 sed
1679 859 1868 900 omnes
1906 843 2094 898 admo-

504 948 630 1001 dum
683 945 858 1001 tdonei
901 944 968 998 ad
1011 944 1184 998 futura
1228 942 1366 996 bona
1408 939 1744 1009 suscipienda
1784 937 2090 994 reddantur.

508 1039 600 1092 \‘ir
641 1037 804 1102 enim,
831 1036 1024 1106 inquit,
1068 1034 1155 1105 qui
1207 1047 1315 1086 non
1363 1039 1445 1086 est
1487 1039 1740 1096 tentatus,
1769 1045 1873 1084 non
1906 1029 2094 1099 proba-

506 1142 588 1186 tus
615 1139 700 1184 est
731 1145 744 1184 :
778 1139 834 1184 et
877 1127 1092 1192 Paulus,
1141 1125 1422 1180 Tribulatio
1469 1123 1761 1194 patientiam
1807 1130 2048 1193 operatur
2074 1136 2094 1174 :

508 1222 750 1290 patientia
780 1234 897 1276 vero
924 1218 1272 1290 probationem
1319 1215 1495 1286 (Rom.
1530 1214 1584 1268 5.
1616 1215 1670 1269 5.
1703 1214 1783 1285 4).
1833 1211 2094 1268 Toleran-

507 1316 671 1372 tiores
700 1315 859 1384 igitur
883 1320 938 1368 et
967 1311 1312 1382 patientiores
1339 1309 1526 1363 volens
1552 1306 1797 1372 reddere,
1829 1305 2092 1360 nomisma

505 1409 636 1464 sinit
659 1407 909 1464 omnibus
926 1405 1096 1459 modis
1122 1402 1404 1474 explorari.
1431 1401 1538 1456 llac
1565 1400 1634 1456 de
1653 1415 1814 1454 causa
1841 1397 1942 1453 Job
1966 1413 2097 1468 quo-

509 1516 612 1572 que
632 1500 740 1570 pati
769 1497 1012 1569 permisit
1041 1511 1102 1550 ea
1132 1511 1252 1565 qua:
1283 1509 1470 1564 passus
1496 1501 1598 1556 est,
1628 1501 1687 1545 ut
1711 1489 1984 1560 probatior
2003 1503 2099 1558 ap-

510 1599 758 1663 pareret,
810 1598 868 1644 et
909 1587 1107 1642 diaboli
1152 1601 1214 1641 os
1257 1585 1603 1649 oceluderet;
1642 1590 1925 1654 propterea
1977 1597 2100 1652 per-

511 1685 656 1740 misit
693 1693 747 1739 et
793 1681 1088 1752 apostolos,
1135 1687 1192 1734 ut
1240 1685 1296 1733 et
1339 1677 1414 1732 illi
1466 1677 1716 1732 fortiores
1770 1674 2096 1739 evaderent,

509 1787 569 1832 et
623 1775 814 1830 virium
863 1787 1080 1827 suarum
1135 1770 1234 1825 hac
1274 1769 1480 1824 ratione
1535 1767 1806 1838 specimen
1856 1766 2096 1821 ederent.

511 1866 642 1924 Nam
685 1875 741 1922 et
779 1867 894 1920 hazc
925 1873 1009 1920 est
1041 1877 1202 1917 causa
1247 1876 1354 1916 non
1393 1861 1602 1930 exigua.
1643 1860 2000 1927 Quamobrem
2046 1866 2102 1913 et

511 1957 676 2013 Paulo
713 1957 947 2026 quietem
997 1968 1061 2007 ac
1104 1951 1488 2006 relaxationem
1535 1965 1565 2004 a
1608 1950 1764 2004 malis
1813 1949 2100 2019 postulanti

511 2049 716 2106 dicebat
740 2091 755 2116 ,
797 2047 993 2118 Sufficit
1043 2045 1132 2099 tibi
1157 2044 1323 2116 gratia
1349 2059 1462 2097 mea
1488 2057 1508 2097 :
1539 2059 1659 2096 nam
1685 2043 1843 2097 virtus
1891 2057 2004 2097 mea
2047 2041 2102 2094 in

512 2141 802 2212 infirmitate
826 2139 1087 2210 perﬁcitur
1115 2138 1192 2205 (ἰ.
1221 2134 1342 2191 Cor.
1379 2137 1467 2191 12.
1498 2135 1580 2206 9).

584 2235 716 2290 Car.
774 2231 937 2288 XXII.
985 2231 1289 2302 Afflictiones
1329 2245 1430 2283 non
1485 2228 1636 2282 modo
1699 2244 1799 2282 non
1847 2227 2105 2282 scanduli-

515 2342 652 2392 sare,
683 2326 770 2380 sed
795 2335 841 2377 et
867 2321 1104 2393 prodesse
1137 2321 1239 2375 illis
1264 2320 1351 2389 qui
1375 2336 1440 2374 ea:
1468 2335 1611 2389 a'quo
1631 2327 1676 2372 et
1702 2319 1830 2372 bono
1847 2319 2100 2389 judicent,

515 2423 614 2474 sint
639 2419 752 2472 licet
781 2415 1024 2471 Gentiles.
1064 2445 1126 2455 —
1160 2413 1434 2484 Siquidem
1462 2413 1534 2467 illi
1563 2411 1652 2483 qui
1679 2411 1916 2466 nondum
1944 2411 2104 2466 [idem

518 2509 874 2566 Christianam
920 2514 1044 2561 sunt
1091 2504 1344 2574 amplexi,
1390 2503 1617 2575 amplius
1647 2503 1771 2559 inde
1811 2504 2101 2570 lucrantur,

518 2602 563 2658 si
595 2601 778 2672 vigiles
815 2598 1012 2654 fuerint
1037 2608 1092 2654 et
1121 2598 1331 2652 attenti.
1361 2596 1495 2652 Cum
1525 2597 1666 2651 enim
1693 2611 1788 2651 eos
1817 2597 2025 2667 injuriis
2052 2605 2108 2652 et

517 2691 856 2749 contumeliis
883 2689 1023 2746 afﬁci
1050 2689 1312 2756 viderent,
1343 2689 1396 2743 in
1427 2702 1696 2743 carcerem
1725 2687 1938 2758 conjici,
1981 2703 2106 2758 pro-

519 2785 630 2841 bris
686 2782 936 2847 onerari,
987 2780 1190 2836 insidiis
1234 2780 1562 2851 Oppugnari,
1613 2778 1788 2850 capite
1832 2780 2101 2845 truncari,

519 2875 698 2937 exuri,
733 2873 786 2928 in
827 2887 976 2928 mare
1017 2870 1276 2941 demergi,
1319 2884 1492 2940 neque
1519 2870 1641 2925 ullis
1669 2871 1932 2940 ejusmodi
1953 2871 2108 2926 malis

521 2965 736 3030 cedere,
767 2963 939 3033 cogita
968 2971 1222 3032 quantam
1252 2962 1307 3018 in
1332 2961 1738 3017 admirationem
1771 2961 2112 3020 traducerent

521 3062 852 3126 spectatores
880 3067 1005 3108 suos
1033 3067 1152 3108 cum
1175 3051 1335 3115 illius.
1365 3059 1476 3106 tum
1506 3049 1665 3122 hujus
1690 3053 1947 3123 temporis
1973 3067 2110 3123 pra:-

522 3144 839 3210 stautissimi
868 3144 1082 3198 athletae
1115 3143 1224 3198 isti.
1270 3143 1453 3213 Itaque
1481 3157 1589 3198 non
1614 3143 1773 3200 modo
1800 3144 2108 3199 scandalum

523 3239 729 3296 nullum
757 3238 971 3310 pariunt
1000 3237 1102 3292 illis
1125 3237 1216 3308 qui
1242 3235 1424 3307 vigiles
1449 3244 1574 3292 sunt
1599 3244 1654 3291 ct
1677 3238 1886 3305 attenti,
1909 3251 1972 3293 ea
1992 3253 2111 3308 quas

525 3330 792 3398 accidunt,
842 3329 938 3385 sed
987 3329 1150 3386 etiam
1194 3327 1455 3384 doctrina:
1498 3327 1721 3397 majori:
1756 3328 2112 3400 adipiscendae

524 3425 863 3480 occasionem
891 3423 996 3478 illis
1020 3420 1289 3476 adferunt.
1337 3419 1540 3476 idcirco
1569 3420 1764 3476 Paulus
1806 3423 1967 3476 etiam
2010 3421 2113 3477 huc

525 3517 624 3572 sibi
673 3515 875 3571 dictum
917 3512 1158 3580 audivit,
1225 3511 1392 3568 Virtus
1421 3529 1532 3567 mea
1575 3512 1630 3567 in
1657 3513 1953 3582 infirmitate
1993 3529 2112 3584 per-

527 3609 718 3680 ficitur.
753 3607 866 3663 Hoc
891 3617 948 3664 et
979 3607 1034 3662 in
1063 3605 1246 3662 Veteri
1270 3616 1328 3662 et
1355 3605 1407 3660 in
1436 3604 1586 3661 Novo
1612 3605 1959 3661 Testamento
1986 3622 2112 3677 spe-

525 3712 674 3758 ctare
720 3701 863 3756 licet.
929 3698 1208 3770 Perpende
1257 3712 1486 3767 namque
1535 3697 1803 3768 quomodo
1862 3697 2110 3754 affectum

527 3795 694 3852 fuisse
738 3791 1317 3850 Nabuchodonosorem
1374 3789 1662 3846 verisimile
1707 3790 1816 3857 sit,
1869 3806 1898 3844 a
1947 3789 2116 3846 tribus

529 3888 730 3960 pueris,
774 3886 966 3952 servis,
1029 3884 1270 3954 captivis,
1318 3883 1662 3954 compedibus
1701 3883 1911 3950 vinctis,
1961 3882 2116 3938 ﬂam-

528 3981 631 4037 mis
677 3979 953 4050 expositis,
1005 3986 1153 4034 tanto
1194 3976 1430 4032 exercitu
1472 3983 1746 4046 spectante
1783 3983 2114 4046 superatum,

529 4071 696 4140 utqui
737 4069 836 4124 tria
875 4083 1100 4139 corpora
1129 4067 1450 4137 mancipata,
1474 4066 1711 4127 subacta,
1745 4067 1913 4136 patria
1944 4067 2114 4138 pulsa,

529 4161 798 4225 libertate,
831 4159 1057 4223 honore,
1095 4168 1379 4227 potestate,
1419 4159 1660 4228 pecuniis
1687 4161 1931 4228 spoliata,
1964 4160 2120 4230 longe

527 4272 558 4311 a
616 4251 927 4324 propinquis
965 4251 1254 4307 constituta
1296 4268 1402 4306 non
1446 4262 1652 4321 poterat
1706 4255 1936 4309 vincere.
1965 4253 2118 4322 Quod

531 4347 576 4404 si
610 4344 868 4417 permissa
897 4343 983 4398 illa
1027 4358 1131 4397 non
1178 4341 1366 4398 fuisset
1393 4345 1622 4411 exustio,
1666 4354 1774 4400 tam
1800 4346 2117 4416 przeclarum

532 4436 815 4508 praemium
843 4450 947 4490 non
971 4433 1347 4497 obtinuissent,
1396 4449 1495 4490 nec
1536 4434 1608 4489 ita
1655 4437 1986 4505 splendidam
2029 4453 2124 4493 co-

531 4543 721 4586 ronam
764 4526 942 4597 adepti
988 4534 1192 4581 essent.
1245 4525 1520 4595 Perpende
1559 4529 1827 4598 quomodo
1872 4529 2116 4586 affectum

535 4623 700 4679 fuisse
741 4617 1028 4674 verisimile
1066 4627 1149 4673 est
1188 4617 1453 4672 Herodem
1501 4618 1884 4688 reprehensum
1929 4636 1960 4676 a
1999 4622 2119 4676 viu-

533 4729 640 4788 cto,
685 4731 806 4772 cum
853 4722 1095 4770 cerneret
1133 4713 1264 4768 nihil
1307 4727 1428 4768 eum
1468 4713 1536 4768 de
1583 4714 1831 4784 loquendi
1873 4716 2120 4773 libertate

536 4818 753 4880 propter
803 4814 1044 4862 catenam
1091 4805 1384 4870 remittere,
1424 4803 1518 4860 sed
1553 4805 1724 4860 occidi
1752 4807 1930 4876 malle,
1961 4824 2119 4880 quam

539 4897 948 4968 pulcherrimam
980 4896 1123 4951 illam
1149 4894 1318 4954 libere
1343 4895 1593 4966 loquendi
1623 4898 1926 4956 facultatem
1956 4905 2122 4956 'amit-

537 4999 669 5045 tere.
700 4989 886 5060 Cogita
915 4990 1031 5060 quis
1055 5006 1122 5045 ex
1145 4989 1450 5046 hominibus
1473 4990 1614 5046 illius
1639 4993 1830 5060 (etatis,
1854 4995 1935 5051 vel
1957 4997 2118 5051 etiam

537 5081 914 5151 consequentis
951 5079 1090 5147 aevi,
1146 5096 1268 5136 cum
1313 5081 1430 5138 bare
1483 5092 1727 5139 cerneret
1775 5094 1831 5140 et
1870 5087 2118 5157 audiret,

540 5172 880 5245 quantumvis
927 5171 1087 5228 deses
1137 5188 1200 5228 ac
1244 5175 1500 5231 remissus
1528 5185 1692 5244 esset,
1729 5187 1784 5232 at
1815 5181 2010 5250 exiguo
2041 5192 2120 5235 ta-

540 5280 662 5320 men
689 5263 893 5334 judicio
942 5263 1165 5330 valeret,
1221 5279 1328 5320 non
1366 5280 1630 5323 summam
1670 5269 1949 5326 utilitatem
1999 5273 2122 5328 inde

538 5355 867 5424 decerperet.
919 5353 1038 5409 Noli
1089 5354 1234 5410 enim
1294 5355 1422 5411 mihi
1482 5373 1906 5417 commemorare
1952 5363 2124 5418 scele-

545 5455 686 5502 ratos
734 5455 790 5500 et
837 5445 1029 5500 stultos
1076 5444 1343 5512 homines,
1393 5449 1670 5516 socordes,
1723 5458 1866 5506 totos
1911 5454 2123 5523 corpori

543 5535 807 5593 curandos
834 5534 1095 5600 addictos,
1149 5552 1211 5591 ac
1236 5536 1376 5592 foliis
1403 5538 1652 5596 leviores.
1695 5542 1782 5598 Isti
1831 5545 1972 5598 enim
2017 5560 2122 5600 non

550 5629 632 5686 his
654 5629 848 5697 solum,
875 5626 969 5684 sed
989 5641 1049 5682 re
1071 5627 1276 5696 quavis,
1307 5643 1426 5697 qua:
1456 5631 1728 5699 acciderit,
1753 5633 2121 5691 offenduntur:

546 5739 650 5781 non
674 5721 830 5779 aliter
854 5734 917 5777 ac
943 5718 1174 5792 populus
1199 5717 1526 5792 Judaeorum,
1580 5724 1669 5794 qui
1695 5735 1897 5782 etcum
1925 5742 2122 5784 manna

1235 275 1292 331 S.
1331 272 1608 330 JOANNIS
1645 269 2116 329 CllBYSOS'l'Olll
2155 269 2471 328 ARCHIEP.
2511 267 3046 328 CONSTANTINOP.

3685 270 3795 326 594

2204 387 2530 454 comederet,
2582 398 2636 444 et
2690 403 2812 444 cum
2861 403 3076 457 panem,
3137 387 3334 456 pariter
3381 399 3628 443 morosus
3677 396 3790 442 erat

2201 488 2257 536 et
2301 479 2689 547 offendebatur,
2721 478 2832 536 sive
2863 479 2914 534 in
2937 477 3168 550 .‘Egypto
3196 486 3358 545 esset,
3389 477 3502 533 site
3525 476 3594 531 ab
3623 476 3791 551 Egy-
3892 461 3904 472 ’

2206 580 2299 641 pto
2342 571 2621 634 liberatus,
2696 571 2812 625 sive
2858 570 3071 625 adesset
3109 567 3350 640 Moyses,
3403 568 3518 623 sive
3560 570 3791 626 abesset.

2207 661 2400 716 Verum
2436 661 2555 716 illos
2595 661 2646 715 in
2697 661 2930 717 medium
2971 661 3100 714 mihi
3145 659 3444 730 producito,
3489 661 3580 731 qui
3629 663 3793 716 sobrii

2202 764 2357 810 erant
2385 763 2441 810 et
2467 753 2693 826 vigiles;
2750 765 2804 810 et
2829 770 2948 809 cum
2975 755 3156 808 animo
3184 763 3274 809 tuo
3303 763 3511 824 reputa,
3541 765 3795 824 quantam

2204 844 2348 915 ipsos
2390 845 2667 916 probabile
2705 845 2775 900 sit
2813 846 3096 900 utilitatem
3134 845 3258 900 inde
3300 845 3622 915 percepisse,
3670 861 3793 901 cum

2204 935 2435 990 animam
2481 946 2818 991 constantem
2867 947 3170 1003 cernerent,
3220 945 3454 991 mentem
3501 937 3790 1006 invictam,

2205 1026 2439 1097 linguam
2469 1028 2703 1082 maxima
2727 1029 2974 1084 libertate
2999 1028 3252 1099 loquendi
3278 1028 3586 1100 praeditam,
3618 1029 3794 1085 homi-

2203 1131 2327 1173 nem
2355 1117 2554 1175 deserti
2598 1119 2846 1185 incolam,
2873 1135 3053 1190 regem
3081 1135 3354 1190 superare,
3393 1121 3626 1177 vinctum
3651 1136 3794 1188 esse,

2205 1223 2304 1264 nec
2348 1217 2526 1266 tamen
2575 1210 2770 1267 cedere
2800 1212 2852 1278 ί,
2894 1212 3067 1282 capite
3113 1213 3383 1277 truncari,
3435 1228 3537 1268 nec
3585 1213 3794 1270 silere:

2203 1297 2301 1356 sed
2340 1315 2408 1356 ne
2460 1300 2546 1356 hic
2573 1301 2787 1372 quidem
2816 1302 3071 1370 subsiste,
3102 1319 3288 1358 verum
3315 1319 3378 1359 ea
3419 1319 3540 1375 qua:
3569 1313 3795 1376 sequuta

2204 1401 2369 1458 sunt,
2417 1391 2684 1446 examina.
2736 1391 2911 1462 Caput
2951 1394 3248 1464 amputavit
3284 1393 3524 1450 llerodes
3549 1435 3563 1459 ,
3622 1396 3798 1465 capite

2207 1493 2479 1540 truncatus
2521 1494 2605 1541 est
2636 1484 2893 1540 Joannes.
2925 1484 3056 1552 Quis
3081 1501 3209 1556 ergo
3239 1485 3429 1541 beatus
3455 1485 3524 1542 ab
3549 1487 3800 1541 omnibus

2207 1576 2562 1645 prmdicatur?
2588 1577 2707 1648 quis
2734 1577 3022 1634 imitandus
3047 1578 3390 1648 praponitur?
3418 1578 3538 1649 quis
3561 1578 3797 1634 celebra

2208 1667 2334 1726 tur?
2375 1668 2492 1738 quis
2513 1672 2845 1726 coronatur?
2888 1669 3006 1741 quis
3048 1671 3337 1743 przeconiis
3381 1672 3648 1726 ornatur?
3679 1675 3804 1742 quis

2209 1759 2496 1815 laudatur?
2542 1761 2665 1832 quis
2711 1761 3164 1818 commendatur?
3209 1762 3330 1834 quis
3367 1763 3420 1818 in
3471 1763 3611 1819 hunc
3635 1779 3803 1836 usque

2208 1851 2349 1906 diem
2402 1852 2787 1922 reprehendit?
2837 1854 3026 1911 Nonne
3065 1855 3120 1911 in
3147 1856 3369 1928 singulis
3411 1856 3666 1914 Eeclesiis
3714 1858 3805 1914 hic

2207 1948 2420 2020 quidem
2449 1949 2664 2014 clamat,
2699 1949 2820 2004 Non
2849 1949 2966 2004 licet
2993 1950 3081 2004 tibi
3112 1950 3296 2007 habere
3331 1967 3542 2006 uxorem
3571 1949 3806 2024 Philippi

2211 2042 2384 2114 fratris
2420 2043 2492 2095 tui
2533 2042 2742 2113 (Matth.
2777 2045 2864 2099 Η.
2896 2045 2956 2112 4)
2991 2061 3006 2098 :
3038 2043 3130 2100 ille
3154 2061 3282 2101 vero
3309 2044 3620 2100 diﬁ‘amatur
3639 2046 3805 2100 etiam

2211 2143 2332 2204 post
2359 2133 2563 2189 obitum
2599 2135 2670 2190 ob
2691 2135 3031 2202 adulterium,
3064 2137 3348 2202 insaniam,
3401 2145 3457 2192 et
3481 2136 3759 2192 audaciam
3780 2138 3807 2192 ἲ

2211 2224 2509 2280 Considera
2551 2241 2678 2281 vero
2727 2236 2922 2297 prater
2965 2242 3029 2284 ea
3076 2244 3197 2298 qua:
3240 2227 3382 2283 dicta
3421 2236 3566 2292 sunt,
3606 2238 3810 2298 quanta

2212 2318 2380 2374 virtus
2409 2329 2553 2374 esset
2578 2320 2795 2391 captivi,
2825 2330 3019 2391 quanta
3045 2323 3256 2393 tyranni
3286 2321 3639 2378 imbecillitas.
3670 2321 3809 2376 Nam

2212 2407 2299 2465 hic
2327 2408 2540 2481 quidem
2581 2426 2687 2465 non
2739 2412 2910 2481 potuit
2951 2412 3184 2482 linguam
3236 2427 3399 2467 unam
3437 2427 3808 2484 compescere,

2212 2500 2305 2556 sed
2336 2517 2398 2557 ea
2429 2502 2632 2557 sublata
2655 2543 2670 2568 ,
2699 2514 2947 2559 sescenta
2978 2519 3075 2576 pro
3102 2505 3194 2560 illa
3217 2514 3272 2560 et
3301 2521 3421 2561 cum
3455 2506 3542 2560 illa
3576 2523 3670 2562 ora
3715 2523 3811 2563 re-

2213 2595 2410 2650 seravit
2443 2613 2456 2650 :
2490 2596 2579 2651 ille
2608 2613 2738 2653 vero
2764 2608 2819 2653 et
2845 2607 2953 2652 tum
2986 2599 3135 2655 illum
3161 2609 3278 2670 post
3305 2600 3507 2656 cmdem
3536 2612 3815 2671 perterreo

2215 2685 2338 2740 fecit
2360 2684 2518 2758 (adeo
2558 2688 2754 2758 quippe
2784 2691 3168 2746 conscientiam
3197 2691 3311 2760 ejus
3339 2691 3668 2761 percellebat
3691 2707 3813 2748 me-

2217 2784 2321 2842 tus,
2369 2786 2428 2831 ut
2467 2778 2638 2848 ipsum
2675 2790 2785 2835 tum
2834 2783 3090 2852 temporis
3134 2783 3538 2840 arbitraretura
3577 2789 3817 2842 mortuis

2215 2867 2500 2922 excitatum
2529 2871 2784 2926 miracula
2812 2875 3081 2944 patrare),
3134 2885 3188 2930 et
3217 2890 3346 2929 vero
3377 2891 3519 2931 nunc
3541 2886 3597 2932 et
3624 2893 3690 2932 ex
3718 2879 3823 2934 illo

2216 2968 2477 3032 tempore,
2528 2973 2785 3034 perpetuo
2836 2981 2932 3035 per
2975 2967 3280 3021 universum
3324 2969 3509 3022 orbem
3545 2977 3821 3026 terrarqu

2216 3064 2270 3111 et
2310 3070 2404 3125 per
2433 3071 2491 3112 se
2536 3067 2592 3112 et
2622 3073 2716 3128 per
2743 3059 2878 3114 alios
2921 3059 3284 3130 reprehendit.
3331 3061 3604 3132 Siquidem
3648 3079 3828 3119 unus-

2217 3146 2442 3217 quisque
2466 3148 2591 3202 dum
2622 3150 2951 3221 evangelium
2978 3151 3118 3206 istud
3148 3152 3304 3222 legit,
3345 3152 3474 3207 dicit
3500 3169 3515 3206 :
3553 3152 3673 3208 Non
3699 3155 3826 3210 licet

2217 3239 2306 3292 tibi
2347 3239 2529 3294 habere
2557 3257 2766 3297 uxorem
2799 3241 3036 3314 Philippi
3060 3231 3236 3314 fratris
3264 3245 3339 3298 tui
3371 3261 3390 3298 :
3417 3253 3472 3300 et
3499 3245 3614 3300 sine
3643 3261 3825 3302 evan-

2217 3330 2356 3400 gelio
2400 3331 2452 3386 in
2499 3333 2748 3401 canibus,
2800 3335 2853 3389 in
2884 3337 3283 3406 congressibus,
3335 3337 3450 3393 sive
3495 3339 3586 3408 qui
3627 3338 3829 3408 domi,

2219 3422 2334 3477 sive
2379 3423 2470 3493 qui
2516 3424 2569 3478 in
2599 3424 2735 3491 foro,
2784 3426 2898 3481 sive
2925 3427 3014 3496 qui
3043 3427 3238 3498 ubique
3274 3427 3428 3494 fiunt,
3475 3430 3723 3499 quamvis
3747 3431 3829 3486 ad

2223 3515 2392 3584 ipsam
2441 3531 2633 3588 pergas
2672 3518 2943 3589 regionem
2993 3519 3296 3586 Persarum,
3344 3523 3587 3592 quamvis
3628 3522 3687 3577 in
3727 3521 3834 3578 In-

2222 3607 2388 3676 diam,
2435 3611 2677 3680 quamvis
2726 3613 2779 3666 in
2817 3612 3222 3681 Mauritaniam,
3273 3615 3514 3683 quamvis
3561 3613 3615 3669 in
3657 3630 3834 3686 quas-

2223 3713 2453 3769 cumque
2506 3708 2677 3756 terras
2745 3702 2827 3757 sol
2879 3704 3106 3774 aspicit,
3173 3709 3254 3761 vel
3320 3705 3482 3761 etiam
3531 3704 3599 3760 ad
3671 3707 3836 3778 ipsos

2222 3791 2435 3846 ultimos
2495 3793 2678 3848 mundi
2724 3793 2942 3862 limites,
3019 3795 3154 3852 hanc
3212 3811 3399 3852 vocem
3453 3796 3682 3864 audies,
3769 3808 3836 3855 et

2218 3883 2420 3954 justum
2473 3884 2624 3944 illum
2656 3886 2864 3942 videbis
2888 3889 3180 3943 etiamnum
3229 3889 3576 3956 clamantem,
3638 3889 3834 3946 incul-

2190 3984 2480 4053 cantem,
2523 3985 2579 4032 et
2627 3978 2918 4048 nequitiam
2963 3980 3175 4051 tyranni
3223 3979 3653 4050 redarguentem,
3705 3997 3826 4038 nec

2225 4083 2476 4139 umquam
2537 4069 2826 4136 silentem,
2905 4087 3080 4142 neque
3129 4081 3206 4128 tot
3263 4087 3528 4128 annorum
3589 4088 3838 4130 numero

2226 4160 2700 4230 reprehensionem
2779 4161 3066 4219 debilitari.
3139 4163 3276 4231 Quid
3332 4179 3461 4235 ergo
3509 4163 3835 4221 detrimenti

2224 4251 2367 4321 cepit
2406 4267 2474 4308 ex
2513 4251 2659 4307 obitu
2703 4252 2878 4321 justus
2915 4254 3044 4309 ille?
3081 4254 3207 4326 quid
3237 4271 3303 4308 ex
3350 4263 3525 4310 morte
3550 4253 3839 4310 violenta?

2225 4343 2354 4413 quid
2406 4360 2471 4400 ex
2515 4347 2750 4401 catena?
2792 4347 2919 4417 quid
2985 4363 3053 4403 ex
3115 4349 3383 4404 carcere?
3435 4348 3582 4415 Quos
3636 4357 3838 4406 autem

2227 4449 2333 4496 non
2359 4435 2608 4502 correxit,
2639 4436 2828 4506 quibus
2876 4452 2971 4493 cor
3018 4447 3250 4509 saperet,
3301 4454 3365 4494 ex
3414 4438 3480 4494 iis
3507 4453 3628 4509 qua:
3657 4437 3836 4506 dixit,

2225 4543 2291 4582 ex
2335 4527 2400 4583 iis
2446 4544 2564 4599 qua:
2599 4544 2788 4599 passus
2823 4538 2924 4596 est,
2991 4546 3058 4586 ex
3108 4531 3173 4586 iis
3212 4547 3330 4602 qua:
3373 4545 3516 4586 nunc
3541 4530 3842 4601 praedicat,

2228 4618 2413 4673 eadem
2463 4634 2706 4688 prorsus,
2747 4636 2868 4692 qua:
2911 4637 3031 4678 cum
3083 4623 3328 4678 viveret?
3382 4622 3501 4678 Noli
3552 4637 3683 4692 ergo
3733 4622 3838 4678 di-

2227 4725 2350 4768 cere
2374 4753 2392 4777 ,
2454 4711 2622 4780 Quam
2668 4713 2739 4770 ob
2775 4730 2995 4771 causam
3041 4716 3176 4770 mori
3208 4716 3501 4787 permissus
3530 4715 3660 4771 est?
3702 4713 3840 4772 Non

2227 4804 2374 4860 enim
2429 4804 2559 4861 illud
2591 4817 2708 4863 erat
2752 4810 2908 4875 mori,
2963 4809 3058 4864 sed
3089 4824 3344 4866 coronam
3373 4808 3594 4880 adipisci
3642 4825 3658 4865 :
3713 4823 3841 4864 non

2231 4896 2473 4965 interire,
2521 4898 2617 4954 sed
2648 4899 2925 4955 meliorem
2950 4901 3113 4956 vitam
3163 4900 3448 4970 auspicari.
3499 4901 3657 4956 Disce
3700 4900 3840 4971 phi-

2235 4987 2526 5060 losophari,
2576 4999 2630 5045 et
2681 5007 2788 5046 non
2841 4991 3004 5048 modo
3043 4991 3177 5047 nihil
3218 5003 3268 5048 te
3312 4993 3411 5047 ista
3460 4991 3678 5059 ltedent,
3725 4991 3844 5047 sed

2237 5090 2293 5138 et
2339 5082 2635 5138 commodis
2679 5086 2860 5140 multis
2906 5084 3208 5154 augeberis.

2298 5173 2525 5244 Josepho
2567 5175 2697 5230 nihil
2737 5177 2905 5231 nocuit
2948 5176 3204 5249 ngyptia
3232 5195 3251 5242 ;
3280 5176 3496 5248 Josephi
3533 5174 3848 5244 exemplum

2229 5281 2383 5334 quam
2403 5268 2545 5322 utile.
2573 5297 2645 5307 —
2673 5268 2810 5336 Quid
2833 5261 2962 5325 vero
2986 5270 3179 5325 mulier
3194 5268 3446 5340 Atlgyptia
3473 5268 3496 5322 ?
3525 5266 3714 5322 Nonne
3736 5281 3854 5321 ac-

2230 5357 2455 5420 cusavit,
2509 5366 2564 5413 et
2607 5360 2926 5417 calumniata
2977 5362 3096 5417 est?
3150 5377 3330 5418 nonne
3361 5361 3563 5431 justum
3603 5359 3789 5412 vinxit
3821 5359 3854 5414 ἲ

2233 5461 2411 5502 nonne
2459 5448 2510 5503 in
2567 5463 2837 5508 carcerem
2889 5454 3196 5524 compegit?
3237 5469 3418 5510 nonne
3458 5453 3510 5508 in
3553 5465 3854 5508 summum

2232 5537 2420 5606 capitis
2447 5538 2732 5598 discrimen
2778 5543 3043 5600 adduxit?
3098 5561 3274 5602 nonne
3313 5553 3570 5616 quantum
3621 5543 3674 5596 in
3704 5541 3854 5610 ipsa

2233 5626 2331 5681 fuit
2358 5629 2538 5694 situm,
2569 5631 2880 5689 interemit?
2909 5652 3086 5693 nonne
3113 5637 3346 5694 infamia:
3372 5645 3550 5692 notam
3579 5631 3794 5690 inussit
3821 5636 3854 5696 ,ι

2302 5741 2318 5772 ι
2346 5739 2449 5802 Alii,
2473 5754 2562 5793 nec
2585 5747 2741 5795 tamen
2763 5747 2940 5796 tacere.
