4030 6206
180 313 281 368 523
305 269 327 295 ”

177 432 268 507 καὶ
292 425 491 498 ῥᾳδίως
513 424 688 490 αύτάς
720 425 1043 483 διαλύσωσιν
1060 445 1076 460 '
1108 427 1250 484 οῦτω
1274 430 1369 485 καὶ
1385 429 1561 493 όΘεὺς
1589 429 1648 484 ἐν
1670 426 1749 499 τῷ

178 518 397 592 παρόντι
422 516 522 588 βίῳ
543 520 719 571 ποιεῖ·
753 518 891 590 πρὸς
918 520 1122 595 ἀρετήν
1149 522 1459 593 ἐπιτηδείαν
1492 520 1752 593 βουλόμε-

177 630 259 677 νος
278 610 686 685 μετασκευάσαι
700 609 799 683 τὴν
820 610 1019 684 ψυχήν,
1044 602 1139 666 καὶ
1161 612 1482 684 στύφει,καὶ
1499 612 1748 685 χωνεύει,

178 704 265 757 καί⁵
292 700 514 773 βασάνῳ
546 699 872 773 πειρασμῶν
902 702 1291 774 παραδίδωσιν,
1325 703 1468 757 ὥστε
1513 702 1639 769 τούς
1687 720 1753 756 τε

177 791 636 857 ἀναπεπτωκότας
666 793 762 846 καὶ
791 792 1211 865 διαλελυμένους
1250 797 1551 867 σφιγγῆναι
1572 837 1588 862 ,
1622 794 1750 859 τούς

176 902 234 939 τε
258 885 520 957 δοκίμους
547 884 947 956 δοκιμωτέρους
972 886 1227 955 γενέσθαι
1250 928 1265 954 ,
1295 887 1389 942 καὶ
1417 886 1748 959 ἀχειρώτους

178 980 292 1041 ταῖς
313 976 424 1031 τῶν
452 976 724 1047 δαιμόνων
753 976 1068 1043 ἐπιϐουλαῖς
1094 978 1190 1032 καὶ
1229 981 1350 1043 ταῖς
1377 978 1474 1032 τοῦ
1501 978 1750 1032 διαϐόλου

183 1065 388 1134 παγίσι,
423 1064 517 1119 καὶ
560 1063 767 1134 σφόδρα
809 1063 1146 1136 ἐπιτηδείους
1174 1067 1313 1138 πρὸς
1341 1066 1440 1139 τὴν
1471 1066 1579 1122 τῶν
1626 1067 1752 1138 μελ-

181 1153 372 1207 λόντων
392 1152 612 1222 ἀγαθῶν
639 1153 905 1227 ὑποδοχὴν
928 1153 1195 1219 ἅπαντας.
1227 1155 1389 1229 ’Δνὴρ
1404 1154 1538 1228 γὰρ,
1561 1156 1749 1227 φησὶν,

178 1245 529 1318 ἀπείραστος,
540 1245 799 1316 ἀδόκιμος
816 1261 832 1278 ·
851 1246 948 1300 καὶ
970 1248 1000 1300 6
1026 1246 1259 1312 Παῦλος,
1287 1246 1359 1301 Ἠ
1377 1247 1586 1316 θλίψις
1604 1249 1752 1303 ὐπο-

180 1338 370 1407 μονὴν
385 1334 793 1408 κατεργάζεται
810 1352 825 1366 ·
844 1338 884 1405 ἠ
916 1336 986 1391 δὲ
1003 1338 1280 1408 ὑπομονὴ
1298 1338 1574 1408 δοκιμήν.
1597 1340 1752 1405 Καρ-

183 1430 428 1501 τερικοὺς
479 1424 576 1482 οὖν
630 1428 726 1481 καὶ⁸
771 1427 1211 1501 ύπομονητικοὺς
1250 1431 1474 1501 ποιῆσαι
1533 1429 1704 1484 θέλων
1733 1467 1751 1495 ,

186 1522 368 1593 ἀφίησι
398 1521 461 1575 1:6
500 1521 748 1592 νόμισμα
781 1520 1278 1587 διακωδωνίζεσθαι
1334 1525 1499 1579 παντὶ
1541 1523 1747 1596 τρόπῳ.

191 1609 392 1683 Ταύτης
414 1611 603 1665 ἐνεκεν
620 1611 721 1682 τῆς
747 1611 927 1675 αίτίας
961 1612 1165 1667 καὶτὸν
1208 1613 1326 1668 Ἰὼϐ
1354 1615 1533 1687 ἀφῆκε
1558 1614 1752 1669 παθεῖν

190 1702 320 1775 ἆπερ
369 1703 596 1769 ἔπαθεν,
645 1704 786 1759 ὥστε
829 1707 924 1761 καὶ
954 1706 1321 1780 δοκιμώτερον
1362 1708 1621 1780 φανῆναι,
1657 1707 1753 1763 καὶ

187 1796 454 1868 ἐμφράξαι
485 1796 582 1852 τοῦ
612 1799 861 1855 διαϐόλου
886 1801 950 1854 τὸ
976 1802 1151 1873 στόμα
1174 1815 1189 1830 ·
1221 1801 1309 1857 διὰ
1332 1801 1490 1855 τοῦτο
1514 1802 1753 1865 καὶτοὺς

189 1889 510 1955 ἀποστόλους
559 1892 793 1964 ἀφῆκεν,
837 1891 978 1947 ὥστε
1019 1894 1304 1958 κάκείνους
1346 1893 1752 1966 ἀνδρειοτέρους

187 1980 456 2050 γενέσθαι,
484 1982 578 2036 καὶ
602 1983 700 2056 τὴν
733 1986 942 2041 οἰκείαν
992 1986 1224 2058 δύναμιν
1254 1986 1430 2062 ταύτῃ
1480 1986 1753 2051 ἐπιδείξα-

186 2072 329 2126 σθαι.
365 2074 478 2128 Καὶ
505 2075 610 2147 γάρ
638 2077 732 2129 καὶ¹
778 2076 919 2149 αῦτη
966 2078 1115 2132 αίτία
1171 2079 1231 2132 ού
1281 2078 1476 2150 μικρά.
1511 2079 1602 2132 Διὸ
1658 2077 1753 2131 καὶ

186 2166 379 2237 Παύλῳ
419 2166 570 2236 ἔλεγε
624 2167 875 2240 ζητοῦντι
908 2172 1092 2227 ἄνεσιν
1142 2171 1235 2225 καὶ
1286 2171 1609 2242 ἀπαλλαγὴν
1643 2170 1754 2225 τῶν

188 2261 515 2332 κατεχόντων
539 2263 746 2329 κακῶν,
789 2264 987 2333 Ἀρκεῖ
1012 2281 1111 2319 σοι
1139 2266 1176 2334 ἡ
1200 2263 1370 2335 χάρις
1396 2283 1514 2337 μου
1534 2282 1547 2295 ·
1585 2265 1623 2335 ἡ
1644 2265 1755 2336 γὰρ

187 2350 430 2423 δύναμίς
449 2372 573 2423 μου
596 2354 665 2408 ἐν
683 2355 968 2425 ἀσθενείᾳ
997 2358 1348 2415 τελειοῦται.

246 2469 382 2537 Κεφ.
406 2466 515 2539 κβ’.
528 2469 640 2523 Καὶ
661 2468 769 2541 γὰρ
789 2470 838 2522 οί
870 2469 1101 2541 μηδέπω
1120 2470 1200 2541 τῷ
1224 2470 1365 2542 λόγῳ
1384 2470 1477 2525 τοῦ
1495 2473 1752 2543 Χριστια-

191 2558 366 2628 νισμοῦ
399 2558 814 2632 προσελθόντες,
833 2560 925 2614 καὶ
955 2559 1202 2614 ἐντεῦθεν
1226 2560 1509 2631 μειζόνως,
1541 2563 1635 2618 ἐὰν
1663 2562 1755 2634 νήο

190 2667 329 2719 φωσι,
348 2651 717 2723 κερδαίνουσι.
737 2652 849 2705 Καὶ
872 2651 979 2723 γὰρ
994 2653 1122 2707 ὅταν
1147 2652 1327 2707 ἴδωσιν
1342 2653 1752 2726 ἀδικουμένους,

190 2741 636 2815 λοιδορουμένους,
657 2741 1031 2816 δεσμωτήριον
1059 2743 1362 2810 οἰκοῦντας,
1380 2745 1756 2817 ἐπηρεαζομέο

191 2851 315 2901 νους,
338 2833 885 2907 ἐπιϐουλευομένους,
900 2837 1394 2909 ἀποτεμνομένους,
1411 2838 1753 2908 καιομένους,

194 2926 766 2999 καταποντιζομένους,
792 2927 887 2981 καὶ
914 2928 1104 2999 μηδενὶ⁵
1126 2927 1235 2983 τῶν
1270 2929 1459 2983 δεινῶν
1487 2928 1754 2997 εἴκοντας,

196 3019 431 3089 ἐννόησον
463 3020 589 3073 ὅσον
638 3018 855 3090 ἔχοντες
901 3019 1086 3092 θαῦμα
1133 3019 1243 3076 τῶν
1278 3020 1598 3092 παραδόξων
1633 3019 1758 3075 τού-

195 3125 283 3164 των
324 3108 587 3181 ἀθλητῶν
623 3110 938 3181 ἀπήρχοντο
985 3112 1079 3164 καὶ
1124 3112 1174 3165 οί
1218 3110 1371 3175 τότε,
1407 3113 1502 3166 καὶ
1538 3112 1589 3166 οί
1637 3111 1755 3167 νῦν.

197 3204 335 3257 Ὥστε
361 3204 435 3257 οὐ
469 3202 631 3275 μόνον
661 3203 761 3257 ούκ
792 3202 1086 3274 ἐργάζεται
1116 3203 1411 3261 σκάνδαλον
1439 3203 1510 3258 τά
1537 3220 1762 3275 γεγενη-

196 3297 309 3366 μένα
329 3300 455 3360 τοῖς
484 3296 771 3367 νήφουσιν,
814 3295 951 3349 ἀλλά
980 3296 1076 3349 καὶ
1120 3296 1365 3360 πλείονος
1413 3297 1760 3361 διδασκαλίας

193 3389 436 3452 ὑπόθεσις
464 3388 696 3456 γίνεται.
727 3387 818 3441 Διὺ
843 3387 937 3442 καὶ
959 3388 1169 3452 Παῦλος
1190 3389 1391 3460 ήκουσε
1432 3388 1627 3453 ταῦτα,
1676 3390 1759 3442 ὅτι

199 3479 262 3534 Ἠ
282 3480 548 3550 δύναμίς
567 3497 690 3549 μου
710 3478 781 3533 ἐν
794 3479 1077 3546 ἀσθενείᾳ
1106 3479 1453 3534 τελειοῦται.
1471 3478 1640 3534 Τοῦτο
1668 3479 1762 3532 καὶ

191 3571 268 3624 ἰπὶ
283 3573 384 3643 τῆς
406 3570 657 3634 Παλαιᾶς
680 3570 775 3624 καὶ
795 3568 889 3621 ἐπὶ
911 3569 1010 3641 τῆς
1036 3570 1245 3641 Καινῆς
1260 3568 1407 3623 ἔστιν
1429 3570 1627 3642 εὑρεῖν.
1647 3572 1762 3626 Ἐν-

192 3664 363 3735 νόησον
399 3664 516 3735 γάρ
545 3662 599 3715 τί
644 3661 875 3732 πάσχειν
904 3661 1054 3725 είκδς
1071 3657 1139 3733 ἦν
1165 3662 1257 3716 τὸν
1291 3661 1763 3737 Ναϐουχοδονόσορ

190 3757 281 3811 61:6
312 3755 493 3830 τριῶν
520 3754 747 3820 παίδων,
765 3752 990 3819 δούλων,
1016 3752 1409 3824 αἰχμαλώτων,
1439 3753 1760 3826 δεδεμένων,

192 3845 648 3920 ¹λυρπολουμένων
666 3886 682 3911 ,
744 3842 1002 3897 τοσούτου
1064 3842 1429 3915 στρατοπέδου
1497 3843 1763 3911 παρόντος

191 3940 529 4011 ἡττώμενον,
580 3936 676 3991 καὶ
718 3934 795 4007 μὴ
834 3933 1133 4006 δυνάμενον
1176 3934 1341 4005 τριῶν
1380 3935 1763 4006 περιγενέσθαι

195 4035 456 4103 σωμάτων
475 4027 910 4099 δεδουλωμένων,
944 4027 1343 4097 ὑποκειμένων,
1386 4028 1644 4100 πατρίδος
1670 4029 1763 4081 ἐκ-

194 4124 577 4190 πεπτωκότων,
608 4120 943 4194 ἐλευθερίας,
964 4119 1154 4191 τιμῆς,
1186 4120 1523 4181 δυναστείας.
1545 4122 1764 4193 χρημά-

192 4235 306 4285 των,
351 4217 551 4289 πόρρω
599 4213 713 4268 τῶν
758 4213 975 4267 οίκείων
1003 4213 1429 4285 ἀπῳκισμένων.
1478 4214 1537 4267 Εἰ
1582 4212 1648 4285 δὴ
1688 4214 1765 4284 μὴ

194 4310 540 4385 συνεχωρήθη
591 4310 622 4362 6
672 4307 1002 4380 ἐμπρησμὸς
1054 4308 1300 4372 ἐκεῖνος,
1350 4308 1453 4361 οὐκ
1508 4306 1574 4361 ἂν
1624 4306 1768 4362 οὓτω

192 4401 440 4474 λαμπρὸν
468 4401 533 4453 τὸ
555 4397 808 4470 βραϐεῖον
835 4397 1077 4466 ἐγένετο,
1105 4398 1207 4451 οὐκ
1239 4396 1307 4452 ἀν
1330 4397 1476 4451 οὕτω
1497 4398 1722 4472 φαιδρὸς
1738 4400 1769 4452 6

192 4493 474 4561 στέφανος.
500 4490 789 4561 Ἐννόησον
806 4490 861 4543 τί
877 4489 1111 4561 πάσχειν
1131 4490 1277 4554 είκὸς
1304 4486 1374 4562 ἦν
1400 4491 1494 4545 τὸν
1522 4489 1768 4567 Ἡρώδην

190 4584 287 4638 ὕπο
316 4584 602 4654 δεσμώτου
630 4582 1007 4654 ἐλεγχόμενον,
1025 4583 1121 4635 καὶ
1145 4583 1357 4654 δρῶντα
1385 4583 1508 4637 οὐδὲ
1536 4584 1645 4638 61:6
1669 4587 1770 4654 τῆς

192 4674 430 4739 ἁλύσεως
450 4674 605 4748 [510]
635 4674 906 4728 ἐνδιδόντα
930 4676 996 4745 τῇ
1027 4673 1333 4746 παρρησία,
1369 4672 1484 4728 ἀλλ’
1507 4674 1767 4747 αἱρούμε-

191 4786 273 4822 νον
329 4770 610 4839 σφαγῆναι
663 4766 887 4838 μᾶλλον,
937 4766 970 4838 ἢ
1013 4765 1275 4837 προέσθαι
1319 4766 1421 4837 τὴν
1478 4766 1770 4838 καλλίστην

190 4858 675 4930 ἐλευθεροστομίαν
713 4858 953 4930 ἐκείνην.
992 4856 1277 4927 Ἐννόησον
1314 4856 1397 4921 τίς
1426 4857 1569 4929 δρῶν
1600 4858 1771 4913 ταῦτα

191 4950 280 5003 καὶ
304 4951 524 5005 ἀκούων
552 4949 774 5004 καὶτῶν
801 4950 920 5003 τότε
939 4946 1155 5014 ζώντων
1180 4946 1274 5001 καὶ
1297 4946 1406 5001 τῶν
1434 4947 1576 5018 μετὰ
1598 4948 1772 5003 ταῦτα

192 5042 520 5113 γενομένων,
568 5039 673 5096 κάν
722 5040 930 5113 σφόδρα
983 5041 1399 5103 ἀναπεπτωκὼς
1444 5037 1513 5115 ᾗ,
1561 5039 1686 5095 νοῦν
1714 5042 1772 5097 δέ

190 5150 309 5188 τινα
343 5135 485 5206 ἔχων
510 5135 739 5207 βραχὺν,
772 5134 890 5198 πιῖις
912 5134 981 5189 τά
1005 5134 1238 5206 μέγιστα
1264 5135 1530 5205 κερδάνας
1558 5134 1770 5190 ἄπεισι.

190 5224 279 5295 Μὴ
313 5224 431 5294 γάρ
464 5242 553 5296 μοι
577 5225 647 5278 τά
677 5225 1009 5297 καθάρματα
1039 5225 1152 5280 τῶν
1170 5227 1415 5298 ἀνοήτων
1438 5226 1622 5299 εἴπης,
1646 5227 1774 5291 τοὺς

183 5313 407 5382 βλᾶκας
436 5315 531 5368 καὶ
553 5315 903 5387 αύτόσαρκας
926 5314 1108 5380 ὄντας,
1146 5316 1242 5371 καὶ
1263 5315 1478 5385 φύλλων
1506 5316 1771 5385 κουφοτέ-

188 5421 343 5473 ρους.
376 5397 539 5460 οὗτοι
559 5406 670 5479 γάρ
695 5408 817 5479 οὐχ).
841 5407 1052 5472 τούτοις
1081 5407 1263 5479 μόνον,
1298 5407 1434 5463 ἀλλά
1474 5409 1571 5467 καὶ
1610 5412 1773 5464 παντὶ

191 5494 386 5565 σχεδίαν
413 5498 688 5570 γενομένῳ
715 5498 1147 5572 προσπταίουσιν
1167 5515 1182 5529 ·
1204 5500 1282 5563 ώς
1314 5501 1410 5554 καὶ
1435 5503 1465 5555 6
1500 5501 1772 5557 Ἰουδαίων

187 5582 366 5656 δῆμος
389 5588 483 5640 καὶ
500 5588 884 5660 μὼναέὠίων
902 5591 999 5646 καὶ
1020 5591 1205 5664 ἄρτον,
1224 5592 1427 5663 ὁμοίως
1447 5592 1775 5665 δυσάρεστος

190 5670 281 5745 ἦν,
311 5679 419 5733 καὶ
457 5682 512 5735 ἐν
540 5682 801 5756 Αἰγύπτῳ
829 5684 927 5750 ῶν,
962 5685 1057 5738 καὶ
1099 5685 1435 5756 ἀπαλλαγεὶς
1466 5684 1769 5755 Αἰγύπτου,

190 5770 288 5823 καὶ
318 5771 587 5841 παρόντος
613 5770 906 5843 Μωῦσέως,
951 5776 1043 5830 καὶ
1068 5777 1410 5845 ἀπελθόντος.
1463 5777 1603 5832 Ἀλλ’
1626 5779 1769 5832 ἐκεί-

983 313 1076 369 AD
1112 314 1247 371 EOS
1286 314 1407 384 QUI
1451 312 1958 371 SGANDALIZATI
1999 313 2203 370 SUNT.
2237 313 2368 371 LIB.
2404 315 2612 376 UNUS.

3318 318 3422 376 521

1855 445 1980 495 νους
2011 429 2094 495 είς
2121 430 2287 502 μέσον
2317 430 2418 500 ἄγε
2447 448 2560 503 μοι,
2589 432 2717 497 τοὺς
2750 432 3047 505 νήφοντας,
3090 433 3215 498 τοὺς
3258 433 3427 507 ἐγρη-

1855 530 2105 602 γορότας,
2152 514 2249 585 καῖ
2294 529 2509 602 λογίζου
2557 532 2732 604 πόσην
2762 533 2910 598 είκδς
2945 534 3147 601 αὐτοὺς
3179 535 3443 593 ἐντεῦθεν

1858 634 2253 703 καρπώσασθαι
2285 634 2382 706 τὴν
2404 634 2693 703 ὠφέλειαν,
2733 636 2976 707 ὁρῶντας
3006 636 3186 708 ψυχὴν
3227 638 3428 714 ἀπερί-

1856 735 2385 809 τρεπτον,φρόνημα
2404 734 2733 802 ἀδούλωτον,
2793 737 3044 809 γλῶτταν
3117 740 3432 811 παρρησίας

1856 831 2154 907 γέμουσαν,
2185 833 2467 907 ἄνθρωπον
2497 835 2900 909 ὲρημοπολίτην
2924 836 3186 908 βασιλέως
3211 856 3432 911 περιγε-

1859 937 2101 1010 νόμενον,
2135 936 2500 1009 δεσμούμενον
2528 938 2621 992 καὶ
2650 938 2751 992 οὐκ
2777 934 3047 993 ἐνδιδόντα
3063 947 3104 1005 ·,
3134 940 3433 1012 ἀποτεμνό-

1861 1056 2021 1111 μενον
2050 1039 2144 1093 καί¹
2174 1040 2234 1095 ού
2272 1039 2539 1109 σιγῶντα’
2569 1040 2663 1094 καὶ
2691 1040 2826 1111 μηδέ
2857 1039 3016 1113 μέχρι
3038 1040 3242 1096 τούτων
3276 1045 3432 1114 στῇς,

1857 1142 1996 1199 ἀλλὰ
2045 1143 2141 1197 καὶ
2191 1142 2260 1197 τὰ
2312 1142 2452 1214 μετά
2513 1145 2690 1199 ταῦτα
2739 1141 2981 1210 ἐξέταζε.
3056 1143 3355 1217 Ἀπέτεμεν
3404 1143 3433 1200 6

1867 1240 2134 1314 Ἡρώδης,
2153 1242 2443 1315 ἀπετμήθη
2467 1242 2496 1296 6
2535 1243 2807 1315 Ἰωάννης.
2835 1242 2930 1307 Τίς
2947 1238 3039 1298 οὖν
3064 1246 3213 1300 ἐστιν
3245 1246 3303 1300 ἐν
3324 1248 3434 1310 τοῖς

1860 1346 2113 1402 ἁπάντων
2144 1347 2549 1417 μακαρισμοῖς;
2580 1344 2665 1406 τίς
2710 1343 2983 1415 ζηλωτός;
3011 1346 3097 1411 τίς
3122 1347 3434 1419 ἀνακηρύτ-

1856 1464 2049 1513 τεται;
2078 1446 2160 1511 τίς
2189 1443 2548 1516 στεφανοῦται
2568 1463 2583 1512 ;
2607 1445 2690 1510 τίς
2710 1445 3150 1517 ἐγκωμιάζεται;
3172 1449 3256 1513 τίς
3284 1451 3438 1503 ἐπαι-

1859 1549 2029 1601 νεῖται
2054 1564 2068 1613 ;
2095 1547 2179 1610 τίς
2203 1546 2576 1617 θαυμάζεται;
2606 1546 2689 1610 τίς
2725 1547 2888 1619 μέχρι
2910 1549 3153 1620 σήμερον
3185 1548 3436 1620 ἐλέγχεις

1861 1650 1936 1703 Ού
1966 1648 2086 1703 καθ’
2117 1648 2355 1718 ἑκάστην
2385 1648 2710 1719 Ἐκκλησίαν
2746 1649 2774 1702 6
2805 1649 2905 1720 μὲν
2935 1648 3053 1721 βοᾷ,
3082 1652 3205 1705 Οὐκ
3233 1650 3439 1715 ἔξεστι

1859 1768 1959 1806 σοι
2007 1751 2175 1820 ἔχειν
2220 1749 2335 1819 τὴν
2379 1754 2634 1820 γυναῖκα
2672 1752 2976 1806 Φιλίππου
3030 1751 3137 1805 τοῦ
3168 1752 3439 1821 ἀδελφοῦ

1859 1867 2010 1905 a'ov'
2042 1854 2071 1905 6
2100 1851 2158 1905 δὲ
2209 1850 2583 1923 στηλιτεύεται
2624 1851 2718 1905 καὶ
2766 1852 2904 1924 μετά
2947 1852 3205 1923 τελευτὴν
3243 1853 3336 1907 ἐπὶ
3371 1854 3437 1922 τῇ

1864 1953 2082 2026 μοιχείᾳ
2115 1953 2211 2006 καὶ
2241 1954 2309 2025 τῇ
2351 1952 2625 2024 παρανοίᾳ
2656 1952 2751 2007 καὶ
2775 1956 2842 2024 τῇ
2878 1952 3210 2026 θρασύτητι;
3236 1954 3437 2007 Σκόπει

1859 2053 1916 2108 δὲ
1945 2052 2081 2125 μετά
2098 2052 2206 2107 τῶν
2229 2051 2673 2125 είρημένων,δση
2700 2050 2792 2106 τοῦ
2823 2051 3101 2123 δεσμώτου
3123 2055 3157 2125 ή
3187 2051 3434 2124 δύναμις,

1862 2153 2068 2210 καὶτοῦ
2094 2154 2357 2225 τυράννου
2386 2155 2418 2225 ή
2451 2153 2721 2208 ἀσθένεια.
2765 2154 2827 2207 '0
2855 2154 2953 2224 μὲν
2986 2136 3093 2226 γὰρ
3123 2154 3222 2209 ούκ
3253 2152 3439 2224 ἴσχυσε

1865 2257 1993 2330 μίαν
2012 2255 2361 2327 ἐπιστομίσαι
2383 2254 2653 2323 γλῶτταν,
2677 2255 2794 2310 ἀλλ’
2820 2253 3025 2309 ἀνελὼν
3056 2253 3248 2328 αὐτὴν,
3270 2254 3442 2326 μυρία

1863 2359 1976 2413 ἀντ’
2011 2356 2226 2429 ἐκείνης
2259 2358 2353 2411 καὶ
2381 2358 2499 2427 μετ’
2530 2356 2746 2429 ἐκείνης
2782 2355 2987 2427 ἡνέῳξε
3012 2356 3258 2428 στόματα
3287 2372 3301 2385 °
3328 2358 3356 2410 6
3385 2354 3442 2410 δέ

1864 2462 1957 2515 καὶ
2002 2460 2126 2515 τότε
2170 2458 2332 2514 αὑτὸν
2384 2458 2587 2523 εὐθέως
2627 2458 2863 2530 ἐφόϐησε
2900 2457 3042 2529 μετά
3081 2457 3179 2529 τὴν
3226 2455 3441 2527 σφαγὴν
3468 2532 3488 2543 ξ

1863 2564 2029 2637 (οῦτω
2054 2562 2164 2635 γάρ
2211 2561 2379 2617 αὐτοῦ
2413 2562 2475 2616 τὸ
2505 2561 2744 2626 συνειδὸς
2787 2559 3069 2616 κατέσειεν
3093 2563 3123 2615 6
3150 2559 3335 2631 φόϐος,
3364 2559 3443 2623 ώς

1862 2667 2105 2739 νομίζειν
2131 2665 2300 2721 αὑτὸν
2325 2665 2449 2719 τότε
2475 2666 2570 2718 καὶ
2617 2665 2681 2717 ἐκ
2707 2662 2920 2734 νεκρῶν
2948 2661 3260 2716 ἀναστάντα
3311 2660 3444 2715 θαυ-

1875 2768 2248 2842 ματουργεῖν),
2283 2768 2379 2822 καὶ
2409 2765 2504 2820 νῦν
2533 2766 2592 2819 δὲ
2626 2766 2721 2819 καὶ
2770 2766 2831 2829 ἐξ
2881 2765 3092 2818 ἐκείνου
3122 2762 3213 2816 διά
3242 2760 3443 2824 παντὸς

1863 2871 1958 2925 τοῦ
1980 2872 2174 2943 χρόνου
2200 2869 2342 2923 κατά
2356 2870 2538 2922 πᾶσαν
2558 2866 2721 2921 αὑτὸν
2746 2865 2960 2935 ἐλέγχει
2983 2863 3080 2936 τὴν
3095 2862 3442 2937 οἰκουμένην⁸

1865 2972 1957 3026 καὶ
2001 2973 2073 3026 δι’
2120 2970 2335 3035 ἑαυτοῦ,
2389 2969 2482 3023 καὶ
2520 2969 2588 3023 δι’
2626 2967 2847 3040 ἐτέρων.
2906 2966 3178 3027 Ἕκαστος
3223 2962 3334 3033 γὰρ
3382 2960 3444 3014 τδ

1865 3074 2205 3143 Εύαγγέλιον
2245 3070 2640 3141 ἀναγινώσκων
2673 3068 2852 3135 τοῦτο,
2884 3066 3054 3136 λέγει,
3087 3068 3209 3120 Οὐκ
3240 3064 3445 3130 ἔξεστί

1865 3195 1964 3234 σοι
2004 3177 2170 3248 ἔχειν
2214 3175 2327 3246 τὴν
2366 3174 2624 3246 γυναῖκα
2684 3174 2987 3230 Φιλίππου
3026 3171 3132 3225 τοῦ
3175 3169 3443 3239 ἀδελφοῦ

1865 3295 1984 3335 σου
2010 3296 2025 3310 ο
2058 3277 2153 3333 καὶ
2199 3276 2294 3331 τοῦ
2325 3275 2660 3346 Εύαγγελίου
2711 3274 2879 3346 χωρὶς
2916 3273 2975 3325 ἐν
3030 3272 3311 3340 συλλόγοις
3354 3271 3446 3325 καὶ

1870 3377 2197 3441 συνουσίαις,
2218 3380 2339 3441 ταῖς
2371 3378 2534 3441 οἴκοι,
2566 3378 2684 3439 ταῖς
2719 3376 2777 3428 ἐν
2808 3374 3006 3445 ἀγορᾷ,
3036 3376 3157 3438 ταῖς
3194 3374 3444 3426 ἁπαντα-

1869 3480 1986 3553 χοῦ,
2013 3479 2118 3533 κᾶν
2152 3481 2230 3543 είς
2269 3478 2366 3550 τὴν
2420 3478 2645 3550 Περσῶν
2689 3476 2876 3547 χώραν
2909 3476 3172 3547 ἀπέλθῃς,
3223 3474 3327 3528 κᾶν
3367 3476 3448 3537 είς

1869 3583 1969 3655 τήν
2016 3581 2216 3647 Ἰνδῶν,
2263 3580 2368 3636 κᾶν
2398 3580 2479 3645 είς
2526 3580 2625 3651 τὴν
2671 3578 2937 3650 Μαύρων,
2973 3578 3077 3632 κᾶν
3138 3578 3270 3647 ὅσην
3296 3576 3447 3647 ἥλιος

1872 3685 2044 3756 ἐφορᾷ
2080 3684 2207 3753 γῆν,
2256 3681 2352 3737 καὶ⁸
2384 3680 2520 3753 πρὸς
2568 3679 2740 3743 αύτάς
2776 3677 2875 3743 τὰς
2909 3678 3190 3747 ἐσχατιὰς,
3244 3676 3449 3747 ταύτης
3558 3676 3559 3679 “

1870 3785 2110 3858 ἀκούσῃς
2138 3787 2238 3857 τῆς
2272 3783 2480 3855 φωνῆς,
2529 3782 2625 3836 καὶ
2673 3781 2794 3851 δψει
2847 3780 2940 3833 τὸν
2985 3780 3190 3834 δίκαιον
3243 3779 3450 3831 ἐκεῖνον

1869 3888 1952 3941 ἔτι
2002 3887 2098 3941 καὶ
2140 3884 2237 3941 νῦν
2282 3885 2514 3956 βοῶντα,
2563 3882 2861 3954 ἐνηχοῦντα
2882 3921 2897 3947 ,
2952 3881 3048 3934 καὶ
3096 3879 3195 3951 τὴν
3248 3880 3450 3935 κακίαν

1871 3989 2159 4061 ἐλέγχοντα
2188 3986 2283 4041 τοῦ
2311 3986 2599 4058 τυράννου,
2635 3984 2728 4037 καὶ
2752 3982 3009 4036 οὐδέποτε
3038 3981 3297 4049 σιγῶντα,
3327 3981 3449 4035 ούδέ

1872 4089 1951 4161 τῷ
1973 4088 2167 4161 πλήθει
2198 4086 2295 4141 τοῦ
2327 4086 2521 4159 χρόνου
2559 4085 2649 4139 τὸν
2672 4084 2895 4155 ἔλεγχον
2929 4081 3348 4156 μαραινόμενον.
3385 4080 3450 4134 Τί

1872 4190 2050 4245 τοίνυν
2071 4188 2178 4244 61:6
2197 4189 2294 4259 τῆς
2316 4186 2569 4258 τελευτῆς
2595 4183 2913 4257 παρεϐλάϐη
2938 4186 2966 4238 6
2983 4183 3189 4248 δίκαιος
3211 4185 3415 4246 ἐκεῖνος
3435 4199 3449 4245 ;

1874 4294 1927 4348 τί
1954 4293 2009 4347 δὲ
2033 4290 2141 4346 ἀπὸ
2158 4289 2253 4345 τοῦ
2282 4289 2458 4363 βιαίου
2481 4288 2747 4355 θανάτου;
2770 4288 2821 4341 τί
2845 4287 2901 4341 δέ
2923 4286 3033 4341 ἀπὸ
3052 4286 3155 4357 τῆς
3180 4284 3450 4349 ἁλύσεως,

1875 4393 2002 4448 τίδὲ
2027 4394 2136 4448 ἀπὸ
2156 4393 2251 4447 τοῦ
2274 4390 2678 4463 δεσμωτηρίου;
2711 4389 2875 4454 Τίνας
2895 4388 2953 4443 δὲ
2971 4388 3073 4442 οὐκ
3097 4385 3323 4460 ῶρθωσε
3345 4384 3455 4439 τῶν

1875 4496 2003 4552 νοῦν
2034 4496 2289 4567 ἐχόντων,
2326 4495 2420 4564 ἀφ’
2452 4486 2528 4548 ὧν
2566 4488 2742 4556 εἶπεν,
2771 4492 2866 4562 ἀφ’
2892 4484 2967 4546 ὧν
3007 4489 3229 4557 ἔπαθεν,
3260 4488 3354 4559 ἀφ’
3379 4483 3455 4544 ὧν

1877 4599 1957 4653 ἔτι
1978 4598 2072 4652 καὶ
2100 4597 2197 4652 νῦν
2220 4595 2480 4667 κηρύττει
2505 4594 2573 4648 τὰ
2601 4592 2761 4658 αὐτὰ,
2790 4591 2827 4647 6
2855 4594 2952 4647 καὶ
2975 4591 3097 4645 τότε
3124 4590 3268 4655 ζῶνς
3300 4588 3452 4661 [5H]

1878 4698 1970 4768 Μὴ
2022 4698 2200 4751 τοίνυν
2230 4695 2379 4763 λέγε,
2403 4692 2502 4747 Διά
2535 4693 2585 4747 τί
2612 4692 2962 4764 συνεχωρήθη
3002 4692 3327 4756 ἀποθανεῖνς
3380 4690 3455 4744 Οὐ

1878 4798 1987 4871 γὰρ
2039 4798 2268 4860 θάνατος
2301 4791 2390 4868 ἦν,
2431 4793 2569 4849 ἀλλά
2593 4794 2857 4863 στέφανος
2875 4792 2937 4845 τὸ
2971 4790 3359 4862 γεγενημένον,
3393 4790 3456 4845 ού

1877 4899 2124 4972 τελευτὴ,
2159 4898 2298 4954 ἀλλά
2336 4895 2583 4969 μείζονος
2617 4895 2764 4968 ζωῆς
2801 4896 3079 4968 προοίμια.
3118 4894 3275 4949 Μάθε
3311 4894 3459 4964 φιλο-

1882 5004 2088 5074 σοφεῖν,
2120 5002 2215 5055 καὶ
2235 5002 2298 5055 ού
2323 5000 2481 5071 μόνον
2502 4997 2654 5052 οὐδὲν
2684 4999 2750 5051 ἐκ
2772 4997 2882 5051 τῶν
2904 4994 3161 5051 τοιούτων
3188 4994 3454 5068 βλαϐήσῃ,

1880 5104 2016 5159 ἀλλά
2045 5100 2142 5157 καὶ⁵
2167 5101 2237 5155 τὰ
2268 5100 2503 5172 μέγιστα
2530 5097 2832 5171 κερδανεῖς.

1953 5216 2019 5270 Τι
2077 5213 2135 5268 δὲ
2181 5214 2215 5286 ή
2272 5211 2547 5281 Αἰγυπτία
2583 5212 2751 5284 γυνής
2784 5212 2858 5267 Ού
2900 5213 3313 5286 κατηγόρησενς
3361 5212 3462 5266 οὐκ

1883 5316 2362 5385 ἐσυκοφάντησενς
2391 5310 2492 5365 οὐκ
2535 5312 2692 5382 ἔδησε
2727 5311 2817 5365 τὸν
2845 5312 3090 5377 δίκαιον;
3131 5314 3231 5366 οὐκ
3264 5314 3345 5377 είς
3377 5311 3462 5367 6s-

1884 5418 2202 5492 σμωτήριον
2233 5412 2610 5479 ἐνέϐαλεν;,ού
2642 5412 2735 5467 τὸν
2767 5414 2897 5486 περὶ
2926 5412 3035 5467 τῶν
3069 5412 3313 5484 ἐσχάτων
3336 5412 3463 5466 ἐπε-

1885 5522 2165 5595 κρέμασεν
2188 5515 2339 5589 αὺτῷ
2368 5515 2636 5582 κίνδυνον;
2661 5516 2761 5572 οὐκ
2788 5515 2987 5582 ἀνεῖλε,
3009 5515 3071 5569 τό
3091 5532 3156 5584 γε
3184 5519 3265 5580 εἰς
3288 5514 3461 5585 αὐτὴν

1883 5617 2050 5693 ῆκον;
2078 5618 2139 5673 ού
2175 5615 2422 5691 πονηρὰν
2477 5615 2773 5692 περιέθηκε
2828 5615 3022 5684 δόξαν;
3050 5616 3117 5672 Τί
3158 5611 3251 5671 οὖν
3300 5607 3461 5668 αὐτὸν

1945 5781 1969 5809 ⁸
1992 5776 2090 5830 Alii
2112 5777 2190 5826 καὶ
2216 5777 2271 5827 οὐ
2294 5774 2565 5829 σιωπῶντα.
