4030 6206
529 355 640 416 935

533 475 943 551 παρέϐλαψενῆ
989 477 1148 540 τότε,
1200 476 1234 548 ἢ
1273 475 1404 542 xiv;
1457 474 1728 547 Καθάπερ
1783 473 1894 548 γάρ
1944 473 2117 544 πυρὸς

528 569 797 642 ἄνθρακες
830 570 936 623 ὑπὸ
989 569 1208 642 ἀχύρων
1246 568 1652 638 καλυφθέντες,
1683 567 1834 642 παρά
1884 570 1983 640 μὲν
2017 569 2116 640 τὴν

527 661 704 733 ἀρχὴν
725 659 1042 726 σκιάζεσθαι
1065 660 1334 726 δοκοῦσιν,
1365 660 1564 732 ἀθρόον
1583 661 1642 714 δέ
1669 661 2026 731 διαφαγόντες
2048 658 2118 713 τά

527 752 873 822 ἐπικείμενα,
892 752 959 806 δι’
972 751 1154 808 αὑτῶν
1173 753 1399 808 ἐκείνων
1418 755 1526 808 τῶν
1539 753 1760 826 ἀχύρων
1779 753 2116 826 ὑψηλοτέραν

527 839 828 894 ἀνάπτουσι
859 842 960 913 τὴν
1010 842 1220 912 φλόγα’
1256 841 1400 898 οὑτω
1449 839 1514 914 δὴ
1562 845 1656 898 καὶ
1696 845 1728 914 ἡ
1771 844 1975 915 ἀρετὴ,
2013 843 2117 897 κᾶν

529 932 932 1004 ἐπηρεάζεσθαι
970 933 1128 1006 δοκῇ,
1153 933 1380 1007 ὕστερον
1407 935 1470 1006 δὴ
1503 936 1571 988 δι’
1600 935 1780 990 αὐτῶν
1805 935 1915 989 τῶν
1941 935 2118 990 κωλυ-

529 1023 720 1096 μάτων
755 1025 1018 1096 μειζόνως
1045 1027 1216 1094 ἀνθεῖ,
1245 1029 1338 1082 καὶ
1371 1031 1450 1092 εἰς
1483 1027 1650 1082 αὑτὸν
1679 1029 1870 1100 φθάνει
1906 1030 1998 1083 τὸν
2029 1030 2119 1083 οὑ-

529 1117 714 1188 ρανόν.
745 1119 811 1172 Τί
843 1119 953 1193 γάρ
987 1120 1406 1194 μακαριώτερον
1453 1122 1648 1190 γένοιτ’
1705 1122 1770 1176 ἂν
1801 1121 1894 1176 τοῦ
1940 1123 2120 1176 νεανί-

531 1227 664 1267 σκου
693 1214 903 1268 ἐκείνου
931 1213 1020 1269 διά
1045 1214 1144 1286 τὴν
1164 1216 1553 1285 συκοφαντίαν,
1571 1216 1658 1270 διά
1677 1217 1777 1287 τὴν
1803 1215 2116 1289 ἐπιϐουλὴν,

526 1305 590 1358 οὑ
615 1305 706 1358 διὰ
729 1306 820 1359 τὸν
850 1305 1041 1379 θρόνον
1072 1307 1166 1362 τὸν
1195 1308 1254 1361 ἐν
1283 1307 1568 1380 Αἰγύπτῳ,
1601 1309 1720 1362 ούδέ
1751 1308 1838 1362 διὰ
1873 1310 1974 1381 τὴν
2002 1310 2123 1363 ἐκεῖ

528 1397 848 1469 βασιλείανς
882 1399 1166 1470 Πανταχοῦ
1195 1401 1304 1472 γάρ
1335 1403 1448 1464 τοῖς
1482 1400 1712 1455 πάθεσιν
1741 1403 1798 1455 αί
1825 1401 1994 1468 δόξαι,
2024 1401 2120 1456 καὶ

529 1491 586 1542 αἱ
624 1490 1027 1562 εὐδοκιμήσεις,
1069 1493 1168 1546 καὶ¹
1210 1497 1258 1548 οἱ
1297 1495 1550 1565 στέφανοί
1583 1496 1690 1550 εἰσι
1730 1495 2118 1568 συγκεκληρω-

529 1583 704 1652 μένοι.
731 1584 866 1654 Οὐχὶ
907 1585 1000 1638 καὶ
1031 1585 1219 1640 τοῦτον
1258 1587 1460 1652 πάντες
1501 1587 1778 1660 πανταχοῦ
1803 1589 1902 1658 τῆς
1937 1589 2120 1642 οἰκου-

532 1675 704 1747 μένης
734 1675 949 1748 ᾄδουσι;
983 1679 1092 1732 Καὶ
1118 1680 1312 1752 χρόνον
1338 1680 1593 1735 τοσούτου
1622 1680 1824 1754 πλῆθος
1852 1663 1952 1734 οὐκ
1985 1681 2121 1752 ἐμά-

530 1785 698 1839 ρανεν
725 1768 892 1823 αὑτοῦ
919 1771 1019 1840 τὴν
1058 1773 1302 1844 μνήμην,
1341 1772 1479 1827 ἀλλά
1513 1771 1622 1826 τῶν
1653 1770 1948 1842 βασιλικῶν
1977 1771 2121 1826 εἰκός

530 1879 638 1914 νων
670 1860 1054 1934 λαμπρότερόν
1089 1881 1148 1917 τε
1172 1865 1268 1918 καὶ
1289 1864 1676 1936 διαρκέστερον
1706 1865 1762 1918 αἰ
1797 1864 1898 1934 τῆς
1917 1864 2121 1936 ἀρετῆς

529 1954 629 2009 καὶ
663 1953 765 2026 τῆς
789 1955 1146 2026 σωφροσύνης
1165 1955 1332 2009 αὑτοῦ
1367 1955 1642 2026 πανταχοῦ
1664 1955 1764 2026 τῆς
1793 1956 2121 2027 οἰκουμένης

531 2046 848 2100 ἀνάκεινται
872 2047 1100 2112 εἰκόνες,
1131 2049 1188 2102 ἐν
1210 2050 1276 2120 τῇ
1312 2048 1621 2119 Ῥωμαίων,
1645 2049 1703 2101 ἐν
1728 2051 1794 2119 τῇ
1828 2046 2120 2119 βαρϐάρων

532 2139 708 2212 χώρα,
739 2141 797 2194 ἐν
828 2139 906 2209 τῷ
933 2141 1166 2193 ἑκάστου
1201 2139 1485 2205 συνειδότι,
1517 2142 1576 2193 ἐν
1605 2143 1671 2212 τῇ
1695 2139 1925 2193 ἑκάστου
1954 2139 2122 2208 γλώτ·

532 2249 621 2302 τῃ.
661 2231 774 2284 Καὶ
801 2229 1014 2302 ὁρῶμεν
1048 2230 1212 2284 αὑτὸν
1254 2230 1492 2296 ἅπαντες
1532 2233 1918 2303 κατεχόμενον,
1957 2229 2120 2302 ἀρχό·

535 2339 737 2393 μενον,
787 2321 1229 2393 συμϐουλεύοντα
1287 2325 1352 2393 τῇ
1415 2321 1576 2394 ἀθλία
1626 2323 1720 2377 καὶ
1787 2323 2118 2396 ταλαιπώρῳ

535 2413 714 2486 πόρνη
743 2412 812 2467 τά
840 2413 1051 2479 δέοντα,
1083 2414 1179 2468 καὶ
1204 2414 1273 2468 τά
1316 2416 1446 2488 παρ’
1482 2415 1678 2470 ἐαυτοῦ
1721 2416 1898 2470 πάντα
1945 2417 2120 2487 εἰσφέ-

537 2523 700 2578 ροντα
731 2507 811 2570 εἰς
855 2505 952 2578 τὴν
994 2505 1212 2578 ἐκείνης
1245 2508 1544 2579 σωτηρίαν,
1585 2507 1913 2579 ἐντρέποντα
1951 2509 2121 2582 αὑτῆς

531 2599 631 2671 τὴν
655 2599 1074 2671 ἀναισχυντίαν,
1109 2599 1406 2654 σϐεννύντα
1441 2601 1541 2672 τὴν
1569 2601 1820 2673 κάμινον,
1851 2603 2122 2674 χειμῶνος

535 2691 845 2765 ἐξαρπάσαι
884 2690 1269 2764 ἐπιχειροῦντα
1309 2691 1585 2762 χαλεποῦ,
1636 2693 1732 2745 καὶ
1785 2694 1864 2756 είς
1893 2693 1990 2764 τὴν
2023 2709 2122 2762 γα-

532 2782 701 2854 λήνην
719 2782 1018 2856 όρμίζοντα
1037 2801 1050 2814 ο
1081 2781 1201 2838 εἶτα
1221 2784 1406 2856 ἐπειδὴ
1429 2783 1490 2836 τὸ
1515 2783 1803 2839 κλυδώνιον
1826 2786 2118 2857 ὑπερέσχε,

535 2879 631 2961 καὶ
662 2877 996 2950 ὑπέραντλον
1036 2877 1099 2930 τὸ
1134 2877 1316 2932 πλοῖον
1362 2877 1574 2946 γέγονε,
1605 2877 1952 2948 ναυαγούσης
1985 2879 2126 2934 ἐκεί-

534 2983 657 3039 νης,
681 2968 956 3038 φεύγοντα
995 2968 1066 3023 τά
1109 2969 1354 3040 κύματα,
1383 2970 1476 3023 καὶ
1515 2969 1608 3023 ἐπὶ
1641 2969 1738 3041 τὴν
1771 2969 1995 3040 στερεὰν
2023 2969 2125 3040 τῆς

539 3059 896 3132 σωφροσύνης
933 3061 1134 3133 πέτραν
1167 3061 1454 3134 τρέχοντα,
1473 3062 1566 3115 καὶ
1599 3063 1668 3116 τά
1705 3063 1896 3133 ἱμάτια
1924 3064 1982 3116 ἐν
2006 3065 2124 3128 ταῖς

537 3153 754 3224 ἐκείνης
784 3152 1270 3224 καταλιμπάνοντα
1303 3154 1480 3226 χερσὶ,
1523 3155 1618 3206 καὶ
1649 3153 1760 3208 τῶν
1795 3154 1894 3219 τάς
1923 3171 2127 3226 πορφυ-

542 3244 697 3318 ρίδας
731 3243 1214 3318 περιϐεϐλημένων
1243 3246 1627 3319 λαμπρότερον
1654 3249 1711 3300 ἐν
1735 3250 1799 3316 τῇ
1825 3248 2124 3319 γυμνότητι

540 3339 886 3410 φαινόμενον,
919 3337 1016 3392 καὶ
1057 3338 1310 3412 καθάπερ
1343 3341 1571 3412 ἀριστέα
1619 3340 1744 3396 τινὰ
1781 3342 1876 3395 καὶ
1907 3359 2126 3414 τροπαιο

537 3432 700 3503 οῦχον
727 3431 972 3503 φαιδρὸν,
999 3432 1060 3486 τδ
1086 3433 1348 3505 τρόπαιον
1372 3435 1606 3490 ἱστῶντα
1625 3437 1724 3509 τῆς
1747 3437 2121 3510 σωφροσύνης.

541 3522 653 3575 Καὶ
683 3520 805 3574 οὑδέ
845 3522 902 3574 ἐν
930 3520 1144 3586 τούτοις
1189 3522 1533 3594 καταλύομεν
1564 3524 1663 3596 τὴν
1704 3525 1944 3596 μνήμην,
1991 3523 2127 3577 ἀλλά

544 3617 854 3689 περαιτέρω
892 3617 1204 3690 προϊόντες,
1235 3618 1450 3690 δρῶμεν
1501 3615 1664 3670 αὑτὸν
1711 3615 1873 3670 πάλιν
1921 3617 2004 3680 είς
2048 3615 2127 3668 δε·

544 3711 856 3782 σμωτηριον
882 3709 1254 3781 ἀπαγόμενον,
1277 3708 1583 3780 δεδεμένον,
1611 3707 1928 3779 αὐχμῶντα,
1960 3707 2126 3760 πολὺν

542 3804 660 3858 ἐκεῖ
681 3803 982 3874 τηκόμενον
1028 3804 1237 3876 χρόνον.
1280 3802 1390 3858 Καὶ
1419 3801 1508 3856 διὰ
1534 3800 1707 3856 ταῦτα
1735 3799 1970 3872 μάλιστα
2005 3801 2128 3854 θαυ-

625 3895 790 3968 ζομεν
821 3895 982 3950 πάλιν
1014 3896 1201 3963 αὐτὸν,
1249 3895 1650 3968 μακαρίζομεν,
1687 3891 2125 3966 ἐκπληττύμεευι,

543 3986 896 4058 ἐπαινοῦμεν.
933 3987 1054 4042 Κάν
1098 3987 1330 4060 σώφρων
1375 4006 1460 4052 τις
1487 3985 1544 4063 ᾗ,
1580 3987 1776 4044 ἐννοῶν
1823 3987 1986 4041 αὑτὸν
2033 4004 2131 4041 σωο

546 4081 910 4154 φρονέστερος
941 4081 1181 4151 γίνεται·
1218 4083 1322 4136 κάν
1353 4083 1672 4147 ἀκόλαστος,
1703 4081 1889 4153 τάχιον
1918 4081 1996 4153 τῷ
2057 4081 2131 4135 δι-

543 4174 792 4244 ηγήματι
821 4173 956 4245 πρὸς
989 4173 1340 4246 σωφροσύνην
1377 4174 1720 4246 μεθίσταται,
1757 4176 1852 4229 καὶ
1897 4175 2002 4230 ὑπὸ
2033 4175 2133 4244 τῆς

550 4267 796 4340 ἱστορίας
825 4266 1063 4340 ἀμείνων
1091 4266 1440 4322 καθίσταται.
1477 4269 1660 4324 Ταῦτα
1699 4270 1879 4326 τοίνυν
1917 4269 2132 4324 ἅπαντα

547 4340 926 4430 ἀναλέγοντες,
947 4359 1114 4432 μηδὲν
1133 4359 1474 4430 θορυϐεῖσθε,
1515 4361 1654 4416 ἀλλά
1693 4362 1786 4418 καὶ
1816 4363 2133 4436 κερδαίνετε

549 4455 616 4510 ἐκ
643 4453 753 4509 τῶν
799 4453 1102 4524 γινομένων
1124 4469 1137 4483 ⁶
1176 4453 1335 4524 καὶὴ
1381 4451 1490 4507 τῶν
1535 4452 1841 4508 ἀθλούντων
1887 4455 2134 4528 ὑπομονὴ

549 4547 785 4618 γινέσθω
815 4545 1108 4620 καρτερίας
1139 4547 1267 4618 ὑμῖν
1308 4545 1653 4610 διδάσκαλος,
1694 4547 1790 4600 καὶ
1832 4547 2012 4602 πάντα
2044 4548 2134 4601 τὸν

554 4641 670 4713 βίον
696 4641 804 4695 τῶν
842 4639 1105 4710 γενναίων
1138 4639 1232 4692 καὶ
1275 4639 1496 4710 ὑψηλῶν
1527 4637 1735 4710 ἀνδρῶν
1786 4637 2020 4710 δρῶντες
2045 4639 2134 4694 διά

552 4733 706 4808 [512]
732 4733 992 4788 τοιούτων
1025 4731 1408 4803 ὑφαινόμενον,
1436 4731 1511 4804 μὴ
1545 4731 1854 4802 συγχεῖσθε,
1885 4731 2018 4802 μηδέ
2045 4747 2137 4786 τα-

553 4829 837 4902 ράττεσθε,
873 4829 1010 4901 μήτε
1043 4829 1158 4892 τοῖς
1197 4825 1368 4888 ἰδίοις,
1403 4825 1542 4896 μήτε
1568 4827 1682 4890 τοῖς
1715 4825 1916 4888 κοινοῖς
1951 4841 2138 4896 πειρα-

556 4923 744 4990 σμοῖς*
799 4919 892 4974 καὶ
920 4920 1030 4994 γάρ
1079 4921 1174 4974 καὶ
1221 4921 1253 4992 ἡ
1298 4917 1592 4995 Ἐκκλησία
1637 4918 1696 4986 ἐξ
1753 4919 1931 4989 ἀρχῆς
1962 4919 2138 4984 οὓτως

555 5012 792 5082 ἐτράφη,
827 5012 1003 5076 οὑτως
1048 5013 1280 5086 ηὐξήθη.
1312 5011 1494 5084 Μηδὲν
1531 5005 1624 5065 οὖν
1651 5009 1921 5077 ξενίζεσθε
1941 5026 1954 5040 ⁸
1985 5011 2138 5066 οὐδὲν

555 5105 666 5178 γάρ
693 5105 922 5169 ἀπεικὸς
946 5105 1189 5173 γέγονεν.
1223 5103 1363 5157 Ἀλλ’
1385 5102 1574 5176 ῶσπερ
1591 5104 1684 5158 ἐπὶ
1713 5103 1823 5158 τῶν
1845 5103 2134 5175 βιωτικῶν,

553 5197 658 5250 οὑκ
690 5195 820 5251 ἔνθα
858 5196 1038 5268 ἄχυρα
1079 5198 1173 5250 καὶ
1213 5196 1428 5267 χόρτος,
1461 5198 1583 5251 οὐδέ
1615 5197 1745 5252 ἔνθα
1787 5198 1992 5270 ἄμμος,
2023 5198 2138 5252 ἀλλ’

557 5285 688 5339 ἐνθα
736 5285 959 5360 χρυσίον
1012 5288 1109 5340 καὶ
1161 5290 1537 5360 μαργαρῖται,
1569 5289 1691 5341 ἐκεῖ
1739 5289 1996 5360 πειραταὶ
2046 5287 2139 5340 καὶ

1291 349 1348 412 S.
1389 353 1681 412 JOANN.S
1716 349 2208 424 CHRYSOSTOMI
2245 351 2564 412 ARCHI‘EP.
2609 354 3152 416 CONSTANTINOP.

3699 349 3811 412 εεσ

2219 471 2357 528 ἀλλά
2386 473 2480 529 καὶ
2523 475 2743 548 μείζονα
2792 475 2883 529 τὸν
2919 472 3148 529 πλοῦτον
3179 471 3280 542 τῆς
3315 468 3515 544 ἀρετῆς
3549 467 3813 538 συνάγουο

2220 577 2338 615 σινο
2367 562 2396 616 δ
2421 561 2485 634 δὴ
2515 563 2610 617 καὶ
2643 561 2738 618 νῦν
2768 562 2982 632 γέγονε.

2213 637 2224 659 ”
2289 652 2431 721 Κεφ.
2475 651 2582 722 κγ’.
2632 653 2743 706 Καὶ
2781 651 3036 722 μέγιστον
3065 648 3130 704 ἄν
3159 665 3243 713 τις
3272 646 3429 701 τοῦτο
3457 645 3684 718 σημεῖον
3708 643 3804 697 καὶ

2219 738 2310 792 τοῦ
2336 738 2566 792 πλούτου
2587 739 2696 792 τῶν
2718 737 3178 812 κατορθωμάτων,
3201 735 3295 790 καὶ
3314 735 3413 806 τῆς
3429 733 3679 804 ἀνδρείας
3705 733 3804 801 τῆς

2234 827 2560 896 Ἐκκλησίας
2585 828 2884 898 ποιήσειεν.
2915 826 3046 879 ’Ὀτε
3078 826 3185 897 γάρ
3214 820 3354 877 εἶδεν
3386 822 3556 894 αὐτὴν
3580 823 3609 874 ό
3639 836 3803 890 πονηο

2223 914 2314 987 ρὸς
2325 915 2536 987 δαίμων
2548 917 2753 980 ἐκεῖνος
2774 915 3052 973 ἀνθοῦσαν,
3069 911 3479 984 εὐδοκιμοῦσαν,
3499 913 3558 964 ἐν
3577 908 3806 980 βραχείᾳ

2221 1003 2414 1075 καιροῦ
2458 1006 2597 1075 ῥοπῇ
2630 1003 2767 1076 πρὸς
2801 1001 2936 1072 ὕψος
2973 1001 3373 1072 ἀνενεχθεῖσαν,
3410 998 3612 1070 πολλὴν
3642 1015 3806 1052 σπου-

2219 1093 2314 1164 δὴν
2354 1096 2412 1146 ἐν
2460 1095 2596 1165 αὐτῇ
2640 1091 2952 1164 γινομένην,
2998 1091 3094 1145 καὶ
3129 1092 3228 1164 τὴν
3282 1088 3383 1160 μὲν
3433 1089 3544 1142 τῶν
3585 1088 3807 1141 εὐδοχια

2225 1181 2470 1252 μούντων
2500 1183 2592 1236 ἐπὶ
2621 1181 2684 1234 τὸ
2732 1179 2941 1250 βέλτιον
2977 1178 3240 1244 ἐπίδοσιν,
3281 1175 3388 1230 τῶν
3421 1178 3478 1230 ἐν
3510 1175 3808 1246 ἁμαρτίαις

2222 1267 2442 1334 ζώντων
2479 1271 2560 1332 εἰς
2595 1269 2881 1338 μετάνοιαν
2911 1267 3264 1338 μετάστασιν,
3291 1265 3474 1318 πᾶσαν
3507 1262 3606 1334 τὴν
3635 1264 3810 1316 οἰκου-

2225 1356 2391 1426 μένην
2418 1355 2528 1408 ἀπδ
2557 1356 2659 1426 τῆς
2684 1355 2891 1418 πόλεως
2915 1353 3121 1424 ταύτης
3151 1351 3570 1424 κατηχουμένην
3586 1369 3600 1383 ο
3627 1351 3808 1406 πάντα

2221 1444 2472 1514 ἐκίνησεν
2495 1443 2660 1498 αὑτοῦ
2685 1444 2754 1496 τά
2781 1444 3172 1514 μηχανήματα,
3193 1443 3288 1496 καὶ
3314 1439 3609 1511 ἐμφυλίους
3636 1439 3808 1509 ἀνῆψε

2221 1532 2513 1603 πολέμους.
2556 1531 2668 1586 Καὶ
2699 1531 2954 1602 καθάπερ
2997 1530 3091 1584 ἐπὶ
3119 1529 3214 1584 τοῦ
3253 1528 3397 1594 Ἰὼϐ,
3428 1527 3525 1583 νῦν
3574 1527 3673 1598 μέν
3710 1527 3812 1596 τὴν

2222 1619 2499 1692 ἀποϐολὴν
2527 1619 2636 1674 τῶν
2683 1621 3006 1692 χρημάτων,
3052 1617 3151 1673 νῦν
3181 1618 3238 1672 δὲ
3267 1617 3367 1690 τὴν
3405 1615 3680 1679 ἀπαιδίαν,
3713 1613 3810 1670 νῦν

2219 1710 2276 1764 δὲ
2309 1709 2407 1781 τὴν
2433 1709 2748 1782 ἀρρωστίαν
2773 1709 2867 1763 τοῦ
2903 1707 3176 1780 σώματος,
3213 1707 3309 1762 νῦν
3333 1705 3391 1759 δέ
3424 1706 3523 1777 τῆς
3554 1703 3812 1774 γυναικὸς

2221 1798 2318 1868 τὴν
2365 1797 2635 1868 γλῶτταν,
2685 1797 2782 1854 νῦν
2832 1797 2889 1851 δὲ
2923 1795 3030 1850 τῶν
3071 1795 3238 1866 φίλων
3273 1793 3342 1848 τά
3384 1792 3561 1862 ὀνείδη
3612 1792 3706 1845 καὶ
3739 1790 3814 1844 τὰ

2223 1882 2534 1956 σκώμματα
2559 1885 2651 1939 καὶ
2675 1885 2776 1949 τὰς
2797 1885 3064 1957 λοιδορίας
3094 1883 3263 1938 ἐκίνει
3287 1881 3432 1936 κατά
3457 1880 3551 1934 τοῦ
3577 1878 3810 1938 δικαίου,

2223 1973 2318 2027 καλ⁸
2353 1973 2461 2026 πᾶν
2518 1967 2658 2037 εἶδος
2710 1973 3122 2044 μηχανημάτων
3163 1970 3471 2042 προσῆγεν
3522 1967 3666 2022 οῦτω
3714 1967 3814 2021 καὶ

2221 2060 2314 2114 ἐπὶ
2343 2062 2443 2132 τῆς
2481 2060 2827 2132 Ἐκκλησίας,
2870 2061 2958 2114 διά
2993 2058 3184 2129 φίλων,
3222 2058 3290 2110 δι’
3324 2055 3557 2127 ἐχθρῶν,
3586 2055 3674 2109 διά
3703 2054 3816 2109 τῶν

2222 2149 2302 2212 είς
2334 2149 2536 2220 κλῆρον
2569 2149 2886 2210 τελούντων,
2918 2147 3008 2202 διά
3048 2147 3156 2201 τῶν
3189 2147 3268 2210 εἰς
3311 2145 3602 2216 στρατείαν
3646 2161 3820 2198 κατα.-

2221 2233 2556 2308 λεγομένων,
2583 2236 2669 2291 διά
2696 2236 2804 2289 τῶν
2835 2237 3108 2306 ἐπισκοπῇ
3143 2233 3546 2304 τετιμημένων,
3573 2231 3661 2285 διά
3691 2231 3821 2285 πολ-

2222 2321 2331 2378 λῶν
2359 2325 2454 2377 καὶ
2487 2323 2845 2378 παντοδαπῶν
2873 2322 3182 2395 προσώπων
3211 2321 3282 2374 τά
3307 2319 3437 2391 παρ’
3462 2317 3660 2372 ἐαυτοῦ
3697 2315 3822 2371 ἐκί-

2223 2428 2406 2482 νησεν.
2448 2410 2588 2464 Ἀλλ’
2611 2412 2761 2481 ὅμως
2807 2411 2900 2464 καὶ
2943 2407 3181 2464 τοσαῦτα
3233 2406 3710 2480 μηχανησάμενος,
3748 2405 3821 2459 οὑ

2227 2499 2390 2572 μόνον
2435 2499 2606 2572 αὑτὴν
2642 2501 2747 2554 οὑκ
2777 2499 3088 2566 ἐσάλευσεν,
3118 2497 3256 2552 ἀλλά
3289 2498 3384 2551 καὶ
3423 2494 3824 2568 λαμπροτέραν

2225 2588 2501 2659 ἐποίησεν.
2527 2587 2606 2641 Οὐ
2633 2588 2742 2658 γάρ
2775 2587 2920 2641 οὑτω
2944 2587 3065 2641 τότε
3097 2587 3172 2659 μὴ
3213 2585 3576 2656 ἐνοχλουμένη
3605 2583 3827 2647 πάντας

2225 2676 2563 2739 ἐπαίδευσεν,
2592 2675 2668 2739 ὡς
2701 2675 2797 2729 νῦν
2831 2675 2932 2748 τὴν
2967 2674 3296 2745 οἰκουμένην
3326 2673 3568 2727 διδάσκει
3611 2687 3824 2744 xam-

2229 2770 2362 2840 ρεῖν,
2403 2765 2856 2840 ἐγκρατεύεσθαι,
2899 2766 3088 2838 φέρειν
3133 2767 3498 2839 πειρασμοὺς,
3533 2764 3828 2836 ὑπομονὴν

2225 2854 2668 2920 ἐπιδείκνυσθαι,
2725 2859 3087 2928 καταφρονεῖν
3139 2855 3249 2911 τῶν
3296 2854 3589 2926 βιωτικῶν,
3646 2853 3830 2924 μηδὲν

2225 2941 2475 3013 ἡγεῖσθαι
2505 2941 2759 3008 πλοῦτον,
2784 2943 3093 3014 καταγελᾷν
3121 2943 3308 3015 τιμῆς,
3341 2943 3620 3014 ὑπερορᾷν
3647 2941 3832 2995 θανά.-

2223 3047 2340 3097 του,
2370 3033 2729 3103 καταφρονεῖν
2763 3031 2929 3102 ζωῆς,
2973 3031 3214 3103 πατρίδα
3238 3032 3510 3103 ,παρορᾷν,
3559 3029 3832 3094 οἰκείους,

2227 3119 2434 3191 φίλους,
2477 3123 2778 3188 συγγενεῖς,
2812 3122 2949 3192 πρὸς
2994 3121 3211 3190 σφαγὰς
3243 3120 3574 3174 ἀποδύεσθαι
3611 3135 3833 3174 παντο-

2224 3207 2433 3274 δαπάς,
2481 3209 2623 3262 κατά
2677 3207 2846 3279 ξιφῶν
2891 3209 3172 3282 κυϐιστᾷν,
3207 3209 3276 3263 τά
3319 3207 3553 3281 λαμπρά
3597 3209 3836 3264 ἅπαντα

2226 3296 2319 3350 τοῦ
2359 3297 2623 3370 παρόντος
2651 3295 2788 3366 βίου,
2819 3296 2986 3368 τιμὰς
3012 3295 3160 3366 λέγω
3197 3297 3294 3350 καὶ
3321 3295 3501 3361 δόξας,
3531 3296 3625 3349 καὶ
3657 3295 3840 3350 δυνα-

2230 3383 2433 3453 στείαν,
2461 3385 2557 3438 καὶ
2587 3383 2818 3456 τρυφὴν,
2851 3385 2960 3438 τῶν
2990 3384 3194 3456 ἡρινῶν
3236 3383 3414 3439 ἀνθῶν
3463 3383 3841 3456 εὐτελέστερα

2229 3467 2368 3526 εἶναι
2404 3471 2670 3544 νομίζειν.
2700 3473 2812 3527 Καὶ
2849 3471 3020 3526 ταῦτα
3047 3471 3146 3544 οὐχ
3196 3466 3275 3536 εἷς
3331 3470 3578 3526 παιδεύει
3633 3469 3839 3544 μόνον,

2227 3561 2347 3615 οὐδέ
2379 3561 2472 3616 δύο
2500 3563 2596 3616 καί
2633 3565 2804 3635 τρεῖς,
2839 3561 2975 3616 ἀλλά
3007 3563 3112 3626 πᾶς
3141 3563 3170 3616 ὁ
3201 3561 3351 3626 λαὸς,
3383 3561 3478 3616 καί
3505 3562 3567 3615 οὑ
3601 3560 3692 3615 διά
3725 3563 3845 3635 ρη-

2231 3651 2417 3724 μάτων
2454 3653 2638 3724 μόνον,
2681 3652 2818 3706 ἀλλά
2848 3654 2942 3706 καὶ
2979 3651 3067 3706 διά
3101 3653 3466 3724 πραγμάτων,
3494 3651 3563 3705 δι’
3594 3644 3673 3705 ὧν
3713 3653 3843 3708 πά-

2232 3756 2440 3811 σχουσι,
2470 3741 2536 3794 δι’
2565 3736 2640 3796 ὧν
2679 3739 2890 3806 νικῶσι,
2921 3741 2989 3795 δι’
3019 3733 3094 3795 ὧν
3133 3739 3505 3813 περιγίνονται
3546 3738 3659 3793 τῶν
3697 3740 3846 3795 ἐπι-

2231 3825 2612 3894 ϐουλευόντων,
2651 3828 2718 3883 δι’
2744 3821 2820 3882 ὧν
2859 3828 3162 3900 ἀδάμαντος
3197 3827 3552 3900 στερρότερον
3580 3827 3678 3881 καὶ
3716 3828 3846 3883 πέ-

2230 3934 2367 3988 τρας
2415 3916 2764 3988 ἰσχυρότερον
2806 3916 3020 3971 ᾶπαντα
3066 3917 3376 3984 στέγουσιν,
3421 3916 3522 3988 οὑχ
3551 3916 3694 3970 ὅπλα
3735 3933 3848 3972 κι-

2233 4003 2470 4068 νοῦντες,
2504 4005 2566 4059 οὑ
2613 4005 2850 4076 πόλεμον
2899 4004 3348 4076 ἀναρριπίζοντες
3375 4043 3390 4068 ,
3428 4003 3490 4056 οὐ
3541 4002 3718 4069 τόξον,
3765 4005 3846 4060 οὐ

2235 4092 2363 4164 βέλη
2409 4091 2685 4162 ἀφιέντες,
2729 4093 2846 4147 ἀλλ’
2882 4091 3160 4162 ὑπομονῆς
3194 4094 3372 4162 τεῖχος
3399 4091 3631 4154 ἕκαστος
3660 4107 3848 4164 περι-

2232 4180 2602 4252 ϐεϐλημένος,
2652 4180 2980 4252 ἐμμελείας,
3024 4181 3365 4252 πραότητος,
3412 4179 3696 4251 ἀνδρείας,
3747 4179 3850 4252 τῷ

2233 4269 2464 4339 πάσχειν
2483 4269 2670 4330 κακῶς
2698 4269 2824 4331 τοὺς
2843 4266 3132 4330 ποιοῦντας
3177 4269 3242 4320 ἐκ
3283 4265 3478 4320 πολλοῦ
3521 4265 3614 4320 τοῦ
3659 4281 3846 4338 περι-

2234 4372 2386 4421 οντος
2414 4357 2887 4428 καταισχύνοντες.

2308 4497 2458 4572 [515]
2483 4500 2620 4569 Κεφ.
2651 4501 2748 4554 κδ’.
2769 4499 2882 4554 Νῦν
2902 4501 3034 4569 γοῦν
3055 4493 3200 4556 οὗτοι
3218 4497 3317 4572 μὲν
3327 4494 3542 4566 φαιδρῷ
3555 4493 3634 4565 τῷ
3652 4511 3850 4566 προσ-

2231 4579 2366 4654 ώπῳ
2381 4627 2397 4651 ,
2441 4583 2746 4657 ἐλευθέροις
2759 4588 2871 4648 τοῖς
2885 4584 3204 4656 ὀφθαλμοῖς,
3219 4581 3501 4656 παρρησίᾳ
3517 4580 3713 4651 άφὰτῳ
3728 4597 3852 4633 κε-

2235 4683 2341 4739 χρη
2351 4667 2519 4738 μένοι,
2539 4668 2619 4732 είς
2639 4668 2844 4738 ἀγοράν
2868 4667 3248 4740 ἐμϐάλλουσιν,
3265 4670 3321 4721 ἐν
3335 4667 3534 4728 οἰκίαις
3561 4661 3856 4734 στρέφον-

2235 4767 2348 4814 ται,
2374 4751 2510 4822 πρὸς
2539 4751 2634 4823 τὴν
2668 4751 2884 4818 σύναξιν
2917 4750 3306 4822 αὐτομολοῦσιν
3325 4767 3340 4780 ·
3372 4751 3421 4804 οἰ
3443 4747 3497 4802 δέ
3529 4746 3705 4801 ταῦτα
3730 4748 3855 4817 ἐρ-

2239 4834 2562 4904 γασάμενοι,
2589 4833 2710 4888 καθ’
2726 4835 2955 4889 ’ἑκαστον
2976 4834 3084 4888 τῶν
3111 4834 3540 4906 μηχανημάτων,
3563 4825 3639 4884 ὧν
3662 4846 3859 4900 προσ.

2239 4918 2484 4988 ἀγουσιν,
2513 4917 3000 4990 ἐγκαλυπτόμενοι,
3034 4919 3130 4973 καὶ
3162 4917 3398 4990 πονηρὸν
3431 4915 3578 4968 ἑνδον
3609 4914 3857 4985 ἔχοντες

2243 5005 2499 5070 συνειδὸς,
2527 5003 2838 5075 τρέμοντες,
2879 5002 3194 5066 δεδοικότες,
3241 5000 3384 5056 οὑτω
3415 5000 3681 5072 περιίασι,
3713 4997 3859 5051 Καὶ

2240 5087 2493 5162 καθάπερ
2532 5088 2600 5140 τὰ
2631 5086 2939 5141 δυσθάνατα
2979 5087 3088 5139 τῶν
3125 5086 3330 5158 θηρίων
3373 5083 3510 5155 μετά
3549 5082 3860 5154 προτέραν

2241 5171 2336 5226 καὶ
2367 5171 2625 5242 δευτέραν
2657 5170 2870 5244 πληγὴν
2905 5171 3276 5243 σφοδροτέρως
3311 5168 3676 5224 ἐπιπίπτοντα
3700 5169 3862 5233 ταῖς

2239 5257 2466 5326 αἰχμαῖς
2489 5254 2597 5308 τῶν
2624 5253 2888 5324 δοράτων,
2911 5253 3298 5326 χαλεπωτέραν
3325 5250 3665 5306 καθ’ἐαυτῶν
3692 5249 3870 5306 ὠθεῖ

2239 5337 2339 5407 τὴν
2377 5336 2616 5408 πληγὴν,
2658 5337 2727 5390 τά
2770 5339 3065 5410 τραύματα
3117 5339 3197 5403 εἰς
3231 5337 3370 5392 αὑτά
3419 5337 3487 5390 τὰ
3538 5334 3880 5408 σπλάγχνα,

2239 5418 2539 5490 δεχόμενα’
2571 5421 2666 5474 καὶ
2703 5421 2772 5476 τά
2815 5420 3034 5494 κύματα
3060 5424 3178 5485 ταῖς
3211 5423 3438 5492 πέτραις
3481 5418 3884 5490 ῥηγνύμενα,

2242 5504 2307 5572 τῇ
2342 5501 2675 5577 σφοδροτέρᾳ
2723 5505 2872 5580 ῥύμῃ
2917 5505 3088 5561 ἐαυτά
3138 5505 3391 5576 ἀφανίζει
3439 5503 3535 5557 καὶ
3575 5501 3830 5562 διαλύει
3865 5527 3892 5544 ο

2241 5586 2385 5642 οὕτω
2430 5587 2495 5660 δὴ
2544 5590 2640 5642 καί⁵
2693 5582 2837 5644 οὗτοι
2886 5591 2953 5645 δι’
2981 5584 3056 5646 ὧν
3097 5588 3561 5652 ἐπιϐουλεύουσιν,
3608 5587 3901 5663 Muret;

2248 5671 2448 5744 μᾶλλον
2475 5673 2507 5747 ἢ
2549 5674 2759 5746 ἐτέροις
2792 5675 2861 5730 τά
2893 5677 3146 5752 βάραθρα
3189 5675 3591 5749 ἀνορύττουσιν.
3623 5674 3684 5726 0i
3741 5681 3890 5750 μὲκ,

2248 5755 2357 5830 γάρ
2395 5756 2868 5831 ἐπιϐουλευόμενοι
2898 5761 2996 5830 τὴν
3015 5762 3367 5834 οἰκουμένην,
3400 5759 3636 5833 ἐραστάς
3669 5757 3904 5834 ἔχου-

2253 5859 2356 5912 σιν,
2388 5841 2696 5907 ἐπαινέτας,
2729 5841 3062 5918 θαυμαστάς.
3095 5844 3586 5918 ἀνακηρύττοντας,
3625 5857 3906 5935 στι-εφη-

556 5379 986 5432 καταποντισταὶ
1033 5380 1127 5434 καὶ
1175 5378 1370 5450 λῃσταί
1403 5380 1501 5435 καί⁸
1533 5379 1854 5452 τοιχωρύχοι
1900 5378 2141 5450 συνεχῶς

558 5464 836 5539 ἐνοχλοῦσι
869 5469 966 5521 καὶ
995 5467 1472 5523 ἐπιϐουλεύουσιν·
1508 5469 1654 5524 οὕτω
1688 5470 1781 5523 καὶ
1827 5471 1856 5524 ό
1893 5467 2140 5532 διάϐολος

561 5555 689 5612 ινθα
703 5557 771 5611 ἂν
795 5557 878 5630 ἴδη
902 5556 1131 5612 πλοῦτον
1157 5559 1524 5631 συναγόμενον
1544 5560 1634 5616 τὸν
1654 5561 1794 5616 κατὰ
1821 5559 2021 5632 ψυχὴν,
2042 5561 2140 5614 καὶ

566 5651 827 5724 εὐπορίαν
871 5648 1155 5714 εὐσεϐείας
1195 5651 1626 5724 ἐπιτεινομένην,
1659 5655 1776 5708 ἐκεῖ
1804 5651 1875 5709 τὰ
1906 5653 2142 5725 μηχανή-

568 5762 717 5817 ματα
761 5745 943 5817 ῖστησι
975 5743 1069 5800 καὶ
1099 5743 1388 5818 προσάγει.
1426 5745 1567 5800 Ἀλλ’
1599 5744 1694 5800 ἐάν
1715 5749 1764 5801 οἱ
1803 5744 2142 5801 ἐπιϐουλευό-

571 5857 718 5913 μενοι
747 5839 1009 5912 νήφωσιν,
1033 5839 1094 5896 ού
1127 5838 1288 5914 μόνον
1308 5836 1456 5893 οὐδὲν
1491 5835 1838 5892 ἐλαττοῦνται
1871 5835 2137 5904 ἐντεῦθεν,
