  <div class='ocr_page' id='page_1' title='image "/cluster/home/n/w/nwhite01/storage/ocr_20150623/52/hvd.32044073501918/148.png"; bbox 0 0 4030 6206; ppageno 0'>
   <div class='ocr_carea' id='block_1_1' title="bbox 228 255 2598 327">
    <p class='ocr_par' dir='ltr' id='par_1_1' title="bbox 228 255 2598 327">
     <span class='ocr_line' id='line_1_1' title="bbox 228 255 2598 327; baseline 0.008 -21"><span class='ocrx_word' id='word_1_1' title='bbox 228 256 325 316; x_wconf 68' lang='lat'><strong>59.5</strong></span> <span class='ocrx_word' id='word_1_2' title='bbox 1010 255 1103 313; x_wconf 72' lang='lat' dir='ltr'><strong>AD</strong></span> <span class='ocrx_word' id='word_1_3' title='bbox 1142 255 1270 314; x_wconf 78' lang='lat' dir='ltr'><strong>EOS</strong></span> <span class='ocrx_word' id='word_1_4' title='bbox 1290 257 1407 327; x_wconf 78' lang='lat' dir='ltr'><strong>QUI</strong></span> <span class='ocrx_word' id='word_1_5' title='bbox 1446 259 1945 317; x_wconf 76' lang='lat' dir='ltr'><strong>SCANUALIZATI</strong></span> <span class='ocrx_word' id='word_1_6' title='bbox 1984 261 2181 319; x_wconf 70' lang='lat' dir='ltr'><strong>SUNT.</strong></span> <span class='ocrx_word' id='word_1_7' title='bbox 2225 264 2355 321; x_wconf 87' lang='lat' dir='ltr'><strong>LIB.</strong></span> <span class='ocrx_word' id='word_1_8' title='bbox 2398 265 2598 325; x_wconf 84' lang='lat' dir='ltr'><strong>UNUS.</strong></span> 
     </span>
    </p>
   </div>
   <div class='ocr_carea' id='block_1_2' title="bbox 229 370 1815 442">
    <p class='ocr_par' dir='ltr' id='par_1_2' title="bbox 229 370 1815 442">
     <span class='ocr_line' id='line_1_2' title="bbox 229 370 1815 442; baseline 0.003 -16"><span class='ocrx_word' id='word_1_9' title='bbox 229 372 357 442; x_wconf 82' lang='lat' dir='ltr'><strong>Quid</strong></span> <span class='ocrx_word' id='word_1_10' title='bbox 404 370 565 441; x_wconf 83' lang='lat' dir='ltr'><strong>lgltur</strong></span> <span class='ocrx_word' id='word_1_11' title='bbox 606 378 697 426; x_wconf 82' lang='lat' dir='ltr'><strong>aut</strong></span> <span class='ocrx_word' id='word_1_12' title='bbox 745 379 856 428; x_wconf 94' lang='lat' dir='ltr'><strong>tum</strong></span> <span class='ocrx_word' id='word_1_13' title='bbox 892 372 1167 442; x_wconf 89' lang='lat' dir='ltr'><strong>temporis,</strong></span> <span class='ocrx_word' id='word_1_14' title='bbox 1199 381 1290 429; x_wconf 91' lang='lat' dir='ltr'><strong>aut</strong></span> <span class='ocrx_word' id='word_1_15' title='bbox 1341 390 1483 430; x_wconf 91' lang='lat' dir='ltr'><strong>nunc</strong></span> <span class='ocrx_word' id='word_1_16' title='bbox 1522 375 1596 431; x_wconf 85' lang='lat' dir='ltr'><strong>illi</strong></span> <span class='ocrx_word' id='word_1_17' title='bbox 1634 375 1815 432; x_wconf 92' lang='lat' dir='ltr'><strong>nocuit</strong></span> 
     </span>
    </p>
   </div>
   <div class='ocr_carea' id='block_1_3' title="bbox 233 463 1817 537">
    <p class='ocr_par' dir='ltr' id='par_1_3' title="bbox 233 463 1817 537">
     <span class='ocr_line' id='line_1_3' title="bbox 233 463 1817 537; baseline 0.001 -16"><span class='ocrx_word' id='word_1_18' title='bbox 233 463 376 537; x_wconf 75' lang='lat' dir='ltr'><strong>(Gen.</strong></span> <span class='ocrx_word' id='word_1_19' title='bbox 404 463 524 534; x_wconf 78' lang='lat'><strong>39)?</strong></span> <span class='ocrx_word' id='word_1_20' title='bbox 552 464 624 521; x_wconf 88' lang='lat' dir='ltr'><strong>Ut</strong></span> <span class='ocrx_word' id='word_1_21' title='bbox 673 464 817 519; x_wconf 88' lang='lat' dir='ltr'><strong>enim</strong></span> <span class='ocrx_word' id='word_1_22' title='bbox 857 464 958 520; x_wconf 87' lang='lat' dir='ltr'><strong>sub</strong></span> <span class='ocrx_word' id='word_1_23' title='bbox 999 464 1166 536; x_wconf 82' lang='lat' dir='ltr'><strong>paleis</strong></span> <span class='ocrx_word' id='word_1_24' title='bbox 1206 466 1502 521; x_wconf 85' lang='lat' dir='ltr'><strong>absconditi</strong></span> <span class='ocrx_word' id='word_1_25' title='bbox 1554 468 1817 523; x_wconf 91' lang='lat' dir='ltr'><strong>carbones</strong></span> 
     </span>
    </p>
   </div>
   <div class='ocr_carea' id='block_1_4' title="bbox 229 554 1818 628">
    <p class='ocr_par' dir='ltr' id='par_1_4' title="bbox 229 554 1818 628">
     <span class='ocr_line' id='line_1_4' title="bbox 229 554 1818 628; baseline 0.002 -18"><span class='ocrx_word' id='word_1_26' title='bbox 229 555 359 627; x_wconf 77' lang='lat' dir='ltr'><strong>ignis</strong></span> <span class='ocrx_word' id='word_1_27' title='bbox 381 554 634 610; x_wconf 82' lang='lat' dir='ltr'><strong>videntur</strong></span> <span class='ocrx_word' id='word_1_28' title='bbox 654 554 869 626; x_wconf 84' lang='lat' dir='ltr'><strong>quidem</strong></span> <span class='ocrx_word' id='word_1_29' title='bbox 900 555 1057 610; x_wconf 81' lang='lat' dir='ltr'><strong>initio</strong></span> <span class='ocrx_word' id='word_1_30' title='bbox 1071 556 1349 623; x_wconf 89' lang='lat' dir='ltr'><strong>occultari,</strong></span> <span class='ocrx_word' id='word_1_31' title='bbox 1375 556 1668 628; x_wconf 88' lang='lat' dir='ltr'><strong>derepente</strong></span> <span class='ocrx_word' id='word_1_32' title='bbox 1686 572 1818 613; x_wconf 89' lang='lat' dir='ltr'><strong>vero</strong></span> 
     </span>
    </p>
   </div>
   <div class='ocr_carea' id='block_1_5' title="bbox 227 649 1818 721">
    <p class='ocr_par' dir='ltr' id='par_1_5' title="bbox 227 649 1818 721">
     <span class='ocr_line' id='line_1_5' title="bbox 227 649 1818 721; baseline 0.001 -17"><span class='ocrx_word' id='word_1_33' title='bbox 227 665 342 720; x_wconf 73' lang='lat' dir='ltr'><strong>qua:</strong></span> <span class='ocrx_word' id='word_1_34' title='bbox 377 649 630 719; x_wconf 90' lang='lat' dir='ltr'><strong>imposita</strong></span> <span class='ocrx_word' id='word_1_35' title='bbox 654 657 781 704; x_wconf 89' lang='lat' dir='ltr'><strong>sunt</strong></span> <span class='ocrx_word' id='word_1_36' title='bbox 807 658 1209 717; x_wconf 88' lang='lat' dir='ltr'><strong>consumentes,</strong></span> <span class='ocrx_word' id='word_1_37' title='bbox 1234 664 1332 721; x_wconf 91' lang='lat' dir='ltr'><strong>per</strong></span> <span class='ocrx_word' id='word_1_38' title='bbox 1353 650 1498 721; x_wconf 85' lang='lat' dir='ltr'><strong>ipsas</strong></span> <span class='ocrx_word' id='word_1_39' title='bbox 1531 652 1818 721; x_wconf 69' lang='lat' dir='ltr'><strong>paleaesu-</strong></span> 
     </span>
    </p>
   </div>
   <div class='ocr_carea' id='block_1_6' title="bbox 230 741 1817 800">
    <p class='ocr_par' dir='ltr' id='par_1_6' title="bbox 230 741 1817 800">
     <span class='ocr_line' id='line_1_6' title="bbox 230 741 1817 800; baseline 0 -1"><span class='ocrx_word' id='word_1_40' title='bbox 230 741 527 799; x_wconf 82' lang='lat' dir='ltr'><strong>blimiorem</strong></span> <span class='ocrx_word' id='word_1_41' title='bbox 556 742 828 797; x_wconf 83' lang='lat' dir='ltr'><strong>flammam</strong></span> <span class='ocrx_word' id='word_1_42' title='bbox 857 743 1159 799; x_wconf 89' lang='lat' dir='ltr'><strong>accendunt</strong></span> <span class='ocrx_word' id='word_1_43' title='bbox 1189 761 1204 799; x_wconf 88' lang='lat'><strong>:</strong></span> <span class='ocrx_word' id='word_1_44' title='bbox 1237 743 1310 799; x_wconf 89' lang='lat' dir='ltr'><strong>ita</strong></span> <span class='ocrx_word' id='word_1_45' title='bbox 1339 744 1591 799; x_wconf 86' lang='lat' dir='ltr'><strong>nimirum</strong></span> <span class='ocrx_word' id='word_1_46' title='bbox 1623 752 1678 799; x_wconf 89' lang='lat' dir='ltr'><strong>et</strong></span> <span class='ocrx_word' id='word_1_47' title='bbox 1707 745 1817 800; x_wconf 81' lang='lat' dir='ltr'><strong>vir-</strong></span> 
     </span>
    </p>
   </div>
   <div class='ocr_carea' id='block_1_7' title="bbox 231 834 1816 907">
    <p class='ocr_par' dir='ltr' id='par_1_7' title="bbox 231 834 1816 907">
     <span class='ocr_line' id='line_1_7' title="bbox 231 834 1816 907; baseline 0.002 -18"><span class='ocrx_word' id='word_1_48' title='bbox 231 848 330 900; x_wconf 89' lang='lat' dir='ltr'><strong>tus,</strong></span> <span class='ocrx_word' id='word_1_49' title='bbox 372 836 497 890; x_wconf 87' lang='lat' dir='ltr'><strong>licet</strong></span> <span class='ocrx_word' id='word_1_50' title='bbox 540 834 882 890; x_wconf 83' lang='lat' dir='ltr'><strong>contumeliis</strong></span> <span class='ocrx_word' id='word_1_51' title='bbox 924 834 1065 891; x_wconf 82' lang='lat' dir='ltr'><strong>aflici</strong></span> <span class='ocrx_word' id='word_1_52' title='bbox 1109 835 1377 901; x_wconf 88' lang='lat' dir='ltr'><strong>vidcatur,‘</strong></span> <span class='ocrx_word' id='word_1_53' title='bbox 1422 846 1606 907; x_wconf 91' lang='lat' dir='ltr'><strong>postea</strong></span> <span class='ocrx_word' id='word_1_54' title='bbox 1639 846 1816 892; x_wconf 84' lang='lat' dir='ltr'><strong>tamen</strong></span> 
     </span>
    </p>
   </div>
   <div class='ocr_carea' id='block_1_8' title="bbox 232 926 1815 1000">
    <p class='ocr_par' dir='ltr' id='par_1_8' title="bbox 232 926 1815 1000">
     <span class='ocr_line' id='line_1_8' title="bbox 232 926 1815 1000; baseline 0.003 -20"><span class='ocrx_word' id='word_1_55' title='bbox 232 928 309 982; x_wconf 88' lang='lat' dir='ltr'><strong>his</strong></span> <span class='ocrx_word' id='word_1_56' title='bbox 337 927 470 998; x_wconf 86' lang='lat' dir='ltr'><strong>ipsis</strong></span> <span class='ocrx_word' id='word_1_57' title='bbox 489 926 783 983; x_wconf 82' lang='lat' dir='ltr'><strong>obstaculis</strong></span> <span class='ocrx_word' id='word_1_58' title='bbox 813 937 1056 997; x_wconf 88' lang='lat' dir='ltr'><strong>promota</strong></span> <span class='ocrx_word' id='word_1_59' title='bbox 1082 927 1238 984; x_wconf 78' lang='lat' dir='ltr'><strong>ﬂoret</strong></span> <span class='ocrx_word' id='word_1_60' title='bbox 1262 928 1493 999; x_wconf 84' lang='lat' dir='ltr'><strong>amplius</strong></span> <span class='ocrx_word' id='word_1_61' title='bbox 1516 969 1532 996; x_wconf 92' lang='lat'><strong>,</strong></span> <span class='ocrx_word' id='word_1_62' title='bbox 1559 938 1614 985; x_wconf 92' lang='lat' dir='ltr'><strong>et</strong></span> <span class='ocrx_word' id='word_1_63' title='bbox 1636 929 1703 984; x_wconf 91' lang='lat' dir='ltr'><strong>ad</strong></span> <span class='ocrx_word' id='word_1_64' title='bbox 1731 929 1815 1000; x_wconf 86' lang='lat' dir='ltr'><strong>ip-</strong></span> 
     </span>
    </p>
   </div>
   <div class='ocr_carea' id='block_1_9' title="bbox 231 1018 1820 1087">
    <p class='ocr_par' dir='ltr' id='par_1_9' title="bbox 231 1018 1820 1087">
     <span class='ocr_line' id='line_1_9' title="bbox 231 1018 1820 1087; baseline 0.002 -14"><span class='ocrx_word' id='word_1_65' title='bbox 231 1033 343 1073; x_wconf 86' lang='lat' dir='ltr'><strong>sum</strong></span> <span class='ocrx_word' id='word_1_66' title='bbox 396 1018 587 1073; x_wconf 68' lang='lat' dir='ltr'><strong>caelum</strong></span> <span class='ocrx_word' id='word_1_67' title='bbox 642 1018 903 1087; x_wconf 74' lang='lat' dir='ltr'><strong>pervenit.</strong></span> <span class='ocrx_word' id='word_1_68' title='bbox 955 1018 1092 1087; x_wconf 86' lang='lat' dir='ltr'><strong>Quid</strong></span> <span class='ocrx_word' id='word_1_69' title='bbox 1142 1021 1283 1075; x_wconf 89' lang='lat' dir='ltr'><strong>enim</strong></span> <span class='ocrx_word' id='word_1_70' title='bbox 1334 1020 1427 1076; x_wconf 93' lang='lat' dir='ltr'><strong>illo</strong></span> <span class='ocrx_word' id='word_1_71' title='bbox 1480 1020 1820 1077; x_wconf 89' lang='lat' dir='ltr'><strong>adolescente</strong></span> 
     </span>
    </p>
   </div>
   <div class='ocr_carea' id='block_1_10' title="bbox 233 1112 1814 1185">
    <p class='ocr_par' dir='ltr' id='par_1_10' title="bbox 233 1112 1814 1185">
     <span class='ocr_line' id='line_1_10' title="bbox 233 1112 1814 1185; baseline 0.001 -18"><span class='ocrx_word' id='word_1_72' title='bbox 233 1121 442 1184; x_wconf 84' lang='lat' dir='ltr'><strong>propter</strong></span> <span class='ocrx_word' id='word_1_73' title='bbox 470 1112 793 1168; x_wconf 81' lang='lat' dir='ltr'><strong>calumniam</strong></span> <span class='ocrx_word' id='word_1_74' title='bbox 819 1113 1025 1169; x_wconf 82' lang='lat' dir='ltr'><strong>beatius</strong></span> <span class='ocrx_word' id='word_1_75' title='bbox 1056 1112 1168 1169; x_wconf 83' lang='lat' dir='ltr'><strong>ﬁeri</strong></span> <span class='ocrx_word' id='word_1_76' title='bbox 1204 1122 1405 1185; x_wconf 87' lang='lat' dir='ltr'><strong>potest,</strong></span> <span class='ocrx_word' id='word_1_77' title='bbox 1435 1125 1653 1185; x_wconf 83' lang='lat' dir='ltr'><strong>propter</strong></span> <span class='ocrx_word' id='word_1_78' title='bbox 1680 1114 1814 1169; x_wconf 81' lang='lat' dir='ltr'><strong>insi-</strong></span> 
     </span>
    </p>
   </div>
   <div class='ocr_carea' id='block_1_11' title="bbox 233 1206 1821 1280">
    <p class='ocr_par' dir='ltr' id='par_1_11' title="bbox 233 1206 1821 1280">
     <span class='ocr_line' id='line_1_11' title="bbox 233 1206 1821 1280; baseline 0 -16"><span class='ocrx_word' id='word_1_79' title='bbox 233 1207 365 1275; x_wconf 85' lang='lat' dir='ltr'><strong>dias,</strong></span> <span class='ocrx_word' id='word_1_80' title='bbox 397 1223 503 1263; x_wconf 92' lang='lat' dir='ltr'><strong>non</strong></span> <span class='ocrx_word' id='word_1_81' title='bbox 531 1214 750 1278; x_wconf 81' lang='lat' dir='ltr'><strong>propter</strong></span> <span class='ocrx_word' id='word_1_82' title='bbox 777 1206 1024 1261; x_wconf 88' lang='lat' dir='ltr'><strong>thronum</strong></span> <span class='ocrx_word' id='word_1_83' title='bbox 1057 1208 1108 1261; x_wconf 95' lang='lat' dir='ltr'><strong>in</strong></span> <span class='ocrx_word' id='word_1_84' title='bbox 1138 1207 1392 1280; x_wconf 59' lang='lat' dir='ltr'><strong>Egypto,</strong></span> <span class='ocrx_word' id='word_1_85' title='bbox 1414 1225 1585 1278; x_wconf 90' lang='lat' dir='ltr'><strong>neque</strong></span> <span class='ocrx_word' id='word_1_86' title='bbox 1601 1217 1821 1280; x_wconf 90' lang='lat' dir='ltr'><strong>propter</strong></span> 
     </span>
    </p>
   </div>
   <div class='ocr_carea' id='block_1_12' title="bbox 234 1298 1822 1370">
    <p class='ocr_par' dir='ltr' id='par_1_12' title="bbox 234 1298 1822 1370">
     <span class='ocr_line' id='line_1_12' title="bbox 234 1298 1822 1370; baseline 0.001 -16"><span class='ocrx_word' id='word_1_87' title='bbox 234 1314 450 1369; x_wconf 83' lang='lat' dir='ltr'><strong>regnum</strong></span> <span class='ocrx_word' id='word_1_88' title='bbox 502 1298 613 1354; x_wconf 87' lang='lat' dir='ltr'><strong>illic</strong></span> <span class='ocrx_word' id='word_1_89' title='bbox 657 1299 981 1353; x_wconf 86' lang='lat' dir='ltr'><strong>obtentum?</strong></span> <span class='ocrx_word' id='word_1_90' title='bbox 1022 1298 1248 1365; x_wconf 90' lang='lat' dir='ltr'><strong>Semper</strong></span> <span class='ocrx_word' id='word_1_91' title='bbox 1289 1301 1431 1355; x_wconf 90' lang='lat' dir='ltr'><strong>enim</strong></span> <span class='ocrx_word' id='word_1_92' title='bbox 1487 1300 1822 1370; x_wconf 87' lang='lat' dir='ltr'><strong>passionibus</strong></span> 
     </span>
    </p>
   </div>
   <div class='ocr_carea' id='block_1_13' title="bbox 233 1389 1823 1462">
    <p class='ocr_par' dir='ltr' id='par_1_13' title="bbox 233 1389 1823 1462">
     <span class='ocr_line' id='line_1_13' title="bbox 233 1389 1823 1462; baseline 0.001 -17"><span class='ocrx_word' id='word_1_93' title='bbox 233 1391 419 1462; x_wconf 75' lang='lat' dir='ltr'><strong>gloria,</strong></span> <span class='ocrx_word' id='word_1_94' title='bbox 447 1401 499 1446; x_wconf 89' lang='lat' dir='ltr'><strong>et</strong></span> <span class='ocrx_word' id='word_1_95' title='bbox 515 1389 824 1456; x_wconf 87' lang='lat' dir='ltr'><strong>celebritas,</strong></span> <span class='ocrx_word' id='word_1_96' title='bbox 842 1399 895 1445; x_wconf 87' lang='lat' dir='ltr'><strong>et</strong></span> <span class='ocrx_word' id='word_1_97' title='bbox 919 1405 1131 1445; x_wconf 65' lang='lat' dir='ltr'><strong>corona:</strong></span> <span class='ocrx_word' id='word_1_98' title='bbox 1155 1398 1281 1446; x_wconf 90' lang='lat' dir='ltr'><strong>sunt</strong></span> <span class='ocrx_word' id='word_1_99' title='bbox 1304 1392 1606 1461; x_wconf 83' lang='lat' dir='ltr'><strong>assignatae.</strong></span> <span class='ocrx_word' id='word_1_100' title='bbox 1633 1391 1823 1446; x_wconf 85' lang='lat' dir='ltr'><strong>Nonne</strong></span> 
     </span>
    </p>
   </div>
   <div class='ocr_carea' id='block_1_14' title="bbox 235 1481 1823 1552">
    <p class='ocr_par' dir='ltr' id='par_1_14' title="bbox 235 1481 1823 1552">
     <span class='ocr_line' id='line_1_14' title="bbox 235 1481 1823 1552; baseline 0.002 -17"><span class='ocrx_word' id='word_1_101' title='bbox 235 1482 387 1535; x_wconf 87' lang='lat' dir='ltr'><strong>istum</strong></span> <span class='ocrx_word' id='word_1_102' title='bbox 433 1481 709 1537; x_wconf 87' lang='lat' dir='ltr'><strong>celebrant</strong></span> <span class='ocrx_word' id='word_1_103' title='bbox 761 1496 949 1537; x_wconf 89' lang='lat' dir='ltr'><strong>omnes</strong></span> <span class='ocrx_word' id='word_1_104' title='bbox 995 1482 1192 1552; x_wconf 89' lang='lat' dir='ltr'><strong>ubique</strong></span> <span class='ocrx_word' id='word_1_105' title='bbox 1248 1491 1509 1537; x_wconf 90' lang='lat' dir='ltr'><strong>terrarum</strong></span> <span class='ocrx_word' id='word_1_106' title='bbox 1565 1483 1589 1535; x_wconf 88' lang='lat'><strong>?</strong></span> <span class='ocrx_word' id='word_1_107' title='bbox 1639 1482 1823 1552; x_wconf 88' lang='lat' dir='ltr'><strong>Neque</strong></span> 
     </span>
    </p>
   </div>
   <div class='ocr_carea' id='block_1_15' title="bbox 238 1572 1819 1644">
    <p class='ocr_par' dir='ltr' id='par_1_15' title="bbox 238 1572 1819 1644">
     <span class='ocr_line' id='line_1_15' title="bbox 238 1572 1819 1644; baseline 0.001 -19"><span class='ocrx_word' id='word_1_108' title='bbox 238 1582 377 1627; x_wconf 90' lang='lat' dir='ltr'><strong>tanto</strong></span> <span class='ocrx_word' id='word_1_109' title='bbox 403 1572 556 1644; x_wconf 90' lang='lat' dir='ltr'><strong>lapsu</strong></span> <span class='ocrx_word' id='word_1_110' title='bbox 590 1573 846 1642; x_wconf 88' lang='lat' dir='ltr'><strong>temporis</strong></span> <span class='ocrx_word' id='word_1_111' title='bbox 870 1573 988 1642; x_wconf 88' lang='lat' dir='ltr'><strong>ejus</strong></span> <span class='ocrx_word' id='word_1_112' title='bbox 1029 1573 1286 1627; x_wconf 86' lang='lat' dir='ltr'><strong>memoria</strong></span> <span class='ocrx_word' id='word_1_113' title='bbox 1327 1573 1603 1628; x_wconf 88' lang='lat' dir='ltr'><strong>intermori</strong></span> <span class='ocrx_word' id='word_1_114' title='bbox 1628 1574 1819 1643; x_wconf 89' lang='lat' dir='ltr'><strong>potuit,</strong></span> 
     </span>
    </p>
   </div>
   <div class='ocr_carea' id='block_1_16' title="bbox 236 1665 1823 1737">
    <p class='ocr_par' dir='ltr' id='par_1_16' title="bbox 236 1665 1823 1737">
     <span class='ocr_line' id='line_1_16' title="bbox 236 1665 1823 1737; baseline 0 -15"><span class='ocrx_word' id='word_1_115' title='bbox 236 1665 323 1722; x_wconf 79' lang='lat' dir='ltr'><strong>sed</strong></span> <span class='ocrx_word' id='word_1_116' title='bbox 349 1666 479 1736; x_wconf 88' lang='lat' dir='ltr'><strong>ipsis</strong></span> <span class='ocrx_word' id='word_1_117' title='bbox 506 1666 666 1737; x_wconf 86' lang='lat' dir='ltr'><strong>regiis</strong></span> <span class='ocrx_word' id='word_1_118' title='bbox 684 1666 1002 1736; x_wconf 81' lang='lat' dir='ltr'><strong>imaginibus</strong></span> <span class='ocrx_word' id='word_1_119' title='bbox 1030 1666 1346 1723; x_wconf 86' lang='lat' dir='ltr'><strong>illustriores</strong></span> <span class='ocrx_word' id='word_1_120' title='bbox 1377 1682 1441 1723; x_wconf 86' lang='lat' dir='ltr'><strong>ac</strong></span> <span class='ocrx_word' id='word_1_121' title='bbox 1461 1666 1823 1722; x_wconf 90' lang='lat' dir='ltr'><strong>diuturniores</strong></span> 
     </span>
    </p>
   </div>
   <div class='ocr_carea' id='block_1_17' title="bbox 234 1757 1820 1830">
    <p class='ocr_par' dir='ltr' id='par_1_17' title="bbox 234 1757 1820 1830">
     <span class='ocr_line' id='line_1_17' title="bbox 234 1757 1820 1830; baseline 0.002 -20"><span class='ocrx_word' id='word_1_122' title='bbox 234 1758 441 1813; x_wconf 82' lang='lat' dir='ltr'><strong>virtutis</strong></span> <span class='ocrx_word' id='word_1_123' title='bbox 469 1758 588 1828; x_wconf 85' lang='lat' dir='ltr'><strong>ejus</strong></span> <span class='ocrx_word' id='word_1_124' title='bbox 617 1771 672 1813; x_wconf 85' lang='lat' dir='ltr'><strong>ct</strong></span> <span class='ocrx_word' id='word_1_125' title='bbox 708 1757 969 1814; x_wconf 87' lang='lat' dir='ltr'><strong>castitatis</strong></span> <span class='ocrx_word' id='word_1_126' title='bbox 1011 1758 1270 1828; x_wconf 78' lang='lat' dir='ltr'><strong>imagines</strong></span> <span class='ocrx_word' id='word_1_127' title='bbox 1313 1758 1506 1830; x_wconf 87' lang='lat' dir='ltr'><strong>ubique</strong></span> <span class='ocrx_word' id='word_1_128' title='bbox 1558 1769 1820 1814; x_wconf 89' lang='lat' dir='ltr'><strong>terrarum</strong></span> 
     </span>
    </p>
   </div>
   <div class='ocr_carea' id='block_1_18' title="bbox 235 1850 1822 1922">
    <p class='ocr_par' dir='ltr' id='par_1_18' title="bbox 235 1850 1822 1922">
     <span class='ocr_line' id='line_1_18' title="bbox 235 1850 1822 1922; baseline 0.001 -18"><span class='ocrx_word' id='word_1_129' title='bbox 235 1860 359 1905; x_wconf 91' lang='lat' dir='ltr'><strong>sunt</strong></span> <span class='ocrx_word' id='word_1_130' title='bbox 381 1853 585 1920; x_wconf 67' lang='lat' dir='ltr'><strong>positae,</strong></span> <span class='ocrx_word' id='word_1_131' title='bbox 605 1850 657 1904; x_wconf 91' lang='lat' dir='ltr'><strong>in</strong></span> <span class='ocrx_word' id='word_1_132' title='bbox 676 1851 1060 1917; x_wconf 78' lang='lat' dir='ltr'><strong>Romanorum,</strong></span> <span class='ocrx_word' id='word_1_133' title='bbox 1079 1851 1129 1906; x_wconf 90' lang='lat' dir='ltr'><strong>in</strong></span> <span class='ocrx_word' id='word_1_134' title='bbox 1149 1850 1495 1906; x_wconf 88' lang='lat' dir='ltr'><strong>barbarorum</strong></span> <span class='ocrx_word' id='word_1_135' title='bbox 1517 1850 1750 1922; x_wconf 89' lang='lat' dir='ltr'><strong>regione,</strong></span> <span class='ocrx_word' id='word_1_136' title='bbox 1770 1852 1822 1905; x_wconf 92' lang='lat' dir='ltr'><strong>in</strong></span> 
     </span>
    </p>
   </div>
   <div class='ocr_carea' id='block_1_19' title="bbox 234 1943 1825 2015">
    <p class='ocr_par' dir='ltr' id='par_1_19' title="bbox 234 1943 1825 2015">
     <span class='ocr_line' id='line_1_19' title="bbox 234 1943 1825 2015; baseline 0.001 -18"><span class='ocrx_word' id='word_1_137' title='bbox 234 1946 649 2014; x_wconf 78' lang='lat' dir='ltr'><strong>uniuscujusque</strong></span> <span class='ocrx_word' id='word_1_138' title='bbox 673 1944 1026 2009; x_wconf 84' lang='lat' dir='ltr'><strong>conscientia,</strong></span> <span class='ocrx_word' id='word_1_139' title='bbox 1058 1945 1110 1999; x_wconf 90' lang='lat' dir='ltr'><strong>in</strong></span> <span class='ocrx_word' id='word_1_140' title='bbox 1142 1945 1397 2015; x_wconf 86' lang='lat' dir='ltr'><strong>cujusque</strong></span> <span class='ocrx_word' id='word_1_141' title='bbox 1427 1943 1622 2015; x_wconf 83' lang='lat' dir='ltr'><strong>lingua.</strong></span> <span class='ocrx_word' id='word_1_142' title='bbox 1658 1944 1723 1999; x_wconf 88' lang='lat' dir='ltr'><strong>Et</strong></span> <span class='ocrx_word' id='word_1_143' title='bbox 1742 1944 1825 1999; x_wconf 85' lang='lat' dir='ltr'><strong>in-</strong></span> 
     </span>
    </p>
   </div>
   <div class='ocr_carea' id='block_1_20' title="bbox 237 2035 1822 2106">
    <p class='ocr_par' dir='ltr' id='par_1_20' title="bbox 237 2035 1822 2106">
     <span class='ocr_line' id='line_1_20' title="bbox 237 2035 1822 2106; baseline -0.001 -15"><span class='ocrx_word' id='word_1_144' title='bbox 237 2049 454 2092; x_wconf 87' lang='lat' dir='ltr'><strong>tuemur</strong></span> <span class='ocrx_word' id='word_1_145' title='bbox 477 2036 621 2091; x_wconf 89' lang='lat' dir='ltr'><strong>illum</strong></span> <span class='ocrx_word' id='word_1_146' title='bbox 665 2051 854 2092; x_wconf 89' lang='lat' dir='ltr'><strong>omnes</strong></span> <span class='ocrx_word' id='word_1_147' title='bbox 884 2036 1133 2102; x_wconf 88' lang='lat' dir='ltr'><strong>detineri,</strong></span> <span class='ocrx_word' id='word_1_148' title='bbox 1169 2036 1359 2106; x_wconf 91' lang='lat' dir='ltr'><strong>premi,</strong></span> <span class='ocrx_word' id='word_1_149' title='bbox 1408 2036 1691 2092; x_wconf 89' lang='lat' dir='ltr'><strong>consulere</strong></span> <span class='ocrx_word' id='word_1_150' title='bbox 1721 2035 1822 2090; x_wconf 81' lang='lat' dir='ltr'><strong>mi-</strong></span> 
     </span>
    </p>
   </div>
   <div class='ocr_carea' id='block_1_21' title="bbox 233 2128 1823 2202">
    <p class='ocr_par' dir='ltr' id='par_1_21' title="bbox 233 2128 1823 2202">
     <span class='ocr_line' id='line_1_21' title="bbox 233 2128 1823 2202; baseline -0.002 -16"><span class='ocrx_word' id='word_1_151' title='bbox 233 2145 370 2186; x_wconf 68' lang='lat' dir='ltr'><strong>sera:</strong></span> <span class='ocrx_word' id='word_1_152' title='bbox 389 2137 445 2184; x_wconf 91' lang='lat' dir='ltr'><strong>et</strong></span> <span class='ocrx_word' id='word_1_153' title='bbox 472 2130 811 2186; x_wconf 80' lang='lat' dir='ltr'><strong>infortunata:</strong></span> <span class='ocrx_word' id='word_1_154' title='bbox 834 2131 907 2186; x_wconf 85' lang='lat' dir='ltr'><strong>illi</strong></span> <span class='ocrx_word' id='word_1_155' title='bbox 931 2130 1199 2186; x_wconf 90' lang='lat' dir='ltr'><strong>meretrici</strong></span> <span class='ocrx_word' id='word_1_156' title='bbox 1226 2146 1344 2202; x_wconf 76' lang='lat' dir='ltr'><strong>qua:</strong></span> <span class='ocrx_word' id='word_1_157' title='bbox 1368 2130 1623 2200; x_wconf 88' lang='lat' dir='ltr'><strong>oportuit,</strong></span> <span class='ocrx_word' id='word_1_158' title='bbox 1646 2128 1712 2184; x_wconf 90' lang='lat' dir='ltr'><strong>ad</strong></span> <span class='ocrx_word' id='word_1_159' title='bbox 1734 2144 1823 2183; x_wconf 88' lang='lat' dir='ltr'><strong>sa-</strong></span> 
     </span>
    </p>
   </div>
   <div class='ocr_carea' id='block_1_22' title="bbox 227 2220 1822 2292">
    <p class='ocr_par' dir='ltr' id='par_1_22' title="bbox 227 2220 1822 2292">
     <span class='ocr_line' id='line_1_22' title="bbox 227 2220 1822 2292; baseline -0.003 -13"><span class='ocrx_word' id='word_1_160' title='bbox 227 2220 396 2279; x_wconf 80' lang='lat' dir='ltr'><strong>lutem</strong></span> <span class='ocrx_word' id='word_1_161' title='bbox 428 2222 546 2292; x_wconf 86' lang='lat' dir='ltr'><strong>cjus</strong></span> <span class='ocrx_word' id='word_1_162' title='bbox 593 2223 867 2287; x_wconf 90' lang='lat' dir='ltr'><strong>tuendam,</strong></span> <span class='ocrx_word' id='word_1_163' title='bbox 910 2222 1057 2277; x_wconf 90' lang='lat' dir='ltr'><strong>omni</strong></span> <span class='ocrx_word' id='word_1_164' title='bbox 1104 2236 1326 2278; x_wconf 88' lang='lat' dir='ltr'><strong>munere</strong></span> <span class='ocrx_word' id='word_1_165' title='bbox 1356 2236 1454 2277; x_wconf 91' lang='lat' dir='ltr'><strong>suo</strong></span> <span class='ocrx_word' id='word_1_166' title='bbox 1482 2228 1629 2277; x_wconf 90' lang='lat' dir='ltr'><strong>recte</strong></span> <span class='ocrx_word' id='word_1_167' title='bbox 1656 2220 1822 2292; x_wconf 86' lang='lat' dir='ltr'><strong>fungi,</strong></span> 
     </span>
    </p>
   </div>
   <div class='ocr_carea' id='block_1_23' title="bbox 236 2311 1827 2384">
    <p class='ocr_par' dir='ltr' id='par_1_23' title="bbox 236 2311 1827 2384">
     <span class='ocr_line' id='line_1_23' title="bbox 236 2311 1827 2384; baseline 0.001 -19"><span class='ocrx_word' id='word_1_168' title='bbox 236 2311 580 2381; x_wconf 69' lang='lat' dir='ltr'><strong>impudentia:</strong></span> <span class='ocrx_word' id='word_1_169' title='bbox 621 2313 787 2383; x_wconf 85' lang='lat' dir='ltr'><strong>ipsius</strong></span> <span class='ocrx_word' id='word_1_170' title='bbox 832 2314 1087 2384; x_wconf 90' lang='lat' dir='ltr'><strong>pudorem</strong></span> <span class='ocrx_word' id='word_1_171' title='bbox 1136 2313 1375 2383; x_wconf 89' lang='lat' dir='ltr'><strong>injicere,</strong></span> <span class='ocrx_word' id='word_1_172' title='bbox 1419 2313 1691 2368; x_wconf 84' lang='lat' dir='ltr'><strong>fornacem</strong></span> <span class='ocrx_word' id='word_1_173' title='bbox 1732 2328 1827 2368; x_wconf 86' lang='lat' dir='ltr'><strong>ex-</strong></span> 
     </span>
    </p>
   </div>
   <div class='ocr_carea' id='block_1_24' title="bbox 234 2406 1823 2478">
    <p class='ocr_par' dir='ltr' id='par_1_24' title="bbox 234 2406 1823 2478">
     <span class='ocr_line' id='line_1_24' title="bbox 234 2406 1823 2478; baseline 0.003 -20"><span class='ocrx_word' id='word_1_174' title='bbox 234 2406 528 2475; x_wconf 85' lang='lat' dir='ltr'><strong>stinguere,</strong></span> <span class='ocrx_word' id='word_1_175' title='bbox 580 2422 647 2462; x_wconf 81' lang='lat' dir='ltr'><strong>ex</strong></span> <span class='ocrx_word' id='word_1_176' title='bbox 694 2407 989 2478; x_wconf 88' lang='lat' dir='ltr'><strong>periculosa</strong></span> <span class='ocrx_word' id='word_1_177' title='bbox 1035 2416 1353 2477; x_wconf 85' lang='lat' dir='ltr'><strong>tempestate</strong></span> <span class='ocrx_word' id='word_1_178' title='bbox 1378 2408 1586 2478; x_wconf 87' lang='lat' dir='ltr'><strong>eripere</strong></span> <span class='ocrx_word' id='word_1_179' title='bbox 1620 2408 1823 2473; x_wconf 90' lang='lat' dir='ltr'><strong>conari,</strong></span> 
     </span>
    </p>
   </div>
   <div class='ocr_carea' id='block_1_25' title="bbox 233 2497 1827 2568">
    <p class='ocr_par' dir='ltr' id='par_1_25' title="bbox 233 2497 1827 2568">
     <span class='ocr_line' id='line_1_25' title="bbox 233 2497 1827 2568; baseline 0.003 -18"><span class='ocrx_word' id='word_1_180' title='bbox 233 2505 389 2567; x_wconf 86' lang='lat' dir='ltr'><strong>atque</strong></span> <span class='ocrx_word' id='word_1_181' title='bbox 434 2497 503 2550; x_wconf 90' lang='lat' dir='ltr'><strong>ad</strong></span> <span class='ocrx_word' id='word_1_182' title='bbox 547 2499 945 2568; x_wconf 81' lang='lat' dir='ltr'><strong>tranquillitatis</strong></span> <span class='ocrx_word' id='word_1_183' title='bbox 989 2508 1204 2568; x_wconf 83' lang='lat' dir='ltr'><strong>portum</strong></span> <span class='ocrx_word' id='word_1_184' title='bbox 1251 2498 1516 2554; x_wconf 80' lang='lat' dir='ltr'><strong>deducere</strong></span> <span class='ocrx_word' id='word_1_185' title='bbox 1568 2517 1583 2554; x_wconf 90' lang='lat'><strong>:</strong></span> <span class='ocrx_word' id='word_1_186' title='bbox 1630 2498 1827 2555; x_wconf 90' lang='lat' dir='ltr'><strong>deinde</strong></span> 
     </span>
    </p>
   </div>
   <div class='ocr_carea' id='block_1_26' title="bbox 232 2588 1829 2659">
    <p class='ocr_par' dir='ltr' id='par_1_26' title="bbox 232 2588 1829 2659">
     <span class='ocr_line' id='line_1_26' title="bbox 232 2588 1829 2659; baseline 0.002 -17"><span class='ocrx_word' id='word_1_187' title='bbox 232 2589 485 2656; x_wconf 90' lang='lat' dir='ltr'><strong>quoniam</strong></span> <span class='ocrx_word' id='word_1_188' title='bbox 514 2588 749 2657; x_wconf 88' lang='lat' dir='ltr'><strong>procella</strong></span> <span class='ocrx_word' id='word_1_189' title='bbox 779 2588 1065 2658; x_wconf 87' lang='lat' dir='ltr'><strong>superabat</strong></span> <span class='ocrx_word' id='word_1_190' title='bbox 1092 2632 1106 2656; x_wconf 96' lang='lat'><strong>,</strong></span> <span class='ocrx_word' id='word_1_191' title='bbox 1131 2599 1184 2643; x_wconf 83' lang='lat' dir='ltr'><strong>et</strong></span> <span class='ocrx_word' id='word_1_192' title='bbox 1209 2588 1459 2643; x_wconf 83' lang='lat' dir='ltr'><strong>fluctibus</strong></span> <span class='ocrx_word' id='word_1_193' title='bbox 1489 2589 1829 2659; x_wconf 88' lang='lat' dir='ltr'><strong>operiebatur</strong></span> 
     </span>
    </p>
   </div>
   <div class='ocr_carea' id='block_1_27' title="bbox 232 2678 1824 2751">
    <p class='ocr_par' dir='ltr' id='par_1_27' title="bbox 232 2678 1824 2751">
     <span class='ocr_line' id='line_1_27' title="bbox 232 2678 1824 2751; baseline 0.003 -19"><span class='ocrx_word' id='word_1_194' title='bbox 232 2678 524 2749; x_wconf 82' lang='lat' dir='ltr'><strong>navigium,</strong></span> <span class='ocrx_word' id='word_1_195' title='bbox 569 2694 692 2734; x_wconf 91' lang='lat' dir='ltr'><strong>cum</strong></span> <span class='ocrx_word' id='word_1_196' title='bbox 733 2681 1067 2751; x_wconf 74' lang='lat' dir='ltr'><strong>naufragium</strong></span> <span class='ocrx_word' id='word_1_197' title='bbox 1122 2680 1209 2735; x_wconf 88' lang='lat' dir='ltr'><strong>illa</strong></span> <span class='ocrx_word' id='word_1_198' title='bbox 1263 2681 1484 2747; x_wconf 84' lang='lat' dir='ltr'><strong>faceret,</strong></span> <span class='ocrx_word' id='word_1_199' title='bbox 1534 2682 1824 2751; x_wconf 86' lang='lat' dir='ltr'><strong>procellam</strong></span> 
     </span>
    </p>
   </div>
   <div class='ocr_carea' id='block_1_28' title="bbox 230 2772 1829 2842">
    <p class='ocr_par' dir='ltr' id='par_1_28' title="bbox 230 2772 1829 2842">
     <span class='ocr_line' id='line_1_28' title="bbox 230 2772 1829 2842; baseline 0.002 -17"><span class='ocrx_word' id='word_1_200' title='bbox 230 2772 453 2836; x_wconf 81' lang='lat' dir='ltr'><strong>evitare,</strong></span> <span class='ocrx_word' id='word_1_201' title='bbox 504 2781 667 2842; x_wconf 86' lang='lat' dir='ltr'><strong>atque</strong></span> <span class='ocrx_word' id='word_1_202' title='bbox 719 2772 787 2826; x_wconf 88' lang='lat' dir='ltr'><strong>ad</strong></span> <span class='ocrx_word' id='word_1_203' title='bbox 819 2772 1068 2828; x_wconf 87' lang='lat' dir='ltr'><strong>stabilem</strong></span> <span class='ocrx_word' id='word_1_204' title='bbox 1115 2773 1377 2827; x_wconf 88' lang='lat' dir='ltr'><strong>castitatis</strong></span> <span class='ocrx_word' id='word_1_205' title='bbox 1408 2788 1594 2842; x_wconf 86' lang='lat' dir='ltr'><strong>rupem</strong></span> <span class='ocrx_word' id='word_1_206' title='bbox 1638 2772 1829 2828; x_wconf 84' lang='lat' dir='ltr'><strong>confu-</strong></span> 
     </span>
    </p>
   </div>
   <div class='ocr_carea' id='block_1_29' title="bbox 230 2863 1828 2936">
    <p class='ocr_par' dir='ltr' id='par_1_29' title="bbox 230 2863 1828 2936">
     <span class='ocr_line' id='line_1_29' title="bbox 230 2863 1828 2936; baseline 0.002 -18"><span class='ocrx_word' id='word_1_207' title='bbox 230 2863 428 2935; x_wconf 86' lang='lat' dir='ltr'><strong>giendo</strong></span> <span class='ocrx_word' id='word_1_208' title='bbox 459 2875 645 2920; x_wconf 88' lang='lat' dir='ltr'><strong>vestes</strong></span> <span class='ocrx_word' id='word_1_209' title='bbox 669 2864 721 2920; x_wconf 93' lang='lat' dir='ltr'><strong>in</strong></span> <span class='ocrx_word' id='word_1_210' title='bbox 746 2865 991 2921; x_wconf 89' lang='lat' dir='ltr'><strong>manibus</strong></span> <span class='ocrx_word' id='word_1_211' title='bbox 1025 2866 1168 2921; x_wconf 92' lang='lat' dir='ltr'><strong>illius</strong></span> <span class='ocrx_word' id='word_1_212' title='bbox 1195 2866 1569 2936; x_wconf 84' lang='lat' dir='ltr'><strong>derelinquere</strong></span> <span class='ocrx_word' id='word_1_213' title='bbox 1598 2908 1613 2931; x_wconf 91' lang='lat'><strong>,</strong></span> <span class='ocrx_word' id='word_1_214' title='bbox 1643 2866 1828 2936; x_wconf 89' lang='lat' dir='ltr'><strong>sicque</strong></span> 
     </span>
    </p>
   </div>
   <div class='ocr_carea' id='block_1_30' title="bbox 231 2958 1829 3030">
    <p class='ocr_par' dir='ltr' id='par_1_30' title="bbox 231 2958 1829 3030">
     <span class='ocr_line' id='line_1_30' title="bbox 231 2958 1829 3030; baseline 0.002 -18"><span class='ocrx_word' id='word_1_215' title='bbox 231 2959 278 3012; x_wconf 91' lang='lat' dir='ltr'><strong>in</strong></span> <span class='ocrx_word' id='word_1_216' title='bbox 323 2959 420 3015; x_wconf 87' lang='lat' dir='ltr'><strong>illa</strong></span> <span class='ocrx_word' id='word_1_217' title='bbox 448 2959 695 3014; x_wconf 88' lang='lat' dir='ltr'><strong>nuditate</strong></span> <span class='ocrx_word' id='word_1_218' title='bbox 742 2959 846 3015; x_wconf 89' lang='lat' dir='ltr'><strong>illis</strong></span> <span class='ocrx_word' id='word_1_219' title='bbox 890 2960 980 3030; x_wconf 90' lang='lat' dir='ltr'><strong>qui</strong></span> <span class='ocrx_word' id='word_1_220' title='bbox 1021 2959 1303 3030; x_wconf 86' lang='lat' dir='ltr'><strong>purpureis</strong></span> <span class='ocrx_word' id='word_1_221' title='bbox 1339 2968 1461 3014; x_wconf 90' lang='lat' dir='ltr'><strong>sunt</strong></span> <span class='ocrx_word' id='word_1_222' title='bbox 1505 2958 1829 3015; x_wconf 84' lang='lat' dir='ltr'><strong>indumentis</strong></span> 
     </span>
    </p>
   </div>
   <div class='ocr_carea' id='block_1_31' title="bbox 230 3051 1824 3121">
    <p class='ocr_par' dir='ltr' id='par_1_31' title="bbox 230 3051 1824 3121">
     <span class='ocr_line' id='line_1_31' title="bbox 230 3051 1824 3121; baseline 0.002 -18"><span class='ocrx_word' id='word_1_223' title='bbox 230 3051 433 3117; x_wconf 81' lang='lat' dir='ltr'><strong>amicti,</strong></span> <span class='ocrx_word' id='word_1_224' title='bbox 457 3051 803 3105; x_wconf 88' lang='lat' dir='ltr'><strong>illustriorem</strong></span> <span class='ocrx_word' id='word_1_225' title='bbox 830 3066 1107 3121; x_wconf 88' lang='lat' dir='ltr'><strong>apparere,</strong></span> <span class='ocrx_word' id='word_1_226' title='bbox 1137 3066 1200 3106; x_wconf 90' lang='lat' dir='ltr'><strong>ac</strong></span> <span class='ocrx_word' id='word_1_227' title='bbox 1222 3059 1489 3120; x_wconf 89' lang='lat' dir='ltr'><strong>tamquam</strong></span> <span class='ocrx_word' id='word_1_228' title='bbox 1515 3051 1824 3106; x_wconf 85' lang='lat' dir='ltr'><strong>bellatorem</strong></span> 
     </span>
    </p>
   </div>
   <div class='ocr_carea' id='block_1_32' title="bbox 230 3142 1827 3214">
    <p class='ocr_par' dir='ltr' id='par_1_32' title="bbox 230 3142 1827 3214">
     <span class='ocr_line' id='line_1_32' title="bbox 230 3142 1827 3214; baseline 0.003 -18"><span class='ocrx_word' id='word_1_229' title='bbox 230 3142 519 3211; x_wconf 85' lang='lat' dir='ltr'><strong>quemdam</strong></span> <span class='ocrx_word' id='word_1_230' title='bbox 560 3142 811 3198; x_wconf 77' lang='lat' dir='ltr'><strong>eximium</strong></span> <span class='ocrx_word' id='word_1_231' title='bbox 846 3154 1006 3213; x_wconf 89' lang='lat' dir='ltr'><strong>atque</strong></span> <span class='ocrx_word' id='word_1_232' title='bbox 1043 3145 1301 3198; x_wconf 88' lang='lat' dir='ltr'><strong>victorem</strong></span> <span class='ocrx_word' id='word_1_233' title='bbox 1337 3155 1592 3214; x_wconf 85' lang='lat' dir='ltr'><strong>tropaeum</strong></span> <span class='ocrx_word' id='word_1_234' title='bbox 1622 3145 1827 3214; x_wconf 79' lang='lat' dir='ltr'><strong>erigere</strong></span> 
     </span>
    </p>
   </div>
   <div class='ocr_carea' id='block_1_33' title="bbox 229 3233 1825 3306">
    <p class='ocr_par' dir='ltr' id='par_1_33' title="bbox 229 3233 1825 3306">
     <span class='ocr_line' id='line_1_33' title="bbox 229 3233 1825 3306; baseline 0.003 -20"><span class='ocrx_word' id='word_1_235' title='bbox 229 3234 514 3289; x_wconf 85' lang='lat' dir='ltr'><strong>castitatis.</strong></span> <span class='ocrx_word' id='word_1_236' title='bbox 571 3233 677 3290; x_wconf 84' lang='lat' dir='ltr'><strong>Sed</strong></span> <span class='ocrx_word' id='word_1_237' title='bbox 724 3250 897 3306; x_wconf 91' lang='lat' dir='ltr'><strong>neque</strong></span> <span class='ocrx_word' id='word_1_238' title='bbox 937 3235 1019 3289; x_wconf 89' lang='lat' dir='ltr'><strong>bis</strong></span> <span class='ocrx_word' id='word_1_239' title='bbox 1055 3235 1311 3290; x_wconf 89' lang='lat' dir='ltr'><strong>limitibus</strong></span> <span class='ocrx_word' id='word_1_240' title='bbox 1353 3235 1470 3305; x_wconf 89' lang='lat' dir='ltr'><strong>ejus</strong></span> <span class='ocrx_word' id='word_1_241' title='bbox 1514 3236 1825 3291; x_wconf 90' lang='lat' dir='ltr'><strong>memoriam</strong></span> 
     </span>
    </p>
   </div>
   <div class='ocr_carea' id='block_1_34' title="bbox 231 3325 1827 3397">
    <p class='ocr_par' dir='ltr' id='par_1_34' title="bbox 231 3325 1827 3397">
     <span class='ocr_line' id='line_1_34' title="bbox 231 3325 1827 3397; baseline 0.004 -21"><span class='ocrx_word' id='word_1_242' title='bbox 231 3326 584 3381; x_wconf 88' lang='lat' dir='ltr'><strong>terminamus</strong></span> <span class='ocrx_word' id='word_1_243' title='bbox 610 3366 624 3391; x_wconf 92' lang='lat'><strong>,</strong></span> <span class='ocrx_word' id='word_1_244' title='bbox 655 3340 841 3380; x_wconf 90' lang='lat' dir='ltr'><strong>verum</strong></span> <span class='ocrx_word' id='word_1_245' title='bbox 871 3325 1097 3381; x_wconf 84' lang='lat' dir='ltr'><strong>ulterius</strong></span> <span class='ocrx_word' id='word_1_246' title='bbox 1138 3326 1540 3397; x_wconf 83' lang='lat' dir='ltr'><strong>progredientes</strong></span> <span class='ocrx_word' id='word_1_247' title='bbox 1572 3328 1742 3397; x_wconf 91' lang='lat' dir='ltr'><strong>ipsum</strong></span> <span class='ocrx_word' id='word_1_248' title='bbox 1774 3328 1827 3383; x_wconf 90' lang='lat' dir='ltr'><strong>in</strong></span> 
     </span>
    </p>
   </div>
   <div class='ocr_carea' id='block_1_35' title="bbox 229 3415 1825 3488">
    <p class='ocr_par' dir='ltr' id='par_1_35' title="bbox 229 3415 1825 3488">
     <span class='ocr_line' id='line_1_35' title="bbox 229 3415 1825 3488; baseline 0.004 -21"><span class='ocrx_word' id='word_1_249' title='bbox 229 3429 506 3471; x_wconf 88' lang='lat' dir='ltr'><strong>carcerem</strong></span> <span class='ocrx_word' id='word_1_250' title='bbox 538 3415 727 3471; x_wconf 91' lang='lat' dir='ltr'><strong>abduci</strong></span> <span class='ocrx_word' id='word_1_251' title='bbox 756 3416 1019 3482; x_wconf 82' lang='lat' dir='ltr'><strong>videmus,</strong></span> <span class='ocrx_word' id='word_1_252' title='bbox 1052 3417 1265 3484; x_wconf 87' lang='lat' dir='ltr'><strong>vinciri,</strong></span> <span class='ocrx_word' id='word_1_253' title='bbox 1296 3418 1549 3488; x_wconf 82' lang='lat' dir='ltr'><strong>squalore</strong></span> <span class='ocrx_word' id='word_1_254' title='bbox 1585 3417 1825 3486; x_wconf 88' lang='lat' dir='ltr'><strong>sordere,</strong></span> 
     </span>
    </p>
   </div>
   <div class='ocr_carea' id='block_1_36' title="bbox 225 3506 1827 3580">
    <p class='ocr_par' dir='ltr' id='par_1_36' title="bbox 225 3506 1827 3580">
     <span class='ocr_line' id='line_1_36' title="bbox 225 3506 1827 3580; baseline 0.005 -23"><span class='ocrx_word' id='word_1_255' title='bbox 225 3506 486 3561; x_wconf 90' lang='lat' dir='ltr'><strong>diuturno</strong></span> <span class='ocrx_word' id='word_1_256' title='bbox 516 3506 627 3561; x_wconf 91' lang='lat' dir='ltr'><strong>illic</strong></span> <span class='ocrx_word' id='word_1_257' title='bbox 665 3515 905 3577; x_wconf 88' lang='lat' dir='ltr'><strong>tempore</strong></span> <span class='ocrx_word' id='word_1_258' title='bbox 949 3508 1353 3564; x_wconf 90' lang='lat' dir='ltr'><strong>contabescere.</strong></span> <span class='ocrx_word' id='word_1_259' title='bbox 1391 3509 1564 3580; x_wconf 85' lang='lat' dir='ltr'><strong>Atque</strong></span> <span class='ocrx_word' id='word_1_260' title='bbox 1613 3510 1682 3565; x_wconf 91' lang='lat' dir='ltr'><strong>ob</strong></span> <span class='ocrx_word' id='word_1_261' title='bbox 1713 3509 1827 3565; x_wconf 74' lang='lat' dir='ltr'><strong>lucc</strong></span> 
     </span>
    </p>
   </div>
   <div class='ocr_carea' id='block_1_37' title="bbox 228 3597 1828 3671">
    <p class='ocr_par' dir='ltr' id='par_1_37' title="bbox 228 3597 1828 3671">
     <span class='ocr_line' id='line_1_37' title="bbox 228 3597 1828 3671; baseline 0.004 -22"><span class='ocrx_word' id='word_1_262' title='bbox 228 3599 338 3668; x_wconf 87' lang='lat' dir='ltr'><strong>ipsa</strong></span> <span class='ocrx_word' id='word_1_263' title='bbox 372 3597 615 3653; x_wconf 80' lang='lat' dir='ltr'><strong>maxime</strong></span> <span class='ocrx_word' id='word_1_264' title='bbox 654 3598 801 3652; x_wconf 91' lang='lat' dir='ltr'><strong>illum</strong></span> <span class='ocrx_word' id='word_1_265' title='bbox 834 3599 1025 3655; x_wconf 89' lang='lat' dir='ltr'><strong>iterum</strong></span> <span class='ocrx_word' id='word_1_266' title='bbox 1051 3600 1487 3656; x_wconf 90' lang='lat' dir='ltr'><strong>commendamus</strong></span> <span class='ocrx_word' id='word_1_267' title='bbox 1512 3643 1526 3665; x_wconf 94' lang='lat'><strong>,</strong></span> <span class='ocrx_word' id='word_1_268' title='bbox 1572 3600 1828 3671; x_wconf 82' lang='lat' dir='ltr'><strong>praedica-</strong></span> 
     </span>
    </p>
   </div>
   <div class='ocr_carea' id='block_1_38' title="bbox 224 3689 1826 3760">
    <p class='ocr_par' dir='ltr' id='par_1_38' title="bbox 224 3689 1826 3760">
     <span class='ocr_line' id='line_1_38' title="bbox 224 3689 1826 3760; baseline 0.002 -18"><span class='ocrx_word' id='word_1_269' title='bbox 224 3705 369 3757; x_wconf 87' lang='lat' dir='ltr'><strong>mus,</strong></span> <span class='ocrx_word' id='word_1_270' title='bbox 422 3691 706 3756; x_wconf 89' lang='lat' dir='ltr'><strong>miramur,</strong></span> <span class='ocrx_word' id='word_1_271' title='bbox 754 3689 1049 3746; x_wconf 87' lang='lat' dir='ltr'><strong>laudamus.</strong></span> <span class='ocrx_word' id='word_1_272' title='bbox 1100 3690 1252 3758; x_wconf 85' lang='lat' dir='ltr'><strong>Quod</strong></span> <span class='ocrx_word' id='word_1_273' title='bbox 1299 3692 1342 3745; x_wconf 90' lang='lat' dir='ltr'><strong>si</strong></span> <span class='ocrx_word' id='word_1_274' title='bbox 1370 3701 1548 3746; x_wconf 88' lang='lat' dir='ltr'><strong>castus</strong></span> <span class='ocrx_word' id='word_1_275' title='bbox 1586 3692 1655 3746; x_wconf 91' lang='lat' dir='ltr'><strong>sit</strong></span> <span class='ocrx_word' id='word_1_276' title='bbox 1676 3693 1826 3760; x_wconf 80' lang='lat' dir='ltr'><strong>quis-</strong></span> 
     </span>
    </p>
   </div>
   <div class='ocr_carea' id='block_1_39' title="bbox 225 3782 1829 3856">
    <p class='ocr_par' dir='ltr' id='par_1_39' title="bbox 225 3782 1829 3856">
     <span class='ocr_line' id='line_1_39' title="bbox 225 3782 1829 3856; baseline 0.002 -20"><span class='ocrx_word' id='word_1_277' title='bbox 225 3782 395 3851; x_wconf 88' lang='lat' dir='ltr'><strong>piam,</strong></span> <span class='ocrx_word' id='word_1_278' title='bbox 430 3799 552 3837; x_wconf 91' lang='lat' dir='ltr'><strong>cum</strong></span> <span class='ocrx_word' id='word_1_279' title='bbox 580 3782 648 3838; x_wconf 90' lang='lat' dir='ltr'><strong>de</strong></span> <span class='ocrx_word' id='word_1_280' title='bbox 691 3784 782 3839; x_wconf 90' lang='lat' dir='ltr'><strong>illo</strong></span> <span class='ocrx_word' id='word_1_281' title='bbox 820 3785 1037 3855; x_wconf 85' lang='lat' dir='ltr'><strong>cogitat,</strong></span> <span class='ocrx_word' id='word_1_282' title='bbox 1067 3784 1264 3839; x_wconf 85' lang='lat' dir='ltr'><strong>castior</strong></span> <span class='ocrx_word' id='word_1_283' title='bbox 1289 3784 1347 3839; x_wconf 83' lang='lat' dir='ltr'><strong>fit</strong></span> <span class='ocrx_word' id='word_1_284' title='bbox 1395 3804 1407 3838; x_wconf 93' lang='lat'>:</span> <span class='ocrx_word' id='word_1_285' title='bbox 1441 3786 1579 3856; x_wconf 89' lang='lat' dir='ltr'><strong>qtted</strong></span> <span class='ocrx_word' id='word_1_286' title='bbox 1603 3786 1646 3840; x_wconf 90' lang='lat' dir='ltr'><strong>si</strong></span> <span class='ocrx_word' id='word_1_287' title='bbox 1674 3786 1829 3841; x_wconf 83' lang='lat' dir='ltr'><strong>lasci-</strong></span> 
     </span>
    </p>
   </div>
   <div class='ocr_carea' id='block_1_40' title="bbox 221 3874 1828 3941">
    <p class='ocr_par' dir='ltr' id='par_1_40' title="bbox 221 3874 1828 3941">
     <span class='ocr_line' id='line_1_40' title="bbox 221 3874 1828 3941; baseline 0.005 -18"><span class='ocrx_word' id='word_1_288' title='bbox 221 3890 342 3941; x_wconf 85' lang='lat' dir='ltr'><strong>vus,</strong></span> <span class='ocrx_word' id='word_1_289' title='bbox 375 3875 490 3929; x_wconf 91' lang='lat' dir='ltr'><strong>cito</strong></span> <span class='ocrx_word' id='word_1_290' title='bbox 538 3874 626 3929; x_wconf 91' lang='lat' dir='ltr'><strong>illa</strong></span> <span class='ocrx_word' id='word_1_291' title='bbox 653 3876 963 3930; x_wconf 85' lang='lat' dir='ltr'><strong>narratione</strong></span> <span class='ocrx_word' id='word_1_292' title='bbox 988 3874 1053 3929; x_wconf 92' lang='lat' dir='ltr'><strong>ad</strong></span> <span class='ocrx_word' id='word_1_293' title='bbox 1096 3875 1393 3931; x_wconf 87' lang='lat' dir='ltr'><strong>castitatem</strong></span> <span class='ocrx_word' id='word_1_294' title='bbox 1426 3875 1734 3941; x_wconf 88' lang='lat' dir='ltr'><strong>traducitur,</strong></span> <span class='ocrx_word' id='word_1_295' title='bbox 1760 3876 1828 3931; x_wconf 84' lang='lat' dir='ltr'><strong>il-</strong></span> 
     </span>
    </p>
   </div>
   <div class='ocr_carea' id='block_1_41' title="bbox 222 3967 1828 4040">
    <p class='ocr_par' dir='ltr' id='par_1_41' title="bbox 222 3967 1828 4040">
     <span class='ocr_line' id='line_1_41' title="bbox 222 3967 1828 4040; baseline 0.004 -21"><span class='ocrx_word' id='word_1_296' title='bbox 222 3968 445 4040; x_wconf 85' lang='lat' dir='ltr'><strong>littsque</strong></span> <span class='ocrx_word' id='word_1_297' title='bbox 493 3967 731 4024; x_wconf 78' lang='lat' dir='ltr'><strong>historia:</strong></span> <span class='ocrx_word' id='word_1_298' title='bbox 771 3971 1279 4025; x_wconf 87' lang='lat' dir='ltr'><strong>commemoratione</strong></span> <span class='ocrx_word' id='word_1_299' title='bbox 1328 3970 1517 4025; x_wconf 88' lang='lat' dir='ltr'><strong>melior</strong></span> <span class='ocrx_word' id='word_1_300' title='bbox 1567 3971 1828 4027; x_wconf 88' lang='lat' dir='ltr'><strong>redditur.</strong></span> 
     </span>
    </p>
   </div>
   <div class='ocr_carea' id='block_1_42' title="bbox 222 4059 1827 4133">
    <p class='ocr_par' dir='ltr' id='par_1_42' title="bbox 222 4059 1827 4133">
     <span class='ocr_line' id='line_1_42' title="bbox 222 4059 1827 4133; baseline 0.003 -21"><span class='ocrx_word' id='word_1_301' title='bbox 222 4059 356 4117; x_wconf 60' lang='lat' dir='ltr'><strong>llaec</strong></span> <span class='ocrx_word' id='word_1_302' title='bbox 393 4060 558 4131; x_wconf 84' lang='lat' dir='ltr'><strong>igitur</strong></span> <span class='ocrx_word' id='word_1_303' title='bbox 580 4060 758 4115; x_wconf 91' lang='lat' dir='ltr'><strong>omnia</strong></span> <span class='ocrx_word' id='word_1_304' title='bbox 784 4061 1095 4132; x_wconf 83' lang='lat' dir='ltr'><strong>colligentes</strong></span> <span class='ocrx_word' id='word_1_305' title='bbox 1131 4063 1295 4117; x_wconf 86' lang='lat' dir='ltr'><strong>nolite</strong></span> <span class='ocrx_word' id='word_1_306' title='bbox 1325 4063 1522 4117; x_wconf 89' lang='lat' dir='ltr'><strong>turbari</strong></span> <span class='ocrx_word' id='word_1_307' title='bbox 1556 4104 1572 4129; x_wconf 94' lang='lat'><strong>,</strong></span> <span class='ocrx_word' id='word_1_308' title='bbox 1603 4063 1696 4119; x_wconf 91' lang='lat' dir='ltr'><strong>sed</strong></span> <span class='ocrx_word' id='word_1_309' title='bbox 1730 4078 1827 4133; x_wconf 84' lang='lat' dir='ltr'><strong>po-</strong></span> 
     </span>
    </p>
   </div>
   <div class='ocr_carea' id='block_1_43' title="bbox 220 4152 1828 4224">
    <p class='ocr_par' dir='ltr' id='par_1_43' title="bbox 220 4152 1828 4224">
     <span class='ocr_line' id='line_1_43' title="bbox 220 4152 1828 4224; baseline 0.001 -19"><span class='ocrx_word' id='word_1_310' title='bbox 220 4153 329 4207; x_wconf 85' lang='lat' dir='ltr'><strong>tius</strong></span> <span class='ocrx_word' id='word_1_311' title='bbox 357 4169 435 4209; x_wconf 78' lang='lat' dir='ltr'><strong>ex</strong></span> <span class='ocrx_word' id='word_1_312' title='bbox 462 4153 529 4207; x_wconf 91' lang='lat' dir='ltr'><strong>iis</strong></span> <span class='ocrx_word' id='word_1_313' title='bbox 555 4169 673 4223; x_wconf 73' lang='lat' dir='ltr'><strong>qua:</strong></span> <span class='ocrx_word' id='word_1_314' title='bbox 693 4152 940 4208; x_wconf 90' lang='lat' dir='ltr'><strong>accidunt</strong></span> <span class='ocrx_word' id='word_1_315' title='bbox 967 4154 1172 4208; x_wconf 91' lang='lat' dir='ltr'><strong>lucrum</strong></span> <span class='ocrx_word' id='word_1_316' title='bbox 1199 4152 1473 4221; x_wconf 90' lang='lat' dir='ltr'><strong>decerpite</strong></span> <span class='ocrx_word' id='word_1_317' title='bbox 1496 4169 1510 4219; x_wconf 89' lang='lat'><strong>;</strong></span> <span class='ocrx_word' id='word_1_318' title='bbox 1537 4154 1712 4224; x_wconf 91' lang='lat' dir='ltr'><strong>sitque</strong></span> <span class='ocrx_word' id='word_1_319' title='bbox 1734 4170 1828 4207; x_wconf 89' lang='lat' dir='ltr'><strong>vo-</strong></span> 
     </span>
    </p>
   </div>
   <div class='ocr_carea' id='block_1_44' title="bbox 218 4243 1831 4317">
    <p class='ocr_par' dir='ltr' id='par_1_44' title="bbox 218 4243 1831 4317">
     <span class='ocr_line' id='line_1_44' title="bbox 218 4243 1831 4317; baseline 0.001 -19"><span class='ocrx_word' id='word_1_320' title='bbox 218 4243 305 4301; x_wconf 85' lang='lat' dir='ltr'><strong>bis</strong></span> <span class='ocrx_word' id='word_1_321' title='bbox 329 4260 527 4301; x_wconf 86' lang='lat' dir='ltr'><strong>eorum</strong></span> <span class='ocrx_word' id='word_1_322' title='bbox 553 4245 824 4315; x_wconf 87' lang='lat' dir='ltr'><strong>patientia,</strong></span> <span class='ocrx_word' id='word_1_323' title='bbox 859 4245 945 4316; x_wconf 87' lang='lat' dir='ltr'><strong>qtti</strong></span> <span class='ocrx_word' id='word_1_324' title='bbox 986 4245 1281 4313; x_wconf 64' lang='lat' dir='ltr'><strong>decertant,</strong></span> <span class='ocrx_word' id='word_1_325' title='bbox 1332 4245 1626 4300; x_wconf 70' lang='lat' dir='ltr'><strong>tolerantia:</strong></span> <span class='ocrx_word' id='word_1_326' title='bbox 1666 4246 1831 4317; x_wconf 86' lang='lat' dir='ltr'><strong>magi—</strong></span> 
     </span>
    </p>
   </div>
   <div class='ocr_carea' id='block_1_45' title="bbox 214 4335 1829 4409">
    <p class='ocr_par' dir='ltr' id='par_1_45' title="bbox 214 4335 1829 4409">
     <span class='ocr_line' id='line_1_45' title="bbox 214 4335 1829 4409; baseline 0.002 -19"><span class='ocrx_word' id='word_1_327' title='bbox 214 4347 376 4403; x_wconf 74' lang='lat' dir='ltr'><strong>stra;</strong></span> <span class='ocrx_word' id='word_1_328' title='bbox 411 4335 645 4406; x_wconf 89' lang='lat' dir='ltr'><strong>dumque</strong></span> <span class='ocrx_word' id='word_1_329' title='bbox 675 4337 837 4391; x_wconf 87' lang='lat' dir='ltr'><strong>vitam</strong></span> <span class='ocrx_word' id='word_1_330' title='bbox 881 4352 1093 4391; x_wconf 91' lang='lat' dir='ltr'><strong>omnem</strong></span> <span class='ocrx_word' id='word_1_331' title='bbox 1122 4336 1503 4408; x_wconf 76' lang='lat' dir='ltr'><strong>ge&#39;nerosorttm</strong></span> <span class='ocrx_word' id='word_1_332' title='bbox 1524 4346 1682 4409; x_wconf 88' lang='lat' dir='ltr'><strong>atque</strong></span> <span class='ocrx_word' id='word_1_333' title='bbox 1709 4338 1829 4393; x_wconf 81' lang='lat' dir='ltr'><strong>illu-</strong></span> 
     </span>
    </p>
   </div>
   <div class='ocr_carea' id='block_1_46' title="bbox 213 4430 1826 4489">
    <p class='ocr_par' dir='ltr' id='par_1_46' title="bbox 213 4430 1826 4489">
     <span class='ocr_line' id='line_1_46' title="bbox 213 4430 1826 4489; baseline -0.001 -4"><span class='ocrx_word' id='word_1_334' title='bbox 213 4430 427 4485; x_wconf 82' lang='lat' dir='ltr'><strong>strium</strong></span> <span class='ocrx_word' id='word_1_335' title='bbox 453 4432 691 4487; x_wconf 89' lang='lat' dir='ltr'><strong>virorum</strong></span> <span class='ocrx_word' id='word_1_336' title='bbox 715 4431 934 4487; x_wconf 85' lang='lat' dir='ltr'><strong>cernitis</strong></span> <span class='ocrx_word' id='word_1_337' title='bbox 963 4448 1027 4486; x_wconf 79' lang='lat' dir='ltr'><strong>ex</strong></span> <span class='ocrx_word' id='word_1_338' title='bbox 1066 4431 1149 4486; x_wconf 89' lang='lat' dir='ltr'><strong>his</strong></span> <span class='ocrx_word' id='word_1_339' title='bbox 1186 4432 1434 4487; x_wconf 88' lang='lat' dir='ltr'><strong>omnibus</strong></span> <span class='ocrx_word' id='word_1_340' title='bbox 1458 4447 1580 4489; x_wconf 89' lang='lat' dir='ltr'><strong>esse</strong></span> <span class='ocrx_word' id='word_1_341' title='bbox 1621 4432 1826 4487; x_wconf 68' lang='lat' dir='ltr'><strong>confla~</strong></span> 
     </span>
    </p>
   </div>
   <div class='ocr_carea' id='block_1_47' title="bbox 217 4523 1825 4595">
    <p class='ocr_par' dir='ltr' id='par_1_47' title="bbox 217 4523 1825 4595">
     <span class='ocr_line' id='line_1_47' title="bbox 217 4523 1825 4595; baseline 0 -17"><span class='ocrx_word' id='word_1_342' title='bbox 217 4533 338 4578; x_wconf 84' lang='lat' dir='ltr'><strong>tam</strong></span> <span class='ocrx_word' id='word_1_343' title='bbox 358 4564 376 4587; x_wconf 90' lang='lat'><strong>,</strong></span> <span class='ocrx_word' id='word_1_344' title='bbox 410 4538 480 4578; x_wconf 91' lang='lat' dir='ltr'><strong>ne</strong></span> <span class='ocrx_word' id='word_1_345' title='bbox 507 4523 815 4579; x_wconf 89' lang='lat' dir='ltr'><strong>terreamini</strong></span> <span class='ocrx_word' id='word_1_346' title='bbox 847 4564 863 4589; x_wconf 95' lang='lat'><strong>,</strong></span> <span class='ocrx_word' id='word_1_347' title='bbox 893 4539 1066 4595; x_wconf 86' lang='lat' dir='ltr'><strong>neque</strong></span> <span class='ocrx_word' id='word_1_348' title='bbox 1096 4524 1400 4591; x_wconf 89' lang='lat' dir='ltr'><strong>turbemiui,</strong></span> <span class='ocrx_word' id='word_1_349' title='bbox 1432 4526 1546 4579; x_wconf 83' lang='lat' dir='ltr'><strong>sive</strong></span> <span class='ocrx_word' id='word_1_350' title='bbox 1576 4526 1825 4595; x_wconf 71' lang='lat' dir='ltr'><strong>propriis,</strong></span> 
     </span>
    </p>
   </div>
   <div class='ocr_carea' id='block_1_48' title="bbox 214 4614 1830 4672">
    <p class='ocr_par' dir='ltr' id='par_1_48' title="bbox 214 4614 1830 4672">
     <span class='ocr_line' id='line_1_48' title="bbox 214 4614 1830 4672; baseline 0.001 -1"><span class='ocrx_word' id='word_1_351' title='bbox 214 4614 344 4671; x_wconf 73' lang='lat' dir='ltr'><strong>sive</strong></span> <span class='ocrx_word' id='word_1_352' title='bbox 370 4614 565 4670; x_wconf 88' lang='lat' dir='ltr'><strong>alienis</strong></span> <span class='ocrx_word' id='word_1_353' title='bbox 593 4614 967 4669; x_wconf 65' lang='lat' dir='ltr'><strong>afﬂictionibus</strong></span> <span class='ocrx_word' id='word_1_354' title='bbox 998 4633 1010 4668; x_wconf 92' lang='lat'><strong>:</strong></span> <span class='ocrx_word' id='word_1_355' title='bbox 1040 4631 1161 4670; x_wconf 89' lang='lat' dir='ltr'><strong>nam</strong></span> <span class='ocrx_word' id='word_1_356' title='bbox 1185 4615 1424 4671; x_wconf 80' lang='lat' dir='ltr'><strong>Ecclesia</strong></span> <span class='ocrx_word' id='word_1_357' title='bbox 1451 4617 1518 4671; x_wconf 91' lang='lat' dir='ltr'><strong>ab</strong></span> <span class='ocrx_word' id='word_1_358' title='bbox 1559 4617 1709 4672; x_wconf 89' lang='lat' dir='ltr'><strong>initio</strong></span> <span class='ocrx_word' id='word_1_359' title='bbox 1752 4626 1830 4672; x_wconf 91' lang='lat' dir='ltr'><strong>sle</strong></span> 
     </span>
    </p>
   </div>
   <div class='ocr_carea' id='block_1_49' title="bbox 214 4708 1829 4778">
    <p class='ocr_par' dir='ltr' id='par_1_49' title="bbox 214 4708 1829 4778">
     <span class='ocr_line' id='line_1_49' title="bbox 214 4708 1829 4778; baseline 0.003 -16"><span class='ocrx_word' id='word_1_360' title='bbox 214 4708 461 4774; x_wconf 84' lang='lat' dir='ltr'><strong>nutrita,</strong></span> <span class='ocrx_word' id='word_1_361' title='bbox 501 4708 581 4764; x_wconf 91' lang='lat' dir='ltr'><strong>sic</strong></span> <span class='ocrx_word' id='word_1_362' title='bbox 627 4717 782 4763; x_wconf 90' lang='lat' dir='ltr'><strong>aucta</strong></span> <span class='ocrx_word' id='word_1_363' title='bbox 810 4717 912 4765; x_wconf 90' lang='lat' dir='ltr'><strong>est.</strong></span> <span class='ocrx_word' id='word_1_364' title='bbox 951 4708 1093 4764; x_wconf 89' lang='lat' dir='ltr'><strong>Niltil</strong></span> <span class='ocrx_word' id='word_1_365' title='bbox 1125 4724 1252 4778; x_wconf 87' lang='lat' dir='ltr'><strong>ergo</strong></span> <span class='ocrx_word' id='word_1_366' title='bbox 1280 4725 1377 4764; x_wconf 90' lang='lat' dir='ltr'><strong>vos</strong></span> <span class='ocrx_word' id='word_1_367' title='bbox 1416 4718 1656 4766; x_wconf 88' lang='lat' dir='ltr'><strong>terreat:</strong></span> <span class='ocrx_word' id='word_1_368' title='bbox 1698 4712 1829 4767; x_wconf 90' lang='lat' dir='ltr'><strong>nihil</strong></span> 
     </span>
    </p>
   </div>
   <div class='ocr_carea' id='block_1_50' title="bbox 212 4797 1829 4869">
    <p class='ocr_par' dir='ltr' id='par_1_50' title="bbox 212 4797 1829 4869">
     <span class='ocr_line' id='line_1_50' title="bbox 212 4797 1829 4869; baseline 0.002 -16"><span class='ocrx_word' id='word_1_369' title='bbox 212 4799 380 4853; x_wconf 82' lang='lat' dir='ltr'><strong>enim</strong></span> <span class='ocrx_word' id='word_1_370' title='bbox 405 4797 602 4855; x_wconf 85' lang='lat' dir='ltr'><strong>accidit</strong></span> <span class='ocrx_word' id='word_1_371' title='bbox 639 4807 833 4869; x_wconf 71' lang='lat' dir='ltr'><strong>prmter</strong></span> <span class='ocrx_word' id='word_1_372' title='bbox 857 4815 1081 4854; x_wconf 89' lang='lat' dir='ltr'><strong>morem.</strong></span> <span class='ocrx_word' id='word_1_373' title='bbox 1106 4799 1208 4855; x_wconf 88' lang='lat' dir='ltr'><strong>Sed</strong></span> <span class='ocrx_word' id='word_1_374' title='bbox 1240 4800 1378 4855; x_wconf 89' lang='lat' dir='ltr'><strong>sicut</strong></span> <span class='ocrx_word' id='word_1_375' title='bbox 1407 4800 1459 4855; x_wconf 91' lang='lat' dir='ltr'><strong>in</strong></span> <span class='ocrx_word' id='word_1_376' title='bbox 1488 4801 1646 4856; x_wconf 88' lang='lat' dir='ltr'><strong>rebus</strong></span> <span class='ocrx_word' id='word_1_377' title='bbox 1671 4819 1829 4858; x_wconf 82' lang='lat' dir='ltr'><strong>mun-</strong></span> 
     </span>
    </p>
   </div>
   <div class='ocr_carea' id='block_1_51' title="bbox 207 4889 1827 4964">
    <p class='ocr_par' dir='ltr' id='par_1_51' title="bbox 207 4889 1827 4964">
     <span class='ocr_line' id='line_1_51' title="bbox 207 4889 1827 4964; baseline 0.003 -18"><span class='ocrx_word' id='word_1_378' title='bbox 207 4890 392 4946; x_wconf 85' lang='lat' dir='ltr'><strong>danis</strong></span> <span class='ocrx_word' id='word_1_379' title='bbox 420 4906 524 4946; x_wconf 91' lang='lat' dir='ltr'><strong>non</strong></span> <span class='ocrx_word' id='word_1_380' title='bbox 552 4889 642 4946; x_wconf 89' lang='lat' dir='ltr'><strong>ubi</strong></span> <span class='ocrx_word' id='word_1_381' title='bbox 683 4902 808 4948; x_wconf 89' lang='lat' dir='ltr'><strong>sunt</strong></span> <span class='ocrx_word' id='word_1_382' title='bbox 835 4893 998 4961; x_wconf 76' lang='lat' dir='ltr'><strong>palea:</strong></span> <span class='ocrx_word' id='word_1_383' title='bbox 1020 4892 1103 4948; x_wconf 88' lang='lat' dir='ltr'><strong>vel</strong></span> <span class='ocrx_word' id='word_1_384' title='bbox 1126 4891 1347 4960; x_wconf 68' lang='lat' dir='ltr'><strong>firmum,</strong></span> <span class='ocrx_word' id='word_1_385' title='bbox 1376 4908 1476 4950; x_wconf 90' lang='lat' dir='ltr'><strong>uec</strong></span> <span class='ocrx_word' id='word_1_386' title='bbox 1515 4895 1605 4950; x_wconf 92' lang='lat' dir='ltr'><strong>ubi</strong></span> <span class='ocrx_word' id='word_1_387' title='bbox 1644 4911 1827 4964; x_wconf 88' lang='lat' dir='ltr'><strong>arena,</strong></span> 
     </span>
    </p>
   </div>
   <div class='ocr_carea' id='block_1_52' title="bbox 206 4980 1826 5056">
    <p class='ocr_par' dir='ltr' id='par_1_52' title="bbox 206 4980 1826 5056">
     <span class='ocr_line' id='line_1_52' title="bbox 206 4980 1826 5056; baseline 0.004 -21"><span class='ocrx_word' id='word_1_388' title='bbox 206 4980 317 5036; x_wconf 82' lang='lat' dir='ltr'><strong>sed</strong></span> <span class='ocrx_word' id='word_1_389' title='bbox 356 4981 449 5035; x_wconf 85' lang='lat' dir='ltr'><strong>ubi</strong></span> <span class='ocrx_word' id='word_1_390' title='bbox 474 4997 665 5037; x_wconf 87' lang='lat' dir='ltr'><strong>aurum</strong></span> <span class='ocrx_word' id='word_1_391' title='bbox 682 4992 735 5037; x_wconf 92' lang='lat' dir='ltr'><strong>ct</strong></span> <span class='ocrx_word' id='word_1_392' title='bbox 757 4983 1002 5048; x_wconf 87' lang='lat' dir='ltr'><strong>uniones,</strong></span> <span class='ocrx_word' id='word_1_393' title='bbox 1019 4984 1123 5039; x_wconf 90' lang='lat' dir='ltr'><strong>illic</strong></span> <span class='ocrx_word' id='word_1_394' title='bbox 1145 4985 1327 5053; x_wconf 79' lang='lat' dir='ltr'><strong>piratae</strong></span> <span class='ocrx_word' id='word_1_395' title='bbox 1351 4994 1496 5054; x_wconf 90' lang='lat' dir='ltr'><strong>sunt,</strong></span> <span class='ocrx_word' id='word_1_396' title='bbox 1528 4986 1826 5056; x_wconf 65' lang='lat' dir='ltr'><strong>pru‘dones,</strong></span> 
     </span>
    </p>
   </div>
   <div class='ocr_carea' id='block_1_53' title="bbox 205 5073 1831 5148">
    <p class='ocr_par' dir='ltr' id='par_1_53' title="bbox 205 5073 1831 5148">
     <span class='ocr_line' id='line_1_53' title="bbox 205 5073 1831 5148; baseline 0.005 -22"><span class='ocrx_word' id='word_1_397' title='bbox 205 5083 267 5127; x_wconf 83' lang='lat' dir='ltr'><strong>et</strong></span> <span class='ocrx_word' id='word_1_398' title='bbox 305 5073 580 5140; x_wconf 85' lang='lat' dir='ltr'><strong>latrones,</strong></span> <span class='ocrx_word' id='word_1_399' title='bbox 611 5081 665 5128; x_wconf 90' lang='lat' dir='ltr'><strong>et</strong></span> <span class='ocrx_word' id='word_1_400' title='bbox 692 5089 965 5129; x_wconf 90' lang='lat' dir='ltr'><strong>murorum</strong></span> <span class='ocrx_word' id='word_1_401' title='bbox 1019 5074 1350 5145; x_wconf 87' lang='lat' dir='ltr'><strong>perfossores</strong></span> <span class='ocrx_word' id='word_1_402' title='bbox 1382 5076 1687 5148; x_wconf 84' lang='lat' dir='ltr'><strong>frequenter</strong></span> <span class='ocrx_word' id='word_1_403' title='bbox 1715 5094 1831 5134; x_wconf 83' lang='lat' dir='ltr'><strong>mo-</strong></span> 
     </span>
    </p>
   </div>
   <div class='ocr_carea' id='block_1_54' title="bbox 211 5163 1826 5236">
    <p class='ocr_par' dir='ltr' id='par_1_54' title="bbox 211 5163 1826 5236">
     <span class='ocr_line' id='line_1_54' title="bbox 211 5163 1826 5236; baseline 0.005 -18"><span class='ocrx_word' id='word_1_404' title='bbox 211 5163 357 5218; x_wconf 86' lang='lat' dir='ltr'><strong>lesti</strong></span> <span class='ocrx_word' id='word_1_405' title='bbox 383 5174 528 5229; x_wconf 87' lang='lat' dir='ltr'><strong>sunt,</strong></span> <span class='ocrx_word' id='word_1_406' title='bbox 560 5174 614 5219; x_wconf 89' lang='lat' dir='ltr'><strong>et</strong></span> <span class='ocrx_word' id='word_1_407' title='bbox 642 5165 862 5221; x_wconf 88' lang='lat' dir='ltr'><strong>insidias</strong></span> <span class='ocrx_word' id='word_1_408' title='bbox 891 5174 1080 5236; x_wconf 84' lang='lat' dir='ltr'><strong>parant</strong></span> <span class='ocrx_word' id='word_1_409' title='bbox 1109 5184 1122 5223; x_wconf 91' lang='lat'><strong>:</strong></span> <span class='ocrx_word' id='word_1_410' title='bbox 1162 5168 1239 5222; x_wconf 91' lang='lat' dir='ltr'><strong>sic</strong></span> <span class='ocrx_word' id='word_1_411' title='bbox 1261 5169 1420 5223; x_wconf 90' lang='lat' dir='ltr'><strong>etiam</strong></span> <span class='ocrx_word' id='word_1_412' title='bbox 1444 5168 1707 5235; x_wconf 89' lang='lat' dir='ltr'><strong>diabolus,</strong></span> <span class='ocrx_word' id='word_1_413' title='bbox 1741 5170 1826 5226; x_wconf 90' lang='lat' dir='ltr'><strong>ubi</strong></span> 
     </span>
    </p>
   </div>
   <div class='ocr_carea' id='block_1_55' title="bbox 202 5256 1832 5333">
    <p class='ocr_par' dir='ltr' id='par_1_55' title="bbox 202 5256 1832 5333">
     <span class='ocr_line' id='line_1_55' title="bbox 202 5256 1832 5333; baseline 0.002 -21"><span class='ocrx_word' id='word_1_414' title='bbox 202 5258 494 5312; x_wconf 74' lang='lat' dir='ltr'><strong>collectas</strong></span> <span class='ocrx_word' id='word_1_415' title='bbox 520 5256 712 5313; x_wconf 87' lang='lat' dir='ltr'><strong>viderit</strong></span> <span class='ocrx_word' id='word_1_416' title='bbox 737 5274 869 5328; x_wconf 87' lang='lat' dir='ltr'><strong>epes</strong></span> <span class='ocrx_word' id='word_1_417' title='bbox 894 5260 1107 5327; x_wconf 73' lang='lat' dir='ltr'><strong>animae,</strong></span> <span class='ocrx_word' id='word_1_418' title='bbox 1134 5275 1198 5316; x_wconf 90' lang='lat' dir='ltr'><strong>ac</strong></span> <span class='ocrx_word' id='word_1_419' title='bbox 1219 5259 1495 5315; x_wconf 80' lang='lat' dir='ltr'><strong>facultates</strong></span> <span class='ocrx_word' id='word_1_420' title='bbox 1514 5271 1698 5317; x_wconf 88' lang='lat' dir='ltr'><strong>auctas</strong></span> <span class='ocrx_word' id='word_1_421' title='bbox 1719 5263 1832 5333; x_wconf 82' lang='lat' dir='ltr'><strong>pie-</strong></span> 
     </span>
    </p>
   </div>
   <div class='ocr_carea' id='block_1_56' title="bbox 152 5349 1823 5425">
    <p class='ocr_par' dir='ltr' id='par_1_56' title="bbox 152 5349 1823 5425">
     <span class='ocr_line' id='line_1_56' title="bbox 152 5349 1823 5425; baseline 0.002 -20"><span class='ocrx_word' id='word_1_422' title='bbox 152 5406 157 5409; x_wconf 97' lang='lat'>_</span> <span class='ocrx_word' id='word_1_423' title='bbox 206 5351 381 5413; x_wconf 80' lang='lat' dir='ltr'><strong>tatis,</strong></span> <span class='ocrx_word' id='word_1_424' title='bbox 419 5349 523 5405; x_wconf 92' lang='lat' dir='ltr'><strong>illic</strong></span> <span class='ocrx_word' id='word_1_425' title='bbox 551 5364 676 5407; x_wconf 88' lang='lat' dir='ltr'><strong>suas</strong></span> <span class='ocrx_word' id='word_1_426' title='bbox 704 5351 978 5408; x_wconf 87' lang='lat' dir='ltr'><strong>machinas</strong></span> <span class='ocrx_word' id='word_1_427' title='bbox 1016 5354 1155 5410; x_wconf 91' lang='lat' dir='ltr'><strong>sistit</strong></span> <span class='ocrx_word' id='word_1_428' title='bbox 1188 5362 1242 5409; x_wconf 91' lang='lat' dir='ltr'><strong>et</strong></span> <span class='ocrx_word' id='word_1_429' title='bbox 1270 5351 1537 5410; x_wconf 86' lang='lat' dir='ltr'><strong>admovet.</strong></span> <span class='ocrx_word' id='word_1_430' title='bbox 1565 5355 1718 5425; x_wconf 85' lang='lat' dir='ltr'><strong>Quod</strong></span> <span class='ocrx_word' id='word_1_431' title='bbox 1759 5356 1823 5424; x_wconf 91' lang='lat' dir='ltr'><strong>si,</strong></span> 
     </span>
    </p>
   </div>
   <div class='ocr_carea' id='block_1_57' title="bbox 198 5442 1826 5518">
    <p class='ocr_par' dir='ltr' id='par_1_57' title="bbox 198 5442 1826 5518">
     <span class='ocr_line' id='line_1_57' title="bbox 198 5442 1826 5518; baseline 0.003 -19"><span class='ocrx_word' id='word_1_432' title='bbox 198 5444 433 5515; x_wconf 82' lang='lat' dir='ltr'><strong>quibus</strong></span> <span class='ocrx_word' id='word_1_433' title='bbox 462 5442 667 5499; x_wconf 69' lang='lat' dir='ltr'><strong>insidiae</strong></span> <span class='ocrx_word' id='word_1_434' title='bbox 707 5456 960 5515; x_wconf 88' lang='lat' dir='ltr'><strong>parantur</strong></span> <span class='ocrx_word' id='word_1_435' title='bbox 987 5488 1001 5510; x_wconf 93' lang='lat'><strong>,</strong></span> <span class='ocrx_word' id='word_1_436' title='bbox 1033 5447 1065 5500; x_wconf 92' lang='lat' dir='ltr'><strong>ii</strong></span> <span class='ocrx_word' id='word_1_437' title='bbox 1099 5446 1284 5517; x_wconf 85' lang='lat' dir='ltr'><strong>vigiles</strong></span> <span class='ocrx_word' id='word_1_438' title='bbox 1310 5445 1509 5503; x_wconf 90' lang='lat' dir='ltr'><strong>fuerint</strong></span> <span class='ocrx_word' id='word_1_439' title='bbox 1533 5458 1588 5504; x_wconf 88' lang='lat' dir='ltr'><strong>et</strong></span> <span class='ocrx_word' id='word_1_440' title='bbox 1613 5451 1826 5518; x_wconf 90' lang='lat' dir='ltr'><strong>attenti,</strong></span> 
     </span>
    </p>
   </div>
   <div class='ocr_carea' id='block_1_58' title="bbox 200 5535 1830 5607">
    <p class='ocr_par' dir='ltr' id='par_1_58' title="bbox 200 5535 1830 5607">
     <span class='ocr_line' id='line_1_58' title="bbox 200 5535 1830 5607; baseline 0.002 -16"><span class='ocrx_word' id='word_1_441' title='bbox 200 5551 329 5591; x_wconf 83' lang='lat' dir='ltr'><strong>non</strong></span> <span class='ocrx_word' id='word_1_442' title='bbox 371 5535 536 5590; x_wconf 85' lang='lat' dir='ltr'><strong>modo</strong></span> <span class='ocrx_word' id='word_1_443' title='bbox 556 5535 686 5590; x_wconf 90' lang='lat' dir='ltr'><strong>nihil</strong></span> <span class='ocrx_word' id='word_1_444' title='bbox 713 5535 836 5591; x_wconf 91' lang='lat' dir='ltr'><strong>inde</strong></span> <span class='ocrx_word' id='word_1_445' title='bbox 865 5535 1135 5607; x_wconf 88' lang='lat' dir='ltr'><strong>patiuntur</strong></span> <span class='ocrx_word' id='word_1_446' title='bbox 1155 5537 1482 5606; x_wconf 88' lang='lat' dir='ltr'><strong>detrimenti,</strong></span> <span class='ocrx_word' id='word_1_447' title='bbox 1515 5540 1608 5595; x_wconf 90' lang='lat' dir='ltr'><strong>sed</strong></span> <span class='ocrx_word' id='word_1_448' title='bbox 1632 5549 1686 5596; x_wconf 91' lang='lat' dir='ltr'><strong>et</strong></span> <span class='ocrx_word' id='word_1_449' title='bbox 1709 5554 1830 5594; x_wconf 88' lang='lat' dir='ltr'><strong>am-</strong></span> 
     </span>
    </p>
   </div>
   <div class='ocr_carea' id='block_1_59' title="bbox 198 5625 1828 5702">
    <p class='ocr_par' dir='ltr' id='par_1_59' title="bbox 198 5625 1828 5702">
     <span class='ocr_line' id='line_1_59' title="bbox 198 5625 1828 5702; baseline 0.002 -20"><span class='ocrx_word' id='word_1_450' title='bbox 198 5628 439 5699; x_wconf 73' lang='lat' dir='ltr'><strong>pliores</strong></span> <span class='ocrx_word' id='word_1_451' title='bbox 478 5625 601 5681; x_wconf 87' lang='lat' dir='ltr'><strong>inde</strong></span> <span class='ocrx_word' id='word_1_452' title='bbox 642 5628 854 5684; x_wconf 85' lang='lat' dir='ltr'><strong>virtutis</strong></span> <span class='ocrx_word' id='word_1_453' title='bbox 893 5643 1023 5699; x_wconf 83' lang='lat' dir='ltr'><strong>opes</strong></span> <span class='ocrx_word' id='word_1_454' title='bbox 1047 5629 1382 5687; x_wconf 86' lang='lat' dir='ltr'><strong>accumulant</strong></span> <span class='ocrx_word' id='word_1_455' title='bbox 1416 5647 1430 5685; x_wconf 89' lang='lat'><strong>:</strong></span> <span class='ocrx_word' id='word_1_456' title='bbox 1461 5629 1607 5702; x_wconf 83' lang='lat' dir='ltr'><strong>quod</strong></span> <span class='ocrx_word' id='word_1_457' title='bbox 1634 5631 1828 5688; x_wconf 83' lang='lat' dir='ltr'><strong>etiam-</strong></span> 
     </span>
    </p>
   </div>
   <div class='ocr_carea' id='block_1_60' title="bbox 196 5730 583 5777">
    <p class='ocr_par' dir='ltr' id='par_1_60' title="bbox 196 5730 583 5777">
     <span class='ocr_line' id='line_1_60' title="bbox 196 5730 583 5777; baseline -0.003 0"><span class='ocrx_word' id='word_1_458' title='bbox 196 5738 351 5777; x_wconf 81' lang='lat' dir='ltr'><strong>mtttt</strong></span> <span class='ocrx_word' id='word_1_459' title='bbox 390 5730 583 5776; x_wconf 75' lang='lat' dir='ltr'><strong>evemt.</strong></span> 
     </span>
    </p>
   </div>
   <div class='ocr_carea' id='block_1_61' title="bbox 3400 270 3512 327">
    <p class='ocr_par' dir='ltr' id='par_1_61' title="bbox 3400 270 3512 327">
     <span class='ocr_line' id='line_1_61' title="bbox 3400 270 3512 327; baseline -0.018 -1"><span class='ocrx_word' id='word_1_460' title='bbox 3400 270 3512 327; x_wconf 62' lang='lat'><strong>5‘26</strong></span> 
     </span>
    </p>
   </div>
   <div class='ocr_carea' id='block_1_62' title="bbox 1996 372 3516 454">
    <p class='ocr_par' dir='ltr' id='par_1_62' title="bbox 1996 372 3516 454">
     <span class='ocr_line' id='line_1_62' title="bbox 1996 372 3516 454; baseline 0.004 -22"><span class='ocrx_word' id='word_1_461' title='bbox 1996 376 2123 433; x_wconf 64' lang='lat' dir='ltr'><strong>Car.</strong></span> <span class='ocrx_word' id='word_1_462' title='bbox 2175 377 2363 434; x_wconf 76' lang='lat' dir='ltr'><strong>XXIII.</strong></span> <span class='ocrx_word' id='word_1_463' title='bbox 2403 372 2688 435; x_wconf 72' lang='lat' dir='ltr'><strong>Maximum</strong></span> <span class='ocrx_word' id='word_1_464' title='bbox 2742 396 2846 436; x_wconf 79' lang='lat' dir='ltr'><strong>me</strong></span> <span class='ocrx_word' id='word_1_465' title='bbox 2898 380 3075 454; x_wconf 65' lang='lat' dir='ltr'><strong>gloria</strong></span> <span class='ocrx_word' id='word_1_466' title='bbox 3112 389 3162 438; x_wconf 78' lang='lat' dir='ltr'><strong>et</strong></span> <span class='ocrx_word' id='word_1_467' title='bbox 3218 380 3516 438; x_wconf 75' lang='lat' dir='ltr'><strong>celebritatis</strong></span> 
     </span>
    </p>
   </div>
   <div class='ocr_carea' id='block_1_63' title="bbox 1926 466 3515 547">
    <p class='ocr_par' dir='ltr' id='par_1_63' title="bbox 1926 466 3515 547">
     <span class='ocr_line' id='line_1_63' title="bbox 1926 466 3515 547; baseline 0.003 -25"><span class='ocrx_word' id='word_1_468' title='bbox 1926 466 2167 525; x_wconf 69' lang='lat' dir='ltr'><strong>Ecclesiae</strong></span> <span class='ocrx_word' id='word_1_469' title='bbox 2191 471 2463 538; x_wconf 84' lang='lat' dir='ltr'><strong>indicium,</strong></span> <span class='ocrx_word' id='word_1_470' title='bbox 2494 488 2608 543; x_wconf 76' lang='lat' dir='ltr'><strong>qua:</strong></span> <span class='ocrx_word' id='word_1_471' title='bbox 2643 472 2972 540; x_wconf 78' lang='lat' dir='ltr'><strong>acciderunt,</strong></span> <span class='ocrx_word' id='word_1_472' title='bbox 3002 488 3158 547; x_wconf 72' lang='lat' dir='ltr'><strong>eaque</strong></span> <span class='ocrx_word' id='word_1_473' title='bbox 3189 473 3362 531; x_wconf 78' lang='lat' dir='ltr'><strong>multis</strong></span> <span class='ocrx_word' id='word_1_474' title='bbox 3393 490 3515 542; x_wconf 81' lang='lat' dir='ltr'><strong>pro-</strong></span> 
     </span>
    </p>
   </div>
   <div class='ocr_carea' id='block_1_64' title="bbox 1925 560 3511 633">
    <p class='ocr_par' dir='ltr' id='par_1_64' title="bbox 1925 560 3511 633">
     <span class='ocr_line' id='line_1_64' title="bbox 1925 560 3511 633; baseline 0.004 -20"><span class='ocrx_word' id='word_1_475' title='bbox 1925 560 2099 631; x_wconf 78' lang='lat' dir='ltr'><strong>fuisse.</strong></span> <span class='ocrx_word' id='word_1_476' title='bbox 2122 592 2197 603; x_wconf 90' lang='lat'><strong>--</strong></span> <span class='ocrx_word' id='word_1_477' title='bbox 2219 563 2392 633; x_wconf 85' lang='lat' dir='ltr'><strong>Atque</strong></span> <span class='ocrx_word' id='word_1_478' title='bbox 2417 564 2518 620; x_wconf 91' lang='lat' dir='ltr'><strong>hoc</strong></span> <span class='ocrx_word' id='word_1_479' title='bbox 2544 566 2830 620; x_wconf 66' lang='lat' dir='ltr'><strong>maximum</strong></span> <span class='ocrx_word' id='word_1_480' title='bbox 2858 565 3110 622; x_wconf 91' lang='lat' dir='ltr'><strong>indicium</strong></span> <span class='ocrx_word' id='word_1_481' title='bbox 3133 566 3388 623; x_wconf 87' lang='lat' dir='ltr'><strong>ubertatis</strong></span> <span class='ocrx_word' id='word_1_482' title='bbox 3411 566 3511 622; x_wconf 88' lang='lat' dir='ltr'><strong>bo-</strong></span> 
     </span>
    </p>
   </div>
   <div class='ocr_carea' id='block_1_65' title="bbox 1926 655 3509 730">
    <p class='ocr_par' dir='ltr' id='par_1_65' title="bbox 1926 655 3509 730">
     <span class='ocr_line' id='line_1_65' title="bbox 1926 655 3509 730; baseline 0.004 -23"><span class='ocrx_word' id='word_1_483' title='bbox 1926 668 2119 709; x_wconf 81' lang='lat' dir='ltr'><strong>norum</strong></span> <span class='ocrx_word' id='word_1_484' title='bbox 2155 668 2395 724; x_wconf 87' lang='lat' dir='ltr'><strong>eperum,</strong></span> <span class='ocrx_word' id='word_1_485' title='bbox 2429 664 2481 711; x_wconf 89' lang='lat' dir='ltr'><strong>et</strong></span> <span class='ocrx_word' id='word_1_486' title='bbox 2512 655 2836 712; x_wconf 81' lang='lat' dir='ltr'><strong>fortitudinis</strong></span> <span class='ocrx_word' id='word_1_487' title='bbox 2865 656 3123 713; x_wconf 82' lang='lat' dir='ltr'><strong>Ecclesiae</strong></span> <span class='ocrx_word' id='word_1_488' title='bbox 3151 658 3509 730; x_wconf 86' lang='lat' dir='ltr'><strong>poteritquis-</strong></span> 
     </span>
    </p>
   </div>
   <div class='ocr_carea' id='block_1_66' title="bbox 1928 742 3513 819">
    <p class='ocr_par' dir='ltr' id='par_1_66' title="bbox 1928 742 3513 819">
     <span class='ocr_line' id='line_1_66' title="bbox 1928 742 3513 819; baseline 0.005 -22"><span class='ocrx_word' id='word_1_489' title='bbox 1928 742 2067 812; x_wconf 83' lang='lat' dir='ltr'><strong>piam</strong></span> <span class='ocrx_word' id='word_1_490' title='bbox 2114 744 2406 815; x_wconf 86' lang='lat' dir='ltr'><strong>assignare.</strong></span> <span class='ocrx_word' id='word_1_491' title='bbox 2456 745 2589 801; x_wconf 92' lang='lat' dir='ltr'><strong>Cum</strong></span> <span class='ocrx_word' id='word_1_492' title='bbox 2635 748 2777 802; x_wconf 90' lang='lat' dir='ltr'><strong>enim</strong></span> <span class='ocrx_word' id='word_1_493' title='bbox 2805 747 2947 804; x_wconf 90' lang='lat' dir='ltr'><strong>illam</strong></span> <span class='ocrx_word' id='word_1_494' title='bbox 2990 747 3263 819; x_wconf 87' lang='lat' dir='ltr'><strong>improbus</strong></span> <span class='ocrx_word' id='word_1_495' title='bbox 3303 748 3513 805; x_wconf 76' lang='lat' dir='ltr'><strong>dannon</strong></span> 
     </span>
    </p>
   </div>
   <div class='ocr_carea' id='block_1_67' title="bbox 1928 833 3514 908">
    <p class='ocr_par' dir='ltr' id='par_1_67' title="bbox 1928 833 3514 908">
     <span class='ocr_line' id='line_1_67' title="bbox 1928 833 3514 908; baseline 0.003 -19"><span class='ocrx_word' id='word_1_496' title='bbox 1928 833 2205 892; x_wconf 85' lang='lat' dir='ltr'><strong>ﬂorentem</strong></span> <span class='ocrx_word' id='word_1_497' title='bbox 2230 837 2379 903; x_wconf 89' lang='lat' dir='ltr'><strong>vidit,</strong></span> <span class='ocrx_word' id='word_1_498' title='bbox 2407 836 2548 892; x_wconf 90' lang='lat' dir='ltr'><strong>fama</strong></span> <span class='ocrx_word' id='word_1_499' title='bbox 2569 838 2914 906; x_wconf 86' lang='lat' dir='ltr'><strong>celebratam,</strong></span> <span class='ocrx_word' id='word_1_500' title='bbox 2943 838 3094 895; x_wconf 89' lang='lat' dir='ltr'><strong>brevi</strong></span> <span class='ocrx_word' id='word_1_501' title='bbox 3119 840 3376 908; x_wconf 89' lang='lat' dir='ltr'><strong>temporis</strong></span> <span class='ocrx_word' id='word_1_502' title='bbox 3403 855 3514 893; x_wconf 84' lang='lat' dir='ltr'><strong>mo-</strong></span> 
     </span>
    </p>
   </div>
   <div class='ocr_carea' id='block_1_68' title="bbox 1929 928 3514 1002">
    <p class='ocr_par' dir='ltr' id='par_1_68' title="bbox 1929 928 3514 1002">
     <span class='ocr_line' id='line_1_68' title="bbox 1929 928 3514 1002; baseline 0.004 -23"><span class='ocrx_word' id='word_1_503' title='bbox 1929 936 2109 981; x_wconf 90' lang='lat' dir='ltr'><strong>mento</strong></span> <span class='ocrx_word' id='word_1_504' title='bbox 2140 928 2192 982; x_wconf 91' lang='lat' dir='ltr'><strong>in</strong></span> <span class='ocrx_word' id='word_1_505' title='bbox 2237 929 2403 984; x_wconf 86' lang='lat' dir='ltr'><strong>altum</strong></span> <span class='ocrx_word' id='word_1_506' title='bbox 2436 939 2692 996; x_wconf 87' lang='lat' dir='ltr'><strong>evectam,</strong></span> <span class='ocrx_word' id='word_1_507' title='bbox 2723 930 2944 985; x_wconf 90' lang='lat' dir='ltr'><strong>multam</strong></span> <span class='ocrx_word' id='word_1_508' title='bbox 2985 930 3038 985; x_wconf 90' lang='lat' dir='ltr'><strong>iu</strong></span> <span class='ocrx_word' id='word_1_509' title='bbox 3079 945 3142 1000; x_wconf 83' lang='lat' dir='ltr'><strong>ea</strong></span> <span class='ocrx_word' id='word_1_510' title='bbox 3187 929 3514 1002; x_wconf 87' lang='lat' dir='ltr'><strong>diligentiam</strong></span> 
     </span>
    </p>
   </div>
   <div class='ocr_carea' id='block_1_69' title="bbox 1929 1019 3516 1095">
    <p class='ocr_par' dir='ltr' id='par_1_69' title="bbox 1929 1019 3516 1095">
     <span class='ocr_line' id='line_1_69' title="bbox 1929 1019 3516 1095; baseline 0.005 -24"><span class='ocrx_word' id='word_1_511' title='bbox 1929 1019 2193 1089; x_wconf 88' lang='lat' dir='ltr'><strong>adhiberi,</strong></span> <span class='ocrx_word' id='word_1_512' title='bbox 2222 1037 2285 1076; x_wconf 90' lang='lat' dir='ltr'><strong>ac</strong></span> <span class='ocrx_word' id='word_1_513' title='bbox 2310 1023 2507 1092; x_wconf 84' lang='lat' dir='ltr'><strong>probos</strong></span> <span class='ocrx_word' id='word_1_514' title='bbox 2532 1023 2763 1095; x_wconf 87' lang='lat' dir='ltr'><strong>majores</strong></span> <span class='ocrx_word' id='word_1_515' title='bbox 2783 1023 2957 1080; x_wconf 86' lang='lat' dir='ltr'><strong>facere</strong></span> <span class='ocrx_word' id='word_1_516' title='bbox 2984 1024 3035 1078; x_wconf 91' lang='lat' dir='ltr'><strong>in</strong></span> <span class='ocrx_word' id='word_1_517' title='bbox 3055 1024 3249 1080; x_wconf 89' lang='lat' dir='ltr'><strong>virtute</strong></span> <span class='ocrx_word' id='word_1_518' title='bbox 3278 1040 3516 1095; x_wconf 83' lang='lat' dir='ltr'><strong>progres-</strong></span> 
     </span>
    </p>
   </div>
   <div class='ocr_carea' id='block_1_70' title="bbox 1927 1116 3515 1189">
    <p class='ocr_par' dir='ltr' id='par_1_70' title="bbox 1927 1116 3515 1189">
     <span class='ocr_line' id='line_1_70' title="bbox 1927 1116 3515 1189; baseline 0.003 -20"><span class='ocrx_word' id='word_1_519' title='bbox 1927 1128 2040 1180; x_wconf 88' lang='lat' dir='ltr'><strong>sus,</strong></span> <span class='ocrx_word' id='word_1_520' title='bbox 2072 1129 2166 1169; x_wconf 88' lang='lat' dir='ltr'><strong>eos</strong></span> <span class='ocrx_word' id='word_1_521' title='bbox 2193 1117 2282 1186; x_wconf 89' lang='lat' dir='ltr'><strong>qui</strong></span> <span class='ocrx_word' id='word_1_522' title='bbox 2314 1116 2472 1170; x_wconf 88' lang='lat' dir='ltr'><strong>vitam</strong></span> <span class='ocrx_word' id='word_1_523' title='bbox 2516 1132 2666 1172; x_wconf 86' lang='lat' dir='ltr'><strong>suam</strong></span> <span class='ocrx_word' id='word_1_524' title='bbox 2698 1119 2928 1187; x_wconf 89' lang='lat' dir='ltr'><strong>peccatis</strong></span> <span class='ocrx_word' id='word_1_525' title='bbox 2964 1117 3279 1185; x_wconf 79' lang='lat' dir='ltr'><strong>iniecerant,</strong></span> <span class='ocrx_word' id='word_1_526' title='bbox 3303 1117 3369 1173; x_wconf 89' lang='lat' dir='ltr'><strong>ad</strong></span> <span class='ocrx_word' id='word_1_527' title='bbox 3400 1133 3515 1189; x_wconf 67' lang='lat' dir='ltr'><strong>pw-</strong></span> 
     </span>
    </p>
   </div>
   <div class='ocr_carea' id='block_1_71' title="bbox 1929 1200 3616 1274">
    <p class='ocr_par' dir='ltr' id='par_1_71' title="bbox 1929 1200 3616 1274">
     <span class='ocr_line' id='line_1_71' title="bbox 1929 1200 3616 1274; baseline 0.002 -14"><span class='ocrx_word' id='word_1_528' title='bbox 1929 1207 2204 1261; x_wconf 89' lang='lat' dir='ltr'><strong>nitentiam</strong></span> <span class='ocrx_word' id='word_1_529' title='bbox 2234 1222 2355 1263; x_wconf 90' lang='lat' dir='ltr'><strong>esse</strong></span> <span class='ocrx_word' id='word_1_530' title='bbox 2392 1223 2698 1274; x_wconf 88' lang='lat' dir='ltr'><strong>conversos,</strong></span> <span class='ocrx_word' id='word_1_531' title='bbox 2731 1218 2898 1264; x_wconf 84' lang='lat' dir='ltr'><strong>totum</strong></span> <span class='ocrx_word' id='word_1_532' title='bbox 2927 1210 3109 1266; x_wconf 88' lang='lat' dir='ltr'><strong>orbem</strong></span> <span class='ocrx_word' id='word_1_533' title='bbox 3142 1200 3401 1265; x_wconf 83' lang='lat' dir='ltr'><strong>terrarum</strong></span> <span class='ocrx_word' id='word_1_534' title='bbox 3434 1209 3512 1264; x_wconf 84' lang='lat' dir='ltr'><strong>is-</strong></span> <span class='ocrx_word' id='word_1_535' title='bbox 3606 1221 3616 1226; x_wconf 76' lang='lat'><strong><em>&#39;</em></strong></span> 
     </span>
    </p>
   </div>
   <div class='ocr_carea' id='block_1_72' title="bbox 1932 1297 3517 1367">
    <p class='ocr_par' dir='ltr' id='par_1_72' title="bbox 1932 1297 3517 1367">
     <span class='ocr_line' id='line_1_72' title="bbox 1932 1297 3517 1367; baseline 0.002 -17"><span class='ocrx_word' id='word_1_536' title='bbox 1932 1297 2034 1352; x_wconf 92' lang='lat' dir='ltr'><strong>tius</strong></span> <span class='ocrx_word' id='word_1_537' title='bbox 2059 1297 2287 1352; x_wconf 87' lang='lat' dir='ltr'><strong>civitatis</strong></span> <span class='ocrx_word' id='word_1_538' title='bbox 2311 1313 2469 1367; x_wconf 88' lang='lat' dir='ltr'><strong>opera</strong></span> <span class='ocrx_word' id='word_1_539' title='bbox 2493 1299 2810 1354; x_wconf 89' lang='lat' dir='ltr'><strong>instructum</strong></span> <span class='ocrx_word' id='word_1_540' title='bbox 2838 1314 2959 1355; x_wconf 90' lang='lat' dir='ltr'><strong>esse</strong></span> <span class='ocrx_word' id='word_1_541' title='bbox 2986 1318 2999 1354; x_wconf 89' lang='lat'>:</span> <span class='ocrx_word' id='word_1_542' title='bbox 3024 1314 3212 1354; x_wconf 91' lang='lat' dir='ltr'><strong>omnes</strong></span> <span class='ocrx_word' id='word_1_543' title='bbox 3241 1299 3517 1354; x_wconf 89' lang='lat' dir='ltr'><strong>machinas</strong></span> 
     </span>
    </p>
   </div>
   <div class='ocr_carea' id='block_1_73' title="bbox 1930 1389 3519 1461">
    <p class='ocr_par' dir='ltr' id='par_1_73' title="bbox 1930 1389 3519 1461">
     <span class='ocr_line' id='line_1_73' title="bbox 1930 1389 3519 1461; baseline -0.001 -14"><span class='ocrx_word' id='word_1_544' title='bbox 1930 1404 2053 1447; x_wconf 88' lang='lat' dir='ltr'><strong>suas</strong></span> <span class='ocrx_word' id='word_1_545' title='bbox 2081 1390 2336 1458; x_wconf 87' lang='lat' dir='ltr'><strong>admovit,</strong></span> <span class='ocrx_word' id='word_1_546' title='bbox 2356 1400 2411 1446; x_wconf 91' lang='lat' dir='ltr'><strong>et</strong></span> <span class='ocrx_word' id='word_1_547' title='bbox 2437 1391 2686 1447; x_wconf 89' lang='lat' dir='ltr'><strong>intestina</strong></span> <span class='ocrx_word' id='word_1_548' title='bbox 2716 1391 2853 1448; x_wconf 89' lang='lat' dir='ltr'><strong>bella</strong></span> <span class='ocrx_word' id='word_1_549' title='bbox 2879 1391 3149 1447; x_wconf 81' lang='lat' dir='ltr'><strong>excitavit.</strong></span> <span class='ocrx_word' id='word_1_550' title='bbox 3182 1391 3251 1448; x_wconf 87' lang='lat' dir='ltr'><strong>Et</strong></span> <span class='ocrx_word' id='word_1_551' title='bbox 3271 1389 3519 1461; x_wconf 77' lang='lat' dir='ltr'><strong>quemad-</strong></span> 
     </span>
    </p>
   </div>
   <div class='ocr_carea' id='block_1_74' title="bbox 1932 1483 3517 1557">
    <p class='ocr_par' dir='ltr' id='par_1_74' title="bbox 1932 1483 3517 1557">
     <span class='ocr_line' id='line_1_74' title="bbox 1932 1483 3517 1557; baseline -0.001 -17"><span class='ocrx_word' id='word_1_552' title='bbox 1932 1484 2145 1540; x_wconf 89' lang='lat' dir='ltr'><strong>modum</strong></span> <span class='ocrx_word' id='word_1_553' title='bbox 2169 1500 2290 1539; x_wconf 91' lang='lat' dir='ltr'><strong>cum</strong></span> <span class='ocrx_word' id='word_1_554' title='bbox 2316 1483 2508 1542; x_wconf 84' lang='lat' dir='ltr'><strong>Jobum</strong></span> <span class='ocrx_word' id='word_1_555' title='bbox 2537 1492 2869 1555; x_wconf 83' lang='lat' dir='ltr'><strong>Oppugnarct</strong></span> <span class='ocrx_word' id='word_1_556' title='bbox 2893 1526 2906 1549; x_wconf 90' lang='lat'><strong>,</strong></span> <span class='ocrx_word' id='word_1_557' title='bbox 2933 1499 3077 1540; x_wconf 92' lang='lat' dir='ltr'><strong>nunc</strong></span> <span class='ocrx_word' id='word_1_558' title='bbox 3108 1484 3328 1555; x_wconf 89' lang='lat' dir='ltr'><strong>quidem</strong></span> <span class='ocrx_word' id='word_1_559' title='bbox 3353 1496 3517 1557; x_wconf 86' lang='lat' dir='ltr'><strong>pecu-</strong></span> 
     </span>
    </p>
   </div>
   <div class='ocr_carea' id='block_1_75' title="bbox 1932 1574 3521 1649">
    <p class='ocr_par' dir='ltr' id='par_1_75' title="bbox 1932 1574 3521 1649">
     <span class='ocr_line' id='line_1_75' title="bbox 1932 1574 3521 1649; baseline 0.001 -21"><span class='ocrx_word' id='word_1_560' title='bbox 1932 1574 2136 1630; x_wconf 88' lang='lat' dir='ltr'><strong>niarum</strong></span> <span class='ocrx_word' id='word_1_561' title='bbox 2158 1575 2386 1645; x_wconf 84' lang='lat' dir='ltr'><strong>jactura,</strong></span> <span class='ocrx_word' id='word_1_562' title='bbox 2415 1591 2556 1631; x_wconf 91' lang='lat' dir='ltr'><strong>nunc</strong></span> <span class='ocrx_word' id='word_1_563' title='bbox 2586 1585 2769 1632; x_wconf 89' lang='lat' dir='ltr'><strong>autem</strong></span> <span class='ocrx_word' id='word_1_564' title='bbox 2795 1576 3020 1649; x_wconf 86' lang='lat' dir='ltr'><strong>orbitate</strong></span> <span class='ocrx_word' id='word_1_565' title='bbox 3040 1576 3352 1641; x_wconf 81' lang='lat' dir='ltr'><strong>liberorum,</strong></span> <span class='ocrx_word' id='word_1_566' title='bbox 3380 1589 3521 1629; x_wconf 89' lang='lat' dir='ltr'><strong>nunc</strong></span> 
     </span>
    </p>
   </div>
   <div class='ocr_carea' id='block_1_76' title="bbox 1932 1664 3521 1737">
    <p class='ocr_par' dir='ltr' id='par_1_76' title="bbox 1932 1664 3521 1737">
     <span class='ocr_line' id='line_1_76' title="bbox 1932 1664 3521 1737; baseline -0.001 -17"><span class='ocrx_word' id='word_1_567' title='bbox 1932 1667 2173 1736; x_wconf 87' lang='lat' dir='ltr'><strong>corporis</strong></span> <span class='ocrx_word' id='word_1_568' title='bbox 2199 1667 2536 1737; x_wconf 79' lang='lat' dir='ltr'><strong>aegritudine,</strong></span> <span class='ocrx_word' id='word_1_569' title='bbox 2567 1682 2709 1723; x_wconf 90' lang='lat' dir='ltr'><strong>nunc</strong></span> <span class='ocrx_word' id='word_1_570' title='bbox 2754 1668 2934 1737; x_wconf 87' lang='lat' dir='ltr'><strong>lingua</strong></span> <span class='ocrx_word' id='word_1_571' title='bbox 2975 1666 3178 1733; x_wconf 71' lang='lat' dir='ltr'><strong>uxoris,</strong></span> <span class='ocrx_word' id='word_1_572' title='bbox 3208 1681 3351 1721; x_wconf 89' lang='lat' dir='ltr'><strong>nunc</strong></span> <span class='ocrx_word' id='word_1_573' title='bbox 3371 1664 3521 1735; x_wconf 35' lang='lat' dir='ltr'><strong>,ami-</strong></span> 
     </span>
    </p>
   </div>
   <div class='ocr_carea' id='block_1_77' title="bbox 1930 1755 3519 1827">
    <p class='ocr_par' dir='ltr' id='par_1_77' title="bbox 1930 1755 3519 1827">
     <span class='ocr_line' id='line_1_77' title="bbox 1930 1755 3519 1827; baseline -0.001 -16"><span class='ocrx_word' id='word_1_574' title='bbox 1930 1772 2119 1813; x_wconf 89' lang='lat' dir='ltr'><strong>eorum</strong></span> <span class='ocrx_word' id='word_1_575' title='bbox 2141 1758 2371 1827; x_wconf 89' lang='lat' dir='ltr'><strong>probris,</strong></span> <span class='ocrx_word' id='word_1_576' title='bbox 2399 1758 2581 1813; x_wconf 88' lang='lat' dir='ltr'><strong>sannis</strong></span> <span class='ocrx_word' id='word_1_577' title='bbox 2601 1766 2660 1813; x_wconf 89' lang='lat' dir='ltr'><strong>et</strong></span> <span class='ocrx_word' id='word_1_578' title='bbox 2676 1758 2931 1813; x_wconf 83' lang='lat' dir='ltr'><strong>conviciis</strong></span> <span class='ocrx_word' id='word_1_579' title='bbox 2955 1761 3155 1827; x_wconf 91' lang='lat' dir='ltr'><strong>justum</strong></span> <span class='ocrx_word' id='word_1_580' title='bbox 3182 1755 3472 1826; x_wconf 88' lang='lat' dir='ltr'><strong>impetcbat</strong></span> <span class='ocrx_word' id='word_1_581' title='bbox 3503 1773 3519 1810; x_wconf 92' lang='lat'><strong>:</strong></span> 
     </span>
    </p>
   </div>
   <div class='ocr_carea' id='block_1_78' title="bbox 1931 1848 3520 1918">
    <p class='ocr_par' dir='ltr' id='par_1_78' title="bbox 1931 1848 3520 1918">
     <span class='ocr_line' id='line_1_78' title="bbox 1931 1848 3520 1918; baseline 0 -15"><span class='ocrx_word' id='word_1_582' title='bbox 1931 1849 2008 1903; x_wconf 89' lang='lat' dir='ltr'><strong>sic</strong></span> <span class='ocrx_word' id='word_1_583' title='bbox 2036 1849 2197 1903; x_wconf 89' lang='lat' dir='ltr'><strong>etiam</strong></span> <span class='ocrx_word' id='word_1_584' title='bbox 2224 1848 2276 1902; x_wconf 92' lang='lat' dir='ltr'><strong>in</strong></span> <span class='ocrx_word' id='word_1_585' title='bbox 2305 1848 2601 1904; x_wconf 79' lang='lat' dir='ltr'><strong>Ecclesium</strong></span> <span class='ocrx_word' id='word_1_586' title='bbox 2632 1864 2729 1918; x_wconf 90' lang='lat' dir='ltr'><strong>per</strong></span> <span class='ocrx_word' id='word_1_587' title='bbox 2755 1849 2976 1911; x_wconf 90' lang='lat' dir='ltr'><strong>amicos,</strong></span> <span class='ocrx_word' id='word_1_588' title='bbox 3010 1864 3104 1917; x_wconf 87' lang='lat' dir='ltr'><strong>per</strong></span> <span class='ocrx_word' id='word_1_589' title='bbox 3134 1848 3395 1910; x_wconf 89' lang='lat' dir='ltr'><strong>inimicos,</strong></span> <span class='ocrx_word' id='word_1_590' title='bbox 3423 1861 3520 1916; x_wconf 83' lang='lat' dir='ltr'><strong>per</strong></span> 
     </span>
    </p>
   </div>
   <div class='ocr_carea' id='block_1_79' title="bbox 1930 1936 3513 2012">
    <p class='ocr_par' dir='ltr' id='par_1_79' title="bbox 1930 1936 3513 2012">
     <span class='ocr_line' id='line_1_79' title="bbox 1930 1936 3513 2012; baseline -0.003 -16"><span class='ocrx_word' id='word_1_591' title='bbox 1930 1956 2028 1996; x_wconf 89' lang='lat' dir='ltr'><strong>eos</strong></span> <span class='ocrx_word' id='word_1_592' title='bbox 2046 1940 2135 2012; x_wconf 91' lang='lat' dir='ltr'><strong>qui</strong></span> <span class='ocrx_word' id='word_1_593' title='bbox 2163 1941 2225 1995; x_wconf 91' lang='lat' dir='ltr'><strong>in.</strong></span> <span class='ocrx_word' id='word_1_594' title='bbox 2241 1941 2440 1995; x_wconf 87' lang='lat' dir='ltr'><strong>clerum</strong></span> <span class='ocrx_word' id='word_1_595' title='bbox 2462 1941 2638 1995; x_wconf 90' lang='lat' dir='ltr'><strong>allecti</strong></span> <span class='ocrx_word' id='word_1_596' title='bbox 2661 1948 2832 2007; x_wconf 89' lang='lat' dir='ltr'><strong>erant,</strong></span> <span class='ocrx_word' id='word_1_597' title='bbox 2868 1955 2961 2009; x_wconf 88' lang='lat' dir='ltr'><strong>per</strong></span> <span class='ocrx_word' id='word_1_598' title='bbox 2984 1953 3079 1994; x_wconf 90' lang='lat' dir='ltr'><strong>eos</strong></span> <span class='ocrx_word' id='word_1_599' title='bbox 3098 1938 3186 2009; x_wconf 88' lang='lat' dir='ltr'><strong>qui</strong></span> <span class='ocrx_word' id='word_1_600' title='bbox 3207 1939 3260 1993; x_wconf 90' lang='lat' dir='ltr'><strong>in</strong></span> <span class='ocrx_word' id='word_1_601' title='bbox 3288 1936 3513 1992; x_wconf 86' lang='lat' dir='ltr'><strong>militum</strong></span> 
     </span>
    </p>
   </div>
   <div class='ocr_carea' id='block_1_80' title="bbox 1932 2029 3521 2104">
    <p class='ocr_par' dir='ltr' id='par_1_80' title="bbox 1932 2029 3521 2104">
     <span class='ocr_line' id='line_1_80' title="bbox 1932 2029 3521 2104; baseline -0.004 -16"><span class='ocrx_word' id='word_1_602' title='bbox 1932 2050 2192 2091; x_wconf 88' lang='lat' dir='ltr'><strong>numeros</strong></span> <span class='ocrx_word' id='word_1_603' title='bbox 2213 2034 2386 2102; x_wconf 88' lang='lat' dir='ltr'><strong>relati,</strong></span> <span class='ocrx_word' id='word_1_604' title='bbox 2420 2049 2513 2104; x_wconf 89' lang='lat' dir='ltr'><strong>per</strong></span> <span class='ocrx_word' id='word_1_605' title='bbox 2537 2031 3049 2104; x_wconf 84' lang='lat' dir='ltr'><strong>cosquiepisc0pali</strong></span> <span class='ocrx_word' id='word_1_606' title='bbox 3083 2030 3294 2085; x_wconf 88' lang='lat' dir='ltr'><strong>fuerant</strong></span> <span class='ocrx_word' id='word_1_607' title='bbox 3318 2029 3521 2084; x_wconf 83' lang='lat' dir='ltr'><strong>honore</strong></span> 
     </span>
    </p>
   </div>
   <div class='ocr_carea' id='block_1_81' title="bbox 1932 2122 3514 2199">
    <p class='ocr_par' dir='ltr' id='par_1_81' title="bbox 1932 2122 3514 2199">
     <span class='ocr_line' id='line_1_81' title="bbox 1932 2122 3514 2199; baseline -0.005 -17"><span class='ocrx_word' id='word_1_608' title='bbox 1932 2127 2188 2193; x_wconf 88' lang='lat' dir='ltr'><strong>decorati,</strong></span> <span class='ocrx_word' id='word_1_609' title='bbox 2214 2143 2308 2199; x_wconf 86' lang='lat' dir='ltr'><strong>per</strong></span> <span class='ocrx_word' id='word_1_610' title='bbox 2323 2127 2515 2183; x_wconf 89' lang='lat' dir='ltr'><strong>multas</strong></span> <span class='ocrx_word' id='word_1_611' title='bbox 2530 2127 2810 2196; x_wconf 83' lang='lat' dir='ltr'><strong>variasque</strong></span> <span class='ocrx_word' id='word_1_612' title='bbox 2831 2139 3087 2195; x_wconf 89' lang='lat' dir='ltr'><strong>personas</strong></span> <span class='ocrx_word' id='word_1_613' title='bbox 3113 2122 3514 2193; x_wconf 85' lang='lat' dir='ltr'><strong>impressionem</strong></span> 
     </span>
    </p>
   </div>
   <div class='ocr_carea' id='block_1_82' title="bbox 1935 2210 3523 2275">
    <p class='ocr_par' dir='ltr' id='par_1_82' title="bbox 1935 2210 3523 2275">
     <span class='ocr_line' id='line_1_82' title="bbox 1935 2210 3523 2275; baseline -0.004 -3"><span class='ocrx_word' id='word_1_614' title='bbox 1935 2219 2073 2275; x_wconf 85' lang='lat' dir='ltr'><strong>fecit.</strong></span> <span class='ocrx_word' id='word_1_615' title='bbox 2106 2219 2486 2275; x_wconf 84' lang='lat' dir='ltr'><strong>Verumtamen</strong></span> <span class='ocrx_word' id='word_1_616' title='bbox 2532 2225 2610 2272; x_wconf 90' lang='lat' dir='ltr'><strong>tot</strong></span> <span class='ocrx_word' id='word_1_617' title='bbox 2655 2216 2886 2271; x_wconf 87' lang='lat' dir='ltr'><strong>admotis</strong></span> <span class='ocrx_word' id='word_1_618' title='bbox 2929 2214 3191 2270; x_wconf 90' lang='lat' dir='ltr'><strong>machinis</strong></span> <span class='ocrx_word' id='word_1_619' title='bbox 3224 2227 3328 2267; x_wconf 90' lang='lat' dir='ltr'><strong>non</strong></span> <span class='ocrx_word' id='word_1_620' title='bbox 3360 2210 3523 2266; x_wconf 90' lang='lat' dir='ltr'><strong>modo</strong></span> 
     </span>
    </p>
   </div>
   <div class='ocr_carea' id='block_1_83' title="bbox 1934 2302 3517 2379">
    <p class='ocr_par' dir='ltr' id='par_1_83' title="bbox 1934 2302 3517 2379">
     <span class='ocr_line' id='line_1_83' title="bbox 1934 2302 3517 2379; baseline -0.006 -13"><span class='ocrx_word' id='word_1_621' title='bbox 1934 2312 2074 2367; x_wconf 89' lang='lat' dir='ltr'><strong>illam</strong></span> <span class='ocrx_word' id='word_1_622' title='bbox 2091 2326 2194 2367; x_wconf 91' lang='lat' dir='ltr'><strong>non</strong></span> <span class='ocrx_word' id='word_1_623' title='bbox 2207 2311 2495 2379; x_wconf 89' lang='lat' dir='ltr'><strong>concussit,</strong></span> <span class='ocrx_word' id='word_1_624' title='bbox 2509 2310 2600 2366; x_wconf 87' lang='lat' dir='ltr'><strong>sed</strong></span> <span class='ocrx_word' id='word_1_625' title='bbox 2621 2309 2959 2365; x_wconf 90' lang='lat' dir='ltr'><strong>illustriorem</strong></span> <span class='ocrx_word' id='word_1_626' title='bbox 2973 2309 3131 2364; x_wconf 90' lang='lat' dir='ltr'><strong>etiam</strong></span> <span class='ocrx_word' id='word_1_627' title='bbox 3149 2304 3393 2362; x_wconf 87' lang='lat' dir='ltr'><strong>reddidit.</strong></span> <span class='ocrx_word' id='word_1_628' title='bbox 3405 2302 3517 2358; x_wconf 62' lang='lat' dir='ltr'><strong>Not</strong></span> 
     </span>
    </p>
   </div>
   <div class='ocr_carea' id='block_1_84' title="bbox 1933 2397 3516 2463">
    <p class='ocr_par' dir='ltr' id='par_1_84' title="bbox 1933 2397 3516 2463">
     <span class='ocr_line' id='line_1_84' title="bbox 1933 2397 3516 2463; baseline -0.007 -3"><span class='ocrx_word' id='word_1_629' title='bbox 1933 2406 2076 2461; x_wconf 89' lang='lat' dir='ltr'><strong>enim</strong></span> <span class='ocrx_word' id='word_1_630' title='bbox 2105 2405 2178 2460; x_wconf 91' lang='lat' dir='ltr'><strong>ita</strong></span> <span class='ocrx_word' id='word_1_631' title='bbox 2215 2414 2327 2461; x_wconf 89' lang='lat' dir='ltr'><strong>tum</strong></span> <span class='ocrx_word' id='word_1_632' title='bbox 2355 2404 2575 2460; x_wconf 90' lang='lat' dir='ltr'><strong>minime</strong></span> <span class='ocrx_word' id='word_1_633' title='bbox 2615 2403 2861 2460; x_wconf 81' lang='lat' dir='ltr'><strong>divexata</strong></span> <span class='ocrx_word' id='word_1_634' title='bbox 2889 2411 3112 2457; x_wconf 90' lang='lat' dir='ltr'><strong>cunctos</strong></span> <span class='ocrx_word' id='word_1_635' title='bbox 3137 2397 3432 2463; x_wconf 89' lang='lat' dir='ltr'><strong>erudiebat,</strong></span> <span class='ocrx_word' id='word_1_636' title='bbox 3463 2403 3516 2450; x_wconf 92' lang='lat' dir='ltr'><strong>ut</strong></span> 
     </span>
    </p>
   </div>
   <div class='ocr_carea' id='block_1_85' title="bbox 1934 2492 3517 2567">
    <p class='ocr_par' dir='ltr' id='par_1_85' title="bbox 1934 2492 3517 2567">
     <span class='ocr_line' id='line_1_85' title="bbox 1934 2492 3517 2567; baseline -0.008 -12"><span class='ocrx_word' id='word_1_637' title='bbox 1934 2516 2076 2556; x_wconf 89' lang='lat' dir='ltr'><strong>nunc</strong></span> <span class='ocrx_word' id='word_1_638' title='bbox 2118 2508 2284 2555; x_wconf 90' lang='lat' dir='ltr'><strong>totum</strong></span> <span class='ocrx_word' id='word_1_639' title='bbox 2311 2498 2495 2555; x_wconf 91' lang='lat' dir='ltr'><strong>orbem</strong></span> <span class='ocrx_word' id='word_1_640' title='bbox 2524 2508 2786 2554; x_wconf 87' lang='lat' dir='ltr'><strong>terrarum</strong></span> <span class='ocrx_word' id='word_1_641' title='bbox 2818 2496 3129 2567; x_wconf 88' lang='lat' dir='ltr'><strong>patientiam</strong></span> <span class='ocrx_word' id='word_1_642' title='bbox 3168 2492 3343 2554; x_wconf 89' lang='lat' dir='ltr'><strong>docet,</strong></span> <span class='ocrx_word' id='word_1_643' title='bbox 3380 2499 3517 2544; x_wconf 83' lang='lat' dir='ltr'><strong>tem-</strong></span> 
     </span>
    </p>
   </div>
   <div class='ocr_carea' id='block_1_86' title="bbox 1933 2580 3513 2662">
    <p class='ocr_par' dir='ltr' id='par_1_86' title="bbox 1933 2580 3513 2662">
     <span class='ocr_line' id='line_1_86' title="bbox 1933 2580 3513 2662; baseline -0.008 -16"><span class='ocrx_word' id='word_1_644' title='bbox 1933 2592 2249 2662; x_wconf 88' lang='lat' dir='ltr'><strong>perantiam,</strong></span> <span class='ocrx_word' id='word_1_645' title='bbox 2272 2590 2589 2646; x_wconf 82' lang='lat' dir='ltr'><strong>afﬂictiones</strong></span> <span class='ocrx_word' id='word_1_646' title='bbox 2606 2589 2856 2654; x_wconf 88' lang='lat' dir='ltr'><strong>tolerare,</strong></span> <span class='ocrx_word' id='word_1_647' title='bbox 2874 2584 3225 2642; x_wconf 89' lang='lat' dir='ltr'><strong>constantiam</strong></span> <span class='ocrx_word' id='word_1_648' title='bbox 3240 2580 3513 2645; x_wconf 78' lang='lat' dir='ltr'><strong>exhibere,</strong></span> 
     </span>
    </p>
   </div>
   <div class='ocr_carea' id='block_1_87' title="bbox 1934 2673 3516 2748">
    <p class='ocr_par' dir='ltr' id='par_1_87' title="bbox 1934 2673 3516 2748">
     <span class='ocr_line' id='line_1_87' title="bbox 1934 2673 3516 2748; baseline -0.008 -10"><span class='ocrx_word' id='word_1_649' title='bbox 1934 2682 2206 2738; x_wconf 63' lang='lat' dir='ltr'><strong>saecularia</strong></span> <span class='ocrx_word' id='word_1_650' title='bbox 2247 2690 2612 2746; x_wconf 87' lang='lat' dir='ltr'><strong>contemnere,</strong></span> <span class='ocrx_word' id='word_1_651' title='bbox 2659 2680 2871 2735; x_wconf 87' lang='lat' dir='ltr'><strong>divitias</strong></span> <span class='ocrx_word' id='word_1_652' title='bbox 2918 2692 3016 2748; x_wconf 91' lang='lat' dir='ltr'><strong>pro</strong></span> <span class='ocrx_word' id='word_1_653' title='bbox 3061 2675 3228 2730; x_wconf 91' lang='lat' dir='ltr'><strong>nihilo</strong></span> <span class='ocrx_word' id='word_1_654' title='bbox 3282 2673 3516 2737; x_wconf 89' lang='lat' dir='ltr'><strong>habere,</strong></span> 
     </span>
    </p>
   </div>
   <div class='ocr_carea' id='block_1_88' title="bbox 1933 2768 3517 2848">
    <p class='ocr_par' dir='ltr' id='par_1_88' title="bbox 1933 2768 3517 2848">
     <span class='ocr_line' id='line_1_88' title="bbox 1933 2768 3517 2848; baseline -0.009 -15"><span class='ocrx_word' id='word_1_655' title='bbox 1933 2776 2211 2848; x_wconf 85' lang='lat' dir='ltr'><strong>despicere</strong></span> <span class='ocrx_word' id='word_1_656' title='bbox 2256 2777 2509 2841; x_wconf 84' lang='lat' dir='ltr'><strong>honores,</strong></span> <span class='ocrx_word' id='word_1_657' title='bbox 2561 2783 2788 2828; x_wconf 91' lang='lat' dir='ltr'><strong>mortem</strong></span> <span class='ocrx_word' id='word_1_658' title='bbox 2844 2768 3142 2842; x_wconf 86' lang='lat' dir='ltr'><strong>aspernari,</strong></span> <span class='ocrx_word' id='word_1_659' title='bbox 3193 2771 3359 2822; x_wconf 88' lang='lat' dir='ltr'><strong>vitam</strong></span> <span class='ocrx_word' id='word_1_660' title='bbox 3385 2780 3517 2821; x_wconf 88' lang='lat' dir='ltr'><strong>con-</strong></span> 
     </span>
    </p>
   </div>
   <div class='ocr_carea' id='block_1_89' title="bbox 1935 2863 3514 2937">
    <p class='ocr_par' dir='ltr' id='par_1_89' title="bbox 1935 2863 3514 2937">
     <span class='ocr_line' id='line_1_89' title="bbox 1935 2863 3514 2937; baseline -0.008 -13"><span class='ocrx_word' id='word_1_661' title='bbox 1935 2877 2195 2935; x_wconf 83' lang='lat' dir='ltr'><strong>temnere,</strong></span> <span class='ocrx_word' id='word_1_662' title='bbox 2229 2869 2451 2937; x_wconf 89' lang='lat' dir='ltr'><strong>patriam</strong></span> <span class='ocrx_word' id='word_1_663' title='bbox 2484 2865 2773 2936; x_wconf 86' lang='lat' dir='ltr'><strong>negligere,</strong></span> <span class='ocrx_word' id='word_1_664' title='bbox 2805 2864 3116 2927; x_wconf 75' lang='lat' dir='ltr'><strong>familiares,</strong></span> <span class='ocrx_word' id='word_1_665' title='bbox 3147 2863 3368 2925; x_wconf 89' lang='lat' dir='ltr'><strong>amicos,</strong></span> <span class='ocrx_word' id='word_1_666' title='bbox 3391 2875 3514 2930; x_wconf 87' lang='lat' dir='ltr'><strong>pro-</strong></span> 
     </span>
    </p>
   </div>
   <div class='ocr_carea' id='block_1_90' title="bbox 1937 2953 3518 3032">
    <p class='ocr_par' dir='ltr' id='par_1_90' title="bbox 1937 2953 3518 3032">
     <span class='ocr_line' id='line_1_90' title="bbox 1937 2953 3518 3032; baseline -0.006 -17"><span class='ocrx_word' id='word_1_667' title='bbox 1937 2961 2181 3032; x_wconf 90' lang='lat' dir='ltr'><strong>pinquos,</strong></span> <span class='ocrx_word' id='word_1_668' title='bbox 2208 2960 2274 3014; x_wconf 90' lang='lat' dir='ltr'><strong>ad</strong></span> <span class='ocrx_word' id='word_1_669' title='bbox 2312 2959 2491 3014; x_wconf 86' lang='lat' dir='ltr'><strong>caedes</strong></span> <span class='ocrx_word' id='word_1_670' title='bbox 2518 2958 2763 3013; x_wconf 89' lang='lat' dir='ltr'><strong>diversas</strong></span> <span class='ocrx_word' id='word_1_671' title='bbox 2792 2954 3096 3012; x_wconf 89' lang='lat' dir='ltr'><strong>subeundas</strong></span> <span class='ocrx_word' id='word_1_672' title='bbox 3134 2969 3195 3010; x_wconf 90' lang='lat' dir='ltr'><strong>se</strong></span> <span class='ocrx_word' id='word_1_673' title='bbox 3220 2953 3518 3024; x_wconf 87' lang='lat' dir='ltr'><strong>accingere,</strong></span> 
     </span>
    </p>
   </div>
   <div class='ocr_carea' id='block_1_91' title="bbox 1936 3044 3519 3123">
    <p class='ocr_par' dir='ltr' id='par_1_91' title="bbox 1936 3044 3519 3123">
     <span class='ocr_line' id='line_1_91' title="bbox 1936 3044 3519 3123; baseline -0.006 -16"><span class='ocrx_word' id='word_1_674' title='bbox 1936 3054 1987 3108; x_wconf 89' lang='lat' dir='ltr'><strong>in</strong></span> <span class='ocrx_word' id='word_1_675' title='bbox 2029 3052 2234 3108; x_wconf 91' lang='lat' dir='ltr'><strong>medios</strong></span> <span class='ocrx_word' id='word_1_676' title='bbox 2278 3052 2484 3123; x_wconf 89' lang='lat' dir='ltr'><strong>gladios</strong></span> <span class='ocrx_word' id='word_1_677' title='bbox 2533 3050 2758 3116; x_wconf 90' lang='lat' dir='ltr'><strong>insilire,</strong></span> <span class='ocrx_word' id='word_1_678' title='bbox 2804 3059 2994 3105; x_wconf 90' lang='lat' dir='ltr'><strong>cuncta</strong></span> <span class='ocrx_word' id='word_1_679' title='bbox 3029 3062 3151 3119; x_wconf 77' lang='lat' dir='ltr'><strong>qure</strong></span> <span class='ocrx_word' id='word_1_680' title='bbox 3195 3046 3248 3101; x_wconf 92' lang='lat' dir='ltr'><strong>in</strong></span> <span class='ocrx_word' id='word_1_681' title='bbox 3284 3045 3386 3099; x_wconf 89' lang='lat' dir='ltr'><strong>bac</strong></span> <span class='ocrx_word' id='word_1_682' title='bbox 3412 3044 3519 3099; x_wconf 91' lang='lat' dir='ltr'><strong>vita</strong></span> 
     </span>
    </p>
   </div>
   <div class='ocr_carea' id='block_1_92' title="bbox 1933 3139 3517 3216">
    <p class='ocr_par' dir='ltr' id='par_1_92' title="bbox 1933 3139 3517 3216">
     <span class='ocr_line' id='line_1_92' title="bbox 1933 3139 3517 3216; baseline -0.006 -14"><span class='ocrx_word' id='word_1_683' title='bbox 1933 3154 2058 3202; x_wconf 89' lang='lat' dir='ltr'><strong>sunt</strong></span> <span class='ocrx_word' id='word_1_684' title='bbox 2084 3146 2382 3216; x_wconf 84' lang='lat' dir='ltr'><strong>splendida,</strong></span> <span class='ocrx_word' id='word_1_685' title='bbox 2406 3145 2637 3201; x_wconf 72' lang='lat' dir='ltr'><strong>honores</strong></span> <span class='ocrx_word' id='word_1_686' title='bbox 2664 3145 2900 3215; x_wconf 89' lang='lat' dir='ltr'><strong>inquam,</strong></span> <span class='ocrx_word' id='word_1_687' title='bbox 2931 3152 2985 3199; x_wconf 91' lang='lat' dir='ltr'><strong>et</strong></span> <span class='ocrx_word' id='word_1_688' title='bbox 3005 3141 3251 3213; x_wconf 86' lang='lat' dir='ltr'><strong>gloriam,</strong></span> <span class='ocrx_word' id='word_1_689' title='bbox 3273 3139 3517 3211; x_wconf 90' lang='lat' dir='ltr'><strong>imperia,</strong></span> 
     </span>
    </p>
   </div>
   <div class='ocr_carea' id='block_1_93' title="bbox 1934 3231 3521 3304">
    <p class='ocr_par' dir='ltr' id='par_1_93' title="bbox 1934 3231 3521 3304">
     <span class='ocr_line' id='line_1_93' title="bbox 1934 3231 3521 3304; baseline -0.003 -12"><span class='ocrx_word' id='word_1_690' title='bbox 1934 3238 2172 3304; x_wconf 89' lang='lat' dir='ltr'><strong>delicias,</strong></span> <span class='ocrx_word' id='word_1_691' title='bbox 2222 3239 2410 3293; x_wconf 90' lang='lat' dir='ltr'><strong>viliora</strong></span> <span class='ocrx_word' id='word_1_692' title='bbox 2457 3237 2678 3292; x_wconf 87' lang='lat' dir='ltr'><strong>floribus</strong></span> <span class='ocrx_word' id='word_1_693' title='bbox 2721 3235 2903 3292; x_wconf 90' lang='lat' dir='ltr'><strong>vernis</strong></span> <span class='ocrx_word' id='word_1_694' title='bbox 2935 3233 3150 3289; x_wconf 89' lang='lat' dir='ltr'><strong>ducere.</strong></span> <span class='ocrx_word' id='word_1_695' title='bbox 3183 3233 3357 3303; x_wconf 86' lang='lat' dir='ltr'><strong>Atque</strong></span> <span class='ocrx_word' id='word_1_696' title='bbox 3404 3231 3521 3287; x_wconf 59' lang='lat' dir='ltr'><strong>haec</strong></span> 
     </span>
    </p>
   </div>
   <div class='ocr_carea' id='block_1_94' title="bbox 1936 3324 3518 3399">
    <p class='ocr_par' dir='ltr' id='par_1_94' title="bbox 1936 3324 3518 3399">
     <span class='ocr_line' id='line_1_94' title="bbox 1936 3324 3518 3399; baseline -0.005 -13"><span class='ocrx_word' id='word_1_697' title='bbox 1936 3347 2040 3386; x_wconf 90' lang='lat' dir='ltr'><strong>non</strong></span> <span class='ocrx_word' id='word_1_698' title='bbox 2073 3345 2209 3385; x_wconf 91' lang='lat' dir='ltr'><strong>unus</strong></span> <span class='ocrx_word' id='word_1_699' title='bbox 2238 3346 2333 3385; x_wconf 88' lang='lat' dir='ltr'><strong>nos</strong></span> <span class='ocrx_word' id='word_1_700' title='bbox 2363 3330 2550 3385; x_wconf 86' lang='lat' dir='ltr'><strong>edocet</strong></span> <span class='ocrx_word' id='word_1_701' title='bbox 2574 3339 2798 3394; x_wconf 92' lang='lat' dir='ltr'><strong>tantum,</strong></span> <span class='ocrx_word' id='word_1_702' title='bbox 2828 3342 3002 3399; x_wconf 87' lang='lat' dir='ltr'><strong>neque</strong></span> <span class='ocrx_word' id='word_1_703' title='bbox 3028 3326 3135 3381; x_wconf 91' lang='lat' dir='ltr'><strong>duo</strong></span> <span class='ocrx_word' id='word_1_704' title='bbox 3164 3325 3247 3382; x_wconf 89' lang='lat' dir='ltr'><strong>vel</strong></span> <span class='ocrx_word' id='word_1_705' title='bbox 3272 3333 3400 3391; x_wconf 90' lang='lat' dir='ltr'><strong>tres,</strong></span> <span class='ocrx_word' id='word_1_706' title='bbox 3423 3324 3518 3380; x_wconf 89' lang='lat' dir='ltr'><strong>sed</strong></span> 
     </span>
    </p>
   </div>
   <div class='ocr_carea' id='block_1_95' title="bbox 1937 3417 3518 3493">
    <p class='ocr_par' dir='ltr' id='par_1_95' title="bbox 1937 3417 3518 3493">
     <span class='ocr_line' id='line_1_95' title="bbox 1937 3417 3518 3493; baseline -0.005 -16"><span class='ocrx_word' id='word_1_707' title='bbox 1937 3422 2164 3493; x_wconf 89' lang='lat' dir='ltr'><strong>pepulus</strong></span> <span class='ocrx_word' id='word_1_708' title='bbox 2191 3420 2487 3487; x_wconf 86' lang='lat' dir='ltr'><strong>universus,</strong></span> <span class='ocrx_word' id='word_1_709' title='bbox 2517 3436 2687 3491; x_wconf 89' lang='lat' dir='ltr'><strong>neque</strong></span> <span class='ocrx_word' id='word_1_710' title='bbox 2708 3419 2883 3474; x_wconf 85' lang='lat' dir='ltr'><strong>verbis</strong></span> <span class='ocrx_word' id='word_1_711' title='bbox 2908 3429 3133 3486; x_wconf 89' lang='lat' dir='ltr'><strong>tantum,</strong></span> <span class='ocrx_word' id='word_1_712' title='bbox 3156 3432 3339 3473; x_wconf 77' lang='lat' dir='ltr'><strong>verum</strong></span> <span class='ocrx_word' id='word_1_713' title='bbox 3358 3417 3518 3470; x_wconf 90' lang='lat' dir='ltr'><strong>etiam</strong></span> 
     </span>
    </p>
   </div>
   <div class='ocr_carea' id='block_1_96' title="bbox 1934 3508 3519 3585">
    <p class='ocr_par' dir='ltr' id='par_1_96' title="bbox 1934 3508 3519 3585">
     <span class='ocr_line' id='line_1_96' title="bbox 1934 3508 3519 3585; baseline -0.004 -18"><span class='ocrx_word' id='word_1_714' title='bbox 1934 3514 2211 3584; x_wconf 86' lang='lat' dir='ltr'><strong>operibus,</strong></span> <span class='ocrx_word' id='word_1_715' title='bbox 2234 3530 2329 3585; x_wconf 89' lang='lat' dir='ltr'><strong>per</strong></span> <span class='ocrx_word' id='word_1_716' title='bbox 2354 3529 2416 3569; x_wconf 88' lang='lat' dir='ltr'><strong>ea</strong></span> <span class='ocrx_word' id='word_1_717' title='bbox 2438 3530 2555 3584; x_wconf 74' lang='lat' dir='ltr'><strong>qua:</strong></span> <span class='ocrx_word' id='word_1_718' title='bbox 2582 3513 2873 3583; x_wconf 89' lang='lat' dir='ltr'><strong>patiuntur,</strong></span> <span class='ocrx_word' id='word_1_719' title='bbox 2907 3521 2960 3568; x_wconf 89' lang='lat' dir='ltr'><strong>et</strong></span> <span class='ocrx_word' id='word_1_720' title='bbox 2985 3512 3110 3567; x_wconf 91' lang='lat' dir='ltr'><strong>dttm</strong></span> <span class='ocrx_word' id='word_1_721' title='bbox 3132 3511 3369 3574; x_wconf 85' lang='lat' dir='ltr'><strong>vincunt,</strong></span> <span class='ocrx_word' id='word_1_722' title='bbox 3393 3508 3519 3562; x_wconf 90' lang='lat' dir='ltr'><strong>dum</strong></span> 
     </span>
    </p>
   </div>
   <div class='ocr_carea' id='block_1_97' title="bbox 1941 3602 3522 3677">
    <p class='ocr_par' dir='ltr' id='par_1_97' title="bbox 1941 3602 3522 3677">
     <span class='ocr_line' id='line_1_97' title="bbox 1941 3602 3522 3677; baseline -0.003 -16"><span class='ocrx_word' id='word_1_723' title='bbox 1941 3607 2280 3662; x_wconf 87' lang='lat' dir='ltr'><strong>insidiatores</strong></span> <span class='ocrx_word' id='word_1_724' title='bbox 2307 3620 2436 3661; x_wconf 90' lang='lat' dir='ltr'><strong>suos</strong></span> <span class='ocrx_word' id='word_1_725' title='bbox 2464 3605 2749 3677; x_wconf 86' lang='lat' dir='ltr'><strong>hostesque</strong></span> <span class='ocrx_word' id='word_1_726' title='bbox 2784 3614 3056 3675; x_wconf 84' lang='lat' dir='ltr'><strong>superant,</strong></span> <span class='ocrx_word' id='word_1_727' title='bbox 3085 3604 3211 3658; x_wconf 92' lang='lat' dir='ltr'><strong>dum</strong></span> <span class='ocrx_word' id='word_1_728' title='bbox 3241 3602 3522 3657; x_wconf 83' lang='lat' dir='ltr'><strong>adamante</strong></span> 
     </span>
    </p>
   </div>
   <div class='ocr_carea' id='block_1_98' title="bbox 1939 3694 3518 3767">
    <p class='ocr_par' dir='ltr' id='par_1_98' title="bbox 1939 3694 3518 3767">
     <span class='ocr_line' id='line_1_98' title="bbox 1939 3694 3518 3767; baseline -0.003 -15"><span class='ocrx_word' id='word_1_729' title='bbox 1939 3697 2200 3753; x_wconf 81' lang='lat' dir='ltr'><strong>ﬁrmiores</strong></span> <span class='ocrx_word' id='word_1_730' title='bbox 2250 3706 2305 3752; x_wconf 90' lang='lat' dir='ltr'><strong>et</strong></span> <span class='ocrx_word' id='word_1_731' title='bbox 2332 3713 2463 3767; x_wconf 84' lang='lat' dir='ltr'><strong>rupe</strong></span> <span class='ocrx_word' id='word_1_732' title='bbox 2492 3698 2820 3753; x_wconf 86' lang='lat' dir='ltr'><strong>robustiores</strong></span> <span class='ocrx_word' id='word_1_733' title='bbox 2856 3704 3043 3752; x_wconf 88' lang='lat' dir='ltr'><strong>cuncta</strong></span> <span class='ocrx_word' id='word_1_734' title='bbox 3074 3694 3369 3764; x_wconf 79' lang='lat' dir='ltr'><strong>perferunt,</strong></span> <span class='ocrx_word' id='word_1_735' title='bbox 3412 3707 3518 3747; x_wconf 88' lang='lat' dir='ltr'><strong>non</strong></span> 
     </span>
    </p>
   </div>
   <div class='ocr_carea' id='block_1_99' title="bbox 1935 3788 3517 3855">
    <p class='ocr_par' dir='ltr' id='par_1_99' title="bbox 1935 3788 3517 3855">
     <span class='ocr_line' id='line_1_99' title="bbox 1935 3788 3517 3855; baseline -0.003 -12"><span class='ocrx_word' id='word_1_736' title='bbox 1935 3805 2083 3845; x_wconf 88' lang='lat' dir='ltr'><strong>arma</strong></span> <span class='ocrx_word' id='word_1_737' title='bbox 2128 3800 2417 3855; x_wconf 84' lang='lat' dir='ltr'><strong>sumentes,</strong></span> <span class='ocrx_word' id='word_1_738' title='bbox 2468 3806 2574 3844; x_wconf 87' lang='lat' dir='ltr'><strong>non</strong></span> <span class='ocrx_word' id='word_1_739' title='bbox 2603 3790 2798 3845; x_wconf 87' lang='lat' dir='ltr'><strong>bellum</strong></span> <span class='ocrx_word' id='word_1_740' title='bbox 2835 3788 3146 3853; x_wconf 77' lang='lat' dir='ltr'><strong>excitantes,</strong></span> <span class='ocrx_word' id='word_1_741' title='bbox 3178 3802 3283 3840; x_wconf 88' lang='lat' dir='ltr'><strong>non</strong></span> <span class='ocrx_word' id='word_1_742' title='bbox 3312 3801 3517 3851; x_wconf 90' lang='lat' dir='ltr'><strong>arcum,</strong></span> 
     </span>
    </p>
   </div>
   <div class='ocr_carea' id='block_1_100' title="bbox 1937 3877 3522 3949">
    <p class='ocr_par' dir='ltr' id='par_1_100' title="bbox 1937 3877 3522 3949">
     <span class='ocr_line' id='line_1_100' title="bbox 1937 3877 3522 3949; baseline -0.003 -15"><span class='ocrx_word' id='word_1_743' title='bbox 1937 3896 2041 3935; x_wconf 90' lang='lat' dir='ltr'><strong>non</strong></span> <span class='ocrx_word' id='word_1_744' title='bbox 2085 3880 2303 3949; x_wconf 85' lang='lat' dir='ltr'><strong>sagittas</strong></span> <span class='ocrx_word' id='word_1_745' title='bbox 2335 3879 2626 3947; x_wconf 86' lang='lat' dir='ltr'><strong>vibrantes,</strong></span> <span class='ocrx_word' id='word_1_746' title='bbox 2673 3879 2767 3934; x_wconf 92' lang='lat' dir='ltr'><strong>sed</strong></span> <span class='ocrx_word' id='word_1_747' title='bbox 2813 3878 3003 3948; x_wconf 89' lang='lat' dir='ltr'><strong>singuli</strong></span> <span class='ocrx_word' id='word_1_748' title='bbox 3033 3877 3302 3947; x_wconf 69' lang='lat' dir='ltr'><strong>patientia:</strong></span> <span class='ocrx_word' id='word_1_749' title='bbox 3332 3890 3522 3947; x_wconf 88' lang='lat' dir='ltr'><strong>propu-</strong></span> 
     </span>
    </p>
   </div>
   <div class='ocr_carea' id='block_1_101' title="bbox 1934 3969 3515 4042">
    <p class='ocr_par' dir='ltr' id='par_1_101' title="bbox 1934 3969 3515 4042">
     <span class='ocr_line' id='line_1_101' title="bbox 1934 3969 3515 4042; baseline -0.002 -17"><span class='ocrx_word' id='word_1_750' title='bbox 1934 3972 2160 4042; x_wconf 83' lang='lat' dir='ltr'><strong>gnaculo</strong></span> <span class='ocrx_word' id='word_1_751' title='bbox 2208 3971 2418 4038; x_wconf 82' lang='lat' dir='ltr'><strong>muniti,</strong></span> <span class='ocrx_word' id='word_1_752' title='bbox 2447 3970 2742 4036; x_wconf 69' lang='lat' dir='ltr'><strong>modestiae,</strong></span> <span class='ocrx_word' id='word_1_753' title='bbox 2776 3969 3216 4036; x_wconf 78' lang='lat' dir='ltr'><strong>mansuetudinis,</strong></span> <span class='ocrx_word' id='word_1_754' title='bbox 3252 3969 3515 4024; x_wconf 85' lang='lat' dir='ltr'><strong>fortitudt-</strong></span> 
     </span>
    </p>
   </div>
   <div class='ocr_carea' id='block_1_102' title="bbox 1937 4060 3518 4133">
    <p class='ocr_par' dir='ltr' id='par_1_102' title="bbox 1937 4060 3518 4133">
     <span class='ocr_line' id='line_1_102' title="bbox 1937 4060 3518 4133; baseline -0.003 -13"><span class='ocrx_word' id='word_1_755' title='bbox 1937 4066 2051 4131; x_wconf 90' lang='lat' dir='ltr'><strong>nis,</strong></span> <span class='ocrx_word' id='word_1_756' title='bbox 2080 4072 2134 4120; x_wconf 93' lang='lat' dir='ltr'><strong>ct</strong></span> <span class='ocrx_word' id='word_1_757' title='bbox 2162 4063 2286 4117; x_wconf 90' lang='lat' dir='ltr'><strong>dum</strong></span> <span class='ocrx_word' id='word_1_758' title='bbox 2328 4064 2465 4118; x_wconf 86' lang='lat' dir='ltr'><strong>mala</strong></span> <span class='ocrx_word' id='word_1_759' title='bbox 2494 4062 2754 4133; x_wconf 84' lang='lat' dir='ltr'><strong>patienter</strong></span> <span class='ocrx_word' id='word_1_760' title='bbox 2785 4064 2991 4126; x_wconf 83' lang='lat' dir='ltr'><strong>ferunt,</strong></span> <span class='ocrx_word' id='word_1_761' title='bbox 3022 4061 3126 4116; x_wconf 89' lang='lat' dir='ltr'><strong>illis</strong></span> <span class='ocrx_word' id='word_1_762' title='bbox 3159 4061 3249 4132; x_wconf 90' lang='lat' dir='ltr'><strong>qui</strong></span> <span class='ocrx_word' id='word_1_763' title='bbox 3275 4077 3338 4118; x_wconf 90' lang='lat' dir='ltr'><strong>ca</strong></span> <span class='ocrx_word' id='word_1_764' title='bbox 3382 4060 3518 4116; x_wconf 82' lang='lat' dir='ltr'><strong>iule-</strong></span> 
     </span>
    </p>
   </div>
   <div class='ocr_carea' id='block_1_103' title="bbox 1937 4154 3236 4226">
    <p class='ocr_par' dir='ltr' id='par_1_103' title="bbox 1937 4154 3236 4226">
     <span class='ocr_line' id='line_1_103' title="bbox 1937 4154 3236 4226; baseline -0.004 -14"><span class='ocrx_word' id='word_1_765' title='bbox 1937 4166 2061 4212; x_wconf 92' lang='lat' dir='ltr'><strong>runt</strong></span> <span class='ocrx_word' id='word_1_766' title='bbox 2091 4156 2259 4210; x_wconf 90' lang='lat' dir='ltr'><strong>tnulto</strong></span> <span class='ocrx_word' id='word_1_767' title='bbox 2294 4155 2548 4225; x_wconf 90' lang='lat' dir='ltr'><strong>majorem</strong></span> <span class='ocrx_word' id='word_1_768' title='bbox 2571 4154 2914 4226; x_wconf 87' lang='lat' dir='ltr'><strong>ignominiam</strong></span> <span class='ocrx_word' id='word_1_769' title='bbox 2943 4155 3236 4209; x_wconf 89' lang='lat' dir='ltr'><strong>iuurentes.</strong></span> 
     </span>
    </p>
   </div>
   <div class='ocr_carea' id='block_1_104' title="bbox 2007 4247 3524 4319">
    <p class='ocr_par' dir='ltr' id='par_1_104' title="bbox 2007 4247 3524 4319">
     <span class='ocr_line' id='line_1_104' title="bbox 2007 4247 3524 4319; baseline -0.003 -14"><span class='ocrx_word' id='word_1_770' title='bbox 2007 4249 2132 4306; x_wconf 74' lang='lat' dir='ltr'><strong>CAP.</strong></span> <span class='ocrx_word' id='word_1_771' title='bbox 2176 4248 2364 4303; x_wconf 76' lang='lat' dir='ltr'><strong>XXIV.</strong></span> <span class='ocrx_word' id='word_1_772' title='bbox 2410 4249 2510 4315; x_wconf 80' lang='lat' dir='ltr'><strong>Qui</strong></span> <span class='ocrx_word' id='word_1_773' title='bbox 2563 4248 2668 4302; x_wconf 68' lang='lat' dir='ltr'><strong>[nec</strong></span> <span class='ocrx_word' id='word_1_774' title='bbox 2713 4251 2903 4302; x_wconf 78' lang='lat' dir='ltr'><strong>scelera</strong></span> <span class='ocrx_word' id='word_1_775' title='bbox 2952 4256 3305 4319; x_wconf 81' lang='lat' dir='ltr'><strong>perpetrarunt</strong></span> <span class='ocrx_word' id='word_1_776' title='bbox 3334 4288 3348 4313; x_wconf 96' lang='lat'><strong>,</strong></span> <span class='ocrx_word' id='word_1_777' title='bbox 3407 4247 3524 4301; x_wconf 78' lang='lat' dir='ltr'><strong>inde</strong></span> 
     </span>
    </p>
   </div>
   <div class='ocr_carea' id='block_1_105' title="bbox 1936 4340 3597 4413">
    <p class='ocr_par' dir='ltr' id='par_1_105' title="bbox 1936 4340 3597 4413">
     <span class='ocr_line' id='line_1_105' title="bbox 1936 4340 3597 4413; baseline -0.003 -19"><span class='ocrx_word' id='word_1_778' title='bbox 1936 4358 2131 4413; x_wconf 84' lang='lat' dir='ltr'><strong>quoque</strong></span> <span class='ocrx_word' id='word_1_779' title='bbox 2154 4343 2268 4412; x_wconf 83' lang='lat' dir='ltr'><strong>jam</strong></span> <span class='ocrx_word' id='word_1_780' title='bbox 2299 4359 2473 4412; x_wconf 73' lang='lat' dir='ltr'><strong>prunas</strong></span> <span class='ocrx_word' id='word_1_781' title='bbox 2495 4342 2649 4395; x_wconf 82' lang='lat' dir='ltr'><strong>luere.</strong></span> <span class='ocrx_word' id='word_1_782' title='bbox 2691 4371 2762 4382; x_wconf 92' lang='lat'><strong>-—</strong></span> <span class='ocrx_word' id='word_1_783' title='bbox 2798 4340 2947 4398; x_wconf 69' lang='lat' dir='ltr'><strong>Nunc</strong></span> <span class='ocrx_word' id='word_1_784' title='bbox 2976 4340 3188 4411; x_wconf 89' lang='lat' dir='ltr'><strong>quidem</strong></span> <span class='ocrx_word' id='word_1_785' title='bbox 3246 4348 3392 4395; x_wconf 86' lang='lat' dir='ltr'><strong>certe</strong></span> <span class='ocrx_word' id='word_1_786' title='bbox 3436 4340 3524 4393; x_wconf 87' lang='lat' dir='ltr'><strong>isti</strong></span> <span class='ocrx_word' id='word_1_787' title='bbox 3590 4382 3597 4389; x_wconf 92' lang='lat'><strong>.</strong></span> 
     </span>
    </p>
   </div>
   <div class='ocr_carea' id='block_1_106' title="bbox 1937 4428 3521 4503">
    <p class='ocr_par' dir='ltr' id='par_1_106' title="bbox 1937 4428 3521 4503">
     <span class='ocr_line' id='line_1_106' title="bbox 1937 4428 3521 4503; baseline -0.002 -17"><span class='ocrx_word' id='word_1_788' title='bbox 1937 4434 2082 4487; x_wconf 91' lang='lat' dir='ltr'><strong>vultu</strong></span> <span class='ocrx_word' id='word_1_789' title='bbox 2107 4432 2283 4499; x_wconf 83' lang='lat' dir='ltr'><strong>hilari,</strong></span> <span class='ocrx_word' id='word_1_790' title='bbox 2316 4442 2533 4503; x_wconf 78' lang='lat' dir='ltr'><strong>aspectu</strong></span> <span class='ocrx_word' id='word_1_791' title='bbox 2562 4433 2748 4498; x_wconf 89' lang='lat' dir='ltr'><strong>libero,</strong></span> <span class='ocrx_word' id='word_1_792' title='bbox 2770 4432 2957 4488; x_wconf 85' lang='lat' dir='ltr'><strong>fiducia</strong></span> <span class='ocrx_word' id='word_1_793' title='bbox 2988 4429 3288 4486; x_wconf 87' lang='lat' dir='ltr'><strong>incredibili</strong></span> <span class='ocrx_word' id='word_1_794' title='bbox 3315 4428 3521 4499; x_wconf 79' lang='lat' dir='ltr'><strong>pra-diti</strong></span> 
     </span>
    </p>
   </div>
   <div class='ocr_carea' id='block_1_107' title="bbox 1939 4521 3525 4592">
    <p class='ocr_par' dir='ltr' id='par_1_107' title="bbox 1939 4521 3525 4592">
     <span class='ocr_line' id='line_1_107' title="bbox 1939 4521 3525 4592; baseline -0.003 -12"><span class='ocrx_word' id='word_1_795' title='bbox 1939 4527 1989 4580; x_wconf 88' lang='lat' dir='ltr'><strong>itt</strong></span> <span class='ocrx_word' id='word_1_796' title='bbox 2023 4526 2193 4581; x_wconf 86' lang='lat' dir='ltr'><strong>forum</strong></span> <span class='ocrx_word' id='word_1_797' title='bbox 2219 4542 2278 4582; x_wconf 81' lang='lat' dir='ltr'><strong>se</strong></span> <span class='ocrx_word' id='word_1_798' title='bbox 2299 4526 2551 4592; x_wconf 81' lang='lat' dir='ltr'><strong>inferunt,</strong></span> <span class='ocrx_word' id='word_1_799' title='bbox 2576 4534 2856 4581; x_wconf 79' lang='lat' dir='ltr'><strong>versantur</strong></span> <span class='ocrx_word' id='word_1_800' title='bbox 2880 4532 2934 4579; x_wconf 85' lang='lat' dir='ltr'><strong>tu</strong></span> <span class='ocrx_word' id='word_1_801' title='bbox 2956 4524 3179 4587; x_wconf 68' lang='lat' dir='ltr'><strong>aedibus,</strong></span> <span class='ocrx_word' id='word_1_802' title='bbox 3194 4522 3259 4576; x_wconf 91' lang='lat' dir='ltr'><strong>ad</strong></span> <span class='ocrx_word' id='word_1_803' title='bbox 3275 4521 3525 4577; x_wconf 88' lang='lat' dir='ltr'><strong>collectas</strong></span> 
     </span>
    </p>
   </div>
   <div class='ocr_carea' id='block_1_108' title="bbox 1938 4615 3522 4687">
    <p class='ocr_par' dir='ltr' id='par_1_108' title="bbox 1938 4615 3522 4687">
     <span class='ocr_line' id='line_1_108' title="bbox 1938 4615 3522 4687; baseline -0.004 -13"><span class='ocrx_word' id='word_1_804' title='bbox 1938 4621 2260 4675; x_wconf 88' lang='lat' dir='ltr'><strong>conveniunt</strong></span> <span class='ocrx_word' id='word_1_805' title='bbox 2278 4619 2658 4685; x_wconf 81' lang='lat' dir='ltr'><strong>celebrandas;</strong></span> <span class='ocrx_word' id='word_1_806' title='bbox 2684 4618 2756 4673; x_wconf 92' lang='lat' dir='ltr'><strong>illi</strong></span> <span class='ocrx_word' id='word_1_807' title='bbox 2780 4626 2955 4672; x_wconf 90' lang='lat' dir='ltr'><strong>autem</strong></span> <span class='ocrx_word' id='word_1_808' title='bbox 2978 4617 3065 4687; x_wconf 92' lang='lat' dir='ltr'><strong>qui</strong></span> <span class='ocrx_word' id='word_1_809' title='bbox 3087 4615 3208 4671; x_wconf 86' lang='lat' dir='ltr'><strong>talia</strong></span> <span class='ocrx_word' id='word_1_810' title='bbox 3228 4622 3522 4684; x_wconf 88' lang='lat' dir='ltr'><strong>patrarunt,</strong></span> 
     </span>
    </p>
   </div>
   <div class='ocr_carea' id='block_1_109' title="bbox 1936 4704 3525 4780">
    <p class='ocr_par' dir='ltr' id='par_1_109' title="bbox 1936 4704 3525 4780">
     <span class='ocr_line' id='line_1_109' title="bbox 1936 4704 3525 4780; baseline -0.005 -14"><span class='ocrx_word' id='word_1_811' title='bbox 1936 4710 2061 4766; x_wconf 90' lang='lat' dir='ltr'><strong>dum</strong></span> <span class='ocrx_word' id='word_1_812' title='bbox 2129 4711 2365 4780; x_wconf 87' lang='lat' dir='ltr'><strong>singulas</strong></span> <span class='ocrx_word' id='word_1_813' title='bbox 2410 4710 2696 4765; x_wconf 90' lang='lat' dir='ltr'><strong>admovent</strong></span> <span class='ocrx_word' id='word_1_814' title='bbox 2731 4708 3002 4764; x_wconf 89' lang='lat' dir='ltr'><strong>machinas</strong></span> <span class='ocrx_word' id='word_1_815' title='bbox 3030 4744 3048 4773; x_wconf 85' lang='lat'><strong>,</strong></span> <span class='ocrx_word' id='word_1_816' title='bbox 3092 4704 3356 4776; x_wconf 89' lang='lat' dir='ltr'><strong>pudefacti</strong></span> <span class='ocrx_word' id='word_1_817' title='bbox 3415 4704 3525 4759; x_wconf 90' lang='lat' dir='ltr'><strong>cir-</strong></span> 
     </span>
    </p>
   </div>
   <div class='ocr_carea' id='block_1_110' title="bbox 1936 4799 3527 4875">
    <p class='ocr_par' dir='ltr' id='par_1_110' title="bbox 1936 4799 3527 4875">
     <span class='ocr_line' id='line_1_110' title="bbox 1936 4799 3527 4875; baseline -0.004 -15"><span class='ocrx_word' id='word_1_818' title='bbox 1936 4814 2209 4873; x_wconf 89' lang='lat' dir='ltr'><strong>cumeunt,</strong></span> <span class='ocrx_word' id='word_1_819' title='bbox 2239 4814 2292 4860; x_wconf 90' lang='lat' dir='ltr'><strong>et</strong></span> <span class='ocrx_word' id='word_1_820' title='bbox 2324 4822 2480 4875; x_wconf 85' lang='lat' dir='ltr'><strong>prava</strong></span> <span class='ocrx_word' id='word_1_821' title='bbox 2531 4804 2672 4858; x_wconf 91' lang='lat' dir='ltr'><strong>intus</strong></span> <span class='ocrx_word' id='word_1_822' title='bbox 2714 4802 3041 4857; x_wconf 90' lang='lat' dir='ltr'><strong>conscientia</strong></span> <span class='ocrx_word' id='word_1_823' title='bbox 3075 4799 3195 4855; x_wconf 93' lang='lat' dir='ltr'><strong>torti</strong></span> <span class='ocrx_word' id='word_1_824' title='bbox 3217 4840 3232 4865; x_wconf 93' lang='lat'><strong>,</strong></span> <span class='ocrx_word' id='word_1_825' title='bbox 3268 4808 3412 4854; x_wconf 91' lang='lat' dir='ltr'><strong>metu</strong></span> <span class='ocrx_word' id='word_1_826' title='bbox 3463 4814 3527 4854; x_wconf 90' lang='lat' dir='ltr'><strong>ac</strong></span> 
     </span>
    </p>
   </div>
   <div class='ocr_carea' id='block_1_111' title="bbox 1939 4890 3527 4968">
    <p class='ocr_par' dir='ltr' id='par_1_111' title="bbox 1939 4890 3527 4968">
     <span class='ocr_line' id='line_1_111' title="bbox 1939 4890 3527 4968; baseline -0.006 -15"><span class='ocrx_word' id='word_1_827' title='bbox 1939 4911 2174 4954; x_wconf 88' lang='lat' dir='ltr'><strong>tremore</strong></span> <span class='ocrx_word' id='word_1_828' title='bbox 2202 4899 2452 4968; x_wconf 90' lang='lat' dir='ltr'><strong>correpti.</strong></span> <span class='ocrx_word' id='word_1_829' title='bbox 2496 4892 3037 4965; x_wconf 86' lang='lat' dir='ltr'><strong>thuemadmodum</strong></span> <span class='ocrx_word' id='word_1_830' title='bbox 3065 4893 3190 4946; x_wconf 69' lang='lat' dir='ltr'><strong>fera:</strong></span> <span class='ocrx_word' id='word_1_831' title='bbox 3229 4906 3347 4961; x_wconf 76' lang='lat' dir='ltr'><strong>qua:</strong></span> <span class='ocrx_word' id='word_1_832' title='bbox 3387 4890 3527 4945; x_wconf 85' lang='lat' dir='ltr'><strong>diffi-</strong></span> 
     </span>
    </p>
   </div>
   <div class='ocr_carea' id='block_1_112' title="bbox 1936 4981 3526 5056">
    <p class='ocr_par' dir='ltr' id='par_1_112' title="bbox 1936 4981 3526 5056">
     <span class='ocr_line' id='line_1_112' title="bbox 1936 4981 3526 5056; baseline -0.006 -12"><span class='ocrx_word' id='word_1_833' title='bbox 1936 4989 2091 5044; x_wconf 91' lang='lat' dir='ltr'><strong>cilius</strong></span> <span class='ocrx_word' id='word_1_834' title='bbox 2120 4999 2431 5054; x_wconf 61' lang='lat' dir='ltr'><strong>cuecautur,</strong></span> <span class='ocrx_word' id='word_1_835' title='bbox 2459 5002 2580 5042; x_wconf 90' lang='lat' dir='ltr'><strong>cum</strong></span> <span class='ocrx_word' id='word_1_836' title='bbox 2609 4994 2728 5056; x_wconf 91' lang='lat' dir='ltr'><strong>post</strong></span> <span class='ocrx_word' id='word_1_837' title='bbox 2756 4999 2916 5039; x_wconf 92' lang='lat' dir='ltr'><strong>unam</strong></span> <span class='ocrx_word' id='word_1_838' title='bbox 2952 4991 3044 5037; x_wconf 92' lang='lat' dir='ltr'><strong>aut</strong></span> <span class='ocrx_word' id='word_1_839' title='bbox 3070 4982 3291 5036; x_wconf 88' lang='lat' dir='ltr'><strong>alteram</strong></span> <span class='ocrx_word' id='word_1_840' title='bbox 3320 4981 3526 5053; x_wconf 81' lang='lat' dir='ltr'><strong>plagam</strong></span> 
     </span>
    </p>
   </div>
   <div class='ocr_carea' id='block_1_113' title="bbox 1937 5072 3525 5140">
    <p class='ocr_par' dir='ltr' id='par_1_113' title="bbox 1937 5072 3525 5140">
     <span class='ocr_line' id='line_1_113' title="bbox 1937 5072 3525 5140; baseline -0.004 -5"><span class='ocrx_word' id='word_1_841' title='bbox 1937 5080 2191 5136; x_wconf 86' lang='lat' dir='ltr'><strong>inllictam</strong></span> <span class='ocrx_word' id='word_1_842' title='bbox 2222 5081 2272 5134; x_wconf 90' lang='lat' dir='ltr'><strong>in</strong></span> <span class='ocrx_word' id='word_1_843' title='bbox 2304 5079 2574 5134; x_wconf 87' lang='lat' dir='ltr'><strong>hastarum</strong></span> <span class='ocrx_word' id='word_1_844' title='bbox 2604 5090 2887 5132; x_wconf 86' lang='lat' dir='ltr'><strong>mucrones</strong></span> <span class='ocrx_word' id='word_1_845' title='bbox 2915 5072 3525 5140; x_wconf 86' lang='lat' dir='ltr'><strong>irruuntvehementius,</strong></span> 
     </span>
    </p>
   </div>
   <div class='ocr_carea' id='block_1_114' title="bbox 1935 5166 3529 5244">
    <p class='ocr_par' dir='ltr' id='par_1_114' title="bbox 1935 5166 3529 5244">
     <span class='ocr_line' id='line_1_114' title="bbox 1935 5166 3529 5244; baseline -0.004 -16"><span class='ocrx_word' id='word_1_846' title='bbox 1935 5172 2206 5244; x_wconf 86' lang='lat' dir='ltr'><strong>graviores</strong></span> <span class='ocrx_word' id='word_1_847' title='bbox 2230 5170 2332 5226; x_wconf 89' lang='lat' dir='ltr'><strong>sibi</strong></span> <span class='ocrx_word' id='word_1_848' title='bbox 2366 5171 2546 5241; x_wconf 85' lang='lat' dir='ltr'><strong>plagas</strong></span> <span class='ocrx_word' id='word_1_849' title='bbox 2572 5167 2836 5240; x_wconf 82' lang='lat' dir='ltr'><strong>inﬂigunt,</strong></span> <span class='ocrx_word' id='word_1_850' title='bbox 2865 5178 2918 5224; x_wconf 91' lang='lat' dir='ltr'><strong>et</strong></span> <span class='ocrx_word' id='word_1_851' title='bbox 2944 5167 3073 5238; x_wconf 91' lang='lat' dir='ltr'><strong>ipsis</strong></span> <span class='ocrx_word' id='word_1_852' title='bbox 3098 5166 3390 5223; x_wconf 87' lang='lat' dir='ltr'><strong>visceribus</strong></span> <span class='ocrx_word' id='word_1_853' title='bbox 3418 5166 3529 5222; x_wconf 88' lang='lat' dir='ltr'><strong>suis</strong></span> 
     </span>
    </p>
   </div>
   <div class='ocr_carea' id='block_1_115' title="bbox 1936 5258 3530 5332">
    <p class='ocr_par' dir='ltr' id='par_1_115' title="bbox 1936 5258 3530 5332">
     <span class='ocr_line' id='line_1_115' title="bbox 1936 5258 3530 5332; baseline -0.004 -13"><span class='ocrx_word' id='word_1_854' title='bbox 1936 5266 2126 5319; x_wconf 89' lang='lat' dir='ltr'><strong>vulnus</strong></span> <span class='ocrx_word' id='word_1_855' title='bbox 2157 5263 2462 5332; x_wconf 81' lang='lat' dir='ltr'><strong>excipiunt;</strong></span> <span class='ocrx_word' id='word_1_856' title='bbox 2494 5262 2731 5330; x_wconf 84' lang='lat' dir='ltr'><strong>itemque</strong></span> <span class='ocrx_word' id='word_1_857' title='bbox 2772 5261 2987 5327; x_wconf 84' lang='lat' dir='ltr'><strong>ﬂuctus,</strong></span> <span class='ocrx_word' id='word_1_858' title='bbox 3013 5259 3102 5329; x_wconf 92' lang='lat' dir='ltr'><strong>qui</strong></span> <span class='ocrx_word' id='word_1_859' title='bbox 3139 5258 3361 5329; x_wconf 89' lang='lat' dir='ltr'><strong>rupibus</strong></span> <span class='ocrx_word' id='word_1_860' title='bbox 3407 5259 3530 5312; x_wconf 77' lang='lat' dir='ltr'><strong>alli-</strong></span> 
     </span>
    </p>
   </div>
   <div class='ocr_carea' id='block_1_116' title="bbox 1935 5346 3528 5425">
    <p class='ocr_par' dir='ltr' id='par_1_116' title="bbox 1935 5346 3528 5425">
     <span class='ocr_line' id='line_1_116' title="bbox 1935 5346 3528 5425; baseline -0.006 -13"><span class='ocrx_word' id='word_1_861' title='bbox 1935 5357 2154 5420; x_wconf 90' lang='lat' dir='ltr'><strong>duntur,</strong></span> <span class='ocrx_word' id='word_1_862' title='bbox 2178 5354 2366 5425; x_wconf 89' lang='lat' dir='ltr'><strong>majori</strong></span> <span class='ocrx_word' id='word_1_863' title='bbox 2390 5352 2596 5424; x_wconf 89' lang='lat' dir='ltr'><strong>seipsos</strong></span> <span class='ocrx_word' id='word_1_864' title='bbox 2614 5352 2811 5422; x_wconf 89' lang='lat' dir='ltr'><strong>impetu</strong></span> <span class='ocrx_word' id='word_1_865' title='bbox 2832 5350 3131 5406; x_wconf 89' lang='lat' dir='ltr'><strong>dissolvunt</strong></span> <span class='ocrx_word' id='word_1_866' title='bbox 3149 5346 3485 5420; x_wconf 88' lang='lat' dir='ltr'><strong>acdissipant</strong></span> <span class='ocrx_word' id='word_1_867' title='bbox 3512 5365 3528 5403; x_wconf 83' lang='lat'><strong>:</strong></span> 
     </span>
    </p>
   </div>
   <div class='ocr_carea' id='block_1_117' title="bbox 1935 5441 3531 5513">
    <p class='ocr_par' dir='ltr' id='par_1_117' title="bbox 1935 5441 3531 5513">
     <span class='ocr_line' id='line_1_117' title="bbox 1935 5441 3531 5513; baseline -0.006 -9"><span class='ocrx_word' id='word_1_868' title='bbox 1935 5450 2012 5505; x_wconf 91' lang='lat' dir='ltr'><strong>sic</strong></span> <span class='ocrx_word' id='word_1_869' title='bbox 2039 5448 2288 5504; x_wconf 87' lang='lat' dir='ltr'><strong>nimirum</strong></span> <span class='ocrx_word' id='word_1_870' title='bbox 2318 5455 2375 5503; x_wconf 93' lang='lat' dir='ltr'><strong>ct</strong></span> <span class='ocrx_word' id='word_1_871' title='bbox 2392 5446 2476 5500; x_wconf 92' lang='lat' dir='ltr'><strong>isti</strong></span> <span class='ocrx_word' id='word_1_872' title='bbox 2502 5444 2628 5500; x_wconf 92' lang='lat' dir='ltr'><strong>dum</strong></span> <span class='ocrx_word' id='word_1_873' title='bbox 2659 5444 3007 5509; x_wconf 88' lang='lat' dir='ltr'><strong>insidiantur,</strong></span> <span class='ocrx_word' id='word_1_874' title='bbox 3046 5441 3146 5498; x_wconf 90' lang='lat' dir='ltr'><strong>sibi</strong></span> <span class='ocrx_word' id='word_1_875' title='bbox 3172 5441 3351 5513; x_wconf 90' lang='lat' dir='ltr'><strong>potius</strong></span> <span class='ocrx_word' id='word_1_876' title='bbox 3371 5454 3531 5511; x_wconf 87' lang='lat' dir='ltr'><strong>quant</strong></span> 
     </span>
    </p>
   </div>
   <div class='ocr_carea' id='block_1_118' title="bbox 1935 5531 3531 5603">
    <p class='ocr_par' dir='ltr' id='par_1_118' title="bbox 1935 5531 3531 5603">
     <span class='ocr_line' id='line_1_118' title="bbox 1935 5531 3531 5603; baseline -0.009 -5"><span class='ocrx_word' id='word_1_877' title='bbox 1935 5542 2142 5598; x_wconf 66' lang='lat' dir='ltr'><strong>caeteris</strong></span> <span class='ocrx_word' id='word_1_878' title='bbox 2172 5539 2342 5597; x_wconf 89' lang='lat' dir='ltr'><strong>fossas</strong></span> <span class='ocrx_word' id='word_1_879' title='bbox 2368 5547 2421 5593; x_wconf 91' lang='lat' dir='ltr'><strong>ct</strong></span> <span class='ocrx_word' id='word_1_880' title='bbox 2444 5535 2693 5594; x_wconf 89' lang='lat' dir='ltr'><strong>barathra</strong></span> <span class='ocrx_word' id='word_1_881' title='bbox 2725 5536 3005 5594; x_wconf 83' lang='lat' dir='ltr'><strong>eli&#39;odiunt.</strong></span> <span class='ocrx_word' id='word_1_882' title='bbox 3039 5534 3170 5590; x_wconf 91' lang='lat' dir='ltr'><strong>Nam</strong></span> <span class='ocrx_word' id='word_1_883' title='bbox 3193 5532 3270 5589; x_wconf 91' lang='lat' dir='ltr'><strong>illi</strong></span> <span class='ocrx_word' id='word_1_884' title='bbox 3290 5531 3531 5603; x_wconf 90' lang='lat' dir='ltr'><strong>quidem,</strong></span> 
     </span>
    </p>
   </div>
   <div class='ocr_carea' id='block_1_119' title="bbox 1937 5620 3537 5705">
    <p class='ocr_par' dir='ltr' id='par_1_119' title="bbox 1937 5620 3537 5705">
     <span class='ocr_line' id='line_1_119' title="bbox 1937 5620 3537 5705; baseline -0.009 -19"><span class='ocrx_word' id='word_1_885' title='bbox 1937 5632 2129 5705; x_wconf 90' lang='lat' dir='ltr'><strong>quibus</strong></span> <span class='ocrx_word' id='word_1_886' title='bbox 2158 5631 2365 5687; x_wconf 71' lang='lat' dir='ltr'><strong>insidia:</strong></span> <span class='ocrx_word' id='word_1_887' title='bbox 2395 5629 2706 5696; x_wconf 88' lang='lat' dir='ltr'><strong>tenduntur,</strong></span> <span class='ocrx_word' id='word_1_888' title='bbox 2738 5628 2807 5685; x_wconf 90' lang='lat' dir='ltr'><strong>ab</strong></span> <span class='ocrx_word' id='word_1_889' title='bbox 2827 5627 2893 5683; x_wconf 91' lang='lat' dir='ltr'><strong>iis</strong></span> <span class='ocrx_word' id='word_1_890' title='bbox 2923 5633 3193 5693; x_wconf 85' lang='lat' dir='ltr'><strong>amantur,</strong></span> <span class='ocrx_word' id='word_1_891' title='bbox 3225 5620 3537 5705; x_wconf 79' lang='lat' dir='ltr'><strong>laudantur,</strong></span> 
     </span>
    </p>
   </div>
   <div class='ocr_carea' id='block_1_120' title="bbox 1944 5704 3541 5795">
    <p class='ocr_par' dir='ltr' id='par_1_120' title="bbox 1944 5704 3541 5795">
     <span class='ocr_line' id='line_1_120' title="bbox 1944 5704 3541 5795; baseline -0.011 -14"><span class='ocrx_word' id='word_1_892' title='bbox 1944 5704 2419 5795; x_wconf 84' lang='lat' dir='ltr'><strong>commendantur,</strong></span> <span class='ocrx_word' id='word_1_893' title='bbox 2454 5720 2847 5793; x_wconf 65' lang='lat' dir='ltr'><strong>praedicantur,</strong></span> <span class='ocrx_word' id='word_1_894' title='bbox 2882 5733 3084 5775; x_wconf 88' lang='lat' dir='ltr'><strong>corona</strong></span> <span class='ocrx_word' id='word_1_895' title='bbox 3114 5717 3412 5776; x_wconf 87' lang='lat' dir='ltr'><strong>donantur,</strong></span> <span class='ocrx_word' id='word_1_896' title='bbox 3439 5704 3541 5776; x_wconf 77' lang='lat' dir='ltr'><strong>qui</strong></span> 
     </span>
    </p>
   </div>
  </div>
