4030 6206
427 347 527 405 527
1211 342 1266 398 S.
1306 337 1585 396 JOANNIS
1613 337 1988 395 CHRYSOST.
2025 337 2339 395 ARCIIIEP.
2383 339 2913 400 CONSTANTINOP.
3609 357 3709 414 5‘28

429 479 523 521 eos
551 471 832 530 noverunt,
865 461 954 532 qui
981 475 1087 514 non
1117 453 1396 523 noverunt,
1431 456 1518 526 qui
1549 470 1607 510 re
1635 459 1770 526 ipsa,
1789 456 1876 526 qui
1900 454 2016 509 sola

429 557 586 610 fama:
603 555 864 611 relatione
891 553 1101 607 illorum
1125 549 1359 605 didicere
1382 563 1468 603 res
1489 557 1686 619 gestas,
1713 548 2018 602 innumeros

431 647 632 703 habent
655 648 746 718 qui
774 645 1064 700 condolent
1087 685 1102 704 .
1132 643 1220 714 qui
1247 641 1300 696 in
1327 641 1710 696 certaminibus
1731 640 2015 710 adjuvant,

430 741 520 810 qui
559 754 812 810 prospera
868 737 973 792 illis
1017 743 1304 806 precantur
1345 749 1534 788 omnes
1567 751 1580 786 :
1611 733 1686 787 illi
1722 742 1898 788 autem
1930 734 2017 803 qui

432 833 657 888 tendunt
703 830 946 897 insidias,
998 828 1123 883 odio
1171 827 1434 883 habentur
1473 841 1504 880 a
1536 835 1642 880 tam
1675 825 1873 889 multis,
1906 835 1961 880 et
1987 841 2017 879 a

434 925 602 980 multo
631 923 869 993 pluribus
906 930 1243 987 accusantur,
1266 928 1557 988 carpuntur
1576 961 1591 984 ,
1618 917 2019 988 reprehendun-

433 1027 542 1083 tur,
573 1015 860 1086 ignominia
889 1024 1160 1078 notantur,
1190 1013 1320 1070 diris
1343 1013 1636 1068 innumeris
1660 1012 2016 1075 devoventnr;

431 1107 562 1162 nihil
594 1105 861 1176 plerisque
885 1104 1167 1174 optabilius
1191 1113 1308 1174 est,
1335 1118 1493 1173 quam
1520 1112 1577 1156 ut
1620 1117 1714 1157 eos
1741 1103 1914 1174 pomis
1943 1103 2021 1155 vi-

429 1199 595 1253 deant
623 1198 1005 1268 suppliciisqnc
1032 1196 1336 1251 mulctatos.
1381 1198 1554 1266 Atque
1585 1195 1699 1250 haec
1723 1197 1935 1266 quidem
1965 1197 2017 1250 in

429 1294 530 1350 hae
554 1295 660 1349 vita
696 1312 709 1347 :
737 1308 858 1364 qua:
886 1306 1014 1350 vero
1039 1293 1090 1347 in
1119 1292 1291 1346 futura
1318 1300 1436 1345 sunt
1463 1300 1741 1356 eventura,
1759 1290 1878 1360 quis
1900 1299 2017 1344 tan-

430 1386 554 1441 dem
589 1387 784 1457 poterit
808 1385 1058 1440 oratione.
1074 1383 1399 1454 complecti?
1439 1383 1571 1438 Nam
1605 1385 1647 1437 si
1679 1383 1724 1438 is
1746 1386 1832 1454 qui
1857 1400 2016 1439 unum
2047 1404 2063 1416 ~

430 1477 892 1543 scandalizaverit,
920 1484 1066 1531 tanto
1093 1475 1353 1545 supplicio
1375 1474 1679 1540 mulctatur,
1703 1483 1760 1529 ut
1776 1474 2021 1544 expediat

427 1568 479 1623 ei
508 1570 703 1624 molam
729 1568 1012 1623 asinariam
1045 1568 1096 1622 in
1119 1567 1233 1637 ejus
1253 1567 1391 1623 collo
1429 1567 1702 1638 suspendi,
1720 1567 1844 1622 etin
1872 1583 2019 1623 mare

431 1661 668 1732 demergi
687 1660 835 1731 (Luc.
859 1662 946 1716 l7.
1015 1661 1093 1733 2):
1109 1661 1376 1731 perpende
1388 1675 1544 1731 quam
1561 1676 1748 1732 graves
1761 1661 1835 1716 illi
1848 1661 2019 1717 daturi

431 1755 536 1810 sint
561 1770 766 1824 poenas,
787 1756 838 1809 in
865 1755 958 1810 illo
987 1764 1098 1809 tum
1115 1753 1315 1825 judicio
1343 1753 1640 1822 tremendo,
1661 1755 1871 1825 quantis
1893 1769 2020 1825 sup-

433 1845 606 1915 pliciis
631 1844 1290 1916 plectendi,qui,quantum
1311 1847 1362 1898 in
1391 1845 1519 1914 ipsis
1539 1844 1750 1914 quidem
1777 1843 2018 1911 fuit,uni-

431 1952 644 1993 versum
676 1936 953 1991 turbarunt
978 1936 1162 1991 orbem
1191 1945 1471 2000 terrarum,
1495 1943 1601 1990 tam
1619 1937 1812 1991 multas
1830 1935 2019 1991 Eccle-

430 2028 540 2084 sias
566 2036 950 2091 everterunt,et
977 2027 1274 2082 innumeris
1292 2027 1488 2097 ubique
1503 2026 1765 2082 scandulis
1777 2027 2018 2082 excitatis

433 2128 632 2174 tantam
657 2135 840 2188 pacem
869 2117 1270 2174 disturbarunt?
1307 2120 1376 2172 At
1401 2119 1474 2172 illi
1497 2118 1584 2188 qui
1617 2127 1693 2174 tot
1718 2117 1924 2187 injuriis
1953 2119 2018 2173 ab

432 2212 539 2268 illis
568 2211 741 2268 allecti
756 2221 900 2278 sunt,
928 2211 1084 2266 bonis
1098 2211 1372 2280 operibus,
1402 2211 1757 2281 passionibus,
1782 2211 2010 2276 coronis,

436 2303 690 2372 praemiis,
717 2318 836 2358 cum
868 2303 1035 2357 multa
1068 2302 1256 2358 ﬁducia
1285 2300 1612 2372 refulgentes
1631 2341 1646 2370 ,
1669 2317 1792 2357 cum
1819 2313 2017 2373 marty-

2130 455 2296 520 ribus,
2343 471 2462 510 cum
2502 459 2776 528 apostolis,
2819 475 2941 516 cum
2973 467 3248 532 generosis
3291 473 3346 520 et
3385 464 3713 527 sublimibus

2127 547 2231 601 illis
2259 547 2386 602 viris
2413 549 2689 605 sistentur.
2730 553 2808 606 Ac
2831 552 3005 622 puniri
3033 553 3156 611 illos
3179 556 3396 627 quidem
3423 560 3710 632 videbunt,

2127 637 2248 692 illos
2298 645 2476 693 tamen
2527 642 2800 712 suppliciis
2854 659 2960 698 non
3013 655 3268 715 poterunt
3317 648 3565 719 liberare,
3619 654 3712 709 sed

2126 733 2368 801 quamvis
2413 749 2601 804 preces
2645 735 2870 792 offerant
2895 737 3002 806 isti,
3032 739 3164 796 nihil
3191 743 3311 798 illos
3333 743 3612 813 juvabunt.
3655 748 3714 804 Si

2127 825 2270 880 enim
2311 827 2356 882 is
2396 827 2486 898 qui
2527 829 2784 886 Lazarum
2816 848 2979 886 unum
3026 837 3395 906 prmterierat,
3427 848 3503 894 tot
3527 857 3714 911 pmnas

2127 919 2397 982 sustinuit,
2431 935 2605 990 neque
2643 923 2889 978 solatium
2944 925 3111 979 ullum
3163 927 3419 995 obtinuit,
3447 932 3570 1001 quid
3626 935 3712 988 isti

2128 1010 2415 1077 patientur,
2447 1015 2535 1083 qni
2565 1021 2669 1068 tam
2697 1015 2889 1069 multos
2911 1020 3407 1088 pcrseqnutionilnis
3425 1033 3474 1076 et
3493 1024 3716 1078 scanda-

2126 1101 2192 1156 lis
2211 1102 2552 1160 offenderunt
2580 1106 2731 1177 (Luc.
2755 1109 2844 1178 16)
2863 1109 2886 1161 ?
2908 1109 3032 1164 Haec
3054 1110 3212 1180 igitur
3239 1114 3419 1168 omnia
3448 1130 3568 1169 cum
3599 1118 3717 1171 ani-

2127 1195 2230 1249 mis
2274 1196 2464 1250 vestris
2516 1207 2847 1266 reputantes,
2904 1209 2958 1254 et
2997 1217 3347 1274 quascumque
3395 1204 3476 1260 his
3521 1208 3714 1262 similia

2127 1295 2340 1341 suntex
2387 1289 2554 1342 sacris
2586 1288 2778 1343 Literis
2809 1291 3142 1360 colligentes,
3176 1294 3327 1349 vobis
3373 1294 3502 1365 ipsis
3547 1307 3714 1353 tutam

2127 1378 2501 1445 munitionem,
2532 1389 2585 1433 et
2632 1381 2734 1434 illis
2778 1381 2868 1450 qui
2923 1382 3300 1440 imbecilliores
3347 1387 3520 1442 adhuc
3566 1401 3714 1456 sunt,

2129 1471 2516 1527 medicamenta
2547 1489 2610 1528 ex
2632 1473 2715 1530 his
2737 1462 3134 1532 narrationibus
3154 1474 3542 1548 comparantes,
3572 1484 3717 1538 lirmi

2127 1571 2264 1617 state
2287 1573 2445 1634 atque
2479 1565 2800 1633 immobiles,
2826 1577 2880 1622 et
2902 1569 3038 1623 bona
3065 1571 3215 1625 vobis
3254 1574 3485 1642 reposita
3517 1590 3686 1646 exspe
3704 1609 3717 1617 -

2126 1663 2284 1709 etate.
2325 1654 2560 1710 Omnino
2577 1658 2743 1724 enim,
2772 1660 2992 1714 omnino
3009 1677 3212 1717 merces
3238 1663 3386 1718 vobis
3418 1667 3712 1734 parabitur,

2127 1764 2232 1802 non
2259 1765 2377 1818 quae
2403 1749 2672 1805 laboribus
2692 1759 2893 1806 tantum
2926 1753 2995 1808 sit
3024 1755 3269 1824 aequalis,
3299 1755 3394 1812 sed
3425 1758 3715 1824 immensa,

2127 1857 2246 1911 qua:
2267 1841 2426 1912 longo
2465 1843 2584 1898 illos
2613 1855 2828 1916 superet
2873 1846 3170 1901 intervallo.
3211 1848 3352 1905 Talis
3381 1852 3576 1921 quippe
3623 1854 3720 1908 he-

2127 1933 2318 2004 nignus
2355 1943 2438 1990 est
2467 1935 2608 1991 Deus
2641 1952 2789 2006 :pra:
2841 1939 3001 1992 nimia
3054 1953 3149 1994 sua
3207 1941 3523 1998 liberalitate
3570 1945 3715 2009 illos,

2126 2027 2214 2095 qui
2239 2027 2363 2080 boni
2391 2027 2658 2097 quidpiam
2683 2039 2934 2099 praestare
2958 2032 3225 2088 voluerint
3266 2044 3357 2089 aut
3402 2036 3576 2106 ell‘ari,
3614 2056 3713 2094 re-

2127 2120 2580 2175 munerationibus
2619 2136 2681 2175 ac
2709 2123 2938 2191 prarmiis
2959 2139 3214 2194 superare.
3255 2131 3562 2184 contendit:
3592 2147 3721 2201 qua:

2127 2213 2325 2266 utinam
2347 2228 2737 2284 consequamur
2771 2215 2822 2270 in
2847 2215 3062 2272 Christo
3087 2217 3215 2273 Jesu
3249 2219 3476 2277 Domino
3499 2234 3713 2291 nostro,

2123 2307 2206 2359 cui
2233 2305 2397 2375 gloria
2430 2306 2479 2362 in
2501 2307 2691 2362 smcula
2719 2309 3054 2365 sreculorum.
3087 2311 3278 2366 Amen.
