4030 6206
297 281 391 336 5Ξ7
1770 278 1863 334 ΕΡ]

1968 277 2153 333 υιηΕ.

298 393 543 455 νοῦντας,
588 391 716 455 τοὺς
749 390 980 456 εἰδότας,
1026 390 1155 456 τοὺς
1194 392 1295 445 οὐκ
1323 392 1549 457 εἰδότας,
1583 393 1709 456 τοὺς
1755 392 1865 447 ἀπὸ

297 484 391 538 τῶν
428 482 788 553 πραγμάτων,
830 481 959 544 τοὺς
1010 482 1120 536 ἀπὸ
1151 482 1252 553 τῆς
1293 484 1482 555 φήμης
1528 482 1596 537 τά
1640 481 1864 537 ἐκείνων

301 575 678 645 μανθάνοντας,
717 574 844 637 τοὺς
876 573 1275 642 συναλγοῦντας
1312 576 1559 647 μυρίους,
1583 575 1708 639 τοὺς
1742 591 1868 628 συν·

296 663 740 734 αγωνιζομένους,
767 664 895 726 τοὺς
936 662 1004 717 τά
1044 664 1256 735 χρηστά
1302 664 1727 736 συνευχομένους
1769 664 1861 717 αὐ-

297 756 396 817 τοῖς
442 754 684 816 πάντας·
714 754 764 806 οί
821 753 879 806 δὲ
928 753 1368 819 ἐπιϐουλεύοντες
1413 755 1541 820 τοὺς
1576 753 1868 825 μισοῦντας

296 843 574 906 τοσούτους
598 841 692 896 καὶ
723 842 905 913 πολλῷ
931 842 1168 908 πλείους,
1196 845 1322 908 τοὺς
1356 844 1716 916 κατηγόρους,
1740 845 1867 909 τοὺς

295 932 690 999 διαϐάλλοντας,
713 934 840 997 τοὺς
865 934 1207 1004 ἐλέγχοντας,
1232 934 1361 997 τοὺς
1384 934 1862 1005 καταισχύνοντας,

292 1025 408 1086 τοὺς
434 1022 832 1094 ἐπαρωμένους
857 1024 1049 1096 μυρία,
1074 1027 1201 1088 τοὺς
1232 1025 1641 1096 ἐπιθυμοῦντας
1670 1027 1867 1089 αὐτοὺς

296 1112 416 1165 ἰδεῖν
452 1115 511 1165 ἐν
550 1113 769 1167 κολάσει
806 1114 903 1168 καὶ
946 1115 1211 1187 τιμωρίᾳ.
1269 1115 1384 1171 Καὶ
1417 1115 1593 1170 ταῦτα
1634 1118 1733 1188 μὲν
1777 1119 1868 1171 ἐν-

290 1204 485 1258 ταῦθα·
513 1205 584 1258 τά
615 1204 674 1258 δὲ
704 1206 822 1259 ἐκεῖ
847 1208 999 1270 ποῖος
1043 1196 1389 1278 παραστήσει
1418 1207 1611 1277 λόγος;
1651 1207 1718 1262 Εἰ
1752 1209 1860 1281 γὰρ

290 1297 379 1349 ἐνα
406 1313 491 1359 τις
526 1297 885 1363 σκανδαλίσας
917 1298 1155 1373 τοσαύτῃ
1184 1301 1405 1355 κολάσει
1450 1300 1861 1374 κατακρίνεται,

288 1387 358 1450 ὡς
387 1387 691 1458 συμφέρειν
725 1390 893 1459 μύλον
920 1391 1299 1463 κρεμασθῆναι
1335 1392 1429 1447 ἐπὶ
1470 1392 1564 1446 τὸν
1592 1391 1863 1464 τράχηλον

289 1479 472 1545 αὐτοῦ,
520 1482 617 1534 καὶ
647 1483 1142 1553 καταποντισθῆναι
1172 1485 1254 1547 εἰς
1291 1483 1390 1555 τὴν
1427 1482 1737 1539 θάλασσαν’
1778 1485 1864 1538 ἐν-

288 1569 474 1641 νόησον
514 1572 688 1635 πόσας
736 1571 1002 1627 δώσουσιν
1020 1568 1168 1628 οῦτοι
1216 1573 1372 1638 δίκας
1416 1576 1477 1628 ἐν
1528 1574 1609 1646 τῷ
1651 1574 1865 1647 φοϐερῷ

285 1660 621 1734 δικαστηρίῳ
665 1663 789 1716 τότε
835 1664 1051 1735 ἐκείνῳ,
1104 1666 1275 1729 πόσας
1331 1664 1728 1737 ὑποστήσονται
1783 1682 1863 1720 τι-

288 1753 519 1822 μωρίας,
555 1756 618 1809 τό
641 1773 704 1824 γε
732 1757 813 1821 εἰς
852 1756 1049 1822 αὐτοὺς
1080 1752 1238 1830 ἧκον,
1281 1756 1379 1829 τὴν
1410 1758 1740 1830 οἰκουμένην
1766 1775 1864 1812 τα-

287 1842 548 1912 ράξαντες
592 1844 830 1910 ἃπασαν,
870 1848 1134 1912 τοσαύτας
1178 1846 1580 1918 ἀνατρέψαντες
1630 1846 1861 1917 Ἐκκλη-

287 1934 432 1998 σίας,
473 1935 711 2010 τοσαύτῃ
746 1936 1152 2010 πολεμήσαντες
1188 1940 1402 2010 εἰρήνῃ,
1446 1940 1615 2011 μυρία
1661 1958 1865 1994 παντα-

286 2022 388 2095 χοῦ
419 2024 686 2079 σκάνδαλα
728 2025 944 2094 θέντες;
985 2029 1036 2081 οἰ
1066 2028 1124 2081 δὲ
1157 2031 1287 2100 παρ’
1315 2030 1536 2085 ἐκείνων
1579 2028 1862 2093 παθόντες,

287 2116 434 2186 amp
469 2113 693 2178 ἔπαθον,
728 2117 866 2187 μετά
908 2118 1017 2172 τῶν
1054 2119 1369 2192 μαρτύρων,
1404 2119 1543 2191 μετά
1588 2119 1697 2173 τῶν
1726 2120 1863 2172 ἀπο-

289 2205 513 2271 στόλων,
569 2207 711 2278 μετά
762 2207 871 2262 τῶν
925 2211 1188 2279 γενναίων
1242 2213 1336 2267 καὶ
1383 2210 1601 2282 ὑψηλῶν
1652 2210 1862 2282 ἀνδρῶν

307 2297 642 2367 στήσονται,
684 2298 995 2372 λάμποντες
1058 2302 1168 2358 ἀπὸ
1217 2304 1328 2358 τῶν
1392 2302 1862 2375 κατορθωμάτων,

3444 280 3548 336 528

1971 390 2080 444 ἀπὸ
2141 388 2250 443 τῶν
2310 388 2501 443 παθῶν
2527 427 2543 453 ,
2599 386 2708 444 ἀπὸ
2749 388 2859 443 τῶν
2918 387 3197 459 στεφάνων
3222 431 3238 457 ,
3286 389 3393 444 ἀπὸ
3440 393 3552 450 τῶν

1972 480 2266 553 βραϐείων,
2294 480 2403 535 ἀπὸ
2431 480 2532 550 τῆς
2564 479 2767 550 πολλῆς
2801 480 3135 552 παρρησίας.
3177 482 3288 535 Καὶ
3332 482 3555 550 ὄψονται

1972 573 2071 645 μὲν
2099 574 2301 636 αὐτοὺς
2354 570 2772 642 κολαζομένους,
2822 572 3128 645 ἐξαρπάσαι
3169 572 3255 637 δὲ,
3308 574 3413 627 κᾶν
3451 591 3552 644 μυο

1971 664 2155 734 ριάκις
2182 661 2512 733 βουληθῶσι,
2533 662 2637 731 τῆς
2666 661 2940 726 κολάσεως
2965 663 3028 715 ού
3050 662 3391 732 δυνήσονται·
3418 664 3556 718 ἀλλά

1969 752 2193 823 θήσουσι
2229 751 2327 823 μὲν
2372 751 2653 824 ἱκετηρίαν
2679 748 2843 815 οῦτοι,
2869 750 3019 803 οὐδὲν
3060 750 3117 804 δὲ
3150 751 3455 822 όνήσουσιν.
3490 753 3554 805 Εἰ

1969 843 2078 914 γὰρ
2101 844 2129 895 ὁ
2164 843 2373 912 πένητα
2398 842 2499 895 ἕνα
2543 840 2917 913 παραδραμὼν
2945 840 3035 894 τὸν
3067 842 3329 913 Λάζαρονι
3359 840 3551 895 τοσαύ-

1967 951 2066 1004 την
2095 933 2353 1004 ὐπέμεινε
2380 932 2556 1004 δίκην,
2584 932 2678 986 καὶ
2706 932 2960 1003 οὐδεμιᾶς
2989 932 3148 1002 ἐτυχε
3178 932 3548 1003 παραμυθίας,

1966 1025 2019 1078 τί
2058 1025 2336 1078 πείσονται
2361 1019 2528 1087 οὗτοι,
2571 1023 2860 1087 τοσούτους
2886 1022 3167 1087 διώξαντες
3193 1024 3287 1078 καί¹
3322 1023 3551 1077 σκανδα-

1968 1116 2247 1180 λίσαντες;
2301 1115 2465 1169 Ταῦτ’
2508 1112 2601 1170 οῦν
2637 1114 2848 1169 ἅπαντα
2893 1113 3258 1184 λογιζόμενοι,
3310 1116 3404 1169 καὶ
3450 1117 3550 1170 ὃσα

1966 1208 2175 1272 τούτοις
2209 1208 2428 1262 ἐοικότα
2453 1208 2560 1261 ἀπὸ
2588 1208 2695 1263 τῶν
2723 1208 2882 1262 θείων
2922 1206 3266 1276 συλλέγοντες
3293 1208 3546 1280 Γραφῶν,

1966 1300 2179 1363 ἑαυτοῖς
2227 1299 2327 1369 μὲν
2374 1300 2554 1369 τεῖχος
2595 1297 2866 1367 ἀσφαλὲς,
2909 1299 3020 1361 τοῖς
3053 1297 3109 1349 δὲ
3144 1297 3549 1368 ἀσθενεστέροις

1965 1389 2046 1444 ἔτι
2074 1390 2346 1462 φάρμακα
2371 1390 2543 1446 ταῦτα
2588 1389 3087 1456 κατασκευάζοντες
3118 1390 3185 1443 τὰ
3214 1391 3547 1462 διηγήματα,

1970 1482 2197 1552 στήκετε
2250 1481 2475 1553 ἑδραῖοι,
2521 1481 2615 1535 καὶ
2663 1480 3070 1551 ἀμετακίνητοι,
3101 1481 3171 1535 τά
3218 1481 3550 1552 ὑποκείμενα

1970 1572 2098 1642 ὑμῖν
2124 1570 2304 1641 ἀγαθά
2332 1571 2717 1643 ἀναμένοντες.
2772 1570 2995 1636 Πάντως
3027 1571 3157 1642 γάρ,
3186 1571 3400 1636 πάντως
3437 1571 3549 1626 κεί-

1967 1680 2121 1720 σεται
2157 1664 2285 1736 ὑμῖν
2325 1662 2553 1735 ἀμοιϐὴ,
2579 1664 2639 1715 οὐ
2671 1663 2778 1717 τῶν
2813 1662 2990 1717 πόνων
3024 1663 3135 1733 ἰση,
3170 1662 3285 1715 ἀλλ’
3316 1663 3382 1716 ἐκ
3422 1660 3549 1715 πολ-

1965 1754 2058 1809 λοῦ
2102 1754 2199 1809 τοῦ
2244 1755 2528 1827 περιόντος
2576 1754 2801 1823 ἀφατος.
2851 1754 3101 1818 Τοιοῦτος
3147 1753 3255 1825 γὰρ
3301 1755 3329 1807 ό
3362 1754 3549 1824 φιλάν-

1967 1845 2184 1918 θρωπος
2252 1845 2418 1909 Θεός’
2474 1845 2613 1917 μετά
2662 1845 2861 1916 πολλῆς
2909 1845 3009 1915 τῆς
3064 1844 3374 1915 φιλοτιμίας
3422 1847 3547 1909 τοὺς

1965 1937 2167 2007 ἀγαθόν
2219 1954 2273 1990 τι
2329 1939 2500 1991 ποιεῖν
2543 1937 2576 2007 ἢ
2634 1935 2815 2009 [514]
2874 1936 3054 2004 λέγειν
3082 1935 3545 2006 προαιρουμένους

1966 2031 2088 2092 ταῖς
2138 2028 2439 2083 ἀντιδόσεσι
2500 2029 2593 2082 καὶ
2646 2030 2765 2091 ταῖς
2823 2027 3077 2099 ἀμοιϐαῖς
3128 2028 3284 2098 νικᾷν
3350 2025 3544 2081 ἐσπού-

1963 2121 2127 2174 δακεν
2147 2137 2161 2151 ο
2190 2114 2265 2174 ὧν
2296 2120 2647 2193 ἐπιτύχοιμεν
2671 2123 2728 2175 ἐν
2755 2118 2979 2193 Χριστῷ
3032 2118 3205 2191 Ἰησοῦ
3236 2117 3313 2190 τῷ
3356 2119 3544 2190 Κυρίῳ

1965 2211 2142 2284 ήμῶν,
2191 2204 2237 2280 ᾧ
2384 2212 2511 2279 δόξα
2562 2214 2642 2277 εἰς
2691 2212 2820 2276 τοὺς
2885 2210 3087 2275 αἰῶνας
3140 2208 3251 2264 τῶν
3308 2209 3538 2263 αἰώνων.

1977 2305 2031 2358 ’Λ
2043 2303 2171 2375 μήν.
