4030 6206
370 272 475 325 529
1799 275 1939 332 EPIS

2051 277 2182 333 UE.
3509 287 3614 342 550

368 390 432 442 lae
457 385 567 443 line
593 397 1011 445 commemorat.
1037 387 1232 446 Pulsus
1255 390 1387 445 etin
1415 391 1666 447 exsilium
1700 392 1970 450 abductus
1998 394 2101 448 fuit
2136 393 2559 466 Clirysostomus
2611 409 2756 449 anno
2802 395 2930 461 404,
2972 411 3159 454 mense
3185 396 3385 463 Junio;
3417 399 3483 453 de
3526 404 3614 455 die

366 479 573 534 mensis
599 490 684 535 est
708 480 960 550 quaestio,
992 497 1114 551 quae
1142 482 1198 536 in
1231 480 1346 537 Vita
1369 481 1749 553 Cbrysostomi
1775 486 2120 552 excutietur;
2154 486 2268 539 haec
2295 485 2457 556 igitur
2505 484 2733 554 epistola
2774 486 2977 557 scripta
3015 487 3178 543 fuerit
3214 505 3406 546 versus
3451 493 3610 546 linem

362 572 492 626 anni
520 571 652 635 406,
682 588 809 626 cum
840 573 1060 627 tertium
1090 588 1292 627 annum
1328 573 1381 628 in
1405 574 1602 630 exsilio
1622 583 1808 644 ageret
1836 574 2284 645 Cbrysostomus.
2319 574 2516 630 Verum
2542 576 2648 631 bac
2679 577 2746 630 de
2772 591 2833 632 re
2865 593 2968 632 non
2997 594 3159 648 parva
3193 583 3438 653 exsurgit
3463 582 3613 656 [515]

360 664 649 720 difﬁcultas
675 683 690 719 :
719 666 798 719 ait
821 668 1023 736 quippe
1055 667 1481 736 Chrysostomus
1503 683 1561 724 se
1587 668 1729 723 banc
1757 669 2042 739 epistolam
2071 669 2287 724 mittere
2319 685 2415 739 per
2436 668 2701 725 Joannem
2741 670 3117 741 presbyterum
3144 688 3345 744 perque
3383 674 3610 730 Paulum

358 756 652 812 diaconum
680 775 695 812 :
726 769 780 812 et
815 770 991 813 tamen
1027 760 1081 813 in
1111 760 1341 829 epistola
1372 762 1493 828 I48,
1521 760 1684 828 infra,
1715 777 1837 831 qua:
1872 776 1956 817 est
1982 763 2057 816 ad
2078 762 2364 834 Cyriacum
2386 803 2403 827 ,
2434 761 2765 817 Demetrium
2814 771 2867 817 et
2910 774 3155 829 caeteros,
3188 777 3242 819 et
3279 766 3479 835 scripta
3510 782 3612 836 pu-

361 858 507 902 tatur
538 864 686 903 anno
713 850 838 914 405,
864 851 941 905 ait
965 850 1386 921 Chrysostomus
1427 851 1692 907 Joannem
1726 853 2100 923 presbyterum
2131 861 2186 908 et
2224 852 2453 907 Paulum
2493 852 2779 907 diaconum
2807 853 2909 907 iter
2943 869 3153 923 parare,
3200 865 3257 909 ut
3304 858 3451 925 ipsos
3484 874 3613 913 con-

361 941 620 1007 veniant;
653 941 698 996 si
734 952 912 996 autem
943 957 1009 996 eo
1033 958 1196 1005 anno.
1235 960 1429 1015 nempe
1457 945 1582 1011 405,
1618 946 1759 1000 banc
1786 946 2069 1013 epistolam
2094 945 2377 1012 scripserit
2402 944 2850 1014 Chrysostomus,
2881 962 2992 1015 quo
3029 956 3189 1015 pacto
3228 947 3408 1003 dicere
3435 951 3611 1018 possit

361 1048 418 1087 se
448 1033 668 1087 tertium
693 1048 897 1087 annum
931 1034 982 1087 in
1007 1035 1201 1089 exsilio
1223 1051 1383 1107 agere
1419 1036 1515 1105 qui
1549 1044 1662 1089 tum
1692 1036 1990 1091 secundum
2023 1044 2232 1090 tantum
2259 1036 2395 1089 inire
2441 1035 2688 1104 poterat?
2726 1036 2994 1106 Opinatur
3033 1036 3405 1093 Tillemontius
3439 1039 3607 1093 Joan-

346 1143 480 1211 ‘nem
510 1135 564 1180 et
596 1128 850 1191 Paulum,
878 1128 971 1196 qui
998 1138 1129 1184 tunc
1152 1129 1256 1183 iter
1275 1130 1561 1200 parabant,
1592 1130 1645 1183 in
1672 1145 1875 1183 annum
1905 1138 2219 1199 sequentem
2253 1127 2555 1197 profectum
2604 1145 2762 1184 suum
2797 1129 3104 1195 distulisse;
3156 1131 3247 1184 sed
3304 1130 3404 1188 hac
3449 1133 3515 1187 de
3550 1150 3608 1186 re

359 1214 602 1283 pluribus
632 1215 686 1268 in
722 1214 844 1268 Vita
867 1214 1267 1286 Cbrysostomi.
1305 1217 1361 1271 In
1409 1218 1510 1272 hac
1545 1218 1773 1287 epistola
1816 1217 2240 1287 Cbrysostomus
2291 1233 2397 1272 non
2435 1234 2604 1273 unum
2645 1218 3018 1274 Innocentium
3073 1221 3397 1290 alloquitur,
3431 1224 3521 1278 sed
3554 1232 3607 1277 et

357 1306 541 1376 plures
568 1306 800 1364 fortasse
828 1310 1117 1379 episcopos
1143 1312 1234 1381 qui
1272 1312 1357 1367 vel
1386 1327 1509 1367 cum
1544 1310 1861 1367 Innocentio
1888 1312 2138 1382 agebant,
2172 1312 2256 1367 vel
2302 1327 2331 1366 e
2369 1314 2547 1368 vicino
2570 1313 2729 1383 positi
2753 1325 2928 1370 erant.
2966 1316 3036 1370 lis
3066 1317 3267 1383 gratias
3294 1317 3405 1386 agit
3432 1316 3607 1387 Chry-

358 1408 635 1456 sostomus
667 1402 734 1456 de
760 1404 1030 1458 constanti
1057 1419 1182 1475 erga
1208 1421 1265 1460 se
1293 1406 1578 1471 cbaritate,
1606 1406 1782 1476 deque
1812 1407 2192 1473 sollicitudine,
2213 1421 2315 1477 qua
2349 1422 2447 1477 pro
2477 1408 2712 1462 sedanda
2743 1417 3056 1479 tempestate
3086 1419 3231 1464 tanta
3256 1413 3338 1465 usi
3372 1410 3602 1467 fuerant.

426 1492 698 1551 Erus-rom
748 1497 1054 1553 lsnocsnrn
1100 1515 1167 1553 ao
1208 1498 1455 1554 Joannem
1500 1500 1955 1569 Crtnrsosrouun,
1984 1517 2147 1571 quam
2196 1503 2432 1556 servavit
2478 1502 2830 1570 Sozomenus,
2879 1514 2989 1558 tota
3027 1505 3388 1560 consolatoria
3418 1515 3519 1570 est,
3551 1519 3606 1563 ct

357 1585 720 1644 observantiae
749 1590 1103 1661 caritatisque
1126 1593 1278 1661 plena
1306 1611 1320 1646 :
1352 1596 1541 1664 paucis
1570 1597 1657 1648 hic
1687 1597 1867 1665 agitur
1891 1596 1958 1650 de
1981 1596 2239 1666 patientia
2268 1597 2322 1651 in
2352 1598 2617 1663 adversis,
2657 1597 2834 1667 deque
2873 1614 3071 1654 corona
3102 1599 3434 1669 patientibus
3477 1615 3606 1654 san—

356 1681 464 1736 ctis
490 1693 702 1751 parata.
738 1684 1054 1755 Respondet
1083 1687 1432 1745 Innocentius
1456 1691 1701 1761 epistol-.u
1730 1691 2129 1762 Clirysostomi,
2158 1707 2187 1745 a
2215 1693 2452 1761 quodam
2482 1691 2710 1762 Cyriaco
2734 1693 2964 1747 diacono
2991 1694 3092 1748 sibi
3124 1694 3321 1749 allatze.

425 1776 697 1834 Ensrou
728 1780 1035 1837 INNOCENTII
1067 1799 1133 1837 an
1161 1800 1373 1839 omnum
1404 1785 2094 1840 CONSTANTINOPOLITANUII
2140 1795 2223 1839 est
2255 1787 2536 1854 reSponsio
2576 1786 2640 1838 ad
2672 1787 2954 1855 epistolam
2991 1787 3232 1855 ejusdem
3263 1787 3392 1841 cleri
3422 1795 3474 1841 et
3503 1801 3601 1854 po-

354 1870 489 1940 puli.
520 1887 552 1925 a
581 1871 854 1927 Germano
884 1874 1205 1944 presbytero
1231 1885 1285 1930 et
1311 1875 1573 1931 Cassiano
1620 1875 1853 1930 diacono
1901 1873 1968 1928 ad
2009 1872 2382 1928 Innocentium
2431 1874 2668 1938 allatam,
2704 1875 2757 1928 in
2788 1889 2893 1943 qua
2940 1875 3272 1929 calamitates
3321 1875 3601 1929 orientalis

356 1964 612 2021 Ecclesia
638 1966 885 2037 deplorat
918 1967 1282 2025 Innocentius.
1318 1969 1405 2023 Ait
1433 1970 1796 2025 necessariam
1837 1985 1960 2026 esse
2005 1970 2070 2024 ad
2103 1969 2405 2024 curandum
2452 1969 2652 2022 malum
2708 1968 2898 2038 synodi
2947 1968 3364 2023 celebrationem
3396 1985 3410 2020 :
3458 1981 3512 2023 et
3541 1985 3601 2023 se

361 2052 649 2108 admodum
680 2064 872 2124 aptare
903 2065 962 2111 ut
989 2062 1327 2113 recumenica
1373 2059 1613 2130 synodus
1638 2070 1885 2130 cogatur,
1916 2076 2025 2130 quo
2055 2059 2350 2114 turbulenti
2377 2069 2554 2113 motus
2584 2058 2861 2114 sedeatur.

429 2143 702 2199 Errsrou
738 2145 969 2203 Ilosonu
992 2147 1348 2205 lupanaroms
1376 2167 1443 2205 AD
1474 2151 1751 2207 Ancamuu
1778 2150 1939 2207 Omen

2068 2166 2373 2215 rnmcwsn,
2408 2165 2475 2205 ex
2505 2150 2701 2206 Codice
2729 2150 2993 2206 Vaticano
3020 2148 3233 2215 educta,
3264 2159 3318 2206 et
3344 2166 3374 2206 a
3402 2151 3596 2209 Cardi-

356 2237 464 2292 naIi
494 2237 727 2294 Baronio
757 2241 1051 2308 publicata,
1081 2258 1302 2298 causam
1332 2243 1558 2300 Joannis
1603 2245 1974 2316 Chrysostomi
2029 2244 2268 2315 respicit.
2304 2241 2529 2299 Orditur
2580 2242 2876 2313 Imperator
2923 2244 2991 2298 ab
3035 2243 3288 2314 imagine,
3338 2246 3596 2301 nimirum

358 2330 635 2396 Eudoxiar,
669 2348 790 2402 quae
819 2349 915 2403 per
943 2335 1254 2404 provincias
1284 2336 1768 2393 circumferebatur
1798 2338 2024 2394 honoris
2052 2353 2219 2393 causa
2253 2353 2266 2389 :
2300 2347 2587 2407 postquam
2620 2336 2827 2391 scilicet
2859 2332 3115 2390 Eudoxizc
3140 2345 3313 2391 statua
3345 2352 3597 2408 argentea

355 2425 409 2481 in
442 2428 618 2498 platea
650 2438 775 2485 ante
804 2430 1087 2485 ecclesiam
1120 2430 1180 2486 S.
1221 2432 1438 2502 SOpIiize
1466 2441 1645 2489 erecta
1674 2444 1727 2489 et
1756 2434 2002 2489 dedicata
2051 2432 2176 2496 fuit,
2207 2433 2423 2502 ludique
2466 2432 2760 2497 celebrati,
2798 2439 2852 2486 et
2895 2432 3199 2501 spectacula
3246 2431 3383 2488 forte
3419 2435 3601 2490 minus

358 2522 582 2577 honesta
604 2524 749 2579 edita
781 2537 928 2591 sunt,
953 2541 1071 2595 quae
1101 2528 1360 2596 populum
1391 2543 1420 2581 a
1454 2527 1697 2583 collectis
1722 2537 1776 2583 et
1801 2529 1927 2583 aliis
1956 2529 2171 2598 pietatis
2200 2527 2476 2583 exercitiis
2508 2534 2833 2593 averterent,
2859 2530 2990 2594 Qure
3011 2544 3173 2583 causa
3206 2528 3308 2583 fuit
3338 2540 3394 2584 ut
3422 2529 3600 2600 Chry-

355 2623 630 2669 sostomus
660 2615 713 2669 in
745 2616 1105 2672 concionibus
1140 2617 1255 2672 haec
1286 2634 1385 2689 pro
1414 2634 1565 2674 more
1594 2634 1696 2674 suo
1726 2618 2076 2688 pesti-ingeret
2118 2633 2182 2674 ac
2210 2619 2562 2689 vituperaret,
2609 2619 2773 2688 inque
2810 2618 3067 2672 Eudoxize
3113 2618 3463 2673 offensionem
3513 2621 3601 2673 in-

354 2718 618 2776 curreret,
650 2727 773 2779 quae
807 2727 894 2767 res
922 2713 1041 2769 fuse
1071 2716 1395 2776 tractabitur
1422 2715 1476 2769 in
1513 2713 1636 2769 Vita
1663 2714 2065 2787 Chrysostomi.
2106 2714 2163 2769 In
2209 2715 2310 2769 hac
2338 2713 2564 2785 epistola
2623 2722 2733 2769 tota
2778 2714 2973 2768 acriter
3014 2713 3285 2768 invehitur
3327 2715 3600 2769 Honorius

353 2805 409 2861 in
432 2815 579 2877 gesta
610 2806 702 2860 illa
726 2806 1352 2877 (ionsrantinopolitana,
1396 2821 1518 2877 quae
1551 2806 1603 2862 in
1649 2809 1989 2877 depositione
2026 2809 2116 2863 illa
2163 2809 2348 2879 iniqua
2391 2807 2765 2879 Cbrysostomi
2812 2806 3098 2874 accidere;
3140 2808 3388 2877 queritur
3429 2809 3601 2864 altare

352 2899 619 2968 sanguine
650 2900 889 2953 humano
928 2900 1156 2955 tinctum
1189 2899 1376 2965 fuisse,
1404 2900 1715 2955 sacerdotes
1747 2901 1801 2954 in
1826 2900 2078 2955 exsilium
2116 2910 2287 2964 actos,
2330 2902 2543 2970 pulsum
2581 2899 2757 2970 ipsum
2800 2897 3063 2953 Joannem
3101 2897 3602 2970 Constantinopoli-

353 3004 543 3047 tanum
569 3011 584 3059 ;
614 3008 738 3063 quae
762 2994 941 3049 omnia
966 2994 1019 3048 in
1053 2994 1170 3064 ipsa
1195 2994 1427 3064 epistola
1454 2994 1734 3049 studiosus
1765 2995 1935 3050 lector
1964 2993 2383 3050 animadvertet.

425 3084 694 3139 EPISTOLA
726 3101 793 3138 Αυ
823 3100 1104 3141 EPISCOPOS
1133 3102 1202 3140 ET
1228 3100 1594 3141 PRESBYTEROS
1624 3101 1690 3141 on
1719 3102 1992 3142 PIETA'ﬂ-ZI
2017 3102 2067 3141 In
2086 3088 2325 3141 calicem:
2357 3102 2605 3142 mcwsos
2630 3086 2827 3141 Cueusi
2848 3085 3047 3154 scripta
3071 3092 3287 3153 putatur
3312 3099 3455 3140 anno
3475 3083 3600 3142 IOJ.

354 3172 548 3231 Iisdem
579 3176 807 3245 epistola
838 3177 1005 3231 altera
1036 3179 1403 3233 consolatoria
1431 3177 1595 3233 missa
1628 3176 1731 3232 fuit
1757 3194 1786 3231 a
1815 3177 2227 3249 Chrysostumo,
2256 3193 2375 3247 qua:
2404 3189 2486 3233 est
2525 3193 2750 3232 numero
2776 3175 2986 3232 CXVIII
3021 3175 3176 3231 infra.
3328 3238 3333 3239 ί

426 3264 795 3336 Epistolarum
823 3268 1052 3323 duarum
1084 3270 1151 3324 ad
1175 3269 1571 3332 Innocentium,
1606 3280 1659 3324 et
1697 3269 1861 3339 hujus
1901 3271 1968 3323 ad
1998 3269 2285 3339 episcopos
2322 3278 2375 3322 et
2407 3269 2749 3339 presbyteros
2793 3268 3054 3331 inclusos,
3088 3267 3459 3337 interpretatio
3494 3266 3604 3322 La-

353 3360 469 3414 tina
500 3370 584 3416 est
616 3363 810 3417 incerti
840 3365 1147 3434 cujusdam,
1180 3381 1344 3436 quam
1378 3366 1563 3421 multis
1593 3366 1645 3420 in
1681 3366 1815 3421 locis
1843 3366 2271 3436 castigavimus;
2319 3365 2673 3435 epistolarum
2724 3365 2885 3420 etiam
2936 3365 3233 3420 Innocentii
3274 3365 3604 3435 interpreta-

354 3460 556 3513 tionem
581 3457 827 3515 Latinam
852 3461 1083 3517 subinde
1112 3462 1539 3517 emendavimus.

2080 3606 3585 3617 MM!—

1018 3698 1778 3790 INNOCENTIO
1851 3697 2435 3790 EPISCOPO
2512 3698 2921 3788 ROM/E.
3270 3810 3313 3833 κ

357 3864 606 3912 DOMHO
658 3868 788 3914 ΜΕ)
830 3870 1377 3941 RISVEBENDISSIMO
1404 3898 1415 3916 ι
1455 3870 1936 3929 Ριεῖςτιεςηιορυ

2051 3869 2416 3939 μιθΝορΕΝι-ιο
2453 3867 2729 3913 manans
2766 3868 2832 3911 IN
2868 3865 3116 3911 νυνιΝο
3157 3864 3442 3910 suumn
3487 3840 3597 3927 (a).

1957 4007 2026 4027 ε*

429 4154 481 4208 I.
530 4153 705 4208 Etiam
753 4162 1035 4223 antequam
1083 4151 1305 4209 redditce
1349 4161 1473 4208 sunt
1512 4154 1682 4209 literae
1726 4163 1942 4221 nostra,

346 4245 544 4314 opinor
566 4244 814 4314 pietatem
843 4256 1073 4299 vestram
1100 4244 1367 4300 audivisse
1380 4270 1401 4311 -,
1447 4245 1697 4315 quidnam
1733 4245 1821 4301 hic
1849 4262 1943 4315 pa-

348 4347 499 4392 trare
523 4352 651 4391 ausa
680 4336 837 4391 fuerit
863 4337 1137 4408 iniquitas.
1166 4337 1239 4391 Ea
1270 4338 1411 4392 enim
1435 4353 1615 4392 rerum
1636 4346 1718 4391 est
1744 4338 1944 4409 magni-

347 4428 482 4483 tudo
507 4439 559 4484 et
582 4428 833 4500 gravitas,
863 4440 919 4483 ut
944 4428 1086 4483 nulla
1113 4427 1280 4485 ferme
1305 4429 1452 4484 orbis
1479 4444 1599 4498 pars
1624 4430 1806 4484 relicta
1835 4430 1937 4495 sit,

346 4536 472 4591 qnze
508 4520 713 4574 tristem
745 4518 882 4573 hanc
911 4519 1219 4591 tragoediam
1251 4535 1355 4574 non
1393 4520 1623 4574 audierit
1650 4537 1662 4572 :
1696 4519 1939 4589 quando-

347 4610 568 4680 quidem
614 4609 748 4664 l’ama
785 4625 953 4682 usque
994 4609 1059 4665 ad
1099 4611 1229 4664 fines
1267 4618 1425 4666 terra:
1463 4611 1686 4682 perlata,
1718 4612 1940 4681 plurima

350 4703 549 4773 ubique
575 4703 805 4758 lamenta
832 4713 887 4758 et
910 4702 1139 4779 ejulatus
1160 4702 1434 4758 excitavit.
1466 4702 1663 4758 Verum
1689 4704 1808 4773 quia
1834 4718 1939 4757 non

346 4796 482 4849 satis
511 4805 593 4849 est
619 4794 888 4865 plangere,
916 4794 1010 4850 sed
1040 4810 1174 4864 opus
1194 4793 1352 4850 etiam
1378 4803 1436 4850 ut
1456 4810 1582 4850 cura
1609 4806 1854 4866 geratur;
1888 4804 1943 4849 et

348 4896 623 4956 spectetur
643 4903 747 4957 qua
780 4889 987 4943 ratione
1025 4900 1078 4943 ct
1121 4903 1226 4958 quo
1262 4887 1485 4943 consilio
1511 4887 1823 4958 gravissima
1852 4887 1939 4941 illa

352 4976 612 5033 Ecclesirc
640 4988 928 5048 tempestas
962 4979 1178 5034 sedetur
1209 4997 1222 5033 :
1255 4979 1614 5034 necessarium
1645 4993 1764 5032 esse
1787 4977 1943 5031 duxi-

347 5086 474 5125 mus
502 5080 558 5125 ut
582 5072 964 5140 persuadeatur
992 5073 1279 5139 Demetrio,
1310 5072 1632 5141 Pansopbio,
1658 5071 1861 5142 Pappo,
1887 5080 1941 5125 et

345 5163 610 5233 Eugenio,
633 5163 861 5219 dominis
887 5165 1021 5219 meis
1043 5165 1272 5219 maxime
1294 5165 1704 5230 venerabilibus,
1737 5166 1940 5235 piisque

341 5254 614 5325 episcopis
633 5297 651 5324 ,
683 5255 881 5312 relictis
909 5256 1166 5313 Ecclesiis
1194 5257 1421 5327 prepriis
1440 5298 1454 5322 ,
1493 5258 1679 5328 pelago
1708 5273 1766 5310 se
1794 5265 1940 5311 tanto

342 5346 722 5413 committere,
773 5357 1123 5420 susceptaque
1178 5348 1462 5418 longinqua
1514 5346 1940 5418 peregrinatione

344 5440 472 5504 bac,
503 5437 570 5493 ad
594 5448 822 5496 vestram
854 5454 1142 5511 properare
1162 5439 1457 5507 caritatem,
1485 5439 1552 5496 de
1578 5442 1826 5496 omnibus
1845 5455 1940 5495 vus

410 5570 487 5634 (ο)
509 5570 683 5640 uallata
702 5586 811 5623 etim
834 5573 1026 5640 duobus
1042 5575 1214 5640 _ne_gii_s
1236 5583 1340 5640 uss.
1361 5574 1584 5640 Itemque
1603 5589 1727 5640 cum
1750 5577 1930 5640 Vatica-

343 5645 433 5689 ω.
453 5633 758 5691 Coisliniano.
798 5643 852 5687 et
888 5637 979 5686 viri
1015 5633 1264 5687 clarissimi
1316 5633 1517 5687 Alberti'
1539 5638 1737 5688 Fabricii
1768 5639 1940 5689 codice

342 5706 500 5806 tr?
531 5696 857 5748 Fabricianum
878 5710 1131 5769 vocamus;
1166 5700 1344 5763 scripta
1382 5711 1510 5772 anno
1667 5707 1714 5749 tn
1737 5701 1939 5774 quibus-

480 5758 730 5806 Μαίης
750 5759 885 5806 hac.
911 5759 1102 5806 domum
1144 5773 1274 5806 meo.
1310 5774 1469 5806 nsaue
1494 5768 1679 5806 rmtmm
1714 5764 1939 5806 epistolae

480 5758 730 5809 Dulcibus
750 5759 886 5819 haec,
911 5759 1102 5811 domino
1144 5758 1278 5821 meo;
1310 5774 1469 5828 usque
1494 5762 1679 5813 initium
1714 5758 1939 5825 epistola:

348 5828 553 5879 desunt.
1730 5874 1735 5875 ,

2054 4153 2330 4211 manileste
2356 4153 2639 4217 ducentes,
2680 4167 2784 4223 quo
2822 4152 3135 4223 quantocius
3164 4154 3321 4209 rebus
3345 4171 3629 4211 succurra-

2052 4252 2167 4310 tur;
2215 4244 2457 4298 misimus
2484 4253 2659 4297 autem
2687 4260 2807 4298 cum
2835 4245 2912 4298 eis
2940 4245 3269 4299 venerabiles
3306 4245 3632 4317 dilectosque

2048 4334 2305 4391 diaconos
2330 4336 2549 4389 Paulum
2578 4346 2631 4390 et
2655 4334 2969 4405 Cyriacum;
3007 4344 3063 4389 ct
3087 4352 3183 4389 nos
3213 4351 3423 4405 quoque
3450 4338 3631 4404 paucis

2049 4430 2324 4484 caritatem
2343 4438 2572 4484 vestram
2601 4443 2719 4497 qme
2746 4428 2876 4482 facta
2904 4436 3027 4481 sunt
3051 4427 3105 4480 in
3136 4428 3372 4495 epistolae
3402 4427 3628 4481 formam

2048 4520 2379 4575 docebimus.
2429 4520 2758 4589 TlteOpbilus
2800 4520 2942 4574 enim
2998 4520 3086 4573 ille
3129 4520 3218 4588 qui
3262 4520 3633 4574 Alexandrinas

2049 4611 2301 4667 Ecclesia:
2326 4612 2687 4681 episcopatum
2718 4610 3009 4681 regendum
3039 4610 3291 4678 suscepit,
3314 4624 3434 4663 cum
3455 4625 3484 4661 a
3510 4609 3635 4678 piis-

2047 4704 2184 4759 simo
2212 4704 2556 4773 Iinpcratore,
2579 4703 2662 4756 cui
2684 4702 2941 4757 adversus
2967 4702 3108 4755 illum
3131 4700 3370 4768 qmedam
3393 4702 3631 4755 nuntiata

2047 4801 2220 4861 erant,
2246 4795 2431 4862 jussus
2457 4801 2600 4848 esset
2630 4794 2810 4847 venire
2838 4792 3004 4857 solus,
3033 4791 3255 4845 collecta
3285 4790 3625 4845 multitudine

2048 4885 2418 4954 episcoporum
2446 4900 2551 4938 non
2584 4898 2871 4952 paucorum
2904 4882 3006 4936 buc
3033 4883 3171 4935 venit
3197 4923 3212 4948 ,
3239 4896 3347 4951 quo
3375 4881 3632 4950 pra-ludio

2047 4973 2197 5044 quasi
2240 4973 2511 5029 declarare
2537 4972 2778 5038 volebat,
2807 4986 2866 5026 se
2905 4971 2970 5026 ad
3014 4971 3209 5026 bellum
3237 4980 3291 5025 et
3316 4972 3482 5026 aciem
3514 4987 3634 5039 per-

2046 5080 2206 5133 gere,
2250 5080 2477 5135 cumque
2518 5064 2569 5117 in
2609 5079 2850 5133 magnam
2890 5063 3176 5133 divinoquc
3205 5063 3366 5117 cultui
3394 5064 3628 5118 deditam

2048 5162 2232 5214 urbem
2279 5157 2794 5229 ConstantinOpolim
2844 5159 3116 5228 ingressus
3159 5166 3336 5223 esset,
3386 5173 3489 5211 non
3536 5173 3635 5225 pro

2048 5266 2196 5306 more
2236 5258 2293 5304 ct
2335 5250 2719 5306 consuetudine
2760 5251 2923 5304 veteri
2973 5248 3187 5302 intravit
3232 5250 3284 5301 in
3323 5247 3625 5309 ecclesiam,

2048 5358 2219 5412 neque
2253 5342 2318 5396 ad
2360 5357 2458 5397 nos
2486 5341 2730 5408 accessit,
2765 5356 2935 5412 neque
2963 5338 3269 5410 participem
3301 5352 3359 5393 se
3391 5338 3515 5393 fecit
3547 5340 3632 5394 vel

2048 5434 2333 5499 sermonis,
2362 5436 2445 5490 vel
2479 5450 2719 5504 precum,
2750 5434 2831 5488 vel
2861 5431 3257 5488 communimiis
3291 5448 3307 5484 :
3336 5430 3429 5484 sed
3456 5445 3636 5498 egres-

2047 5541 2137 5581 sus
2167 5540 2197 5579 e
2225 5525 2362 5591 navi,
2388 5533 2442 5579 et
2470 5524 2835 5594 praetercursis
2859 5521 3099 5579 ecclesia:
3128 5520 3419 5579 vestibulis.
3443 5518 3634 5572 alicubi

2045 5623 2195 5671 extra
2214 5617 2395 5671 urbem
2420 5615 2723 5670 diversatus
2747 5623 2829 5672 est
2848 5629 2863 5679 ;
2885 5614 3093 5670 tametsi
3116 5627 3212 5667 nos
3229 5609 3515 5681 plurimum
3541 5606 3636 5659 nli-

2047 5722 2381 5764 seeraremus
2413 5717 2467 5762 et
2489 5708 2659 5778 ipsum
2681 5715 2733 5762 et
2750 5721 2843 5762 eos
2864 5705 2953 5776 qui
2975 5719 3093 5760 cum
3116 5704 3231 5774 ipso
3252 5694 3635 5758 advenerant‘,

2115 5821 2132 5850 ⁸
2170 5824 2274 5872 nuo
2294 5820 2461 5887 optimi
2485 5827 2589 5872 Mss.
2625 5817 2937 5869 coislinianus
2972 5822 3021 5867 et
3052 5820 3169 5876 Reg.
3204 5820 3348 5870 unus,
3385 5808 3429 5855 et
3449 5810 3531 5849 eos
3564 5795 3646 5860 qui
