4030 6206
362 322 460 380 551

369 456 426 499 ut
457 442 596 513 apud
622 456 724 498 nos
751 442 1077 501 diverterent
1104 459 1120 498 :
1148 451 1302 499 erant
1346 441 1489 498 enim
1530 439 1823 496 diversoria
1844 477 1861 502 ,
1902 443 1958 490 et

363 534 544 589 omnia
571 534 672 588 alia
704 551 823 606 quae
851 534 1161 605 oportebat,
1204 534 1342 590 bene
1369 533 1626 588 instructa
1656 548 1669 586 :
1702 540 1757 585 at
1781 542 1955 600 neque

365 624 440 681 illi
472 640 645 696 neque
682 625 797 696 ipse
836 625 991 681 nobis
1031 639 1232 681 morem
1274 624 1552 695 gerebant.
1584 622 1738 680 Unde
1768 635 1867 676 nos
1891 632 1955 674 ea

366 719 629 785 videntes,
658 718 815 774 valde
856 717 1335 773 consternabamur
1362 714 1547 772 animo
1574 732 1587 769 :
1619 723 1675 770 et
1715 711 1956 783 quamvis

367 809 687 878 iujustarum
726 810 939 867 illarum
980 808 1376 865 inimicitiarum
1403 821 1616 864 causam
1643 805 1842 860 nullam
1869 803 1954 858 in-

368 902 555 956 venire
583 914 861 971 possemus
882 941 900 968 ,
930 899 1277 973 nihilominus
1305 906 1483 954 tamen
1525 896 1701 953 ofﬁcia
1741 896 1820 952 eis
1857 894 1958 948 im-

369 990 675 1060 pendimus,
703 1006 822 1061 quae
862 1005 961 1061 par
999 1000 1115 1047 erat
1155 1004 1255 1045 nos
1298 989 1405 1045 illis
1447 988 1732 1048 exhibere:
1756 994 1823 1042 'ac
1848 987 1958 1044 fre-

369 1091 601 1151 quenter
624 1082 796 1152 ipsum
822 1082 1239 1149 obsecravimus,
1259 1090 1316 1135 ut
1334 1096 1394 1136 se
1413 1081 1567 1136 nobis
1586 1079 1955 1151 coniungeret,

371 1172 684 1245 diceretque
703 1216 718 1240 ,
756 1175 910 1244 cujus
942 1173 1111 1245 gratia
1141 1174 1318 1228 statim
1345 1172 1413 1228 ab
1442 1171 1595 1243 initio
1624 1180 1829 1227 tantum
1857 1184 1957 1226 ex-

367 1267 567 1323 citaret
586 1267 806 1334 bellum,
827 1266 879 1321 in
903 1275 1152 1337 tantaque
1173 1266 1301 1322 urbe
1318 1264 1635 1321 discordiam
1660 1264 1954 1323 induceret.

378 1357 577 1415 Verum
602 1373 723 1414 cum
745 1359 833 1415 ille
852 1372 1066 1414 causam
1087 1358 1267 1415 dicere
1289 1357 1475 1423 nollet,
1497 1371 1692 1428 meque
1709 1363 1963 1426 urgerent

376 1460 719 1508 accusatores
738 1451 875 1522 ejus,
897 1451 1107 1507 vocavit
1135 1466 1234 1507 nos
1259 1450 1552 1521 Imperator
1577 1448 1959 1520 pientissimus,

379 1549 434 1597 et
456 1541 617 1612 jussit
644 1542 722 1597 ire
750 1541 817 1597 ad
847 1543 1020 1598 locum
1048 1542 1100 1597 iu
1128 1557 1235 1613 quo
1266 1542 1353 1596 ille
1381 1541 1601 1612 agebat,
1636 1550 1692 1595 et
1725 1538 1835 1594 illic
1858 1538 1961 1595 cri-

380 1632 543 1697 mina,
572 1648 691 1703 quac
715 1632 815 1702 ipsi
839 1632 1179 1699 olferrentur,
1203 1632 1409 1688 audire.
1445 1632 1576 1687 Nam
1607 1631 1961 1698 incursiones,

379 1730 437 1778 et
480 1723 694 1790 caedes,
737 1731 794 1779 et
839 1723 940 1778 alia
987 1724 1211 1794 plurima
1249 1723 1574 1792 objiciebant
1599 1739 1614 1777 :
1643 1737 1743 1778 nos
1785 1730 1964 1779 autem

381 1812 611 1869 scientes
658 1809 802 1884 leges
848 1821 1078 1885 patrum,
1108 1815 1334 1885 viroque
1357 1813 1616 1869 honorem
1637 1812 1961 1879 deterentes,

383 1902 641 1959 habentes
665 1904 825 1959 etiam
851 1918 1012 1975 super
1036 1905 1137 1960 hac
1161 1921 1219 1960 re
1245 1904 1364 1975 ejus
1395 1905 1576 1960 literas
1599 1944 1615 1967 ,
1642 1912 1890 1973 oportere
1911 1903 1965 1957 in

382 1995 681 2067 quibusque
701 1995 988 2067 provinciis
1014 2011 1106 2051 sua
1133 1995 1341 2067 negotia
1368 1996 1597 2059 tractari,
1625 2010 1797 2065 neque
1817 2001 1967 2049 extra

387 2086 583 2142 limites
610 2088 818 2142 illarum
848 2087 1018 2154 trahi,
1049 2087 1393 2143 vehementer
1418 2086 1829 2142 detrectavimus
1851 2126 1867 2151 ,
1900 2100 1969 2140 ne

383 2192 600 2232 causam
638 2177 1036 2247 susciperemus
1075 2177 1438 2248 iudicandam.
1486 2177 1654 2234 Porro
1686 2178 1774 2233 ille
1814 2177 1967 2247 quasi

385 2267 652 2337 prioribus
702 2268 980 2324 conatibus
1029 2269 1300 2323 cumulum
1353 2267 1554 2325 addere
1599 2268 1966 2334 contendens,

385 2358 549 2413 multa
575 2358 895 2414 auctoritate
914 2340 1499 2415 vocatoarchidiacono
1525 2374 1668 2427 meo,
1690 2360 1841 2430 quasi
1857 2358 1968 2430 jam

387 2448 623 2505 Ecclesia
667 2448 880 2503 viduata
924 2459 1087 2517 esset,
1118 2465 1184 2506 ac
1226 2451 1533 2522 episcopum
1576 2466 1683 2507 non
1726 2450 1967 2516 haberet,

384 2543 584 2600 clerum
628 2558 843 2600 omnem
887 2544 989 2600 sibi
1024 2560 1122 2615 per
1166 2545 1317 2601 illum
1357 2545 1636 2616 adjunxit:
1667 2546 1969 2616 fiebantque

386 2634 613 2692 desertae
636 2635 688 2690 in
717 2635 835 2692 dies
862 2635 1127 2704 ecclesiae,
1159 2634 1289 2696 dum
1313 2651 1345 2693 e
1373 2637 1595 2709 singulis
1616 2638 1856 2695 ecclesiis
1882 2637 1971 2694 ab-

384 2726 715 2783 ducebantur
728 2727 906 2784 clerici
937 2736 991 2783 et
1019 2726 1419 2783 instruebantur
1438 2737 1499 2784 ut
1518 2742 1616 2785 nos
1632 2739 1966 2795 accusarent,

384 2829 440 2874 ct
465 2818 675 2874 libellos
702 2818 964 2876 adversus
993 2832 1093 2874 nos
1123 2818 1495 2889 producerent.
1523 2820 1651 2876 Post
1676 2820 1792 2875 haec
1812 2835 1971 2875 voca-

384 2910 459 2963 vit
493 2918 549 2964 et
585 2924 681 2964 nos
720 2909 787 2964 ad
820 2909 1108 2979 judicium,
1143 2909 1378 2966 nondum
1412 2911 1596 2966 dilutis
1623 2911 1720 2967 sibi
1747 2911 1970 2984 objectis

385 2999 720 3066 criminibus,
746 2998 796 3053 id
826 2998 967 3069 quod
989 3000 1221 3057 maxime
1241 3011 1426 3056 contra
1454 3016 1641 3058 omnes
1663 3017 1897 3058 canones
1916 3011 1972 3057 et

384 3093 530 3164 leges
553 3100 688 3147 erat.

454 3181 511 3236 2.
544 3180 934 3254 Chrysostomus
973 3199 1065 3237 cur
1100 3199 1270 3238 coram
1298 3183 1576 3255 Theophila
1619 3193 1666 3238 et
1692 3186 1895 3239 assccliat
1917 3201 1971 3240 se

382 3276 557 3330 sistere
581 3275 846 3330 recusarit.
869 3306 940 3316 —
971 3276 1140 3331 Porro
1162 3276 1422 3342 scientes,
1456 3291 1554 3331 nos
1581 3291 1688 3331 non
1725 3276 1791 3330 ad
1822 3277 1969 3347 judi-

385 3366 525 3421 rium
558 3366 717 3439 (nam
743 3365 976 3438 alioquin
1002 3368 1301 3423 sexcenties
1327 3367 1694 3424 venissemus‘
1718 3371 1756 3435 ),
1781 3368 1874 3425 sed
1902 3368 1968 3422 ad

387 3457 594 3513 hostem
626 3465 682 3513 et
706 3456 975 3514 inimicum
1005 3456 1279 3528 venturos,
1303 3458 1355 3515 id
1377 3458 1519 3530 quod
1541 3460 1671 3515 satis
1697 3459 1969 3516 declarant

389 3564 508 3619 quae
536 3549 683 3621 prius
707 3563 771 3607 ac
796 3561 982 3621 postea
1007 3561 1131 3606 sunt
1158 3550 1315 3618 facta,
1344 3552 1586 3607 misimus
1607 3552 1674 3607 ad
1699 3567 1822 3607 eum
1850 3553 1969 3622 epi-

385 3654 599 3709 scopos,
638 3640 965 3697 Demetrium
993 3642 1302 3712 episcopum
1342 3642 1665 3709 Pesinuntis,
1693 3642 1969 3714 Eulysium

385 3733 638 3800 Apameae
660 3769 678 3799 ,
727 3731 1044 3801 Lupicinum
1085 3733 1375 3804 Appiariae,
1406 3733 1747 3805 presbyteros
1768 3742 1966 3801 autem,

384 3821 710 3880 Germanum
738 3831 794 3880 et
819 3823 1106 3889 Severum,
1136 3826 1615 3897 respondimusque
1638 3828 1879 3885 modeste
1903 3843 1972 3885 ex

384 3923 571 3971 nostro
597 3914 837 3973 instituto
865 3934 879 3972 :
906 3932 1012 3973 non
1042 3917 1212 3973 vitare
1235 3932 1333 3973 nos
1352 3916 1633 3988 judicium,
1665 3918 1761 3976 sed
1791 3918 1969 3975 inimi-

386 4020 508 4060 rum
534 4015 777 4076 apertum
795 4048 812 4074 ,
840 4017 896 4065 et
924 4008 1132 4065 hostem
1173 4009 1530 4066 manifestum.
1560 4008 1694 4065 Nam
1718 4011 1810 4082 qui
1836 4026 1971 4067 non-

384 4098 513 4153 dum
558 4100 791 4171 acceptis
832 4100 1028 4157 libellis
1061 4101 1241 4158 statim
1283 4101 1353 4159 ab
1393 4103 1545 4159 initio
1587 4103 1708 4159 talia
1746 4102 1889 4170 fecit,
1917 4112 1974 4161 et

384 4188 620 4259 seipsum
655 4188 924 4246 abstraxit
963 4191 1032 4247 ab
1076 4192 1331 4249 Ecclesiae
1358 4193 1604 4263 precibus
1642 4204 1698 4251 et
1730 4208 1973 4251 commu—

385 4279 576 4346 nione,
605 4288 661 4335 et
690 4279 908 4350 insuper
929 4289 1266 4338 accusatores
1291 4284 1640 4352 subornavit,
1668 4287 1874 4342 clerum
1902 4286 1969 4341 ad

384 4387 445 4430 se
471 4372 648 4441 traxit,
675 4373 957 4430 ecclesiam
982 4374 1277 4430 desolavit:
1301 4377 1572 4447 quomodo
1601 4378 1824 4436 idoneus
1845 4395 1970 4436 cen-

384 4464 491 4522 seri
522 4466 689 4536 possit
715 4465 1041 4537 hujusmodi,
1066 4477 1124 4522 ut
1148 4469 1200 4522 in
1224 4467 1421 4539 judicis
1446 4469 1696 4525 thronum
1718 4484 1970 4528 conscen-

382 4556 478 4612 dat
500 4556 602 4613 sibi
630 4558 849 4613 minime
873 4560 1293 4628 congruentem?
1315 4559 1497 4632 Neque
1513 4560 1654 4616 enim
1674 4576 1967 4632 congruum

377 4659 461 4707 est
490 4690 506 4717 ,
554 4660 612 4707 ut
652 4651 688 4705 ii
729 4651 818 4723 qui
860 4651 912 4706 in
957 4649 1190 4723 Egypto
1213 4662 1358 4720 sunt,
1384 4652 1627 4723 judicent
1663 4669 1758 4711 eos
1795 4655 1884 4726 qui
1915 4657 1967 4711 in

378 4743 635 4812 Thracia,
666 4753 721 4801 ct
743 4744 1038 4816 praesertim
1067 4745 1156 4800 ille
1183 4746 1274 4817 qui
1305 4746 1419 4817 ipse
1441 4762 1567 4803 reus
1587 4756 1691 4815 est,
1722 4748 1968 4805 inimicus

375 4845 429 4891 et
468 4834 638 4892 hostis
655 4837 699 4890 ’.
728 4837 798 4892 At
825 4835 912 4894 ille
940 4837 1073 4892 nihil
1099 4835 1293 4893 horum
1320 4838 1604 4906 reveritus,
1631 4854 1828 4911 magno
1851 4850 1967 4897 stu-

372 4995 480 5061 ειιςζι
510 4981 812 5061 macerant;
832 4989 1029 5061 ῐτιιιιι-ξεη
1053 4996 1100 5042 et
1142 5002 1222 5061 eos
1244 4990 1328 5053 qni
1366 4993 1433 5045 ad
1454 4994 1611 5059 ipsum
1632 5004 1969 5061 accessermn;

372 5044 593 5101 Fdit.,'et
612 5057 693 5095 eos
817 5056 926 5099 ante
946 5044 1104 5160 ipsum
1138 5044 1655 5128 adveneranlr'ttaque
1668 5044 1675 5045 ί

373 5117 480 5154 mus
507 5106 634 5157 domi
659 5119 893 5160 exemere
910 5125 968 5160 νο
988 5112 1059 5160 uit
1071 5113 1387 5160 Theonhtlnm
1414 5119 1791 5160 Alexandrinum
1810 5128 1862 5160 et
1879 5136 1966 5160 nnc

373 5106 1059 5187 nurs‘domihexciperevoluit
1071 5113 1387 5187 Theophilum
1409 5106 1799 5187 Alexandriniqu
1810 5106 1966 5187 éi'eés

371 5170 453 5239 qui
485 5170 638 5240 antei
733 5170 787 5220 ni
818 5170 1136 5245 advenerant,
1180 5170 1220 5225 si
1257 5185 1445 5231 stemus
1478 5170 1617 5245 prius
1635 5170 1968 5235 Editorumil'ev-

371 5234 558 5291 ctiont;
582 5182 1022 5291 veﬂ‘heophilum
1055 5243 1107 5286 et
1147 5242 1338 5291 eosaui
1376 5242 1435 5291 ad
1458 5245 1613 5291 iosum
1637 5255 1961 5291 accesseram-

380 5246 558 5291 ειιοιιις
582 5246 666 5280 vel
703 5246 1022 5304 'I’ueopmtuz-n
1055 5246 1107 5286 et
1147 5246 1338 5302 eosqui
1376 5246 1472 5292 adi
1535 5258 1613 5293 um
1637 5255 1962 5304 accesserant.

380 5293 650 5368 secundum
679 5294 1007 5368 Fabrtctanum
1038 5298 1308 5368 Codicem;_
1327 5301 1408 5368 vel
1438 5256 1755 5368 TESeOphiltlm
1795 5312 1849 5356 et
1879 5320 1968 5357 eos

379 5354 1005 5434 QP.E"’P.1F§2.‘19“€'99‘~
1028 5367 1084 5434 ιιι
1108 5354 1345 5434 lentati"
1368 5364 1558 5434 duobus
1574 5354 1790 5434 ’φριίωίξ
1806 5354 1965 5419 ίὸοδίἓ

378 5413 536 5520 gibus.
569 5413 682 5465 Haec
702 5428 821 5466 vero
859 5413 1098 5493 posterior
1130 5422 1275 5493 lectio
1303 5413 1459 5488 magis
1468 5413 1786 5490 ’diadrai‘ﬁ
1818 5413 1964 5499 supra

415 5483 526 5529 icta.
554 5475 753 5527 collecta
784 5479 1089 5529 multitudine
1125 5496 1458 5529 emsconorum
1497 5490 1640 5529 πριιίι-
1684 5497 1732 5529 ρι
1760 5493 1964 5529 hahptnr

382 5481 526 5547 dicta,
554 5481 753 5527 collecta
784 5481 1089 5533 multitudine
1125 5481 1458 5549 episcoporim
1497 5481 1641 5551 uenit,
1684 5497 1737 5541 et
1760 5481 1965 5545 habétur

382 5543 526 5587 cttam
547 5539 671 5600 apud
706 5537 976 5590 Palladium.

449 5601 760 5679 {sicanium
777 5609 885 5679 falsis.
913 5610 1077 5679 recte.
1096 5612 1145 5654 In
1168 5605 1310 5657 Editis
1332 5609 1454 5669 haec.
1489 5624 1601 5663 nam
1622 5611 1834 5679 alioquin
1848 5631 1963 5668 sex-

380 5665 556 5715 centies
577 5666 880 5723 venissemus,
903 5665 1103 5717 desunt.

376 5731 484 5846 pr;
497 5732 746 5843 migra,
769 5723 954 5780 etiamsi
976 5742 1115 5780 reum
1157 5728 1494 5789 inimicumque
1517 5744 1755 5802 accusent,
1784 5754 1889 5804 pro,
1916 5749 1963 5794 et

484 5804 559 5841 8οΓ
648 5830 661 5846 ,
740 5805 783 5841 C-

484 5804 661 5852 scrmn,
689 5804 783 5841 etc.

1143 322 1201 381 S.
1238 319 1516 381 JOANNIS
1545 313 1918 375 CHRYSOST.
1962 314 2279 372 ARCHIEP.
2319 319 2854 379 CONSTANTINOP.

3534 323 3643 381 532

2059 435 2150 491 dio
2174 436 2480 507 anhelabat,
2502 448 2560 493 ut
2581 433 2861 510 perliceret
2881 453 2940 494 ea
2961 453 3079 510 quae
3100 443 3279 496 mente
3291 451 3636 511 conceperat.

2058 531 2191 585 Cum
2222 540 2401 587 autem
2423 539 2849 587 contestaremur
2869 540 3081 602 paratos
3109 545 3209 587 nos
3234 531 3301 587 ad
3329 531 3641 589 diluendum

2059 621 2318 688 crimina,
2356 629 2411 676 et
2450 621 2518 676 ad
2561 622 2936 687 innocentiam,
2969 621 3108 677 sicut
3133 630 3188 676 ct
3213 621 3524 679 innocentes
3553 639 3646 680 su-

2061 729 2202 780 mus,
2221 713 2596 770 declarandam
2621 729 2802 769 coram
2828 723 3045 770 centum
3068 716 3152 771 vel
3179 715 3327 771 mille
3352 716 3645 787 episcopis,

2060 821 2168 862 non
2197 806 2427 862 assensit
2452 824 2466 862 :
2498 805 2592 861 sed
2623 805 2744 862 licet
2767 805 3015 862 absentes
3038 821 3315 872 essemus,
3346 817 3400 862 et
3427 807 3495 863 ad
3521 824 3646 879 syu-
3674 794 3684 879 1

2060 898 2221 973 otium
2244 898 2682 971 appellaremus,
2722 896 3087 968 judiciumque
3129 897 3548 967 requireremus,
3594 888 3649 955 et

2062 1004 2168 1043 non
2205 988 2454 1055 tribunal,
2496 987 2594 1044 sed
2635 987 2945 1043 manifestas
2982 987 3286 1044 inimicitias
3320 987 3644 1059 fugeremus,

2063 1080 2178 1151 ipse
2217 1088 2394 1136 tamen
2436 1087 2775 1136 accusatores
2813 1079 3069 1149 suscepit,
3109 1080 3645 1135 excommunicatosa

2064 1188 2153 1229 me
2177 1171 2425 1238 absolvit,
2444 1181 2498 1228 et
2525 1172 2592 1227 ab
2617 1172 2741 1237 illis,
2768 1171 2856 1243 qui
2884 1171 3117 1227 nondum
3142 1187 3201 1227 se
3225 1172 3295 1229 de
3320 1175 3432 1228 suis
3460 1189 3651 1243 purga-

2061 1276 2252 1321 verant
2289 1266 2631 1331 criminibus,
2672 1265 2881 1321 libellos
2906 1265 2986 1337 (a)
3012 1266 3214 1334 accepit
3240 1284 3254 1319 :
3282 1275 3339 1321 et
3365 1276 3481 1321 acta
3509 1283 3648 1335 prae-

2063 1358 2224 1415 scrihi
2251 1358 2450 1429 jussit,
2487 1373 2607 1428 quae
2642 1357 2818 1413 omnia
2845 1356 3049 1426 legibus
3074 1364 3130 1411 et
3151 1355 3446 1412 canonihus
3471 1356 3652 1427 prohi-

2065 1450 2174 1505 bita
2200 1459 2370 1505 erant.
2398 1450 2465 1505 Et
2484 1448 2611 1520 quid
2631 1463 2767 1518 opus
2790 1456 2874 1504 est
2893 1448 3056 1503 multa
3076 1447 3289 1527 dicere?
3314 1446 3429 1502 Non
3447 1446 3654 1502 destitit

2067 1542 2244 1597 omnia
2277 1542 2452 1597 facere
2490 1557 2555 1597 ac
2590 1542 2795 1606 moliri,
2827 1540 2999 1596 donec
3033 1554 3130 1595 nos
3158 1540 3209 1594 vi
3246 1554 3312 1595 ac
3350 1539 3583 1610 potentia
3621 1554 3655 1593 e

2066 1634 2283 1689 civitate
2320 1642 2374 1689 et
2411 1633 2651 1689 Ecclesia
2677 1633 2925 1702 ejiceret,
2951 1632 3110 1685 etiam
3136 1631 3246 1700 jam
3282 1639 3528 1700 provecta
3557 1645 3651 1684 ve-

2067 1741 2252 1797 spera,
2280 1738 2336 1782 et
2374 1727 2620 1781 universo
2655 1726 2850 1796 pepulo
2890 1741 2988 1780 nos
3027 1734 3401 1795 prosequente.
3433 1724 3658 1779 Tractus

2069 1818 2227 1888 igitur
2241 1818 2291 1872 vi
2307 1825 2361 1873 et
2378 1816 2634 1873 abductus
2656 1832 2688 1872 a
2713 1816 2939 1871 Curioso
2967 1816 3115 1871 urbis
3142 1815 3193 1871 in
3224 1816 3394 1870 media
3418 1815 3653 1881 civitate,

2070 1919 2125 1965 et
2149 1909 2201 1964 in
2233 1909 2406 1964 navim
2431 1908 2725 1980 conjectus,
2756 1923 2852 1979 per
2879 1916 3090 1964 noctem
3120 1908 3395 1978 navigavi,
3421 1922 3487 1962 eo
3513 1906 3668 1982 quod~

2070 2002 2137 2057 ad
2179 2002 2441 2077 synodan
2486 2011 2544 2058 et
2577 2002 2779 2072 justum
2818 2001 3073 2072 judicium
3117 2015 3481 2079 provocaram.
3525 1999 3659 2067 Quis

2073 2094 2187 2151 haec
2215 2096 2333 2152 sine
2361 2095 2629 2167 lacrymis,
2652 2095 2861 2152 etiamsi
2890 2109 2986 2150 cor
3010 2093 3279 2165 lapideum
3312 2080 3533 2156 135ml,
3563 2106 3659 2146 au-

2071 2188 2252 2245 diret?

2150 2282 2541 2354 Chrysostomus
2567 2297 2599 2336 a
2621 2280 2781 2352 priori
2805 2280 2985 2336 exsilio
3005 2280 3168 2334 redux
3188 2278 3437 2350 quomodo
3464 2293 3517 2331 se
3546 2294 3661 2348 ges-

2071 2377 2215 2443 serit,
2264 2386 2312 2431 et
2352 2392 2467 2447 ιιιιω
2504 2376 2568 2431 sit
2608 2391 2892 2446 perpessus.
2941 2372 3170 2427 Violenta
3198 2374 3250 2425 in
3294 2370 3570 2425 Ercleu'am
3595 2370 3659 2423 ir-

2072 2468 2538 2539 ruptio.-—Verum
2564 2466 2707 2537 quia,
2736 2465 2872 2521 sicut
2897 2465 3046 2535 prius
3070 2463 3201 2529 dixi,
3229 2478 3294 2518 ea
3323 2478 3441 2533 quau
3468 2476 3660 2532 perpe—

2073 2576 2186 2616 ram
2210 2559 2343 2616 ﬁunt
2365 2601 2382 2628 ,
2410 2575 2518 2616 non
2547 2561 2719 2615 solum
2748 2557 3077 2630 deploranda
3104 2597 3121 2623 ,
3147 2557 3241 2613 sed
3266 2565 3321 2613 et
3343 2555 3659 2624 corrigenda

2072 2663 2233 2710 sunt:
2263 2653 2384 2710 ideo
2407 2653 2682 2710 caritatem
2707 2661 2941 2708 vestram
2967 2650 3194 2706 obsecro
3217 2691 3233 2715 ,
3256 2658 3313 2704 ιιι
3340 2658 3661 2719 provocetur

2071 2746 2140 2803 ad
2169 2745 2580 2810 condolendum,
2607 2744 3011 2815 faciendumque
3025 2742 3225 2807 omnia,
3248 2757 3355 2813 quo
3376 2743 3511 2797 mala
3544 2741 3659 2795 haec

2072 2842 2351 2896 sistentur.
2379 2840 2562 2911 Neque
2603 2839 2745 2895 enim
2768 2839 2875 2915 hic
2910 2836 3204 2893 facinorum
3245 2835 3351 2891 illis
3391 2835 3529 2900 linis,
3561 2833 3657 2889 sed

2073 2934 2140 2990 ad
2166 2934 2343 3005 priora
2371 2933 2686 3004 adjecerunt
2715 2941 2771 2988 et
2799 2932 2925 2987 alia.
2965 2930 3097 2986 Nam
3127 2939 3406 2999 postquam
3436 2942 3530 2982 eos
3565 2931 3657 2997 qni

2074 3028 2354 3084 ecclesiam
2382 3025 2719 3097 impudenter
2747 3024 3051 3079 invaserant
3081 3064 3096 3086 ,
3126 3021 3394 3092 piissimus
3422 3020 3656 3089 Impera-

2075 3128 2159 3176 tor
2181 3118 2358 3189 ejecit,
2384 3126 2441 3174 et
2467 3117 2622 3173 multi
2647 3115 2903 3187 episcopi,
2938 3113 3029 3185 qui
3054 3113 3296 3180 aderant,
3323 3125 3657 3182 cognoscen-

2077 3222 2157 3266 tes
2182 3209 2514 3280 iniquitatem
2555 3216 2610 3264 et
2648 3207 2979 3263 invasionem
3020 3206 3231 3261 illorum
3255 3245 3272 3271 ,
3296 3201 3449 3274 quasi
3479 3202 3657 3257 incen-

2074 3304 2221 3358 dium
2247 3302 2544 3372 depascens
2578 3300 2759 3356 omnia
2789 3341 2805 3366 ,
2842 3299 3106 3372 fugientes
3138 3339 3154 3365 ,
3184 3298 3238 3353 in
3261 3311 3387 3352 suas
3413 3295 3658 3366 regiones

2072 3402 2459 3451 concesserunt
2485 3435 2502 3459 ,
2541 3406 2747 3462 nosque
2790 3391 2981 3447 iterum
3010 3390 3063 3445 in
3093 3390 3279 3445 urbem
3304 3397 3360 3445 et
3390 3388 3445 3441 in
3469 3386 3658 3442 Eccle-

2073 3487 2208 3542 siam
2238 3525 2256 3549 ,
2293 3500 2325 3541 a
2360 3501 2464 3557 qua
2490 3484 2686 3555 injuste
2728 3482 2887 3555 ejecti
2915 3495 3127 3538 eramus
3153 3522 3170 3549 ,
3209 3480 3381 3536 vocati
3422 3493 3608 3533 sumus
3636 3517 3657 3543 ,

2073 3577 2453 3634 inducentibus
2480 3588 2583 3632 nos
2622 3575 2886 3647 episcopis
2912 3589 3069 3646 supra
3098 3572 3337 3644 triginta,
3371 3579 3425 3627 et
3451 3570 3660 3626 notario

2073 3670 2142 3725 ah
2171 3670 2497 3742 lmperatore
2521 3667 2764 3739 piissimo
2789 3668 2841 3723 in
2878 3667 2981 3724 hoc
3009 3666 3175 3722 misso
3201 3707 3216 3729 ,
3244 3664 3337 3720 ille
3360 3663 3538 3718 statim
3564 3676 3659 3717 au-

2074 3760 2226 3832 fugit.
2255 3760 2363 3817 Cur
2403 3768 2459 3817 et
2503 3776 2605 3833 qua
2636 3759 2705 3817 de
2742 3760 2946 3816 eausa?
2973 3756 3053 3815 Eo
3090 3757 3230 3829 quod
3278 3756 3504 3827 ingressi
3530 3771 3653 3808 mox

2073 3856 2487 3913 obsecrabamus
2515 3854 2971 3926 religiosissimum
3000 3852 3377 3922 Imperatorem
3404 3892 3419 3916 ,
3451 3860 3505 3904 ut
3527 3862 3653 3902 con-

2073 3950 2252 4023 cilium
2273 3959 2509 4024 cogeret,
2535 3965 2643 4021 quo
2672 3950 2807 4006 facta
2840 3949 2956 4004 haec
2980 3948 3314 4018 punirentur.
3342 3947 3477 4001 Male
3498 3945 3656 4015 igitur

2074 4026 2321 4098 conscius
2346 4042 2470 4109 sibi,
2491 4050 2548 4097 et
2569 4040 3039 4112 reprehensionem
3068 4040 3452 4109 pertimescens
3480 4080 3496 4104 ,
3534 4051 3656 4091 cum

2075 4133 2413 4205 Imperatoris
2434 4135 2603 4191 literae
2631 4135 2684 4190 in
2703 4134 2881 4191 omnia
2912 4135 3026 4190 loca
3050 4133 3388 4188 mitterentur
3412 4140 3466 4186 et
3485 4129 3654 4185 unde-

2074 4240 2300 4300 cumque
2322 4244 2511 4286 omnes
2528 4238 2929 4300 congregarent,
2949 4227 3175 4291 occulte,
3203 4224 3480 4294 mediaque
3501 4231 3656 4278 nocte

2076 4321 2190 4392 ipse
2216 4338 2335 4378 cum
2376 4322 2490 4378 suis
2533 4306 2785 4376 oumibus
2812 4334 3104 4377 conscensa
3152 4319 3271 4373 navi
3311 4318 3523 4387 elapsus
3549 4326 3651 4372 est.

2146 4416 2201 4471 5.
2228 4415 2397 4472 Porro
2422 4430 2551 4481 nos,
2578 4423 2761 4485 utpote
2789 4412 3131 4469 conscientiae
3157 4420 3356 4467 nostrae
3385 4409 3610 4465 fidentes
3647 4452 3661 4474 ,

2076 4522 2180 4562 non
2200 4516 2478 4579 propterea
2494 4505 2817 4573 destitimus,
2846 4504 2942 4560 sed
2963 4503 3152 4561 eadem
3182 4503 3374 4559 iterum
3391 4517 3421 4556 a
3442 4501 3663 4572 religio-

2075 4600 2291 4656 sissimo
2314 4600 2641 4669 lmperatore
2666 4597 2969 4668 petivimus.
2991 4595 3091 4664 Qui
3120 4604 3175 4651 et
3205 4610 3301 4665 pro
3335 4608 3430 4649 sua
3462 4593 3662 4663 pietate

2075 4693 2250 4749 missis
2275 4692 2343 4748 ad
2373 4692 2520 4747 illum
2544 4690 2744 4746 nuntiis
2776 4731 2791 4756 ,
2836 4705 2959 4745 eum
2988 4729 3005 4756 ,
3036 4696 3091 4743 et
3126 4701 3314 4742 omnes
3337 4685 3571 4757 quicum
3595 4698 3664 4739 eo

2072 4797 2247 4859 erant,
2275 4804 2339 4845 ex
2367 4786 2601 4858 Egypto
2629 4786 2861 4853 vocavit,
2888 4794 2945 4838 ut
2966 4784 3223 4839 rationem
3253 4782 3513 4838 factorum
3536 4781 3648 4837 red-

2074 4884 2294 4941 derent:
2326 4896 2497 4954 neque
2525 4888 2771 4952 putarent
2796 4893 2859 4933 ea
2885 4892 3004 4948 quae
3049 4875 3147 4946 ipsi
3184 4889 3285 4930 una
3310 4876 3484 4931 solum
3517 4889 3648 4945 prae-

2073 4986 2225 5033 sente
2253 4984 2403 5048 parte
2432 5015 2448 5040 ,
2478 4972 2735 5042 nobisque
2763 4968 3069 5024 absentibus
3096 4976 3280 5022 contra
3310 4981 3545 5023 canones
3575 4967 3653 5020 in-

2068 5069 2210 5139 juste
2237 5074 2564 5123 attentarant
2589 5104 2604 5128 ,
2633 5077 2755 5118 esse
2779 5060 2877 5116 sibi
2906 5059 2973 5115 ad
3005 5058 3372 5129 purgationem
3409 5057 3560 5111 satis.
3596 5060 3658 5111 At

2072 5158 2230 5229 regiis
2258 5157 2425 5212 literis
2447 5156 2535 5211 ille
2556 5170 2660 5209 non
2690 5151 3109 5222 obtemperavit,
3137 5148 3233 5204 sed
3264 5148 3409 5204 domi
3437 5148 3655 5215 mansit,

2071 5258 2370 5319 praetexens
2390 5245 2706 5302 seditionem
2730 5244 2910 5317 populi
2937 5284 2952 5312 ,
2995 5232 3229 5299 studium
3253 5240 3504 5296 nimirum
3526 5254 3659 5311 quo-

2132 5430 2204 5493 (a)
2237 5437 2335 5480 vox
2355 5429 2597 5493 frequens
2611 5427 2942 5493 apudpraecos
2959 5426 3229 5493 praesertim
3248 5422 3395 5473 medii
3414 5422 3526 5493 aevi,
3546 5433 3656 5493 qua:

2070 5501 2125 5543 ut
2138 5482 2408 5556 plurimum
2444 5482 2680 5556 significat
2720 5488 2939 5556 libellum
2961 5482 3305 5556 accusati-mes
3324 5482 3658 5556 eornplect'en:

2071 5545 2187 5619 teni.
2212 5554 2330 5603 vide
2350 5545 2579 5619 Cangium
2609 5554 2658 5602 in
2695 5551 2931 5602 Glossario
2972 5558 3152 5600 Graeco.
3177 5556 3245 5599 De
3276 5545 3488 5619 curioso.
3528 5545 3657 5619 quod

2069 5618 2274 5665 otiicium
2300 5622 2406 5665 erat
2426 5606 2501 5665 sat
2538 5615 2826 5678 frequenter
2864 5620 3203 5678 memoratum,
3247 5612 3443 5678 egimus
3462 5609 3518 5678 io_
3534 5606 3654 5678 ﬁdit.

2070 5678 2315 5728 Athanasii
2349 5692 2397 5740 p.
2427 5678 2533 5740 190.
2558 5669 2738 5727 Cui-iosi
2765 5682 2906 5725 erant
2928 5677 2960 5740 ii
2981 5675 3160 5740 quibus
3196 5669 3312 5740 cura
3344 5669 3660 5740 incumbebat

2068 5740 2265 5789 crimina
2290 5734 2601 5802 et'quaelibet
2618 5747 2898 5802 perpetrata
2920 5734 3127 5802 facinora
3150 5734 3423 5802 indagandi.
3440 5742 3659 5801 reosque

2072 5802 2131 5853 ad
2154 5795 2493 5864 Imperatorem
2516 5795 2770 5852 deferendi
2793 5814 2849 5852 ac
2869 5798 3201 5851 denuntiandi.
3222 5795 3286 5847 tbi
3312 5795 3421 5847 vide
3437 5795 3524 5842 sis.
