4030 6206
372 216 469 272 53!

371 328 717 388 καλεσάντων
761 326 922 399 ἡμῶν
960 325 1054 378 καὶ
1086 323 1252 379 αὐτὸν
1276 338 1300 366 ι
1339 326 1430 379 καὶ
1465 327 1589 390 τοὺς
1622 324 1739 396 μετ’
1767 323 1933 379 αὐτοῦ

367 411 843 486 παραγενομένους
865 408 995 480 παρ’
1009 411 1142 479 ἡμῖν
1162 408 1502 480 καταχθῆναι
1521 408 1759 480 (καὶγὰρ
1776 407 1949 463 ἀπαν-

365 516 433 551 τα
456 495 811 570 ηὐτρέπιστο,
837 495 929 547 καὶ
943 492 1281 561 καταγώγια,
1311 494 1405 545 καὶ
1435 494 1535 547 ὅσα
1553 493 1698 556 εἰκὸς
1718 490 1804 563 ἦν)
1827 491 1950 544 οὐτε

364 583 586 637 ἐκεῖνοι.
612 578 736 632 οὐτε
766 577 927 641 αὐτὸς
958 576 1236 646 ἠνέσχετο.
1279 575 1463 630 Ταῦτα
1495 575 1732 648 δρῶντες
1769 577 1947 647 ἡμεῖς,

364 668 459 720 καὶ
485 668 546 718 ἐν
587 664 795 735 ἀπορίᾳ
845 658 988 734 ἦμεν
1036 662 1227 733 πολλῇ,
1271 662 1406 732 μηδέ
1440 661 1538 732 τὴν
1584 661 1762 715 αἰτίαν
1795 660 1952 714 δυνά-

367 767 518 820 μενοι
554 749 656 818 τῆς
691 746 878 801 ἀδίκου
931 745 1186 817 ταύτηςδ
1235 745 1533 816 ἀπεχθείας
1576 746 1784 815 εὑρεῖν·
1831 743 1948 796 ἀλλ’

363 832 510 901 ὅμως
543 831 616 884 τὰ
655 830 784 902 παρ’
826 829 1034 883 ἑαυτῶν
1067 828 1435 900 ἐπληροῦμεν,
1467 829 1527 881 τὸ
1575 827 1784 898 πρέπον
1816 827 1949 898 ἡμῖν

363 916 550 976 αὐτοῖς
584 913 889 975 ποιοῦντες,
915 911 1012 964 καὶ
1047 910 1290 982 συνεχῶς
1317 911 1480 963 αὐτὸν
1503 909 1949 981 παρακαλοῦντες

363 997 728 1067 συγγενέσθαι
751 1013 813 1048 τε
845 999 999 1066 ἡμῖν,
1025 995 1118 1049 καὶ
1145 997 1341 1059 εἰπεῖν,
1366 995 1514 1058 τίνος
1547 994 1733 1047 ἕνεκεν
1762 993 1948 1047 τοσοῦ-

364 1099 454 1136 τον
481 1083 546 1133 ἐκ
588 1079 890 1151 προοιμίων
922 1078 1243 1150 ἀνερρίπισε
1293 1077 1547 1147 πόλεμον,
1578 1077 1669 1130 καὶ
1691 1076 1948 1147 τηλικαύ-

363 1182 459 1235 την
503 1162 822 1216 διεσκέδασε
870 1162 1044 1216 πόλιν.
1101 1162 1187 1225 Ὠς
1232 1161 1289 1214 δέ
1321 1161 1441 1214 οὐδὲ
1485 1160 1646 1224 αὐτὸς
1689 1159 1948 1230 ἠϐούλετο

366 1245 541 1315 λέγειν
568 1246 669 1316 τὴν
697 1245 900 1307 αἰτίαν,
943 1245 998 1297 οῖ
1032 1259 1092 1296 τε
1130 1242 1569 1314 κατηγοροῦντες
1607 1241 1772 1295 αὐτοῦ
1817 1243 1946 1296 ἐπέ-

363 1347 564 1394 κειντο,
593 1329 832 1391 καλέσας
860 1329 1010 1398 ἡμᾶς
1037 1329 1064 1380 ὁ
1092 1327 1484 1391 εὐσεϐέστατος
1520 1326 1794 1397 βασιλεὺς,
1826 1326 1945 1380 ἐκέ-

362 1412 518 1464 λευσε
559 1411 735 1482 πέραν
765 1411 893 1464 ἔνθα
939 1410 1210 1482 διέτριϐεν
1235 1423 1258 1450 ο
1294 1411 1535 1477 ἀπιέναι,
1564 1409 1658 1464 καὶ
1687 1410 1786 1481 τῆς
1826 1409 1945 1463 κατ’

360 1494 528 1548 αὐτοῦ
557 1493 780 1547 ἀκούειν
809 1493 1141 1557 ὑποθέσεως.
1175 1494 1288 1547 Καὶ
1329 1492 1438 1565 γάρ
1468 1493 1563 1546 καὶ
1600 1493 1808 1561 ἔφοδον,
1855 1494 1948 1546 καὶ

362 1584 602 1648 σφαγὰς,
629 1577 722 1631 καὶ
751 1578 914 1650 ’έτερα
949 1578 1241 1630 ἐνεκάλουν
1279 1578 1452 1648 μυρία
1471 1595 1486 1610 ο
1523 1577 1639 1631 ἀλλ’
1667 1580 1828 1648 ἡμεῖς
1855 1577 1947 1631 καὶ

361 1663 486 1725 τοὺς
524 1661 722 1732 νόμους
769 1659 875 1713 τῶν
923 1660 1182 1732 πατέρων
1230 1659 1452 1723 εἰδότες,
1495 1661 1590 1714 καὶ
1638 1661 1728 1713 τὸν
1779 1658 1947 1730 ἀνδρα

362 1745 672 1816 αἰδούμενοι
698 1745 793 1798 καὶ
825 1743 1117 1814 τιμῶντες,
1148 1744 1243 1796 καὶ
1272 1742 1434 1796 αὐτοῦ
1457 1743 1516 1797 δέ
1549 1743 1619 1798 τά
1643 1743 1947 1814 γράμματα

363 1829 579 1899 εχοντες
618 1827 687 1880 τά
721 1823 987 1898 δηλοῦντα
1037 1826 1112 1897 μὴ
1151 1825 1262 1880 δεῖν
1328 1825 1652 1898 ὑπερορίους
1697 1824 1947 1878 ἕλκεσθαι

362 1912 462 1975 τάς
495 1912 668 1974 δίκας,
698 1911 816 1963 ἀλλ’
841 1913 899 1964 ἐν
937 1912 1059 1972 ταῖς
1099 1908 1394 1980 ἐπαρχίαις
1425 1910 1496 1962 τά
1539 1909 1648 1963 τῶν
1670 1907 1949 1980 ἐπαρχιῶν

364 1993 771 2065 γυμνάζεσθαι,
817 1993 879 2046 οὐ
917 1991 1330 2062 κατεδεξάμεθα
1375 1991 1626 2056 δικάσαι,
1670 1990 1808 2045 ἀλλά
1855 1990 1950 2044 καὶ

368 2076 511 2148 μετά
555 2077 756 2148 πολλῆς
803 2076 1244 2148 παρῃτησάμεθα
1302 2077 1404 2148 τῆς
1459 2075 1840 2148 σφοδρότητος.
1891 2074 1950 2128 Ὀ

361 2161 421 2214 δὲ
447 2160 634 2234 ῶσπερ
663 2163 778 2223 τοῖς
809 2159 1102 2232 προτέροις
1133 2159 1632 2230 ἐπαγωνιζόμενος,
1661 2159 1754 2212 τὸν
1789 2160 1947 2230 ἀρχι-

361 2244 608 2298 διάκονον
667 2243 904 2306 καλέσας
945 2242 1040 2296 τὸν
1091 2242 1248 2314 ἐμὸν,
1291 2243 1348 2308 ἐξ
1387 2242 1672 2306 αὐθεντίας
1724 2242 1947 2312 πολλῆς,

362 2328 553 2398 ῶσπερ
599 2327 702 2399 ἡδη
758 2325 1103 2398 χηρευούσης
1148 2325 1250 2396 τῆς
1297 2325 1651 2396 Ἑκκλησίας,
1703 2325 1800 2378 καὶ
1849 2324 1949 2378 οὐκ

361 2413 595 2482 ἐχούσης
643 2411 966 2474 ἐπίσκοπον,
1007 2409 1076 2464 δι’
1119 2409 1328 2464 ἐκείνου
1361 2409 1452 2464 τὸν
1501 2409 1699 2480 κλῆρον
1733 2407 1951 2462 ἅπαντα

364 2495 500 2565 πρὸς
525 2495 722 2548 ἑαυτὸν
762 2495 1065 2565 μετέστησε
1086 2511 1100 2524 ο
1136 2493 1230 2546 καὶ
1254 2494 1548 2546 ἀνάστατοι
1582 2493 1639 2545 αἱ
1665 2491 1950 2562 ἐκκλησίαι

366 2577 630 2647 ἐγένοντο,
667 2578 1035 2648 ἀπαγομένων
1066 2577 1178 2630 τῶν
1207 2578 1266 2629 ἐν
1302 2576 1508 2650 ἑκάστῃ
1534 2575 1831 2646 κληρικῶν,
1858 2576 1952 2628 καὶ

364 2661 937 2732 παρασκευαζομένων
994 2659 1142 2732 [517]
1185 2659 1466 2722 λιϐέλλους
1525 2657 1779 2712 διδόναιά
1828 2657 1950 2712 καθ’*

361 2745 544 2816 ἡμῶν,
573 2746 666 2798 καὶ
691 2746 827 2818 πρὸς
853 2744 1190 2816 κατηγορίαν
1218 2741 1614 2812 ἀλειφομένων.
1641 2740 1753 2796 Καὶ
1777 2740 1950 2796 ταῦτα

363 2829 600 2900 ποιήσας
631 2829 868 2898 ἔπεμπε,
913 2829 1008 2880 καὶ
1046 2827 1229 2880 ἐκάλει
1271 2827 1421 2896 ἡμᾶς
1455 2827 1537 2889 εἰς
1579 2826 1947 2896 δικαστήριον,

365 2911 593 2982 μηδέπω
641 2911 741 2974 τάς
793 2910 914 2964 καθ’
966 2908 1161 2965 ἐαυτοῦ
1213 2909 1623 2980 ἀποδυσάμενος
1677 2908 1876 2971 αἰτίας,
1923 2907 1952 2960 ὃ

363 2994 602 3064 μάλιστα
632 2994 728 3047 καὶ
761 2993 916 3066 παρὰ
968 2992 1204 3056 κανόνας
1237 2993 1330 3046 καὶ
1384 2991 1534 3063 παρά
1585 2992 1793 3055 πάντας
1824 2991 1952 3053 τοὺς

363 3077 561 3148 νόμους
591 3073 681 3148 ἦν.

431 3159 502 3230 β’.
555 3158 686 3211 AD.’
713 3158 875 3230 ἡμεῖς
906 3157 1206 3221 συνειδότες
1234 3157 1316 3211 ὅτι
1346 3158 1408 3210 οὐ
1441 3157 1577 3228 πρὸς
1602 3157 1952 3228 δικαστήριον

356 3238 676 3314 ἀφικόμεθα
701 3240 755 3311 (ἢ
789 3240 898 3311 γάρ
922 3240 989 3296 ἀν
1009 3238 1266 3309 μυριάκις
1283 3239 1694 3309 παρεγενόμεθα
1713 3239 1785 3311 ο),
1816 3239 1953 3293 ἀλλά

362 3323 500 3391 πρὸς
535 3324 728 3394 ἐχθρὸν
780 3324 875 3378 καὶ
908 3323 1190 3393 πολέμιον,
1239 3321 1494 3394 καθάπερ
1524 3322 1595 3375 τά
1640 3340 1699 3376 τε
1745 3323 1952 3394 ἐμπρο-

365 3406 491 3460 σθεν
528 3408 874 3478 γεγενημένα
899 3407 993 3459 καί
1024 3405 1095 3459 τά
1121 3405 1260 3476 μετά
1283 3401 1455 3457 ταῦτα
1492 3405 1782 3476 ἐδήλωσεν,
1815 3407 1951 3459 ἀπε-

364 3491 678 3561 στάλκαμεν
711 3491 849 3561 πρὸς
886 3489 1049 3543 αὐτὸν
1084 3489 1442 3553 ἐπισκόπους,
1471 3486 1562 3540 τὸν
1605 3489 1950 3552 Πισινοῦντος

362 3574 696 3644 Δημήτριον,
745 3573 838 3626 τὸν
903 3572 1210 3642 Ἀπαμείας
1251 3570 1535 3636 Εὐλύσιον,
1583 3571 1675 3624 τὸν
1720 3572 1951 3625 Ἀππια-

364 3655 486 3727 ρίας
534 3654 882 3718 Λουπίκινον,
934 3653 1340 3726 πρεσϐυτέρους
1381 3654 1473 3718 δὲ,
1540 3654 1817 3724 Γερμανδν
1857 3656 1950 3710 καὶ

363 3739 623 3808 Σευῆρον,
646 3738 784 3806 μετά
795 3739 894 3808 τῆς
907 3737 1293 3809 προσηκούσης
1325 3739 1458 3807 ἡμῖν
1481 3737 1782 3800 ἐπιεικείας
1810 3740 1948 3792 ἀποι-

363 3821 707 3892 κρινόμενοι,
753 3821 847 3874 καὶ
878 3821 1126 3890 λέγοντες
1165 3819 1240 3891 μὴ
1262 3819 1643 3890 παραιτεῖσθαι
1691 3820 1870 3890 κρίσιν
1900 3819 1946 3887 τ,

360 3903 480 3957 ἀλλ’
504 3903 699 3974 ἐχθρὸν
733 3904 1000 3976 πρόδηλον
1031 3905 1127 3957 καὶ
1171 3901 1431 3972 πολέμιον
1464 3902 1717 3973 φανερόν.
1752 3903 1810 3955 '0
1841 3901 1950 3975 γάρ

364 3985 594 4056 μηδέπω
634 3986 910 4051 λιϐέλλους
947 3985 1263 4057 δεξάμενος,
1293 3986 1386 4039 καὶ
1417 3985 1639 4038 τοιαῦτα
1671 3987 1734 4039 ἐκ
1767 4003 1952 4054 προοι-

365 4070 507 4140 μίων
543 4072 806 4141 ποιήσας,
856 4071 952 4125 καὶ
1001 4068 1322 4142 ἀπορρήξας
1370 4067 1561 4123 ἐαυτὸν
1597 4067 1946 4140 Ἐκκλησίας,

361 4153 670 4216 κοινωνίας,
701 4153 886 4224 εὐχῆς,
911 4153 1007 4207 καὶ
1039 4151 1379 4222 κατηγόρους
1411 4150 1670 4220 ἀλείφων,
1699 4153 1793 4205 καὶ
1826 4153 1953 4222 κλῆ-

362 4253 462 4308 ρον
493 4235 770 4306 μεθιστὰς,
815 4236 910 4290 καὶ
943 4235 1237 4304 ἐκκλησίαν
1267 4233 1522 4306 ἐρημῶνο
1557 4235 1673 4298 πῶς
1712 4235 1778 4290 ἀν
1874 4236 1951 4288 δί-

361 4335 517 4382 καιος
554 4320 647 4371 ἐπὶ
678 4319 769 4372 τὸν
792 4320 885 4372 τοῦ
927 4320 1182 4374 δικαστοῦ
1211 4319 1401 4390 θρόνον
1431 4318 1750 4373 ἀναϐαίνειν
1780 4319 1948 4372 οὐδα-

363 4401 529 4471 μόθεν
575 4401 727 4472 αὐτῷ
765 4405 1145 4475 προσήκοντα;
1177 4403 1314 4456 Οὐδὲ
1347 4401 1456 4472 γὰρ
1501 4402 1793 4455 ἀκόλουθόν
1835 4405 1948 4457 ἐστι

359 4487 455 4538 τον
480 4485 537 4551 ἐξ
567 4487 846 4554 Αἰγύπτου
876 4488 1001 4549 τοὺς
1031 4489 1087 4541 ἐν
1113 4487 1305 4558 Θρᾴκῃ
1345 4484 1608 4549 δικάζειν,
1639 4487 1733 4540 καὶ
1761 4487 1948 4541 τοῦτον

363 4567 670 4622 ὑπεύθυνον
709 4570 888 4633 αἰτίας
921 4570 1068 4636 ὄντα,
1109 4570 1206 4624 καὶ
1252 4568 1444 4640 ἐχθρὸν
1474 4571 1498 4609 8
1531 4571 1625 4622 καὶ
1670 4569 1945 4642 πολέμιον.

427 4769 455 4798 ⁸
478 4768 596 4820 Cod.
645 4768 973 4818 Colsﬁniauus
996 4773 1049 4815 et
1085 4767 1209 4822 B92.
1238 4779 1363 4814 unus
1411 4765 1622 4820 καὶτοὺς
1658 4765 1946 4825 μετ’γαύτοῦ,

359 4830 554 4892 Fabric.
581 4832 660 4878 καὶ
684 4830 794 4885 τούς
811 4831 926 4892 πρὸς
950 4830 1106 4877 αὐτόν.
1133 4830 1260 4878 Edil.
1286 4830 1367 4876 καὶ
1387 4828 1497 4883 τούς
1520 4827 1610 4890 πρὸ
1634 4824 1799 4874 αὐτοῦ.

424 4891 453 4931 Ι)
479 4891 585 4940 Duo
605 4905 718 4939 mss.
741 4891 913 4949 ταύτης
937 4892 1115 4953 ἔχθρας.

425 4957 452 4985 ο
480 4953 615 5014 Unus
640 4967 728 5001 ms.
753 4945 910 5014 πέραν
927 4945 1047 5000 ὀποῦ
1086 4952 1328 5012 διέτριϐεν.
1368 4949 1498 5014 Ibid.
1521 4945 1718 5014 Colslin.
1738 4949 1948 5014 rﬁqAxajr’

357 5013 743 5088 αὐτοῦζ.ς)ωῐιςε
765 5010 896 5088 péqe
933 5014 1044 5061 Mss.
1067 5010 1214 5088 πέραν
1235 5013 1342 5060 ἔνθα
1363 5011 1588 5079 διέτριϐεν
1609 5015 1694 5088 τῇς
1732 5010 1837 5056 κατ’
1860 5010 1949 5056 αὑ-

357 5078 463 5131 τὸν,
488 5074 570 5124 alii
598 5077 705 5123 κατ’
729 5074 893 5132 αὐτοῦ,
921 5089 1065 5136 quam
1093 5074 1438 5136 léclionemgx
1458 5074 1948 5136 copjccturqupof

357 5129 463 5200 suit
491 5138 673 5186 Fronto
693 5129 1064 5200 Duqmuskgila
1090 5129 1699 5200 lggissqvidelur‘jnlerp.
1729 5129 1947 5200 Εᾱηκαβ

357 5199 532 5308 αὐτῇ,
580 5202 752 5308 ῗὶαιιιε
790 5192 917 5260 legit
964 5192 1229 5246 Palladi'us.
1276 5195 1332 5244 ln
1376 5192 1602 5244 omnibus
1649 5192 1755 5241 fere
1811 5193 1948 5241 ἀπιέ-

357 5275 437 5307 ναι
493 5273 577 5308 89$
606 5297 616 5307 .

356 5275 437 5307 ναι
458 5266 616 5309 deest.

423 5322 454 5360 ό
477 5321 708 5368 ῡυοωσε.
732 5321 972 5374 λιϐέλλους
996 5318 1267 5367 ἐπιδιδόναι.

427 5386 454 5446 ξ’
482 5381 533 5430 In
560 5380 716 5430 Edilis
736 5382 859 5440 hasc,
882 5383 912 5437 ἢ
934 5383 1023 5444 γὰρ
1046 5381 1101 5446 ὄιν
1125 5380 1339 5446 μυριάκις
1359 5377 1725 5446 παρεγενόμεθα,
1749 5375 1944 5446 ἀεξιῃῃ.

356 5443 492 5495 Infra
531 5456 648 5491 mss.
672 5456 803 5495 pene
825 5437 1010 5490 dmnés'
1033 5437 1465 5495 τὸνῚΙὶσινοῦντος.
1495 5437 1622 5488 Ibid.
1648 5451 1775 5486 unus
1795 5437 1948 5484 Εὐλύ-

357 5523 486 5563 σιον,
510 5511 563 5553 ει
583 5498 698 5553 ibid.
729 5516 902 5553 omnes
929 5503 1240 5563 Λουπίκινον,
1265 5515 1377 5563 quas
1405 5515 1518 5551 vera
1539 5507 1613 5549 cst
1639 5498 1807 5547 lectio.
1836 5498 1948 5547 Pal-

356 5566 522 5617 lzdius
541 5565 906 5614 Λουππικιανὸν.

433 5628 453 5666 ί
483 5630 591 5677 Duo
615 5640 728 5674 mss.
757 5628 820 5689 μὴ
843 5624 1169 5689 παραιτεῖσθαι
1191 5625 1450 5689 κριτήριον.

425 5693 454 5732 ⁸
480 5690 588 5740 Ι.)υο
610 5701 726 5738 mss.
759 5683 855 5736 ’κᾶν
893 5683 1144 5735 ὗπεύθυνον
1186 5683 1490 5736 αίτιάσωνται
1530 5684 1606 5735 καὶ
1633 5683 1811 5748 ἐχθρόν,
1833 5695 1946 5745 qua:

1828 205 2214 264 EPISTOLIE.

3529 202 3631 258 5:2

2073 333 2210 386 Ἀλλ’
2235 333 2382 405 ὅμως
2418 332 2570 387 οὐδὲν
2612 332 2911 398 αἰδεσθεὶς,
2955 330 3091 384 ἀλλά
3142 329 3285 398 ἅπερ
3319 329 3638 400 βεϐούλευτο

2058 416 2164 488 πλη
2173 415 2726 488 ρῶσαιέπειγόμενος,
2751 416 2905 486 ἡμῶν
2928 414 3305 486 δηλωσάντων,
3324 415 3406 467 ὅτι
3430 413 3636 484 ἐτοιμοί

2057 501 2224 570 ἐσμεν
2257 500 2351 552 καὶ
2395 499 2586 553 ἑκατὸν
2639 499 2731 552 καὶ
2777 499 2961 569 χιλίων
3005 497 3322 550 ἐπισκόπων
3354 497 3637 568 παρόντων

2055 581 2425 635 ἀποδύσασθαι
2457 583 2524 636 τὰ
2561 582 2905 653 ἐγκλήματα,
2939 581 3033 634 καὶ
3061 580 3232 644 δεῖξαι
3259 579 3418 645 ὄντας
3469 580 3637 635 καθα-

2059 667 2184 736 ροὺς
2219 667 2465 732 ἑαυτοὺς,
2493 665 2681 737 ὥσπερ
2720 662 2811 719 οὖν
2843 666 2938 718 καὶ
2981 663 3170 734 ἐσμὲν,
3202 663 3302 716 οὐκ
3335 663 3596 734 ἠνέσχετο
3618 681 3632 696 ο

2055 749 2190 802 ἀλλά
2223 749 2477 803 ἀπόντων
2523 751 2703 820 ἡμῶν,
2757 749 2853 802 καὶ
2904 748 3120 801 σύνοδον
3169 745 3636 817 ἐπικαλουμένων,

2055 833 2147 885 καὶ
2181 833 2362 904 κρίσιν
2391 831 2812 902 ἐπιζητούντων,
2854 832 2948 884 καὶ
2984 832 3084 884 οὐκ
3116 831 3382 901 ἀκρόασιν
3411 831 3642 900 φευγόν-

2053 932 2182 979 των,
2225 915 2340 969 ἀλλ’
2369 915 2662 986 ἀπέχθειαν
2711 915 2969 986 φανερὰν,
3014 916 3105 968 καὶ
3142 914 3482 985 κατηγόρους
3525 913 3641 967 ἐδέ-

2053 1016 2198 1069 χετο,
2241 1001 2336 1054 καὶ
2375 1001 2500 1064 τοὺς
2543 1001 2666 1070 παρ’
2708 998 2844 1070 ἐμοῦ
2879 998 3203 1066 γενομένους
3238 998 3640 1068 ἀκοινωνὴτους

2055 1080 2174 1135 ἐλυε
2197 1083 2246 1150 Ιι,
2277 1083 2371 1136 καὶ
2393 1083 2521 1154 παρ’
2551 1082 2722 1137 αὐτῶν
2743 1081 2966 1135 ἐκείνων
2989 1081 3200 1133 οὐδέπω
3221 1080 3288 1134 τὰ
3313 1079 3636 1150 ἐγκλήματα

2052 1168 2478 1238 ἀποδυσαμένων
2508 1167 2782 1230 λιϐέλλους
2808 1166 3100 1236 ἐλάμϐανε,
3134 1165 3226 1218 καὶ
3265 1164 3636 1235 ὑπομνήματα

2053 1251 2312 1322 ἔπραττε,
2363 1252 2505 1322 ειπερ
2556 1253 2771 1307 ἅπαντα
2807 1250 2960 1322 παρά
3011 1248 3209 1320 θεσμὸν
3256 1249 3347 1302 καὶ
3394 1248 3637 1303 κανόνων

2053 1334 2372 1388 ἀκολουθίαν
2409 1330 2497 1405 ἧν.
2524 1335 2588 1387 Τί
2621 1335 2675 1387 δὲ
2709 1334 2788 1388 δεῖ
2817 1332 2988 1387 πολλὰ
3015 1331 3223 1400 λέγειν;
3269 1332 3384 1384 υύκ
3421 1331 3634 1402 ἀπέστη

2053 1418 2232 1472 πάντα
2264 1418 2466 1484 ποιῶν;
2494 1417 2590 1472 καὶ
2619 1416 3162 1488 πραγματευόμενος,
3186 1415 3290 1478 ’έως
3317 1415 3464 1484 ἡμᾶς
3499 1414 3638 1484 μετά

2052 1501 2370 1566 δυναστείας
2397 1501 2492 1555 καὶ
2525 1500 2813 1563 αὐθεντίας
2849 1499 3031 1568 πάσης
3064 1497 3280 1566 καὶτῆς
3313 1496 3522 1561 πόλεως
3546 1499 3640 1552 καὶ

2052 1587 2151 1656 τῆς
2205 1585 2497 1656 ἐκκλησίας
2548 1584 2790 1651 ἐξέϐαλε,
2826 1583 2918 1637 καὶ
2951 1583 3086 1654 πρὸς
3113 1581 3352 1652 ἑσπέραν
3395 1581 3637 1651 βαθεῖαν,

2051 1669 2148 1722 τοῦ
2195 1669 2366 1740 δήμου
2428 1669 2630 1731 παντὸς
2671 1671 2804 1738 ἡμῖν
2850 1666 3268 1738 ἐπισυρομένου.
3318 1665 3638 1736 Ἐλκόμενος

2055 1754 2159 1806 ὑπὸ
2197 1753 2290 1805 τοῦ
2334 1751 2636 1824 κουριώσου
2674 1754 2774 1821 τῆς
2818 1751 3023 1814 πόλεως
3061 1752 3119 1803 ἐν
3156 1750 3295 1821 μέσῃ
3341 1752 3408 1820 τῇ
3461 1750 3634 1815 πόλει,

2053 1835 2148 1888 καὶ⁹
2218 1834 2352 1906 πρὸς
2421 1834 2544 1904 βίαν
2618 1835 2916 1905 συρόμενος
2984 1834 3335 1904 κατηγόμην,
3403 1835 3498 1888 καὶ
3558 1835 3638 1899 είς

2054 1917 2238 1970 πλοῖον
2269 1917 2657 1988 ἐνεϐαλλόμην,
2691 1917 2787 1970 καὶ
2831 1917 2920 1970 διὰ
2962 1917 3158 1980 νυκτὸς
3201 1915 3413 1983 ἔπλεον,
3448 1918 3638 1990 ἐπειδὴ

2055 2001 2270 2072 σύνοδον
2305 2001 2440 2072 πρὸς
2480 2000 2698 2054 δικαίαν
2738 2001 3007 2071 ἀκρόασιν
3033 1999 3496 2074 προεκαλούμην.
3541 2000 3638 2065 Τίς

2053 2086 2226 2140 ταῦτα
2259 2074 2553 2156 ἀδακρυτὶ,
2601 2083 2704 2137 κάν
2736 2083 2946 2154 λιθίνην
2979 2082 3077 2154 ἔχῃ
3122 2082 3348 2154 καρδίαν
3385 2085 3429 2150 ί,
3469 2083 3638 2138 ἀκού-

2057 2187 2199 2224 σειεν
2220 2185 2234 2233 ;

2138 2251 2278 2306 Ἀλλ’
2315 2252 2527 2323 ἐπειδὴ,
2581 2250 2832 2322 καθάπερ
2879 2249 3050 2320 ἔφθην
3089 2248 3278 2310 εἰπὼν,
3313 2250 3373 2302 οὐ
3423 2250 3639 2323 θρηνεῖν

2060 2335 2221 2407 μόνον
2256 2334 2328 2388 τά
2367 2335 2556 2398 κακῶς
2602 2334 2886 2404 γινόμενα,
2927 2332 3064 2386 ἀλλά
3105 2333 3199 2386 καὶ
3242 2333 3487 2404 διορθοῦν
3525 2335 3637 2400 δεῖ,

2058 2418 2363 2490 παρακαλῶ
2403 2419 2502 2490 τὴν
2543 2419 2816 2490 ὑμετέραν
2844 2416 3064 2487 ἀγάπην
3112 2417 3497 2488 διαναστῆναι,
3547 2419 3643 2472 καὶ

2058 2504 2413 2574 συναλγῆσαι,
2453 2503 2548 2556 καὶ
2579 2503 2756 2556 πάντα
2803 2501 3045 2570 ποιῆσαι,
3078 2499 3218 2553 ὥστε
3253 2500 3442 2570 στῆναι
3470 2500 3642 2573 ταύτῃ

2056 2587 2126 2639 τὰ
2153 2587 2319 2641 κακά.
2349 2586 2484 2639 Οὐδὲ
2513 2585 2624 2657 γὰρ
2655 2584 2890 2638 ἐνταῦθα
2933 2589 3000 2637 τὰ
3030 2585 3125 2654 τῆς
3165 2584 3511 2655 παρανομίας
3545 2585 3644 2637 αὐ-

2056 2673 2168 2733 τοῖς
2201 2669 2515 2733 κατέλυσεν,
2565 2667 2701 2721 ἀλλὰ
2735 2668 2830 2720 καὶ
2885 2667 3026 2738 μετά
3073 2666 3247 2720 ταῦτα
3299 2669 3412 2730 τοῖς
3448 2668 3644 2740 προτέ-

2061 2771 2173 2825 ροις
2211 2753 2567 2807 ἐπαποδύετο.
2623 2751 2841 2822 Ἐπειδὴ
2889 2751 2996 2821 γὰρ
3033 2752 3062 2804 ό
3107 2750 3495 2814 εὐσεϐέστατος
3545 2751 3642 2822 βα-

2059 2838 2238 2901 σιλεὺς
2290 2833 2438 2909 [318]
2497 2834 2941 2907 ἐπιπηδήσαντας
2992 2835 3190 2898 αὐτοὺς
3246 2839 3311 2907 τῇ
3377 2837 3635 2910 ἐκκλησίᾳ

2057 2921 2428 2992 ἀναισχύντως
2455 2919 2698 2985 ἐξέϐαλε,
2734 2920 2828 2973 καὶ
2863 2918 3048 2973 πολλοὶ
3074 2920 3184 2973 τῶν
3218 2921 3502 2991 παρόντων
3531 2923 3643 2974 ἐπι-

2059 3005 2276 3058 σκόπων
2318 3003 2515 3066 ἰδόντες
2545 3003 2726 3057 αὐτῶν
2755 3002 2856 3074 τὴν
2896 3003 3266 3075 παρανομίαν,
3311 3005 3392 3067 είς
3419 3005 3518 3068 τὰς
3547 3005 3642 3058 αὐ-

2055 3086 2166 3140 τῶν
2193 3085 2206 3136 i
2249 3086 2622 3158 ἀνεχώρησαν,
2655 3087 2755 3159 τὴν
2802 3087 2986 3156 ἔφοδον
3031 3086 3213 3140 αὐτῶν
3244 3085 3431 3158 ὥσπερ
3463 3086 3643 3159 πυράν

2057 3187 2180 3223 τινα
2253 3170 2432 3224 πάντα
2485 3169 2886 3240 ἐπινεμομένην
2941 3169 3269 3238 φεύγοντες,
3321 3173 3485 3242 ἡμεῖς
3541 3172 3640 3242 μὲν

2057 3254 2220 3308 πάλιν
2261 3257 2341 3318 είς
2380 3254 2479 3324 τὴν
2526 3255 2679 3306 πόλιν
2714 3253 3086 3324 ἐκαλούμεοα,
3131 3254 3225 3306 καὶ
3257 3255 3338 3318 είς
3390 3253 3490 3325 τὴν
3550 3256 3644 3309 ἐκ-

2056 3337 2307 3407 κλησίαν,
2332 3333 2399 3408 ἦς
2423 3337 2623 3401 ἀδίκως
2646 3336 3040 3406 ἐξεϐλήθημεν,
3072 3337 3384 3390 ἐπισκόπων
3413 3355 3470 3391 τε
3494 3341 3643 3409 ἡμᾶς

2057 3421 2383 3492 πλειόνωνῆ
2437 3421 2731 3492 τριάκοντα
2772 3420 3123 3488 εἰσαγόντων,
3168 3422 3262 3474 καὶ
3307 3420 3401 3474 τοῦ
3461 3421 3643 3490 θεοφι-

2055 3504 2313 3557 λεστάτου
2351 3503 2615 3573 βασιλέως
2665 3503 2912 3574 νοτάριον
2953 3506 3034 3566 είς
3081 3503 3243 3557 τοῦτο
3285 3505 3641 3558 ἀποστείλαν-

2056 3605 2166 3651 τος,
2219 3589 2425 3650 ἐκεῖνος
2455 3585 2513 3638 δέ
2546 3586 2940 3657 ἐδραπέτευσεν
2974 3586 3197 3650 εὐθέως.
3253 3587 3412 3651 Τίνος
3455 3587 3643 3643 ἕνεκεν

2057 3672 2152 3725 καὶ
2183 3670 2271 3724 διὰ
2298 3669 2384 3735 τί;
2414 3669 2690 3732 Είσιόντες
2725 3669 3142 3740 παρεκαλοῦμεν
3176 3669 3266 3722 τὸν
3296 3668 3648 3737 θεοφιλέστα-

2055 3772 2146 3808 τον
2176 3754 2431 3825 βασιλέα,
2475 3753 2691 3806 σύνοδον
2733 3754 3059 3819 συναγαγεῖν
3112 3753 3192 3814 εἰς
3244 3751 3486 3805 ἐκδικίαν
3531 3753 3642 3806 τῶν

2057 3839 2457 3910 γεγενημένων.
2502 3836 2764 3900 Συνειδὼς
2788 3837 2967 3889 τοίνυν
3001 3835 3147 3902 ἆπερ
3173 3833 3386 3904 ἔδρασε,
3423 3837 3517 3888 καὶ
3547 3837 3640 3892 τὸν

2057 3922 2278 3992 ἔλεγχον
2311 3919 2582 3986 δεδοικὼς,
2611 3919 2704 3972 καὶ
2735 3917 3081 3989 γραμμάτων
3108 3916 3406 3986 βασιλικῶν
3435 3937 3637 3974 παντασι

2057 4006 2154 4077 χοῦ
2197 4004 2677 4076 διαπεμφθέντων,
2723 4001 2987 4055 πάντοθεν
3022 4001 3229 4064 πάντας
3275 4002 3638 4071 συναγόντων,

2056 4089 2232 4159 λάθρα
2279 4087 2456 4158 μέσων
2489 4084 2699 4139 νυκτῶν
2743 4086 2821 4148 εἰς
2851 4083 3074 4138 ἀκάτιον
3124 4083 3317 4138 ἑαυτὸν
3360 4084 3638 4156 ἐμϐαλὼν,

2055 4171 2228 4234 οὕτως
2291 4170 2504 4241 ἀπέδρα
2566 4169 2694 4235 τοὺς
2752 4169 2868 4239 μεθ’
2924 4165 3121 4220 ἐαυτοῦ
3175 4167 3382 4230 πάντας
3433 4165 3640 4237 ἐπαγό-

2059 4273 2241 4326 μενος.

2125 4339 2194 4407 γ’.
2242 4338 2380 4391 Ἀλλ’
2405 4339 2568 4408 ἡμεῖς
2592 4337 2713 4390 οὐδὲ
2733 4335 2905 4398 οὕτως
2930 4334 3058 4405 ἔστη
3067 4351 3189 4405 μεν,
3211 4332 3300 4386 διά
3329 4332 3389 4386 τὸ
3412 4333 3490 4404 τῷ
3515 4351 3637 4388 συν·

2056 4423 2216 4476 ειδότι
2259 4422 2481 4494 θαρρεῖν
2512 4420 2587 4490 τῷ
2610 4420 2876 4490 ἡμετέρῳ,
2905 4417 2973 4470 τὰ
3005 4417 3143 4471 αὐτά
3177 4417 3338 4470 πάλιν
3387 4434 3638 4488 παρακα-

2055 4506 2273 4568 λοῦντες
2299 4506 2390 4557 τὸν
2408 4504 2797 4557 εὐσεϐέστατον
2815 4500 3062 4572 βασιλέα.
3091 4501 3187 4562 Ὃς
3206 4499 3300 4552 καὶ
3319 4500 3638 4570 πρεπόντως

2054 4589 2221 4644 αὐτοῦ
2252 4588 2418 4642 ποιῶν
2456 4589 2522 4658 τῇ
2555 4585 2826 4657 εὐσεϐείᾳ,
2866 4585 3079 4654 ἔπεμψε
3109 4583 3247 4655 πρὸς
3279 4583 3442 4636 αὐτὸν
3473 4583 3635 4637 πάλιν

2055 4673 2235 4726 καλῶν
2264 4672 2427 4725 αὐτὸν
2461 4670 2521 4734 ἐξ
2549 4670 2846 4738 Αἰγύπτου,
2883 4669 2978 4722 καὶ
3004 4669 3129 4730 τοὺς
3154 4667 3273 4737 μετ’
3304 4666 3466 4720 αὐτοῦ
3503 4668 3638 4721 πάν-

2051 4775 2172 4822 τας,
2201 4756 2343 4809 ῶστε
2374 4753 2557 4807 δοῦναι
2583 4754 2739 4822 λόγον
2764 4753 2873 4805 τῶν
2897 4751 3299 4821 γεγενημένων,
3330 4751 3424 4803 καὶ
3453 4751 3527 4822 μὴ
3568 4752 3636 4805 τά

2054 4840 2257 4902 ἀδίκως
2287 4838 2309 4877 ι
2354 4837 2524 4899 οὕτως
2553 4838 2614 4888 ἐκ
2649 4836 2778 4904 μιᾶς
2826 4834 3038 4905 μοίρας,
3068 4833 3161 4886 καὶ
3199 4833 3445 4887 ἀπόντων
3479 4833 3636 4904 ἡμῶν

2053 4921 2409 4992 τολμηθέντα,
2454 4918 2546 4972 καὶ
2589 4919 2740 4988 παρά
2783 4917 3070 4980 τοσούτους
3110 4917 3359 4981 κανόνας,
3394 4917 3633 4988 νομίζειν

2053 5007 2245 5077 ἀρκεῖν
2266 5005 2345 5068 εἰς
2369 5001 2664 5070 ἀπολογίαν
2686 4999 2882 5071 ἐαυτῷ.
2908 5001 2966 5054 Ὀ
2985 4999 3041 5053 δὲ
3065 5000 3185 5054 οὐδὲ
3207 5000 3317 5054 τῶν
3341 5001 3635 5074 βασιλικῶν

2052 5188 2206 5240 lectio
2235 5192 2389 5238 tolum
2424 5189 2580 5235 mutat
2606 5196 2822 5234 sensum.
2863 5183 3113 5234 Palladius
3141 5185 3394 5235 ὑπεύθυνον
3421 5186 3536 5236 ὄντα
3559 5189 3635 5236 αἶ·

2052 5270 2366 5370 τωίνὸυὶὀεῐη
2405 5322 2523 5358 mss.
2571 5307 2914 5370 ἀκοινωνήτους
2947 5307 3100 5354 ἔλυσε.
3147 5307 3392 5356 Palladius
3412 5307 3492 5356 καὶ
3526 5309 3638 5367 τοὺς

2052 5367 2334 5440 παρ’ἐμοῦ.
2359 5371 2629 5440 δεδεμένους
2662 5369 2816 5417 ἔλυσε.
2859 5367 3012 5419 Paulo
3046 5377 3174 5432 post,
3215 5371 3452 5426 λιϐέλλους
3488 5370 3634 5434 ἐλάμ-

2054 5431 2182 5490 ϐανε.
2205 5431 2390 5483 libellos
2415 5431 2616 5490 accepit.

2123 5502 2137 5536 ἰ
2167 5496 2292 5544 Tres
2316 5508 2432 5543 mss.
2458 5495 2542 5554 ἔχῃ
2564 5494 2790 5543 διάνοιαν.

2121 5560 2136 5609 i
2171 5548 2679 5624 UnusAcumnPéigaQio
2698 5557 2764 5624 εἰς
2781 5555 2840 5624 τὰ
2863 5555 3059 5624 ἑαυτῷν.
3074 5553 3200 5605 Tres
3211 5567 3323 5604 mss.
3341 5553 3404 5609 είς
3422 5550 3500 5603 τὰς
3524 5548 3634 5594 ἑανο

2053 5623 2148 5669 τῶν
2167 5618 2410 5681 πατρίδας.
2438 5616 2567 5681 Ιίριιῇ
2583 5617 2757 5681 εἰςτὰς
2780 5617 2958 5666 ἑαυτῶν
2977 5615 3108 5679 ἀνεχ.

2119 5684 2144 5721 IK
2174 5679 2284 5730 1)υο
2302 5682 2382 5729 καὶ
2405 5679 2524 5743 μετά
2545 5679 2730 5736 ἀδικίας
