4030 6206
423 299 529 355 533

423 414 684 483 ἠνέσχετο
714 409 1078 483 γραμμάτων,
1118 408 1231 462 ἀλλ’
1263 407 1452 477 ἔμενεν
1483 402 1642 466 οἴκοι,
1696 400 1988 473 προϐαλλό-

430 511 588 565 μενος
621 493 808 547 στάσιν
842 492 935 546 τοῦ
964 493 1157 563 δήμου,
1195 492 1289 542 καὶ
1321 486 1555 557 σπουδὴν
1582 485 1809 555 ἄκαιρόν
1838 501 1999 537 τινων

425 575 586 636 δῆθεν
618 575 991 644 ἀντεχομένων
1011 571 1176 625 αὐτοῦ
1197 588 1211 602 ⁸
1254 570 1431 623 καίτοι
1462 586 1526 638 γε
1557 569 1665 639 πρὸ
1685 567 1793 620 τῶν
1818 582 1999 637 γραμ-

431 658 615 727 μάτων
645 657 754 709 τῶν
785 654 1078 726 βασιλικῶν
1129 653 1289 715 αὐτὸς
1312 644 1466 715 οὗτος
1498 653 1526 703 ό
1570 651 1742 720 δῆμος
1786 649 2003 719 μυρίαις

428 739 588 792 αὐτὸν
620 735 688 810 ἦν
731 737 934 801 πλύνας
966 737 1256 806 λοιδορίαις
1282 748 1330 787 ι.
1364 735 1503 787 Ἀλλ’
1543 734 1605 787 οὐ
1636 732 1807 785 ταῦτα
1846 747 2002 800 περι-

427 821 772 893 εργαζόμεθα
806 820 922 884 νῦν,
976 820 1090 874 ἀλλ’
1125 823 1300 873 ἐκεῖνο
1329 819 1497 884 δεῖξαι
1536 816 1887 887 βουλόμενοι,
1921 815 2004 867 ὅτι

428 904 751 975 κακουργῶν
791 903 1100 973 ἀπελήφθη,
1123 902 1297 955 ταῦτα
1349 903 1674 971 εἰρήκαμεν.
1704 899 1851 969 Πλὴν
1884 895 2005 950 ούδέ

432 988 569 1058 μετά
630 986 803 1040 ταῦτα
858 990 1018 1057 ἡμεῖς
1074 987 1459 1055 ἡσυχάσαμεν,
1513 983 1627 1036 ἀλλ’
1674 979 2007 1052 ἐπεκείμεθα

427 1069 702 1134 ἀξιοῦντες
740 1070 768 1109 ι)
812 1070 1157 1139 δικαστήριον
1203 1067 1454 1137 γενέσθαι
1504 1066 1643 1120 κατά
1673 1064 1864 1121 πεῦσιν
1915 1063 2009 1117 καὶ

428 1152 722 1222 ἀπόκρισιν
741 1168 757 1182 ο
789 1152 996 1221 ἕτοιμοι
1019 1152 1126 1221 γὰρ
1149 1146 1287 1203 εἶναι
1312 1150 1569 1220 ἐλέγομεν
1592 1148 1759 1214 δεῖξαι
1785 1144 2009 1208 ἑαυτούς

424 1250 486 1286 τε
515 1233 838 1297 ἀνευθύνους
869 1234 1048 1297 ὄντας,
1080 1233 1321 1297 ἐκείνους
1353 1233 1408 1286 δέ
1441 1233 1510 1286 τά
1541 1232 1744 1301 ἔσχατα
1774 1243 2012 1300 παρανο-

431 1320 730 1388 μήσαντας.
761 1317 872 1371 Καὶ
916 1318 1024 1387 γάρ
1066 1313 1207 1388 ἦσάν
1231 1334 1375 1380 τινες
1401 1315 1562 1387 Σύροι
1587 1314 1695 1369 τῶν
1735 1329 1867 1366 ποτε
1894 1309 2010 1383 μετ’

426 1401 593 1453 αὑτοῦ
643 1402 947 1471 παρόντων,
997 1401 1232 1455 ἐνταῦθα
1267 1399 1719 1469 ἀπολειφθέντες,
1771 1397 1821 1450 οἳ
1857 1397 2008 1467 κοινῇ

431 1482 549 1552 μετ’
572 1483 735 1536 αὑτοῦ
770 1494 792 1521 ο
832 1484 895 1535 τὸ
930 1486 1036 1536 πᾶν
1062 1484 1320 1556 ἔδρασαν·
1348 1485 1443 1537 καὶ
1479 1481 1776 1555 προσίεμεν
1805 1480 2010 1549 ἕτοιμοι

426 1565 766 1631 δικάζεσθαι,
789 1568 903 1637 καί
915 1566 1174 1631 πολλάκις
1202 1568 1599 1639 ὴνωχλήσαμεν
1622 1567 1764 1636 ὑπὲρ
1795 1563 2007 1626 τούτου,

427 1647 705 1712 ἀξιοῦντες
734 1649 804 1702 τά
844 1651 1215 1721 ὑπομνήματα
1241 1653 1374 1721 ήμῖν
1400 1650 1638 1721 δοθῆναι,
1668 1649 1702 1719 ἢ
1736 1646 2009 1709 λιϐέλλους

430 1732 776 1802 κατηγοριῶν
800 1772 816 1797 ,
867 1734 900 1803 ἢ
938 1733 1098 1801 φύσιν
1132 1733 1492 1804 ἐγκλημάτων
1524 1730 1925 1802 γνωρισθῆναι,
1974 1729 2008 1800 ἢ

428 1816 631 1877 αὐτοὺς
655 1815 780 1878 τοὺς
807 1816 1144 1885 κατηγόρους
1164 1835 1178 1847 ·
1206 1818 1301 1870 καὶ
1320 1816 1532 1880 οὐδενὸς
1557 1815 1761 1869 τούτων
1784 1814 2011 1884 τετυχή-

429 1916 628 1969 καμεν,
653 1900 788 1955 ἀλλά
816 1901 978 1954 πάλιν
1003 1900 1373 1973 ἐξεϐλήθημεν
1394 1902 1495 1972 τῆς
1523 1899 1870 1971 Ἐκκλησίας.
1886 1899 2010 1961 Πῶς

429 1981 496 2035 ἂν
530 1982 598 2035 τά
623 1983 872 2037 ἐντεῦθεν
896 1984 1268 2055 διηγησαίμην
1301 1983 1488 2036 λοιπὸν
1525 1984 1704 2037 πᾶσαν
1757 1981 2011 2054 ὑπερϐαί-

428 2078 587 2119 νοντα
622 2067 957 2139 τραγῳδίαν;
990 2067 1073 2131 τίς
1095 2067 1272 2121 ταῦτα
1291 2069 1631 2139 παραστήσει
1659 2066 1848 2135 λόγος;
1879 2064 2011 2117 ποία

427 2149 597 2221 χωρὶς
630 2150 832 2221 φρίκης
856 2140 1063 2215 δέξεται
1090 2151 1262 2221 ἀκοής
1297 2150 1484 2220 Ἦμῶν
1510 2150 1619 2221 γάρ
1649 2148 1811 2212 αὐτὰ,
1842 2147 2011 2202 καθά-

427 2247 537 2301 περ
566 2231 875 2303 ἔμπροσθεν
897 2230 1072 2299 εἶπον,
1099 2233 1510 2305 προτεινόντων,
1530 2233 1724 2304 ἀθρόον
1749 2249 2010 2302 στρατιω⁴

425 2314 538 2366 τῶν
569 2315 772 2385 πλῆθος
792 2315 941 2385 αὐτῷ
962 2315 1039 2386 τῷ
1067 2316 1289 2387 μεγάλῳ
1314 2316 1586 2386 σαϐϐάτῳ,
1605 2316 1741 2388 πρὸς
1766 2317 2007 2388 ἑσπέραν

428 2395 616 2448 λοιπὸν
656 2396 755 2467 τῆς
796 2399 1013 2468 ἡμέρας
1057 2399 1423 2469 ἐπειγομένης
1451 2398 1502 2462 ἀ,
1534 2402 1655 2462 ταῖς
1692 2399 2009 2470 ἐκκλησίαις

428 2478 857 2544 ἐπεισελθόντες,
873 2481 963 2534 τὸν
993 2481 1193 2553 κλῆρον
1219 2482 1432 2536 ἅπαντα
1463 2482 1555 2534 τὸν
1586 2482 1682 2534 σὺν
1713 2483 1845 2553 ήμῖν
1872 2483 2009 2555 πρὸς

430 2562 551 2632 βίαν
580 2562 851 2629 ἐξέϐαλον,
903 2564 998 2619 κα)⁸
1042 2564 1228 2629 ὅπλοις
1276 2566 1336 2619 τὸ
1368 2566 1520 2637 βῆμα
1553 2568 2005 2637 περιεστοίχιστο.

428 2647 538 2698 Καὶ
569 2650 824 2713 γυναῖκες
856 2647 965 2702 τῶν
1005 2649 1311 2720 εύκτηρίων
1343 2650 1509 2702 οἴκων
1543 2649 1680 2721 πρὸς
1718 2651 1778 2703 τὸ
1824 2651 2011 2722 βάπτι-

429 2746 543 2800 σμα
564 2730 969 2801 ἀποδυσάμεναι
990 2731 1111 2785 κατ’
1139 2731 1302 2786 αὑτὸν
1320 2731 1411 2785 τὸν
1434 2732 1621 2805 καιρὸν
1639 2735 1844 2804 γυμναὶ
1858 2734 2007 2807 [519]

426 2813 628 2881 ἔφυγον
671 2814 775 2866 ὑπὸ
804 2813 900 2868 τοῦ
935 2815 1100 2884 φόϐου
1142 2814 1250 2885 τῆς
1281 2814 1524 2886 χαλεπῆς
1560 2816 1764 2887 ταύτης
1796 2817 2007 2888 ἐφόδου.

427 2895 547 2948 οὐδὲ
595 2896 695 2965 τὴν
741 2896 1061 2967 πρέπουσαν
1110 2898 1357 2966 γυναιξὶν
1407 2900 1829 2970 εὐσχημοσύνην
1889 2917 2012 2970 συγ-

425 2977 773 3050 χωρούμεναι
830 2978 1180 3051 περιθέσθαι’
1238 2980 1431 3034 πολλαὶ
1476 2981 1533 3034 δὲ
1587 2984 1680 3036 καὶ
1721 2984 2011 3055 τραύματα

427 3062 721 3134 δεξάμεναι
751 3062 1119 3130 ἐξεϐάλλοντο,
1150 3064 1245 3117 καὶ
1288 3064 1517 3135 αἵματος
1546 3068 1601 3119 αί
1632 3067 2011 3139 κολυμϐἧθραι

428 3146 788 3219 ἐπληροῦντο,
820 3148 915 3202 καὶ
952 3147 1021 3200 τά
1067 3146 1188 3219 ίερά
1215 3147 1324 3201 ἀπὸ
1354 3147 1463 3201 τῶν
1494 3150 1742 3220 αἱμάτων
1785 3152 2014 3219 ἐφοινίσ-

429 3246 553 3282 σετο
576 3229 811 3300 νάματα.
835 3230 946 3285 Καὶ
988 3230 1108 3283 ούδέ
1158 3230 1397 3284 ἐνταῦθα
1437 3233 1679 3297 εἱστήκει
1726 3234 1787 3287 τὺ
1817 3235 2008 3291 δεινόν.

443 3312 582 3366 Ἀλλ’
612 3312 738 3366 ἔνθα
779 3313 851 3367 τὰ
884 3313 1014 3381 ἆγια
1060 3314 1357 3367 ἀπέκειντο
1385 3315 1715 3380 εἰσελθόντες
1747 3318 1796 3370 οἱ
1848 3336 2014 3390 στρα-

428 3396 642 3460 τιῶται,
689 3390 763 3449 ὧν
807 3396 959 3465 ἔνιοι,
1013 3396 1206 3461 καθὼς
1271 3397 1553 3468 ἔγνωμεν,
1586 3400 1819 3471 ἀμύητοι
1851 3396 2011 3473 ἦσαν,

431 3479 609 3533 πάντα
653 3497 712 3533 τε
747 3478 935 3551 ἐώρων
991 3480 1059 3533 τὰ
1106 3480 1284 3544 ἐνδον,
1320 3482 1415 3535 καὶ
1444 3481 1506 3534 τὸ
1543 3480 1847 3551 ἁγιώτατον
1876 3481 2014 3556 αἷμα

431 3562 525 3616 τοῦ
550 3564 901 3636 Χριστοῦ,ὡς
922 3565 980 3617 ἐν
1003 3565 1241 3635 τοσούτῳ
1266 3564 1500 3636 θορύϐῳ,
1535 3568 1616 3630 είς
1646 3567 1715 3621 τά
1750 3570 1859 3623 τῶν
1887 3586 1995 3640 προ

430 3648 737 3718 ειρημένων
782 3647 1129 3719 στρατιωτῶν
1171 3649 1366 3719 ίμάτια
1409 3649 1681 3719 ἐξεχεῖτο*
1718 3652 1813 3706 καὶ
1843 3653 1917 3715 ὠς
1953 3654 2012 3706 ἐν

431 3730 776 3803 αἰχμαλωσίᾳ
803 3731 1111 3803 βαρϐαρικῇ
1141 3732 1318 3785 πάντα
1339 3733 1624 3803 ἐτολμᾶτο.
1658 3735 1768 3788 Καὶ
1788 3737 1817 3787 ὀ
1843 3735 2013 3806 δῆμος

435 3814 573 3883 πρὸς
600 3814 700 3885 τὴν
729 3814 966 3886 ἐρημίαν
997 3814 1280 3886 ἠλαύνετο,
1309 3816 1405 3869 καὶ
1435 3818 1543 3880 πᾶς
1568 3819 1596 3869 ὁ
1628 3816 1756 3880 λαὸς
1778 3817 1885 3884 ἔξω
1916 3818 2014 3889 τῆς

431 3898 636 3963 πόλεως
684 3897 957 3969 διέτριϐε,
1002 3899 1096 3952 καὶ
1126 3900 1279 3953 κεναὶ
1333 3901 1392 3953 ἐν
1435 3900 1595 3971 ἐορτῇ
1638 3899 1860 3974 τοιαύτῃ
1905 3902 2014 3954 τῶν

430 3981 575 4036 λαῶν
620 3983 677 4036 αί
723 3982 1010 4052 ἐκκλησίαι
1051 3984 1320 4051 ἐγίνοντο,
1358 3984 1452 4037 καὶ
1501 3984 1717 4049 πλείους
1750 3986 1782 4057 ἢ
1816 4002 2014 4040 τεσσα-

435 4067 670 4136 ράκοντα
715 4065 1002 4118 ἐπίσκοποι
1055 4069 1104 4119 οί
1143 4066 1526 4131 κοινωνοῦντες
1571 4070 1703 4140 ἡμῖν
1738 4068 1877 4139 μετά
1918 4070 2013 4123 τοῦ

431 4148 563 4202 λαοῦ
617 4149 710 4201 καὶ
756 4148 846 4200 τοῦ
902 4148 1106 4220 κλήρου
1142 4151 1267 4221 εἰκῆ
1322 4152 1414 4205 καὶ
1457 4153 1633 4223 μάτην
1683 4152 2010 4224 ἠλαύνοντο·

432 4233 529 4285 καὶ
577 4230 864 4299 ὀλολυγαὶ,
912 4233 1007 4287 καὶ
1063 4232 1252 4303 θρῆνοι
1285 4245 1331 4299 θ,
1386 4236 1481 4289 καὶ
1537 4237 1714 4307 πηγαὶ
1764 4238 2015 4311 δακρύων

434 4314 709 4386 πανταχοῦ
756 4314 897 4369 κατὰ
933 4315 1032 4379 τάς
1081 4317 1307 4388 ἀγορὰς,
1344 4319 1486 4373 κατά
1524 4320 1623 4383 τάς
1648 4321 1843 4388 οἰκίας,
1875 4323 2015 4377 κατὰ

431 4399 532 4463 τάς
565 4398 824 4472 ἐρημίας,
853 4400 946 4453 καὶ
973 4401 1079 4455 πᾶν
1108 4399 1207 4471 τῆς
1240 4401 1447 4465 πόλεως
1480 4401 1645 4473 μέρος
1665 4404 1774 4457 τῶν
1804 4423 2013 4476 συμφο-

435 4483 544 4553 ρῶν
564 4482 874 4553 ἐπληροῦτο
904 4482 922 4521 ί
959 4482 1160 4537 τούτων
1179 4500 1192 4513 ·
1224 4483 1313 4538 διὰ
1338 4484 1447 4556 γάρ
1466 4484 1563 4556 τὴν
1583 4485 1890 4557 ὑπερϐολὴν
1914 4489 2013 4557 τῆς

434 4566 777 4637 παρανομίας
825 4566 923 4635 οὐχ
969 4569 1016 4618 οί
1070 4568 1369 4637 πάσχοντες
1415 4567 1603 4638 μόνον,
1655 4568 1792 4621 ἀλλά
1842 4570 1936 4623 καὶ
1965 4573 2012 4624 οί

437 4651 603 4721 μηδὲν
645 4650 884 4703 τοιοῦτον
915 4649 1281 4719 ὑπομένοντες
1317 4650 1615 4721 συνήλγουν
1644 4652 1811 4720 ἡμῖν,
1844 4653 1943 4723 οὐχ
1964 4656 2012 4706 οἱ

434 4737 676 4805 ὁμόδοξοι
706 4735 886 4807 μόνον,
915 4734 1049 4788 άλλά
1079 4732 1172 4787 καὶ
1197 4735 1486 4804 αἱρετικοὶ,
1520 4737 1615 4788 κα)⁵
1652 4735 1895 4789 Ἰουδαῖοι
1918 4739 2013 4791 καὶ

439 4819 725 4893 Ἕλληνες,
750 4819 943 4893 καλῶς
979 4819 1075 4893 τῆς
1107 4818 1323 4893 πόλεως
1347 4817 1512 4893 κατὰ⁸
1522 4816 1728 4893 κράτος
1756 4818 2009 4893 ἀλούσης,

436 4888 607 4960 ρῦτως
630 4893 685 4940 ἐν
709 4889 956 4960 θορύϐοις
975 4891 1067 4960 καὶ
1086 4891 1352 4960 ταραχαῖς
1376 4890 1469 4941 κα)⁸
1492 4888 1775 4960 όλολυγαῖς
1800 4888 2013 4946 ἅπαντα

436 4954 529 5028 ἦν.
575 4959 682 5010 Καὶ
728 4954 899 5013 ταῦτα
934 4954 1199 5029 ἐτολμᾶτο
1232 4954 1381 5030 παρά
1411 4958 1634 5031 γνώμην
1663 4954 1764 5014 -τοῦ
1795 4962 2015 5017 εὐσεϐει-

500 5050 524 5115 ξλ
548 5049 657 5115 Q00
683 5063 799 5099 mss.
823 5049 1126 5115 αὐτόνέϐαλε
1148 5052 1417 5115 λοιδορίαις.

503 5110 532 5149 b
561 5111 696 5177 ΔΤι’(εει
729 5124 869 5177 _mss._
913 5110 1017 5157 ἀλλ’
1064 5110 1314 5175 ἐπεθέμεθα
1372 5112 1620 5171 ἀξιοῦντες.
1674 5115 1799 5164 Inl'ra
1855 5117 2015 5177 ἐλέγο-

437 5190 521 5237 μεν
544 5172 689 5237 ᾂεεει
727 5170 773 5219 in
796 5171 949 5219 [rebus
966 5186 1079 5226 mss.

505 5236 527 5263 η
556 5234 741 5298 ριηιιιιε
764 5246 882 5298 mss.
908 5246 1005 5278 uno
1034 5240 1245 5298 excepto
1268 5240 1311 5283 οί
1337 5238 1417 5284 καὶ
1443 5238 1542 5298 μετ’
1568 5236 1731 5286 αὐτοῦ.
1766 5235 1891 5286 Infra
1914 5243 2016 5286 [res

436 5295 607 5356 ηιξ-ις.ᾃῇ
631 5295 868 5348 malm
886 5293 1177 5356 κατηγόρων,
1199 5302 1249 5343 ει
1269 5297 1339 5343 sic
1361 5293 1508 5345 etiam
1535 5299 1794 5347 Palladius.

501 5353 781 5421 dSic‘m~s.
824 5368 951 5421 pene
997 5353 1191 5421 omnes1
1222 5358 1353 5421 Edili
1391 5359 1519 5407 male
1560 5358 1894 5421 ἐπιγινομένης.
1923 5358 2017 5408 Hic

437 5414 805 5481 locugaﬂerlur
826 5414 851 5461 ἐι
880 5416 1279 5481 Νίεερίι-οιῄοίῖαιι.
1307 5418 1391 5481 lib.
1423 5433 1524 5477 xm,
1553 5414 1657 5481 cap:
1689 5414 1767 5468 ‘9'.

505 5488 528 5514 ε
556 5476 666 5523 MSS.
691 5488 821 5535 pene
840 5487 1010 5523 omnes
1031 5478 1250 5539 ὀλολυγαὶ
1268 5479 1349 5526 καὶ
1374 5476 1574 5541 οἴμωγαὶ
1597 5476 1676 5529 καὶ
1699 5480 1905 5528 κωκυτοὶ
1936 5482 2016 5528 καὶ

438 5538 735 5668 θρῗῖἷὸςρι..
756 5602 808 5668 9t
831 5594 1061 5668 M0nlf....
1087 5595 1388 5668 Eengxia¢.~xai
1411 5599 1705 5668 κατά-πάν...
1729 5599 2010 5668 ἐπληροῦτο,

505 5612 522 5634 ι
558 5612 727 5645 morm.
756 5612 808 5644 et
833 5612 1061 5644 nonum.
1087 5612 1293 5703 ερημιας,
1308 5612 1388 5647 και
1411 5612 1535 5648 κατὰ
1556 5612 1705 5651 πᾶν...
1729 5612 2010 5664 ἐπληροῦτο,

441 5662 590 5723 male,
613 5658 864 5723 siquidem
882 5655 1083 5723 \fcrbum
1137 5658 1387 5723 10139033”
1408 5675 1503 5708 non
1533 5662 1689 5711 habet
1708 5663 1765 5710 ad
1790 5663 1916 5723 quod
1932 5675 2011 5709 re-

441 5718 1059 5783 feramnl’mposilionem
1080 5718 1203 5767 κατά
1226 5718 1501 5779 delevimus
1525 5734 1632 5771 cum
1657 5718 1855 5775 Savilib.
1874 5726 2006 5776 Ευιτ.

1101 287 1157 347 S.
1200 284 1486 343 JOANNIS
1522 281 2011 341 CHRYSOSTOM!
2056 278 2375 337 ARCHIEP.
2418 275 2966 335 CONSTANTINOP.

3570 275 3672 331 5'5!

2106 396 2300 451 στάτου
2344 394 2605 465 βασιλέως
2625 432 2640 457 ,
2667 388 2860 455 νυκτὸς
2892 389 3334 459 καταλαϐούσης,
3364 387 3678 443 ἐπισκόπων

2100 479 2241 533 αύτά
2276 476 2814 541 κατασκευαζόντων,
2861 473 2956 528 καὶ
2994 470 3263 543 πολλαχοῦ
3306 471 3675 542 στρατηγούν⁸

2098 580 2227 625 των,
2253 562 2304 615 οἳ
2332 562 2434 614 οὐκ
2456 559 2750 632 ᾐσχύνοντο
2774 555 3251 628 καμπιδούκτορας
3273 555 3397 609 ἀντί
3416 554 3677 607 διακόνων

2100 644 2545 715 προηγουμένους
2566 642 2801 713 ἔχοντες.
2838 640 3081 711 Ἡμέρας
3099 639 3157 691 δὲ
3178 637 3495 707 γενομένης,
3525 637 3677 690 πᾶσα

2101 731 2136 801 ή
2169 729 2319 794 πόλις
2353 729 2458 793 ἔξω
2490 728 2596 780 τῶν
2646 725 2842 796 τειχῶν
2874 722 3203 795 μετῳκίζετο
3233 723 3339 775 ὑπὸ
3361 721 3552 790 δένδρα
3585 720 3679 774 καὶ

2101 814 2313 877 νάπας,
2359 812 2612 883 καθάπερ
2659 808 2909 880 πρόϐατα
2946 806 3324 877 διεσπαρμένα
3354 804 3453 875 τήν
3488 802 3678 875 ἑορτὴν

2104 896 2498 959 ἐπιτελοῦντες.
3572 943 3577 949 .

2173 982 2236 1037 δ’.
2282 980 2533 1048 Ἔξεστιν
2568 978 2698 1049 ὑμῖν
2737 976 2807 1030 τά
2857 973 3107 1029 ἐντεῦθεν
3143 971 3460 1041 λογίσασθαι
3496 970 3679 1025 λοιπὸν

2106 1066 2349 1121 ᾶπανταο
2391 1063 2578 1133 ῶσπερ
2605 1061 2716 1133 γὰρ
2737 1060 2907 1131 ἐφθην
2935 1056 3126 1123 είπὼν,
3159 1058 3256 1126 οὐχ
3275 1051 3387 1109 οἶόν
3410 1072 3470 1108 τε
3502 1054 3680 1108 πάντα

2106 1148 2352 1202 ἐπελθεῖν
2383 1146 2460 1217 τῷ
2492 1146 2636 1215 λόγῳ
2668 1143 2789 1197 καθ’
2817 1142 3045 1196 ἕκαστον
3076 1140 3356 1209 γινόμενα.
3389 1139 3461 1190 Τὸ
3487 1137 3550 1208 δὴ
3584 1154 3680 1209 xa-

2106 1232 2271 1285 λεπὸν
2289 1271 2303 1293 ,
2338 1231 2421 1283 ὅτι
2448 1227 2686 1282 τοσαῦτα
2723 1227 2817 1279 καὶ
2840 1224 3141 1294 τηλικαῦτα
3178 1221 3324 1276 κακά
3349 1221 3561 1275 οὐδέπω
3587 1221 3681 1275 καὶ

2106 1314 2202 1369 νῦν
2250 1312 2404 1367 λύσιν
2452 1311 2676 1377 ἐλαϐεν,
2722 1309 2834 1362 ἀλλ’
2882 1307 3004 1361 ούδέ
3045 1305 3233 1359 ἐλπίδα
3280 1304 3505 1366 λύσεωςο
3563 1304 3678 1358 ἀλλ’

2109 1398 2453 1452 ἐκτείνεταιε
2501 1395 2622 1449 καθ’
2673 1393 2935 1462 ἑκάστην·
2966 1391 3179 1462 ἡμέραν
3230 1390 3289 1443 τὸ
3326 1388 3531 1455 δεινὸν,
3587 1390 3682 1442 καὶ

2107 1480 2279 1551 γέλως
2307 1481 2612 1551 γεγόναμεν
2652 1481 2764 1541 τοῖς
2809 1475 3022 1538 πολλοῖς
3094 1474 3293 1545 μᾶλλον
3335 1474 3392 1526 δὲ
3417 1472 3552 1543 γελᾷ
3584 1473 3682 1543 μὲν

2107 1566 2314 1630 οὐδεὶς,
2370 1564 2475 1619 κᾶν
2531 1562 2789 1635 μυριάκις
2841 1559 3157 1630 παράνομος
3212 1553 3283 1631 ᾗ,
3331 1556 3588 1628 θρηνοῦσι
3624 1556 3685 1610 δέ

2110 1648 2342 1711 πάντες,
2395 1648 2532 1718 ὅπερ
2572 1646 2730 1715 ἐφην,
2760 1644 2850 1697 τὸν
2892 1640 3175 1711 κολοφῶνα
3204 1638 3314 1693 τῶν
3345 1639 3553 1703 κακῶν,
3584 1640 3685 1712 τὴν

2110 1730 2303 1802 καινὴν
2332 1729 2536 1800 ταύτην
2567 1727 2931 1799 παρανομίαν.

2179 1816 2245 1868 Τί
2286 1815 2352 1868 ἀν
2396 1832 2481 1877 τις
2512 1814 2656 1865 εἴποι
2684 1812 2783 1874 τὰς
2815 1809 2924 1862 τῶν
2966 1807 3170 1862 λοιπῶν
3209 1807 3544 1880 Ἐκκλησιῶν
3589 1824 3686 1862 τα·

2110 1901 2317 1970 ραχάς;
2352 1898 2486 1950 Οὐδὲ
2518 1896 2625 1969 γὰρ
2660 1893 2903 1961 ¹ἐνταῦθα
2938 1892 3067 1963 ἐστη
3096 1891 3160 1945 τὸ
3187 1889 3386 1955 κακὸν,
3417 1891 3555 1944 ἀλλά
3592 1892 3687 1945 καὶ⁵

2112 1982 2275 2052 μέχρι
2310 1982 2408 2051 τῆς
2448 1980 2523 2033 ἐω
2572 1978 2796 2048 ἔφθασε.
2842 1974 3109 2047 Καθάπερ
3142 1975 3250 2046 γὰρ
3291 1974 3401 2028 ἀπὸ
3445 1974 3687 2045 κεφαλῆς

2107 2065 2345 2136 πονηροῦ
2376 2063 2645 2135 ῥεύματος
2668 2061 3010 2132 ἐκχυθέντος,
3035 2061 3103 2113 τά
3125 2058 3287 2112 λοιπά
3310 2059 3687 2131 διαφθείρεται

2111 2147 2276 2219 μέρη,
2300 2147 2440 2200 οὕτω
2467 2147 2531 2217 δὴ
2554 2147 2649 2199 καὶ
2670 2144 2766 2199 νῦν
2795 2144 2982 2216 ὥσπερ
3016 2146 3080 2197 ἐκ
3105 2144 3289 2214 πηγῆς
3310 2143 3412 2213 τῆς
3438 2143 3687 2214 μεγάλης

2105 2232 2311 2302 ταύτης
2350 2230 2555 2293 πόλεως
2599 2229 2707 2282 τῶν
2751 2228 2938 2282 κακῶν
2968 2226 3308 2299 ἀρξαμένων,
3351 2226 3455 2297 ὁδῷ
3481 2227 3549 2280 τά
3573 2228 3686 2280 τῶν

2109 2316 2355 2388 θορύϐων
2399 2312 2677 2384 πανταχοῦ
2722 2312 2957 2383 προέϐη,
3020 2312 3115 2364 καὶ
3162 2312 3351 2383 κλῆροι
3405 2309 3681 2381 πανταχοῦ

2108 2399 2482 2467 ἐπανέστησαν
2504 2396 2850 2459 ἐπισκόποις,
2890 2395 2985 2448 καὶ
3017 2395 3303 2449 ἐπίσκοποι
3342 2395 3685 2461 ἐπισκόπων,

2107 2484 2200 2537 καὶ
2226 2482 2346 2534 λαοὶ
2386 2482 2485 2552 μὲν
2514 2480 2658 2533 λαῶν
2695 2478 3076 2550 διεσχίσθησαν
3097 2479 3149 2542 ιι,
3190 2479 3239 2531 οί
3289 2478 3347 2532 δὲ
3398 2478 3683 2549 μέλλουσι,

2109 2564 2261 2639 [520]
2293 2566 2387 2618 καὶ
2429 2561 2703 2633 πανταχοῦ
2735 2563 2848 2619 τῶν
2878 2561 3065 2616 κακῶν
3091 2562 3307 2625 ὠδῖνες,
3338 2564 3435 2617 καὶ
3468 2564 3568 2633 τῆς
3602 2566 3686 2618 οἰ-

2107 2667 2203 2703 κου
2212 2649 2378 2719 μένης
2401 2649 2615 2719 ἀπάσης
2630 2648 2932 2719 ἀνατροπή.
2950 2645 3230 2710 Μαθόντες
3247 2647 3428 2700 τοίνυν
3449 2648 3685 2712 ἅπαντα,
3734 2678 3741 2721 χ

2107 2732 2286 2806 κύριοί
2316 2748 2419 2801 μου
2449 2729 2771 2804 τιμιώτατοι
2800 2730 2896 2784 καὶ
2920 2730 3324 2794 εύλαϐέστατοι,
3377 2732 3479 2803 τὴν
3510 2750 3686 2805 προσ-

2108 2819 2351 2888 ήκουσαν
2369 2817 2497 2886 ὑμῖν
2515 2815 2769 2887 ἀνδρείαν
2796 2814 2891 2868 καὶ
2907 2813 3141 2885 σπουδήν
3168 2814 3525 2883 ἐπιδείξασθε,
3545 2816 3687 2872 ὥστε
3738 2814 3743 2859 Ῐ

2108 2900 2453 2972 παρανομίαν
2469 2898 2738 2969 τοσαύτην
2757 2896 3179 2952 ἐπεισελθοῦσαν
3199 2902 3319 2963 ταῖς
3343 2900 3690 2972 Ἐκκλησίαις

2109 2980 2488 3038 ἀναστεῖλαιί.
2540 2983 2605 3036 El
2652 2980 2763 3053 γὰρ
2788 2980 2946 3035 τοῦτο
2977 2982 3274 3052 κρατήσειε
3322 2982 3380 3036 τὸ
3429 2983 3566 3049 ἔθος,
3596 2988 3689 3039 καὶ

2108 3066 2227 3133 ἐξὸν
2252 3060 2477 3137 γένηται
2500 3068 2612 3128 τοῖς
2634 3064 2977 3135 βουλομένοις
2996 3066 3074 3128 εἰς
3100 3065 3198 3129 τὰς
3224 3066 3511 3137 ἀλλοτρίας
3540 3069 3691 3122 ἀπιέ-

2112 3168 2198 3204 ναι
2228 3149 2522 3219 παροικίας
2554 3149 2618 3201 ἐκ
2648 3146 2914 3201 τοσούτων
2941 3147 3345 3218 διαστημάτων,
3377 3151 3468 3203 καὶ
3490 3151 3688 3205 ἐκϐάλ-

2108 3232 2222 3287 λειν
2250 3232 2345 3296 οὓς
2364 3232 2429 3286 ἂν
2450 3232 2621 3284 ἐθέλοι
2641 3248 2747 3295 τις,
2777 3233 2898 3284 κατ’
2926 3229 3176 3294 ἐξουσίαν
3197 3231 3332 3286 ἰδίαν
3358 3234 3617 3305 πράττειν
3637 3233 3684 3300 5,

2113 3317 2259 3388 ἅπερ
2289 3315 2357 3369 ἀν
2389 3314 2667 3378 ἐθέλωσιν,
2693 3317 2806 3368 ῐστε
2833 3315 2915 3367 ὅτι
2938 3314 3114 3368 πάντα
3146 3316 3446 3386 οἰχήσεται,
3475 3320 3567 3372 καὶ
3588 3319 3687 3372 πό-

2110 3399 2276 3469 λεμός
2304 3416 2389 3463 τις
2418 3400 2732 3470 ἀκήρυκτος
2770 3399 2949 3451 πᾶσαν
2977 3398 3357 3468 ἐπιδραμεῖται
3389 3400 3486 3472 τὴν
3515 3403 3692 3456 almu-

2116 3483 2315 3553 μένην,
2366 3483 2584 3536 πάντων
2622 3482 2827 3544 πάντας
2865 3480 3168 3551 βαλλόντων
3195 3484 3288 3536 καὶ
3328 3483 3686 3555 βαλλομένων.

2113 3566 2233 3619 ἰνα
2268 3560 2361 3619 οῦν
2403 3565 2477 3637 μή
2531 3564 2768 3635 τοσαύτη
2818 3563 3080 3634 σύγχυσις
3114 3565 3395 3640 καταλάϐῃ
3449 3570 3549 3640 τὴν
3600 3570 3687 3637 ὑφ’

2110 3648 2261 3720 ἥλιον
2291 3650 2491 3713 πᾶσαν,
2523 3647 2822 3701 ἐπιστεῖλαι
2854 3647 3240 3719 παρακλήθητε
3267 3650 3295 3689 ι
3322 3650 3390 3703 τὰ
3424 3651 3522 3720 μὲν
3547 3651 3689 3707 οὕτω

2112 3732 2444 3803 παρανόμως
2471 3730 2814 3800 γεγενημένα
2858 3730 3104 3783 ἀπόντων
3132 3733 3309 3801 ήμῶν,
3344 3734 3437 3787 καὶ¹
3465 3736 3529 3787 ἐκ
3561 3736 3691 3805 μιᾶς

2117 3814 2339 3886 μοίρας.
2376 3814 2471 3866 καὶ
2519 3814 2581 3865 οὐ
2632 3813 3131 3883 παραιτησαμένων
3162 3815 3373 3885 κρίσιν,
3416 3817 3688 3888 μηδεμίαν

2113 3897 2255 3970 ἔχειν
2284 3899 2436 3968 ἰσχὺν
2459 3937 2473 3962 ,
2505 3895 2694 3967 ῶσπερ
2727 3891 2819 3949 οὖν
2848 3896 2969 3949 οὑδέ
2998 3896 3111 3967 ἔχει
3141 3900 3208 3968 τῇ
3248 3899 3423 3968 οἰκεία
3446 3901 3604 3969 φύσει
3629 3900 3647 3940 ι
3668 3917 3706 3971 ο,

2111 3984 2238 4048 τοὺς
2266 3982 2322 4035 δὲ
2370 3982 2589 4035 τοιαῦτα
2632 3982 3125 4052 παρανομήσαντας
3173 3982 3563 4055 ἐλεγχομένους
3609 3985 3691 4056 τῷ

2113 4065 2371 4136 ἐπιτιμίῳ
2398 4063 2790 4119 ὑποϐάλλεσθαι
2826 4062 2936 4116 τῶν
2968 4063 3442 4136 ἐκκλησιαστικῶν
3470 4068 3685 4139 νόμων

2114 4151 2262 4220 ἡμᾶς
2309 4150 2366 4202 δέ
2406 4151 2533 4212 τοὺς
2562 4149 2659 4217 οὐχ
2706 4147 2964 4212 ἁλόντας,
3001 4149 3101 4202 οὐκ
3142 4148 3557 4222 ἐλεγχομένους,
3589 4154 3695 4207 οὐκ

2112 4232 2529 4303 ἀποδειχθέντας
2547 4230 2901 4293 ὑπευθύνους,
2924 4229 3030 4285 τῶν
3057 4235 3400 4303 γραμμάτων
3422 4235 3528 4289 τῶν
3557 4237 3697 4306 ὑμε-

2112 4316 2287 4387 τέρων
2316 4316 2435 4368 δότε
2467 4315 2759 4370 ἀπολαύειν
2789 4314 3049 4385 συνεχῶς,
3075 4317 3169 4368 καὶ
3198 4317 3297 4387 τῆς
3324 4319 3565 4390 ἀγάπης,
3595 4321 3697 4375 καὶΙ

2114 4399 2331 4452 πάντων
2349 4397 2458 4451 τῶν
2486 4398 2681 4464 ἄλλων,
2713 4391 2899 4467 ὧνπερ
2922 4398 3015 4451 καὶ
3040 4397 3370 4470 ἔμπροσθεν.
3397 4401 3460 4454 El
3485 4403 3544 4455 δέ
3568 4401 3698 4473 βού-

2112 4480 2288 4535 λοιντο
2311 4483 2403 4536 καὶ
2428 4481 2522 4535 νῦν
2551 4483 2599 4535 οί
2628 4481 2697 4535 τὰ
2725 4481 2947 4536 τοιαῦτα
2978 4484 3465 4554 παρανομήσαντες
3493 4486 3697 4557 ἐγκλή-

2117 4584 2260 4636 ματα
2310 4565 2639 4636 γυμνάζειν,
2680 4567 2765 4635 ἐφ’
2811 4560 2894 4629 οἷς
2952 4568 3101 4637 ἡμᾶς
3149 4568 3349 4632 ἀδίκως
3401 4569 3693 4633 ἐξέϐαλον,

2114 4649 2519 4720 ὑπομνημάτων
2558 4651 2689 4719 ήμῖν
2735 4649 2795 4702 οὐ
2847 4648 3128 4716 δοθέντων,
3177 4650 3239 4703 06
3297 4650 3587 4716 λιϐέλλων,
3628 4656 3697 4707 οὐ

2114 4733 2434 4803 κατηγόρων
2471 4733 2780 4801 φανέντων·
2815 4732 3165 4805 δικαστηρίου
3210 4733 3533 4797 καθίσαντος
3566 4736 3696 4791 ἀδε-

2115 4816 2316 4870 κάστου
2338 4856 2354 4880 ,
2402 4815 2495 4869 καὶ
2542 4814 2875 4886 δικασόμεθα
2897 4856 2911 4882 ,
2962 4818 3057 4870 καὶ
3089 4817 3564 4889 ἀπολογησόμεθα,
3600 4822 3702 4874 καὶ

2116 4898 2468 4969 ἀποδείξομεν
2523 4899 2747 4962 ἐαυτοὺς
2798 4899 3121 4965 ἀνευθύνους
3172 4901 3280 4955 τῶν
3331 4905 3696 4974 ἐπαγομένων

2116 4985 2267 5055 ἡμῖν,
2299 4982 2487 5054 ῶσπερ
2520 4978 2612 5038 οῦν
2640 4985 2734 5037 καὶ
2771 4985 2937 5054 ἐσμέν
2957 5005 2970 5016 ·
3001 4987 3070 5038 τά
3094 4986 3202 5056 γὰρ
3226 4986 3318 5039 νῦν
3351 4991 3698 5060 γεγενημένα

2118 5067 2245 5139 παρ’
2276 5069 2454 5122 αὐτῶν
2492 5068 2670 5137 πάσης
2692 5068 2847 5132 ἐκτός
2871 5072 3019 5122 ἐστιν
3057 5070 3398 5136 ἀκολουθίας,
3428 5074 3523 5127 καὶ
3552 5092 3659 5127 παν
3677 5106 3695 5115 -

2175 5233 2205 5305 ξ
2230 5231 2354 5279 Tres
2377 5244 2490 5279 mss.
2517 5238 2571 5280 el
2595 5231 2841 5282 Palladius
2877 5234 2980 5281 ἀλλ’
3003 5234 3294 5284 ἐπιτείνεται.
3323 5235 3450 5285 Edit.
3473 5237 3577 5285 ἀλλ’
3614 5240 3702 5287 ἐκ·

2116 5308 2331 5339 τεινεται.

2181 5351 2210 5418 i}
2240 5353 2331 5401 Alii
2354 5354 2433 5418 καί
2456 5356 2622 5418 κλῆροι
2665 5353 2907 5418 πολλαχοῦ
2942 5356 3281 5415 ἐπανέστησαν,
3317 5358 3569 5407 ἐπίσκοποι
3592 5360 3702 5410 ἐπι.

2117 5414 2332 5488 σκόπρις,
2358 5416 2438 5488 καὶ
2462 5414 2567 5488 λαοὶ
2585 5414 3213 5488 διεσχίσθησαν.“ιίξίιδι1ξιιε
3232 5420 3566 5488 καὶ-κληρικοί.

2184 5473 2201 5513 ί
2234 5476 2341 5523 Duo
2365 5487 2475 5522 mss.
2505 5473 2824 5535 άναστείλητε.
2866 5478 3111 5527 Palladius
3130 5473 3424 5528 ἀποστεῖλαι.

2186 5535 2199 5605 ί
2238 5535 2455 5605 ΩΨὲἷυθτ
2475 5538 2915 5605 ῖηδξολπράττοντας-
2947 5541 3190 5589 Palladius
3210 5542 3507 5605 πράττοντες.

2185 5596 2211 5634 Ιι
2238 5596 2363 5665 ίθῖόὶίί
2388 5596 2728 5665 ιιιιιιροιιιλήθιὴτι2
2756 5608 2859 5665 tres
2880 5614 2991 5648 mss.
3027 5596 3375 5664 παρακλήθητε,
3400 5596 3559 5665 recte,
3589 5616 3714 5654 nam

2119 5659 2359 5725 phgrijpos
2377 5660 2660 5719 alloquitur.
2694 5661 2941 5725 Palladin
2960 5659 3240 5725 παρακαλῶ.

2189 5721 2203 5758 ι
2232 5718 2313 5769 Sic
2331 5718 2505 5770 omnes
2524 5733 2638 5770 mss.
2665 5729 2802 5772 recte
2832 5743 2843 5772 :
2870 5723 3002 5774 nam
3026 5718 3111 5783 τήν
3133 5726 3308 5775 οἰκείαν
3329 5723 3483 5789 φύσιν.
