4030 6206
274 206 370 260 555

272 319 505 374 rumdatn
535 318 965 390 intempestivum
991 364 1006 387 ,
1032 323 1120 392 qui
1146 322 1192 377 ei
1218 322 1494 391 favebant;
1518 326 1725 381 tametsi
1751 341 1847 397 po-

269 412 416 483 pulus
460 411 571 466 illic
606 428 818 484 quoque
858 427 983 470 ante
1016 415 1195 470 literas
1237 417 1492 474 conviciis
1522 433 1642 473 eum
1695 419 1853 474 innu-

272 502 427 558 meris
455 506 804 575 prosciderat.
844 507 1037 562 Verum
1083 508 1199 564 hmo
1228 525 1369 565 nunc
1394 520 1582 566 exacte
1607 511 1854 581 prosequi

271 581 537 660 nolumus,
569 596 663 651 sed
687 595 802 650 haec
825 606 1024 652 tantum
1052 599 1251 654 idcirco
1289 600 1542 668 diximus,
1575 610 1631 656 ut
1651 617 1772 657 eum
1802 602 1854 656 in

263 682 484 740 nefariis
510 686 790 742 conatibus
813 688 1201 755 deprehensum
1226 692 1647 748 ostenderemus.
1677 694 1856 765 Itaque

273 771 364 836 nos
402 795 507 834 non
540 781 837 850 quievimus
859 822 878 850 ,
908 783 1002 839 sed
1033 785 1084 839 in
1113 784 1214 840 hoc
1244 786 1580 852 incubuimus
1600 828 1615 854 ,
1644 798 1857 843 orantes

275 872 671 941 Imperatorem,
702 883 760 928 ut
786 873 1075 931 haberetur
1094 877 1378 947 judicium,
1410 880 1462 934 in
1495 896 1601 951 quo
1623 897 1781 952 agere
1804 893 1859 937 et
1905 896 1916 907 °

273 965 596 1035 reSpondere
625 966 851 1022 liceret:
881 967 1190 1026 dicebamus
1233 974 1373 1028 enim
1410 989 1509 1030 nos
1551 984 1765 1044 paratos
1790 976 1857 1030 ad

275 1056 662 1112 ostendendum
698 1075 797 1115 nos
822 1076 928 1116 non
956 1077 1076 1119 esse
1110 1079 1262 1132 reos,
1292 1066 1385 1121 sed
1413 1066 1535 1121 illos
1561 1068 1735 1137 legum
1766 1083 1860 1123 ex-

276 1159 468 1204 tremos
505 1158 951 1222 transgressores.
982 1155 1144 1212 Erant
1176 1166 1355 1214 autem
1384 1160 1554 1216 relicti
1579 1161 1664 1216 hic
1689 1160 1809 1233 Syri
1840 1202 1855 1228 ,

274 1241 354 1309 qui
382 1256 503 1296 cum
534 1258 600 1299 eo
625 1244 914 1311 alfnerant,
948 1257 1001 1303 et
1036 1265 1155 1304 cum
1187 1250 1278 1305 illo
1298 1255 1655 1308 communiter
1679 1254 1857 1308 omnia

279 1329 538 1400 fecerant;
565 1336 633 1390 ad
669 1336 769 1393 hos
813 1341 1184 1409 accessimus,
1216 1343 1282 1398 ad
1326 1344 1554 1399 dandam
1598 1347 1857 1401 rationem

279 1426 443 1491 parati
469 1465 486 1492 ,
517 1438 678 1497 atque
706 1444 866 1499 super
894 1446 957 1487 ea
987 1448 1046 1487 re
1075 1449 1219 1504 saepe
1244 1446 1337 1490 eos
1363 1437 1818 1508 interpellavimus
1841 1481 1856 1502 ,

276 1516 616 1574 obsecrantes
646 1530 705 1575 ut
730 1523 1078 1593 dignarentur
1123 1527 1277 1583 nobis
1315 1528 1522 1585 libellos
1553 1540 1607 1585 et
1644 1522 1860 1587 aceusa-

276 1610 475 1666 tionum
504 1623 623 1669 acta
643 1615 793 1680 dare,
825 1618 909 1672 vel
931 1634 1098 1688 genus
1127 1621 1432 1688 criminum,
1465 1603 1552 1679 vel
1581 1633 1861 1680 accusato-

275 1718 356 1759 res
397 1705 546 1775 ipsos
588 1708 926 1779 significare:
961 1727 1143 1767 verum
1167 1713 1296 1767 nihil
1322 1712 1513 1769 horum
1556 1716 1860 1785 impetravi-

276 1810 388 1849 mus
408 1839 425 1863 ,
450 1797 544 1852 sed
575 1799 765 1854 iterum
796 1815 861 1855 ex
903 1802 1137 1858 Ecclesia
1164 1804 1323 1874 ejecti
1350 1820 1553 1860 sumus.
1580 1807 1860 1874 Quomodo

272 1904 388 1958 qua:
420 1899 547 1946 tunc
570 1902 717 1962 gesta
744 1903 891 1963 sunt,
923 1905 978 1952 et
1004 1911 1216 1953 omnem
1243 1898 1504 1953 excedunt
1522 1901 1857 1969 tragtediam,

272 1984 679 2038 enarraverim?
704 1987 825 2056 quis
867 2003 928 2042 ea
974 2003 1152 2043 sermo
1197 1990 1528 2062 explicabit?
1557 2006 1674 2062 quae
1716 1995 1861 2050 auris

275 2073 394 2128 sine
422 2073 641 2129 horrore
666 2078 966 2148 percipiet?
985 2081 1117 2137 Cum
1145 2082 1286 2137 enim
1324 2083 1411 2138 illa
1442 2100 1561 2155 qua:
1581 2083 1690 2141 dixi
1725 2068 1862 2156 prae-

276 2164 621 2222 tenderemus
639 2209 654 2234 ,
686 2168 803 2238 ipso
834 2185 1026 2241 magno
1047 2173 1271 2228 sabbato
1300 2175 1521 2231 collecta
1545 2192 1732 2231 manus
1762 2178 1861 2232 mi-

274 2255 444 2323 litum,
473 2257 545 2312 ad
573 2273 851 2329 vesperam
869 2261 974 2317 diei
998 2263 1050 2316 in
1077 2264 1333 2319 ecclesias
1359 2266 1620 2336 ingressa,
1653 2269 1857 2324 clerum

272 2362 485 2405 omnem
533 2351 626 2421 qui
654 2352 935 2408 nobiscum
966 2363 1083 2409 erat
1109 2355 1161 2411 vi
1186 2356 1344 2426 ejeeit
1372 2399 1387 2423 ,
1437 2368 1491 2414 et
1526 2361 1692 2415 armis
1739 2342 1896 2417 sano.

274 2444 540 2498 ctuarinm
569 2444 802 2516 undique
831 2447 1060 2503 obsedit.
1086 2449 1334 2506 Mulieres
1355 2467 1562 2522 quoque
1587 2468 1859 2509 sacrarum

269 2537 494 2606 adium,
525 2554 646 2609 qua:
672 2554 768 2610 per
792 2540 917 2595 illud
949 2549 1157 2612 tempus
1187 2558 1246 2599 se
1276 2554 1533 2600 exuerant
1559 2589 1572 2612 ,
1604 2555 1661 2601 ut
1690 2547 1862 2617 bapti-

270 2638 525 2685 zarentur
548 2670 563 2695 ,
594 2640 738 2686 metu
768 2633 946 2702 gravis
973 2633 1128 2688 istius
1172 2634 1419 2691 incursus
1448 2637 1604 2691 nuda:
1637 2637 1858 2708 aufuge-

268 2734 387 2780 runt
417 2740 435 2790 ;
464 2739 647 2795 neque
667 2726 809 2782 enim
838 2727 1235 2783 concedebatur
1262 2738 1319 2784 ut
1347 2744 1406 2785 se
1434 2730 1693 2797 velare‘nt,
1725 2732 1861 2787 sicut

268 2815 527 2872 mulieres
559 2816 813 2872 honestas
841 2818 1035 2885 decet;
1066 2821 1250 2876 multa:
1294 2822 1451 2877 etiam
1477 2824 1711 2893 acceptis
1739 2825 1859 2878 vul-

267 2909 483 2964 neribus
507 2908 873 2978 ejiciebantur,
895 2920 946 2966 et
966 2913 1225 2982 sanguine
1249 2913 1600 2983 implebantur
1621 2914 1856 2984 piscina},

265 3009 316 3052 et
339 3014 544 3054 cruore
569 2999 710 3054 sacri
744 3000 927 3057 latices
953 3002 1329 3057 rubescebant.
1358 3000 1542 3073 Neque
1567 3003 1654 3059 hic
1680 3020 1856 3060 rerum

268 3089 380 3145 linis
404 3099 550 3146 erat.
578 3090 711 3145 Nam
743 3100 798 3148 et
828 3092 1001 3147 locum
1027 3134 1041 3158 ,
1075 3096 1126 3148 in
1159 3109 1263 3163 quo
1290 3106 1474 3148 saneta
1500 3094 1709 3149 condita
1741 3111 1858 3150 ser-

266 3182 576 3249 vabantur,
630 3182 858 3252 ingressi
914 3192 1040 3237 sunt
1091 3183 1286 3239 milites
1317 3224 1333 3250 ,
1379 3200 1605 3255 quorum
1651 3186 1859 3257 aliquos

265 3275 467 3328 scimus
496 3273 660 3329 nullis
688 3275 924 3329 initiatos
962 3276 1231 3347 mysteriis
1256 3318 1270 3342 ,
1314 3285 1366 3332 et
1396 3276 1643 3331 viderunt
1680 3280 1857 3333 omnia

264 3379 377 3433 qua:
411 3370 561 3419 intus
590 3376 762 3420 erant.
783 3366 918 3434 Quin
945 3375 997 3420 et
1024 3367 1390 3421 sanctissimus
1405 3366 1599 3421 Christi
1620 3370 1856 3438 sanguis,

263 3460 400 3514 sicut
428 3459 487 3513 in
511 3459 602 3512 tali
630 3459 857 3512 tumultu
889 3459 1184 3528 contingit,
1214 3459 1265 3513 in
1296 3458 1674 3529 prazdictorum
1717 3460 1857 3516 mili-

263 3559 371 3605 tum
401 3560 592 3605 vestes
620 3548 821 3605 effusus
849 3558 931 3604 est
955 3591 970 3617 ,
996 3549 1298 3620 fiebantque
1324 3550 1473 3620 quasi
1502 3550 1553 3605 in
1584 3549 1859 3607 barbarica

261 3643 579 3712 captivitate
598 3642 798 3696 omnia.
828 3640 1030 3712 Vulgus
1059 3640 1201 3696 enim
1231 3641 1283 3697 in
1325 3641 1669 3698 solitudinem
1707 3644 1856 3715 fuga-

260 3734 427 3789 batur
457 3774 473 3799 ,
507 3732 793 3787 multitudo
820 3734 994 3789 omnis
1022 3742 1173 3788 extra
1201 3733 1469 3788 civitatem
1505 3734 1818 3790 versabatur
1840 3777 1856 3802 ,

258 3835 530 3895 erantque
559 3824 614 3878 in
644 3834 790 3879 tanto
830 3824 969 3881 festo
1010 3839 1190 3880 vacuae
1229 3825 1425 3896 populo
1466 3826 1708 3881 ecclesia:
1741 3869 1755 3890 ,
1806 3837 1861 3882 et

256 3920 452 3990 plures
479 3933 641 3990 quam
662 3918 1009 3989 quadraginta
1036 3918 1297 3989 episcopi,
1327 3919 1417 3989 qui
1444 3919 1597 3974 nobis
1621 3934 1861 3974 commu-

258 4013 536 4077 nlearant,
564 4026 687 4066 cum
718 4012 912 4081 populo
934 4019 986 4065 et
1012 4010 1157 4066 clero
1185 4010 1302 4066 sine
1326 4024 1484 4066 causa
1509 4011 1857 4082 fugabantur:

255 4113 312 4160 et
335 4104 418 4161 ob
452 4103 752 4174 prodigiosa
778 4102 996 4174 ﬂagitia,
1022 4101 1217 4174 ubique
1244 4116 1340 4172 per
1364 4100 1499 4168 fora,
1529 4117 1625 4172 per
1646 4101 1857 4166 domos,

256 4213 357 4267 per
404 4195 734 4253 solitudines
752 4238 766 4262 ,
793 4210 893 4267 per
920 4211 1107 4251 omnes
1153 4195 1382 4252 civitatis
1410 4205 1590 4265 partes
1612 4236 1628 4262 ,
1681 4195 1861 4250 omnia

255 4291 543 4357 lamentis,
566 4289 853 4360 ejulatibus
878 4331 892 4355 ,
942 4298 995 4345 et
1037 4289 1275 4344 fontibus
1320 4291 1675 4359 lacrymarum
1705 4289 1859 4358 plena

254 4392 424 4439 erant
454 4399 469 4438 :
500 4392 559 4437 ut
581 4398 690 4439 non
704 4381 864 4438 modo
887 4383 975 4453 qui
1000 4381 1389 4452 afﬂigebantur,
1416 4380 1510 4436 sed
1537 4389 1589 4436 et
1610 4381 1696 4451 qui
1728 4381 1860 4440 nihil

255 4478 369 4532 tale
403 4475 767 4546 patiebantur,
787 4483 843 4532 et
872 4491 976 4531 non
998 4475 1168 4531 solum
1199 4477 1285 4546 qui
1315 4484 1509 4531 nostra:
1536 4476 1657 4533 lidei
1687 4487 1859 4544 erant,

254 4571 359 4625 sed
389 4580 452 4626 et
484 4569 724 4625 hatretici
754 4612 770 4638 ,
803 4579 856 4626 et
889 4569 1056 4625 Judzri
1091 4612 1106 4636 ,
1134 4578 1189 4624 et
1231 4570 1480 4640 gentiles,
1527 4571 1596 4625 ob
1641 4571 1862 4626 sceleris

250 4663 607 4717 atrocitatem
634 4661 912 4716 nobiscum
943 4662 1202 4729 dolerent,
1229 4670 1284 4717 et
1314 4662 1463 4732 quasi
1495 4677 1590 4732 per
1617 4662 1723 4717 vim
1773 4679 1864 4719 ca-

258 4744 355 4821 pta
383 4752 606 4807 civitate
638 4793 652 4819 ,
686 4753 914 4808 tumultu
940 4794 955 4819 ,
987 4752 1338 4822 trepidatione
1365 4768 1425 4807 ac
1458 4753 1670 4823 planctu
1708 4754 1861 4823 plena

257 4855 426 4900 erant
452 4846 657 4899 omnia.
686 4845 833 4899 Talia
859 4846 972 4899 ausi
1003 4853 1127 4899 sunt
1146 4854 1358 4914 .przeter
1384 4845 1704 4899 sententiam
1731 4846 1861 4914 piis.

248 4938 389 4994 simi
444 4937 789 5008 Imperatoris
819 4981 834 5005 ,
888 4950 1045 4994 nocte
1090 4938 1254 4993 multa
1280 4981 1293 5000 ,
1347 4939 1612 5009 episcopis
1642 4938 1755 4993 haec
1784 4940 1865 4993 in-

250 5031 607 5086 struentibus
636 5074 652 5097 ,
678 5041 733 5087 et
756 5033 940 5089 multis
976 5032 1028 5087 in
1060 5031 1192 5087 locis
1231 5032 1447 5086 ordines
1496 5031 1816 5086 ducentibus
1845 5074 1860 5099 ,

250 5123 846 5178 necerubescentibus
873 5165 888 5190 ,
919 5123 1061 5194 quod
1096 5139 1190 5193 pro
1220 5124 1460 5179 diaconis
1490 5122 1863 5192 campiducto-

250 5233 357 5273 res
407 5214 482 5283 (η)
529 5224 827 5283 przeeuntcs
872 5215 1147 5270 haberent.
1188 5214 1286 5271 Ubi
1329 5228 1456 5269 vero
1492 5213 1662 5268 illuxit
1697 5213 1812 5269 dies
1847 5255 1862 5281 ,

319 5345 411 5406 (α)
449 5346 834 5411 campiductores
850 5348 1044 5411 iterant
1062 5346 1144 5411 qui
1170 5346 1421 5396 exercitiis
1443 5345 1728 5411 militaribus
1743 5358 1867 5409 prte-

250 5415 440 5465 et-aut,
459 5407 639 5470 quique
664 5410 848 5458 tirones
867 5407 1124 5467 docebant,
1166 5417 1219 5459 ut
1250 5410 1317 5458 ait
1356 5410 1591 5471 Vegetius
1612 5407 1649 5459 l.
1682 5409 1727 5466 l,
1746 5407 1863 5469 'cap.

250 5472 337 5534 15.
370 5477 489 5518 meo
512 5485 602 5520 vox
626 5474 836 5534 occurrit
860 5472 1004 5519 etiam
1029 5472 1152 5534 apud
1174 5470 1490 5534 Lampridium
1517 5472 1565 5519 in
1599 5478 1798 5530 severo,
1819 5481 1864 5517 α.

245 5533 318 5583 85
348 5547 363 5579 :
397 5541 540 5583 certe
560 5532 953 5593 campiductores
978 5532 1121 5583 vestri
1162 5532 1389 5583 [macros
1413 5534 1678 5583 docuerunt
1700 5538 1868 5593 contra

246 5601 540 5653 sarmatas,
681 5591 1152 5658 itjbirt‘stitu‘endum
1197 5603 1334 5658 putat
1376 5596 1648 5653 Salmasius,
1672 5591 1865 5658 (amni-

244 5658 518 5721 doctares;
532 5657 622 5708 sed
646 5669 739 5709 vox
771 5656 1162 5721 cmnpiductores
1184 5656 1272 5708 liae
1289 5657 1608 5722 Cbrysostomi
1637 5656 1868 5719 exemplo

1682 213 2058 273 EPISTOLIE‘.

3442 222 3546 278 53$

1961 332 2137 386 omnis
2163 337 2351 388 ctvttas
2376 342 2524 390 extra
2555 349 2739 393 muros
2770 335 2871 391 sub
2911 335 3131 393 arbores
3156 350 3215 398 et
3240 342 3295 397 in
3326 351 3545 392 nemora

1962 426 2259 496 emigravit,
2293 427 2361 482 ibi
2387 426 2578 483 festum
2596 428 2738 484 diem
2761 430 3041 486 celebrans
3063 472 3079 496 ,
3107 430 3258 500 quasi
3285 443 3411 485 oves
3433 428 3546 483 dis-

1962 533 2156 588 persre.

2032 612 2085 666 4.
2142 611 2290 666 Licet
2337 611 2487 667 vobis
2526 626 2592 666 ex
2636 611 2719 666 his
2759 620 2816 667 et
2842 621 3033 667 caetera
3064 611 3241 666 omnia
3272 626 3500 682 pensare
3524 626 3545 666 :

1964 717 2084 758 nam
2112 702 2293 757 omnia
2337 718 2457 773 qute
2498 703 2632 756 facta
2674 713 2796 757 sunt
2821 703 3093 774 sigillatim
3120 718 3369 757 sermone
3395 717 3549 757 eom-

1963 797 2123 866 plecti
2156 837 2170 860 ,
2206 806 2265 851 ut
2305 796 2458 862 dixi,
2492 796 2819 867 impossibile
2866 804 2968 851 est.
3015 797 3109 851 Est
3140 807 3316 851 autem
3354 804 3408 850 et
3446 796 3550 852 hoc

1965 903 2220 959 perquam
2263 888 2567 951 molestum,
2591 886 2729 959 quod
2763 886 2883 943 talia
2906 897 3154 957 tantaque
3178 887 3313 942 mala
3340 888 3546 942 nullum

1963 982 2136 1037 adhuc
2176 981 2332 1037 linem
2377 982 2639 1051 accipiant
2670 1022 2686 1046 ,
2734 997 2905 1050 neque
2954 996 3076 1050 spes
3141 980 3211 1035 sit
3268 995 3332 1036 ea
3383 980 3546 1036 linem

1967 1074 2259 1138 habitura;
2311 1071 2405 1128 sed
2465 1083 2724 1143 augentur
2794 1074 2846 1127 in
2914 1072 3030 1127 dies
3092 1073 3259 1143 magis
3319 1086 3381 1126 ac
3434 1087 3545 1126 ma-

1963 1169 2043 1237 gis
2068 1209 2081 1232 ,
2111 1183 2311 1238 nosque
2355 1168 2620 1237 plerisque
2667 1167 2873 1221 ridiculi
2920 1166 3045 1222 facti
3096 1181 3311 1231 sumus;
3346 1167 3452 1220 imo
3479 1168 3551 1222 ri-

1963 1261 2053 1315 det
2084 1261 2258 1315 nullus
2281 1301 2295 1325 ,
2322 1259 2479 1314 etiam
2499 1261 2542 1313 si
2560 1258 2710 1314 valde
2734 1260 2800 1314 sit
2825 1272 3137 1328 perversos;
3167 1258 3345 1328 lugent
3370 1269 3546 1313 autem

1964 1366 2151 1407 omnes
2180 1360 2394 1421 propter
2418 1360 2709 1406 extremam
2727 1361 2781 1406 et
2801 1349 3087 1405 inauditam
3115 1349 3250 1404 hanc
3270 1349 3547 1412 malitiam,

1965 1444 2228 1498 malorum
2260 1442 2413 1497 facile
2440 1442 2819 1510 colophonem.
3091 1455 3097 1461 ‘

2038 1535 2358 1590 Perlurbatio
2384 1535 2456 1587 rei
2484 1534 2831 1589 ecclesiastica
2855 1535 2905 1587 in
2940 1532 3160 1587 Oriente.
3181 1563 3250 1572 —
3266 1532 3395 1600 Quis
3422 1546 3551 1588 vero

1963 1627 2286 1696 reliquarum
2312 1626 2671 1681 Ecclesiarum
2700 1625 3126 1696 perturbationes
3151 1622 3330 1695 eloqui
3360 1624 3551 1694 possit?

1965 1717 2080 1772 Non
2122 1717 2262 1772 enim
2317 1716 2401 1771 hic
2439 1717 2665 1771 cessavit
2708 1716 2808 1770 hoc
2849 1715 3045 1769 malum
3071 1758 3086 1780 ,
3133 1714 3226 1770 sed
3274 1729 3440 1785 usque
3483 1714 3551 1767 ad

1966 1809 2239 1865 Orientem
2266 1809 2527 1879 pervenit.
2555 1808 2685 1862 Nam
2708 1809 2843 1862 sicut
2868 1823 2899 1861 a
2924 1807 3096 1876 capite
3125 1806 3280 1861 malis
3305 1806 3548 1861 humori-

1966 1903 2064 1957 bus
2085 1900 2468 1963 dcllnentibus,
2496 1900 2697 1970 reliqua
2721 1898 2957 1952 membra
2988 1904 3400 1966 corrumpuntur
3435 1914 3447 1950 :
3475 1896 3547 1950 ita

1966 2010 2105 2049 nunc
2131 2009 2341 2064 quoque
2371 1992 2646 2054 tumultus,
2679 1991 2766 2061 qui
2794 1991 2844 2045 in
2876 1989 2975 2044 hac
2995 2004 3182 2060 magna
3200 1990 3411 2044 civitate
3439 2004 3551 2044 cu:-

1965 2094 2179 2157 perunt,
2210 2084 2359 2155 quasi
2387 2100 2451 2139 ex
2479 2084 2620 2138 fonte
2650 2083 2702 2137 in
2729 2082 2905 2137 omnia
2936 2082 3051 2136 loca
3081 2082 3280 2136 sensim
3302 2080 3546 2145 efﬂuunt,

1964 2192 2017 2237 et
2044 2180 2222 2235 clerici
2265 2180 2462 2249 ubique
2488 2179 2540 2231 in
2572 2178 2852 2247 episcopos
2883 2175 3163 2244 insurgunt
3190 2215 3204 2239 ,
3233 2183 3286 2229 et
3311 2173 3555 2243 episc0pi’

1964 2271 2031 2325 ab
2063 2269 2327 2339 episcopis
2352 2311 2368 2335 ,
2398 2278 2450 2322 et
2476 2267 2654 2338 populi
2680 2282 2710 2320 a
2742 2265 2986 2336 populis1
3015 2265 3168 2319 scissi
3200 2273 3342 2329 sunt,
3377 2273 3429 2318 et
3459 2263 3548 2318 alii

1964 2362 2271 2435 propediem
2293 2359 2621 2424 scindentur,
2640 2367 2692 2413 et
2714 2365 3053 2427 exspectatur
3074 2355 3266 2425 ubique
3283 2355 3545 2410 malorum

1964 2465 2165 2527 partus,
2198 2455 2447 2524 orbisque
2478 2453 2638 2508 totius
2668 2450 2965 2507 subversio.
2996 2449 3188 2520 Igitur,
3213 2448 3425 2521 domini
3444 2447 3550 2502 mei

1964 2549 2194 2603 maxime
2232 2544 2518 2601 venerandi
2545 2554 2596 2599 ct
2620 2543 2691 2615 pii
2723 2586 2737 2607 ,
2772 2559 2892 2598 cum
2925 2541 3039 2597 hmc
3065 2542 3135 2595 ita
3164 2556 3222 2595 se
3249 2539 3444 2594 habere
3472 2538 3553 2593 di-

1964 2628 2201 2693 d’iccritis
2230 2678 2245 2704 ,
2278 2636 2510 2692 studium
2549 2645 2784 2691 vestrum
2828 2645 2881 2688 et
2932 2648 3174 2703 magnam
3220 2630 3546 2702 diligentiam

1964 2731 2212 2785 adhibete
2236 2771 2251 2797 ,
2283 2744 2388 2800 quo
2415 2726 2724 2783 retundatur
2749 2725 2862 2780 hinc
2886 2740 3003 2794 quae
3033 2724 3087 2778 in
3113 2722 3377 2777 Eeclesias
3407 2721 3549 2774 irru-

1964 2825 2040 2893 pit
2067 2822 2334 2891 iniquitas.
2365 2820 2571 2891 Quippe
2597 2818 2642 2872 si
2674 2832 2788 2872 mos
2822 2816 2909 2872 hic
2930 2815 3232 2879 invaluerit,
3256 2824 3309 2869 et
3327 2814 3405 2867 fas
3428 2811 3546 2868 fue-

1965 2914 2035 2970 rit
2058 2913 2226 2971 cuivis
2252 2913 2304 2969 in
2335 2913 2562 2966 alienam
2599 2909 2884 2980 parmciam
2927 2908 3224 2979 irrumpere
3253 2948 3268 2973 ,
3300 2905 3460 2975 idque
3480 2920 3548 2960 ex

1964 3005 2125 3061 tantis
2149 3001 2442 3059 intervallis
2465 3044 2479 3068 ,
2522 3010 2576 3056 et
2599 3001 2795 3069 ejicere
2819 3014 2952 3068 quos
2978 2997 3208 3053 voluerit
3238 3036 3254 3062 ,
3288 3005 3342 3051 et
3365 3005 3546 3049 aucto-

1962 3098 2122 3154 ritate
2150 3096 2362 3167 propria
2387 3108 2611 3164 qumque
2636 3107 2731 3163 pro
2759 3090 2979 3146 libidine
3004 3104 3099 3144 sua
3131 3091 3324 3152 facere,
3352 3088 3547 3142 scitote

1963 3188 2103 3261 quod
2130 3187 2277 3245 brevi
2301 3185 2599 3242 transibunt
2627 3183 2825 3249 omnia,
2853 3192 2906 3237 et
2933 3191 3071 3237 totus
3101 3180 3246 3235 orbis
3276 3188 3548 3249 premetur

1963 3284 2103 3340 bello
2128 3281 2450 3352 inexpiabili,
2483 3277 2731 3335 omnibus
2758 3275 2961 3345 ejectis,
2996 3284 3050 3330 et
3076 3289 3263 3328 omnes
3290 3272 3551 3342 ejicienti-

1963 3378 2079 3432 bus.
2124 3375 2456 3444 Quapropter
2492 3386 2561 3427 ne
2599 3369 2840 3425 conlusio
2881 3368 2995 3423 hzec
3038 3382 3249 3422 omnem
3290 3381 3410 3435 qua:
3451 3365 3552 3419 sub

1963 3469 2095 3525 caelo
2122 3477 2204 3523 est
2230 3467 2498 3522 nationem
2528 3462 2777 3528 invadat,
2830 3461 3055 3517 obsecro
3095 3455 3547 3543 utseribasquod

1964 3561 2079 3639 lucc
2104 3571 2207 3615 tam
2236 3559 2414 3629 inique
2443 3555 2599 3620 facta,
2628 3565 2680 3609 et
2710 3554 2777 3609 ab
2800 3570 2901 3607 una
2934 3554 3105 3607 solum
3135 3560 3285 3620 parte
3313 3548 3546 3605 absenti-

1963 3653 2064 3709 bus
2091 3651 2263 3717 nobis,
2294 3659 2347 3705 et
2371 3665 2476 3703 non
2505 3646 2891 3703 declinantibus
2910 3643 3189 3715 judicium,
3221 3657 3328 3696 non
3350 3639 3550 3695 habent

1964 3745 2128 3813 robur
2150 3785 2166 3810 ,
2194 3742 2331 3797 sicut
2362 3756 2535 3811 neque
2561 3754 2655 3793 sua
2679 3747 2863 3792 natura
2896 3735 3123 3790 habent:
3152 3733 3229 3787 illi
3252 3742 3428 3786 autem
3454 3729 3545 3800 qui

1964 3836 2101 3891 adeo
2132 3833 2309 3904 inique
2348 3833 2522 3903 egisse
2549 3828 2870 3898 deprehensi
2897 3833 3054 3891 sunt,
3080 3840 3253 3896 postne
3287 3823 3546 3880 ecclesia-

1966 3928 2217 3983 sticarum
2248 3925 2420 3994 legum
2451 3921 2797 3991 subiaceant:
2830 3919 2984 3973 nobis
3004 3933 3150 3983 vero,
3173 3917 3262 3989 qui
3295 3931 3395 3973 nec
3419 3930 3551 3972 con-

1966 4018 2090 4074 victi
2119 4060 2134 4084 ,
2168 4032 2265 4072 nec
2293 4014 2560 4085 redarguti
2583 4054 2600 4080 ,
2630 4027 2729 4067 nec
2747 4010 2911 4066 habiti
2942 4019 2996 4065 ut
3024 4010 3100 4065 rei
3130 4023 3314 4075 sumus
3339 4049 3355 4074 ,
3381 4006 3550 4062 literis

1967 4109 2159 4165 vestris
2182 4117 2237 4164 et
2264 4108 2485 4163 caritate
2509 4114 2706 4171 vestra,
2740 4103 3071 4172 aliorumque
3091 4101 3328 4155 omnium
3362 4140 3377 4164 .
3408 4113 3548 4170 quo-

1966 4216 2082 4257 rum
2113 4200 2315 4256 scilicet
2356 4208 2409 4254 et
2446 4176 2601 4252 antea
2633 4196 2885 4251 societate
2914 4186 3223 4249 fruebantur
3250 4233 3266 4259 ,
3296 4189 3399 4245 frui
3423 4205 3554 4246 cou-

1967 4292 2158 4347 cedite.
2180 4290 2234 4344 Si
2258 4297 2432 4343 autem
2455 4286 2743 4342 adversarii
2782 4285 2983 4351 nostri,
3003 4284 3091 4354 qui
3121 4283 3191 4337 ita
3220 4282 3398 4351 inique
3429 4295 3552 4349 ege-

1967 4394 2090 4439 runt
2115 4423 2130 4447 ,
2158 4381 2329 4435 adhuc
2350 4377 2788 4449 linguntcrimina
2813 4375 3054 4445 quaedam
3083 4380 3301 4444 propter
3319 4386 3438 4442 qua!
3456 4385 3552 4425 nos

1969 4476 2168 4547 injuste
2192 4474 2485 4545 eiecerunt,
2507 4487 2610 4526 non
2633 4469 2769 4525 datis
2798 4467 2949 4523 nobis
2971 4467 3124 4532 actis,
3147 4479 3318 4534 neque
3336 4462 3550 4528 libellis,

1970 4584 2140 4640 neque
2187 4564 2537 4621 manilcstatis
2580 4560 2975 4617 accusatoribus
3019 4576 3033 4613 :
3073 4557 3116 4610 si
3139 4556 3331 4611 dentur
3346 4553 3554 4624 iudices

1969 4657 2284 4728 incorrupti,
2303 4662 2601 4726 agemus,ct
2621 4651 2889 4706 tuebimur
2902 4648 3060 4703 etiam
3076 4662 3173 4701 nos
3190 4645 3415 4700 libenter
3429 4659 3554 4699 cau-

1969 4765 2102 4816 sam,
2134 4745 2650 4813 monstrabitnusque
2679 4754 2778 4796 nos
2809 4754 2913 4794 non
2944 4752 3062 4792 esse
3088 4751 3209 4791 reos
3227 4750 3410 4791 eorum
3436 4749 3556 4805 quas

1968 4841 2122 4898 nobis
2144 4840 2419 4911 objiciunt,
2450 4838 2586 4892 sicut
2601 4844 2655 4891 et
2673 4835 2828 4906 plane
2847 4830 3044 4887 innoxii
3065 4844 3249 4884 sumus
3272 4835 3556 4884 :etcontra

1970 4950 2085 5004 qua:
2113 4933 2180 4999 ab
2205 4934 2332 5002 ipsis
2362 4929 2495 4984 facta
2519 4937 2701 4983 contra
2731 4940 2940 4980 omnem
2971 4931 3095 4976 sunt
3122 4921 3361 4976 ordinem
3381 4961 3395 4985 ,
3422 4933 3553 4974 con-

1972 5037 2049 5082 tra
2068 5040 2255 5081 omnes
2280 5025 2448 5094 leges,
2475 5029 2657 5076 contra
2680 5033 2868 5073 omnes
2889 5015 3278 5071 ecclesiasticos
3298 5027 3554 5068 canones.

1971 5116 2326 5167 firmaturztria
2369 5115 2486 5175 item
2526 5111 2714 5175 profert
2735 5108 2973 5175 exempla
3009 5108 3215 5170 (:angins
3252 5107 3301 5155 in
3323 5104 3560 5175 Glossario

1970 5186 2131 5247 Graeco
2148 5192 2207 5227 ex
2234 5178 2403 5247 ixionis
2426 5167 2548 5247 Imp'.
2572 5173 2788 5231 Tacticis,
2809 5167 3414 5247 tibisemper—aggerat:th
3438 5167 3561 5247 legi-

1971 5250 2067 5291 tur.
2091 5242 2164 5289 Sic
2187 5240 2334 5289 etiam
2357 5231 2639 5286 Ammianus
2663 5232 2960 5284 Marcellinus
2983 5231 3121 5282 1519.
3163 5232 3360 5281 videtur
3381 5231 3561 5291 Salma-

1968 5289 2071 5350 Sius
2086 5299 2495 5358 campidoctorcm
2519 5294 2682 5353 malle,
2708 5296 2821 5358 quia
2844 5296 3077 5358 Vegetius
3099 5306 3247 5355 supra
3283 5291 3432 5340 allato
3457 5289 3562 5339 loco

1973 5373 2024 5413 et
2042 5365 2091 5412 in
2111 5356 2300 5411 duobus
2321 5356 2855 5421 aliis_Ca_tnpidoctorem
2896 5356 3033 5419 legit.
3062 5362 3241 5421 Ferunt
3263 5360 3433 5402 monet
3453 5359 3555 5401 Ste-

1971 5426 2187 5475 wechius
2209 5424 2267 5473 ad
2290 5418 2479 5484 singula
2503 5415 2608 5484 loca
2629 5415 3328 5484 tzatnpiductoremlegendum
3352 5426 3485 5484 esse,
3511 5421 3564 5463 et

1971 5488 2031 5537 ad
2056 5487 2140 5535 lib.
2162 5476 2439 5548 ﬁltt,rcap.'6,
2458 5483 2606 5548 _addit
2629 5484 2699 5531 sic
2722 5476 2772 5530 in
2796 5481 3091 5548 membranis
3113 5476 3301 5548 haberi.
3330 5476 3563 5548 :Attaut'eu

1975 5533 2203 5655 exempla
2226 5533 2337 5596 duo‘
2348 5533 2551 5610 praefert
2582 5551 2817 5594 Gruterus
2841 5546 2888 5593 in
2911 5543 3174 5605 Thesauro,
3199 5541 3284 5591 ubi
3321 5533 3566 5597 (amphio-

1975 5621 2074 5655 mur
2116 5618 2302 5655 ραηυν.

1972 5621 2074 5663 ctor
2096 5611 2275 5667 legitur
2287 5645 2302 5659 .

2042 5676 2057 5705 ι
2096 5670 2349 5735 Palladius,
2375 5667 2539 5724 clm'cr
2561 5683 2591 5721 a
2612 5667 2819 5721 clericis.
