4030 6206
512 272 609 290 mutu

507 291 612 329 ξ)υῦ

515 398 585 454 Et
609 396 737 468 quid
764 396 884 452 dico
912 411 1143 454 canones
1170 397 1602 454 ecclesiasticos?
1648 397 1831 468 Neque
1851 399 1904 452 in
1925 399 2097 469 genti-

515 489 645 546 lium
669 489 900 561 judiciis,
925 505 1097 560 neque
1126 491 1178 545 in
1217 490 1564 545 barbarorum
1595 489 1946 546 tribunalibus
1973 491 2096 547 talia

514 588 774 634 attentata
795 590 917 634 sunt
941 595 1226 650 umquam:
1257 580 1364 634 imo
1391 595 1518 635 vero
1544 595 1718 651 neque
1745 579 1980 652 Scythae,
2005 596 2098 637 ne-

513 685 618 740 que
646 672 972 727 Sauromata:
987 686 1235 741 umquam
1257 669 1577 742 iudicarunt,
1586 671 1844 742 judicium
1863 671 2097 727 dandum

514 762 606 817 uni
637 761 807 833 parti,
835 763 1054 819 absente
1072 778 1135 819 ea
1165 779 1285 834 qua:
1323 773 1604 820 accusatur
1625 806 1641 831 ,
1672 774 1727 821 et
1764 766 1963 821 vitante
1989 781 2097 821 non

507 856 806 924 judicium,
835 855 929 911 sed
967 855 1272 911 inimicitias
1297 898 1313 924 ,
1347 865 1404 912 et
1428 857 1709 912 invocante
1736 857 1901 911 multa
1931 857 2097 912 millia

483 945 751 1014 ,judicum
779 984 796 1011 ,
837 956 893 1000 et
944 955 1275 1016 protestante
1302 962 1481 1002 coram
1511 955 1622 1002 toto
1648 947 1780 1002 orbe
1803 946 2099 1002 declaratu-

513 1052 626 1090 ram
672 1050 732 1090 se
763 1051 867 1091 non
894 1051 1014 1092 esse
1057 1052 1201 1093 ream
1229 1077 1245 1103 ,
1279 1037 1725 1108 depulsuramque
1761 1038 1985 1095 erimina
2006 1079 2020 1102 ,
2043 1048 2099 1094 et

515 1135 854 1181 ostensuram
873 1142 1023 1181 suam
1048 1127 1100 1182 in
1119 1128 1365 1183 omnibus
1386 1130 1762 1184 innocentiam.
1789 1129 1916 1184 Haec
1939 1128 2098 1199 igitur

513 1216 697 1271 omnia
713 1233 836 1272 curn
864 1218 936 1273 ita
952 1233 1011 1274 se
1039 1218 1237 1274 habere
1260 1219 1626 1275 intellexeritis
1652 1233 1684 1275 a
1708 1219 1940 1275 dominis
1962 1220 2097 1275 meis

523 1329 874 1343 ..ι-ὴ

1299 284 1360 340 S.
1386 282 1664 341 JOANNIS
1699 283 2073 342 CllRYSOST.
2119 285 2434 343 ARClllEP.
2465 286 3006 347 CONSTANTINOP.

3680 282 3783 338 356

2203 401 2453 470 piissimis
2474 403 2722 460 fratribus
2750 404 2947 460 nostris
2971 404 3264 475 episcopis,
3289 407 3521 462 obsecro
3567 418 3627 464 ut
3653 425 3786 480 prae-

2203 492 2354 545 stetis
2398 491 2450 546 id
2493 492 2636 562 quod
2663 503 2846 564 petent
2885 492 3067 549 ofﬁcii.
3117 494 3236 562 Quo
3277 511 3382 549 non
3416 498 3592 552 soluat
3633 500 3788 558 nobis

2203 581 2647 652 gratiﬁcabimini,
2669 585 2763 640 sed
2793 593 2846 640 et
2875 584 3237 640 Ecclesiarum
3267 587 3620 652 universitati,
3645 605 3788 644 mer-

2203 671 2499 743 cedcmque
2524 676 2792 744 accepturi
2818 676 2947 730 estis
2973 690 3005 729 a
3035 675 3163 740 Deo,
3195 675 3285 745 qui
3338 675 3473 730 nihil
3525 695 3635 733 non
3663 694 3787 750 pro-

2205 773 2322 835 pter
2341 763 2696 820 Ecclesiarum
2723 781 2910 837 pacem
2930 766 3103 822 facere
3122 766 3385 837 dignatur.
3405 768 3630 839 Semper
3651 770 3782 838 vale,

2203 864 2258 911 et
2285 870 2378 911 ora
2398 871 2496 927 pro
2518 871 2626 926 me,
2645 857 2858 914 domine
2872 858 3317 914 revereudissime
3329 867 3383 914 et
3398 863 3735 918 sanctissime
3748 864 3785 908 ⁸.

2261 975 2302 1044 ,ί
2327 976 2474 1044 Apud
2496 976 2774 1044 falladium
2813 977 3021 1044 epistola
3061 979 3133 1029 sic
3153 978 3369 1044 desinit:
3400 994 3602 1044 semper
3637 982 3789 1035 facere

2216 1036 2608 1110 ρξθηᾳιᾳτκιιφε
2641 1037 2791 1110 etiam
2822 1036 3000 1110 scripta
3021 1046 3091 1110 est
3129 1041 3217 1110 ad
3236 1041 3493 1110 Venerium
3512 1036 3790 1110 episcopwn

2219 1099 2568 1168 Médiolqni,_et
2587 1099 2651 1168 ad
2676 1099 3005 1168 Qltrongatt'unt
3026 1102 3263 1168 ᾼφιὶΙεξαξ
3281 1099 3570 1167 episcopum.
3601 1099 3790 1155 Utram-

2217 1171 2317 1222 que
2342 1162 2605 1229 epistolam
2633 1162 2755 1229 infra
2778 1162 2929 1229 habes
2949 1166 3007 1229 ad
3037 1162 3324 1229 Venerium,
3352 1162 3530 1229 nempe
3555 1167 3792 1218 Mediola-

2218 1233 2445 1282 nensem,
2469 1228 2523 1271 et
2544 1224 2603 1272 ad
2627 1223 2958 1274 Chromatium
2979 1226 3371 1289 Aquileiensem.

1308 1402 1970 1492 INNOCENTIO,
2031 1404 2538 1477 EPISCOPO
2595 1404 2954 1491 ΒΟΜᾹΞ,

1582 1553 1857 1599 mammas
1901 1556 1965 1598 1N
2010 1555 2255 1602 DOMINO
2297 1554 2586 1597 SALUTEM
2633 1533 2743 1615 (α).

1597 1641 2320 1694 -ῄ-Θῧῶδ

591 1728 794 1801 Corpus
823 1731 1033 1801 quidem
1064 1743 1303 1788 nostrum
1335 1749 1440 1788 uno
1466 1741 1670 1788 tantum
1703 1733 1819 1789 loco
1848 1741 2097 1799 tenetur;

521 1825 756 1880 caritatis
800 1834 973 1881 antem
1013 1827 1092 1880 ala
1139 1826 1190 1881 in
1227 1829 1481 1882 universo
1521 1827 1651 1882 orbe
1692 1825 2101 1882 eircumvolitat.

524 1915 752 1971 Proinde
801 1915 923 1984 licet
977 1927 1118 1971 tanta
1173 1918 1378 1974 itineris
1430 1919 1826 1991 intercapedine
1875 1919 2104 1988 separati

520 2008 706 2072 simus,
734 2023 763 2063 a
797 2010 988 2078 pietate
1015 2019 1190 2065 tamen
1221 2019 1396 2066 vestra
1421 2026 1525 2066 non
1551 2012 1822 2076 absumus,
1856 2010 1948 2066 sed
1973 2026 2107 2081 quo-

523 2099 652 2154 tidie
682 2099 830 2154 vobis
859 2109 1150 2170 prmsentes
1193 2116 1380 2157 sumus
1403 2102 1418 2132 ¹
1441 2120 1453 2154 :
1477 2103 1710 2158 caritatis
1759 2103 1900 2158 enim
1939 2103 2106 2157 oculis

525 2189 769 2243 videmus
808 2201 1036 2244 vestram
1078 2192 1220 2245 illam
1258 2191 1652 2259 fortitudinem,
1685 2192 1947 2247 sincerum
1973 2192 2105 2247 affe-

521 2291 696 2344 ctum,
743 2281 1201 2352 constantiamque
1239 2297 1346 2336 non
1395 2283 1736 2351 mutabilem,
1788 2285 2108 2338 consolatio-

528 2387 758 2442 nemque
790 2372 928 2426 illam
961 2388 1236 2443 magnam,
1267 2383 1606 2443 perpetuam,
1639 2383 1797 2446 atque
1825 2375 2066 2431 stabilem
2088 2417 2103 2442 ,

525 2480 682 2532 quam
714 2465 867 2519 nobis
893 2466 1112 2520 affertis.
1143 2465 1353 2532 Quanto
1390 2467 1533 2522 enim
1564 2467 1755 2522 ﬂuctus
1780 2469 2109 2524 extolluntur

527 2556 825 2621 sublimius,
852 2566 905 2611 et
932 2557 1108 2627 plures
1133 2558 1298 2614 latent
1325 2559 1551 2629 scopuli,
1580 2559 2108 2632 vehementioresque

527 2655 651 2700 sunt
679 2655 1022 2713 tempestates
1041 2691 1053 2711 .
1087 2658 1234 2704 tanto
1265 2650 1434 2722 magis
1459 2651 1724 2722 vigilantia
1750 2662 1923 2708 vestra
1951 2669 2113 2725 auge-

532 2745 853 2806 turzneque
899 2754 994 2792 vos
1041 2748 1183 2794 tanta
1209 2741 1310 2795 vim
1334 2742 1643 2811 prolixilas,
1691 2759 1862 2813 neque
1907 2754 2108 2800 tantunt

528 2828 782 2898 temporis
813 2829 1148 2885 intervallum
1178 2872 1192 2897 ,
1235 2847 1408 2902 neque
1447 2849 1624 2888 rerum
1655 2833 1993 2891 difﬁcultates
2021 2851 2110 2891 se-

530 2918 742 2988 gniores
798 2919 1142 2977 reddiderunt
1179 2939 1194 2976 :
1231 2923 1323 2978 sed
1381 2935 1784 2993 perseveranter
1832 2925 2111 2982 imitamini

523 3009 753 3084 optimos
775 3009 1176 3081 gubernatores,
1207 3014 1295 3084 qui
1325 3025 1450 3070 tunc
1479 3016 1710 3071 maxime
1737 3016 1926 3087 vigiles
1954 3025 2108 3085 sunt,

529 3117 648 3156 Clltll
687 3103 909 3157 excitari
949 3102 1171 3170 ﬂuctus,
1216 3121 1363 3161 mare
1401 3107 1754 3164 intumescere
1795 3116 1849 3164 et
1887 3109 2112 3164 multum

529 3207 783 3262 aquarum
813 3192 1074 3264 fragorem
1101 3237 1114 3260 ,
1147 3197 1715 3270 profundissimamque
1754 3199 1986 3255 interdiu
2018 3216 2114 3254 no-

528 3296 666 3341 ctem
720 3289 966 3358 ingruere
1018 3290 1222 3346 vident.
1273 3291 1570 3363 EaprOpter
1616 3304 1672 3349 et
1713 3295 1913 3365 gratias
1961 3294 2112 3351 vobis

529 3380 785 3434 habemus
814 3382 1027 3450 multas,
1053 3391 1107 3437 et
1134 3383 1501 3439 desideramus
1527 3385 1740 3454 quidem
1770 3386 1835 3440 ad
1863 3400 1958 3439 vos
1983 3386 2113 3441 dare

525 3472 742 3528 crebras
787 3473 997 3539 literas,
1040 3475 1088 3529 id
1116 3475 1256 3545 quod
1300 3477 1452 3533 nobis
1479 3478 1712 3532 maximo
1741 3477 1874 3532 foret
1901 3478 2112 3534 solatio.

527 3563 723 3618 Verum
755 3566 874 3635 quia
920 3565 1072 3621 nobis
1114 3565 1216 3622 hoc
1263 3566 1492 3637 denegat
1538 3567 1767 3622 solitudo
1794 3567 1950 3637 hujus
1977 3568 2110 3635 loci,

531 3675 701 3728 neque
739 3659 891 3714 facile
928 3661 992 3714 ad
1041 3675 1138 3715 nos
1165 3661 1442 3729 pervenire
1468 3661 1677 3725 valent,
1710 3676 1814 3714 non
1844 3661 2002 3715 modo
2024 3661 2113 3730 qui

527 3751 662 3806 istuc
691 3753 969 3822 pergunt‘,
994 3751 1086 3806 sed
1115 3767 1215 3807 nec
1247 3752 1280 3806 ii
1310 3752 1401 3822 qui
1431 3752 1483 3806 in
1514 3753 1687 3806 vicino
1717 3752 1974 3818 habitant,
2003 3761 2113 3806 tum

526 3843 667 3913 quod
699 3843 856 3915 longe
895 3844 1086 3912 distet,
1132 3853 1290 3916 atque
1327 3845 1581 3902 extremis
1621 3844 1812 3900 ﬁnibus
1839 3844 1988 3900 locus
2017 3846 2115 3900 iste

526 3937 658 3990 situs
689 3937 757 3990 sit
779 3977 793 4000 ,
838 3937 889 3991 in
917 3953 1021 4006 quo
1047 3937 1375 4002 residemus,
1425 3948 1534 3992 tum
1565 3937 1703 4008 quod
1745 3938 1979 3992 latrones
2005 3937 2117 3992 vias

528 4027 645 4079 illas
672 4027 908 4096 undique
946 4029 1264 4084 obsideant:
1290 4045 1566 4100 precamur
1612 4038 1670 4084 ut
1707 4029 2014 4084 diuturnum
2045 4031 2116 4085 si-

532 4116 754 4168 lentium
793 4125 1032 4170 nostrum
1063 4119 1273 4185 efﬁciat,
1309 4131 1365 4173 ut
1392 4122 1560 4191 magis
1591 4121 1742 4175 nobis
1765 4120 2113 4188 eondoleatis,

529 4221 686 4269 quam
737 4215 794 4257 nt
843 4221 938 4260 nos
987 4219 1107 4262 reos
1151 4212 1344 4278 putetis
1389 4213 1742 4282 negligentim.
1781 4212 1930 4279 Quod
1975 4213 2116 4267 enim

532 4310 636 4346 non
673 4310 739 4348 ex
772 4297 972 4350 incuria
1016 4299 1282 4373 silentium
1314 4311 1486 4355 ortum
1520 4304 1616 4367 sit,
1648 4303 1731 4356 vel
1767 4303 1889 4358 inde
1920 4304 2114 4374 liquet,

534 4385 672 4455 quod
721 4398 838 4455 post
883 4388 1095 4460 longum
1126 4392 1380 4461 temporis
1420 4395 1646 4462 spatium
1678 4395 2033 4450 venerabilem
2065 4406 2119 4450 et

534 4478 775 4533 dilectum
798 4479 1054 4535 Joannem
1079 4483 1471 4554 presbyterum,
1493 4482 1816 4553 Paulumque
1836 4485 2116 4539 diaconum

533 4572 703 4637 nacti,
737 4580 791 4625 ct
831 4572 1094 4626 scribendi
1125 4582 1179 4628 et
1203 4574 1400 4643 gratias
1426 4574 1574 4628 vobis
1601 4574 1786 4644 agendi
1821 4574 1978 4628 ﬁnem
2011 4590 2117 4630 non

531 4661 810 4729 faciamus,
839 4664 959 4733 quia
988 4673 1207 4735 paterna
1240 4664 1495 4734 majorem
1523 4680 1644 4735 erga
1674 4681 1770 4720 nos
1797 4666 2116 4722 benevolen-

533 4755 658 4807 tiam
705 4754 1037 4810 declarastis.
1090 4756 1218 4811 Nam
1273 4767 1525 4828 quantum
1585 4758 1636 4812 in
1695 4767 1869 4812 vestra
1924 4758 2119 4828 pietate

595 4869 612 4898 ¹
650 4877 777 4941 nare,
803 4870 929 4921 vobis
966 4878 1440 4943 prmseutessunms,
1487 4870 1667 4943 desunt
1710 4871 1758 4919 in
1802 4871 2022 4943 fabris;
2067 4877 2119 4943 et

536 4934 653 5040 tngo
681 4933 750 4979 sic
769 4935 1058 4982 construitur
1097 4935 1283 4996 phrasis
1308 4948 1319 4982 :
1347 4935 1436 4983 Sed
1461 4932 1671 4995 quotidie
1713 4932 1929 4984 caritatis
1969 4932 2120 4984 oculis

536 5006 574 5040 va
614 5004 766 5043 emus.
800 5003 896 5043 etc.

532 5006 748 5041 vaaemus
800 5008 830 5041 (ὲ
885 5030 896 5041 ο

599 5030 790 5115 ’,διιιίλ
817 5006 1098 5120 ιξὲριιιοιιθη]
1139 5065 1358 5120 Dircaeum
1403 5056 1668 5120 legendum
1717 5063 1811 5117 est,
1837 5055 1921 5120 qui
1944 5055 2120 5110 ist/tino

539 5120 735 5181 ιιεῃιφιζ.
755 5115 983 5181 [quidem
1007 5119 1083 5181 vix
1111 5119 1253 5168 aliter
1275 5115 1752 5181 sensus'quadraret.

547 5171 999 5297 ωίῗιὲιξίηῂῗοῗὲιιη
1015 5180 1214 5240 Fabric.,
1234 5184 1378 5232 \‘atic.
1395 5187 1446 5233 et
1465 5171 1608 5246 [legio
1624 5194 1722 5232 uno
1739 5196 1753 5242 ;
1777 5182 1952 5244 scripta
1969 5193 2115 5240 anno,

636 5257 642 5279 >
704 5255 710 5264 ·
754 5255 828 5297 ur,
935 5274 949 5287 .

636 5267 949 5302 IuLaLul'fIVV.

2208 1734 2367 1788 situm
2417 1732 2549 1797 fuit,
2574 1731 2684 1800 jam
2727 1745 2815 1785 res
2859 1745 3046 1785 omnes
3085 1729 3284 1784 sedata:
3313 1728 3715 1796 etcmendate,
3746 1740 3801 1786 et

2212 1825 2418 1879 sublata
2465 1822 2644 1877 omnia
2687 1821 2936 1876 scandala
2983 1819 3227 1886 fuissent,
3259 1819 3660 1890 gauderentque
3699 1819 3803 1874 Ec-

2213 1918 2392 1973 clesiae
2435 1916 2715 1987 tranquilla
2763 1925 2818 1970 et
2861 1914 3070 1970 sincera
3117 1927 3291 1982 pace:
3323 1921 3380 1969 et
3417 1922 3600 1968 essent
3643 1912 3803 1984 plane

2213 2008 2445 2066 secunda
2481 2010 2657 2065 omnia
2678 2049 2693 2073 ,
2733 2022 2796 2062 ac
2833 2013 3154 2075 contempta:
3189 2005 3334 2075 leges
3365 2005 3687 2074 violataque
3715 2021 3806 2075 pa-

2213 2111 2354 2157 trum
2400 2099 2809 2156 constitutiones
2857 2095 3138 2150 vindicatae
3187 2093 3382 2150 forent.
3432 2097 3501 2150 At
3547 2097 3803 2166 quoniam

2214 2197 2388 2267 reipsa
2434 2195 2564 2250 nihil
2595 2195 2697 2250 tale
2721 2194 2976 2263 contigit,
3011 2206 3131 2248 cum
3168 2192 3204 2246 ii
3233 2195 3322 2262 qui
3353 2193 3525 2263 priora
3563 2195 3808 2264 aggressi

2214 2295 2371 2352 sunt,
2406 2286 2558 2341 novis
2581 2300 2642 2339 ea
2677 2284 2966 2341 sceleribus
2996 2284 3270 2338 cumulare
3293 2283 3650 2338 contendant:
3675 2285 3812 2339 nolo

2216 2376 2463 2446 equidem
2499 2376 2713 2441 omnia,
2745 2389 2866 2445 qua:
2910 2374 3120 2428 interim
3147 2382 3296 2444 gesta
3335 2384 3485 2438 sunt,
3531 2375 3809 2445 sigillatim

2216 2481 2536 2534 recensere,
2578 2465 3006 2536 quandoquidem
3046 2482 3154 2520 non
3193 2466 3366 2520 solum
3403 2465 3678 2537 epistola),
3713 2467 3809 2521 sed

2215 2567 2270 2614 et
2298 2557 2534 2612 historia:
2561 2557 2776 2612 modum
2806 2556 3202 2612 transcenderet
3233 2557 3497 2622 narratio;
3549 2567 3809 2612 caeterum

2217 2661 2446 2704 vestram
2477 2665 2574 2704 oro
2593 2647 2940 2719 vigilantiam,
2964 2657 3022 2702 ut
3044 2648 3170 2703 licet
3189 2648 3260 2701 illi
3289 2648 3466 2702 omnia
3494 2647 3812 2702 tumultibus

2219 2740 2586 2810 impleverint,
2632 2739 3098 2810 laboraverintque
3144 2740 3344 2794 morbis
3392 2739 3812 2807 incurabilibus,

2216 2841 2270 2886 et
2298 2831 2622 2902 paenitentia:
2645 2845 2750 2885 non
2769 2829 3071 2898 capacibus,
3091 2845 3211 2884 cum
3241 2841 3416 2884 tamen
3443 2845 3633 2884 curare
3655 2845 3813 2884 mor-

2218 2923 2315 2978 bos
2336 2923 2546 2977 illorum
2568 2921 2879 2985 statueritis,
2911 2921 3067 2975 malis
3089 2937 3156 2976 ne
3175 2919 3396 2987 cedatis,
3421 2935 3552 2975 neve
3570 2921 3814 2977 animum

2217 3013 2594 3084 despondeatis
2615 3056 2630 3080 ,
2661 3013 2996 3068 considerata
3026 3011 3160 3066 tanti
3200 3013 3379 3082 operis
3419 3011 3812 3082 magnitudine.

2218 3105 2498 3160 Certamen
2542 3106 2683 3160 enim
2731 3105 2862 3160 illud
2909 3103 3077 3159 ferme
3118 3119 3216 3175 pro
3263 3112 3372 3158 toto
3415 3103 3547 3159 orbe
3575 3112 3679 3171 est,
3716 3119 3812 3173 pro

2219 3198 2475 3254 Ecclesiis
2513 3198 2734 3268 dejecﬁs
2772 3207 2930 3267 atque
2969 3198 3282 3267 prostratis,
3332 3211 3429 3266 pro
3458 3197 3672 3267 populis
3700 3197 3812 3252 dis-

2219 3292 2392 3361 pe’rsis
2409 3333 2422 3353 ,
2469 3306 2566 3361 pro
2591 3291 2736 3344 clero
2764 3289 3044 3354 divexato,
3079 3305 3175 3358 pro
3202 3289 3469 3360 episcopis
3495 3290 3774 3346 exsulibus
3794 3332 3812 3358 ,

2219 3401 2315 3456 pro
2331 3382 2796 3440 constitutionibus
2813 3391 3023 3452 patrum
3047 3381 3276 3437 violatis.
3302 3382 3369 3436 Et
3389 3381 3591 3437 idcirco
3613 3383 3817 3438 iterum

2218 3487 2376 3548 atque
2405 3477 2619 3542 iterum,
2649 3483 2703 3530 et
2723 3476 2917 3546 sazpius
2937 3482 3171 3530 vestram
3198 3489 3416 3530 oramus
3442 3474 3814 3545 diligentiam,

2219 3580 2279 3624 ut
2302 3579 2500 3640 quanto
2530 3568 2700 3638 major
2729 3577 2811 3623 est
2839 3576 3145 3638 tempestas,
3174 3575 3320 3622 tanto
3348 3568 3518 3637 majus
3543 3568 3817 3626 adhibea-

2221 3671 2305 3716 tur
2343 3661 2597 3716 studium.
2638 3660 3031 3730 Exspectemus
3073 3659 3288 3731 quidem
3320 3658 3577 3725 futurum,
3622 3669 3685 3716 ut
3730 3677 3819 3717 res

2219 3753 2490 3823 aliquanto
2531 3752 2760 3823 amplius
2807 3751 3159 3822 corrigantur.
3187 3750 3340 3817 Quod
3383 3752 3429 3804 si
3477 3751 3656 3805 minus
3689 3751 3816 3822 fiet,

2219 3862 2318 3901 vos
2360 3855 2590 3900 vestram
2638 3859 2890 3900 coronam
2937 3853 3173 3914 paratam
3223 3843 3361 3912 apud
3407 3843 3817 3900 misericordem

2220 3938 2386 3992 Deum
2429 3936 2635 3992 habetis
2659 3953 2672 3990 :
2696 3945 2750 3991 et
2779 3935 2855 4000 hi,
2888 3934 2976 4004 qui
3009 3933 3196 4003 injuria
3241 3933 3578 4001 afﬁciuntur,
3610 3951 3816 3991 conso-

2220 4028 2472 4083 lationem
2521 4043 2586 4082 ex
2639 4025 2854 4081 fervore
2908 4025 3144 4079 caritatis
3191 4035 3382 4079 vestra:
3428 4039 3533 4078 non
3588 4041 3812 4095 parvam

2221 4121 2486 4190 accipient
2509 4137 2522 4172 :
2543 4134 2666 4173 nam
2697 4127 2753 4174 et
2778 4134 2876 4172 nos
2903 4118 3115 4172 tertium
3147 4133 3288 4172 nunc
3314 4133 3516 4172 annum
3541 4119 3593 4172 iu
3619 4121 3816 4174 exsilio

2222 4220 2521 4276 versantes,
2555 4211 2604 4264 in
2637 4209 2796 4274 fame,
2832 4218 3000 4278 peste,
3033 4208 3193 4274 bello,
3223 4209 3490 4263 continuis
3517 4208 3819 4265 obsidioni-

2224 4301 2344 4367 bus,
2373 4301 2659 4356 solitudine
2682 4299 3001 4364 incredibili,
3028 4299 3332 4369 qumidiana
3360 4309 3555 4363 morte,
3585 4309 3637 4354 et
3665 4299 3818 4355 Isau-

2223 4393 2350 4446 ricis
2378 4392 2597 4461 gladiis,
2638 4406 2743 4445 non
2782 4390 3122 4445 mediocriter
3150 4390 3492 4444 consolantur
3521 4390 3734 4445 stabilis
3765 4402 3821 4446 et

2223 4493 2472 4538 constans
2498 4491 2679 4536 vester
2702 4481 2922 4536 affectus
2949 4496 3012 4536 ac
3043 4480 3233 4536 ﬁducia
3259 4523 3273 4547 ,
3306 4481 3636 4550 mirificeque
3665 4483 3818 4537 obleo

2222 4584 2395 4629 etatur
2425 4573 2662 4628 beneﬁca
2693 4583 2748 4629 et
2775 4574 2984 4629 sincera
3023 4581 3197 4627 vestra
3239 4573 3453 4627 caritas.
3502 4572 3599 4626 llic
3625 4583 3819 4629 noster

2225 4681 2408 4720 murus
2430 4708 2442 4730 ,
2475 4665 2591 4721 ιιωο
2619 4665 2905 4732 securitas,
2935 4664 3022 4720 hic
3062 4675 3247 4734 portus
3294 4665 3494 4735 absque
3521 4664 3777 4721 ﬂuctibus
3796 4707 3813 4733 ,

2224 4758 2310 4812 hic
2348 4759 2744 4812 innumerorum
2789 4757 3048 4812 bonorum
3091 4755 3398 4820 thesaurus,
3453 4755 3569 4809 haec
3615 4756 3818 4812 laetitia

2225 4849 2572 4914 miriﬁcarque
2614 4847 2900 4916 voluptatis
2946 4862 3104 4902 causa
3146 4856 3250 4901 est.
3295 4846 3404 4900 Etsi
3435 4845 3487 4899 in
3519 4844 3820 4900 desolatioo.

2225 4956 2362 5007 rem,
2396 4955 2555 5010 quam
2602 4937 2672 4993 sit
2713 4938 2851 5004 iste,
2895 4937 3070 4993 locum
3115 4938 3304 4992 iterum
3346 4936 3660 5004 abigemur,
3705 4950 3808 4990 non

2224 5047 2443 5103 parvam
2478 5030 2600 5085 hinc
2625 5029 2882 5084 habentes
2910 5039 3214 5085 nostrarum
3245 5027 3596 5084 afﬁictionum
3621 5041 3810 5084 conso-

2226 5125 2478 5180 lationem
2515 5123 2742 5179 abimus.

1937 5506 2380 5588 me»
