4030 6206
1750 287 2128 346 EPISTULE.

322 401 3566 423 $-MWWO‘C~

653 475 1167 569 DlLECTO
1238 477 1669 567 FRATRI
1743 477 2183 568 JOANNI
2263 479 3082 572 INNOCENTIUS
3131 464 3251 571 (³).

374 640 485 695 Etsi
517 640 784 710 insontem
813 638 991 694 omnia
1014 647 1326 707 exspectare
1356 641 1489 694 bona
1513 648 1568 694 et
1593 654 1624 694 a
1654 640 1762 696 Deo
1791 641 1894 695 mi-

299 731 656 787 sericordiam
687 741 872 802 petere
901 731 1126 798 deceat,
1156 741 1330 786 tamen
1354 731 1511 786 etiam
1533 748 1562 786 a
1589 732 1742 787 nobis
1763 774 1778 798 ,
1807 734 1897 803 qni

297 824 611 893 patientiam
639 823 925 878 suademus
947 862 963 888 ,
991 831 1357 892 competentes
1385 823 1554 879 litera:
1585 839 1680 894 per
1702 825 1892 897 Cyria-

295 930 417 968 cum
453 912 528 984 (b)
561 914 845 968 diaconum
880 922 1004 968 sunt
1035 914 1360 969 transmissa:
1401 932 1415 969 :
1461 931 1530 970 ne
1576 917 1893 970 contumelia

297 1009 421 1078 plus
471 1008 660 1061 virium
712 1007 904 1061 habeat
937 1006 1004 1061 ad
1053 1007 1502 1077 opprimendum,
1550 1023 1709 1078 quam
1757 1009 1894 1064 bona

292 1099 623 1152 conscientia
654 1096 719 1152 ad
757 1113 905 1166 spem
939 1097 1256 1153 habendam.
1288 1097 1471 1169 Neque
1513 1099 1655 1154 enim
1700 1108 1755 1154 tu
1795 1100 1893 1154 do.

290 1192 408 1245 ceri
438 1192 604 1246 debes
627 1231 643 1256 ,
672 1199 749 1244 tot
777 1191 1091 1261 populorum
1121 1191 1310 1264 doctor
1337 1202 1390 1248 et
1415 1201 1598 1264 pastor
1621 1234 1636 1260 ,
1665 1194 1894 1264 optimos

287 1300 538 1354 quosque
562 1300 775 1354 semper
814 1296 867 1340 et
907 1285 1118 1340 assidue
1161 1286 1408 1355 probari,
1459 1303 1585 1341 num
1626 1287 1676 1341 in
1713 1287 1895 1357 vigore

289 1378 568 1447 patientia:
610 1387 996 1448 permaneant,
1031 1393 1131 1432 nec
1173 1379 1264 1433 ulli
1317 1379 1482 1434 labori
1525 1395 1588 1434 ac
1636 1381 1893 1436 molestia:

285 1468 646 1524 succumbant
675 1486 689 1522 :
719 1477 776 1523 et
801 1470 1178 1523 conscientiam
1199 1483 1318 1524 esse
1348 1485 1458 1523 rem
1485 1469 1769 1524 admodum
1799 1470 1893 1524 lir-

364 1580 438 1642 (a)
470 1581 604 1630 Prior
628 1581 835 1644 epistola
849 1583 1024 1644 scripta
1050 1589 1126 1631 est
1142 1595 1268 1630 anno
1282 1581 1389 1632 403.
1412 1589 1459 1631 In
1485 1581 1563 1632 illa
1587 1585 1894 1634 Innocentius

291 1645 494 1717 apati-itis
518 1656 697 1717 nomen
721 1645 892 1717 primo.
910 1644 1092 1717 deinde
1107 1657 1248 1717 suum
1274 1646 1406 1717 ponit
1419 1659 1443 1717 ;_
1453 1658 1596 1717 secus
1612 1647 1658 1694 in
1682 1659 1894 1717 sequen-

292 1705 460 1772 ti._ubi
483 1706 804 1772 presbyteros
827 1714 878 1754 et
899 1705 1086 1772 elerum
1109 1705 1386 1772 alloquitur.
1428 1714 1511 1757 1132
1540 1708 1652 1758 dua:
1671 1705 1891 1772 epistola:

292 1766 540 1827 habentur
565 1766 688 1827 apud
711 1774 894 1817 δοκοίη.
921 1767 954 1815 l.
979 1769 1030 1827 8,
1053 1781 1098 1817 c.
1123 1767 1202 1816 26.

363 1825 432 1887 (b)
464 1825 686 1890 Cyriaetts
707 1828 938 1879 diaconus
958 1825 1024 1878 ab
1043 1836 1226 1879 Joanne
1250 1837 1417 1880 nostro
1461 1829 1520 1878 ad
1558 1831 1891 1879 innocentium

291 1891 489 1946 missus,
531 1904 640 1954 cum
678 1891 768 1940 hac
813 1891 1015 1954 epistola
1060 1893 1291 1944 remissus
1330 1891 1479 1942 fuisse
1522 1893 1770 1952 creditur;
1795 1905 1891 1954 quo

289 1957 522 2012 tempore
545 1953 720 2001 missus
747 1953 1066 2014 reniissusve,
1113 1955 1162 2002 in
1185 1954 1288 2003 \‘ita
1308 1954 1626 2016 Cbrysostomi
1663 1954 1890 2016 disquisi-

2004 657 2144 696 mam
2173 643 2430 700 adversus
2453 648 2627 701 omnia
2651 663 2769 718 qua:
2797 647 2991 719 injuste
3017 651 3264 706 accidunt
3294 670 3309 708 :
3337 668 3459 725 qua:
3490 655 3588 711 nis:

2001 735 2121 804 quis
2149 735 2426 790 tolerantia
2467 741 2835 808 superaverit,
2881 742 3034 795 malm
3076 745 3392 812 suspicionis
3432 759 3586 816 argu-

2004 835 2240 880 mentum
2273 826 2338 906 de
2374 842 2433 882 se
2463 828 2680 897 prmbet.
2707 828 2905 885 Cuncta
2931 832 3072 886 enim
3103 832 3330 889 tolerare
3355 833 3515 890 debet
3546 836 3588 890 is

2000 917 2089 986 qui
2143 917 2251 972 Deo
2299 919 2528 988 primum
2557 961 2572 986 ,
2616 921 2914 993 deindeque
2959 925 3188 995 propria:
3249 929 3590 984 conscientias

1999 1006 2220 1062 confidit
2246 1023 2260 1071 ;
2291 1010 2370 1063 vir
2398 1009 2592 1080 quippe
2619 1011 2790 1066 bonus
2815 1015 3052 1068 exerceri
3082 1015 3293 1084 quidem
3324 1028 3498 1086 potest
3521 1018 3588 1073 ad

2002 1098 2334 1153 tolerantiam
2363 1141 2377 1164 ,
2411 1101 2548 1155 vinci
2577 1112 2751 1157 autem
2780 1104 3000 1172 nequit,
3039 1106 3158 1176 quia
3201 1106 3317 1176 ejus
3356 1120 3586 1164 tuentem

1999 1187 2192 1244 divina:
2222 1189 2514 1260 Scriptura:
2543 1193 2851 1249 custodiunt
2883 1213 2895 1248 :
2936 1195 3205 1252 abundant
3235 1199 3375 1254 enim
3402 1216 3588 1256 exem-

2002 1280 2102 1350 plis
2132 1280 2325 1336 divina:
2375 1282 2628 1338 lectiones
2652 1325 2668 1352 ,
2714 1301 2845 1356 quas
2884 1288 3092 1357 populis
3140 1289 3438 1347 tradimus:
3471 1309 3590 1364 qua:

1999 1385 2186 1428 omnes
2237 1374 2348 1430 fere
2393 1387 2606 1431 sanctos
2655 1379 2817 1432 variis
2860 1379 3034 1435 modis
3079 1396 3326 1454 saepeque
3370 1395 3590 1441 vexatos

1997 1460 2162 1517 fuisse
2182 1503 2195 1526 ,
2223 1474 2277 1518 et
2305 1469 2453 1535 quasi
2488 1467 2537 1521 in
2569 1467 2812 1524 examine
2841 1471 3070 1540 quodam
3103 1474 3354 1543 probatos
3383 1475 3545 1532 fuisse
3571 1519 3585 1540 .

1997 1563 2154 1626 atque
2183 1557 2252 1611 ita
2281 1559 2547 1627 patientia:
2573 1575 2825 1616 coronam
2870 1563 3091 1633 adeptos
3134 1580 3255 1620 esse
3295 1567 3588 1622 te5tilican-

1998 1654 2104 1700 tur.
2137 1646 2460 1703 Consoletur
2485 1651 2759 1706 caritatem
2792 1661 2934 1706 tuam
2966 1653 3079 1723 ipsa
3107 1655 3269 1710 animi
3306 1659 3574 1712 conscien-
3619 1663 3632 1678 ’

1995 1737 2067 1790 tia
2092 1779 2107 1803 ,
2139 1738 2304 1792 frater
2325 1739 2599 1795 carissime
2624 1783 2639 1808 ,
2665 1757 2784 1812 qua:
2811 1743 2864 1796 in
2896 1745 3281 1800 calamitatibus
3309 1747 3444 1802 solet
3470 1763 3589 1802 esse

1997 1830 2207 1885 virtutis
2241 1834 2556 1887 consolatio.
2601 1835 2938 1905 lnspectante
2984 1837 3124 1891 enim
3165 1838 3390 1894 Domino
3434 1839 3589 1896 Chri-

1997 1929 2083 1974 sto
2107 1961 2121 1987 ,
2150 1921 2202 1974 in
2231 1931 2387 1991 portu
2419 1923 2563 1992 pacis
2592 1933 2814 1994 purgata
2843 1924 3170 1980 conscientia
3199 1927 3437 1982 sistetur.

1209 2153 2003 2238 INNOCENTIUS
2060 2151 2683 2236 EPlSCOPUS

296 2249 722 2329 PRESBYTER”
781 2287 861 2328 ΕΤ
902 2286 1194 2330 DIACONIS
1240 2289 1676 2341 UNIVEBSOQUE
1732 2289 1884 2332 οιιςιι

2001 2287 2077 2330 AC
2127 2287 2370 2331 POPULO
2413 2288 2725 2332 ECCLESIIB
2791 2287 3578 2350 εοΝεΤΑΝτιΝοΡοιιτΑΝδ,

776 2366 886 2419 QUI
931 2367 1185 2412 SUBDITI
1225 2368 1388 2412 SUNT
1431 2367 1728 2413 EPISCOPO
1769 2367 2020 2421 JOANNI,
2068 2367 2354 2411 DILECTIS
2398 2368 2779 2426 FRATRIBUS,
2824 2368 3142 2412 SALUTEM.

371 2490 448 2545 Ex
494 2490 661 2545 literis
698 2491 936 2545 caritatis
980 2502 1173 2547 vestrae
1198 2533 1212 2559 ,
1257 2509 1386 2563 quas
1424 2509 1522 2564 per
1564 2494 1887 2551 Germanum

291 2582 668 2654 presbyterum
711 2593 765 2638 et
808 2584 1117 2638 Cassianum
1145 2585 1430 2640 diaconum
1469 2587 1686 2642 misistis
1711 2628 1726 2653 ,
1765 2603 1886 2643 sce-

291 2689 420 2728 nam
453 2675 710 2729 malorum
737 2715 752 2739 ,
780 2689 938 2743 quam
965 2674 1036 2728 ob
1060 2676 1244 2730 oculos
1274 2677 1524 2746 posuistis
1548 2719 1562 2744 ,
1595 2679 1749 2732 anxia
1783 2678 1889 2733 sol-

299 2767 579 2822 licitudine
603 2769 826 2837 cognovi
851 2785 864 2830 ;
889 2769 1205 2839 quantisque
1234 2771 1488 2825 :rrumnis
1516 2787 1579 2826 ac
1607 2772 1890 2827 difficulta-

291 2857 441 2911 tibus
470 2856 601 2912 fides
631 2858 834 2912 laboret
858 2900 873 2924 ,
899 2859 1094 2928 saepius
1121 2861 1340 2928 repetita
1367 2861 1593 2918 lectione
1621 2865 1842 2934 cognovi
1869 2883 1883 2920 :

287 2963 456 3018 quam
482 2965 595 3003 rem
635 2951 746 3004 sola
787 2951 1084 3006 consolatio
1127 2954 1394 3022 patientia:
1442 2970 1632 3011 sanare
1675 2967 1883 3027 potest;

293 3041 447 3096 dabit
471 3043 612 3095 enim
641 3043 786 3097 brevi
821 3043 959 3098 Deus
989 3054 1174 3099 noster
1201 3047 1359 3101 tantis
1399 3050 1652 3102 aerumnis
1686 3049 1845 3104 finem
1868 3092 1882 3116 ,

288 3142 350 3187 et
378 3133 494 3187 btrc
525 3133 782 3189 tolerasse
810 3134 1032 3203 juvabit.
1073 3136 1359 3191 Enimvero
1400 3141 1538 3192 hanc
1579 3139 1744 3208 ipsam
1787 3155 1885 3195 ne-

300 3225 588 3279 oessariam
615 3227 1033 3281 consolationem
1063 3227 1114 3280 in
1146 3228 1368 3283 exordio
1395 3229 1666 3285 literarum
1693 3241 1886 3288 vestrae

288 3318 533 3373 caritatis
558 3320 786 3388 positam
819 3319 1146 3388 propositum
1182 3330 1419 3375 vestrum
1458 3322 1700 3376 laudibus
1743 3323 1884 3378 cele-

293 3410 515 3464 brantes
544 3411 855 3480 agnovimus
880 3453 893 3476 ,
924 3411 1102 3465 multis
1129 3412 1448 3468 testimoniis
1475 3413 1540 3468 ad
1578 3414 1884 3483 patientiam

291 3502 671 3556 inducentibus
701 3503 1015 3557 instructum
1042 3519 1057 3569 ;
1100 3504 1167 3558 ita
1199 3514 1254 3558 ut
1281 3505 1697 3560 consolationem
1726 3521 1884 3576 quam

290 3608 394 3663 per
424 3593 602 3648 literas
631 3594 783 3647 vobis
813 3593 940 3648 dare
968 3594 1293 3650 debebamus
1318 3637 1333 3661 ,
1368 3596 1464 3664 ipsi
1495 3595 1666 3652 literis
1695 3599 1886 3652 vestris

292 3685 682 3752 prteveneritis.
709 3684 858 3739 Hanc
877 3686 1072 3755 quippe
1096 3686 1349 3740 Dominus
1371 3696 1552 3742 noster
1577 3689 1882 3758 patientiam

291 3774 662 3828 laborantibus
714 3784 968 3845 praestare
1006 3775 1183 3842 Solet,
1233 3785 1293 3831 ut
1334 3778 1493 3832 etiam
1539 3778 1590 3832 in
1632 3779 1884 3834 :crumnis

288 3868 616 3934 semetipsos
655 3867 794 3921 servi
831 3867 1031 3922 Christi
1074 3868 1453 3934 COIISOienlur,
1499 3883 1680 3923 secum
1725 3885 1883 3939 repu-

289 3967 470 4012 tantes
496 3973 557 4011 ea
583 3999 598 4024 ,
627 3973 744 4027 qua:
771 3957 870 4027 ipsi
895 3959 1163 4028 patiuntur
1186 3998 1201 4023 ,
1227 3959 1424 4013 sanctis
1449 3960 1577 4013 viris
1596 3959 1704 4028 jam
1727 3971 1882 4015 antea

286 4051 599 4118 contigisse.
632 4049 744 4104 lmo
775 4065 872 4105 nos
897 4051 1057 4104 etiam
1085 4066 1152 4106 ex
1184 4051 1312 4120 ipsis
1338 4050 1506 4105 literis
1530 4051 1723 4106 vestris
1749 4067 1882 4106 con-

286 4143 611 4196 solationem
642 4143 960 4211 depromere
988 4157 1270 4212 possumus
1304 4159 1317 4196 :
1351 4157 1523 4213 neque
1552 4143 1693 4197 enim
1723 4158 1752 4196 a
1783 4143 1882 4197 do-

289 4233 423 4288 loris
448 4232 610 4287 vestri
636 4234 907 4288 consortio
933 4234 1091 4288 alieni
1109 4249 1314 4301 sumus,
1343 4249 1465 4289 cum
1491 4243 1544 4288 et
1571 4234 1668 4304 ipsi
1701 4235 1882 4288 vobis-

285 4341 416 4380 cum
442 4325 763 4380 cruciemur.
794 4325 923 4392 Quis
957 4327 1100 4380 enim
1123 4324 1352 4380 facinora
1377 4340 1563 4380 eorum
1595 4324 1736 4380 ferre
1762 4341 1882 4394 pos-

287 4417 406 4481 sit,
435 4430 568 4485 quos
606 4417 657 4471 in
703 4417 887 4486 primis
925 4415 1151 4471 decebat
1187 4417 1582 4487 tranquillitatis
1605 4458 1620 4483 ,
1662 4419 1804 4486 pacis
1829 4426 1884 4472 et

286 4505 595 4562 concerdia:
621 4506 890 4561 studiosos
918 4507 1082 4562 esse?
1110 4506 1260 4561 Nunc
1288 4518 1613 4577 pra‘posleru
1642 4525 1788 4562 more
1815 4525 1880 4563 ex

289 4599 514 4654 sedibus
557 4600 912 4655 Ecclesiarum
949 4615 1165 4655 suarum
1193 4601 1540 4654 exturbantur
1579 4602 1880 4655 sacerdotes

289 4693 556 4748 insontes.
590 4691 738 4759 Quod
768 4690 980 4760 quidem
1014 4690 1214 4760 primus
1251 4689 1442 4760 injuste
1482 4705 1765 4761 perpessus
1799 4700 1880 4745 cst

285 4783 457 4838 frater
497 4793 551 4837 et
575 4782 941 4837 comtninister
967 4792 1152 4836 noster
1195 4781 1428 4836 Joannes
1473 4779 1753 4852 episcopus
1789 4797 1881 4836 ve-

281 4887 402 4932 ster
424 4916 438 4939 ,
467 4875 558 4945 qui
587 4890 693 4930 non
717 4875 929 4929 auditus
971 4875 1020 4929 in
1045 4874 1243 4943 judicio
1271 4874 1362 4928 fuit
1399 4892 1412 4930 :
1445 4875 1644 4929 nullum
1675 4878 1878 4930 crimen

282 4965 556 5036 profertur
581 5009 597 5032 ,
631 4967 832 5020 nullum
863 4965 1096 5021 auditur.
1125 4966 1401 5033 Quodnam
1431 4965 1535 5022 hoc
1574 4977 1658 5022 est
1696 4968 1878 5037 perni-

283 5059 496 5113 ciosum
525 5057 854 5112 consilium?
879 5056 945 5113 Ut
971 5074 1038 5112 ne
1082 5057 1163 5113 vel
1203 5067 1448 5128 suppetat
1487 5059 1568 5113 vel
1611 5068 1878 5129 quaeratur

281 5147 500 5203 occasio
522 5147 705 5216 judicii
730 5188 747 5211 ,
787 5148 839 5201 in
882 5148 1052 5203 locum
1084 5148 1376 5202 viventium
1417 5147 1754 5202 sacerdotum
1782 5145 1870 5202 alii

281 5239 718 5294 substituuntur:
749 5241 900 5310 quasi
931 5254 1059 5294 vero
1089 5239 1122 5293 ii
1149 5239 1239 5310 qui
1277 5239 1344 5294 ab
1379 5238 1480 5294 hoc
1511 5239 1746 5296 facinore
1772 5255 1869 5294 au-

281 5332 474 5400 spicati
501 5339 628 5386 sunt
649 5371 667 5398 ,
710 5331 908 5402 aliquid
940 5331 1064 5386 boni
1093 5331 1287 5386 habere
1313 5372 1329 5396 ,
1372 5340 1466 5384 aut
1500 5331 1695 5400 aliquid
1743 5332 1868 5386 recti

281 5424 460 5492 egisse
483 5464 498 5488 ,
531 5438 560 5477 a
587 5437 852 5493 quoquam
873 5423 1099 5494 judieari
1130 5423 1349 5493 possint.
1380 5421 1561 5492 Neque
1585 5423 1723 5477 enim
1753 5422 1871 5477 talia

281 5528 535 5583 umquam
562 5528 592 5566 a
619 5515 851 5581 patribus
892 5514 1090 5569 ttostris
1125 5523 1274 5583 gesta
1314 5528 1432 5569 esse
1473 5515 1868 5584 comperimus;

280 5603 412 5674 quin
439 5605 699 5673 potiusea
727 5605 988 5675 prohibita
1033 5613 1194 5671 sunt,
1239 5619 1359 5660 cum
1406 5606 1603 5660 nemini
1651 5605 1872 5662 facultas

285 5693 410 5744 data
441 5692 510 5746 sit
533 5689 695 5746 alium
720 5690 1000 5746 ordinandi
1028 5692 1080 5746 in
1106 5691 1279 5750 locum
1306 5692 1530 5750 viventis
1548 5693 1840 5763 cujuspiam
1858 5729 1876 5750 .

285 5783 474 5854 Neque
497 5779 640 5839 enim
669 5781 898 5855 reproba
923 5782 1201 5860 ordinatio
1239 5784 1532 5844 sacerdOtis
1570 5784 1876 5860 dignitatem

1992 2486 2204 2541 auferre
2231 2493 2406 2556 potest
2434 2501 2447 2538 :
2477 2482 2906 2554 quandoquidem
2941 2482 3224 2554 episcopus
3260 2495 3366 2536 non
3407 2487 3584 2552 potest

1994 2591 2115 2632 esse
2142 2577 2186 2632 is
2212 2577 2298 2647 qui
2331 2577 2523 2647 injuste
2551 2576 2906 2632 substituitur.
2931 2576 3196 2642 Quantum
3225 2572 3292 2628 ad
3315 2588 3577 2629 canonum

1993 2667 2384 2721 observantiam
2432 2668 2660 2733 attinet,
2704 2666 2834 2721 solis
2881 2665 2985 2720 illis
3019 2663 3310 2734 parendum
3352 2663 3580 2722 dicimus

1993 2759 2081 2827 qui
2107 2758 2298 2814 Nicaea:
2327 2758 2530 2813 deliniti
2556 2767 2682 2813 sunt
2711 2776 2724 2812 :
2759 2773 2894 2827 quos
2922 2757 3067 2813 solos
3093 2757 3284 2814 sectari
3325 2765 3379 2812 et
3415 2772 3582 2832 agno-

1997 2864 2149 2905 scere
2181 2849 2341 2904 debet
2369 2849 2631 2905 eatholira
2660 2849 2918 2905 Ecclesia.
2958 2848 3108 2917 Quod
3139 2849 3182 2904 si
3209 2863 3236 2902 a
3264 2848 3580 2920 quibusdam

1993 2942 2082 2995 alii
2107 2941 2447 3012 proferantur
2469 2983 2484 3009 ,
2513 2941 2602 3012 qui
2631 2957 2662 2996 a
2692 2941 2922 2997 Nicmnis
2966 2941 3259 2997 canonibus
3294 2940 3540 2996 differant
3560 2981 3580 3008 ,

1993 3042 2050 3088 et
2078 3033 2144 3087 ab
2173 3033 2434 3088 luereticis
2459 3034 2737 3104 compositi
2759 3049 2878 3089 esse
2901 3043 3189 3104 arguantur
3213 3075 3231 3101 ,
3261 3033 3312 3087 hi
3343 3048 3372 3088 a
3402 3033 3583 3088 catho-

1993 3123 2113 3179 licis
2142 3125 2408 3195 episcopis
2437 3124 2710 3194 rejiciendi
2739 3132 2883 3178 sunt.
2911 3122 3042 3178 Nam
3082 3139 3200 3193 qua:
3225 3123 3292 3178 ab
3317 3122 3584 3182 luercticis

1998 3223 2122 3269 sunt
2146 3216 2442 3285 excogitata
2467 3257 2481 3279 ,
2513 3215 2790 3270 catholicis
2817 3214 3109 3270 canonibus
3129 3213 3450 3283 conjungere
3473 3227 3578 3268 non

1994 3304 2114 3360 licet
2143 3323 2156 3358 :
2186 3320 2398 3374 semper
2426 3306 2566 3360 enirn
2602 3321 2694 3376 per
2722 3305 2988 3360 contraria
3027 3315 3081 3361 et
3129 3305 3308 3360 illicita
3339 3304 3582 3360 Nicatnoo

1990 3411 2109 3450 rum
2125 3395 2346 3453 Patrum
2363 3397 2646 3452 consilium
2668 3397 2988 3452 labefactare
3016 3397 3247 3452 student.
3271 3396 3385 3452 Non
3408 3396 3580 3454 solum

1993 3502 2123 3558 ergo
2169 3488 2395 3542 dicimus
2440 3488 2522 3542 his
2565 3503 2670 3543 non
2720 3487 3029 3543 ltrrendum
3077 3503 3199 3544 esse
3245 3489 3575 3553 canonibus,

1991 3595 2173 3634 verum
2190 3581 2348 3634 etiam
2363 3593 2482 3633 cum
2503 3578 2767 3634 hmreticis
2794 3588 2848 3635 et
2871 3579 3224 3634 scltismaticis
3247 3579 3582 3652 dogmatibus

1991 3671 2425 3728 condemnandos
2453 3671 2572 3726 illos
2599 3686 2720 3726 esse
2753 3689 2766 3726 :
2797 3670 3241 3741 quemadmodum
3267 3679 3320 3724 ct
3346 3678 3497 3722 antea
3528 3671 3580 3728 in

1992 3763 2294 3820 Sardicehsi
2323 3764 2528 3835 synodo
2552 3763 2617 3818 ab
2641 3763 2903 3833 episcopis
2922 3804 2936 3830 ,
2967 3762 3054 3832 qui
3077 3770 3199 3816 ante
3228 3775 3324 3814 nos
3343 3760 3576 3824 fuerunt.

1993 3856 2188 3910 factum
2234 3865 2336 3911 est.
2377 3857 2556 3910 Satius
2598 3857 2739 3909 enim
2780 3855 2938 3909 fuerit
2976 3869 3038 3908 ea
3072 3852 3412 3908 condemnari
3458 3869 3578 3922 qua:

1995 3959 2142 4005 recte
2173 3949 2305 4004 facta
2336 3959 2459 4002 sunt
2484 3988 2498 4012 ,
2525 3963 2682 4016 quam
2711 3962 2772 4001 ea
2801 3988 2816 4011 ,
2845 3960 2962 4015 qua:
2987 3953 3169 4000 contra
3196 3959 3431 3998 canones
3455 3955 3577 4000 acta

1990 4050 2113 4096 sunt
2137 4082 2150 4105 ,
2182 4041 2480 4097 firmitatem
2505 4039 2731 4106 aliquam
2758 4035 2999 4091 obtinere
3020 4075 3035 4101 ,
3059 4036 3250 4090 fratres
3277 4033 3574 4090 honoratis.

1991 4132 2130 4187 simi.
2165 4129 2269 4186 Sed
2299 4129 2422 4200 quid
2458 4128 2712 4183 adversus
2752 4126 2848 4180 ista
2889 4127 2941 4181 in
2984 4129 3231 4195 pratsenti
3280 4123 3576 4179 faciemus?

1988 4223 2295 4278 Necessaria
2335 4221 2438 4276 erit
2485 4220 2671 4290 synodi
2715 4218 2984 4290 cognitio,
3016 4234 3174 4288 quam
3215 4218 3324 4287 jam
3368 4216 3574 4289 pridem

1989 4313 2409 4386 congregandam
2439 4328 2558 4368 esse
2586 4311 2815 4366 diximus
2849 4330 2862 4366 :
2905 4325 2964 4366 ea
2990 4311 3184 4381 quippe
3207 4310 3317 4365 sola
3347 4319 3430 4364 est
3457 4323 3577 4376 qua

1990 4413 2332 4475 tempestates
2357 4401 2661 4472 ltujusmodi
2691 4402 2879 4456 sedare
2909 4399 3074 4470 possit
3105 4418 3119 4454 :
3163 4414 3320 4469 quam
3352 4408 3405 4453 ut
3436 4398 3578 4452 obti-

1989 4513 2212 4552 neamus
2239 4539 2253 4563 ,
2285 4513 2316 4552 c
2343 4512 2401 4551 re
2431 4496 2624 4559 fuerit,
2659 4504 2716 4548 ut
2746 4494 2935 4548 horum
2979 4493 3238 4546 malorum
3283 4489 3578 4546 remedium

1993 4605 2058 4645 ex
2093 4597 2219 4643 nutu
2249 4587 2424 4657 magni
2457 4586 2547 4641 Dei
2571 4595 2627 4639 et
2653 4584 2848 4639 Christi
2885 4583 2999 4653 ejus
3026 4592 3414 4663 exspectemus.
3449 4581 3578 4635 Om-

1990 4681 2074 4734 nia
2103 4678 2363 4750 siquidem
2395 4692 2515 4747 qua:
2543 4691 2684 4730 nunc
2711 4690 2804 4745 per
2845 4673 3093 4728 invidiam
3132 4673 3326 4727 diaboli
3352 4670 3417 4724 ad
3450 4669 3579 4726 fidev

1988 4772 2114 4827 lium
2146 4770 2513 4842 probationem
2544 4776 2805 4823 commota
2835 4774 2957 4820 sunt
2985 4804 3001 4831 ,
3034 4763 3399 4834 pacabuntur;
3431 4761 3574 4819 firmi

1986 4878 2049 4917 ac
2077 4861 2295 4916 stabiles
2326 4861 2379 4914 in
2410 4858 2514 4914 fide
2543 4858 2672 4912 nihil
2701 4874 2730 4910 a
2765 4856 2986 4911 Domino
3019 4871 3124 4910 non
3166 4868 3386 4924 sperare
3410 4853 3578 4908 debe-

1990 4971 2131 5008 tuus.
2164 4953 2273 5007 Nos
2296 4952 2438 5006 enim
2469 4948 2693 5004 multum
2724 4946 3082 5002 deliberamus
3123 4943 3390 5016 quomodo
3427 4961 3576 5000 mcu-

1985 5045 2190 5098 menica
2235 5043 2471 5114 synodus
2511 5038 2829 5095 celebranda
2867 5038 2972 5101 sit,
3022 5048 3080 5092 ut
3113 5053 3206 5108 per
3247 5038 3575 5093 voluntatem

1985 5137 2077 5193 Dei
2107 5136 2391 5190 turbulenti
2432 5142 2606 5188 motus
2646 5132 2920 5188 sedeatur.
2964 5131 3348 5202 Exspectemus
3393 5131 3571 5200 itaque

1986 5230 2245 5298 tantisper
2269 5270 2283 5292 ,
2312 5237 2366 5282 et
2392 5226 2661 5296 patientia:
2693 5241 2848 5282 muro
2873 5224 3183 5281 communiti
3208 5265 3222 5286 ,
3255 5233 3445 5279 cuncta
3473 5239 3571 5278 au:

1984 5322 2112 5376 xilio
2160 5320 2250 5374 Dei
2293 5317 2620 5374 restituenda
2664 5332 2784 5372 esse
2831 5331 3129 5386 speremus.
3181 5315 3368 5370 Omnia
3416 5330 3577 5383 porro

1985 5429 2104 5485 qua:
2132 5427 2225 5466 vos
2264 5411 2499 5481 perferre
2537 5408 2744 5464 dixistis
2769 5450 2786 5476 ,
2823 5408 2932 5478 jam
2963 5417 3118 5462 antea
3163 5421 3193 5460 a
3236 5403 3580 5476 coepiscopis

1982 5521 2067 5574 qui
2117 5505 2336 5558 Romam
2383 5501 2509 5556 licet
2545 5497 2770 5555 diversis
2809 5500 3136 5568 temporibus
3173 5501 3570 5572 confugerunt,

2061 5603 2145 5649 est
2169 5607 2200 5646 a
2231 5590 2501 5648 Demetrio
2525 5631 2542 5653 .
2587 5589 2811 5662 Cyriaco
2833 5632 2847 5651 ,
2895 5565 3113 5659 Eulysio
3138 5633 3152 5653 ,
3196 5601 3250 5646 et
3294 5565 3566 5649 Palladio;

1987 5681 2078 5752 qui
2128 5679 2406 5740 nobiscum
2461 5688 2626 5750 sunt,
2673 5676 2993 5736 sciscitando
3034 5678 3193 5753 plano
3243 5693 3575 5751 comperera-

1987 5789 2125 5833 mus.
