4030 6206
457 261 579 316 £39

500 405 822 418 ...αι-ι...-
837 406 1128 420 31-..-
1181 407 1226 418 ’.ι-

1158 263 1213 317 S.
1255 263 1540 321 JOANNIS
1581 263 2066 321 CllllYSOSTOMl
2107 262 2425 320 ARCIllEP.
2467 261 3013 320 CONSTANTINOP.

3601 261 3705 316 550

3364 407 3596 415 -ο-οομ-νς-
3619 405 3659 416 u-

877 588 1540 679 EXEMPLUM
1615 592 2008 682 SACRZE
2057 575 2134 648 (³)
2183 590 2715 712 HONORII
2792 589 3349 714 AUGUSTI,

1333 786 1550 841 ωιεεις
1594 798 1678 838 AD
1726 798 2068 843 PBINCIPEM
2115 799 2408 843 ORIENTIS
2457 799 2806 844 ΑιιοΑοιυΜ.

519 1118 774 1204 ῥικιιιιιοῑε
817 1155 978 1211 super
1022 1141 1249 1210 imagine
1292 1145 1576 1213 muliebri,
1614 1165 1752 1206 novo
1794 1156 2043 1226 exemplo

452 1243 548 1296 per
571 1231 878 1298 provincias
907 1233 1216 1288 circumlata
1240 1275 1256 1301 ,
1304 1246 1357 1291 et
1396 1237 1586 1294 diffusa
1615 1257 1709 1310 per
1737 1246 2042 1303 universum

451 1321 710 1376 mundum
739 1324 1148 1380 obtrectantium
1181 1326 1318 1382 fama
1353 1329 1521 1388 literis
1549 1335 1667 1391 aliis
1693 1351 2040 1398 commonuc-

452 1413 553 1466 rim
586 1455 603 1480 ,
634 1425 691 1469 ut
722 1417 844 1470 ta’lis
869 1416 991 1472 facti
1021 1420 1330 1486 pmnitenlia
1352 1435 1404 1478 et
1427 1424 1820 1487 intermissione
1850 1449 2044 1503 propo-

453 1504 540 1558 siti
569 1520 750 1560 rumor
773 1508 994 1562 aemulus
1020 1524 1404 1580 consenescat,
1435 1525 1488 1570 et
1527 1519 1670 1588 quod
1711 1521 1762 1576 in
1805 1525 2042 1582 moribus

455 1605 676 1664 carpat,
709 1597 918 1666 publica
963 1599 1140 1670 lingua
1190 1619 1295 1657 non
1343 1605 1536 1662 habeat
1565 1626 1578 1659 :
1612 1614 1857 1681 quamvis
1881 1617 2042 1672 etiam

455 1701 616 1755 super
640 1688 850 1744 excidio
872 1693 1147 1760 pereuntis
1172 1693 1364 1766 Illyrici
1392 1699 1480 1767 pio
1505 1700 1645 1770 apud
1671 1719 1765 1758 vos
1789 1707 2042 1774 prodide-

457 1777 627 1831 rimus
656 1777 847 1834 all‘ectu
878 1822 894 1846 ,
925 1797 1046 1838 esse
1073 1784 1226 1838 nobis
1253 1786 1422 1842 dolori
1449 1830 1463 1852 ,
1496 1803 1590 1846 cur
1631 1793 1729 1847 ista
1757 1810 1852 1850 vos
1880 1796 2042 1852 detri-

454 1876 630 1923 menta
657 1871 968 1940 reipublica:
997 1875 1273 1931 nolueritis
1297 1894 1588 1948 agnoscere
1610 1923 1625 1948 ,
1653 1896 1707 1938 et
1726 1885 1844 1939 aliis
1865 1889 2043 1957 potius

461 1959 724 2014 indicibus
751 1977 908 2031 quam
956 1965 1166 2034 pietatis
1208 1978 1398 2023 vestrae
1443 1971 1613 2026 literis
1664 1973 1858 2030 fuerint
1908 1994 2044 2032 nun-

455 2049 584 2104 tiata
609 2067 624 2105 :
651 2058 827 2107 tamen
866 2069 932 2108 ne
970 2055 1098 2110 illud
1141 2059 1356 2128 quidem
1397 2062 1537 2132 apud
1583 2066 1922 2122 serenitatem
1953 2084 2044 2125 ve-

461 2148 629 2214 stram
659 2141 996 2200 dissimulare
1035 2163 1132 2202 nos
1159 2150 1237 2203 fas
1262 2161 1385 2218 est,
1413 2154 1554 2222 quod
1583 2156 1634 2210 in
1666 2159 1824 2214 rebus
1850 2160 2043 2218 divinis

455 2245 561 2285 non
603 2233 720 2288 sine
757 2235 952 2302 publici
993 2238 1317 2297 discriminis
1357 2255 1502 2300 metu
1541 2251 1844 2317 nuperrime
1872 2257 2044 2311 couti-

453 2320 596 2386 gisse
622 2361 635 2384 ,
682 2322 783 2376 cita
825 2339 1143 2398 semperque
1185 2332 1446 2388 malorum
1491 2341 1855 2396 annuntiatrix
1903 2343 2040 2400 fama

454 2425 559 2464 non
590 2414 748 2467 tacuit
779 2433 792 2470 :
824 2425 878 2471 et
905 2429 960 2472 ut
988 2429 1173 2476 natura
1200 2425 1300 2479 fert
1329 2425 1606 2484 hominum
1633 2471 1648 2495 ,
1677 2448 1795 2503 qua:
1839 2435 1908 2490 ad
1939 2437 2036 2492 ob-

455 2503 786 2559 trectandum
814 2509 964 2563 novis
1009 2526 1222 2582 semper
1261 2517 1472 2574 casibus
1507 2522 1774 2578 excitatur
1799 2566 1814 2592 ,
1862 2527 2038 2584 oblata

454 2595 735 2651 occasione
761 2601 1013 2669 carpendi
1041 2644 1056 2667 ,
1091 2605 1344 2663 malitiam
1384 2625 1536 2666 suam
1579 2614 1630 2670 in
1661 2625 1898 2689 tempora
1929 2629 2040 2677 stuc

453 2683 542 2739 dio
572 2699 727 2743 sava:
755 2689 774 2762 (
803 2706 973 2748 sceva:
1003 2694 1022 2766 )
1050 2695 1384 2766 loquacitatis
1405 2716 1641 2764 exercet.

526 2775 621 2832 Est
669 2781 810 2836 enim
852 2800 1021 2855 nuper
1063 2789 1370 2860 proditum,
1404 2797 1544 2866 apud
1588 2798 2036 2877 Constantinopo-

456 2868 548 2922 lim
580 2910 594 2934 ,
637 2875 994 2933 sneratissimo
1025 2879 1242 2938 Paschze
1269 2888 1584 2946 venerabilis
1612 2890 1698 2947 die
1725 2935 1740 2959 ,
1771 2909 1892 2950 cum
1919 2913 2039 2954 om-

454 2975 550 3014 nes
580 2977 715 3030 pene
749 2965 799 3018 in
830 2969 1077 3024 eumdem
1107 2972 1279 3030 locum
1308 2978 1600 3036 vicinarum
1633 2986 1840 3042 urbium
1869 3003 2040 3060 papu-

455 3053 535 3108 los
562 3055 752 3127 religio
781 3062 1121 3130 castigatiore
1151 3068 1250 3121 sub
1275 3075 1554 3138 praesentia
1592 3078 1888 3150 principum
1934 3083 2037 3139 ritu

453 3144 771 3201 celebranda
801 3151 1128 3222 collegerat,
1160 3157 1366 3216 clausas
1409 3144 1911 3227 subitoicatholicas
1951 3188 2042 3229 ec-

452 3237 645 3291 clcsias
667 3281 681 3302 ,
714 3249 890 3297 trusos
921 3244 971 3297 in
1005 3249 1298 3304 custodiam
1343 3255 1648 3312 sacerdotes
1676 3277 1688 3308 :
1734 3263 1938 3320 scilicet
1984 3275 2041 3321 ut

453 3342 518 3380 eo
546 3329 880 3397 potissimum
911 3343 1149 3408 tempore
1176 3382 1191 3407 ,
1239 3357 1344 3413 quo
1390 3346 1712 3418 indulgentia
1761 3356 2039 3428 principali

454 3421 624 3474 tristia
663 3425 944 3480 noxiorum
984 3428 1213 3486 claustra
1266 3449 1606 3507 reserantur,
1663 3421 1776 3512 piat.
1811 3421 1948 3517 legis
1987 3459 2041 3506 ct

453 3513 600 3581 pacis
631 3516 904 3574 ministros
949 3536 1124 3578 saevus
1170 3541 1352 3584 carcer
1389 3530 1683 3591 includeret
1712 3554 1726 3591 :
1756 3541 2038 3613 omniaque

453 3603 702 3660 bellicum
735 3609 786 3661 in
837 3611 1052 3666 modum
1097 3617 1302 3672 turbata
1347 3625 1598 3692 mysteria
1622 3665 1637 3690 ,
1671 3603 1965 3686 n0nnullos'
1987 3633 2038 3688 in

451 3694 582 3762 ipsis
609 3699 848 3754 ecclesia:
875 3704 1123 3761 sacrariis
1149 3706 1494 3781 interemptos
1523 3755 1538 3780 ,
1569 3724 1873 3790 tantamque
1895 3723 2036 3779 circa

448 3785 638 3840 altaria
677 3789 782 3844 vim
827 3794 1102 3863 saeviisse,
1135 3805 1192 3851 ut
1236 3807 1290 3854 ct
1333 3805 1661 3862 venerabiles
1703 3785 1936 3881 episcopi
1980 3813 2033 3870 in

448 3877 697 3934 exsiliunt
750 3883 1122 3954 traderentur,
1179 3898 1232 3944 et
1275 3894 1488 3963 sanguis
1542 3877 1840 3966 humanus,
1887 3877 2033 3974 quod

447 3965 596 4022 dictu
623 3971 773 4027 nefas
801 3985 882 4029 est
905 4016 920 4039 ,
946 3978 1178 4034 caelestia
1204 3996 1536 4041 sacramenta
1567 3965 2033 4068 perfunderet-(l1).
2090 4001 2092 4003 ’

524 4060 616 4114 llis
646 4077 868 4132 repente
893 4074 1183 4140 compertis
1206 4115 1221 4138 ,
1253 4077 1494 4134 turbatos
1535 4096 1655 4138 esse
1702 4099 1800 4140 nos
1845 4085 2033 4144 fateor.

450 4150 580 4218 Quis
609 4156 750 4209 enim
785 4158 836 4210 in
867 4160 1098 4217 facinore
1128 4174 1233 4218 tam
1264 4183 1486 4226 cruento
1529 4174 1620 4229 Dei
1659 4179 2038 4248 omnipotentis

453 4256 558 4294 non
595 4241 804 4299 timeret
836 4248 1092 4304 offensam
1115 4253 1140 4306 ?
1163 4264 1254 4309 aut
1282 4274 1387 4326 quo
1417 4271 1568 4329 pacto
1591 4273 1740 4321 extra
1769 4283 2035 4327 summum

452 4329 678 4388 Romani
729 4336 873 4390 orbis
915 4343 1261 4412 omniumque
1311 4352 1611 4406 mortalium
1661 4367 1869 4426 putaret
1916 4377 2037 4419 esse

452 4423 937 4483 discrimcu?Cum
969 4432 1080 4501 ipse
1109 4447 1295 4491 auctor
1338 4442 1500 4495 nostri
1547 4423 1780 4516 Imperii,
1821 4463 1873 4506 et
1917 4453 2040 4510 Rei-

453 4519 675 4587 pu’blicce
699 4561 712 4584 ,
745 4537 902 4590 quam
944 4527 1097 4580 uoltis
1124 4528 1353 4585 credidit
1376 4572 1390 4596 ,
1433 4535 1756 4604 gubernator
1793 4547 2040 4615 omnipo-

450 4619 570 4664 tens
627 4610 804 4680 Deus,
873 4612 1094 4670 funestis
1163 4618 1448 4676 admodum
1515 4610 2038 4705 cxsecrabilibusque

450 4702 752 4759 commissis
783 4704 1090 4761 crederetur
1131 4709 1325 4779 irasci,
1376 4713 1576 4772 domini
1618 4724 1786 4778 sancti
1834 4702 2034 4794 frater,

453 4807 726 4864 ncposque
755 4797 978 4868 Augusti
1011 4797 1356 4858 Venerabilcs
1398 4823 1412 4858 :
1461 4821 1583 4863 cum
1614 4820 1666 4865 ct
1707 4813 1752 4868 si
1796 4816 1921 4885 quid
1967 4818 2036 4875 de

451 4898 607 4937 causa
639 4887 913 4957 religionis
940 4891 1077 4946 inter
1101 4895 1366 4951 antistites
1403 4911 1649 4969 ageretur
1673 4945 1688 4969 ,
1732 4907 2035 4979 episcopale

451 4976 744 5040 Oportucrit
773 4994 892 5034 esse
914 4980 1167 5049 judicium
1215 5003 1229 5040 :
1278 4988 1342 5043 ad
1389 4990 1508 5047 illos
1552 4995 1693 5049 enim
1737 4976 2032 5059 divinarum

514 5111 798 5194 ggl‘lancrg:
814 5117 1212 5194 At’osnfrequens
1247 5124 1307 5173 ad
1346 5127 1654 5194 significanda
1697 5130 1954 5194 diplomata
1979 5143 2032 5187 et

449 5173 682 5247 epistolas
693 5173 1088 5251 imperatorum}
1127 5194 1202 5251 est
1225 5173 1671 5251 veroiq'itasi'swddr—a
1695 5173 2034 5250 Ha:

450 5247 556 5314 run}
583 5236 895 5314 epistularum
919 5254 1072 5314 usum.
1102 5246 1273 5314 videas
1295 5236 2032 5314 apati"caiigiitfniiféiiiésééio

450 5299 629 5380 llatitt‘o.
830 5303 968 5380 initio
983 5305 1155 5380 dicitur
1168 5308 1232 5380 de
1258 5299 2028 5380 imitgiqumiiiéﬁit'éirédtﬁiéiéi

445 5357 543 5444 iam
569 5369 626 5444 lenit
883 5362 971 5414 fuit
995 5368 1056 5444 in.
1067 5431 1076 5442 _
1087 5357 1433 5444 Μριιὶῳηιιὶυέἶ
1445 5357 1715 5441 illud

449 5429 531 5492 tur
543 5419 830 5492 .de‘excidio
849 5419 1294 5492 pereuntislllyrici

513 5480 824 5566 385}
842 5480 1077 5566 βρῐιοτὶυε
1096 5489 1160 5539 de
1179 5480 1392 5566 {Ziolfnta
1407 5497 1459 5566 iit
1469 5499 1728 5566 Ecclesiam
1759 5503 2028 5566 irruptione

451 5541 514 5591 de
539 5541 1174 5629 q'uatltry'sostomus‘supra
1199 5555 1257 5629 in
1269 5541 2028 5629 ΕρὶὲῖξῙ-εξᾶ

451 5617 585 5684 βξέδφι
598 5612 768 5684 ειεξιρξ
788 5620 932 5684 ξυΡντι
945 5611 1004 5681 ,ίη
1020 5611 1205 5666 M0mm.
1226 5611 1339 5674 Qua:
1371 5631 1453 5670 res
1474 5611 1694 5684 pluribus
1711 5611 1932 5680 arcae
1944 5611 2033 5680 ’eit

447 5681 498 5718 in
523 5675 542 5714 ι
555 5670 618 5721 ita
642 5668 978 5733 chrysostomi.

2148 1171 2326 1212 rerum
2360 1159 2724 1230 interpretatio
2749 1204 2764 1227 ,
2789 1163 2855 1219 ad
2883 1180 2978 1221 nos
3012 1167 3284 1238 religionis
3326 1182 3531 1240 spectat
3573 1176 3732 1230 obse-

2146 1253 2347 1319 quium.
2383 1253 2490 1308 Sed
2515 1264 2632 1309 esto
2654 1296 2672 1322 ,
2702 1256 2802 1311 sibi
2830 1257 2898 1312 de
2933 1261 3173 1330 mysticis
3203 1269 3258 1315 et
3289 1263 3564 1319 catholicis
3590 1283 3733 1336 qum-

2145 1340 2410 1398 stionibus
2445 1346 2673 1415 amplius
2717 1349 2914 1419 aliquid
2961 1353 3265 1421 principalis
3303 1369 3430 1410 cura
3469 1373 3731 1426 praesum-

2149 1435 2313 1502 pserit
2343 1453 2357 1489 :
2391 1437 2532 1493 itane
2559 1454 2725 1509 usque
2750 1442 2816 1496 ad
2846 1444 3032 1498 exsilia
3062 1447 3400 1503 sacerdotum
3425 1493 3440 1515 ,
3470 1467 3640 1522 usque
3666 1456 3731 1509 ad

2149 1525 2424 1583 hominum
2454 1532 2627 1587 cmdes
2669 1534 2852 1590 debuit
2895 1537 3188 1608 indignatio
3234 1543 3497 1598 concitata
3549 1561 3735 1614 proce-

2147 1621 2313 1687 dere,
2345 1632 2403 1678 ut
2447 1625 2537 1679 ubi
2576 1636 2737 1683 casta:
2781 1645 3008 1700 preces,
3058 1634 3148 1688 ubi
3199 1644 3318 1689 vota
3369 1638 3574 1694 sincera
3600 1681 3617 1708 ,
3645 1641 3733 1696 ubi

2147 1715 2405 1770 sacriﬁcia
2438 1719 2640 1777 illibata,
2665 1721 2982 1790 solvuntur,
3037 1726 3145 1780 illic
3190 1743 3250 1782 se
3295 1729 3540 1798 gladius,
3591 1732 3732 1789 haud

2149 1805 2302 1863 facile
2329 1809 2556 1864 etiamin
2577 1811 2815 1882 jugulum
2845 1817 3128 1871 noxiorum
3157 1817 3574 1891 distringendus,
3604 1839 3733 1879 exe-

2148 1909 2294 1956 reret
2319 1903 2342 1954 ?
2390 1901 2573 1958 Rebus
2593 1906 2823 1976 denique
2859 1907 2988 1978 ipsis
3014 1909 3240 1966 docetur
3259 1954 3274 1978 ,
3306 1914 3433 1982 quid
3464 1930 3627 1985 super
3652 1917 3734 1973 bis

2148 1992 2579 2050 senseritdivina
2621 1997 2893 2066 majestas.
2934 1999 3169 2055 Primum
3217 2003 3432 2072 quidem
3474 2005 3574 2060 hoc
3603 2023 3735 2075 prae-

2149 2087 2316 2140 sentis
2345 2089 2777 2145 commonitionis
2799 2091 3053 2158 judicium
3086 2093 3106 2162 (
3147 2094 3400 2150 indicium
3453 2097 3472 2167 )
3505 2098 3622 2160 fuit.
3650 2108 3732 2152 at-

2149 2194 2253 2248 que
2290 2178 2490 2234 utinam
2543 2182 2737 2237 solum.
2800 2183 2947 2237 Facit
2994 2185 3136 2239 enim
3187 2185 3416 2241 humana
3455 2189 3734 2257 trepidatio

2150 2275 2280 2329 tanti
2313 2276 2412 2330 sibi
2444 2278 2658 2331 conscia
2688 2279 2997 2347 perpetrati,
3028 2288 3085 2332 ut
3122 2281 3335 2349 gravius
3355 2281 3570 2351 aliquid,
3591 2284 3735 2352 quod

2149 2373 2354 2420 avertat
2380 2369 2720 2437 omnipotens
2765 2369 2923 2438 Deus,
2959 2381 3078 2439 post
3106 2371 3356 2428 terribilis
3383 2372 3603 2428 ultionis
3633 2388 3732 2430 ex-

2153 2456 2448 2525 perimenta
2479 2467 2801 2515 metuamus.

2216 2546 2390 2602 Audio
2438 2548 2731 2605 Ecclesiam
2765 2563 3158 2608 sacrosanctam
3211 2562 3290 2609 tot
3347 2554 3729 2625 lmperatorum

2145 2639 2338 2708 opibus
2370 2642 2687 2711 expositam,
2729 2644 2979 2714 pretiosis
3018 2646 3250 2702 cultibus
3287 2649 3517 2704 nobilem
3538 2691 3554 2716 ,
3588 2659 3731 2706 tanta

2145 2731 2557 2801 supplicantium
2577 2733 2883 2806 Principum
2912 2739 3154 2793 oratione
3181 2740 3608 2816 augustissimam
3632 2740 3732 2796 lla-

2145 2836 2368 2891 grasse;
2409 2833 2465 2879 et
2491 2824 2623 2880 illud
2660 2825 3268 2898 Coustantinopolitame
3301 2832 3448 2886 urbis
3477 2831 3733 2888 Ecclesia

2147 2913 2358 2969 unicum
2389 2915 2568 2970 lumen
2599 2916 2654 2970 in
2681 2915 2890 2974 favillas
2915 2919 3199 2990 dilapsum,
3228 2922 3337 2977 Deo
3361 2937 3467 2977 non
3498 2932 3729 2987 vetante,

2147 3003 2424 3062 fumasse:
2456 3009 2726 3063 exsecrari
2766 3010 2910 3064 enim
2956 3011 3168 3067 videtur
3211 3014 3487 3084 inquinata
3529 3024 3728 3086 myste-

2148 3097 2246 3162 ria,
2267 3107 2322 3153 et
2349 3101 2608 3156 avertisse
2630 3102 2816 3157 oculos
2841 3103 2909 3158 ab
2937 3118 3004 3158 eo
3030 3105 3166 3171 loco,
3199 3122 3358 3176 quem
3385 3106 3494 3176 jam
3515 3108 3730 3178 sanguis

2148 3188 2425 3258 infecerat,
2455 3207 2524 3246 ne
2553 3192 2842 3249 obsecrare
2890 3195 3011 3265 quis
3051 3197 3302 3266 pietatem
3337 3199 3607 3254 cmlestem
3633 3201 3731 3255 sub

2145 3281 2385 3336 cruentis
2442 3293 2626 3353 posset
2669 3285 2946 3340 altaribus.
2991 3286 3239 3344 IEditicia
3276 3304 3488 3360 quoque
3527 3290 3725 3354 divina,

2147 3385 2252 3425 non
2289 3373 2496 3429 minore
2542 3360 2832 3444 splendore
2869 3377 3088 3444 nobilia,
3133 3395 3199 3434 ex
3236 3381 3590 3437 concitatione
3632 3397 3734 3438 sa:-

2146 3464 2339 3520 vieutis
2379 3467 2630 3535 incendii,
2685 3469 2898 3524 ﬂamma
2940 3485 2999 3526 sc
3043 3471 3200 3526 latius
3242 3472 3735 3538 etl‘undente,con-

2146 3564 2353 3625 sumpta
2383 3572 2397 3622 ;
2430 3566 2482 3611 et
2521 3573 2640 3627 quae
2665 3559 2927 3628 publicam
2979 3561 3167 3616 faciem
3207 3563 3474 3618 elaborata
3507 3579 3536 3618 a
3568 3565 3735 3634 majo-

2146 3646 2292 3701 ribus
2336 3649 2534 3703 nostris
2577 3660 2890 3706 ornamenta
2919 3651 3264 3720 decorabant,
3307 3656 3457 3710 velut
3499 3658 3728 3726 quodam

2145 3737 2290 3792 orbis
2321 3737 2506 3793 funere
2534 3751 2893 3798 concremata.
2915 3743 3039 3799 Haec
3072 3760 3199 3815 ergo
3223 3751 3464 3816 quamvis
3492 3749 3734 3803 crebrius

2144 3828 2348 3899 injuriis
2375 3831 2650 3890 lacessitus
2673 3845 2846 3891 tacere
2877 3836 3148 3891 debuerim
3180 3877 3196 3904 ,
3241 3853 3340 3894 nec
3358 3839 3736 3908 conjunctissi-

2143 3939 2288 3978 mum
2325 3925 2541 3980 fratrem
2572 3927 2826 3997 regnique
2874 3939 3178 3986 consortem
3223 3940 3330 3986 tam
3376 3932 3605 3989 ﬁdeliter
3632 3933 3731 3987 ad-

2145 4033 2406 4086 monere;
2467 4029 2644 4076 tamen
2695 4023 3142 4079 necessitudinem
3195 4027 3468 4096 sanguinis
3515 4027 3733 4082 stimulo

2146 4111 2289 4166 taciti
2329 4113 2530 4168 doloris
2572 4116 2903 4180 anteferens,
2966 4115 3154 4172 hortor
3204 4127 3362 4188 atque
3410 4119 3630 4185 suadeo,
3675 4129 3734 4173 ut

2145 4203 2280 4268 inec.
2325 4206 2369 4260 si
2424 4206 2538 4261 ﬁeri
2594 4217 2789 4277 potest,
2825 4210 3121 4264 emendatis
3177 4211 3228 4264 in
3265 4219 3532 4280 posterum
3562 4212 3729 4266 mori-

2146 4298 2244 4353 lms
2282 4299 2654 4369 corrigantur;
2706 4317 2770 4357 ac
2799 4302 2972 4356 divina
3017 4303 3286 4358 iracundia
3310 4345 3325 4368 ,
3365 4313 3620 4374 quantum
3668 4319 3733 4361 re

2148 4389 2406 4458 proditur,
2436 4392 2686 4456 excitata,
2715 4401 2960 4448 votorum
3001 4394 3281 4449 sedulitate
3307 4395 3562 4465 placetur.

2217 4481 2458 4549 Accipite
2486 4497 2514 4534 a
2546 4497 2632 4536 me
2659 4497 2926 4537 smmnum
2955 4485 3308 4553 simplicitatis
3337 4485 3731 4562 indicium./ld-

2145 4573 2286 4627 cirCo
2326 4573 2427 4627 hoc
2451 4573 2748 4628 clementia:
2785 4582 2979 4630 vestra:
3021 4575 3391 4631 insinuandum
3429 4578 3629 4648 putavi,
3660 4593 3733 4634 ne

2146 4682 2233 4722 me
2277 4667 2421 4722 velut
2445 4668 2798 4737 gratulatione
2822 4669 3028 4724 occulta
3069 4668 3266 4725 faceret
3294 4670 3436 4740 apud
3465 4687 3732 4741 quemque

2147 4759 2484 4814 taciturnitas
2504 4759 2614 4829 ipsa
2639 4771 2944 4830 suspectum
2970 4778 2983 4813 :
3027 4776 3159 4817 neve
3184 4761 3304 4832 quis
3328 4762 3573 4817 crederet
3597 4803 3612 4828 ,
3645 4777 3729 4816 me

2150 4852 2343 4908 talibus
2393 4853 2544 4909 factis
2593 4854 2835 4924 praebere
2877 4869 3231 4920 consensum;
3265 4864 3319 4910 et
3361 4855 3454 4926 qui
3489 4871 3634 4926 saepe
3664 4873 3727 4912 ne

2144 4944 2448 5000 acciderent
2511 4946 2967 5011 commonucrim,
3034 4955 3378 5017 posteaquam
3441 4949 3726 5003 commissa

2147 5046 2289 5102 sunt,
2309 5053 2412 5092 non
2428 5037 2686 5093 dolerem.
2710 5038 2838 5093 Nam
2865 5038 2986 5109 quis
3013 5046 3192 5108 posset
3212 5053 3404 5108 expers
3419 5039 3619 5094 doloris
3637 5038 3723 5109 qui

2141 5143 2200 5184 se
2228 5131 2470 5184 meminit
2502 5129 2883 5192 Christianum,
2927 5139 3124 5184 tantam
3148 5130 3382 5200 (videns)
3403 5130 3580 5185 subito
3607 5146 3722 5199 per.

2141 5219 2492 5274 turbationem
2524 5220 2794 5290 religionis
2825 5221 3113 5284 inductam,
3138 5231 3195 5276 ut
3213 5237 3428 5276 omnem
3449 5222 3729 5277 catholicae

2142 5312 2261 5367 lidei
2290 5321 2486 5368 statum
2517 5329 2737 5370 necesse
2765 5315 2836 5370 sit
2859 5314 3162 5370 ﬂuctuare?
3188 5317 3316 5371 Erat
3346 5317 3488 5370 inter
3515 5315 3720 5384 episco-

2137 5420 2232 5474 pos
2257 5419 2437 5471 causa,
2454 5422 2572 5476 qum
2592 5408 2785 5462 collato
2816 5417 3196 5476 contractoque
3227 5409 3479 5476 concilio,
3502 5408 3722 5464 deberet

2135 5497 2370 5552 absolvi:
2401 5499 2575 5553 missis
2599 5500 2664 5555 ad
2689 5500 2994 5557 sacerdotes
3017 5503 3162 5557 urbis
3186 5512 3403 5557 teternze
3425 5513 3584 5572 atque
3613 5501 3725 5556 ita-

2138 5589 2219 5642 lia:
2238 5598 2458 5659 utraque
2476 5605 2541 5646 ex
2564 5603 2714 5662 parte
2742 5593 2948 5663 legatis,
2963 5594 3375 5663 exspectabatur
3389 5609 3453 5648 ex
3483 5593 3721 5649 omnium

2137 5683 2452 5743 auctoritate
2497 5689 2780 5756 sententia,
2812 5687 3156 5744 informatura
3196 5690 3432 5761 regulam
3479 5687 3715 5772 discipli-
