4030 6206
312 281 415 337 5n
1765 263 2141 324 EPISTOLE.
3494 246 3595 328 5,2

305 398 393 439 nte
418 379 721 447 :integrum
749 392 943 448 nempe
958 393 1077 432 esse
1098 378 1377 440 debuerat,
1409 390 1584 447 neque
1610 374 1900 445 quidquam

302 466 539 533 novari,
569 463 697 519 dum
722 462 964 516 delinitio
1013 461 1306 516 deliberata
1345 459 1660 531 procederet
1712 477 1725 512 :
1773 474 1897 514 cum

303 557 513 613 interea
563 554 756 609 mirum
807 552 1073 622 quoddam
1133 551 1490 621 praecipitium
1543 549 1903 606 festinationis

298 646 542 712 exarsit,
570 652 630 699 ut
674 660 783 698 non
831 642 1153 712 exsliectatis
1197 642 1366 698 literis
1406 642 1768 706 sacerdotum,
1813 640 1904 710 qui

296 735 513 790 fuerant
568 742 752 789 mutua
831 734 1057 804 partium
1128 733 1391 804 legatione
1462 732 1739 798 consulti,
1796 747 1905 786 nun

304 827 632 881 examinatis
658 824 844 891 rebus,
876 824 928 879 in
965 824 1212 880 exsilium
1249 823 1903 887 traderentur.antistites.

299 918 755 973 animadversioni
805 918 953 988 prius
1022 916 1241 985 addicti,
1269 933 1425 987 quam
1455 916 1776 972 sententiam
1813 917 1905 987 ju-

297 1009 427 1064 dicii
504 1008 823 1078 episcopalis
869 1010 1098 1078 experti.
1149 1008 1391 1078 Denique
1415 1024 1573 1079 quam
1623 1009 1904 1064 immatura

300 1102 393 1156 illa
463 1100 736 1155 damnatio
791 1099 989 1169 fuerit,
1058 1114 1148 1156 res
1215 1100 1479 1170 probavit.
1532 1099 1771 1170 Namque
1817 1099 1897 1164 ii,

298 1210 531 1266 quorum
586 1194 995 1264 exspectabatur
1047 1193 1367 1260 auctoritas,
1442 1191 1663 1262 paciﬁca
1711 1190 1901 1246 Joanni

300 1290 560 1358 episcopo
579 1288 959 1343 communione
985 1285 1284 1357 praemissa,
1311 1283 1654 1341 sanciendam
1672 1298 1898 1339 concor-

295 1383 445 1436 diam
466 1390 815 1444 censuerunt,
837 1395 934 1435 nec
963 1393 1285 1449 quemquam
1332 1385 1584 1449 putarunt
1606 1384 1732 1432 ante
1753 1375 1900 1446 judi-

294 1474 446 1529 cium
474 1472 749 1527 consortio
791 1470 1181 1541 repellendum.

393 1564 533 1631 Quid
579 1579 723 1621 nunc
765 1562 908 1620 aliud
952 1569 1225 1634 superest,
1264 1575 1426 1632 quam
1478 1567 1535 1616 ut
1570 1558 1901 1615 Catholicam

2007 374 2166 429 [idem
2206 375 2492 433 schismata
2534 378 2588 434 in
2632 379 2903 439 diversum
2942 384 3229 444 dissociata
3260 387 3594 449 dilacerent?

2009 481 2168 535 quam
2210 476 2268 521 ut
2313 467 2547 525 haereses
2584 476 2946 531 communioni
2995 493 3209 551 semper
3249 481 3478 540 inimica:
3530 501 3596 541 ex

2015 567 2157 638 tanta
2190 573 2367 614 rerum
2400 562 2654 618 varietate
2682 570 3012 624 nascantur?
3050 581 3107 626 ut
3129 573 3240 641 jam
3264 577 3461 645 populo
3490 593 3597 634 non

2010 646 2205 703 debeat
2232 649 2500 719 imputari,
2528 653 2573 707 si
2602 653 2736 710 forte
2756 658 2809 711 in
2831 656 3075 715 dissonas
3119 672 3297 732 partes
3328 667 3596 723 sectarum

2011 735 2319 794 diversitate
2341 740 2583 797 discedat
2615 760 2630 799 :
2659 759 2781 800 cum
2808 762 2873 802 ex
2904 752 3221 808 auctoritate
3251 754 3459 824 publica
3481 758 3594 814 dis-

2012 829 2314 887 cordiarum
2349 835 2599 893 materies
2645 838 2715 892 sit
2758 841 3053 909 przemissa,
3090 855 3145 900 et
3183 844 3355 904 fomes
3376 850 3593 920 quidam

2018 921 2317 1026 n‘utriendze
2352 924 2630 982 seditionis
2654 931 2940 987 animatus.
2989 935 3141 1001 Quod
3172 952 3239 993 ne
3266 939 3317 994 in
3348 956 3590 1014 magnam
3619 938 3633 1026 γ

2013 1009 2244 1130 aliquam
2274 1017 2487 1085 generis
2517 1017 2734 1075 humani
2776 1023 3062 1092 perniciem
3086 1009 3590 1099 recrudescat,vvota

2035 1104 2253 1130 nn:A--AA
2301 1119 2422 1130 λη--.
2492 1118 2541 1130 --ι
2589 1127 2606 1130 _
2636 1112 2650 1130 I
2682 1112 2709 1130 I,
3087 1120 3099 1130 .
3203 1123 3215 1130 .
3483 1127 3493 1130 _

2016 1100 2254 1196 iacienda
2299 1119 2448 1173 sunt,
2492 1118 2548 1165 ut
2584 1112 2652 1166 ad
2682 1112 2945 1171 humanas
2985 1120 3352 1190 prolapsiones
3388 1100 3621 1196 patiens!

2014 1192 2153 1249 Deus
2180 1210 2294 1251 rem
2339 1198 2477 1254 male
2504 1212 2709 1271 gestam
2752 1219 3027 1276 prosperet
3049 1225 3114 1265 ac
3149 1192 3420 1270 secundet.
3460 1217 3591 1272 Nam

2013 1295 2269 1355 quantum
2297 1290 2348 1343 in
2384 1292 2539 1348 nobis
2567 1304 2669 1361 est,
2696 1311 2977 1366 possumus
3005 1301 3191 1358 timere
3216 1305 3356 1374 quod
3384 1317 3591 1377 gestum

2013 1387 2097 1477 est
2128 1395 2142 1432 :
2170 1391 2424 1477 quantum
2450 1384 2515 1440 ad
2544 1387 2794 1455 pietatem
2817 1404 3033 1462 semper
3051 1394 3323 1463 placabilis
3349 1400 3464 1471 Dei,
3484 1417 3589 1458 non

2016 1472 2117 1523 erit
2144 1472 2321 1528 meriti
2344 1473 2631 1546 impunitas
2660 1479 2880 1553 indulta,
2911 1484 3005 1541 sed
3036 1487 3222 1543 veniae.
