4030 6206
415 249 552 306 541*

1154 262 1211 319 S.
1252 258 1532 318 JOANNIS
1567 249 2038 315 CIIRYSOSTOM
2084 245 2397 304 ARCHIEP.
2439 200 2979 302 CONSTANTiNOP.

3512 255 3652 311 διε*

791 522 1075 605 [⁵²⁵’⁵²⁶]
1115 542 1373 628 ΤΟΙΣ
1440 542 2487 634 ΕΓΚΕΚΛΕΙΣΜΕΝΟΙΣ
2558 542 3283 637 ΕΠΙΣΚΟΠΟΙΣ.

1093 730 1525 800 Πρεσϐύτεροις
1553 729 1652 785 καί
1692 729 1996 794 διακόνοις
2024 730 2094 785 ἐν
2129 729 2512 801 δεσμωτηρίῳ
2537 729 2611 785 δι’
2638 731 2971 789 εὐσέϐειαν.

485 976 762 1051 Μακάριοι
787 972 880 1029 τοῦ
911 968 1308 1045 δεσμωτηρίου,
1337 967 1431 1021 καὶ
1462 965 1563 1037 τῆς
1599 963 1860 1032 ἁλύσεως,
1895 962 1991 1017 καὶ

416 1076 516 1148 τῆς
535 1075 644 1130 τῶν
664 1072 876 1146 δεσμῶν
904 1070 1213 1135 ὑποθέσεως
1238 1068 1426 1141 ὑμεῖς·
1454 1070 1714 1139 μακάριοι
1732 1066 1825 1119 καὶ
1847 1082 1995 1137 τρισε-

421 1177 702 1251 μακάριοι,
735 1174 828 1228 καὶ
854 1173 1113 1236 πολλάκις
1137 1170 1314 1238 τοῦτο,
1339 1170 1388 1224 οἳ
1412 1170 1594 1223 πᾶσαν
1616 1166 1993 1240 ἀνηρτήσασθσ

417 1279 514 1350 τὴν
547 1276 871 1347 οἰκουμένην
899 1275 978 1346 τῷ
1000 1272 1128 1345 περὶ
1158 1271 1302 1344 ὑμᾶς
1335 1270 1564 1342 φίλτρῳ,
1588 1267 1820 1340 ἐραστὰς
1840 1268 1995 1339 ὑμῶν

419 1380 515 1432 καὶ
546 1379 671 1441 τοὺς
706 1375 988 1449 πόρρωθεν
1009 1373 1164 1437 ὄντας
1194 1372 1556 1442 πεποιήκατε.
1585 1369 1870 1440 Πανταχοῦ
1892 1369 1996 1439 γῆς

419 1480 514 1535 καὶ
547 1477 816 1548 θαλάττης
868 1475 1049 1547 ᾄδεται
1090 1474 1245 1545 ὑμῶν
1276 1472 1346 1528 τά
1382 1471 1802 1543 κατορθώματα,
1828 1473 1862 1542 ή
1904 1470 1998 1524 ἀν-

416 1579 589 1651 δρεία,
610 1580 643 1649 ή
666 1575 1063 1648 ἀπερίτρεπτος
1083 1574 1300 1646 γνώμη,
1323 1574 1383 1627 τὸ
1398 1571 1696 1627 ἀδούλωτον
1720 1571 1993 1643 φρόνημα.

374 1738 384 1755 ἢ
414 1678 585 1732 ὓύδὲν
614 1677 759 1748 ὑμᾶς
790 1674 1097 1744 κατέπληξε
1127 1672 1236 1726 τῶν
1268 1672 1572 1726 δοκούντων
1612 1668 1750 1725 εἶναι
1785 1669 1995 1735 δεινῶν,

423 1777 486 1831 οὑ
511 1777 876 1848 δικαστήριον,
912 1774 971 1828 οὑ
1010 1774 1223 1845 δήμιος,
1255 1773 1317 1826 οὑ
1347 1772 1592 1844 βασάνων
1623 1772 1863 1841 νιφάδες,
1898 1772 2000 1824 οὑκ

423 1876 647 1931 ἀπειλαὶ
687 1875 896 1947 μυρίων
922 1874 1188 1945 γέμουσαι
1219 1872 1483 1936 θανάτων,
1509 1873 1569 1925 οὑ
1599 1871 1858 1942 δικαστής
1887 1869 2000 1942 πῦρ

419 1977 528 2031 ἀπὸ
557 1975 650 2030 τοῦ
683 1975 945 2047 στόματος
972 1975 1174 2045 ἀφιεὶς,
1209 1974 1309 2028 οὑκ
1339 1972 1523 2044 ἐχθροὶ
1562 1972 1826 2044 θήγοντες
1874 1972 2000 2035 τοὺς

418 2077 656 2141 ὀδόντας,
705 2075 800 2130 καὶ
852 2076 1021 2147 μυρία
1069 2074 1184 2145 εἴδη
1234 2072 1510 2136 κινοῦντες
1562 2072 1889 2141 ἐπιϐουλῆς,
1936 2070 1997 2123 οὑ

424 2179 775 2247 συκοφαντίαι
813 2177 1093 2238 τοσαῦται,
1134 2177 1234 2230 οὑκ
1263 2177 1606 2246 ἀναίσχυντοι
1646 2172 1989 2245 κατηγορίαι,

425 2280 485 2332 οὑ
516 2278 743 2340 Θάνατος
768 2276 874 2348 πρὸ
898 2275 1007 2329 τῶν
1042 2274 1336 2347 ὀφθαλμῶν
1363 2274 1484 2328 καθ’
1517 2275 1752 2344 ἑκάστην
1790 2274 2001 2344 ἡμέραν

422 2377 775 2450 φαινόμενος·
808 2377 920 2429 ἀλλ’
947 2377 1179 2447 ήρκεσεν
1227 2376 1355 2445 ὑμῖν
1401 2376 1481 2439 είς
1516 2374 1864 2446 παράκλησιν
1892 2372 2000 2428 τῶν

423 2478 722 2549 γινομένων
770 2478 804 2548 ή
844 2477 951 2530 τῶν
999 2476 1300 2547 γινομένων
1352 2475 1631 2539 ὑπόθεσις.
1684 2474 1784 2527 Διά
1829 2472 2000 2527 ταῦτα

423 2576 673 2650 φανερῶς
706 2576 804 2647 μὲν
838 2577 982 2645 ὑμᾶς
1007 2575 1207 2640 πάντες
1239 2573 1565 2645 στεφανοῦσι
1590 2616 1604 2640 ,
1651 2574 1745 2629 καὶ
1792 2575 2000 2647 ἀνακη-

427 2680 697 2753 ρύττουσι,
736 2677 796 2731 οὑ
831 2676 975 2747 φίλοι
1015 2675 1194 2746 μόνον,
1222 2675 1360 2730 ἀλλά
1405 2675 1501 2729 καὶ¹
1532 2674 1685 2728 αὑτοὶ
1711 2674 1761 2728 οί
1793 2674 2000 2747 ἐχθροὶ,

424 2778 709 2834 καὶταῦτα
739 2776 1263 2840 κατασκευάζοντες·
1299 2776 1347 2829 εί
1374 2776 1468 2829 καὶ
1499 2775 1572 2847 μὴ
1602 2774 1872 2848 φανερῶς,
1898 2776 2000 2830 κάν

421 2897 504 2944 τις
549 2877 727 2934 αὐτῶν
773 2876 1097 2940 ἀναπτύξειε
1143 2876 1205 2930 τὸ
1251 2875 1511 2942 συνειδὸς,
1551 2876 1685 2930 πολὺ
1726 2875 1822 2931 καὶ
1870 2877 2000 2949 παρ’

424 2980 653 3042 ἐκείνοις
677 2977 829 3049 ὑμῶν
850 2978 1074 3048 εὑρήσει
1098 2976 1159 3029 τὸ
1183 2976 1388 3047 θαῦμα.
1409 2976 1661 3030 Τοιοῦτον
1682 2978 1790 3050 γάρ
1809 2977 2000 3049 ἀρετή,

424 3064 519 3117 καὶ
554 3080 631 3114 πα
643 3060 712 3133 ρά
740 3064 851 3125 τοῖς
874 3059 1202 3131 πολεμοῦσιν
1231 3059 1398 3131 αὐτὴν
1433 3059 1800 3132 θαυμάζεται·
1828 3060 2003 3114 τοιοῦ-

423 3178 514 3216 τον
545 3162 733 3224 κακία,
761 3161 856 3214 καὶ
881 3160 1031 3233 παρᾲ
1051 3162 1162 3225 τοῖς
1191 3160 1465 3231 μετιοῦσιν
1493 3161 1665 3233 αὑτὴν
1696 3161 2003 3230 καταγινώ-

428 3280 635 3317 σκεται.
667 3261 778 3316 Καὶ
809 3260 878 3315 τά
905 3261 1004 3332 μὲν
1034 3260 1267 3315 ἐνταῦθα
1294 3263 1533 3329 τοιαῦτα,
1563 3263 1631 3317 τά
1666 3263 1725 3317 δὲ
1754 3264 1811 3316 ὲν
1839 3262 2004 3335 ούρα-

424 3367 535 3427 νοῖς
569 3363 653 3427 τίς
686 3362 1033 3436 παραστῆσαι
1053 3363 1336 3437 δυνήσεται
1368 3364 1557 3435 λόγοςς
1592 3364 2000 3436 Ἑγγέγραπται

425 3465 580 3537 ὑμῶν
607 3466 676 3520 τά
701 3466 937 3536 ὀνόματα
975 3465 1034 3519 ὲν
1070 3466 1235 3539 βίϐλῳ
1277 3465 1443 3538 ζωῆς,
1484 3466 1622 3538 μετά
1674 3466 1782 3521 τῶν
1833 3467 2001 3536 ἁγίων

425 3567 869 3639 κατηριθμήθητε
918 3567 1230 3641 μαρτύρων.
1275 3563 1404 3621 Οἶδα
1443 3566 1618 3622 ταῦτα
1653 3566 1763 3636 ἐγὼ
1796 3567 2002 3636 σαφῶς,

424 3669 523 3722 οὑκ
568 3670 649 3732 είς
694 3669 784 3723 τδν
838 3669 1064 3740 οὑρανδν
1112 3666 1338 3732 ἀναϐάς,
1373 3666 1488 3722 ἀλλ’
1522 3667 1629 3721 ἀπὸ
1674 3666 1833 3721 θείων
1865 3668 2004 3721 αὑτά

429 3767 616 3838 μαθὼν
659 3769 943 3840 χρησμῶν.
991 3770 1055 3822 Εἰ
1099 3768 1208 3840 γάρ
1257 3769 1286 3822 6
1321 3767 1484 3838 γάμῳ
1534 3767 2003 3839 παρανομουμένῳ

427 3868 732 3941 παραστάς,
766 3868 859 3922 καὶ
902 3866 976 3940 μὴ
1008 3867 1297 3939 διορθῶσαι
1337 3867 1584 3939 δυνηθεὶς
1623 3870 1722 3940 τήν
1770 3884 2002 3939 παρανο-

428 3969 579 4039 μίαν,
610 3968 723 4021 ἀλλ⁹
751 3966 963 4036 ἐλέγξαι
992 3968 1162 4040 αὐτὴν
1197 3954 1377 4041 μόνον,
1409 3969 1438 4021 6
1479 3970 1578 4042 τῆς
1624 3969 1844 4042 στείρας
1869 3986 2000 4040 καρ-

426 4067 549 4131 πός,
585 4068 614 4119 6
638 4067 738 4137 τῆς
767 4068 974 4140 ἐρήμου
1009 4068 1254 4140 πολίτης,
1285 4070 1473 4142 ἐπειδὴ
1507 4069 1595 4124 διὰ
1627 4070 1784 4125 τοῦτο
1823 4070 1884 4124 τὸ
1924 4070 2004 4124 δε-

429 4168 735 4238 σμωτήριον
765 4166 946 4237 ᾤκησε
973 4169 1069 4222 καὶ
1092 4170 1384 4242 ἀπετμήθη
1406 4183 1455 4239 ι,
1501 4174 1595 4225 καὶ
1648 4173 1878 4244 μάρτυς,
1905 4173 2002 4227 καὶ

430 4268 719 4342 μαρτύρων
749 4270 778 4320 6
805 4268 1022 4341 πρῶτός
1065 4274 1241 4326 ἐστιν·
1272 4273 1428 4343 ὑμεῖς
1448 4274 1497 4326 οί
1527 4273 1711 4344 νόμοις
1748 4275 2001 4346 πατέρων

426 4370 521 4424 καὶ
555 4370 779 4443 θεσμοῖς
813 4372 1198 4444 παραϐαθεῖσι,
1228 4374 1320 4427 καὶ
1346 4374 1610 4446 ἱερωσύνῃ
1636 4376 2002 4448 ἐπηρεαζομέ-

425 4488 493 4545 vn
534 4472 629 4528 καὶ
672 4472 1132 4546 παρανομουμένῃ
1187 4473 1584 4544 παραστάντες,
1626 4476 1721 4529 καὶ
1762 4475 1998 4530 τοσαῦτα

427 4575 687 4639 παθόντες
708 4575 850 4646 ὑπὲρ
876 4574 1152 4646 ἀληθείας,
1197 4575 1290 4630 καὶ
1321 4575 1416 4629 τοῦ
1449 4574 1608 4631 λῦσαι
1637 4580 2001 4650 συκοφαντίας

423 4675 812 4748 ἀναισχύντους
854 4674 1046 4740 οὑτως,
1081 4676 1369 4748 ἐννοήσατε
1399 4676 1593 4748 ήλίκην
1629 4678 1864 4751 λήψεσθε
1897 4681 1997 4753 τήν

423 4781 678 4849 ἀμοιϐήν.
713 4782 835 4835 Οὐκ
867 4781 1071 4846 ἕξεστί
1114 4797 1214 4837 σοι
1252 4783 1415 4852 ἔχειν
1456 4782 1571 4850 τὴν
1620 4784 1870 4854 γυναῖκα
1897 4788 1999 4840 Φι-

424 4884 653 4937 λίππου
700 4883 806 4939 τοῦ
855 4885 1121 4956 ἀδελφοῦ
1150 4903 1287 4953 σου,
1323 4883 1448 4941 εἷπε
1470 4887 1670 4945 τοῦτοδ
1696 4891 1726 4943 6
1752 4893 1998 4959 γενναῖος

422 4989 629 5051 «κεῖνος
678 4988 770 5041 καὶ
820 4989 1021 5062 ὑψηλὸς
1047 4993 1208 5064 ἀνὴρ,
1241 4994 1336 5047 καὶ
1385 4994 1617 5065 ήρκεσεν
1668 4995 1817 5067 αὑτῷ
1862 4998 2000 5067 πρὸς

424 5092 738 5164 ⁸’παρρησίαν
787 5090 1014 5161 ἄφατον.
1069 5093 1273 5147 Εἴπατε
1326 5096 1421 5147 καὶ
1472 5096 1650 5166 ὑμεῖς,
1711 5095 2003 5168 Πρόκειται

422 5195 456 5262 ή
467 5193 583 5262 μῶν
615 5193 683 5246 τά
713 5171 940 5264 σώματά
970 5191 1245 5258 κολάσεσι,
1273 5194 1585 5265 τιμωρίαις,
1609 5196 1881 5265 βασάνοις·
1908 5198 2004 5251 ἀν·

428 5296 637 5364 άλισκε,
671 5297 884 5352 δαπάνα
914 5297 1089 5353 ταῦτα
1120 5300 1412 5371 τιμωρίαις
1437 5302 1577 5364 οἵαις
1621 5299 1836 5370 βούλεια
1862 5318 1875 5332 ·
1910 5319 2006 5355 συ-

431 5399 716 5466 κοφαντεῖν
740 5397 838 5467 οὑχ
866 5397 1188 5468 αἱρούμεθα,
1216 5399 1351 5453 ἀλλά
1392 5399 1758 5470 ἀποθνήσκειν
1804 5400 2006 5470 μυριά-

434 5515 539 5560 κις.
559 5496 698 5550 Ἀλλ’
723 5496 824 5550 οὑκ
850 5498 1223 5569 ἀπετμήθητε,
1250 5498 1384 5552 ἀλλά
1430 5498 1608 5571 πολλῷ
1648 5499 2004 5572 χαλεπώτερα

504 5633 533 5664 ι
553 5630 635 5681 Sic
655 5644 768 5680 mss.
791 5643 979 5680 omnes.
995 5628 1048 5679 lu
1070 5629 1219 5680 editis
1236 5628 1316 5677 καὶ
1336 5630 1581 5690 ἀπετμήθη
1602 5630 1763 5683 deost.

504 5692 533 5736 b
550 5693 699 5743 Sui].
722 5693 821 5744 εἶπε
843 5693 967 5743 τότε.

2093 962 2417 1021 πεπόνθατε.
2456 966 2529 1021 Οὑ
2576 968 2684 1039 γάρ
2729 970 2875 1022 ἐστιν
2923 969 3035 1024 ίσον
3081 973 3138 1025 ἐν
3194 971 3425 1044 βραχείᾳ
3472 975 3664 1044 καιροῦ

2096 1066 2246 1136 ροπῇ⁴
2272 1065 2510 1138 κεφαλήν
2531 1066 2850 1134 ἀποθέσθαι,
2875 1069 2971 1123 καὶ
2990 1070 3277 1137 τοσαύταις
3305 1075 3399 1127 ἐπὶ
3424 1074 3665 1145 τοσούτῳ

2094 1167 2269 1238 χρόνῳ
2296 1166 2542 1222 παλαίειν
2568 1168 2804 1233 ὀδύναις,
2833 1172 3039 1240 φόϐοις,
3065 1173 3333 1239 ἀπειλαῖς,
3384 1174 3534 1248 [527]
3582 1176 3669 1228 6o-

2097 1267 2447 1338 σμωτηρίοις,
2475 1268 2817 1337 ἀπαγωγαὶς,
2850 1270 3239 1344 δικαστηρίοις,
3258 1273 3468 1345 δημίων
3486 1277 3667 1346 χερσὶ,
3766 1288 3785 1303 '

2099 1367 2449 1434 συκοφαντῶν
2498 1368 2869 1440 ἀναισχύντοις
2909 1371 3196 1439 γλώτταις,
3224 1375 3466 1440 ὀνείδεσι,
3496 1374 3669 1429 λοιδο-

2099 1466 2261 1537 ρίαις,
2300 1466 2616 1539 σκώμμασι.
2653 1472 2761 1524 Καὶ
2793 1471 2902 1540 γάρ
2932 1473 3201 1527 καὶτοῦτο
3225 1476 3478 1545 μέγιστον
3503 1476 3670 1532 ἄθλου

2098 1565 2257 1633 εἶδος,
2289 1568 2384 1622 καὶ
2428 1568 2642 1641 τίθησιν
2671 1572 2803 1626 αὑτὸ
2833 1575 2890 1627 ἐν
2919 1574 3069 1639 τάξει
3101 1576 3354 1646 μεγάλων
3381 1575 3606 1646 ἀγώνων
3637 1580 3668 1632 6

2104 1671 2371 1741 μακάριος
2405 1671 2640 1737 Παῦλος,
2690 1674 2828 1728 οὕτω
2871 1676 3076 1744 λέγων·
3130 1680 3676 1749 Ἀναμιμνήσκεσθε

2099 1772 2206 1837 τὰς
2244 1775 2534 1841 πρότερον
2562 1774 2806 1844 ἡμέρας,
2849 1777 2920 1830 ἐν
2957 1773 3054 1845 αἷς
3098 1779 3494 1848 φωτισθέντες
3525 1784 3680 1835 πολ-

2100 1872 2223 1941 λὴν
2247 1874 2508 1942 ἄθλησιν
2533 1878 2891 1946 ὑπεμείνατε
2923 1881 3303 1949 παθημάτων.
3339 1878 3472 1936 Εἶτα
3499 1882 3677 1953 λέγων

2101 1974 2200 2046 τὴν
2247 1974 2493 2047 ἄθλησιν,
2531 1977 2689 2031 τοῦτο
2730 1978 2992 2047 τέθεικεν,
3028 1980 3203 2044 οὑτως
3246 1981 3414 2036 εἰπών
3438 2000 3452 2014 ·
3493 1983 3677 2039 Τοῦτο

2096 2080 2215 2148 μὲν
2243 2081 2605 2153 ὀνειδισμοῖς
2627 2083 2727 2136 καί
2759 2084 3004 2153 θλίψεσι
3030 2085 3475 2154 θεατριζόμενοι,
3500 2085 3680 2143 τοῦτο

2103 2180 2172 2234 δὲ
2197 2183 2468 2236 κοινωνοὶ
2515 2181 2633 2236 τῶν
2673 2183 2857 2251 οὕτως
2904 2188 3264 2254 πασχόντων
3301 2187 3676 2255 γενηθέντες.

2105 2286 2169 2339 El
2213 2285 2271 2339 δὲ
2311 2287 2361 2339 οί
2410 2288 2835 2357 κοινωνήσαντες
2880 2287 3141 2360 ήθλησαν,
3173 2288 3352 2361 πολλῷ
3397 2290 3597 2359 μᾶλλον
3625 2291 3678 2346 oi

2106 2385 2516 2457 ὑπομείναντες.
2532 2387 2665 2441 Οὐδὲ
2686 2387 2796 2460 γὰρ
2815 2389 2932 2451 ἕνα,
2959 2390 3054 2442 καὶ
3078 2388 3190 2453 δύο,
3219 2390 3314 2444 καὶ
3341 2393 3511 2461 τρεῖς,
3542 2390 3679 2445 ἀλλά

2106 2487 2333 2552 πολλοὺς
2365 2488 2821 2560 ὑπομεμενήκατε
2856 2488 3117 2554 θανάτους
3147 2493 3212 2561 τῇ
3244 2490 3456 2562 γνώμῃ,
3484 2493 3533 2545 εί
3580 2491 3679 2545 καὶ

2110 2589 2185 2662 μὴ
2204 2593 2271 2663 τῇ
2294 2588 2475 2662 πείρᾳ.
2510 2590 2737 2659 Χάρητε
2749 2591 2959 2646 τοίνυν
2982 2591 3080 2645 καί
3111 2591 3496 2661 σκιρτήσατε·
3521 2591 3682 2647 τοῦτο

2106 2691 2213 2764 γάρ
2244 2692 2273 2744 6
2296 2690 2404 2743 τῶν
2432 2690 2675 2762 οὐρανῶν
2699 2691 2978 2764 Δεσπότης
3002 2691 3275 2757 ἐκέλευσε,
3312 2692 3386 2765 μή
3417 2693 3577 2764 μόνον
3604 2692 3683 2765 μή

2107 2794 2310 2865 ἀλγεῖν,
2359 2794 2492 2867 μηδὲ
2538 2794 2920 2857 καταπίπτειν,
2968 2794 3106 2849 ἀλλά
3149 2794 3244 2848 καὶ
3293 2797 3537 2867 σκιρτᾷν,
3587 2795 3685 2849 καὶ

2107 2898 2352 2967 ἥδεσθαι,
2377 2901 2505 2955 ὅταν
2522 2901 2691 2972 ὄνομα
2712 2901 2944 2974 πονηρὸν
2967 2900 3120 2970 ὑμῶν
3146 2899 3499 2955 έκϐάλλωσιν.
3536 2898 3600 2953 El
3621 2898 3681 2955 δι

2108 3008 2201 3061 ἐπὶ
2231 3007 2561 3079 συκοφαντία
2585 3007 2792 3080 χαίρειν
2812 3007 2910 3072 δεῖ,
2938 3007 3064 3060 ὅταν
3094 3007 3190 3060 καὶ
3223 3005 3460 3059 τοσαῦτα
3480 3007 3680 3078 προσῇ,

2109 3113 2461 3185 συκοφαντίαι
2483 3155 2500 3180 ,
2544 3112 2752 3184 πληγαὶ
2766 3112 2817 3179 (ι,
2857 3112 3111 3183 βάσανοι,
3164 3111 3293 3182 ξίφη
3344 3111 3679 3182 ἠκονημένα,

2108 3219 2473 3290 δεσμωτήρια,
2499 3217 2735 3284 ἀλύσεις,
2755 3217 3069 3287 ἀπαγωγαὶ,
3090 3218 3453 3289 περιαγωγαὶ,
3470 3217 3682 3289 ἐχθρῶν

2111 3326 2274 3396 στίφη
2303 3323 2563 3387 τοσαῦτα,
2581 3323 2829 3394 ἐννόησον
2862 3321 3048 3394 ήλίκος
3078 3324 3107 3375 ό
3140 3321 3351 3393 μισθὸς,
3389 3324 3493 3376 ποῦ
3518 3338 3687 3395 κορυο

2112 3429 2305 3499 φοῦται
2335 3429 2405 3484 τά
2441 3429 2540 3499 τῆς
2563 3429 2817 3500 ἀμοιϐῆς.
2848 3429 3091 3498 Χαίρετε
3116 3428 3343 3492 τοίνυν,
3379 3426 3680 3497 σκιρτᾶτε,

2112 3534 2444 3608 ἀνδρίζεσθε,
2475 3533 2857 3608 κραταιοῦσθε,
2884 3534 3173 3606 ἐννοήσατε
3202 3534 3401 3598 πόσους
3426 3534 3686 3605 ἠλείψατε

2111 3642 2177 3696 δι’
2207 3636 2282 3696 ὧν
2328 3640 2579 3707 ἐπάθετε,
2608 3640 2789 3694 πόσων
2837 3642 3159 3712 φρονήματα
3201 3641 3554 3712 ἀνεστήσατε,
3585 3641 3688 3695 πό-

2115 3744 2590 3818 σουςιέστηρίξατε
2619 3745 3030 3816 σαλευομένους,
3066 3745 3187 3814 οὑχὶ
3225 3744 3516 3816 παρόντας,
3550 3742 3691 3799 ἀλλὰ

2115 3854 2210 3908 καὶ
2239 3852 2495 3917 ἀπόντας,
2527 3850 2589 3904 οὑ
2617 3848 2706 3904 διά
2751 3850 2853 3921 τῆς
2890 3849 3065 3919 ὅψεως
3096 3842 3171 3903 ὧν
3203 3847 3687 3920 ὑπομεμενήκατε,

2115 3959 2251 4014 ἀλλά
2280 3959 2374 4012 καὶ
2405 3957 2495 4012 διά
2522 3957 2688 4030 μόνης
2714 3957 2813 4027 τῆς
2838 3956 3007 4028 ἀκοῆς
3039 3956 3132 4010 καὶ
3155 3956 3282 4018 τοὺς
3313 3953 3593 4027 πόρρωθεν
3618 3952 3691 4008 τά

2118 4062 2354 4134 μέγιστα
2375 4061 2775 4131 ὠφελήσαντες.
2799 4060 3047 4133 Συνεχῶς
3080 4063 3255 4116 ἐκεῖνο
3282 4062 3605 4135 περιφέρετε
3625 4062 3691 4116 τδ

2115 4166 2469 4222 ἀποστολικόν
2490 4182 2505 4197 ·
2532 4167 2653 4220 Ὅτι
2675 4168 2786 4222 οὐκ
2814 4165 2954 4232 ἄξια
2981 4166 3054 4220 τὰ
3091 4165 3412 4237 παθήματα
3437 4167 3547 4223 τοῦ
3570 4167 3690 4223 νῦν

2116 4271 2326 4344 καιροῦ
2354 4271 2504 4341 πρὸς
2530 4272 2647 4341 τὴν
2672 4272 3030 4343 μέλλουσαν
3049 4273 3240 4338 δόξαν
3274 4274 3693 4329 ἀποκαλύπτε-

2117 4384 2257 4435 σθαι
2287 4383 2375 4445 είς
2399 4378 2575 4451 ἡμᾶς.
2598 4381 2941 4452 Προσδοκᾶτε
2966 4382 3024 4435 δὲ
3052 4382 3145 4436 καὶ
3172 4383 3273 4454 τὴν
3298 4383 3559 4454 ταχίστην
3581 4383 3695 4437 τῶν

2118 4485 2439 4558 πειρασμῶν
2470 4485 2643 4549 λύσιν,
2678 4487 2773 4540 καὶ
2825 4487 3038 4541 τελείαν
3085 4489 3428 4568 ἀπαλλαγήν,
3461 4490 3557 4543 καὶ
3604 4490 3697 4543 εὑ-

2120 4574 2280 4650 χεσθε
2310 4571 2550 4643 συνεχῶς
2582 4572 2722 4643 ὑπὲρ
2767 4572 2943 4642 ήμῶν.
2995 4573 3058 4626 Εἰ
3088 4575 3197 4646 γάρ
3245 4576 3340 4629 καὶ
3383 4576 3565 4647 πολλῷ
3613 4579 3700 4632 δι..

2120 4660 2401 4734 ῳκίσμεθα
2433 4656 2586 4729 ὑμῶν
2613 4655 2691 4727 τῷ
2722 4657 2887 4727 μήκει
2927 4656 3026 4727 τῆς
3075 4656 3218 4723 ὁδοῦ,
3251 4659 3344 4713 καὶ
3391 4660 3485 4713 ἐπὶ
3515 4661 3689 4716 πολὺν

2121 4745 2498 4820 ἐχωρίσθημεν
2546 4740 2701 4812 ὑμῶν
2754 4738 2963 4811 χρόνον,
3015 4738 3132 4793 ἀλλ’
3158 4739 3235 4804 ὡς
3284 4743 3551 4813 παρόντες
3599 4746 3693 4799 καὶ

2123 4831 2372 4893 συνόντες
2404 4829 2553 4899 ὑμῖν,
2587 4823 2759 4887 οὑτως
2797 4822 2940 4893 ὑμᾶς
2985 4827 3488 4896 περιπτυσσόμεοα,
3516 4827 3694 4893 οὑτως

2122 4915 2274 4988 ὑμῶν
2324 4912 2551 4969 ἑκάστου
2597 4910 2697 4979 τὴν
2743 4906 2905 4978 φίλην
2956 4907 3361 4980 καταφιλοῦμεν
3406 4913 3695 4984 κεφαλήν,

2122 5000 2340 5062 ὑπτίαις
2389 4998 2544 5070 χερσὶ
2593 4998 2719 5059 τοὺς
2764 4994 3087 5064 στεφανίτας
3120 4994 3416 5067 δεχόμενοι,
3449 4995 3543 5049 καὶ
3594 4997 3666 5066 μέ

2120 5104 2303 5156 γιστον
2332 5087 2425 5142 καὶ
2448 5084 2697 5140 ἐντεῦθεν
2728 5086 3134 5155 προσδοκῶντες
3162 5089 3294 5156 ἡμῖν
3322 5085 3538 5139 ἔσεσθαι
3565 5091 3698 5161 κέρα

2118 5170 2207 5232 δος
2233 5169 2342 5223 ἀπὸ
2359 5170 2458 5239 τῆς
2486 5165 2689 5236 πολλῆς
2711 5167 2837 5235 περὶ
2860 5168 3008 5238 ἡμᾶς
3029 5179 3053 5209 ο
3081 5168 3320 5237 ἀγάπης.
3350 5167 3413 5220 Εἰ
3435 5167 3544 5239 γάρ
3568 5174 3697 5235 τοὺς

2119 5251 2449 5320 ἀγαπῶντας
2501 5249 2647 5321 ὑμᾶς
2695 5247 2861 5302 πολὺν
2904 5250 3192 5321 ἀναμένειν
3234 5251 3314 5304 δεῖ
3343 5249 3434 5304 τὸν
3481 5252 3697 5323 μισθὸν.

2117 5335 2407 5406 ἐννοήσατε
2436 5331 2599 5404 ἡλίκα
2625 5332 2753 5403 ὑμῖν
2792 5332 2862 5385 τά
2900 5333 3001 5404 τῆς
3025 5334 3345 5399 ἀντιδόσεως
3368 5335 3478 5399 τοῖς
3508 5335 3569 5387 ἐν
3600 5346 3691 5385 το-

2123 5417 2334 5480 σούτοις
2366 5414 2736 5487 διαλάμψασιν
2773 5414 3001 5484 ἀγῶσιν.

2201 5542 2227 5571 ο
2251 5526 2389 5587 ﬁnus
2417 5536 2567 5586 ταῦτα
2586 5538 2708 5599 τιμώ
2739 5553 2778 5585 ει
2803 5536 2878 5583 σύ·
2901 5536 2942 5584 εί
2962 5536 3136 5599 βούλεο.

2203 5600 2229 5639 ἀ
2258 5601 2391 5649 Idem
2413 5599 2623 5649 τοσαῦτα
2645 5553 2758 5658 «pg;
2778 5604 2834 5658 τῇ
2858 5599 3136 5658 συκοφαντία

2203 5600 2229 5639 ἀ
2258 5601 2391 5649 Idem
2413 5599 2623 5649 τοσαῦτα
2638 5597 2758 5658 ’πρὸς
2778 5604 2834 5658 τῇ
2858 5597 3164 5660 συκοφαντία,
3191 5597 3381 5658 πληγαί.

2211 5675 2233 5706 ο
2260 5664 2341 5715 Sic
2365 5678 2477 5716 mss.
2502 5674 2689 5715 omnes.
2710 5662 2841 5716 Edil.
2865 5671 2948 5727 τῆς
2966 5665 3111 5726 ἄλλης
3130 5667 3235 5731 περὶ
3262 5667 3402 5728 ἡμᾶς.
