  <div class='ocr_page' id='page_1' title='image "/cluster/home/n/w/nwhite01/storage/ocr_20150623/52/hvd.32044073501918/164.png"; bbox 0 0 4030 6206; ppageno 0'>
   <div class='ocr_carea' id='block_1_1' title="bbox 248 339 363 398">
    <p class='ocr_par' dir='ltr' id='par_1_1' title="bbox 248 339 363 398">
     <span class='ocr_line' id='line_1_1' title="bbox 248 339 363 398; baseline 0.009 -1"><span class='ocrx_word' id='word_1_1' title='bbox 248 339 363 398; x_wconf 72' lang='grc' dir='ltr'><strong>διν</strong></span> 
     </span>
    </p>
   </div>
   <div class='ocr_carea' id='block_1_2' title="bbox 1520 502 2959 536">
    <p class='ocr_par' dir='ltr' id='par_1_2' title="bbox 1520 502 2959 536">
     <span class='ocr_line' id='line_1_2' title="bbox 1520 502 2959 536; baseline -0.008 -14"><span class='ocrx_word' id='word_1_2' title='bbox 1520 502 2959 536; x_wconf 48' lang='grc' dir='ltr'><em>Μ</em></span> 
     </span>
    </p>
   </div>
   <div class='ocr_carea' id='block_1_3' title="bbox 1666 312 2043 371">
    <p class='ocr_par' dir='ltr' id='par_1_3' title="bbox 1666 312 2043 371">
     <span class='ocr_line' id='line_1_3' title="bbox 1666 312 2043 371; baseline -0.013 0"><span class='ocrx_word' id='word_1_3' title='bbox 1666 312 2043 371; x_wconf 66' lang='lat' dir='ltr'><strong>EPISTOIuE.</strong></span> 
     </span>
    </p>
   </div>
   <div class='ocr_carea' id='block_1_4' title="bbox 1398 819 2334 940">
    <p class='ocr_par' dir='ltr' id='par_1_4' title="bbox 1398 819 2334 940">
     <span class='ocr_line' id='line_1_4' title="bbox 1398 819 2334 940; baseline -0.011 -22"><span class='ocrx_word' id='word_1_4' title='bbox 1398 828 1547 918; x_wconf 86' lang='lat' dir='ltr'><strong>AD</strong></span> <span class='ocrx_word' id='word_1_5' title='bbox 1632 819 2334 940; x_wconf 79' lang='lat' dir='ltr'><strong>EPISCOPOS,</strong></span> 
     </span>
    </p>
   </div>
   <div class='ocr_carea' id='block_1_5' title="bbox 698 1170 3032 1261">
    <p class='ocr_par' dir='ltr' id='par_1_5' title="bbox 698 1170 3032 1261">
     <span class='ocr_line' id='line_1_5' title="bbox 698 1170 3032 1261; baseline -0.008 -6"><span class='ocrx_word' id='word_1_6' title='bbox 698 1206 1135 1255; x_wconf 70' lang='lat' dir='ltr'><strong>rnasnnenos</strong></span> <span class='ocrx_word' id='word_1_7' title='bbox 1172 1206 1252 1249; x_wconf 69' lang='grc' dir='ltr'><strong>ετ</strong></span> <span class='ocrx_word' id='word_1_8' title='bbox 1294 1202 1605 1248; x_wconf 73' lang='lat' dir='ltr'><strong>DIACONOS</strong></span> <span class='ocrx_word' id='word_1_9' title='bbox 1658 1205 1740 1248; x_wconf 76' lang='lat' dir='ltr'><strong>on</strong></span> <span class='ocrx_word' id='word_1_10' title='bbox 1790 1201 2105 1243; x_wconf 73' lang='lat' dir='ltr'><strong>Plena-su</strong></span> <span class='ocrx_word' id='word_1_11' title='bbox 2160 1200 2222 1241; x_wconf 79' lang='lat' dir='ltr'><strong>IN</strong></span> <span class='ocrx_word' id='word_1_12' title='bbox 2267 1198 2556 1243; x_wconf 69' lang='lat' dir='ltr'><strong>CARCERE</strong></span> <span class='ocrx_word' id='word_1_13' title='bbox 2600 1196 2895 1243; x_wconf 78' lang='lat' dir='ltr'><strong>tucwsos</strong></span> <span class='ocrx_word' id='word_1_14' title='bbox 2925 1170 3032 1261; x_wconf 80' lang='grc' dir='ltr'><strong>(α).</strong></span> 
     </span>
    </p>
   </div>
   <div class='ocr_carea' id='block_1_6' title="bbox 1838 1431 1913 1441">
    <p class='ocr_par' dir='ltr' id='par_1_6' title="bbox 1838 1431 1913 1441">
     <span class='ocr_line' id='line_1_6' title="bbox 1838 1431 1913 1441; baseline -0.027 0"><span class='ocrx_word' id='word_1_15' title='bbox 1838 1431 1913 1441; x_wconf 78' lang='lat'><strong>——</strong></span> 
     </span>
    </p>
   </div>
   <div class='ocr_carea' id='block_1_7' title="bbox 300 1697 1814 1768">
    <p class='ocr_par' dir='ltr' id='par_1_7' title="bbox 300 1697 1814 1768">
     <span class='ocr_line' id='line_1_7' title="bbox 300 1697 1814 1768; baseline -0.007 -6"><span class='ocrx_word' id='word_1_16' title='bbox 300 1706 445 1763; x_wconf 78' lang='lat' dir='ltr'><strong>Beati</strong></span> <span class='ocrx_word' id='word_1_17' title='bbox 467 1717 564 1759; x_wconf 87' lang='lat' dir='ltr'><strong>vos</strong></span> <span class='ocrx_word' id='word_1_18' title='bbox 589 1704 660 1759; x_wconf 86' lang='lat' dir='ltr'><strong>ob</strong></span> <span class='ocrx_word' id='word_1_19' title='bbox 683 1716 976 1765; x_wconf 85' lang='lat' dir='ltr'><strong>carcerem,</strong></span> <span class='ocrx_word' id='word_1_20' title='bbox 1004 1699 1073 1753; x_wconf 88' lang='lat' dir='ltr'><strong>ob</strong></span> <span class='ocrx_word' id='word_1_21' title='bbox 1112 1708 1348 1765; x_wconf 89' lang='lat' dir='ltr'><strong>catenas,</strong></span> <span class='ocrx_word' id='word_1_22' title='bbox 1377 1698 1448 1753; x_wconf 92' lang='lat' dir='ltr'><strong>ob</strong></span> <span class='ocrx_word' id='word_1_23' title='bbox 1476 1697 1666 1768; x_wconf 89' lang='lat' dir='ltr'><strong>injecta</strong></span> <span class='ocrx_word' id='word_1_24' title='bbox 1693 1700 1814 1753; x_wconf 82' lang='lat' dir='ltr'><strong>vin-</strong></span> 
     </span>
    </p>
   </div>
   <div class='ocr_carea' id='block_1_8' title="bbox 235 1790 1817 1865">
    <p class='ocr_par' dir='ltr' id='par_1_8' title="bbox 235 1790 1817 1865">
     <span class='ocr_line' id='line_1_8' title="bbox 235 1790 1817 1865; baseline -0.009 -7"><span class='ocrx_word' id='word_1_25' title='bbox 235 1802 356 1859; x_wconf 77' lang='lat' dir='ltr'><strong>ulla</strong></span> <span class='ocrx_word' id='word_1_26' title='bbox 384 1817 397 1854; x_wconf 89' lang='lat'><strong>:</strong></span> <span class='ocrx_word' id='word_1_27' title='bbox 422 1798 584 1863; x_wconf 80' lang='lat' dir='ltr'><strong>beati,</strong></span> <span class='ocrx_word' id='word_1_28' title='bbox 614 1797 849 1865; x_wconf 82' lang='lat' dir='ltr'><strong>inquam,</strong></span> <span class='ocrx_word' id='word_1_29' title='bbox 876 1802 932 1848; x_wconf 88' lang='lat' dir='ltr'><strong>et</strong></span> <span class='ocrx_word' id='word_1_30' title='bbox 958 1802 1039 1847; x_wconf 91' lang='lat' dir='ltr'><strong>Ier</strong></span> <span class='ocrx_word' id='word_1_31' title='bbox 1066 1791 1228 1857; x_wconf 86' lang='lat' dir='ltr'><strong>beati,</strong></span> <span class='ocrx_word' id='word_1_32' title='bbox 1262 1790 1369 1844; x_wconf 89' lang='lat' dir='ltr'><strong>imo</strong></span> <span class='ocrx_word' id='word_1_33' title='bbox 1390 1790 1605 1859; x_wconf 62' lang='lat' dir='ltr'><strong>sa&#39;pius.</strong></span> <span class='ocrx_word' id='word_1_34' title='bbox 1622 1790 1817 1845; x_wconf 77' lang='lat' dir='ltr'><strong>Totum</strong></span> 
     </span>
    </p>
   </div>
   <div class='ocr_carea' id='block_1_9' title="bbox 233 1877 1822 1953">
    <p class='ocr_par' dir='ltr' id='par_1_9' title="bbox 233 1877 1822 1953">
     <span class='ocr_line' id='line_1_9' title="bbox 233 1877 1822 1953; baseline -0.007 -5"><span class='ocrx_word' id='word_1_35' title='bbox 233 1894 415 1948; x_wconf 87' lang='lat' dir='ltr'><strong>orbem</strong></span> <span class='ocrx_word' id='word_1_36' title='bbox 443 1877 597 1944; x_wconf 83' lang='lat' dir='ltr'><strong>vobis</strong></span> <span class='ocrx_word' id='word_1_37' title='bbox 622 1885 947 1944; x_wconf 86' lang='lat' dir='ltr'><strong>coneiliastis</strong></span> <span class='ocrx_word' id='word_1_38' title='bbox 979 1902 992 1939; x_wconf 90' lang='lat'>:</span> <span class='ocrx_word' id='word_1_39' title='bbox 1024 1885 1184 1938; x_wconf 87' lang='lat' dir='ltr'><strong>etiam</strong></span> <span class='ocrx_word' id='word_1_40' title='bbox 1231 1883 1387 1953; x_wconf 89' lang='lat' dir='ltr'><strong>longe</strong></span> <span class='ocrx_word' id='word_1_41' title='bbox 1413 1883 1661 1937; x_wconf 86' lang='lat' dir='ltr'><strong>absentes</strong></span> <span class='ocrx_word' id='word_1_42' title='bbox 1687 1884 1822 1937; x_wconf 85' lang='lat' dir='ltr'><strong>ami-</strong></span> 
     </span>
    </p>
   </div>
   <div class='ocr_carea' id='block_1_10' title="bbox 232 1977 1821 2048">
    <p class='ocr_par' dir='ltr' id='par_1_10' title="bbox 232 1977 1821 2048">
     <span class='ocr_line' id='line_1_10' title="bbox 232 1977 1821 2048; baseline -0.008 -8"><span class='ocrx_word' id='word_1_43' title='bbox 232 2000 329 2040; x_wconf 84' lang='lat' dir='ltr'><strong>cos</strong></span> <span class='ocrx_word' id='word_1_44' title='bbox 353 1983 504 2038; x_wconf 80' lang='lat' dir='ltr'><strong>vobis</strong></span> <span class='ocrx_word' id='word_1_45' title='bbox 522 1980 741 2037; x_wconf 76' lang='lat' dir='ltr'><strong>fecistis.</strong></span> <span class='ocrx_word' id='word_1_46' title='bbox 770 1978 979 2048; x_wconf 84' lang='lat' dir='ltr'><strong>Ubique</strong></span> <span class='ocrx_word' id='word_1_47' title='bbox 1006 1986 1271 2031; x_wconf 88' lang='lat' dir='ltr'><strong>terrarqu</strong></span> <span class='ocrx_word' id='word_1_48' title='bbox 1298 1984 1352 2028; x_wconf 90' lang='lat' dir='ltr'><strong>et</strong></span> <span class='ocrx_word' id='word_1_49' title='bbox 1372 1977 1596 2028; x_wconf 85' lang='lat' dir='ltr'><strong>marium</strong></span> <span class='ocrx_word' id='word_1_50' title='bbox 1615 1990 1821 2029; x_wconf 82' lang='lat' dir='ltr'><strong>canun-</strong></span> 
     </span>
    </p>
   </div>
   <div class='ocr_carea' id='block_1_11' title="bbox 237 2066 1822 2143">
    <p class='ocr_par' dir='ltr' id='par_1_11' title="bbox 237 2066 1822 2143">
     <span class='ocr_line' id='line_1_11' title="bbox 237 2066 1822 2143; baseline -0.006 -12"><span class='ocrx_word' id='word_1_51' title='bbox 237 2086 327 2131; x_wconf 91' lang='lat' dir='ltr'><strong>tur</strong></span> <span class='ocrx_word' id='word_1_52' title='bbox 352 2086 525 2130; x_wconf 89' lang='lat' dir='ltr'><strong>vestra</strong></span> <span class='ocrx_word' id='word_1_53' title='bbox 547 2073 801 2143; x_wconf 67' lang='lat' dir='ltr'><strong>prmelara</strong></span> <span class='ocrx_word' id='word_1_54' title='bbox 826 2070 1080 2131; x_wconf 81' lang='lat' dir='ltr'><strong>facinora,</strong></span> <span class='ocrx_word' id='word_1_55' title='bbox 1115 2066 1392 2132; x_wconf 88' lang='lat' dir='ltr'><strong>fortitudo,</strong></span> <span class='ocrx_word' id='word_1_56' title='bbox 1417 2077 1668 2121; x_wconf 78' lang='lat' dir='ltr'><strong>constans</strong></span> <span class='ocrx_word' id='word_1_57' title='bbox 1694 2082 1822 2121; x_wconf 91' lang='lat' dir='ltr'><strong>sen-</strong></span> 
     </span>
    </p>
   </div>
   <div class='ocr_carea' id='block_1_12' title="bbox 241 2158 1823 2234">
    <p class='ocr_par' dir='ltr' id='par_1_12' title="bbox 241 2158 1823 2234">
     <span class='ocr_line' id='line_1_12' title="bbox 241 2158 1823 2234; baseline -0.005 -12"><span class='ocrx_word' id='word_1_58' title='bbox 241 2168 425 2231; x_wconf 81' lang='lat' dir='ltr'><strong>tentia,</strong></span> <span class='ocrx_word' id='word_1_59' title='bbox 451 2166 767 2234; x_wconf 83' lang='lat' dir='ltr'><strong>animusque</strong></span> <span class='ocrx_word' id='word_1_60' title='bbox 789 2161 1007 2215; x_wconf 87' lang='lat' dir='ltr'><strong>minime</strong></span> <span class='ocrx_word' id='word_1_61' title='bbox 1040 2159 1270 2214; x_wconf 86' lang='lat' dir='ltr'><strong>servilis.</strong></span> <span class='ocrx_word' id='word_1_62' title='bbox 1294 2158 1455 2221; x_wconf 81' lang='lat' dir='ltr'><strong>Nihil,</strong></span> <span class='ocrx_word' id='word_1_63' title='bbox 1484 2161 1823 2225; x_wconf 85' lang='lat' dir='ltr'><strong>quantumvis</strong></span> 
     </span>
    </p>
   </div>
   <div class='ocr_carea' id='block_1_13' title="bbox 236 2250 1824 2329">
    <p class='ocr_par' dir='ltr' id='par_1_13' title="bbox 236 2250 1824 2329">
     <span class='ocr_line' id='line_1_13' title="bbox 236 2250 1824 2329; baseline -0.007 -14"><span class='ocrx_word' id='word_1_64' title='bbox 236 2274 399 2329; x_wconf 73' lang='lat' dir='ltr'><strong>grave</strong></span> <span class='ocrx_word' id='word_1_65' title='bbox 425 2257 686 2319; x_wconf 71' lang='lat' dir='ltr'><strong>videatur,</strong></span> <span class='ocrx_word' id='word_1_66' title='bbox 713 2270 813 2309; x_wconf 84' lang='lat' dir='ltr'><strong>vos</strong></span> <span class='ocrx_word' id='word_1_67' title='bbox 838 2251 1098 2308; x_wconf 80' lang='lat' dir='ltr'><strong>deterruit</strong></span> <span class='ocrx_word' id='word_1_68' title='bbox 1128 2269 1141 2304; x_wconf 85' lang='lat'><strong>:</strong></span> <span class='ocrx_word' id='word_1_69' title='bbox 1166 2266 1270 2304; x_wconf 91' lang='lat' dir='ltr'><strong>non</strong></span> <span class='ocrx_word' id='word_1_70' title='bbox 1302 2250 1555 2314; x_wconf 89' lang='lat' dir='ltr'><strong>tribunal,</strong></span> <span class='ocrx_word' id='word_1_71' title='bbox 1582 2266 1687 2304; x_wconf 86' lang='lat' dir='ltr'><strong>non</strong></span> <span class='ocrx_word' id='word_1_72' title='bbox 1708 2265 1824 2304; x_wconf 82' lang='lat' dir='ltr'><strong>car-</strong></span> 
     </span>
    </p>
   </div>
   <div class='ocr_carea' id='block_1_14' title="bbox 238 2342 1825 2416">
    <p class='ocr_par' dir='ltr' id='par_1_14' title="bbox 238 2342 1825 2416">
     <span class='ocr_line' id='line_1_14' title="bbox 238 2342 1825 2416; baseline -0.006 -11"><span class='ocrx_word' id='word_1_73' title='bbox 238 2350 406 2416; x_wconf 82' lang='lat' dir='ltr'><strong>nifex,</strong></span> <span class='ocrx_word' id='word_1_74' title='bbox 431 2364 534 2403; x_wconf 91' lang='lat' dir='ltr'><strong>non</strong></span> <span class='ocrx_word' id='word_1_75' title='bbox 567 2356 956 2402; x_wconf 88' lang='lat' dir='ltr'><strong>tormentorum</strong></span> <span class='ocrx_word' id='word_1_76' title='bbox 981 2343 1141 2396; x_wconf 87' lang='lat' dir='ltr'><strong>multa</strong></span> <span class='ocrx_word' id='word_1_77' title='bbox 1164 2356 1383 2411; x_wconf 84' lang='lat' dir='ltr'><strong>genera,</strong></span> <span class='ocrx_word' id='word_1_78' title='bbox 1409 2357 1513 2395; x_wconf 89' lang='lat' dir='ltr'><strong>non</strong></span> <span class='ocrx_word' id='word_1_79' title='bbox 1531 2342 1689 2395; x_wconf 72' lang='lat' dir='ltr'><strong>milite</strong></span> <span class='ocrx_word' id='word_1_80' title='bbox 1706 2358 1825 2411; x_wconf 65' lang='lat' dir='ltr'><strong>quae</strong></span> 
     </span>
    </p>
   </div>
   <div class='ocr_carea' id='block_1_15' title="bbox 234 2431 1825 2502">
    <p class='ocr_par' dir='ltr' id='par_1_15' title="bbox 234 2431 1825 2502">
     <span class='ocr_line' id='line_1_15' title="bbox 234 2431 1825 2502; baseline -0.008 -4"><span class='ocrx_word' id='word_1_81' title='bbox 234 2444 545 2498; x_wconf 88' lang='lat' dir='ltr'><strong>innumeras</strong></span> <span class='ocrx_word' id='word_1_82' title='bbox 584 2448 784 2493; x_wconf 89' lang='lat' dir='ltr'><strong>mortes</strong></span> <span class='ocrx_word' id='word_1_83' title='bbox 802 2434 1119 2490; x_wconf 80' lang='lat' dir='ltr'><strong>nuntiabant</strong></span> <span class='ocrx_word' id='word_1_84' title='bbox 1150 2450 1162 2486; x_wconf 94' lang='lat'>:</span> <span class='ocrx_word' id='word_1_85' title='bbox 1193 2431 1493 2501; x_wconf 81' lang='lat' dir='ltr'><strong>nonjudex,</strong></span> <span class='ocrx_word' id='word_1_86' title='bbox 1530 2432 1617 2502; x_wconf 91' lang='lat' dir='ltr'><strong>qui</strong></span> <span class='ocrx_word' id='word_1_87' title='bbox 1651 2433 1825 2502; x_wconf 81' lang='lat' dir='ltr'><strong>ignem</strong></span> 
     </span>
    </p>
   </div>
   <div class='ocr_carea' id='block_1_16' title="bbox 236 2522 1825 2601">
    <p class='ocr_par' dir='ltr' id='par_1_16' title="bbox 236 2522 1825 2601">
     <span class='ocr_line' id='line_1_16' title="bbox 236 2522 1825 2601; baseline -0.006 -14"><span class='ocrx_word' id='word_1_88' title='bbox 236 2534 311 2587; x_wconf 83' lang='lat' dir='ltr'><strong>ab</strong></span> <span class='ocrx_word' id='word_1_89' title='bbox 339 2547 433 2587; x_wconf 89' lang='lat' dir='ltr'><strong>ore</strong></span> <span class='ocrx_word' id='word_1_90' title='bbox 456 2530 712 2601; x_wconf 81' lang='lat' dir='ltr'><strong>spirabat,</strong></span> <span class='ocrx_word' id='word_1_91' title='bbox 743 2543 847 2583; x_wconf 92' lang='lat' dir='ltr'><strong>non</strong></span> <span class='ocrx_word' id='word_1_92' title='bbox 879 2524 1191 2586; x_wconf 82' lang='lat' dir='ltr'><strong>adversarii,</strong></span> <span class='ocrx_word' id='word_1_93' title='bbox 1223 2524 1311 2593; x_wconf 91' lang='lat' dir='ltr'><strong>qui</strong></span> <span class='ocrx_word' id='word_1_94' title='bbox 1361 2522 1673 2577; x_wconf 84' lang='lat' dir='ltr'><strong>frendebant</strong></span> <span class='ocrx_word' id='word_1_95' title='bbox 1693 2524 1825 2577; x_wconf 89' lang='lat' dir='ltr'><strong>den-</strong></span> 
     </span>
    </p>
   </div>
   <div class='ocr_carea' id='block_1_17' title="bbox 235 2617 1829 2693">
    <p class='ocr_par' dir='ltr' id='par_1_17' title="bbox 235 2617 1829 2693">
     <span class='ocr_line' id='line_1_17' title="bbox 235 2617 1829 2693; baseline -0.008 -14"><span class='ocrx_word' id='word_1_96' title='bbox 235 2626 402 2689; x_wconf 88' lang='lat' dir='ltr'><strong>tibus,</strong></span> <span class='ocrx_word' id='word_1_97' title='bbox 429 2633 483 2677; x_wconf 93' lang='lat' dir='ltr'><strong>et</strong></span> <span class='ocrx_word' id='word_1_98' title='bbox 507 2623 813 2676; x_wconf 80' lang='lat' dir='ltr'><strong>innumeras</strong></span> <span class='ocrx_word' id='word_1_99' title='bbox 840 2617 1061 2672; x_wconf 79' lang='lat' dir='ltr'><strong>insidias</strong></span> <span class='ocrx_word' id='word_1_100' title='bbox 1091 2617 1390 2681; x_wconf 77' lang='lat' dir='ltr'><strong>struebant,</strong></span> <span class='ocrx_word' id='word_1_101' title='bbox 1425 2628 1529 2668; x_wconf 90' lang='lat' dir='ltr'><strong>non</strong></span> <span class='ocrx_word' id='word_1_102' title='bbox 1558 2623 1719 2693; x_wconf 63' lang='lat' dir='ltr'><strong>tanta;</strong></span> <span class='ocrx_word' id='word_1_103' title='bbox 1741 2628 1829 2668; x_wconf 85' lang='lat' dir='ltr'><strong>ca-</strong></span> 
     </span>
    </p>
   </div>
   <div class='ocr_carea' id='block_1_18' title="bbox 237 2692 1828 2781">
    <p class='ocr_par' dir='ltr' id='par_1_18' title="bbox 237 2692 1828 2781">
     <span class='ocr_line' id='line_1_18' title="bbox 237 2692 1828 2781; baseline -0.006 -10"><span class='ocrx_word' id='word_1_104' title='bbox 237 2715 479 2779; x_wconf 69' lang='lat' dir='ltr'><strong>lumniae,</strong></span> <span class='ocrx_word' id='word_1_105' title='bbox 505 2728 613 2768; x_wconf 91' lang='lat' dir='ltr'><strong>non</strong></span> <span class='ocrx_word' id='word_1_106' title='bbox 635 2709 1110 2781; x_wconf 74' lang='lat' dir='ltr'><strong>impudentissima:</strong></span> <span class='ocrx_word' id='word_1_107' title='bbox 1135 2705 1522 2771; x_wconf 82' lang='lat' dir='ltr'><strong>accusationes,</strong></span> <span class='ocrx_word' id='word_1_108' title='bbox 1551 2720 1656 2759; x_wconf 85' lang='lat' dir='ltr'><strong>non</strong></span> <span class='ocrx_word' id='word_1_109' title='bbox 1684 2692 1828 2761; x_wconf 84' lang='lat' dir='ltr'><strong>mors</strong></span> 
     </span>
    </p>
   </div>
   <div class='ocr_carea' id='block_1_19' title="bbox 238 2797 1830 2875">
    <p class='ocr_par' dir='ltr' id='par_1_19' title="bbox 238 2797 1830 2875">
     <span class='ocr_line' id='line_1_19' title="bbox 238 2797 1830 2875; baseline -0.007 -13"><span class='ocrx_word' id='word_1_110' title='bbox 238 2817 365 2862; x_wconf 86' lang='lat' dir='ltr'><strong>ante</strong></span> <span class='ocrx_word' id='word_1_111' title='bbox 392 2806 579 2861; x_wconf 90' lang='lat' dir='ltr'><strong>oculos</strong></span> <span class='ocrx_word' id='word_1_112' title='bbox 608 2803 845 2875; x_wconf 88' lang='lat' dir='ltr'><strong>quotidie</strong></span> <span class='ocrx_word' id='word_1_113' title='bbox 874 2800 1167 2871; x_wconf 88' lang='lat' dir='ltr'><strong>proposita,</strong></span> <span class='ocrx_word' id='word_1_114' title='bbox 1198 2798 1293 2853; x_wconf 89' lang='lat' dir='ltr'><strong>sed</strong></span> <span class='ocrx_word' id='word_1_115' title='bbox 1337 2798 1452 2853; x_wconf 62' lang='lat' dir='ltr'><strong>bare</strong></span> <span class='ocrx_word' id='word_1_116' title='bbox 1474 2798 1653 2852; x_wconf 86' lang='lat' dir='ltr'><strong>omnia</strong></span> <span class='ocrx_word' id='word_1_117' title='bbox 1679 2797 1830 2851; x_wconf 89' lang='lat' dir='ltr'><strong>vobis</strong></span> 
     </span>
    </p>
   </div>
   <div class='ocr_carea' id='block_1_20' title="bbox 241 2890 1827 2967">
    <p class='ocr_par' dir='ltr' id='par_1_20' title="bbox 241 2890 1827 2967">
     <span class='ocr_line' id='line_1_20' title="bbox 241 2890 1827 2967; baseline -0.007 -13"><span class='ocrx_word' id='word_1_118' title='bbox 241 2901 461 2954; x_wconf 87' lang='lat' dir='ltr'><strong>uberem</strong></span> <span class='ocrx_word' id='word_1_119' title='bbox 492 2896 667 2967; x_wconf 89' lang='lat' dir='ltr'><strong>potius</strong></span> <span class='ocrx_word' id='word_1_120' title='bbox 690 2910 753 2949; x_wconf 88' lang='lat' dir='ltr'><strong>ac</strong></span> <span class='ocrx_word' id='word_1_121' title='bbox 772 2893 1127 2948; x_wconf 83' lang='lat' dir='ltr'><strong>sufficientem</strong></span> <span class='ocrx_word' id='word_1_122' title='bbox 1151 2890 1532 2945; x_wconf 87' lang='lat' dir='ltr'><strong>consolationis</strong></span> <span class='ocrx_word' id='word_1_123' title='bbox 1549 2890 1827 2944; x_wconf 88' lang='lat' dir='ltr'><strong>materiam</strong></span> 
     </span>
    </p>
   </div>
   <div class='ocr_carea' id='block_1_21' title="bbox 239 2986 1832 3063">
    <p class='ocr_par' dir='ltr' id='par_1_21' title="bbox 239 2986 1832 3063">
     <span class='ocr_line' id='line_1_21' title="bbox 239 2986 1832 3063; baseline -0.006 -16"><span class='ocrx_word' id='word_1_124' title='bbox 239 2991 563 3063; x_wconf 67' lang='lat' dir='ltr'><strong>prsestitere.</strong></span> <span class='ocrx_word' id='word_1_125' title='bbox 608 2988 675 3044; x_wconf 84' lang='lat' dir='ltr'><strong>Et</strong></span> <span class='ocrx_word' id='word_1_126' title='bbox 714 2986 915 3042; x_wconf 91' lang='lat' dir='ltr'><strong>idcirco</strong></span> <span class='ocrx_word' id='word_1_127' title='bbox 950 3001 1046 3040; x_wconf 92' lang='lat' dir='ltr'><strong>vos</strong></span> <span class='ocrx_word' id='word_1_128' title='bbox 1076 2992 1129 3039; x_wconf 93' lang='lat' dir='ltr'><strong>et</strong></span> <span class='ocrx_word' id='word_1_129' title='bbox 1170 2990 1429 3037; x_wconf 87' lang='lat' dir='ltr'><strong>coronant</strong></span> <span class='ocrx_word' id='word_1_130' title='bbox 1462 2991 1512 3036; x_wconf 88' lang='lat' dir='ltr'><strong>et</strong></span> <span class='ocrx_word' id='word_1_131' title='bbox 1542 2991 1832 3053; x_wconf 68' lang='lat' dir='ltr'><strong>praedicant</strong></span> 
     </span>
    </p>
   </div>
   <div class='ocr_carea' id='block_1_22' title="bbox 237 3073 1832 3147">
    <p class='ocr_par' dir='ltr' id='par_1_22' title="bbox 237 3073 1832 3147">
     <span class='ocr_line' id='line_1_22' title="bbox 237 3073 1832 3147; baseline -0.006 -8"><span class='ocrx_word' id='word_1_132' title='bbox 237 3099 450 3147; x_wconf 89' lang='lat' dir='ltr'><strong>omnes,</strong></span> <span class='ocrx_word' id='word_1_133' title='bbox 476 3096 581 3136; x_wconf 91' lang='lat' dir='ltr'><strong>non</strong></span> <span class='ocrx_word' id='word_1_134' title='bbox 609 3079 767 3134; x_wconf 89' lang='lat' dir='ltr'><strong>amici</strong></span> <span class='ocrx_word' id='word_1_135' title='bbox 794 3078 989 3143; x_wconf 90' lang='lat' dir='ltr'><strong>solum,</strong></span> <span class='ocrx_word' id='word_1_136' title='bbox 1022 3075 1114 3131; x_wconf 90' lang='lat' dir='ltr'><strong>sed</strong></span> <span class='ocrx_word' id='word_1_137' title='bbox 1142 3084 1195 3129; x_wconf 91' lang='lat' dir='ltr'><strong>et</strong></span> <span class='ocrx_word' id='word_1_138' title='bbox 1223 3073 1422 3128; x_wconf 91' lang='lat' dir='ltr'><strong>inimici</strong></span> <span class='ocrx_word' id='word_1_139' title='bbox 1468 3074 1566 3144; x_wconf 87' lang='lat' dir='ltr'><strong>ipsi</strong></span> <span class='ocrx_word' id='word_1_140' title='bbox 1597 3074 1687 3144; x_wconf 88' lang='lat' dir='ltr'><strong>qui</strong></span> <span class='ocrx_word' id='word_1_141' title='bbox 1720 3074 1832 3130; x_wconf 74' lang='lat' dir='ltr'><strong>lucc</strong></span> 
     </span>
    </p>
   </div>
   <div class='ocr_carea' id='block_1_23' title="bbox 237 3165 1830 3238">
    <p class='ocr_par' dir='ltr' id='par_1_23' title="bbox 237 3165 1830 3238">
     <span class='ocr_line' id='line_1_23' title="bbox 237 3165 1830 3238; baseline -0.007 -8"><span class='ocrx_word' id='word_1_142' title='bbox 237 3174 563 3237; x_wconf 77' lang='lat' dir='ltr'><strong>eﬂ&#39;ceemnt;</strong></span> <span class='ocrx_word' id='word_1_143' title='bbox 594 3170 695 3226; x_wconf 84' lang='lat' dir='ltr'><strong>etsi</strong></span> <span class='ocrx_word' id='word_1_144' title='bbox 720 3185 825 3225; x_wconf 91' lang='lat' dir='ltr'><strong>non</strong></span> <span class='ocrx_word' id='word_1_145' title='bbox 866 3167 1063 3238; x_wconf 85' lang='lat' dir='ltr'><strong>palam,</strong></span> <span class='ocrx_word' id='word_1_146' title='bbox 1087 3165 1185 3221; x_wconf 89' lang='lat' dir='ltr'><strong>sed</strong></span> <span class='ocrx_word' id='word_1_147' title='bbox 1210 3165 1255 3220; x_wconf 89' lang='lat' dir='ltr'><strong>si</strong></span> <span class='ocrx_word' id='word_1_148' title='bbox 1285 3165 1405 3235; x_wconf 86' lang='lat' dir='ltr'><strong>quis</strong></span> <span class='ocrx_word' id='word_1_149' title='bbox 1450 3165 1502 3220; x_wconf 77' lang='lat' dir='ltr'><strong>in</strong></span> <span class='ocrx_word' id='word_1_150' title='bbox 1529 3178 1712 3220; x_wconf 83' lang='lat' dir='ltr'><strong>eorum</strong></span> <span class='ocrx_word' id='word_1_151' title='bbox 1745 3166 1830 3220; x_wconf 86' lang='lat' dir='ltr'><strong>in-</strong></span> 
     </span>
    </p>
   </div>
   <div class='ocr_carea' id='block_1_24' title="bbox 242 3255 1833 3335">
    <p class='ocr_par' dir='ltr' id='par_1_24' title="bbox 242 3255 1833 3335">
     <span class='ocr_line' id='line_1_24' title="bbox 242 3255 1833 3335; baseline -0.006 -15"><span class='ocrx_word' id='word_1_152' title='bbox 242 3264 524 3335; x_wconf 90' lang='lat' dir='ltr'><strong>trospiciat</strong></span> <span class='ocrx_word' id='word_1_153' title='bbox 541 3260 949 3324; x_wconf 74' lang='lat' dir='ltr'><strong>conscientiam,</strong></span> <span class='ocrx_word' id='word_1_154' title='bbox 974 3258 1093 3313; x_wconf 92' lang='lat' dir='ltr'><strong>illos</strong></span> <span class='ocrx_word' id='word_1_155' title='bbox 1114 3258 1274 3312; x_wconf 76' lang='lat' dir='ltr'><strong>etiam</strong></span> <span class='ocrx_word' id='word_1_156' title='bbox 1298 3255 1459 3310; x_wconf 85' lang='lat' dir='ltr'><strong>vestri</strong></span> <span class='ocrx_word' id='word_1_157' title='bbox 1480 3255 1833 3311; x_wconf 74' lang='lat' dir='ltr'><strong>admiratione</strong></span> 
     </span>
    </p>
   </div>
   <div class='ocr_carea' id='block_1_25' title="bbox 241 3348 1831 3425">
    <p class='ocr_par' dir='ltr' id='par_1_25' title="bbox 241 3348 1831 3425">
     <span class='ocr_line' id='line_1_25' title="bbox 241 3348 1831 3425; baseline -0.006 -13"><span class='ocrx_word' id='word_1_158' title='bbox 241 3357 417 3412; x_wconf 87' lang='lat' dir='ltr'><strong>teneri</strong></span> <span class='ocrx_word' id='word_1_159' title='bbox 445 3353 835 3425; x_wconf 83' lang='lat' dir='ltr'><strong>deprehendet.</strong></span> <span class='ocrx_word' id='word_1_160' title='bbox 865 3352 1007 3407; x_wconf 85' lang='lat' dir='ltr'><strong>Talis</strong></span> <span class='ocrx_word' id='word_1_161' title='bbox 1033 3351 1174 3405; x_wconf 91' lang='lat' dir='ltr'><strong>enim</strong></span> <span class='ocrx_word' id='word_1_162' title='bbox 1201 3364 1287 3404; x_wconf 90' lang='lat' dir='ltr'><strong>res</strong></span> <span class='ocrx_word' id='word_1_163' title='bbox 1309 3358 1389 3403; x_wconf 91' lang='lat' dir='ltr'><strong>est</strong></span> <span class='ocrx_word' id='word_1_164' title='bbox 1409 3348 1598 3413; x_wconf 89' lang='lat' dir='ltr'><strong>virtus,</strong></span> <span class='ocrx_word' id='word_1_165' title='bbox 1618 3349 1831 3403; x_wconf 91' lang='lat' dir='ltr'><strong>utillam</strong></span> 
     </span>
    </p>
   </div>
   <div class='ocr_carea' id='block_1_26' title="bbox 238 3439 1835 3516">
    <p class='ocr_par' dir='ltr' id='par_1_26' title="bbox 238 3439 1835 3516">
     <span class='ocr_line' id='line_1_26' title="bbox 238 3439 1835 3516; baseline -0.006 -14"><span class='ocrx_word' id='word_1_166' title='bbox 238 3449 409 3503; x_wconf 79' lang='lat' dir='ltr'><strong>etiam</strong></span> <span class='ocrx_word' id='word_1_167' title='bbox 456 3447 857 3516; x_wconf 78' lang='lat' dir='ltr'><strong>impugnatores</strong></span> <span class='ocrx_word' id='word_1_168' title='bbox 898 3442 1013 3513; x_wconf 84' lang='lat' dir='ltr'><strong>ejus</strong></span> <span class='ocrx_word' id='word_1_169' title='bbox 1049 3440 1414 3504; x_wconf 89' lang='lat' dir='ltr'><strong>admirentur;</strong></span> <span class='ocrx_word' id='word_1_170' title='bbox 1465 3439 1584 3493; x_wconf 87' lang='lat' dir='ltr'><strong>talis</strong></span> <span class='ocrx_word' id='word_1_171' title='bbox 1623 3453 1709 3492; x_wconf 89' lang='lat' dir='ltr'><strong>res</strong></span> <span class='ocrx_word' id='word_1_172' title='bbox 1752 3448 1835 3494; x_wconf 91' lang='lat' dir='ltr'><strong>est</strong></span> 
     </span>
    </p>
   </div>
   <div class='ocr_carea' id='block_1_27' title="bbox 247 3530 1830 3607">
    <p class='ocr_par' dir='ltr' id='par_1_27' title="bbox 247 3530 1830 3607">
     <span class='ocr_line' id='line_1_27' title="bbox 247 3530 1830 3607; baseline -0.008 -11"><span class='ocrx_word' id='word_1_173' title='bbox 247 3540 474 3605; x_wconf 88' lang='lat' dir='ltr'><strong>malitia,</strong></span> <span class='ocrx_word' id='word_1_174' title='bbox 517 3548 577 3594; x_wconf 91' lang='lat' dir='ltr'><strong>ut</strong></span> <span class='ocrx_word' id='word_1_175' title='bbox 603 3540 761 3593; x_wconf 89' lang='lat' dir='ltr'><strong>etiam</strong></span> <span class='ocrx_word' id='word_1_176' title='bbox 794 3536 828 3591; x_wconf 92' lang='lat' dir='ltr'><strong>ii</strong></span> <span class='ocrx_word' id='word_1_177' title='bbox 854 3535 946 3607; x_wconf 91' lang='lat' dir='ltr'><strong>qui</strong></span> <span class='ocrx_word' id='word_1_178' title='bbox 992 3549 1110 3590; x_wconf 90' lang='lat' dir='ltr'><strong>eam</strong></span> <span class='ocrx_word' id='word_1_179' title='bbox 1141 3539 1429 3603; x_wconf 87' lang='lat' dir='ltr'><strong>cperantur</strong></span> <span class='ocrx_word' id='word_1_180' title='bbox 1455 3530 1830 3587; x_wconf 72' lang='lat' dir='ltr'><strong>condemnant.</strong></span> 
     </span>
    </p>
   </div>
   <div class='ocr_carea' id='block_1_28' title="bbox 242 3622 1833 3691">
    <p class='ocr_par' dir='ltr' id='par_1_28' title="bbox 242 3622 1833 3691">
     <span class='ocr_line' id='line_1_28' title="bbox 242 3622 1833 3691; baseline -0.009 -2"><span class='ocrx_word' id='word_1_181' title='bbox 242 3633 321 3689; x_wconf 79' lang='lat' dir='ltr'><strong>Et</strong></span> <span class='ocrx_word' id='word_1_182' title='bbox 344 3633 417 3686; x_wconf 86' lang='lat' dir='ltr'><strong>ita</strong></span> <span class='ocrx_word' id='word_1_183' title='bbox 444 3632 495 3685; x_wconf 91' lang='lat' dir='ltr'><strong>in</strong></span> <span class='ocrx_word' id='word_1_184' title='bbox 526 3630 623 3685; x_wconf 90' lang='lat' dir='ltr'><strong>hac</strong></span> <span class='ocrx_word' id='word_1_185' title='bbox 646 3632 755 3684; x_wconf 87' lang='lat' dir='ltr'><strong>vita</strong></span> <span class='ocrx_word' id='word_1_186' title='bbox 798 3643 886 3683; x_wconf 89' lang='lat' dir='ltr'><strong>res</strong></span> <span class='ocrx_word' id='word_1_187' title='bbox 918 3635 1111 3680; x_wconf 63' lang='lat' dir='ltr'><strong>vestrae</strong></span> <span class='ocrx_word' id='word_1_188' title='bbox 1140 3638 1199 3679; x_wconf 91' lang='lat' dir='ltr'><strong>se</strong></span> <span class='ocrx_word' id='word_1_189' title='bbox 1228 3622 1425 3677; x_wconf 87' lang='lat' dir='ltr'><strong>habent</strong></span> <span class='ocrx_word' id='word_1_190' title='bbox 1453 3640 1465 3676; x_wconf 91' lang='lat'>:</span> <span class='ocrx_word' id='word_1_191' title='bbox 1498 3638 1616 3691; x_wconf 88' lang='lat' dir='ltr'><strong>quae</strong></span> <span class='ocrx_word' id='word_1_192' title='bbox 1656 3632 1833 3677; x_wconf 88' lang='lat' dir='ltr'><strong>autem</strong></span> 
     </span>
    </p>
   </div>
   <div class='ocr_carea' id='block_1_29' title="bbox 239 3714 1831 3791">
    <p class='ocr_par' dir='ltr' id='par_1_29' title="bbox 239 3714 1831 3791">
     <span class='ocr_line' id='line_1_29' title="bbox 239 3714 1831 3791; baseline -0.008 -10"><span class='ocrx_word' id='word_1_193' title='bbox 239 3727 303 3781; x_wconf 78' lang='lat' dir='ltr'><strong>in</strong></span> <span class='ocrx_word' id='word_1_194' title='bbox 332 3724 481 3780; x_wconf 66' lang='lat' dir='ltr'><strong>ca&#39;lis</strong></span> <span class='ocrx_word' id='word_1_195' title='bbox 506 3723 663 3785; x_wconf 80' lang='lat' dir='ltr'><strong>fiunt,</strong></span> <span class='ocrx_word' id='word_1_196' title='bbox 690 3722 808 3791; x_wconf 88' lang='lat' dir='ltr'><strong>quis</strong></span> <span class='ocrx_word' id='word_1_197' title='bbox 833 3734 1013 3774; x_wconf 80' lang='lat' dir='ltr'><strong>sermo</strong></span> <span class='ocrx_word' id='word_1_198' title='bbox 1035 3717 1195 3788; x_wconf 89' lang='lat' dir='ltr'><strong>digne</strong></span> <span class='ocrx_word' id='word_1_199' title='bbox 1222 3715 1549 3787; x_wconf 81' lang='lat' dir='ltr'><strong>explicabit?</strong></span> <span class='ocrx_word' id='word_1_200' title='bbox 1574 3714 1831 3785; x_wconf 86' lang='lat' dir='ltr'><strong>Inscripta</strong></span> 
     </span>
    </p>
   </div>
   <div class='ocr_carea' id='block_1_30' title="bbox 240 3808 1838 3872">
    <p class='ocr_par' dir='ltr' id='par_1_30' title="bbox 240 3808 1838 3872">
     <span class='ocr_line' id='line_1_30' title="bbox 240 3808 1838 3872; baseline -0.008 0"><span class='ocrx_word' id='word_1_201' title='bbox 240 3828 375 3872; x_wconf 79' lang='lat' dir='ltr'><strong>sunt</strong></span> <span class='ocrx_word' id='word_1_202' title='bbox 406 3816 621 3872; x_wconf 84' lang='lat' dir='ltr'><strong>nomina</strong></span> <span class='ocrx_word' id='word_1_203' title='bbox 648 3823 822 3870; x_wconf 82' lang='lat' dir='ltr'><strong>vestra</strong></span> <span class='ocrx_word' id='word_1_204' title='bbox 854 3813 907 3869; x_wconf 91' lang='lat' dir='ltr'><strong>in</strong></span> <span class='ocrx_word' id='word_1_205' title='bbox 952 3812 1092 3867; x_wconf 87' lang='lat' dir='ltr'><strong>libro</strong></span> <span class='ocrx_word' id='word_1_206' title='bbox 1115 3810 1235 3864; x_wconf 66' lang='lat' dir='ltr'><strong>vita:</strong></span> <span class='ocrx_word' id='word_1_207' title='bbox 1268 3826 1281 3863; x_wconf 94' lang='lat'>:</span> <span class='ocrx_word' id='word_1_208' title='bbox 1308 3823 1428 3864; x_wconf 89' lang='lat' dir='ltr'><strong>cum</strong></span> <span class='ocrx_word' id='word_1_209' title='bbox 1457 3808 1656 3863; x_wconf 84' lang='lat' dir='ltr'><strong>sanctis</strong></span> <span class='ocrx_word' id='word_1_210' title='bbox 1697 3824 1838 3862; x_wconf 82' lang='lat' dir='ltr'><strong>mar-</strong></span> 
     </span>
    </p>
   </div>
   <div class='ocr_carea' id='block_1_31' title="bbox 242 3898 1836 3981">
    <p class='ocr_par' dir='ltr' id='par_1_31' title="bbox 242 3898 1836 3981">
     <span class='ocr_line' id='line_1_31' title="bbox 242 3898 1836 3981; baseline -0.008 -18"><span class='ocrx_word' id='word_1_211' title='bbox 242 3909 461 3981; x_wconf 83' lang='lat' dir='ltr'><strong>tyribus</strong></span> <span class='ocrx_word' id='word_1_212' title='bbox 487 3902 857 3961; x_wconf 73' lang='lat' dir='ltr'><strong>monumenti</strong></span> <span class='ocrx_word' id='word_1_213' title='bbox 896 3901 1048 3958; x_wconf 88' lang='lat' dir='ltr'><strong>estis.</strong></span> <span class='ocrx_word' id='word_1_214' title='bbox 1096 3900 1218 3956; x_wconf 90' lang='lat' dir='ltr'><strong>Scio</strong></span> <span class='ocrx_word' id='word_1_215' title='bbox 1257 3898 1373 3953; x_wconf 70' lang='lat' dir='ltr'><strong>hwc</strong></span> <span class='ocrx_word' id='word_1_216' title='bbox 1398 3913 1498 3968; x_wconf 88' lang='lat' dir='ltr'><strong>ego</strong></span> <span class='ocrx_word' id='word_1_217' title='bbox 1534 3906 1701 3963; x_wconf 90' lang='lat' dir='ltr'><strong>certo,</strong></span> <span class='ocrx_word' id='word_1_218' title='bbox 1732 3912 1836 3951; x_wconf 91' lang='lat' dir='ltr'><strong>non</strong></span> 
     </span>
    </p>
   </div>
   <div class='ocr_carea' id='block_1_32' title="bbox 237 3989 1840 4073">
    <p class='ocr_par' dir='ltr' id='par_1_32' title="bbox 237 3989 1840 4073">
     <span class='ocr_line' id='line_1_32' title="bbox 237 3989 1840 4073; baseline -0.006 -19"><span class='ocrx_word' id='word_1_219' title='bbox 237 4000 391 4073; x_wconf 89' lang='lat' dir='ltr'><strong>quod</strong></span> <span class='ocrx_word' id='word_1_220' title='bbox 425 4000 477 4053; x_wconf 91' lang='lat' dir='ltr'><strong>in</strong></span> <span class='ocrx_word' id='word_1_221' title='bbox 506 3998 695 4053; x_wconf 81' lang='lat' dir='ltr'><strong>caelum</strong></span> <span class='ocrx_word' id='word_1_222' title='bbox 724 3993 1164 4056; x_wconf 87' lang='lat' dir='ltr'><strong>transcenderim,</strong></span> <span class='ocrx_word' id='word_1_223' title='bbox 1210 3990 1302 4047; x_wconf 91' lang='lat' dir='ltr'><strong>sed</strong></span> <span class='ocrx_word' id='word_1_224' title='bbox 1333 4005 1364 4045; x_wconf 91' lang='lat' dir='ltr'><strong>e</strong></span> <span class='ocrx_word' id='word_1_225' title='bbox 1391 3989 1583 4044; x_wconf 83' lang='lat' dir='ltr'><strong>divinis</strong></span> <span class='ocrx_word' id='word_1_226' title='bbox 1610 3989 1840 4044; x_wconf 88' lang='lat' dir='ltr'><strong>oraculis</strong></span> 
     </span>
    </p>
   </div>
   <div class='ocr_carea' id='block_1_33' title="bbox 241 4081 1839 4150">
    <p class='ocr_par' dir='ltr' id='par_1_33' title="bbox 241 4081 1839 4150">
     <span class='ocr_line' id='line_1_33' title="bbox 241 4081 1839 4150; baseline -0.01 0"><span class='ocrx_word' id='word_1_227' title='bbox 241 4093 439 4150; x_wconf 73' lang='lat' dir='ltr'><strong>didici.</strong></span> <span class='ocrx_word' id='word_1_228' title='bbox 462 4091 593 4146; x_wconf 76' lang='lat' dir='ltr'><strong>Nam</strong></span> <span class='ocrx_word' id='word_1_229' title='bbox 617 4089 663 4145; x_wconf 90' lang='lat' dir='ltr'><strong>si</strong></span> <span class='ocrx_word' id='word_1_230' title='bbox 690 4087 927 4145; x_wconf 78' lang='lat' dir='ltr'><strong>Joannes</strong></span> <span class='ocrx_word' id='word_1_231' title='bbox 951 4086 1041 4143; x_wconf 89' lang='lat' dir='ltr'><strong>ille</strong></span> <span class='ocrx_word' id='word_1_232' title='bbox 1082 4084 1381 4141; x_wconf 67' lang='lat' dir='ltr'><strong>infecunda!</strong></span> <span class='ocrx_word' id='word_1_233' title='bbox 1410 4082 1632 4149; x_wconf 84' lang='lat' dir='ltr'><strong>fractas,</strong></span> <span class='ocrx_word' id='word_1_234' title='bbox 1664 4091 1718 4137; x_wconf 92' lang='lat' dir='ltr'><strong>et</strong></span> <span class='ocrx_word' id='word_1_235' title='bbox 1744 4081 1839 4135; x_wconf 89' lang='lat' dir='ltr'><strong>dc-</strong></span> 
     </span>
    </p>
   </div>
   <div class='ocr_carea' id='block_1_34' title="bbox 239 4172 1844 4249">
    <p class='ocr_par' dir='ltr' id='par_1_34' title="bbox 239 4172 1844 4249">
     <span class='ocr_line' id='line_1_34' title="bbox 239 4172 1844 4249; baseline -0.009 -9"><span class='ocrx_word' id='word_1_236' title='bbox 239 4190 383 4240; x_wconf 84' lang='lat' dir='ltr'><strong>serti</strong></span> <span class='ocrx_word' id='word_1_237' title='bbox 421 4184 573 4247; x_wconf 76' lang='lat' dir='ltr'><strong>civis,</strong></span> <span class='ocrx_word' id='word_1_238' title='bbox 600 4197 723 4237; x_wconf 89' lang='lat' dir='ltr'><strong>cum</strong></span> <span class='ocrx_word' id='word_1_239' title='bbox 755 4180 1090 4249; x_wconf 87' lang='lat' dir='ltr'><strong>illegitimutn</strong></span> <span class='ocrx_word' id='word_1_240' title='bbox 1128 4176 1349 4231; x_wconf 75' lang='lat' dir='ltr'><strong>vidisset</strong></span> <span class='ocrx_word' id='word_1_241' title='bbox 1388 4173 1615 4230; x_wconf 81' lang='lat' dir='ltr'><strong>Herodis</strong></span> <span class='ocrx_word' id='word_1_242' title='bbox 1655 4172 1844 4242; x_wconf 76' lang='lat' dir='ltr'><strong>conju-</strong></span> 
     </span>
    </p>
   </div>
   <div class='ocr_carea' id='block_1_35' title="bbox 238 4267 1839 4348">
    <p class='ocr_par' dir='ltr' id='par_1_35' title="bbox 238 4267 1839 4348">
     <span class='ocr_line' id='line_1_35' title="bbox 238 4267 1839 4348; baseline -0.007 -18"><span class='ocrx_word' id='word_1_243' title='bbox 238 4278 422 4348; x_wconf 71' lang='lat' dir='ltr'><strong>gium,</strong></span> <span class='ocrx_word' id='word_1_244' title='bbox 467 4288 588 4328; x_wconf 89' lang='lat' dir='ltr'><strong>cum</strong></span> <span class='ocrx_word' id='word_1_245' title='bbox 627 4269 1116 4343; x_wconf 62' lang='lat' dir='ltr'><strong>praevaricationem</strong></span> <span class='ocrx_word' id='word_1_246' title='bbox 1169 4267 1440 4336; x_wconf 86' lang='lat' dir='ltr'><strong>corrigere</strong></span> <span class='ocrx_word' id='word_1_247' title='bbox 1480 4281 1586 4320; x_wconf 84' lang='lat' dir='ltr'><strong>non</strong></span> <span class='ocrx_word' id='word_1_248' title='bbox 1637 4271 1839 4334; x_wconf 88' lang='lat' dir='ltr'><strong>posset,</strong></span> 
     </span>
    </p>
   </div>
   <div class='ocr_carea' id='block_1_36' title="bbox 237 4358 1845 4440">
    <p class='ocr_par' dir='ltr' id='par_1_36' title="bbox 237 4358 1845 4440">
     <span class='ocr_line' id='line_1_36' title="bbox 237 4358 1845 4440; baseline -0.009 -15"><span class='ocrx_word' id='word_1_249' title='bbox 237 4369 437 4440; x_wconf 78' lang='lat' dir='ltr'><strong>arguit</strong></span> <span class='ocrx_word' id='word_1_250' title='bbox 461 4378 659 4433; x_wconf 90' lang='lat' dir='ltr'><strong>tamen,</strong></span> <span class='ocrx_word' id='word_1_251' title='bbox 693 4374 748 4420; x_wconf 93' lang='lat' dir='ltr'><strong>et</strong></span> <span class='ocrx_word' id='word_1_252' title='bbox 774 4372 1054 4435; x_wconf 81' lang='lat' dir='ltr'><strong>propterea</strong></span> <span class='ocrx_word' id='word_1_253' title='bbox 1084 4362 1135 4416; x_wconf 93' lang='lat' dir='ltr'><strong>in</strong></span> <span class='ocrx_word' id='word_1_254' title='bbox 1166 4374 1438 4415; x_wconf 90' lang='lat' dir='ltr'><strong>carcerem</strong></span> <span class='ocrx_word' id='word_1_255' title='bbox 1473 4358 1767 4428; x_wconf 78' lang='lat' dir='ltr'><strong>coniectus,</strong></span> <span class='ocrx_word' id='word_1_256' title='bbox 1791 4365 1845 4411; x_wconf 90' lang='lat' dir='ltr'><strong>et</strong></span> 
     </span>
    </p>
   </div>
   <div class='ocr_carea' id='block_1_37' title="bbox 240 4449 1844 4526">
    <p class='ocr_par' dir='ltr' id='par_1_37' title="bbox 240 4449 1844 4526">
     <span class='ocr_line' id='line_1_37' title="bbox 240 4449 1844 4526; baseline -0.008 -11"><span class='ocrx_word' id='word_1_257' title='bbox 240 4459 592 4517; x_wconf 71' lang='lat' dir='ltr'><strong>decollatus‘</strong></span> <span class='ocrx_word' id='word_1_258' title='bbox 614 4498 629 4522; x_wconf 93' lang='lat'><strong>,</strong></span> <span class='ocrx_word' id='word_1_259' title='bbox 657 4464 880 4526; x_wconf 81' lang='lat' dir='ltr'><strong>martyr,</strong></span> <span class='ocrx_word' id='word_1_260' title='bbox 912 4464 967 4509; x_wconf 88' lang='lat' dir='ltr'><strong>et</strong></span> <span class='ocrx_word' id='word_1_261' title='bbox 1007 4462 1303 4524; x_wconf 85' lang='lat' dir='ltr'><strong>martyrum</strong></span> <span class='ocrx_word' id='word_1_262' title='bbox 1346 4451 1548 4522; x_wconf 88' lang='lat' dir='ltr'><strong>primus</strong></span> <span class='ocrx_word' id='word_1_263' title='bbox 1577 4449 1674 4504; x_wconf 88' lang='lat' dir='ltr'><strong>fuit</strong></span> <span class='ocrx_word' id='word_1_264' title='bbox 1704 4465 1718 4503; x_wconf 90' lang='lat'><strong>:</strong></span> <span class='ocrx_word' id='word_1_265' title='bbox 1749 4464 1844 4504; x_wconf 90' lang='lat' dir='ltr'><strong>vos</strong></span> 
     </span>
    </p>
   </div>
   <div class='ocr_carea' id='block_1_38' title="bbox 236 4544 1848 4621">
    <p class='ocr_par' dir='ltr' id='par_1_38' title="bbox 236 4544 1848 4621">
     <span class='ocr_line' id='line_1_38' title="bbox 236 4544 1848 4621; baseline -0.007 -15"><span class='ocrx_word' id='word_1_266' title='bbox 236 4552 343 4621; x_wconf 82' lang='lat' dir='ltr'><strong>qui</strong></span> <span class='ocrx_word' id='word_1_267' title='bbox 376 4549 583 4619; x_wconf 83' lang='lat' dir='ltr'><strong>legibus</strong></span> <span class='ocrx_word' id='word_1_268' title='bbox 608 4556 664 4604; x_wconf 85' lang='lat' dir='ltr'><strong>et</strong></span> <span class='ocrx_word' id='word_1_269' title='bbox 685 4544 1154 4603; x_wconf 83' lang='lat' dir='ltr'><strong>constitutionibus</strong></span> <span class='ocrx_word' id='word_1_270' title='bbox 1170 4552 1399 4614; x_wconf 86' lang='lat' dir='ltr'><strong>patrum,</strong></span> <span class='ocrx_word' id='word_1_271' title='bbox 1421 4556 1554 4612; x_wconf 90' lang='lat' dir='ltr'><strong>quas</strong></span> <span class='ocrx_word' id='word_1_272' title='bbox 1582 4550 1848 4610; x_wconf 75' lang='lat' dir='ltr'><strong>transgre-</strong></span> 
     </span>
    </p>
   </div>
   <div class='ocr_carea' id='block_1_39' title="bbox 218 4634 1849 4711">
    <p class='ocr_par' dir='ltr' id='par_1_39' title="bbox 218 4634 1849 4711">
     <span class='ocr_line' id='line_1_39' title="bbox 218 4634 1849 4711; baseline -0.008 -12"><span class='ocrx_word' id='word_1_273' title='bbox 218 4645 478 4700; x_wconf 71' lang='lat' dir='ltr'><strong>‘diuntur</strong></span> <span class='ocrx_word' id='word_1_274' title='bbox 498 4640 685 4711; x_wconf 68' lang='lat' dir='ltr'><strong>aliqui,</strong></span> <span class='ocrx_word' id='word_1_275' title='bbox 712 4647 770 4694; x_wconf 89' lang='lat' dir='ltr'><strong>et</strong></span> <span class='ocrx_word' id='word_1_276' title='bbox 793 4636 1115 4702; x_wconf 85' lang='lat' dir='ltr'><strong>sacerdotio,</strong></span> <span class='ocrx_word' id='word_1_277' title='bbox 1140 4635 1281 4707; x_wconf 77' lang='lat' dir='ltr'><strong>quod</strong></span> <span class='ocrx_word' id='word_1_278' title='bbox 1306 4634 1559 4689; x_wconf 73' lang='lat' dir='ltr'><strong>invadunt</strong></span> <span class='ocrx_word' id='word_1_279' title='bbox 1584 4642 1639 4689; x_wconf 89' lang='lat' dir='ltr'><strong>et</strong></span> <span class='ocrx_word' id='word_1_280' title='bbox 1659 4642 1849 4687; x_wconf 82' lang='lat' dir='ltr'><strong>conta-</strong></span> 
     </span>
    </p>
   </div>
   <div class='ocr_carea' id='block_1_40' title="bbox 240 4724 1851 4802">
    <p class='ocr_par' dir='ltr' id='par_1_40' title="bbox 240 4724 1851 4802">
     <span class='ocr_line' id='line_1_40' title="bbox 240 4724 1851 4802; baseline -0.007 -12"><span class='ocrx_word' id='word_1_281' title='bbox 240 4735 491 4797; x_wconf 83' lang='lat' dir='ltr'><strong>minant,</strong></span> <span class='ocrx_word' id='word_1_282' title='bbox 516 4729 946 4802; x_wconf 77' lang='lat' dir='ltr'><strong>patrocinamini,</strong></span> <span class='ocrx_word' id='word_1_283' title='bbox 968 4738 1168 4785; x_wconf 86' lang='lat' dir='ltr'><strong>etcum</strong></span> <span class='ocrx_word' id='word_1_284' title='bbox 1196 4735 1414 4798; x_wconf 83' lang='lat' dir='ltr'><strong>propter</strong></span> <span class='ocrx_word' id='word_1_285' title='bbox 1438 4725 1714 4781; x_wconf 85' lang='lat' dir='ltr'><strong>veritatem</strong></span> <span class='ocrx_word' id='word_1_286' title='bbox 1736 4724 1851 4779; x_wconf 60' lang='lat' dir='ltr'><strong>hac</strong></span> 
     </span>
    </p>
   </div>
   <div class='ocr_carea' id='block_1_41' title="bbox 240 4817 1852 4891">
    <p class='ocr_par' dir='ltr' id='par_1_41' title="bbox 240 4817 1852 4891">
     <span class='ocr_line' id='line_1_41' title="bbox 240 4817 1852 4891; baseline -0.006 -11"><span class='ocrx_word' id='word_1_287' title='bbox 240 4825 527 4891; x_wconf 80' lang='lat' dir='ltr'><strong>patimini,</strong></span> <span class='ocrx_word' id='word_1_288' title='bbox 558 4832 667 4877; x_wconf 89' lang='lat' dir='ltr'><strong>tum</strong></span> <span class='ocrx_word' id='word_1_289' title='bbox 691 4830 749 4876; x_wconf 92' lang='lat' dir='ltr'><strong>ut</strong></span> <span class='ocrx_word' id='word_1_290' title='bbox 770 4829 983 4877; x_wconf 88' lang='lat' dir='ltr'><strong>cessent</strong></span> <span class='ocrx_word' id='word_1_291' title='bbox 1010 4818 1347 4891; x_wconf 86' lang='lat' dir='ltr'><strong>impudentes</strong></span> <span class='ocrx_word' id='word_1_292' title='bbox 1379 4817 1680 4883; x_wconf 83' lang='lat' dir='ltr'><strong>calumniae,</strong></span> <span class='ocrx_word' id='word_1_293' title='bbox 1708 4817 1852 4887; x_wconf 81' lang='lat' dir='ltr'><strong>cogi-</strong></span> 
     </span>
    </p>
   </div>
   <div class='ocr_carea' id='block_1_42' title="bbox 239 4908 1850 4985">
    <p class='ocr_par' dir='ltr' id='par_1_42' title="bbox 239 4908 1850 4985">
     <span class='ocr_line' id='line_1_42' title="bbox 239 4908 1850 4985; baseline -0.006 -12"><span class='ocrx_word' id='word_1_294' title='bbox 239 4929 367 4973; x_wconf 76' lang='lat' dir='ltr'><strong>tate</strong></span> <span class='ocrx_word' id='word_1_295' title='bbox 400 4915 613 4985; x_wconf 88' lang='lat' dir='ltr'><strong>qualem</strong></span> <span class='ocrx_word' id='word_1_296' title='bbox 644 4914 915 4985; x_wconf 84' lang='lat' dir='ltr'><strong>accepturi</strong></span> <span class='ocrx_word' id='word_1_297' title='bbox 954 4913 1070 4967; x_wconf 88' lang='lat' dir='ltr'><strong>sitis</strong></span> <span class='ocrx_word' id='word_1_298' title='bbox 1105 4911 1429 4968; x_wconf 87' lang='lat' dir='ltr'><strong>mercedem.</strong></span> <span class='ocrx_word' id='word_1_299' title='bbox 1458 4908 1579 4964; x_wconf 86' lang='lat' dir='ltr'><strong>Non</strong></span> <span class='ocrx_word' id='word_1_300' title='bbox 1620 4910 1733 4964; x_wconf 85' lang='lat' dir='ltr'><strong>licet</strong></span> <span class='ocrx_word' id='word_1_301' title='bbox 1763 4909 1850 4963; x_wconf 81' lang='lat' dir='ltr'><strong>tibi</strong></span> 
     </span>
    </p>
   </div>
   <div class='ocr_carea' id='block_1_43' title="bbox 240 5000 1853 5076">
    <p class='ocr_par' dir='ltr' id='par_1_43' title="bbox 240 5000 1853 5076">
     <span class='ocr_line' id='line_1_43' title="bbox 240 5000 1853 5076; baseline -0.003 -15"><span class='ocrx_word' id='word_1_302' title='bbox 240 5008 447 5061; x_wconf 59' lang='lat' dir='ltr'><strong>habire</strong></span> <span class='ocrx_word' id='word_1_303' title='bbox 467 5022 679 5061; x_wconf 74' lang='lat' dir='ltr'><strong>uxorem</strong></span> <span class='ocrx_word' id='word_1_304' title='bbox 702 5004 935 5076; x_wconf 78' lang='lat' dir='ltr'><strong>Philippi</strong></span> <span class='ocrx_word' id='word_1_305' title='bbox 958 5004 1136 5074; x_wconf 76' lang='lat' dir='ltr'><strong>fratris</strong></span> <span class='ocrx_word' id='word_1_306' title='bbox 1161 5005 1234 5057; x_wconf 84' lang='lat' dir='ltr'><strong>tui</strong></span> <span class='ocrx_word' id='word_1_307' title='bbox 1254 5001 1467 5075; x_wconf 80' lang='lat' dir='ltr'><strong>(Matth.</strong></span> <span class='ocrx_word' id='word_1_308' title='bbox 1502 5001 1589 5056; x_wconf 73' lang='grc'><strong>14.</strong></span> <span class='ocrx_word' id='word_1_309' title='bbox 1619 5001 1697 5071; x_wconf 70' lang='grc'><strong>4),</strong></span> <span class='ocrx_word' id='word_1_310' title='bbox 1721 5000 1853 5056; x_wconf 83' lang='lat' dir='ltr'><strong>dixit</strong></span> 
     </span>
    </p>
   </div>
   <div class='ocr_carea' id='block_1_44' title="bbox 242 5093 1852 5165">
    <p class='ocr_par' dir='ltr' id='par_1_44' title="bbox 242 5093 1852 5165">
     <span class='ocr_line' id='line_1_44' title="bbox 242 5093 1852 5165; baseline -0.006 -11"><span class='ocrx_word' id='word_1_311' title='bbox 242 5098 422 5155; x_wconf 72' lang='lat' dir='ltr'><strong>fortis</strong></span> <span class='ocrx_word' id='word_1_312' title='bbox 447 5107 502 5154; x_wconf 77' lang='lat' dir='ltr'><strong>et</strong></span> <span class='ocrx_word' id='word_1_313' title='bbox 528 5098 774 5153; x_wconf 74' lang='lat' dir='ltr'><strong>sublimis</strong></span> <span class='ocrx_word' id='word_1_314' title='bbox 800 5096 912 5162; x_wconf 86' lang='lat' dir='ltr'><strong>ille,</strong></span> <span class='ocrx_word' id='word_1_315' title='bbox 944 5096 1181 5165; x_wconf 83' lang='lat' dir='ltr'><strong>satisque</strong></span> <span class='ocrx_word' id='word_1_316' title='bbox 1204 5095 1253 5149; x_wconf 89' lang='lat' dir='ltr'><strong>ei</strong></span> <span class='ocrx_word' id='word_1_317' title='bbox 1279 5093 1375 5148; x_wconf 78' lang='lat' dir='ltr'><strong>fuit</strong></span> <span class='ocrx_word' id='word_1_318' title='bbox 1391 5093 1457 5147; x_wconf 90' lang='lat' dir='ltr'><strong>ad</strong></span> <span class='ocrx_word' id='word_1_319' title='bbox 1480 5093 1743 5162; x_wconf 84' lang='lat' dir='ltr'><strong>ingentem</strong></span> <span class='ocrx_word' id='word_1_320' title='bbox 1763 5108 1852 5146; x_wconf 86' lang='lat' dir='ltr'><strong>ar-</strong></span> 
     </span>
    </p>
   </div>
   <div class='ocr_carea' id='block_1_45' title="bbox 237 5181 1848 5261">
    <p class='ocr_par' dir='ltr' id='par_1_45' title="bbox 237 5181 1848 5261">
     <span class='ocr_line' id='line_1_45' title="bbox 237 5181 1848 5261; baseline -0.004 -18"><span class='ocrx_word' id='word_1_321' title='bbox 237 5189 456 5261; x_wconf 74' lang='lat' dir='ltr'><strong>guendi</strong></span> <span class='ocrx_word' id='word_1_322' title='bbox 486 5189 805 5244; x_wconf 85' lang='lat' dir='ltr'><strong>libertatem.</strong></span> <span class='ocrx_word' id='word_1_323' title='bbox 838 5182 948 5238; x_wconf 78' lang='lat' dir='ltr'><strong>Vos</strong></span> <span class='ocrx_word' id='word_1_324' title='bbox 972 5197 1185 5254; x_wconf 87' lang='lat' dir='ltr'><strong>quoque</strong></span> <span class='ocrx_word' id='word_1_325' title='bbox 1213 5181 1449 5243; x_wconf 77' lang='lat' dir='ltr'><strong>dixistis,</strong></span> <span class='ocrx_word' id='word_1_326' title='bbox 1490 5181 1568 5235; x_wconf 82' lang='lat' dir='ltr'><strong>En</strong></span> <span class='ocrx_word' id='word_1_327' title='bbox 1608 5184 1848 5252; x_wconf 78' lang='lat' dir='ltr'><strong>exposita</strong></span> 
     </span>
    </p>
   </div>
   <div class='ocr_carea' id='block_1_46' title="bbox 241 5272 1848 5345">
    <p class='ocr_par' dir='ltr' id='par_1_46' title="bbox 241 5272 1848 5345">
     <span class='ocr_line' id='line_1_46' title="bbox 241 5272 1848 5345; baseline -0.013 -8"><span class='ocrx_word' id='word_1_328' title='bbox 241 5292 390 5337; x_wconf 80' lang='lat' dir='ltr'><strong>sunt</strong></span> <span class='ocrx_word' id='word_1_329' title='bbox 418 5282 578 5335; x_wconf 88' lang='lat' dir='ltr'><strong>etiam</strong></span> <span class='ocrx_word' id='word_1_330' title='bbox 608 5286 788 5333; x_wconf 90' lang='lat' dir='ltr'><strong>nostra</strong></span> <span class='ocrx_word' id='word_1_331' title='bbox 814 5290 1035 5345; x_wconf 88' lang='lat' dir='ltr'><strong>corpora</strong></span> <span class='ocrx_word' id='word_1_332' title='bbox 1064 5272 1254 5343; x_wconf 74' lang='lat' dir='ltr'><strong>ptenis,</strong></span> <span class='ocrx_word' id='word_1_333' title='bbox 1288 5272 1579 5341; x_wconf 80' lang='lat' dir='ltr'><strong>suppliciis,</strong></span> <span class='ocrx_word' id='word_1_334' title='bbox 1610 5281 1848 5329; x_wconf 76' lang='lat' dir='ltr'><strong>tarmen.</strong></span> 
     </span>
    </p>
   </div>
   <div class='ocr_carea' id='block_1_47' title="bbox 233 5365 1861 5437">
    <p class='ocr_par' dir='ltr' id='par_1_47' title="bbox 233 5365 1861 5437">
     <span class='ocr_line' id='line_1_47' title="bbox 233 5365 1861 5437; baseline -0.006 -8"><span class='ocrx_word' id='word_1_335' title='bbox 233 5377 322 5431; x_wconf 79' lang='lat' dir='ltr'><strong>tis</strong></span> <span class='ocrx_word' id='word_1_336' title='bbox 361 5392 375 5427; x_wconf 91' lang='lat'>:</span> <span class='ocrx_word' id='word_1_337' title='bbox 414 5372 658 5437; x_wconf 88' lang='lat' dir='ltr'><strong>absumc,</strong></span> <span class='ocrx_word' id='word_1_338' title='bbox 682 5369 887 5425; x_wconf 81' lang='lat' dir='ltr'><strong>conﬁce</strong></span> <span class='ocrx_word' id='word_1_339' title='bbox 909 5369 1008 5422; x_wconf 83' lang='lat' dir='ltr'><strong>ista</strong></span> <span class='ocrx_word' id='word_1_340' title='bbox 1035 5365 1225 5432; x_wconf 90' lang='lat' dir='ltr'><strong>quibus</strong></span> <span class='ocrx_word' id='word_1_341' title='bbox 1248 5365 1398 5418; x_wconf 87' lang='lat' dir='ltr'><strong>voles</strong></span> <span class='ocrx_word' id='word_1_342' title='bbox 1417 5365 1692 5435; x_wconf 76' lang='lat' dir='ltr'><strong>suppliciis</strong></span> <span class='ocrx_word' id='word_1_343' title='bbox 1724 5383 1736 5420; x_wconf 92' lang='lat'><strong>:</strong></span> <span class='ocrx_word' id='word_1_344' title='bbox 1760 5372 1861 5421; x_wconf 84' lang='lat' dir='ltr'><strong>ad-</strong></span> 
     </span>
    </p>
   </div>
   <div class='ocr_carea' id='block_1_48' title="bbox 238 5453 1847 5532">
    <p class='ocr_par' dir='ltr' id='par_1_48' title="bbox 238 5453 1847 5532">
     <span class='ocr_line' id='line_1_48' title="bbox 238 5453 1847 5532; baseline -0.006 -11"><span class='ocrx_word' id='word_1_345' title='bbox 238 5466 386 5521; x_wconf 78' lang='lat' dir='ltr'><strong>duci</strong></span> <span class='ocrx_word' id='word_1_346' title='bbox 418 5479 525 5519; x_wconf 89' lang='lat' dir='ltr'><strong>non</strong></span> <span class='ocrx_word' id='word_1_347' title='bbox 554 5474 838 5532; x_wconf 85' lang='lat' dir='ltr'><strong>possumus</strong></span> <span class='ocrx_word' id='word_1_348' title='bbox 859 5471 914 5513; x_wconf 88' lang='lat' dir='ltr'><strong>ut</strong></span> <span class='ocrx_word' id='word_1_349' title='bbox 934 5457 1345 5521; x_wconf 86' lang='lat' dir='ltr'><strong>calumnietnnr,</strong></span> <span class='ocrx_word' id='word_1_350' title='bbox 1372 5453 1465 5509; x_wconf 89' lang='lat' dir='ltr'><strong>sed</strong></span> <span class='ocrx_word' id='word_1_351' title='bbox 1495 5456 1688 5511; x_wconf 87' lang='lat' dir='ltr'><strong>millies</strong></span> <span class='ocrx_word' id='word_1_352' title='bbox 1714 5458 1847 5512; x_wconf 92' lang='lat' dir='ltr'><strong>mori</strong></span> 
     </span>
    </p>
   </div>
   <div class='ocr_carea' id='block_1_49' title="bbox 246 5547 1855 5620">
    <p class='ocr_par' dir='ltr' id='par_1_49' title="bbox 246 5547 1855 5620">
     <span class='ocr_line' id='line_1_49' title="bbox 246 5547 1855 5620; baseline -0.007 -6"><span class='ocrx_word' id='word_1_353' title='bbox 246 5558 426 5614; x_wconf 83' lang='lat' dir='ltr'><strong>nobis</strong></span> <span class='ocrx_word' id='word_1_354' title='bbox 452 5556 622 5611; x_wconf 89' lang='lat' dir='ltr'><strong>satius</strong></span> <span class='ocrx_word' id='word_1_355' title='bbox 663 5563 764 5608; x_wconf 89' lang='lat' dir='ltr'><strong>est.</strong></span> <span class='ocrx_word' id='word_1_356' title='bbox 798 5553 867 5606; x_wconf 81' lang='lat' dir='ltr'><strong>At</strong></span> <span class='ocrx_word' id='word_1_357' title='bbox 910 5550 1083 5620; x_wconf 82' lang='lat' dir='ltr'><strong>capite</strong></span> <span class='ocrx_word' id='word_1_358' title='bbox 1126 5547 1353 5602; x_wconf 91' lang='lat' dir='ltr'><strong>truncati</strong></span> <span class='ocrx_word' id='word_1_359' title='bbox 1394 5562 1499 5602; x_wconf 92' lang='lat' dir='ltr'><strong>non</strong></span> <span class='ocrx_word' id='word_1_360' title='bbox 1541 5548 1714 5603; x_wconf 78' lang='lat' dir='ltr'><strong>estis:</strong></span> <span class='ocrx_word' id='word_1_361' title='bbox 1748 5549 1855 5604; x_wconf 90' lang='lat' dir='ltr'><strong>imo</strong></span> 
     </span>
    </p>
   </div>
   <div class='ocr_carea' id='block_1_50' title="bbox 326 5664 1624 5733">
    <p class='ocr_par' dir='ltr' id='par_1_50' title="bbox 326 5664 1624 5733">
     <span class='ocr_line' id='line_1_50' title="bbox 326 5664 1624 5733; baseline -0.016 1"><span class='ocrx_word' id='word_1_362' title='bbox 326 5687 345 5718; x_wconf 79' lang='grc' dir='ltr'>ι</span> <span class='ocrx_word' id='word_1_363' title='bbox 387 5684 467 5733; x_wconf 75' lang='lat' dir='ltr'><strong>sic</strong></span> <span class='ocrx_word' id='word_1_364' title='bbox 488 5687 596 5730; x_wconf 81' lang='lat' dir='ltr'><strong>Ilss.</strong></span> <span class='ocrx_word' id='word_1_365' title='bbox 619 5686 808 5727; x_wconf 81' lang='lat' dir='ltr'><strong>omnes.</strong></span> <span class='ocrx_word' id='word_1_366' title='bbox 836 5681 885 5722; x_wconf 88' lang='lat' dir='ltr'><strong>In</strong></span> <span class='ocrx_word' id='word_1_367' title='bbox 901 5670 1062 5726; x_wconf 71' lang='lat' dir='ltr'><strong>mitis,</strong></span> <span class='ocrx_word' id='word_1_368' title='bbox 1087 5674 1133 5733; x_wconf 81' lang='lat' dir='ltr'><strong>et</strong></span> <span class='ocrx_word' id='word_1_369' title='bbox 1156 5666 1437 5733; x_wconf 60' lang='lat' dir='ltr'><strong>decedam,</strong></span> <span class='ocrx_word' id='word_1_370' title='bbox 1459 5664 1624 5715; x_wconf 76' lang='lat' dir='ltr'><strong>deest.</strong></span> 
     </span>
    </p>
   </div>
   <div class='ocr_carea' id='block_1_51' title="bbox 318 5728 1855 5807">
    <p class='ocr_par' dir='ltr' id='par_1_51' title="bbox 318 5728 1855 5807">
     <span class='ocr_line' id='line_1_51' title="bbox 318 5728 1855 5807; baseline -0.014 -11"><span class='ocrx_word' id='word_1_371' title='bbox 318 5728 619 5807; x_wconf 56' lang='lat' dir='ltr'><strong>(simul;</strong></span> <span class='ocrx_word' id='word_1_372' title='bbox 640 5752 751 5788; x_wconf 85' lang='lat' dir='ltr'><strong>cum</strong></span> <span class='ocrx_word' id='word_1_373' title='bbox 773 5740 917 5807; x_wconf 56' lang='lat' dir='ltr'><strong>vatio.</strong></span> <span class='ocrx_word' id='word_1_374' title='bbox 936 5772 950 5792; x_wconf 93' lang='lat'><strong>,</strong></span> <span class='ocrx_word' id='word_1_375' title='bbox 991 5732 1193 5793; x_wconf 63' lang='lat' dir='ltr'><strong>Fabric,</strong></span> <span class='ocrx_word' id='word_1_376' title='bbox 1224 5728 1433 5781; x_wconf 70' lang='lat' dir='ltr'><strong>Coislin.</strong></span> <span class='ocrx_word' id='word_1_377' title='bbox 1459 5737 1512 5782; x_wconf 91' lang='lat' dir='ltr'><strong>et</strong></span> <span class='ocrx_word' id='word_1_378' title='bbox 1557 5728 1704 5791; x_wconf 74' lang='lat' dir='ltr'><strong>Regio</strong></span> <span class='ocrx_word' id='word_1_379' title='bbox 1728 5731 1855 5785; x_wconf 85' lang='lat' dir='ltr'><strong>uno;</strong></span> 
     </span>
    </p>
   </div>
   <div class='ocr_carea' id='block_1_52' title="bbox 240 5796 922 5873">
    <p class='ocr_par' dir='ltr' id='par_1_52' title="bbox 240 5796 922 5873">
     <span class='ocr_line' id='line_1_52' title="bbox 240 5796 922 5873; baseline -0.022 -13"><span class='ocrx_word' id='word_1_380' title='bbox 240 5796 453 5873; x_wconf 54' lang='lat' dir='ltr'><strong>uitia</strong></span> <span class='ocrx_word' id='word_1_381' title='bbox 479 5812 645 5854; x_wconf 80' lang='lat' dir='ltr'><strong>autem</strong></span> <span class='ocrx_word' id='word_1_382' title='bbox 664 5812 791 5850; x_wconf 81' lang='lat' dir='ltr'><strong>anno</strong></span> <span class='ocrx_word' id='word_1_383' title='bbox 813 5796 922 5848; x_wconf 61' lang='lat' dir='ltr'><strong>40L</strong></span> 
     </span>
    </p>
   </div>
   <div class='ocr_carea' id='block_1_53' title="bbox 1934 1703 3518 1775">
    <p class='ocr_par' dir='ltr' id='par_1_53' title="bbox 1934 1703 3518 1775">
     <span class='ocr_line' id='line_1_53' title="bbox 1934 1703 3518 1775; baseline 0.004 -15"><span class='ocrx_word' id='word_1_384' title='bbox 1934 1705 2093 1775; x_wconf 84' lang='lat' dir='ltr'><strong>longe</strong></span> <span class='ocrx_word' id='word_1_385' title='bbox 2114 1706 2388 1762; x_wconf 87' lang='lat' dir='ltr'><strong>acerbiora</strong></span> <span class='ocrx_word' id='word_1_386' title='bbox 2407 1704 2621 1760; x_wconf 91' lang='lat' dir='ltr'><strong>tulistis.</strong></span> <span class='ocrx_word' id='word_1_387' title='bbox 2642 1703 2756 1759; x_wconf 83' lang='lat' dir='ltr'><strong>Non</strong></span> <span class='ocrx_word' id='word_1_388' title='bbox 2783 1705 2925 1759; x_wconf 92' lang='lat' dir='ltr'><strong>enim</strong></span> <span class='ocrx_word' id='word_1_389' title='bbox 2948 1703 3085 1761; x_wconf 85' lang='lat' dir='ltr'><strong>idem</strong></span> <span class='ocrx_word' id='word_1_390' title='bbox 3112 1716 3191 1761; x_wconf 91' lang='lat' dir='ltr'><strong>est</strong></span> <span class='ocrx_word' id='word_1_391' title='bbox 3213 1707 3359 1763; x_wconf 86' lang='lat' dir='ltr'><strong>brevi</strong></span> <span class='ocrx_word' id='word_1_392' title='bbox 3383 1719 3518 1765; x_wconf 82' lang='lat' dir='ltr'><strong>tem-</strong></span> 
     </span>
    </p>
   </div>
   <div class='ocr_carea' id='block_1_54' title="bbox 1932 1797 3514 1869">
    <p class='ocr_par' dir='ltr' id='par_1_54' title="bbox 1932 1797 3514 1869">
     <span class='ocr_line' id='line_1_54' title="bbox 1932 1797 3514 1869; baseline 0.003 -18"><span class='ocrx_word' id='word_1_393' title='bbox 1932 1799 2079 1869; x_wconf 90' lang='lat' dir='ltr'><strong>poris</strong></span> <span class='ocrx_word' id='word_1_394' title='bbox 2103 1810 2372 1853; x_wconf 86' lang='lat' dir='ltr'><strong>momento</strong></span> <span class='ocrx_word' id='word_1_395' title='bbox 2392 1807 2550 1866; x_wconf 88' lang='lat' dir='ltr'><strong>caput</strong></span> <span class='ocrx_word' id='word_1_396' title='bbox 2576 1797 2841 1861; x_wconf 85' lang='lat' dir='ltr'><strong>amittere,</strong></span> <span class='ocrx_word' id='word_1_397' title='bbox 2872 1808 2925 1851; x_wconf 89' lang='lat' dir='ltr'><strong>et</strong></span> <span class='ocrx_word' id='word_1_398' title='bbox 2954 1807 3099 1851; x_wconf 70' lang='lat' dir='ltr'><strong>tanto</strong></span> <span class='ocrx_word' id='word_1_399' title='bbox 3134 1808 3371 1869; x_wconf 87' lang='lat' dir='ltr'><strong>tempore</strong></span> <span class='ocrx_word' id='word_1_400' title='bbox 3393 1817 3514 1855; x_wconf 86' lang='lat' dir='ltr'><strong>cum</strong></span> 
     </span>
    </p>
   </div>
   <div class='ocr_carea' id='block_1_55' title="bbox 1937 1888 3507 1954">
    <p class='ocr_par' dir='ltr' id='par_1_55' title="bbox 1937 1888 3507 1954">
     <span class='ocr_line' id='line_1_55' title="bbox 1937 1888 3507 1954; baseline 0 -9"><span class='ocrx_word' id='word_1_401' title='bbox 1937 1891 2132 1945; x_wconf 84' lang='lat' dir='ltr'><strong>talibus</strong></span> <span class='ocrx_word' id='word_1_402' title='bbox 2163 1890 2347 1944; x_wconf 82' lang='lat' dir='ltr'><strong>luctari</strong></span> <span class='ocrx_word' id='word_1_403' title='bbox 2375 1888 2667 1953; x_wconf 88' lang='lat' dir='ltr'><strong>doloribus,</strong></span> <span class='ocrx_word' id='word_1_404' title='bbox 2716 1889 3027 1954; x_wconf 85' lang='lat' dir='ltr'><strong>terroribus,</strong></span> <span class='ocrx_word' id='word_1_405' title='bbox 3070 1890 3246 1953; x_wconf 86' lang='lat' dir='ltr'><strong>minis,</strong></span> <span class='ocrx_word' id='word_1_406' title='bbox 3274 1898 3507 1946; x_wconf 65' lang='lat' dir='ltr'><strong>carceri-</strong></span> 
     </span>
    </p>
   </div>
   <div class='ocr_carea' id='block_1_56' title="bbox 1938 1980 3514 2050">
    <p class='ocr_par' dir='ltr' id='par_1_56' title="bbox 1938 1980 3514 2050">
     <span class='ocr_line' id='line_1_56' title="bbox 1938 1980 3514 2050; baseline 0.001 -13"><span class='ocrx_word' id='word_1_407' title='bbox 1938 1983 2059 2047; x_wconf 90' lang='lat' dir='ltr'><strong>bus,</strong></span> <span class='ocrx_word' id='word_1_408' title='bbox 2087 1981 2496 2037; x_wconf 85' lang='lat' dir='ltr'><strong>abductionibus</strong></span> <span class='ocrx_word' id='word_1_409' title='bbox 2522 1980 2587 2034; x_wconf 90' lang='lat' dir='ltr'><strong>ad</strong></span> <span class='ocrx_word' id='word_1_410' title='bbox 2633 1980 2882 2045; x_wconf 88' lang='lat' dir='ltr'><strong>tribunal,</strong></span> <span class='ocrx_word' id='word_1_411' title='bbox 2911 1980 3221 2037; x_wconf 80' lang='lat' dir='ltr'><strong>carnificum</strong></span> <span class='ocrx_word' id='word_1_412' title='bbox 3248 1984 3514 2050; x_wconf 89' lang='lat' dir='ltr'><strong>manibus,</strong></span> 
     </span>
    </p>
   </div>
   <div class='ocr_carea' id='block_1_57' title="bbox 1936 2072 3516 2146">
    <p class='ocr_par' dir='ltr' id='par_1_57' title="bbox 1936 2072 3516 2146">
     <span class='ocr_line' id='line_1_57' title="bbox 1936 2072 3516 2146; baseline 0.001 -17"><span class='ocrx_word' id='word_1_413' title='bbox 1936 2074 2383 2146; x_wconf 83' lang='lat' dir='ltr'><strong>sycophantarum</strong></span> <span class='ocrx_word' id='word_1_414' title='bbox 2432 2072 2903 2141; x_wconf 85' lang='lat' dir='ltr'><strong>impudentissitnis</strong></span> <span class='ocrx_word' id='word_1_415' title='bbox 2952 2072 3175 2143; x_wconf 70' lang='lat' dir='ltr'><strong>linguis,</strong></span> <span class='ocrx_word' id='word_1_416' title='bbox 3225 2076 3516 2142; x_wconf 87' lang='lat' dir='ltr'><strong>conviciis,</strong></span> 
     </span>
    </p>
   </div>
   <div class='ocr_carea' id='block_1_58' title="bbox 1937 2164 3518 2223">
    <p class='ocr_par' dir='ltr' id='par_1_58' title="bbox 1937 2164 3518 2223">
     <span class='ocr_line' id='line_1_58' title="bbox 1937 2164 3518 2223; baseline -0.001 0"><span class='ocrx_word' id='word_1_417' title='bbox 1937 2170 2138 2223; x_wconf 88' lang='lat' dir='ltr'><strong>salibus</strong></span> <span class='ocrx_word' id='word_1_418' title='bbox 2166 2177 2219 2223; x_wconf 90' lang='lat' dir='ltr'><strong>et</strong></span> <span class='ocrx_word' id='word_1_419' title='bbox 2248 2166 2639 2222; x_wconf 79' lang='lat' dir='ltr'><strong>dicacitatibus.</strong></span> <span class='ocrx_word' id='word_1_420' title='bbox 2670 2164 2800 2219; x_wconf 83' lang='lat' dir='ltr'><strong>Nam</strong></span> <span class='ocrx_word' id='word_1_421' title='bbox 2824 2174 2877 2219; x_wconf 90' lang='lat' dir='ltr'><strong>et</strong></span> <span class='ocrx_word' id='word_1_422' title='bbox 2905 2164 3007 2219; x_wconf 89' lang='lat' dir='ltr'><strong>hoc</strong></span> <span class='ocrx_word' id='word_1_423' title='bbox 3032 2166 3320 2220; x_wconf 81' lang='lat' dir='ltr'><strong>niaximum</strong></span> <span class='ocrx_word' id='word_1_424' title='bbox 3345 2178 3518 2222; x_wconf 80' lang='lat' dir='ltr'><strong>certa-</strong></span> 
     </span>
    </p>
   </div>
   <div class='ocr_carea' id='block_1_59' title="bbox 1941 2253 3521 2328">
    <p class='ocr_par' dir='ltr' id='par_1_59' title="bbox 1941 2253 3521 2328">
     <span class='ocr_line' id='line_1_59' title="bbox 1941 2253 3521 2328; baseline -0.002 -16"><span class='ocrx_word' id='word_1_425' title='bbox 1941 2259 2100 2312; x_wconf 85' lang='lat' dir='ltr'><strong>minis</strong></span> <span class='ocrx_word' id='word_1_426' title='bbox 2130 2270 2318 2328; x_wconf 88' lang='lat' dir='ltr'><strong>genus,</strong></span> <span class='ocrx_word' id='word_1_427' title='bbox 2343 2257 2662 2325; x_wconf 90' lang='lat' dir='ltr'><strong>poniturqne</strong></span> <span class='ocrx_word' id='word_1_428' title='bbox 2690 2270 2716 2307; x_wconf 91' lang='lat' dir='ltr'><strong>a</strong></span> <span class='ocrx_word' id='word_1_429' title='bbox 2748 2254 2903 2308; x_wconf 87' lang='lat' dir='ltr'><strong>beato</strong></span> <span class='ocrx_word' id='word_1_430' title='bbox 2933 2254 3096 2307; x_wconf 85' lang='lat' dir='ltr'><strong>Paulo</strong></span> <span class='ocrx_word' id='word_1_431' title='bbox 3128 2253 3177 2308; x_wconf 92' lang='lat' dir='ltr'><strong>in</strong></span> <span class='ocrx_word' id='word_1_432' title='bbox 3208 2268 3521 2324; x_wconf 87' lang='lat' dir='ltr'><strong>magnorum</strong></span> 
     </span>
    </p>
   </div>
   <div class='ocr_carea' id='block_1_60' title="bbox 1938 2344 3525 2416">
    <p class='ocr_par' dir='ltr' id='par_1_60' title="bbox 1938 2344 3525 2416">
     <span class='ocr_line' id='line_1_60' title="bbox 1938 2344 3525 2416; baseline -0.003 -12"><span class='ocrx_word' id='word_1_433' title='bbox 1938 2351 2288 2404; x_wconf 87' lang='lat' dir='ltr'><strong>certaminum</strong></span> <span class='ocrx_word' id='word_1_434' title='bbox 2305 2347 2513 2412; x_wconf 87' lang='lat' dir='ltr'><strong>ordine,</strong></span> <span class='ocrx_word' id='word_1_435' title='bbox 2540 2362 2659 2401; x_wconf 91' lang='lat' dir='ltr'><strong>cum</strong></span> <span class='ocrx_word' id='word_1_436' title='bbox 2686 2347 2763 2399; x_wconf 89' lang='lat' dir='ltr'><strong>sic</strong></span> <span class='ocrx_word' id='word_1_437' title='bbox 2789 2346 2861 2399; x_wconf 89' lang='lat' dir='ltr'><strong>ait</strong></span> <span class='ocrx_word' id='word_1_438' title='bbox 2884 2362 2898 2401; x_wconf 89' lang='lat'><strong>:</strong></span> <span class='ocrx_word' id='word_1_439' title='bbox 2918 2344 3276 2398; x_wconf 85' lang='lat' dir='ltr'><strong>Recordamini</strong></span> <span class='ocrx_word' id='word_1_440' title='bbox 3295 2347 3401 2400; x_wconf 80' lang='lat' dir='ltr'><strong>dies</strong></span> <span class='ocrx_word' id='word_1_441' title='bbox 3422 2348 3525 2416; x_wconf 84' lang='lat' dir='ltr'><strong>pri-</strong></span> 
     </span>
    </p>
   </div>
   <div class='ocr_carea' id='block_1_61' title="bbox 1938 2438 3525 2511">
    <p class='ocr_par' dir='ltr' id='par_1_61' title="bbox 1938 2438 3525 2511">
     <span class='ocr_line' id='line_1_61' title="bbox 1938 2438 3525 2511; baseline -0.003 -15"><span class='ocrx_word' id='word_1_442' title='bbox 1938 2443 2118 2508; x_wconf 83' lang='lat' dir='ltr'><strong>stinos,</strong></span> <span class='ocrx_word' id='word_1_443' title='bbox 2146 2442 2197 2495; x_wconf 87' lang='lat' dir='ltr'><strong>in</strong></span> <span class='ocrx_word' id='word_1_444' title='bbox 2221 2441 2398 2511; x_wconf 81' lang='lat' dir='ltr'><strong>quibus</strong></span> <span class='ocrx_word' id='word_1_445' title='bbox 2421 2439 2711 2502; x_wconf 84' lang='lat' dir='ltr'><strong>illuminati,</strong></span> <span class='ocrx_word' id='word_1_446' title='bbox 2740 2438 2915 2509; x_wconf 83' lang='lat' dir='ltr'><strong>ingens</strong></span> <span class='ocrx_word' id='word_1_447' title='bbox 2936 2447 3184 2493; x_wconf 85' lang='lat' dir='ltr'><strong>certamen</strong></span> <span class='ocrx_word' id='word_1_448' title='bbox 3204 2439 3525 2509; x_wconf 72' lang='lat' dir='ltr'><strong>afﬂictiouum</strong></span> 
     </span>
    </p>
   </div>
   <div class='ocr_carea' id='block_1_62' title="bbox 1940 2528 3525 2602">
    <p class='ocr_par' dir='ltr' id='par_1_62' title="bbox 1940 2528 3525 2602">
     <span class='ocr_line' id='line_1_62' title="bbox 1940 2528 3525 2602; baseline -0.003 -15"><span class='ocrx_word' id='word_1_449' title='bbox 1940 2533 2249 2588; x_wconf 78' lang='lat' dir='ltr'><strong>sustinuistis</strong></span> <span class='ocrx_word' id='word_1_450' title='bbox 2281 2531 2461 2602; x_wconf 78' lang='lat' dir='ltr'><strong>(Hebr.</strong></span> <span class='ocrx_word' id='word_1_451' title='bbox 2495 2530 2580 2584; x_wconf 81' lang='grc'><strong>10.</strong></span> <span class='ocrx_word' id='word_1_452' title='bbox 2612 2528 2721 2602; x_wconf 74' lang='lat'><strong>&#39;59.).</strong></span> <span class='ocrx_word' id='word_1_453' title='bbox 2760 2529 2957 2584; x_wconf 84' lang='lat' dir='ltr'><strong>Deinde</strong></span> <span class='ocrx_word' id='word_1_454' title='bbox 2977 2539 3245 2583; x_wconf 72' lang='lat' dir='ltr'><strong>certamen:</strong></span> <span class='ocrx_word' id='word_1_455' title='bbox 3278 2545 3525 2595; x_wconf 89' lang='lat' dir='ltr'><strong>narrans,</strong></span> 
     </span>
    </p>
   </div>
   <div class='ocr_carea' id='block_1_63' title="bbox 1945 2618 3526 2693">
    <p class='ocr_par' dir='ltr' id='par_1_63' title="bbox 1945 2618 3526 2693">
     <span class='ocr_line' id='line_1_63' title="bbox 1945 2618 3526 2693; baseline -0.004 -16"><span class='ocrx_word' id='word_1_456' title='bbox 1945 2624 2117 2693; x_wconf 85' lang='lat' dir='ltr'><strong>ipsum</strong></span> <span class='ocrx_word' id='word_1_457' title='bbox 2148 2623 2295 2692; x_wconf 87' lang='lat' dir='ltr'><strong>ponit</strong></span> <span class='ocrx_word' id='word_1_458' title='bbox 2339 2622 2417 2674; x_wconf 88' lang='lat' dir='ltr'><strong>sic</strong></span> <span class='ocrx_word' id='word_1_459' title='bbox 2465 2620 2729 2674; x_wconf 86' lang='lat' dir='ltr'><strong>dicendo:</strong></span> <span class='ocrx_word' id='word_1_460' title='bbox 2769 2618 2962 2671; x_wconf 81' lang='lat' dir='ltr'><strong>Partim</strong></span> <span class='ocrx_word' id='word_1_461' title='bbox 2997 2618 3277 2688; x_wconf 83' lang='lat' dir='ltr'><strong>opprobriis</strong></span> <span class='ocrx_word' id='word_1_462' title='bbox 3325 2629 3370 2672; x_wconf 91' lang='lat' dir='ltr'><strong>et</strong></span> <span class='ocrx_word' id='word_1_463' title='bbox 3399 2620 3526 2688; x_wconf 70' lang='lat' dir='ltr'><strong>afﬂi-</strong></span> 
     </span>
    </p>
   </div>
   <div class='ocr_carea' id='block_1_64' title="bbox 1942 2710 3524 2782">
    <p class='ocr_par' dir='ltr' id='par_1_64' title="bbox 1942 2710 3524 2782">
     <span class='ocr_line' id='line_1_64' title="bbox 1942 2710 3524 2782; baseline -0.003 -13"><span class='ocrx_word' id='word_1_464' title='bbox 1942 2716 2191 2769; x_wconf 76' lang='lat' dir='ltr'><strong>ctionibus</strong></span> <span class='ocrx_word' id='word_1_465' title='bbox 2220 2713 2561 2782; x_wconf 68' lang='lat' dir='ltr'><strong>spectantium</strong></span> <span class='ocrx_word' id='word_1_466' title='bbox 2590 2712 2712 2782; x_wconf 75' lang='lat' dir='ltr'><strong>[acti</strong></span> <span class='ocrx_word' id='word_1_467' title='bbox 2735 2727 2751 2763; x_wconf 95' lang='lat'><em>:</em></span> <span class='ocrx_word' id='word_1_468' title='bbox 2774 2710 2959 2779; x_wconf 80' lang='lat' dir='ltr'><strong>partim</strong></span> <span class='ocrx_word' id='word_1_469' title='bbox 2988 2710 3414 2763; x_wconf 78' lang='lat' dir='ltr'><strong>communicantes</strong></span> <span class='ocrx_word' id='word_1_470' title='bbox 3442 2712 3524 2775; x_wconf 78' lang='lat' dir='ltr'><strong>iis,</strong></span> 
     </span>
    </p>
   </div>
   <div class='ocr_carea' id='block_1_65' title="bbox 1940 2803 3525 2879">
    <p class='ocr_par' dir='ltr' id='par_1_65' title="bbox 1940 2803 3525 2879">
     <span class='ocr_line' id='line_1_65' title="bbox 1940 2803 3525 2879; baseline -0.003 -18"><span class='ocrx_word' id='word_1_471' title='bbox 1940 2807 2028 2879; x_wconf 73' lang='lat' dir='ltr'><strong>qui</strong></span> <span class='ocrx_word' id='word_1_472' title='bbox 2063 2810 2135 2861; x_wconf 85' lang='lat' dir='ltr'><strong>sic</strong></span> <span class='ocrx_word' id='word_1_473' title='bbox 2169 2808 2458 2878; x_wconf 60' lang='lat' dir='ltr'><strong>afﬂiguntur</strong></span> <span class='ocrx_word' id='word_1_474' title='bbox 2489 2806 2593 2875; x_wconf 79' lang='lat' dir='ltr'><strong>(Ib.</strong></span> <span class='ocrx_word' id='word_1_475' title='bbox 2639 2821 2693 2857; x_wconf 86' lang='grc' dir='ltr'><strong>υ.</strong></span> <span class='ocrx_word' id='word_1_476' title='bbox 2724 2803 2835 2875; x_wconf 75' lang='grc'><strong>55).</strong></span> <span class='ocrx_word' id='word_1_477' title='bbox 2865 2804 2918 2859; x_wconf 88' lang='lat' dir='ltr'><strong>Si</strong></span> <span class='ocrx_word' id='word_1_478' title='bbox 2949 2819 3077 2874; x_wconf 88' lang='lat' dir='ltr'><strong>ergo</strong></span> <span class='ocrx_word' id='word_1_479' title='bbox 3105 2804 3194 2874; x_wconf 88' lang='lat' dir='ltr'><strong>qui</strong></span> <span class='ocrx_word' id='word_1_480' title='bbox 3229 2806 3525 2858; x_wconf 83' lang='lat' dir='ltr'><strong>communi-</strong></span> 
     </span>
    </p>
   </div>
   <div class='ocr_carea' id='block_1_66' title="bbox 1941 2895 3527 2967">
    <p class='ocr_par' dir='ltr' id='par_1_66' title="bbox 1941 2895 3527 2967">
     <span class='ocr_line' id='line_1_66' title="bbox 1941 2895 3527 2967; baseline 0.002 -20"><span class='ocrx_word' id='word_1_481' title='bbox 1941 2913 2089 2956; x_wconf 71' lang='lat' dir='ltr'><strong>cant.</strong></span> <span class='ocrx_word' id='word_1_482' title='bbox 2134 2907 2363 2963; x_wconf 83' lang='lat' dir='ltr'><strong>certant,</strong></span> <span class='ocrx_word' id='word_1_483' title='bbox 2398 2898 2565 2951; x_wconf 83' lang='lat' dir='ltr'><strong>multo</strong></span> <span class='ocrx_word' id='word_1_484' title='bbox 2599 2904 2765 2967; x_wconf 81' lang='lat' dir='ltr'><strong>magis</strong></span> <span class='ocrx_word' id='word_1_485' title='bbox 2802 2895 2892 2965; x_wconf 70' lang='lat' dir='ltr'><strong>qui</strong></span> <span class='ocrx_word' id='word_1_486' title='bbox 2930 2896 3216 2952; x_wconf 74' lang='lat' dir='ltr'><strong>sustinent.</strong></span> <span class='ocrx_word' id='word_1_487' title='bbox 3246 2895 3359 2950; x_wconf 80' lang='lat' dir='ltr'><strong>Non</strong></span> <span class='ocrx_word' id='word_1_488' title='bbox 3387 2896 3527 2950; x_wconf 87' lang='lat' dir='ltr'><strong>enim</strong></span> 
     </span>
    </p>
   </div>
   <div class='ocr_carea' id='block_1_67' title="bbox 1950 2987 3529 3057">
    <p class='ocr_par' dir='ltr' id='par_1_67' title="bbox 1950 2987 3529 3057">
     <span class='ocr_line' id='line_1_67' title="bbox 1950 2987 3529 3057; baseline -0.003 -12"><span class='ocrx_word' id='word_1_489' title='bbox 1950 3006 2132 3055; x_wconf 89' lang='lat' dir='ltr'><strong>unam,</strong></span> <span class='ocrx_word' id='word_1_490' title='bbox 2166 2999 2258 3043; x_wconf 91' lang='lat' dir='ltr'><strong>aut</strong></span> <span class='ocrx_word' id='word_1_491' title='bbox 2283 2989 2435 3051; x_wconf 81' lang='lat' dir='ltr'><strong>duas,</strong></span> <span class='ocrx_word' id='word_1_492' title='bbox 2480 2998 2570 3042; x_wconf 90' lang='lat' dir='ltr'><strong>aut</strong></span> <span class='ocrx_word' id='word_1_493' title='bbox 2602 2996 2730 3053; x_wconf 82' lang='lat' dir='ltr'><strong>tres,</strong></span> <span class='ocrx_word' id='word_1_494' title='bbox 2760 2987 2852 3042; x_wconf 92' lang='lat' dir='ltr'><strong>sed</strong></span> <span class='ocrx_word' id='word_1_495' title='bbox 2872 2987 3040 3057; x_wconf 64' lang='lat' dir='ltr'><strong>ionge</strong></span> <span class='ocrx_word' id='word_1_496' title='bbox 3066 2987 3245 3057; x_wconf 82' lang='lat' dir='ltr'><strong>plures</strong></span> <span class='ocrx_word' id='word_1_497' title='bbox 3274 2990 3529 3042; x_wconf 70' lang='lat' dir='ltr'><strong>sustinui~</strong></span> 
     </span>
    </p>
   </div>
   <div class='ocr_carea' id='block_1_68' title="bbox 1945 3078 3533 3148">
    <p class='ocr_par' dir='ltr' id='par_1_68' title="bbox 1945 3078 3533 3148">
     <span class='ocr_line' id='line_1_68' title="bbox 1945 3078 3533 3148; baseline -0.003 -12"><span class='ocrx_word' id='word_1_498' title='bbox 1945 3081 2043 3136; x_wconf 89' lang='lat' dir='ltr'><strong>stis</strong></span> <span class='ocrx_word' id='word_1_499' title='bbox 2071 3091 2271 3135; x_wconf 88' lang='lat' dir='ltr'><strong>mortes</strong></span> <span class='ocrx_word' id='word_1_500' title='bbox 2293 3098 2306 3134; x_wconf 91' lang='lat'><strong>:</strong></span> <span class='ocrx_word' id='word_1_501' title='bbox 2326 3079 2425 3133; x_wconf 81' lang='lat' dir='ltr'><strong>etsi</strong></span> <span class='ocrx_word' id='word_1_502' title='bbox 2456 3095 2559 3133; x_wconf 90' lang='lat' dir='ltr'><strong>non</strong></span> <span class='ocrx_word' id='word_1_503' title='bbox 2584 3078 2933 3147; x_wconf 84' lang='lat' dir='ltr'><strong>experientia,</strong></span> <span class='ocrx_word' id='word_1_504' title='bbox 2963 3085 3167 3133; x_wconf 89' lang='lat' dir='ltr'><strong>certum</strong></span> <span class='ocrx_word' id='word_1_505' title='bbox 3192 3080 3533 3148; x_wconf 81' lang='lat' dir='ltr'><strong>tamenquod</strong></span> 
     </span>
    </p>
   </div>
   <div class='ocr_carea' id='block_1_69' title="bbox 1947 3170 3538 3243">
    <p class='ocr_par' dir='ltr' id='par_1_69' title="bbox 1947 3170 3538 3243">
     <span class='ocr_line' id='line_1_69' title="bbox 1947 3170 3538 3243; baseline -0.002 -15"><span class='ocrx_word' id='word_1_506' title='bbox 1947 3174 2146 3228; x_wconf 82' lang='lat' dir='ltr'><strong>animo.</strong></span> <span class='ocrx_word' id='word_1_507' title='bbox 2174 3172 2400 3227; x_wconf 75' lang='lat' dir='ltr'><strong>Gaudete</strong></span> <span class='ocrx_word' id='word_1_508' title='bbox 2426 3172 2600 3243; x_wconf 74' lang='lat' dir='ltr'><strong>igitur,</strong></span> <span class='ocrx_word' id='word_1_509' title='bbox 2625 3181 2671 3225; x_wconf 80' lang='lat' dir='ltr'><strong>et</strong></span> <span class='ocrx_word' id='word_1_510' title='bbox 2699 3172 2949 3225; x_wconf 73' lang='lat' dir='ltr'><strong>exsultate</strong></span> <span class='ocrx_word' id='word_1_511' title='bbox 2976 3170 3190 3241; x_wconf 78' lang='lat' dir='ltr'><strong>(Matth.</strong></span> <span class='ocrx_word' id='word_1_512' title='bbox 3210 3172 3262 3226; x_wconf 87' lang='grc'><strong>5.</strong></span> <span class='ocrx_word' id='word_1_513' title='bbox 3290 3171 3413 3240; x_wconf 74' lang='grc'>12);</span> <span class='ocrx_word' id='word_1_514' title='bbox 3440 3173 3538 3225; x_wconf 85' lang='lat' dir='ltr'><strong>Do-</strong></span> 
     </span>
    </p>
   </div>
   <div class='ocr_carea' id='block_1_70' title="bbox 1950 3264 3541 3335">
    <p class='ocr_par' dir='ltr' id='par_1_70' title="bbox 1950 3264 3541 3335">
     <span class='ocr_line' id='line_1_70' title="bbox 1950 3264 3541 3335; baseline -0.003 -13"><span class='ocrx_word' id='word_1_515' title='bbox 1950 3267 2127 3322; x_wconf 89' lang='lat' dir='ltr'><strong>minus</strong></span> <span class='ocrx_word' id='word_1_516' title='bbox 2175 3266 2429 3322; x_wconf 69' lang='lat' dir='ltr'><strong>emlorum</strong></span> <span class='ocrx_word' id='word_1_517' title='bbox 2467 3266 2629 3335; x_wconf 83' lang='lat' dir='ltr'><strong>jussit</strong></span> <span class='ocrx_word' id='word_1_518' title='bbox 2667 3281 2772 3320; x_wconf 88' lang='lat' dir='ltr'><strong>non</strong></span> <span class='ocrx_word' id='word_1_519' title='bbox 2822 3264 2998 3320; x_wconf 86' lang='lat' dir='ltr'><strong>solum</strong></span> <span class='ocrx_word' id='word_1_520' title='bbox 3043 3280 3150 3320; x_wconf 87' lang='lat' dir='ltr'><strong>non</strong></span> <span class='ocrx_word' id='word_1_521' title='bbox 3189 3264 3406 3330; x_wconf 78' lang='lat' dir='ltr'><strong>dolere,</strong></span> <span class='ocrx_word' id='word_1_522' title='bbox 3450 3264 3541 3319; x_wconf 69' lang='lat' dir='ltr'><strong>vei</strong></span> 
     </span>
    </p>
   </div>
   <div class='ocr_carea' id='block_1_71' title="bbox 1948 3355 3539 3430">
    <p class='ocr_par' dir='ltr' id='par_1_71' title="bbox 1948 3355 3539 3430">
     <span class='ocr_line' id='line_1_71' title="bbox 1948 3355 3539 3430; baseline -0.004 -14"><span class='ocrx_word' id='word_1_523' title='bbox 1948 3360 2121 3430; x_wconf 84' lang='lat' dir='ltr'><strong>frangi</strong></span> <span class='ocrx_word' id='word_1_524' title='bbox 2142 3360 2340 3423; x_wconf 90' lang='lat' dir='ltr'><strong>animo,</strong></span> <span class='ocrx_word' id='word_1_525' title='bbox 2363 3358 2449 3413; x_wconf 86' lang='lat' dir='ltr'><strong>vel</strong></span> <span class='ocrx_word' id='word_1_526' title='bbox 2480 3358 2749 3423; x_wconf 90' lang='lat' dir='ltr'><strong>decidere,</strong></span> <span class='ocrx_word' id='word_1_527' title='bbox 2784 3356 2875 3411; x_wconf 89' lang='lat' dir='ltr'><strong>sed</strong></span> <span class='ocrx_word' id='word_1_528' title='bbox 2898 3356 3132 3426; x_wconf 84' lang='lat' dir='ltr'><strong>gaudere</strong></span> <span class='ocrx_word' id='word_1_529' title='bbox 3163 3365 3216 3411; x_wconf 92' lang='lat' dir='ltr'><strong>et</strong></span> <span class='ocrx_word' id='word_1_530' title='bbox 3246 3355 3539 3422; x_wconf 74' lang='lat' dir='ltr'><strong>exsultare,</strong></span> 
     </span>
    </p>
   </div>
   <div class='ocr_carea' id='block_1_72' title="bbox 1951 3446 3537 3522">
    <p class='ocr_par' dir='ltr' id='par_1_72' title="bbox 1951 3446 3537 3522">
     <span class='ocr_line' id='line_1_72' title="bbox 1951 3446 3537 3522; baseline -0.004 -16"><span class='ocrx_word' id='word_1_531' title='bbox 1951 3451 2166 3522; x_wconf 91' lang='lat' dir='ltr'><strong>quando</strong></span> <span class='ocrx_word' id='word_1_532' title='bbox 2204 3465 2398 3505; x_wconf 89' lang='lat' dir='ltr'><strong>nomen</strong></span> <span class='ocrx_word' id='word_1_533' title='bbox 2441 3458 2676 3503; x_wconf 88' lang='lat' dir='ltr'><strong>vestrum</strong></span> <span class='ocrx_word' id='word_1_534' title='bbox 2732 3456 3001 3516; x_wconf 86' lang='lat' dir='ltr'><strong>tamquam</strong></span> <span class='ocrx_word' id='word_1_535' title='bbox 3050 3446 3246 3502; x_wconf 88' lang='lat' dir='ltr'><strong>malum</strong></span> <span class='ocrx_word' id='word_1_536' title='bbox 3299 3447 3537 3515; x_wconf 84' lang='lat' dir='ltr'><strong>ejicient.</strong></span> 
     </span>
    </p>
   </div>
   <div class='ocr_carea' id='block_1_73' title="bbox 1953 3538 3534 3615">
    <p class='ocr_par' dir='ltr' id='par_1_73' title="bbox 1953 3538 3534 3615">
     <span class='ocr_line' id='line_1_73' title="bbox 1953 3538 3534 3615; baseline -0.006 -14"><span class='ocrx_word' id='word_1_537' title='bbox 1953 3544 2109 3614; x_wconf 81' lang='lat' dir='ltr'><strong>Quod</strong></span> <span class='ocrx_word' id='word_1_538' title='bbox 2132 3543 2178 3600; x_wconf 85' lang='lat' dir='ltr'><strong>si</strong></span> <span class='ocrx_word' id='word_1_539' title='bbox 2206 3544 2259 3598; x_wconf 90' lang='lat' dir='ltr'><strong>in</strong></span> <span class='ocrx_word' id='word_1_540' title='bbox 2283 3542 2649 3615; x_wconf 86' lang='lat' dir='ltr'><strong>sycophantiis</strong></span> <span class='ocrx_word' id='word_1_541' title='bbox 2682 3539 3021 3610; x_wconf 87' lang='lat' dir='ltr'><strong>gaudendum</strong></span> <span class='ocrx_word' id='word_1_542' title='bbox 3047 3557 3061 3604; x_wconf 89' lang='lat'><strong>;</strong></span> <span class='ocrx_word' id='word_1_543' title='bbox 3089 3538 3303 3609; x_wconf 87' lang='lat' dir='ltr'><strong>quando</strong></span> <span class='ocrx_word' id='word_1_544' title='bbox 3329 3538 3413 3592; x_wconf 89' lang='lat' dir='ltr'><strong>his</strong></span> <span class='ocrx_word' id='word_1_545' title='bbox 3441 3553 3534 3592; x_wconf 83' lang='lat' dir='ltr'><strong>ac-</strong></span> 
     </span>
    </p>
   </div>
   <div class='ocr_carea' id='block_1_74' title="bbox 1954 3627 3536 3700">
    <p class='ocr_par' dir='ltr' id='par_1_74' title="bbox 1954 3627 3536 3700">
     <span class='ocr_line' id='line_1_74' title="bbox 1954 3627 3536 3700; baseline -0.009 -6"><span class='ocrx_word' id='word_1_546' title='bbox 1954 3637 2151 3694; x_wconf 90' lang='lat' dir='ltr'><strong>cedunt</strong></span> <span class='ocrx_word' id='word_1_547' title='bbox 2194 3635 2497 3700; x_wconf 67' lang='lat' dir='ltr'><strong>calumniae,</strong></span> <span class='ocrx_word' id='word_1_548' title='bbox 2542 3632 2783 3698; x_wconf 88' lang='lat' dir='ltr'><strong>verbera,</strong></span> <span class='ocrx_word' id='word_1_549' title='bbox 2839 3639 3132 3694; x_wconf 89' lang='lat' dir='ltr'><strong>tormenta,</strong></span> <span class='ocrx_word' id='word_1_550' title='bbox 3173 3629 3332 3698; x_wconf 87' lang='lat' dir='ltr'><strong>gladii</strong></span> <span class='ocrx_word' id='word_1_551' title='bbox 3374 3627 3536 3693; x_wconf 91' lang='lat' dir='ltr'><strong>acuti,</strong></span> 
     </span>
    </p>
   </div>
   <div class='ocr_carea' id='block_1_75' title="bbox 1956 3719 3541 3793">
    <p class='ocr_par' dir='ltr' id='par_1_75' title="bbox 1956 3719 3541 3793">
     <span class='ocr_line' id='line_1_75' title="bbox 1956 3719 3541 3793; baseline -0.008 -9"><span class='ocrx_word' id='word_1_552' title='bbox 1956 3742 2225 3793; x_wconf 85' lang='lat' dir='ltr'><strong>carceres,</strong></span> <span class='ocrx_word' id='word_1_553' title='bbox 2247 3734 2469 3791; x_wconf 72' lang='lat' dir='ltr'><strong>catenae,</strong></span> <span class='ocrx_word' id='word_1_554' title='bbox 2500 3724 2871 3787; x_wconf 87' lang='lat' dir='ltr'><strong>abductioncs,</strong></span> <span class='ocrx_word' id='word_1_555' title='bbox 2917 3720 3299 3783; x_wconf 86' lang='lat' dir='ltr'><strong>traductiones,</strong></span> <span class='ocrx_word' id='word_1_556' title='bbox 3331 3728 3408 3772; x_wconf 88' lang='lat' dir='ltr'><strong>tot</strong></span> <span class='ocrx_word' id='word_1_557' title='bbox 3438 3719 3541 3772; x_wconf 90' lang='lat' dir='ltr'><strong>ini-</strong></span> 
     </span>
    </p>
   </div>
   <div class='ocr_carea' id='block_1_76' title="bbox 1960 3812 3542 3883">
    <p class='ocr_par' dir='ltr' id='par_1_76' title="bbox 1960 3812 3542 3883">
     <span class='ocr_line' id='line_1_76' title="bbox 1960 3812 3542 3883; baseline -0.009 -8"><span class='ocrx_word' id='word_1_558' title='bbox 1960 3820 2220 3875; x_wconf 84' lang='lat' dir='ltr'><strong>micorum</strong></span> <span class='ocrx_word' id='word_1_559' title='bbox 2252 3824 2501 3880; x_wconf 72' lang='lat' dir='ltr'><strong>catervzr,</strong></span> <span class='ocrx_word' id='word_1_560' title='bbox 2536 3815 2763 3883; x_wconf 82' lang='lat' dir='ltr'><strong>cogitate</strong></span> <span class='ocrx_word' id='word_1_561' title='bbox 2789 3812 2962 3882; x_wconf 78' lang='lat' dir='ltr'><strong>qualis</strong></span> <span class='ocrx_word' id='word_1_562' title='bbox 2990 3813 3216 3875; x_wconf 77' lang='lat' dir='ltr'><strong>merces,</strong></span> <span class='ocrx_word' id='word_1_563' title='bbox 3244 3824 3402 3878; x_wconf 85' lang='lat' dir='ltr'><strong>quam</strong></span> <span class='ocrx_word' id='word_1_564' title='bbox 3430 3824 3542 3863; x_wconf 88' lang='lat' dir='ltr'><strong>eoa-</strong></span> 
     </span>
    </p>
   </div>
   <div class='ocr_carea' id='block_1_77' title="bbox 1959 3900 3542 3971">
    <p class='ocr_par' dir='ltr' id='par_1_77' title="bbox 1959 3900 3542 3971">
     <span class='ocr_line' id='line_1_77' title="bbox 1959 3900 3542 3971; baseline -0.009 -4"><span class='ocrx_word' id='word_1_565' title='bbox 1959 3920 2189 3967; x_wconf 79' lang='lat' dir='ltr'><strong>cervata:</strong></span> <span class='ocrx_word' id='word_1_566' title='bbox 2214 3917 2372 3963; x_wconf 89' lang='lat' dir='ltr'><strong>erunt</strong></span> <span class='ocrx_word' id='word_1_567' title='bbox 2416 3905 2814 3961; x_wconf 85' lang='lat' dir='ltr'><strong>retributiones.</strong></span> <span class='ocrx_word' id='word_1_568' title='bbox 2862 3901 3088 3955; x_wconf 79' lang='lat' dir='ltr'><strong>Gaudete</strong></span> <span class='ocrx_word' id='word_1_569' title='bbox 3111 3901 3283 3971; x_wconf 81' lang='lat' dir='ltr'><strong>igitur,</strong></span> <span class='ocrx_word' id='word_1_570' title='bbox 3305 3900 3542 3955; x_wconf 72' lang='lat' dir='ltr'><strong>etmal-</strong></span> 
     </span>
    </p>
   </div>
   <div class='ocr_carea' id='block_1_78' title="bbox 1962 3993 3545 4071">
    <p class='ocr_par' dir='ltr' id='par_1_78' title="bbox 1962 3993 3545 4071">
     <span class='ocr_line' id='line_1_78' title="bbox 1962 3993 3545 4071; baseline -0.006 -13"><span class='ocrx_word' id='word_1_571' title='bbox 1962 4016 2082 4071; x_wconf 91' lang='lat' dir='ltr'><strong>tate,</strong></span> <span class='ocrx_word' id='word_1_572' title='bbox 2112 4002 2293 4059; x_wconf 84' lang='lat' dir='ltr'><strong>viriles</strong></span> <span class='ocrx_word' id='word_1_573' title='bbox 2332 4009 2522 4063; x_wconf 88' lang='lat' dir='ltr'><strong>estote,</strong></span> <span class='ocrx_word' id='word_1_574' title='bbox 2555 3994 2998 4059; x_wconf 89' lang='lat' dir='ltr'><strong>corroboramini,</strong></span> <span class='ocrx_word' id='word_1_575' title='bbox 3045 3993 3273 4063; x_wconf 84' lang='lat' dir='ltr'><strong>cogitate</strong></span> <span class='ocrx_word' id='word_1_576' title='bbox 3301 4002 3430 4061; x_wconf 91' lang='lat' dir='ltr'><strong>quot</strong></span> <span class='ocrx_word' id='word_1_577' title='bbox 3457 4007 3545 4048; x_wconf 81' lang='lat' dir='ltr'><strong>ve-</strong></span> 
     </span>
    </p>
   </div>
   <div class='ocr_carea' id='block_1_79' title="bbox 1963 4085 3546 4164">
    <p class='ocr_par' dir='ltr' id='par_1_79' title="bbox 1963 4085 3546 4164">
     <span class='ocr_line' id='line_1_79' title="bbox 1963 4085 3546 4164; baseline -0.009 -12"><span class='ocrx_word' id='word_1_578' title='bbox 1963 4106 2074 4151; x_wconf 91' lang='lat' dir='ltr'><strong>stro</strong></span> <span class='ocrx_word' id='word_1_579' title='bbox 2100 4094 2345 4164; x_wconf 86' lang='lat' dir='ltr'><strong>exemplo</strong></span> <span class='ocrx_word' id='word_1_580' title='bbox 2369 4092 2432 4146; x_wconf 89' lang='lat' dir='ltr'><strong>ad</strong></span> <span class='ocrx_word' id='word_1_581' title='bbox 2457 4090 2745 4147; x_wconf 89' lang='lat' dir='ltr'><strong>certamina</strong></span> <span class='ocrx_word' id='word_1_582' title='bbox 2774 4088 3041 4151; x_wconf 80' lang='lat' dir='ltr'><strong>armastis,</strong></span> <span class='ocrx_word' id='word_1_583' title='bbox 3060 4094 3188 4156; x_wconf 91' lang='lat' dir='ltr'><strong>quot</strong></span> <span class='ocrx_word' id='word_1_584' title='bbox 3206 4085 3546 4139; x_wconf 82' lang='lat' dir='ltr'><strong>ﬂuctuahun~</strong></span> 
     </span>
    </p>
   </div>
   <div class='ocr_carea' id='block_1_80' title="bbox 1965 4176 3547 4253">
    <p class='ocr_par' dir='ltr' id='par_1_80' title="bbox 1965 4176 3547 4253">
     <span class='ocr_line' id='line_1_80' title="bbox 1965 4176 3547 4253; baseline -0.008 -12"><span class='ocrx_word' id='word_1_585' title='bbox 1965 4188 2062 4242; x_wconf 87' lang='lat' dir='ltr'><strong>dos</strong></span> <span class='ocrx_word' id='word_1_586' title='bbox 2092 4185 2471 4248; x_wconf 86' lang='lat' dir='ltr'><strong>confirmastis,</strong></span> <span class='ocrx_word' id='word_1_587' title='bbox 2519 4196 2677 4253; x_wconf 89' lang='lat' dir='ltr'><strong>quam</strong></span> <span class='ocrx_word' id='word_1_588' title='bbox 2710 4180 2997 4234; x_wconf 89' lang='lat' dir='ltr'><strong>multorum</strong></span> <span class='ocrx_word' id='word_1_589' title='bbox 3034 4176 3242 4231; x_wconf 86' lang='lat' dir='ltr'><strong>animos</strong></span> <span class='ocrx_word' id='word_1_590' title='bbox 3279 4176 3547 4231; x_wconf 70' lang='lat' dir='ltr'><strong>excitastis</strong></span> 
     </span>
    </p>
   </div>
   <div class='ocr_carea' id='block_1_81' title="bbox 1967 4266 3548 4348">
    <p class='ocr_par' dir='ltr' id='par_1_81' title="bbox 1967 4266 3548 4348">
     <span class='ocr_line' id='line_1_81' title="bbox 1967 4266 3548 4348; baseline -0.011 -12"><span class='ocrx_word' id='word_1_591' title='bbox 1967 4296 2074 4337; x_wconf 87' lang='lat' dir='ltr'><strong>non</strong></span> <span class='ocrx_word' id='word_1_592' title='bbox 2108 4278 2450 4348; x_wconf 70' lang='lat' dir='ltr'><strong>prmsentium</strong></span> <span class='ocrx_word' id='word_1_593' title='bbox 2491 4267 2676 4337; x_wconf 86' lang='lat' dir='ltr'><strong>modo,</strong></span> <span class='ocrx_word' id='word_1_594' title='bbox 2722 4270 2817 4326; x_wconf 91' lang='lat' dir='ltr'><strong>sed</strong></span> <span class='ocrx_word' id='word_1_595' title='bbox 2860 4270 3019 4323; x_wconf 80' lang='lat' dir='ltr'><strong>etiam</strong></span> <span class='ocrx_word' id='word_1_596' title='bbox 3066 4266 3401 4327; x_wconf 85' lang='lat' dir='ltr'><strong>absentium;</strong></span> <span class='ocrx_word' id='word_1_597' title='bbox 3442 4280 3548 4319; x_wconf 89' lang='lat' dir='ltr'><strong>non</strong></span> 
     </span>
    </p>
   </div>
   <div class='ocr_carea' id='block_1_82' title="bbox 1968 4357 3549 4434">
    <p class='ocr_par' dir='ltr' id='par_1_82' title="bbox 1968 4357 3549 4434">
     <span class='ocr_line' id='line_1_82' title="bbox 1968 4357 3549 4434; baseline -0.012 -4"><span class='ocrx_word' id='word_1_598' title='bbox 1968 4386 2328 4430; x_wconf 56' lang='lat' dir='ltr'><strong>aerumnarum</strong></span> <span class='ocrx_word' id='word_1_599' title='bbox 2353 4377 2649 4423; x_wconf 89' lang='lat' dir='ltr'><strong>vestrarum</strong></span> <span class='ocrx_word' id='word_1_600' title='bbox 2696 4369 3011 4434; x_wconf 80' lang='lat' dir='ltr'><strong>conspectu,</strong></span> <span class='ocrx_word' id='word_1_601' title='bbox 3037 4359 3133 4416; x_wconf 92' lang='lat' dir='ltr'><strong>sed</strong></span> <span class='ocrx_word' id='word_1_602' title='bbox 3160 4375 3343 4415; x_wconf 86' lang='lat' dir='ltr'><strong>earum</strong></span> <span class='ocrx_word' id='word_1_603' title='bbox 3371 4357 3549 4412; x_wconf 83' lang='lat' dir='ltr'><strong>auditu</strong></span> 
     </span>
    </p>
   </div>
   <div class='ocr_carea' id='block_1_83' title="bbox 1968 4451 3548 4534">
    <p class='ocr_par' dir='ltr' id='par_1_83' title="bbox 1968 4451 3548 4534">
     <span class='ocr_line' id='line_1_83' title="bbox 1968 4451 3548 4534; baseline -0.013 -13"><span class='ocrx_word' id='word_1_604' title='bbox 1968 4467 2140 4522; x_wconf 91' lang='lat' dir='ltr'><strong>solum</strong></span> <span class='ocrx_word' id='word_1_605' title='bbox 2164 4461 2407 4534; x_wconf 89' lang='lat' dir='ltr'><strong>plurimis</strong></span> <span class='ocrx_word' id='word_1_606' title='bbox 2428 4458 2611 4531; x_wconf 91' lang='lat' dir='ltr'><strong>procul</strong></span> <span class='ocrx_word' id='word_1_607' title='bbox 2636 4456 2823 4528; x_wconf 88' lang='lat' dir='ltr'><strong>positis</strong></span> <span class='ocrx_word' id='word_1_608' title='bbox 2844 4468 3086 4524; x_wconf 86' lang='lat' dir='ltr'><strong>magnam</strong></span> <span class='ocrx_word' id='word_1_609' title='bbox 3107 4451 3388 4506; x_wconf 87' lang='lat' dir='ltr'><strong>utilitatem</strong></span> <span class='ocrx_word' id='word_1_610' title='bbox 3409 4459 3548 4502; x_wconf 88' lang='lat' dir='ltr'><strong>attu-</strong></span> 
     </span>
    </p>
   </div>
   <div class='ocr_carea' id='block_1_84' title="bbox 1972 4541 3549 4616">
    <p class='ocr_par' dir='ltr' id='par_1_84' title="bbox 1972 4541 3549 4616">
     <span class='ocr_line' id='line_1_84' title="bbox 1972 4541 3549 4616; baseline -0.015 0"><span class='ocrx_word' id='word_1_611' title='bbox 1972 4560 2128 4616; x_wconf 91' lang='lat' dir='ltr'><strong>listis.</strong></span> <span class='ocrx_word' id='word_1_612' title='bbox 2154 4556 2421 4614; x_wconf 89' lang='lat' dir='ltr'><strong>Continuo</strong></span> <span class='ocrx_word' id='word_1_613' title='bbox 2451 4559 2703 4608; x_wconf 87' lang='lat' dir='ltr'><strong>versetur</strong></span> <span class='ocrx_word' id='word_1_614' title='bbox 2723 4551 2775 4602; x_wconf 90' lang='lat' dir='ltr'><strong>in</strong></span> <span class='ocrx_word' id='word_1_615' title='bbox 2816 4562 2912 4602; x_wconf 91' lang='lat' dir='ltr'><strong>ore</strong></span> <span class='ocrx_word' id='word_1_616' title='bbox 2940 4554 3118 4600; x_wconf 87' lang='lat' dir='ltr'><strong>vestro</strong></span> <span class='ocrx_word' id='word_1_617' title='bbox 3145 4541 3273 4598; x_wconf 85' lang='lat' dir='ltr'><strong>illud</strong></span> <span class='ocrx_word' id='word_1_618' title='bbox 3299 4541 3549 4611; x_wconf 68' lang='lat' dir='ltr'><strong>apostoli.</strong></span> 
     </span>
    </p>
   </div>
   <div class='ocr_carea' id='block_1_85' title="bbox 1971 4635 3550 4711">
    <p class='ocr_par' dir='ltr' id='par_1_85' title="bbox 1971 4635 3550 4711">
     <span class='ocr_line' id='line_1_85' title="bbox 1971 4635 3550 4711; baseline -0.015 -2"><span class='ocrx_word' id='word_1_619' title='bbox 1971 4668 2092 4709; x_wconf 88' lang='lat' dir='ltr'><strong>cum</strong></span> <span class='ocrx_word' id='word_1_620' title='bbox 2118 4650 2319 4707; x_wconf 90' lang='lat' dir='ltr'><strong>dictum</strong></span> <span class='ocrx_word' id='word_1_621' title='bbox 2354 4663 2368 4701; x_wconf 91' lang='lat'><strong>:</strong></span> <span class='ocrx_word' id='word_1_622' title='bbox 2399 4644 2521 4700; x_wconf 87' lang='lat' dir='ltr'><strong>Non</strong></span> <span class='ocrx_word' id='word_1_623' title='bbox 2545 4652 2660 4697; x_wconf 83' lang='lat' dir='ltr'><strong>sunt</strong></span> <span class='ocrx_word' id='word_1_624' title='bbox 2686 4642 2953 4711; x_wconf 77' lang='lat' dir='ltr'><strong>condigna:</strong></span> <span class='ocrx_word' id='word_1_625' title='bbox 2979 4638 3237 4708; x_wconf 84' lang='lat' dir='ltr'><strong>passiones</strong></span> <span class='ocrx_word' id='word_1_626' title='bbox 3262 4635 3416 4704; x_wconf 86' lang='lat' dir='ltr'><strong>Itttjus</strong></span> <span class='ocrx_word' id='word_1_627' title='bbox 3438 4646 3550 4687; x_wconf 84' lang='lat' dir='ltr'><strong>tem-</strong></span> 
     </span>
    </p>
   </div>
   <div class='ocr_carea' id='block_1_86' title="bbox 1975 4722 3555 4815">
    <p class='ocr_par' dir='ltr' id='par_1_86' title="bbox 1975 4722 3555 4815">
     <span class='ocr_line' id='line_1_86' title="bbox 1975 4722 3555 4815; baseline -0.013 -16"><span class='ocrx_word' id='word_1_628' title='bbox 1975 4744 2111 4815; x_wconf 81' lang='lat' dir='ltr'><strong>poris</strong></span> <span class='ocrx_word' id='word_1_629' title='bbox 2144 4741 2210 4795; x_wconf 81' lang='lat' dir='ltr'><strong>ad</strong></span> <span class='ocrx_word' id='word_1_630' title='bbox 2250 4745 2476 4812; x_wconf 79' lang='lat' dir='ltr'><strong>futuram</strong></span> <span class='ocrx_word' id='word_1_631' title='bbox 2504 4735 2719 4807; x_wconf 80' lang='lat' dir='ltr'><strong>gloriam</strong></span> <span class='ocrx_word' id='word_1_632' title='bbox 2743 4734 2798 4786; x_wconf 89' lang='lat' dir='ltr'><strong>in</strong></span> <span class='ocrx_word' id='word_1_633' title='bbox 2850 4731 2993 4785; x_wconf 81' lang='lat' dir='ltr'><strong>nobis</strong></span> <span class='ocrx_word' id='word_1_634' title='bbox 3034 4726 3353 4781; x_wconf 70' lang='lat' dir='ltr'><strong>raefandam</strong></span> <span class='ocrx_word' id='word_1_635' title='bbox 3380 4722 3555 4797; x_wconf 85' lang='lat' dir='ltr'><strong>(Rom_</strong></span> 
     </span>
    </p>
   </div>
   <div class='ocr_carea' id='block_1_87' title="bbox 1974 4817 3566 4899">
    <p class='ocr_par' dir='ltr' id='par_1_87' title="bbox 1974 4817 3566 4899">
     <span class='ocr_line' id='line_1_87' title="bbox 1974 4817 3566 4899; baseline -0.014 -8"><span class='ocrx_word' id='word_1_636' title='bbox 1974 4837 2029 4891; x_wconf 80' lang='lat'><strong>8.</strong></span> <span class='ocrx_word' id='word_1_637' title='bbox 2058 4835 2168 4899; x_wconf 73' lang='lat'><strong>18).</strong></span> <span class='ocrx_word' id='word_1_638' title='bbox 2194 4833 2511 4898; x_wconf 77' lang='lat' dir='ltr'><strong>Exspectate</strong></span> <span class='ocrx_word' id='word_1_639' title='bbox 2541 4845 2553 4880; x_wconf 89' lang='lat'><strong>:</strong></span> <span class='ocrx_word' id='word_1_640' title='bbox 2585 4825 2729 4880; x_wconf 81' lang='lat' dir='ltr'><strong>brevi</strong></span> <span class='ocrx_word' id='word_1_641' title='bbox 2751 4821 3100 4877; x_wconf 85' lang='lat' dir='ltr'><strong>tentationum</strong></span> <span class='ocrx_word' id='word_1_642' title='bbox 3128 4817 3249 4873; x_wconf 84' lang='lat' dir='ltr'><strong>finis</strong></span> <span class='ocrx_word' id='word_1_643' title='bbox 3270 4818 3391 4881; x_wconf 83' lang='lat' dir='ltr'><strong>erit,</strong></span> <span class='ocrx_word' id='word_1_644' title='bbox 3426 4818 3566 4871; x_wconf 89' lang='lat' dir='ltr'><strong>libe-</strong></span> 
     </span>
    </p>
   </div>
   <div class='ocr_carea' id='block_1_88' title="bbox 1972 4903 3561 4987">
    <p class='ocr_par' dir='ltr' id='par_1_88' title="bbox 1972 4903 3561 4987">
     <span class='ocr_line' id='line_1_88' title="bbox 1972 4903 3561 4987; baseline -0.011 -14"><span class='ocrx_word' id='word_1_645' title='bbox 1972 4917 2218 4987; x_wconf 76' lang='lat' dir='ltr'><strong>ratioque</strong></span> <span class='ocrx_word' id='word_1_646' title='bbox 2244 4915 2500 4987; x_wconf 87' lang='lat' dir='ltr'><strong>perfecta.</strong></span> <span class='ocrx_word' id='word_1_647' title='bbox 2528 4912 2689 4969; x_wconf 90' lang='lat' dir='ltr'><strong>Orate</strong></span> <span class='ocrx_word' id='word_1_648' title='bbox 2708 4912 2867 4967; x_wconf 90' lang='lat' dir='ltr'><strong>etiam</strong></span> <span class='ocrx_word' id='word_1_649' title='bbox 2891 4909 3087 4981; x_wconf 74' lang='lat' dir='ltr'><strong>iugiter</strong></span> <span class='ocrx_word' id='word_1_650' title='bbox 3109 4921 3205 4977; x_wconf 89' lang='lat' dir='ltr'><strong>pro</strong></span> <span class='ocrx_word' id='word_1_651' title='bbox 3233 4907 3402 4960; x_wconf 89' lang='lat' dir='ltr'><strong>nobis.</strong></span> <span class='ocrx_word' id='word_1_652' title='bbox 3428 4903 3561 4958; x_wconf 75' lang='lat' dir='ltr'><strong>Nam</strong></span> 
     </span>
    </p>
   </div>
   <div class='ocr_carea' id='block_1_89' title="bbox 1965 4999 3556 5079">
    <p class='ocr_par' dir='ltr' id='par_1_89' title="bbox 1965 4999 3556 5079">
     <span class='ocr_line' id='line_1_89' title="bbox 1965 4999 3556 5079; baseline -0.01 -15"><span class='ocrx_word' id='word_1_653' title='bbox 1965 5010 2066 5064; x_wconf 89' lang='lat' dir='ltr'><strong>etsi</strong></span> <span class='ocrx_word' id='word_1_654' title='bbox 2111 5009 2270 5079; x_wconf 84' lang='lat' dir='ltr'><strong>longo</strong></span> <span class='ocrx_word' id='word_1_655' title='bbox 2298 5008 2500 5063; x_wconf 86' lang='lat' dir='ltr'><strong>viarum</strong></span> <span class='ocrx_word' id='word_1_656' title='bbox 2552 5005 2832 5060; x_wconf 90' lang='lat' dir='ltr'><strong>intervallo</strong></span> <span class='ocrx_word' id='word_1_657' title='bbox 2881 5001 3255 5073; x_wconf 74' lang='lat' dir='ltr'><strong>disiungimur,</strong></span> <span class='ocrx_word' id='word_1_658' title='bbox 3286 4999 3556 5063; x_wconf 83' lang='lat' dir='ltr'><strong>multoque</strong></span> 
     </span>
    </p>
   </div>
   <div class='ocr_carea' id='block_1_90' title="bbox 1976 5098 3553 5174">
    <p class='ocr_par' dir='ltr' id='par_1_90' title="bbox 1976 5098 3553 5174">
     <span class='ocr_line' id='line_1_90' title="bbox 1976 5098 3553 5174; baseline -0.011 -16"><span class='ocrx_word' id='word_1_659' title='bbox 1976 5113 2220 5174; x_wconf 85' lang='lat' dir='ltr'><strong>tempore</strong></span> <span class='ocrx_word' id='word_1_660' title='bbox 2251 5119 2281 5157; x_wconf 88' lang='lat' dir='ltr'><strong>a</strong></span> <span class='ocrx_word' id='word_1_661' title='bbox 2307 5101 2461 5156; x_wconf 91' lang='lat' dir='ltr'><strong>vobis</strong></span> <span class='ocrx_word' id='word_1_662' title='bbox 2506 5098 2769 5169; x_wconf 83' lang='lat' dir='ltr'><strong>segregati</strong></span> <span class='ocrx_word' id='word_1_663' title='bbox 2824 5111 3009 5151; x_wconf 90' lang='lat' dir='ltr'><strong>sumus</strong></span> <span class='ocrx_word' id='word_1_664' title='bbox 3040 5113 3053 5148; x_wconf 90' lang='lat'><strong>:</strong></span> <span class='ocrx_word' id='word_1_665' title='bbox 3086 5104 3319 5148; x_wconf 88' lang='lat' dir='ltr'><strong>attamen</strong></span> <span class='ocrx_word' id='word_1_666' title='bbox 3362 5106 3460 5145; x_wconf 91' lang='lat' dir='ltr'><strong>vos</strong></span> <span class='ocrx_word' id='word_1_667' title='bbox 3504 5099 3553 5144; x_wconf 86' lang='lat' dir='ltr'><strong>ut</strong></span> 
     </span>
    </p>
   </div>
   <div class='ocr_carea' id='block_1_91' title="bbox 1972 5185 3551 5265">
    <p class='ocr_par' dir='ltr' id='par_1_91' title="bbox 1972 5185 3551 5265">
     <span class='ocr_line' id='line_1_91' title="bbox 1972 5185 3551 5265; baseline -0.009 -15"><span class='ocrx_word' id='word_1_668' title='bbox 1972 5204 2265 5265; x_wconf 61' lang='lat' dir='ltr'><strong>praesentes</strong></span> <span class='ocrx_word' id='word_1_669' title='bbox 2292 5200 2348 5249; x_wconf 89' lang='lat' dir='ltr'><strong>et</strong></span> <span class='ocrx_word' id='word_1_670' title='bbox 2395 5194 2674 5248; x_wconf 82' lang='lat' dir='ltr'><strong>no&#39;mscum</strong></span> <span class='ocrx_word' id='word_1_671' title='bbox 2702 5198 2977 5245; x_wconf 83' lang='lat' dir='ltr'><strong>versantes</strong></span> <span class='ocrx_word' id='word_1_672' title='bbox 3001 5185 3424 5255; x_wconf 79' lang='lat' dir='ltr'><strong>conipleCtimur,</strong></span> <span class='ocrx_word' id='word_1_673' title='bbox 3460 5197 3551 5237; x_wconf 82' lang='lat' dir='ltr'><strong>vc-</strong></span> 
     </span>
    </p>
   </div>
   <div class='ocr_carea' id='block_1_92' title="bbox 1966 5273 3557 5350">
    <p class='ocr_par' dir='ltr' id='par_1_92' title="bbox 1966 5273 3557 5350">
     <span class='ocr_line' id='line_1_92' title="bbox 1966 5273 3557 5350; baseline -0.008 -11"><span class='ocrx_word' id='word_1_674' title='bbox 1966 5297 2137 5340; x_wconf 80' lang='lat' dir='ltr'><strong>strnm</strong></span> <span class='ocrx_word' id='word_1_675' title='bbox 2162 5287 2389 5338; x_wconf 80' lang='lat' dir='ltr'><strong>amicum</strong></span> <span class='ocrx_word' id='word_1_676' title='bbox 2412 5291 2572 5350; x_wconf 78' lang='lat' dir='ltr'><strong>caput</strong></span> <span class='ocrx_word' id='word_1_677' title='bbox 2599 5280 2993 5341; x_wconf 81' lang='lat' dir='ltr'><strong>exosculamur,</strong></span> <span class='ocrx_word' id='word_1_678' title='bbox 3012 5284 3298 5331; x_wconf 89' lang='lat' dir='ltr'><strong>coronatos</strong></span> <span class='ocrx_word' id='word_1_679' title='bbox 3327 5273 3557 5327; x_wconf 81' lang='lat' dir='ltr'><strong>victores</strong></span> 
     </span>
    </p>
   </div>
   <div class='ocr_carea' id='block_1_93' title="bbox 1962 5358 3543 5441">
    <p class='ocr_par' dir='ltr' id='par_1_93' title="bbox 1962 5358 3543 5441">
     <span class='ocr_line' id='line_1_93' title="bbox 1962 5358 3543 5441; baseline -0.008 -17"><span class='ocrx_word' id='word_1_680' title='bbox 1962 5387 2058 5426; x_wconf 87' lang='lat' dir='ltr'><strong>vos</strong></span> <span class='ocrx_word' id='word_1_681' title='bbox 2085 5369 2336 5441; x_wconf 68' lang='lat' dir='ltr'><strong>cvpansis</strong></span> <span class='ocrx_word' id='word_1_682' title='bbox 2364 5365 2611 5422; x_wconf 87' lang='lat' dir='ltr'><strong>manibus</strong></span> <span class='ocrx_word' id='word_1_683' title='bbox 2636 5362 2953 5433; x_wconf 78' lang='lat' dir='ltr'><strong>excipimus,</strong></span> <span class='ocrx_word' id='word_1_684' title='bbox 2980 5367 3351 5429; x_wconf 80' lang='lat' dir='ltr'><strong>exspectantes</strong></span> <span class='ocrx_word' id='word_1_685' title='bbox 3371 5364 3425 5410; x_wconf 91' lang='lat' dir='ltr'><strong>et</strong></span> <span class='ocrx_word' id='word_1_686' title='bbox 3446 5358 3543 5425; x_wconf 81' lang='lat' dir='ltr'><strong>ipsi</strong></span> 
     </span>
    </p>
   </div>
   <div class='ocr_carea' id='block_1_94' title="bbox 1960 5447 3545 5530">
    <p class='ocr_par' dir='ltr' id='par_1_94' title="bbox 1960 5447 3545 5530">
     <span class='ocr_line' id='line_1_94' title="bbox 1960 5447 3545 5530; baseline -0.011 -10"><span class='ocrx_word' id='word_1_687' title='bbox 1960 5480 2026 5520; x_wconf 85' lang='lat' dir='ltr'><strong>ex</strong></span> <span class='ocrx_word' id='word_1_688' title='bbox 2056 5472 2237 5518; x_wconf 90' lang='lat' dir='ltr'><strong>mutua</strong></span> <span class='ocrx_word' id='word_1_689' title='bbox 2268 5475 2397 5530; x_wconf 84' lang='lat' dir='ltr'><strong>erga</strong></span> <span class='ocrx_word' id='word_1_690' title='bbox 2420 5473 2519 5513; x_wconf 87' lang='lat' dir='ltr'><strong>vos</strong></span> <span class='ocrx_word' id='word_1_691' title='bbox 2544 5457 2768 5513; x_wconf 85' lang='lat' dir='ltr'><strong>caritate</strong></span> <span class='ocrx_word' id='word_1_692' title='bbox 2814 5454 3020 5509; x_wconf 89' lang='lat' dir='ltr'><strong>lucrum</strong></span> <span class='ocrx_word' id='word_1_693' title='bbox 3050 5452 3363 5505; x_wconf 78' lang='lat' dir='ltr'><strong>maximum.</strong></span> <span class='ocrx_word' id='word_1_694' title='bbox 3412 5447 3545 5503; x_wconf 82' lang='lat' dir='ltr'><strong>Nam</strong></span> 
     </span>
    </p>
   </div>
   <div class='ocr_carea' id='block_1_95' title="bbox 1962 5542 3550 5625">
    <p class='ocr_par' dir='ltr' id='par_1_95' title="bbox 1962 5542 3550 5625">
     <span class='ocr_line' id='line_1_95' title="bbox 1962 5542 3550 5625; baseline -0.014 -12"><span class='ocrx_word' id='word_1_695' title='bbox 1962 5558 2006 5613; x_wconf 91' lang='lat' dir='ltr'><strong>si</strong></span> <span class='ocrx_word' id='word_1_696' title='bbox 2038 5569 2283 5625; x_wconf 80' lang='lat' dir='ltr'><strong>magnam</strong></span> <span class='ocrx_word' id='word_1_697' title='bbox 2316 5549 2623 5607; x_wconf 89' lang='lat' dir='ltr'><strong>mercedem</strong></span> <span class='ocrx_word' id='word_1_698' title='bbox 2665 5554 2985 5617; x_wconf 84' lang='lat' dir='ltr'><strong>exspectare</strong></span> <span class='ocrx_word' id='word_1_699' title='bbox 3034 5542 3161 5599; x_wconf 90' lang='lat' dir='ltr'><strong>licet</strong></span> <span class='ocrx_word' id='word_1_700' title='bbox 3205 5544 3270 5597; x_wconf 90' lang='lat' dir='ltr'><strong>iis</strong></span> <span class='ocrx_word' id='word_1_701' title='bbox 3318 5542 3406 5607; x_wconf 88' lang='lat' dir='ltr'><strong>qui</strong></span> <span class='ocrx_word' id='word_1_702' title='bbox 3450 5552 3550 5592; x_wconf 85' lang='lat' dir='ltr'><strong>vos</strong></span> 
     </span>
    </p>
   </div>
   <div class='ocr_carea' id='block_1_96' title="bbox 1960 5626 3549 5713">
    <p class='ocr_par' dir='ltr' id='par_1_96' title="bbox 1960 5626 3549 5713">
     <span class='ocr_line' id='line_1_96' title="bbox 1960 5626 3549 5713; baseline -0.015 -11"><span class='ocrx_word' id='word_1_703' title='bbox 1960 5656 2143 5702; x_wconf 86' lang='lat' dir='ltr'><strong>amant</strong></span> <span class='ocrx_word' id='word_1_704' title='bbox 2172 5658 2187 5699; x_wconf 90' lang='lat'><strong>:</strong></span> <span class='ocrx_word' id='word_1_705' title='bbox 2220 5643 2456 5713; x_wconf 78' lang='lat' dir='ltr'><strong>cogitate</strong></span> <span class='ocrx_word' id='word_1_706' title='bbox 2488 5638 2667 5709; x_wconf 85' lang='lat' dir='ltr'><strong>qualia</strong></span> <span class='ocrx_word' id='word_1_707' title='bbox 2696 5650 2816 5703; x_wconf 83' lang='lat' dir='ltr'><strong>vos,</strong></span> <span class='ocrx_word' id='word_1_708' title='bbox 2860 5634 2949 5705; x_wconf 85' lang='lat' dir='ltr'><strong>qui</strong></span> <span class='ocrx_word' id='word_1_709' title='bbox 2973 5641 3053 5688; x_wconf 86' lang='lat' dir='ltr'><strong>tot</strong></span> <span class='ocrx_word' id='word_1_710' title='bbox 3079 5633 3134 5688; x_wconf 81' lang='lat' dir='ltr'><strong>in</strong></span> <span class='ocrx_word' id='word_1_711' title='bbox 3168 5626 3549 5691; x_wconf 78' lang='lat' dir='ltr'><strong>certaminibus</strong></span> 
     </span>
    </p>
   </div>
   <div class='ocr_carea' id='block_1_97' title="bbox 1962 5723 3203 5807">
    <p class='ocr_par' dir='ltr' id='par_1_97' title="bbox 1962 5723 3203 5807">
     <span class='ocr_line' id='line_1_97' title="bbox 1962 5723 3203 5807; baseline -0.013 -12"><span class='ocrx_word' id='word_1_712' title='bbox 1962 5739 2093 5796; x_wconf 89' lang='lat' dir='ltr'><strong>clari</strong></span> <span class='ocrx_word' id='word_1_713' title='bbox 2123 5744 2176 5794; x_wconf 90' lang='lat' dir='ltr'><strong>ct</strong></span> <span class='ocrx_word' id='word_1_714' title='bbox 2202 5735 2437 5807; x_wconf 86' lang='lat' dir='ltr'><strong>insignes</strong></span> <span class='ocrx_word' id='word_1_715' title='bbox 2460 5728 2662 5800; x_wconf 85' lang='lat' dir='ltr'><strong>fuistis,</strong></span> <span class='ocrx_word' id='word_1_716' title='bbox 2692 5733 2941 5785; x_wconf 89' lang='lat' dir='ltr'><strong>maneant</strong></span> <span class='ocrx_word' id='word_1_717' title='bbox 2962 5723 3203 5796; x_wconf 71' lang='lat' dir='ltr'><strong>praemia.</strong></span> 
     </span>
    </p>
   </div>
  </div>
