  <div class='ocr_page' id='page_1' title='image "/cluster/home/n/w/nwhite01/storage/ocr_20150623/52/hvd.32044073501918/165.png"; bbox 0 0 4030 6206; ppageno 0'>
   <div class='ocr_carea' id='block_1_1' title="bbox 538 367 3760 463">
    <p class='ocr_par' dir='ltr' id='par_1_1' title="bbox 538 367 3760 463">
     <span class='ocr_line' id='line_1_1' title="bbox 538 367 3760 463; baseline -0.001 -34"><span class='ocrx_word' id='word_1_1' title='bbox 538 367 649 429; x_wconf 58' lang='grc' dir='ltr'><strong>ΚΞ</strong></span> <span class='ocrx_word' id='word_1_2' title='bbox 1223 378 1279 430; x_wconf 86' lang='lat' dir='ltr'><strong>S.</strong></span> <span class='ocrx_word' id='word_1_3' title='bbox 1319 374 1602 463; x_wconf 55' lang='lat' dir='ltr'><strong>JOANNIS</strong></span> <span class='ocrx_word' id='word_1_4' title='bbox 1640 373 2124 430; x_wconf 75' lang='lat' dir='ltr'><strong>CIIRYSUSTOMI</strong></span> <span class='ocrx_word' id='word_1_5' title='bbox 2166 370 2482 428; x_wconf 72' lang='lat' dir='ltr'><strong>AllClllEl‘.</strong></span> <span class='ocrx_word' id='word_1_6' title='bbox 2521 369 3063 426; x_wconf 65' lang='lat' dir='ltr'><strong>CONSTANTINOP.</strong></span> <span class='ocrx_word' id='word_1_7' title='bbox 3655 371 3760 426; x_wconf 66' lang='grc' dir='ltr'><strong>ευ</strong></span> 
     </span>
    </p>
   </div>
   <div class='ocr_carea' id='block_1_2' title="bbox 772 575 2363 597">
    <p class='ocr_par' dir='ltr' id='par_1_2' title="bbox 772 582 2363 597">
     <span class='ocr_line' id='line_1_2' title="bbox 772 582 2363 597; baseline -0.006 -1"><span class='ocrx_word' id='word_1_8' title='bbox 772 587 971 597; x_wconf 65' lang='grc' dir='ltr'><strong>...νο-...ὀσ-</strong></span> <span class='ocrx_word' id='word_1_9' title='bbox 990 588 1007 595; x_wconf 67' lang='grc' dir='ltr'>α</span> <span class='ocrx_word' id='word_1_10' title='bbox 1027 586 1125 593; x_wconf 63' lang='lat'><strong>~—..—-</strong></span> <span class='ocrx_word' id='word_1_11' title='bbox 1144 584 1903 592; x_wconf 56' lang='lat'><strong>--~._._____———_——-———.-</strong></span> <span class='ocrx_word' id='word_1_12' title='bbox 1940 584 2027 588; x_wconf 35' lang='lat' dir='ltr'><strong>,HV</strong></span> <span class='ocrx_word' id='word_1_13' title='bbox 2054 582 2363 589; x_wconf 53' lang='lat' dir='ltr'><strong>ww</strong></span> 
     </span>
    </p>
   </div>
   <div class='ocr_carea' id='block_1_3' title="bbox 2150 575 3741 597">
    <p class='ocr_par' dir='ltr' id='par_1_3' title="bbox 2150 575 3741 591">
     <span class='ocr_line' id='line_1_3' title="bbox 2150 575 3741 591; baseline 0 -5"><span class='ocrx_word' id='word_1_14' title='bbox 2150 575 3577 589; x_wconf 43' lang='lat' dir='ltr'><strong>##er</strong></span> <span class='ocrx_word' id='word_1_15' title='bbox 3609 577 3741 591; x_wconf 61' lang='grc' dir='ltr'><strong>-η</strong></span> 
     </span>
    </p>
   </div>
   <div class='ocr_carea' id='block_1_4' title="bbox 1788 886 2481 1015">
    <p class='ocr_par' dir='ltr' id='par_1_4' title="bbox 1788 886 2481 1015">
     <span class='ocr_line' id='line_1_4' title="bbox 1788 886 2481 1015; baseline 0.01 -7"><span class='ocrx_word' id='word_1_16' title='bbox 1788 886 2481 1015; x_wconf 86' lang='lat' dir='ltr'><strong>ADMONITIO</strong></span> 
     </span>
    </p>
   </div>
   <div class='ocr_carea' id='block_1_5' title="bbox 1256 1157 3075 1220">
    <p class='ocr_par' dir='ltr' id='par_1_5' title="bbox 1256 1157 3075 1220">
     <span class='ocr_line' id='line_1_5' title="bbox 1256 1157 3075 1220; baseline 0 -2"><span class='ocrx_word' id='word_1_17' title='bbox 1256 1157 1334 1217; x_wconf 83' lang='grc' dir='ltr'><strong>ΙΝ</strong></span> <span class='ocrx_word' id='word_1_18' title='bbox 1397 1158 1797 1219; x_wconf 87' lang='lat' dir='ltr'><strong>EPISTOLAS</strong></span> <span class='ocrx_word' id='word_1_19' title='bbox 1860 1159 2125 1219; x_wconf 85' lang='lat' dir='ltr'><strong>SANCTI</strong></span> <span class='ocrx_word' id='word_1_20' title='bbox 2184 1158 2496 1220; x_wconf 77' lang='lat' dir='ltr'><strong>JOANNIS</strong></span> <span class='ocrx_word' id='word_1_21' title='bbox 2553 1158 3075 1220; x_wconf 82' lang='lat' dir='ltr'><strong>CHRYSOSTOMI</strong></span> 
     </span>
    </p>
   </div>
   <div class='ocr_carea' id='block_1_6' title="bbox 1440 1364 2842 1448">
    <p class='ocr_par' dir='ltr' id='par_1_6' title="bbox 1440 1364 2842 1448">
     <span class='ocr_line' id='line_1_6' title="bbox 1440 1364 2842 1448; baseline -0.002 -31"><span class='ocrx_word' id='word_1_22' title='bbox 1440 1369 1526 1417; x_wconf 77' lang='lat' dir='ltr'><strong><em>AD</em></strong></span> <span class='ocrx_word' id='word_1_23' title='bbox 1568 1364 2015 1418; x_wconf 76' lang='lat' dir='ltr'><strong>OLYMPIADEM</strong></span> <span class='ocrx_word' id='word_1_24' title='bbox 2058 1366 2143 1414; x_wconf 82' lang='lat' dir='ltr'><strong>ET</strong></span> <span class='ocrx_word' id='word_1_25' title='bbox 2190 1367 2276 1416; x_wconf 75' lang='lat' dir='ltr'><strong><em>AD</em></strong></span> <span class='ocrx_word' id='word_1_26' title='bbox 2314 1364 2842 1448; x_wconf 43' lang='lat' dir='ltr'><strong>ALIOS&#39;MULTOS.</strong></span> 
     </span>
    </p>
   </div>
   <div class='ocr_carea' id='block_1_7' title="bbox 603 1603 3755 1679">
    <p class='ocr_par' dir='ltr' id='par_1_7' title="bbox 603 1603 3755 1679">
     <span class='ocr_line' id='line_1_7' title="bbox 603 1603 3755 1679; baseline 0.001 -21"><span class='ocrx_word' id='word_1_27' title='bbox 603 1603 968 1674; x_wconf 83' lang='lat' dir='ltr'><strong>Epistolarum</strong></span> <span class='ocrx_word' id='word_1_28' title='bbox 995 1604 1052 1660; x_wconf 91' lang='lat' dir='ltr'><strong>S.</strong></span> <span class='ocrx_word' id='word_1_29' title='bbox 1082 1605 1307 1661; x_wconf 86' lang='lat' dir='ltr'><strong>.leannis</strong></span> <span class='ocrx_word' id='word_1_30' title='bbox 1362 1609 1736 1679; x_wconf 84' lang='lat' dir='ltr'><strong>Chrysostomi</strong></span> <span class='ocrx_word' id='word_1_31' title='bbox 1785 1626 1973 1665; x_wconf 87' lang='lat' dir='ltr'><strong>verum</strong></span> <span class='ocrx_word' id='word_1_32' title='bbox 2020 1612 2269 1673; x_wconf 84' lang='lat' dir='ltr'><strong>ordinem</strong></span> <span class='ocrx_word' id='word_1_33' title='bbox 2298 1609 2517 1679; x_wconf 90' lang='lat' dir='ltr'><strong>assequi</strong></span> <span class='ocrx_word' id='word_1_34' title='bbox 2553 1609 2815 1663; x_wconf 92' lang='lat' dir='ltr'><strong>hactenus</strong></span> <span class='ocrx_word' id='word_1_35' title='bbox 2846 1621 2951 1660; x_wconf 92' lang='lat' dir='ltr'><strong>non</strong></span> <span class='ocrx_word' id='word_1_36' title='bbox 2984 1603 3260 1674; x_wconf 75' lang='lat' dir='ltr'><strong>potuimus</strong></span> <span class='ocrx_word' id='word_1_37' title='bbox 3294 1622 3308 1658; x_wconf 90' lang='lat'><strong>:</strong></span> <span class='ocrx_word' id='word_1_38' title='bbox 3336 1618 3457 1658; x_wconf 90' lang='lat' dir='ltr'><strong>nam</strong></span> <span class='ocrx_word' id='word_1_39' title='bbox 3490 1605 3559 1669; x_wconf 88' lang='lat' dir='ltr'><strong>is,</strong></span> <span class='ocrx_word' id='word_1_40' title='bbox 3591 1619 3755 1674; x_wconf 86' lang='lat' dir='ltr'><strong>quem</strong></span> 
     </span>
    </p>
   </div>
   <div class='ocr_carea' id='block_1_8' title="bbox 536 1723 3752 1798">
    <p class='ocr_par' dir='ltr' id='par_1_8' title="bbox 536 1723 3752 1798">
     <span class='ocr_line' id='line_1_8' title="bbox 536 1723 3752 1798; baseline 0 -21"><span class='ocrx_word' id='word_1_41' title='bbox 536 1739 649 1794; x_wconf 65' lang='lat' dir='ltr'><strong>prae</strong></span> <span class='ocrx_word' id='word_1_42' title='bbox 694 1738 753 1779; x_wconf 86' lang='lat' dir='ltr'><strong>se</strong></span> <span class='ocrx_word' id='word_1_43' title='bbox 815 1723 998 1780; x_wconf 90' lang='lat' dir='ltr'><strong>ferunt</strong></span> <span class='ocrx_word' id='word_1_44' title='bbox 1033 1724 1312 1781; x_wconf 83' lang='lat' dir='ltr'><strong>Editiones</strong></span> <span class='ocrx_word' id='word_1_45' title='bbox 1366 1725 1594 1793; x_wconf 84' lang='lat' dir='ltr'><strong>Morelli,</strong></span> <span class='ocrx_word' id='word_1_46' title='bbox 1635 1742 1735 1783; x_wconf 91' lang='lat' dir='ltr'><strong>nec</strong></span> <span class='ocrx_word' id='word_1_47' title='bbox 1790 1736 2118 1798; x_wconf 87' lang='lat' dir='ltr'><strong>temporum,</strong></span> <span class='ocrx_word' id='word_1_48' title='bbox 2153 1743 2254 1784; x_wconf 91' lang='lat' dir='ltr'><strong>nec</strong></span> <span class='ocrx_word' id='word_1_49' title='bbox 2287 1740 2643 1796; x_wconf 88' lang='lat' dir='ltr'><strong>personarum</strong></span> <span class='ocrx_word' id='word_1_50' title='bbox 2677 1725 2742 1780; x_wconf 88' lang='lat' dir='ltr'><strong>ad</strong></span> <span class='ocrx_word' id='word_1_51' title='bbox 2773 1739 2913 1794; x_wconf 89' lang='lat' dir='ltr'><strong>quas</strong></span> <span class='ocrx_word' id='word_1_52' title='bbox 2948 1724 3189 1794; x_wconf 65' lang='lat' dir='ltr'><strong>epistola:</strong></span> <span class='ocrx_word' id='word_1_53' title='bbox 3211 1724 3519 1791; x_wconf 89' lang='lat' dir='ltr'><strong>mittuntur,</strong></span> <span class='ocrx_word' id='word_1_54' title='bbox 3548 1733 3752 1779; x_wconf 84' lang='lat' dir='ltr'><strong>rectam</strong></span> 
     </span>
    </p>
   </div>
   <div class='ocr_carea' id='block_1_9' title="bbox 524 1834 3749 1911">
    <p class='ocr_par' dir='ltr' id='par_1_9' title="bbox 524 1834 3749 1911">
     <span class='ocr_line' id='line_1_9' title="bbox 524 1834 3749 1911; baseline 0 -21"><span class='ocrx_word' id='word_1_55' title='bbox 524 1835 721 1891; x_wconf 88' lang='lat' dir='ltr'><strong>seriem</strong></span> <span class='ocrx_word' id='word_1_56' title='bbox 772 1837 1012 1894; x_wconf 80' lang='lat' dir='ltr'><strong>exhibet.</strong></span> <span class='ocrx_word' id='word_1_57' title='bbox 1044 1839 1105 1891; x_wconf 82' lang='lat' dir='ltr'><strong>tn</strong></span> <span class='ocrx_word' id='word_1_58' title='bbox 1162 1839 1405 1894; x_wconf 90' lang='lat' dir='ltr'><strong>omnium</strong></span> <span class='ocrx_word' id='word_1_59' title='bbox 1458 1840 1664 1909; x_wconf 91' lang='lat' dir='ltr'><strong>optimo</strong></span> <span class='ocrx_word' id='word_1_60' title='bbox 1716 1849 1771 1896; x_wconf 89' lang='lat' dir='ltr'><strong>et</strong></span> <span class='ocrx_word' id='word_1_61' title='bbox 1818 1841 2203 1911; x_wconf 88' lang='lat' dir='ltr'><strong>antiquissimo</strong></span> <span class='ocrx_word' id='word_1_62' title='bbox 2253 1838 2454 1895; x_wconf 89' lang='lat' dir='ltr'><strong>Codice</strong></span> <span class='ocrx_word' id='word_1_63' title='bbox 2488 1838 2827 1894; x_wconf 86' lang='lat' dir='ltr'><strong>Coisliniano</strong></span> <span class='ocrx_word' id='word_1_64' title='bbox 2862 1837 3217 1907; x_wconf 87' lang='lat' dir='ltr'><strong>epistolarum</strong></span> <span class='ocrx_word' id='word_1_65' title='bbox 3249 1837 3385 1891; x_wconf 82' lang='lat' dir='ltr'><strong>ordo</strong></span> <span class='ocrx_word' id='word_1_66' title='bbox 3422 1851 3546 1891; x_wconf 87' lang='lat' dir='ltr'><strong>cum</strong></span> <span class='ocrx_word' id='word_1_67' title='bbox 3576 1834 3749 1891; x_wconf 85' lang='lat' dir='ltr'><strong>Editis</strong></span> 
     </span>
    </p>
   </div>
   <div class='ocr_carea' id='block_1_10' title="bbox 523 1948 3750 2026">
    <p class='ocr_par' dir='ltr' id='par_1_10' title="bbox 523 1948 3750 2026">
     <span class='ocr_line' id='line_1_10' title="bbox 523 1948 3750 2026; baseline -0.002 -17"><span class='ocrx_word' id='word_1_68' title='bbox 523 1970 632 2010; x_wconf 88' lang='lat' dir='ltr'><strong>non</strong></span> <span class='ocrx_word' id='word_1_69' title='bbox 669 1954 963 2019; x_wconf 88' lang='lat' dir='ltr'><strong>consentit,</strong></span> <span class='ocrx_word' id='word_1_70' title='bbox 984 1962 1149 2024; x_wconf 90' lang='lat' dir='ltr'><strong>atque</strong></span> <span class='ocrx_word' id='word_1_71' title='bbox 1173 1963 1229 2009; x_wconf 90' lang='lat' dir='ltr'><strong>et</strong></span> <span class='ocrx_word' id='word_1_72' title='bbox 1280 1954 1397 2025; x_wconf 89' lang='lat' dir='ltr'><strong>ipse</strong></span> <span class='ocrx_word' id='word_1_73' title='bbox 1449 1954 1860 2010; x_wconf 89' lang='lat' dir='ltr'><strong>interturbatam</strong></span> <span class='ocrx_word' id='word_1_74' title='bbox 1918 1956 2113 2011; x_wconf 88' lang='lat' dir='ltr'><strong>seriem</strong></span> <span class='ocrx_word' id='word_1_75' title='bbox 2148 1954 2369 2012; x_wconf 83' lang='lat' dir='ltr'><strong>exhibet</strong></span> <span class='ocrx_word' id='word_1_76' title='bbox 2396 1995 2412 2022; x_wconf 88' lang='lat'><strong>,</strong></span> <span class='ocrx_word' id='word_1_77' title='bbox 2449 1954 2662 2026; x_wconf 86' lang='lat' dir='ltr'><strong>qualem</strong></span> <span class='ocrx_word' id='word_1_78' title='bbox 2690 1955 2941 2009; x_wconf 90' lang='lat' dir='ltr'><strong>dedimus</strong></span> <span class='ocrx_word' id='word_1_79' title='bbox 2972 1953 3025 2007; x_wconf 89' lang='lat' dir='ltr'><strong>in</strong></span> <span class='ocrx_word' id='word_1_80' title='bbox 3056 1951 3385 2007; x_wconf 81' lang='lat' dir='ltr'><strong>Bibliotheca</strong></span> <span class='ocrx_word' id='word_1_81' title='bbox 3416 1948 3750 2005; x_wconf 77' lang='lat' dir='ltr'><strong>Coislinianu</strong></span> 
     </span>
    </p>
   </div>
   <div class='ocr_carea' id='block_1_11' title="bbox 520 2066 3739 2141">
    <p class='ocr_par' dir='ltr' id='par_1_11' title="bbox 520 2066 3739 2141">
     <span class='ocr_line' id='line_1_11' title="bbox 520 2066 3739 2141; baseline -0.001 -18"><span class='ocrx_word' id='word_1_82' title='bbox 520 2085 575 2138; x_wconf 93' lang='lat' dir='ltr'><strong>p.</strong></span> <span class='ocrx_word' id='word_1_83' title='bbox 613 2068 734 2124; x_wconf 80' lang='lat'><strong>565.</strong></span> <span class='ocrx_word' id='word_1_84' title='bbox 789 2069 985 2125; x_wconf 69' lang='lat' dir='ltr'><strong>Caeteri</strong></span> <span class='ocrx_word' id='word_1_85' title='bbox 1043 2079 1224 2125; x_wconf 90' lang='lat' dir='ltr'><strong>autem</strong></span> <span class='ocrx_word' id='word_1_86' title='bbox 1281 2069 1409 2126; x_wconf 82' lang='lat' dir='ltr'><strong>Mss.</strong></span> <span class='ocrx_word' id='word_1_87' title='bbox 1464 2070 1616 2141; x_wconf 77' lang='lat' dir='ltr'><strong>Regii</strong></span> <span class='ocrx_word' id='word_1_88' title='bbox 1676 2072 1790 2126; x_wconf 86' lang='lat' dir='ltr'><strong>sive</strong></span> <span class='ocrx_word' id='word_1_89' title='bbox 1854 2070 2103 2127; x_wconf 79' lang='lat' dir='ltr'><strong>Vaticani</strong></span> <span class='ocrx_word' id='word_1_90' title='bbox 2133 2087 2233 2127; x_wconf 89' lang='lat' dir='ltr'><strong>nec</strong></span> <span class='ocrx_word' id='word_1_91' title='bbox 2273 2087 2397 2127; x_wconf 88' lang='lat' dir='ltr'><strong>cum</strong></span> <span class='ocrx_word' id='word_1_92' title='bbox 2443 2071 2548 2125; x_wconf 91' lang='lat' dir='ltr'><strong>hoc</strong></span> <span class='ocrx_word' id='word_1_93' title='bbox 2600 2086 2700 2126; x_wconf 86' lang='lat' dir='ltr'><strong>nec</strong></span> <span class='ocrx_word' id='word_1_94' title='bbox 2727 2086 2851 2125; x_wconf 90' lang='lat' dir='ltr'><strong>cum</strong></span> <span class='ocrx_word' id='word_1_95' title='bbox 2881 2068 3056 2126; x_wconf 82' lang='lat' dir='ltr'><strong>Editis</strong></span> <span class='ocrx_word' id='word_1_96' title='bbox 3099 2066 3467 2124; x_wconf 88' lang='lat' dir='ltr'><strong>consentiunt.</strong></span> <span class='ocrx_word' id='word_1_97' title='bbox 3503 2066 3739 2120; x_wconf 86' lang='lat' dir='ltr'><strong>Savilius</strong></span> 
     </span>
    </p>
   </div>
   <div class='ocr_carea' id='block_1_12' title="bbox 522 2182 3742 2259">
    <p class='ocr_par' dir='ltr' id='par_1_12' title="bbox 522 2182 3742 2259">
     <span class='ocr_line' id='line_1_12' title="bbox 522 2182 3742 2259; baseline 0.001 -25"><span class='ocrx_word' id='word_1_98' title='bbox 522 2182 783 2250; x_wconf 76' lang='lat' dir='ltr'><strong>epistolas</strong></span> <span class='ocrx_word' id='word_1_99' title='bbox 833 2200 1022 2239; x_wconf 88' lang='lat' dir='ltr'><strong>omnes</strong></span> <span class='ocrx_word' id='word_1_100' title='bbox 1059 2184 1249 2239; x_wconf 88' lang='lat' dir='ltr'><strong>ordine</strong></span> <span class='ocrx_word' id='word_1_101' title='bbox 1288 2185 1632 2256; x_wconf 87' lang='lat' dir='ltr'><strong>alphabetico</strong></span> <span class='ocrx_word' id='word_1_102' title='bbox 1664 2186 1934 2257; x_wconf 88' lang='lat' dir='ltr'><strong>disposuit</strong></span> <span class='ocrx_word' id='word_1_103' title='bbox 1966 2205 1980 2252; x_wconf 91' lang='lat'><strong>;</strong></span> <span class='ocrx_word' id='word_1_104' title='bbox 2022 2188 2097 2243; x_wconf 85' lang='lat' dir='ltr'><strong>ita</strong></span> <span class='ocrx_word' id='word_1_105' title='bbox 2145 2195 2204 2242; x_wconf 91' lang='lat' dir='ltr'><strong>ut</strong></span> <span class='ocrx_word' id='word_1_106' title='bbox 2236 2202 2269 2243; x_wconf 87' lang='lat' dir='ltr'><strong>a</strong></span> <span class='ocrx_word' id='word_1_107' title='bbox 2309 2186 2624 2243; x_wconf 86' lang='lat' dir='ltr'><strong>nominibus</strong></span> <span class='ocrx_word' id='word_1_108' title='bbox 2650 2202 3033 2259; x_wconf 87' lang='lat' dir='ltr'><strong>personarum,</strong></span> <span class='ocrx_word' id='word_1_109' title='bbox 3075 2189 3142 2243; x_wconf 91' lang='lat' dir='ltr'><strong>ad</strong></span> <span class='ocrx_word' id='word_1_110' title='bbox 3173 2202 3311 2258; x_wconf 86' lang='lat' dir='ltr'><strong>quas</strong></span> <span class='ocrx_word' id='word_1_111' title='bbox 3341 2187 3583 2257; x_wconf 63' lang='lat' dir='ltr'><strong>epistola;</strong></span> <span class='ocrx_word' id='word_1_112' title='bbox 3610 2182 3742 2239; x_wconf 89' lang='lat' dir='ltr'><strong>diri-</strong></span> 
     </span>
    </p>
   </div>
   <div class='ocr_carea' id='block_1_13' title="bbox 527 2295 3751 2367">
    <p class='ocr_par' dir='ltr' id='par_1_13' title="bbox 527 2295 3751 2367">
     <span class='ocr_line' id='line_1_13' title="bbox 527 2295 3751 2367; baseline 0.001 -22"><span class='ocrx_word' id='word_1_113' title='bbox 527 2303 748 2359; x_wconf 72' lang='lat' dir='ltr'><strong>guntur,</strong></span> <span class='ocrx_word' id='word_1_114' title='bbox 784 2295 954 2350; x_wconf 87' lang='lat' dir='ltr'><strong>series</strong></span> <span class='ocrx_word' id='word_1_115' title='bbox 983 2309 1169 2349; x_wconf 79' lang='lat' dir='ltr'><strong>earum</strong></span> <span class='ocrx_word' id='word_1_116' title='bbox 1209 2295 1441 2351; x_wconf 90' lang='lat' dir='ltr'><strong>ducatur</strong></span> <span class='ocrx_word' id='word_1_117' title='bbox 1473 2314 1488 2351; x_wconf 88' lang='lat'><strong>:</strong></span> <span class='ocrx_word' id='word_1_118' title='bbox 1528 2297 1623 2367; x_wconf 87' lang='lat' dir='ltr'><strong>qui</strong></span> <span class='ocrx_word' id='word_1_119' title='bbox 1651 2297 1786 2353; x_wconf 89' lang='lat' dir='ltr'><strong>ordo</strong></span> <span class='ocrx_word' id='word_1_120' title='bbox 1835 2297 2049 2353; x_wconf 88' lang='lat' dir='ltr'><strong>etiamsi</strong></span> <span class='ocrx_word' id='word_1_121' title='bbox 2079 2297 2212 2366; x_wconf 90' lang='lat' dir='ltr'><strong>quid</strong></span> <span class='ocrx_word' id='word_1_122' title='bbox 2252 2298 2501 2353; x_wconf 86' lang='lat' dir='ltr'><strong>utilitatis</strong></span> <span class='ocrx_word' id='word_1_123' title='bbox 2534 2313 2644 2367; x_wconf 84' lang='lat' dir='ltr'><strong>prae</strong></span> <span class='ocrx_word' id='word_1_124' title='bbox 2665 2313 2726 2353; x_wconf 90' lang='lat' dir='ltr'><strong>se</strong></span> <span class='ocrx_word' id='word_1_125' title='bbox 2755 2296 2912 2361; x_wconf 87' lang='lat' dir='ltr'><strong>ferat,</strong></span> <span class='ocrx_word' id='word_1_126' title='bbox 2948 2313 3058 2352; x_wconf 88' lang='lat' dir='ltr'><strong>non</strong></span> <span class='ocrx_word' id='word_1_127' title='bbox 3095 2308 3180 2353; x_wconf 84' lang='lat' dir='ltr'><strong>est</strong></span> <span class='ocrx_word' id='word_1_128' title='bbox 3211 2307 3393 2352; x_wconf 87' lang='lat' dir='ltr'><strong>tamen</strong></span> <span class='ocrx_word' id='word_1_129' title='bbox 3421 2298 3751 2367; x_wconf 83' lang='lat' dir='ltr'><strong>amplecten—</strong></span> 
     </span>
    </p>
   </div>
   <div class='ocr_carea' id='block_1_14' title="bbox 522 2384 3754 2487">
    <p class='ocr_par' dir='ltr' id='par_1_14' title="bbox 522 2414 3754 2487">
     <span class='ocr_line' id='line_1_14' title="bbox 522 2414 3754 2487; baseline 0.001 -20"><span class='ocrx_word' id='word_1_130' title='bbox 522 2415 646 2470; x_wconf 89' lang='lat' dir='ltr'><strong>dus.</strong></span> <span class='ocrx_word' id='word_1_131' title='bbox 669 2414 724 2469; x_wconf 91' lang='lat' dir='ltr'><strong>Si</strong></span> <span class='ocrx_word' id='word_1_132' title='bbox 754 2415 978 2469; x_wconf 89' lang='lat' dir='ltr'><strong>omnino</strong></span> <span class='ocrx_word' id='word_1_133' title='bbox 1032 2417 1398 2484; x_wconf 88' lang='lat' dir='ltr'><strong>potuissemus</strong></span> <span class='ocrx_word' id='word_1_134' title='bbox 1455 2418 1715 2487; x_wconf 87' lang='lat' dir='ltr'><strong>temporis</strong></span> <span class='ocrx_word' id='word_1_135' title='bbox 1756 2418 2001 2472; x_wconf 86' lang='lat' dir='ltr'><strong>ordinem</strong></span> <span class='ocrx_word' id='word_1_136' title='bbox 2064 2425 2273 2472; x_wconf 89' lang='lat' dir='ltr'><strong>certum</strong></span> <span class='ocrx_word' id='word_1_137' title='bbox 2305 2426 2469 2486; x_wconf 86' lang='lat' dir='ltr'><strong>atque</strong></span> <span class='ocrx_word' id='word_1_138' title='bbox 2499 2416 2864 2471; x_wconf 87' lang='lat' dir='ltr'><strong>indubitatum</strong></span> <span class='ocrx_word' id='word_1_139' title='bbox 2899 2416 2952 2469; x_wconf 94' lang='lat' dir='ltr'><strong>in</strong></span> <span class='ocrx_word' id='word_1_140' title='bbox 2977 2416 3220 2485; x_wconf 87' lang='lat' dir='ltr'><strong>epistolis</strong></span> <span class='ocrx_word' id='word_1_141' title='bbox 3252 2416 3601 2481; x_wconf 87' lang='lat' dir='ltr'><strong>constituere,</strong></span> <span class='ocrx_word' id='word_1_142' title='bbox 3639 2415 3754 2471; x_wconf 79' lang='lat' dir='ltr'><strong>ha-c</strong></span> 
     </span>
    </p>
   </div>
   <div class='ocr_carea' id='block_1_15' title="bbox 521 2528 3753 2598">
    <p class='ocr_par' dir='ltr' id='par_1_15' title="bbox 521 2528 3753 2598">
     <span class='ocr_line' id='line_1_15' title="bbox 521 2528 3753 2598; baseline -0.001 -13"><span class='ocrx_word' id='word_1_143' title='bbox 521 2538 667 2585; x_wconf 89' lang='lat' dir='ltr'><strong>certe</strong></span> <span class='ocrx_word' id='word_1_144' title='bbox 702 2528 898 2585; x_wconf 83' lang='lat' dir='ltr'><strong>fuisset</strong></span> <span class='ocrx_word' id='word_1_145' title='bbox 928 2544 1054 2584; x_wconf 87' lang='lat' dir='ltr'><strong>vera</strong></span> <span class='ocrx_word' id='word_1_146' title='bbox 1082 2539 1136 2584; x_wconf 91' lang='lat' dir='ltr'><strong>et</strong></span> <span class='ocrx_word' id='word_1_147' title='bbox 1167 2530 1411 2585; x_wconf 91' lang='lat' dir='ltr'><strong>omnium</strong></span> <span class='ocrx_word' id='word_1_148' title='bbox 1447 2531 1740 2586; x_wconf 89' lang='lat' dir='ltr'><strong>utilissima</strong></span> <span class='ocrx_word' id='word_1_149' title='bbox 1790 2531 2077 2586; x_wconf 89' lang='lat' dir='ltr'><strong>ordinandi</strong></span> <span class='ocrx_word' id='word_1_150' title='bbox 2097 2531 2237 2586; x_wconf 90' lang='lat' dir='ltr'><strong>ratio</strong></span> <span class='ocrx_word' id='word_1_151' title='bbox 2269 2549 2285 2596; x_wconf 87' lang='lat'><strong>;</strong></span> <span class='ocrx_word' id='word_1_152' title='bbox 2319 2539 2376 2584; x_wconf 90' lang='lat' dir='ltr'><strong>at</strong></span> <span class='ocrx_word' id='word_1_153' title='bbox 2431 2529 2563 2585; x_wconf 88' lang='lat' dir='ltr'><strong>illud</strong></span> <span class='ocrx_word' id='word_1_154' title='bbox 2614 2529 2762 2583; x_wconf 90' lang='lat' dir='ltr'><strong>nulla</strong></span> <span class='ocrx_word' id='word_1_155' title='bbox 2821 2540 2937 2584; x_wconf 85' lang='lat' dir='ltr'><strong>arte</strong></span> <span class='ocrx_word' id='word_1_156' title='bbox 2975 2529 3094 2584; x_wconf 84' lang='lat' dir='ltr'><strong>ﬁeri</strong></span> <span class='ocrx_word' id='word_1_157' title='bbox 3125 2533 3345 2598; x_wconf 71' lang='lat' dir='ltr'><strong>potest:</strong></span> <span class='ocrx_word' id='word_1_158' title='bbox 3382 2545 3506 2583; x_wconf 88' lang='lat' dir='ltr'><strong>nam</strong></span> <span class='ocrx_word' id='word_1_159' title='bbox 3535 2540 3594 2583; x_wconf 92' lang='lat' dir='ltr'><strong>ut</strong></span> <span class='ocrx_word' id='word_1_160' title='bbox 3619 2539 3753 2585; x_wconf 88' lang='lat' dir='ltr'><strong>sunt</strong></span> 
     </span>
    </p>
   </div>
   <div class='ocr_carea' id='block_1_16' title="bbox 524 2640 3751 2713">
    <p class='ocr_par' dir='ltr' id='par_1_16' title="bbox 524 2640 3751 2713">
     <span class='ocr_line' id='line_1_16' title="bbox 524 2640 3751 2713; baseline 0.001 -19"><span class='ocrx_word' id='word_1_161' title='bbox 524 2640 772 2708; x_wconf 74' lang='lat' dir='ltr'><strong>qnmdam</strong></span> <span class='ocrx_word' id='word_1_162' title='bbox 812 2641 1056 2711; x_wconf 78' lang='lat' dir='ltr'><strong>epistola:</strong></span> <span class='ocrx_word' id='word_1_163' title='bbox 1093 2656 1214 2711; x_wconf 59' lang='lat' dir='ltr'><strong>quae</strong></span> <span class='ocrx_word' id='word_1_164' title='bbox 1244 2641 1380 2696; x_wconf 88' lang='lat' dir='ltr'><strong>alias</strong></span> <span class='ocrx_word' id='word_1_165' title='bbox 1404 2642 1690 2712; x_wconf 88' lang='lat' dir='ltr'><strong>quaspiam</strong></span> <span class='ocrx_word' id='word_1_166' title='bbox 1725 2642 2070 2713; x_wconf 71' lang='lat' dir='ltr'><strong>praecessisse</strong></span> <span class='ocrx_word' id='word_1_167' title='bbox 2097 2641 2321 2699; x_wconf 88' lang='lat' dir='ltr'><strong>omnino</strong></span> <span class='ocrx_word' id='word_1_168' title='bbox 2345 2641 2619 2709; x_wconf 86' lang='lat' dir='ltr'><strong>videntur,</strong></span> <span class='ocrx_word' id='word_1_169' title='bbox 2645 2640 2717 2695; x_wconf 87' lang='lat' dir='ltr'><strong>ita</strong></span> <span class='ocrx_word' id='word_1_170' title='bbox 2752 2641 2807 2696; x_wconf 92' lang='lat' dir='ltr'><strong>in</strong></span> <span class='ocrx_word' id='word_1_171' title='bbox 2840 2641 3073 2697; x_wconf 67' lang='lat' dir='ltr'><strong>tnaxima</strong></span> <span class='ocrx_word' id='word_1_172' title='bbox 3106 2642 3338 2697; x_wconf 89' lang='lat' dir='ltr'><strong>aliarum</strong></span> <span class='ocrx_word' id='word_1_173' title='bbox 3369 2651 3521 2712; x_wconf 88' lang='lat' dir='ltr'><strong>parte</strong></span> <span class='ocrx_word' id='word_1_174' title='bbox 3551 2641 3751 2701; x_wconf 80' lang='lat' dir='ltr'><strong>frustra</strong></span> 
     </span>
    </p>
   </div>
   <div class='ocr_carea' id='block_1_17' title="bbox 526 2760 3747 2833">
    <p class='ocr_par' dir='ltr' id='par_1_17' title="bbox 526 2760 3747 2833">
     <span class='ocr_line' id='line_1_17' title="bbox 526 2760 3747 2833; baseline -0.001 -14"><span class='ocrx_word' id='word_1_175' title='bbox 526 2779 741 2833; x_wconf 71' lang='lat' dir='ltr'><strong>quaeras</strong></span> <span class='ocrx_word' id='word_1_176' title='bbox 774 2779 896 2832; x_wconf 65' lang='lat' dir='ltr'><strong>quae</strong></span> <span class='ocrx_word' id='word_1_177' title='bbox 956 2763 1127 2833; x_wconf 91' lang='lat' dir='ltr'><strong>prior,</strong></span> <span class='ocrx_word' id='word_1_178' title='bbox 1172 2778 1294 2833; x_wconf 66' lang='lat' dir='ltr'><strong>quae</strong></span> <span class='ocrx_word' id='word_1_179' title='bbox 1343 2763 1615 2832; x_wconf 88' lang='lat' dir='ltr'><strong>posterior</strong></span> <span class='ocrx_word' id='word_1_180' title='bbox 1662 2764 1788 2820; x_wconf 89' lang='lat' dir='ltr'><strong>data</strong></span> <span class='ocrx_word' id='word_1_181' title='bbox 1841 2762 2026 2818; x_wconf 84' lang='lat' dir='ltr'><strong>fuerit.</strong></span> <span class='ocrx_word' id='word_1_182' title='bbox 2063 2761 2429 2829; x_wconf 85' lang='lat' dir='ltr'><strong>Quamobrem</strong></span> <span class='ocrx_word' id='word_1_183' title='bbox 2453 2761 2701 2817; x_wconf 87' lang='lat' dir='ltr'><strong>ordinem</strong></span> <span class='ocrx_word' id='word_1_184' title='bbox 2727 2777 2758 2816; x_wconf 91' lang='lat' dir='ltr'><strong>a</strong></span> <span class='ocrx_word' id='word_1_185' title='bbox 2778 2760 2986 2818; x_wconf 61' lang='lat' dir='ltr'><strong>Iacobo</strong></span> <span class='ocrx_word' id='word_1_186' title='bbox 3015 2762 3174 2819; x_wconf 86' lang='lat' dir='ltr'><strong>Billio</strong></span> <span class='ocrx_word' id='word_1_187' title='bbox 3195 2774 3250 2819; x_wconf 89' lang='lat' dir='ltr'><strong>et</strong></span> <span class='ocrx_word' id='word_1_188' title='bbox 3277 2779 3305 2815; x_wconf 88' lang='lat' dir='ltr'><strong>a</strong></span> <span class='ocrx_word' id='word_1_189' title='bbox 3338 2763 3614 2818; x_wconf 86' lang='lat' dir='ltr'><strong>Frontone</strong></span> <span class='ocrx_word' id='word_1_190' title='bbox 3640 2762 3747 2816; x_wconf 87' lang='lat' dir='ltr'><strong>Du-</strong></span> 
     </span>
    </p>
   </div>
   <div class='ocr_carea' id='block_1_18' title="bbox 522 2874 3750 2946">
    <p class='ocr_par' dir='ltr' id='par_1_18' title="bbox 522 2874 3750 2946">
     <span class='ocr_line' id='line_1_18' title="bbox 522 2874 3750 2946; baseline -0.001 -15"><span class='ocrx_word' id='word_1_191' title='bbox 522 2892 635 2931; x_wconf 65' lang='lat' dir='ltr'><strong>cteo</strong></span> <span class='ocrx_word' id='word_1_192' title='bbox 690 2876 1047 2931; x_wconf 86' lang='lat' dir='ltr'><strong>constitutum</strong></span> <span class='ocrx_word' id='word_1_193' title='bbox 1099 2890 1317 2931; x_wconf 85' lang='lat' dir='ltr'><strong>servare</strong></span> <span class='ocrx_word' id='word_1_194' title='bbox 1355 2877 1530 2932; x_wconf 87' lang='lat' dir='ltr'><strong>visum</strong></span> <span class='ocrx_word' id='word_1_195' title='bbox 1567 2876 1668 2931; x_wconf 92' lang='lat' dir='ltr'><strong>fuit</strong></span> <span class='ocrx_word' id='word_1_196' title='bbox 1701 2896 1715 2931; x_wconf 92' lang='lat'><strong>:</strong></span> <span class='ocrx_word' id='word_1_197' title='bbox 1757 2875 1900 2931; x_wconf 91' lang='lat' dir='ltr'><strong>unde</strong></span> <span class='ocrx_word' id='word_1_198' title='bbox 1930 2875 2061 2931; x_wconf 91' lang='lat' dir='ltr'><strong>illud</strong></span> <span class='ocrx_word' id='word_1_199' title='bbox 2092 2875 2365 2930; x_wconf 86' lang='lat' dir='ltr'><strong>commodi</strong></span> <span class='ocrx_word' id='word_1_200' title='bbox 2396 2874 2625 2939; x_wconf 89' lang='lat' dir='ltr'><strong>accedit,</strong></span> <span class='ocrx_word' id='word_1_201' title='bbox 2651 2882 2710 2929; x_wconf 91' lang='lat' dir='ltr'><strong>ut</strong></span> <span class='ocrx_word' id='word_1_202' title='bbox 2746 2875 3101 2946; x_wconf 89' lang='lat' dir='ltr'><strong>epistolarum</strong></span> <span class='ocrx_word' id='word_1_203' title='bbox 3136 2875 3348 2930; x_wconf 90' lang='lat' dir='ltr'><strong>numeri</strong></span> <span class='ocrx_word' id='word_1_204' title='bbox 3386 2877 3687 2931; x_wconf 78' lang='lat' dir='ltr'><strong>sexcenties</strong></span> <span class='ocrx_word' id='word_1_205' title='bbox 3715 2892 3750 2929; x_wconf 83' lang='lat' dir='ltr'><strong>a</strong></span> 
     </span>
    </p>
   </div>
   <div class='ocr_carea' id='block_1_19' title="bbox 519 2986 3751 3059">
    <p class='ocr_par' dir='ltr' id='par_1_19' title="bbox 519 2986 3751 3059">
     <span class='ocr_line' id='line_1_19' title="bbox 519 2986 3751 3059; baseline 0 -16"><span class='ocrx_word' id='word_1_206' title='bbox 519 2988 880 3057; x_wconf 77' lang='lat' dir='ltr'><strong>scriptoribus</strong></span> <span class='ocrx_word' id='word_1_207' title='bbox 911 2988 1169 3058; x_wconf 67' lang='lat' dir='ltr'><strong>praeteriti</strong></span> <span class='ocrx_word' id='word_1_208' title='bbox 1224 2987 1619 3059; x_wconf 58' lang='lat' dir='ltr'><strong>praesentisque</strong></span> <span class='ocrx_word' id='word_1_209' title='bbox 1670 2986 1855 3043; x_wconf 65' lang='lat' dir='ltr'><strong>saeculi</strong></span> <span class='ocrx_word' id='word_1_210' title='bbox 1881 2986 2170 3043; x_wconf 89' lang='lat' dir='ltr'><strong>memorati</strong></span> <span class='ocrx_word' id='word_1_211' title='bbox 2215 2986 2379 3041; x_wconf 90' lang='lat' dir='ltr'><strong>iidem</strong></span> <span class='ocrx_word' id='word_1_212' title='bbox 2433 2987 2796 3057; x_wconf 86' lang='lat' dir='ltr'><strong>reperiantur,</strong></span> <span class='ocrx_word' id='word_1_213' title='bbox 2839 2987 2894 3041; x_wconf 91' lang='lat' dir='ltr'><strong>in</strong></span> <span class='ocrx_word' id='word_1_214' title='bbox 2927 2995 3294 3058; x_wconf 88' lang='lat' dir='ltr'><strong>promptuque</strong></span> <span class='ocrx_word' id='word_1_215' title='bbox 3316 2989 3388 3044; x_wconf 84' lang='lat' dir='ltr'><strong>sit</strong></span> <span class='ocrx_word' id='word_1_216' title='bbox 3413 2987 3751 3058; x_wconf 86' lang='lat' dir='ltr'><strong>epistolasin</strong></span> 
     </span>
    </p>
   </div>
   <div class='ocr_carea' id='block_1_20' title="bbox 516 3082 2580 3174">
    <p class='ocr_par' dir='ltr' id='par_1_20' title="bbox 516 3082 2580 3174">
     <span class='ocr_line' id='line_1_20' title="bbox 516 3082 2580 3174; baseline 0.001 -15"><span class='ocrx_word' id='word_1_217' title='bbox 516 3105 639 3160; x_wconf 87' lang='lat' dir='ltr'><strong>loco</strong></span> <span class='ocrx_word' id='word_1_218' title='bbox 667 3105 827 3160; x_wconf 88' lang='lat' dir='ltr'><strong>solito</strong></span> <span class='ocrx_word' id='word_1_219' title='bbox 855 3105 1062 3174; x_wconf 87' lang='lat' dir='ltr'><strong>positas</strong></span> <span class='ocrx_word' id='word_1_220' title='bbox 1090 3103 1262 3160; x_wconf 90' lang='lat' dir='ltr'><strong>adire.</strong></span> <span class='ocrx_word' id='word_1_221' title='bbox 2122 3104 2137 3115; x_wconf 76' lang='lat'><strong><em>&#39;</em></strong></span> <span class='ocrx_word' id='word_1_222' title='bbox 2574 3082 2580 3092; x_wconf 35' lang='grc' dir='ltr'>ί</span> 
     </span>
    </p>
   </div>
   <div class='ocr_carea' id='block_1_21' title="bbox 585 3217 3745 3294">
    <p class='ocr_par' dir='ltr' id='par_1_21' title="bbox 585 3217 3745 3294">
     <span class='ocr_line' id='line_1_21' title="bbox 585 3217 3745 3294; baseline -0.001 -19"><span class='ocrx_word' id='word_1_223' title='bbox 585 3219 814 3276; x_wconf 74' lang='lat' dir='ltr'><strong>Joannis</strong></span> <span class='ocrx_word' id='word_1_224' title='bbox 868 3222 1249 3294; x_wconf 80' lang='lat' dir='ltr'><strong>Cbrysostomi</strong></span> <span class='ocrx_word' id='word_1_225' title='bbox 1303 3222 1566 3292; x_wconf 83' lang='lat' dir='ltr'><strong>epistolas</strong></span> <span class='ocrx_word' id='word_1_226' title='bbox 1618 3236 1850 3278; x_wconf 89' lang='lat' dir='ltr'><strong>numero</strong></span> <span class='ocrx_word' id='word_1_227' title='bbox 1901 3221 2006 3278; x_wconf 74' lang='grc'><strong>175</strong></span> <span class='ocrx_word' id='word_1_228' title='bbox 2057 3220 2269 3291; x_wconf 89' lang='lat' dir='ltr'><strong>primus</strong></span> <span class='ocrx_word' id='word_1_229' title='bbox 2317 3219 2467 3277; x_wconf 90' lang='lat' dir='ltr'><strong>dedit</strong></span> <span class='ocrx_word' id='word_1_230' title='bbox 2491 3218 2730 3276; x_wconf 71' lang='lat' dir='ltr'><strong>Iacobus</strong></span> <span class='ocrx_word' id='word_1_231' title='bbox 2759 3218 2949 3275; x_wconf 88' lang='lat' dir='ltr'><strong>Billius</strong></span> <span class='ocrx_word' id='word_1_232' title='bbox 2974 3217 3258 3282; x_wconf 68' lang='lat' dir='ltr'><strong>Prunteus,</strong></span> <span class='ocrx_word' id='word_1_233' title='bbox 3294 3218 3350 3274; x_wconf 90' lang='lat' dir='ltr'><strong>S.</strong></span> <span class='ocrx_word' id='word_1_234' title='bbox 3380 3217 3654 3275; x_wconf 80' lang='lat' dir='ltr'><strong>Michaelis</strong></span> <span class='ocrx_word' id='word_1_235' title='bbox 3687 3235 3745 3272; x_wconf 84' lang='lat' dir='ltr'><strong>Ill</strong></span> 
     </span>
    </p>
   </div>
   <div class='ocr_carea' id='block_1_22' title="bbox 514 3341 1847 3412">
    <p class='ocr_par' dir='ltr' id='par_1_22' title="bbox 514 3341 1847 3412">
     <span class='ocr_line' id='line_1_22' title="bbox 514 3341 1847 3412; baseline 0.001 -17"><span class='ocrx_word' id='word_1_236' title='bbox 514 3341 713 3399; x_wconf 87' lang='lat' dir='ltr'><strong>Eremo</strong></span> <span class='ocrx_word' id='word_1_237' title='bbox 738 3341 944 3407; x_wconf 79' lang='lat' dir='ltr'><strong>Abbas,</strong></span> <span class='ocrx_word' id='word_1_238' title='bbox 970 3341 1071 3397; x_wconf 88' lang='lat' dir='ltr'><strong>bac</strong></span> <span class='ocrx_word' id='word_1_239' title='bbox 1096 3342 1381 3412; x_wconf 73' lang='lat' dir='ltr'><strong>praemissa</strong></span> <span class='ocrx_word' id='word_1_240' title='bbox 1416 3341 1847 3411; x_wconf 64' lang='lat' dir='ltr'><strong>praefatiuncula.</strong></span> 
     </span>
    </p>
   </div>
   <div class='ocr_carea' id='block_1_23' title="bbox 1712 3579 2536 3643">
    <p class='ocr_par' dir='ltr' id='par_1_23' title="bbox 1712 3579 2536 3643">
     <span class='ocr_line' id='line_1_23' title="bbox 1712 3579 2536 3643; baseline -0.005 -1"><span class='ocrx_word' id='word_1_241' title='bbox 1712 3580 2039 3643; x_wconf 81' lang='lat' dir='ltr'><strong>CANDIDO</strong></span> <span class='ocrx_word' id='word_1_242' title='bbox 2089 3579 2411 3641; x_wconf 84' lang='lat' dir='ltr'><strong>LECTORI</strong></span> <span class='ocrx_word' id='word_1_243' title='bbox 2474 3580 2536 3638; x_wconf 92' lang='lat' dir='ltr'><strong>S.</strong></span> 
     </span>
    </p>
   </div>
   <div class='ocr_carea' id='block_1_24' title="bbox 586 3755 3746 3839">
    <p class='ocr_par' dir='ltr' id='par_1_24' title="bbox 586 3755 3746 3839">
     <span class='ocr_line' id='line_1_24' title="bbox 586 3755 3746 3839; baseline -0.003 -14"><span class='ocrx_word' id='word_1_244' title='bbox 586 3790 605 3825; x_wconf 76' lang='grc' dir='ltr'>ι</span> <span class='ocrx_word' id='word_1_245' title='bbox 647 3769 804 3837; x_wconf 79' lang='lat' dir='ltr'><strong>Quod</strong></span> <span class='ocrx_word' id='word_1_246' title='bbox 836 3770 902 3824; x_wconf 92' lang='lat' dir='ltr'><strong>D.</strong></span> <span class='ocrx_word' id='word_1_247' title='bbox 942 3768 1208 3826; x_wconf 84' lang='lat' dir='ltr'><strong>Joannem</strong></span> <span class='ocrx_word' id='word_1_248' title='bbox 1261 3755 1712 3839; x_wconf 76' lang='lat' dir='ltr'><strong>Chrysostomum</strong></span> <span class='ocrx_word' id='word_1_249' title='bbox 1778 3765 1882 3820; x_wconf 90' lang='lat' dir='ltr'><strong>hoc</strong></span> <span class='ocrx_word' id='word_1_250' title='bbox 1931 3763 2290 3835; x_wconf 65' lang='lat' dir='ltr'><strong>epistohrum</strong></span> <span class='ocrx_word' id='word_1_251' title='bbox 2335 3762 2477 3817; x_wconf 91' lang='lat' dir='ltr'><strong>libro</strong></span> <span class='ocrx_word' id='word_1_252' title='bbox 2525 3776 2671 3818; x_wconf 91' lang='lat' dir='ltr'><strong>nunc</strong></span> <span class='ocrx_word' id='word_1_253' title='bbox 2712 3762 2950 3832; x_wconf 89' lang='lat' dir='ltr'><strong>primum</strong></span> <span class='ocrx_word' id='word_1_254' title='bbox 2984 3763 3283 3818; x_wconf 87' lang='lat' dir='ltr'><strong>auctiorem</strong></span> <span class='ocrx_word' id='word_1_255' title='bbox 3314 3762 3504 3828; x_wconf 88' lang='lat' dir='ltr'><strong>babes,</strong></span> <span class='ocrx_word' id='word_1_256' title='bbox 3538 3761 3746 3830; x_wconf 88' lang='lat' dir='ltr'><strong>optime</strong></span> 
     </span>
    </p>
   </div>
   <div class='ocr_carea' id='block_1_25' title="bbox 511 3876 3747 3950">
    <p class='ocr_par' dir='ltr' id='par_1_25' title="bbox 511 3876 3747 3950">
     <span class='ocr_line' id='line_1_25' title="bbox 511 3876 3747 3950; baseline -0.003 -11"><span class='ocrx_word' id='word_1_257' title='bbox 511 3886 703 3950; x_wconf 88' lang='lat' dir='ltr'><strong>lector,</strong></span> <span class='ocrx_word' id='word_1_258' title='bbox 729 3882 782 3939; x_wconf 91' lang='lat' dir='ltr'><strong>id</strong></span> <span class='ocrx_word' id='word_1_259' title='bbox 810 3880 1181 3937; x_wconf 90' lang='lat' dir='ltr'><strong>eruditissimo</strong></span> <span class='ocrx_word' id='word_1_260' title='bbox 1214 3880 1330 3933; x_wconf 87' lang='lat' dir='ltr'><strong>viro</strong></span> <span class='ocrx_word' id='word_1_261' title='bbox 1350 3878 1553 3934; x_wconf 86' lang='lat' dir='ltr'><strong>Jacoho</strong></span> <span class='ocrx_word' id='word_1_262' title='bbox 1581 3876 1806 3947; x_wconf 89' lang='lat' dir='ltr'><strong>Cujacio</strong></span> <span class='ocrx_word' id='word_1_263' title='bbox 1850 3876 2038 3944; x_wconf 88' lang='lat' dir='ltr'><strong>debes,</strong></span> <span class='ocrx_word' id='word_1_264' title='bbox 2072 3876 2166 3947; x_wconf 92' lang='lat' dir='ltr'><strong>qui</strong></span> <span class='ocrx_word' id='word_1_265' title='bbox 2196 3887 2297 3947; x_wconf 92' lang='lat' dir='ltr'><strong>pro</strong></span> <span class='ocrx_word' id='word_1_266' title='bbox 2326 3890 2538 3932; x_wconf 88' lang='lat' dir='ltr'><strong>summa</strong></span> <span class='ocrx_word' id='word_1_267' title='bbox 2572 3891 2670 3931; x_wconf 88' lang='lat' dir='ltr'><strong>sua</strong></span> <span class='ocrx_word' id='word_1_268' title='bbox 2701 3876 3059 3943; x_wconf 87' lang='lat' dir='ltr'><strong>humanitate,</strong></span> <span class='ocrx_word' id='word_1_269' title='bbox 3082 3876 3246 3946; x_wconf 80' lang='lat' dir='ltr'><strong>atque</strong></span> <span class='ocrx_word' id='word_1_270' title='bbox 3267 3879 3323 3931; x_wconf 89' lang='lat' dir='ltr'><strong>in</strong></span> <span class='ocrx_word' id='word_1_271' title='bbox 3355 3876 3747 3945; x_wconf 83' lang='lat' dir='ltr'><strong>rempublicam</strong></span> 
     </span>
    </p>
   </div>
   <div class='ocr_carea' id='block_1_26' title="bbox 462 3986 3749 4061">
    <p class='ocr_par' dir='ltr' id='par_1_26' title="bbox 462 3986 3749 4061">
     <span class='ocr_line' id='line_1_26' title="bbox 462 3986 3749 4061; baseline -0.002 -13"><span class='ocrx_word' id='word_1_272' title='bbox 462 4008 481 4023; x_wconf 64' lang='grc' dir='ltr'><em>ί</em></span> <span class='ocrx_word' id='word_1_273' title='bbox 512 3993 831 4050; x_wconf 87' lang='lat' dir='ltr'><strong>litterariam</strong></span> <span class='ocrx_word' id='word_1_274' title='bbox 888 3993 1091 4057; x_wconf 88' lang='lat' dir='ltr'><strong>studio,</strong></span> <span class='ocrx_word' id='word_1_275' title='bbox 1137 3991 1366 4061; x_wconf 81' lang='lat' dir='ltr'><strong>benigne</strong></span> <span class='ocrx_word' id='word_1_276' title='bbox 1428 3989 1561 4044; x_wconf 88' lang='lat' dir='ltr'><strong>mihi</strong></span> <span class='ocrx_word' id='word_1_277' title='bbox 1615 3988 1873 4044; x_wconf 89' lang='lat' dir='ltr'><strong>Codiecm</strong></span> <span class='ocrx_word' id='word_1_278' title='bbox 1935 3987 2184 4044; x_wconf 69' lang='lat' dir='ltr'><strong>Grazcutn</strong></span> <span class='ocrx_word' id='word_1_279' title='bbox 2243 3987 2631 4043; x_wconf 82' lang='lat' dir='ltr'><strong>commodavit.</strong></span> <span class='ocrx_word' id='word_1_280' title='bbox 2666 3986 2779 4042; x_wconf 88' lang='lat' dir='ltr'><strong>Etsi</strong></span> <span class='ocrx_word' id='word_1_281' title='bbox 2830 3998 3009 4042; x_wconf 88' lang='lat' dir='ltr'><strong>autem</strong></span> <span class='ocrx_word' id='word_1_282' title='bbox 3059 3989 3112 4043; x_wconf 94' lang='lat' dir='ltr'><strong>in</strong></span> <span class='ocrx_word' id='word_1_283' title='bbox 3168 3989 3253 4043; x_wconf 90' lang='lat' dir='ltr'><strong>bis</strong></span> <span class='ocrx_word' id='word_1_284' title='bbox 3283 3988 3532 4059; x_wconf 83' lang='lat' dir='ltr'><strong>epistolis</strong></span> <span class='ocrx_word' id='word_1_285' title='bbox 3561 3988 3749 4042; x_wconf 67' lang='lat' dir='ltr'><strong>multa:</strong></span> 
     </span>
    </p>
   </div>
   <div class='ocr_carea' id='block_1_27' title="bbox 507 4101 3745 4205">
    <p class='ocr_par' dir='ltr' id='par_1_27' title="bbox 507 4101 3745 4205">
     <span class='ocr_line' id='line_1_27' title="bbox 507 4101 3745 4205; baseline -0.003 -41"><span class='ocrx_word' id='word_1_286' title='bbox 507 4120 637 4164; x_wconf 82' lang='lat' dir='ltr'><strong>sunt</strong></span> <span class='ocrx_word' id='word_1_287' title='bbox 688 4109 932 4179; x_wconf 83' lang='lat' dir='ltr'><strong>ejusdem</strong></span> <span class='ocrx_word' id='word_1_288' title='bbox 990 4108 1314 4178; x_wconf 82' lang='lat' dir='ltr'><strong>argumenti,</strong></span> <span class='ocrx_word' id='word_1_289' title='bbox 1365 4123 1487 4177; x_wconf 69' lang='lat' dir='ltr'><strong>quae</strong></span> <span class='ocrx_word' id='word_1_290' title='bbox 1550 4106 1786 4162; x_wconf 82' lang='lat' dir='ltr'><strong>fortasse</strong></span> <span class='ocrx_word' id='word_1_291' title='bbox 1831 4113 2111 4176; x_wconf 89' lang='lat' dir='ltr'><strong>propterea</strong></span> <span class='ocrx_word' id='word_1_292' title='bbox 2163 4120 2269 4159; x_wconf 92' lang='lat' dir='ltr'><strong>non</strong></span> <span class='ocrx_word' id='word_1_293' title='bbox 2318 4103 2455 4158; x_wconf 90' lang='lat' dir='ltr'><strong>nihil</strong></span> <span class='ocrx_word' id='word_1_294' title='bbox 2496 4101 2699 4158; x_wconf 90' lang='lat' dir='ltr'><strong>fastidii</strong></span> <span class='ocrx_word' id='word_1_295' title='bbox 2749 4116 2945 4159; x_wconf 86' lang='lat' dir='ltr'><strong>nasuto</strong></span> <span class='ocrx_word' id='word_1_296' title='bbox 3002 4103 3188 4205; x_wconf 62' lang='lat' dir='ltr'><strong>lectori</strong></span> <span class='ocrx_word' id='word_1_297' title='bbox 3249 4118 3438 4173; x_wconf 83' lang='lat' dir='ltr'><strong>parere</strong></span> <span class='ocrx_word' id='word_1_298' title='bbox 3495 4103 3745 4171; x_wconf 86' lang='lat' dir='ltr'><strong>possint,</strong></span> 
     </span>
    </p>
   </div>
   <div class='ocr_carea' id='block_1_28' title="bbox 508 4220 3729 4292">
    <p class='ocr_par' dir='ltr' id='par_1_28' title="bbox 508 4220 3729 4292">
     <span class='ocr_line' id='line_1_28' title="bbox 508 4220 3729 4292; baseline -0.002 -15"><span class='ocrx_word' id='word_1_299' title='bbox 508 4223 741 4277; x_wconf 85' lang='lat' dir='ltr'><strong>aliarum</strong></span> <span class='ocrx_word' id='word_1_300' title='bbox 776 4230 976 4288; x_wconf 90' lang='lat' dir='ltr'><strong>tamen,</strong></span> <span class='ocrx_word' id='word_1_301' title='bbox 1002 4231 1057 4276; x_wconf 92' lang='lat' dir='ltr'><strong>et</strong></span> <span class='ocrx_word' id='word_1_302' title='bbox 1108 4222 1405 4290; x_wconf 65' lang='lat' dir='ltr'><strong>praesertim</strong></span> <span class='ocrx_word' id='word_1_303' title='bbox 1463 4238 1652 4277; x_wconf 86' lang='lat' dir='ltr'><strong>earnm</strong></span> <span class='ocrx_word' id='word_1_304' title='bbox 1682 4238 1804 4292; x_wconf 83' lang='lat' dir='ltr'><strong>quae</strong></span> <span class='ocrx_word' id='word_1_305' title='bbox 1837 4222 1903 4277; x_wconf 87' lang='lat' dir='ltr'><strong>ad</strong></span> <span class='ocrx_word' id='word_1_306' title='bbox 1940 4220 2311 4292; x_wconf 82' lang='lat' dir='ltr'><strong>Olympiadem</strong></span> <span class='ocrx_word' id='word_1_307' title='bbox 2349 4220 2567 4289; x_wconf 71' lang='lat' dir='ltr'><strong>scriptae</strong></span> <span class='ocrx_word' id='word_1_308' title='bbox 2595 4227 2745 4282; x_wconf 86' lang='lat' dir='ltr'><strong>sunt,</strong></span> <span class='ocrx_word' id='word_1_309' title='bbox 2784 4220 2990 4275; x_wconf 84' lang='lat' dir='ltr'><strong>utilitas</strong></span> <span class='ocrx_word' id='word_1_310' title='bbox 3022 4222 3125 4275; x_wconf 92' lang='lat' dir='ltr'><strong>hoc</strong></span> <span class='ocrx_word' id='word_1_311' title='bbox 3153 4220 3419 4290; x_wconf 83' lang='lat' dir='ltr'><strong>quidquid</strong></span> <span class='ocrx_word' id='word_1_312' title='bbox 3446 4230 3527 4275; x_wconf 89' lang='lat' dir='ltr'><strong>est</strong></span> <span class='ocrx_word' id='word_1_313' title='bbox 3554 4220 3729 4274; x_wconf 82' lang='lat' dir='ltr'><strong>mole-</strong></span> 
     </span>
    </p>
   </div>
   <div class='ocr_carea' id='block_1_29' title="bbox 498 4329 3734 4402">
    <p class='ocr_par' dir='ltr' id='par_1_29' title="bbox 498 4329 3734 4402">
     <span class='ocr_line' id='line_1_29' title="bbox 498 4329 3734 4402; baseline -0 -13"><span class='ocrx_word' id='word_1_314' title='bbox 498 4333 625 4389; x_wconf 72' lang='lat' dir='ltr'><strong>stiae</strong></span> <span class='ocrx_word' id='word_1_315' title='bbox 651 4332 827 4397; x_wconf 86' lang='lat' dir='ltr'><strong>facile,</strong></span> <span class='ocrx_word' id='word_1_316' title='bbox 861 4342 920 4386; x_wconf 90' lang='lat' dir='ltr'><strong>ut</strong></span> <span class='ocrx_word' id='word_1_317' title='bbox 948 4346 1127 4402; x_wconf 88' lang='lat' dir='ltr'><strong>spero,</strong></span> <span class='ocrx_word' id='word_1_318' title='bbox 1157 4331 1553 4401; x_wconf 87' lang='lat' dir='ltr'><strong>compensabit.</strong></span> <span class='ocrx_word' id='word_1_319' title='bbox 1593 4330 1673 4386; x_wconf 84' lang='lat' dir='ltr'><strong>Tu</strong></span> <span class='ocrx_word' id='word_1_320' title='bbox 1705 4333 1936 4402; x_wconf 65' lang='lat' dir='ltr'><strong>opellatu</strong></span> <span class='ocrx_word' id='word_1_321' title='bbox 1971 4342 2216 4386; x_wconf 87' lang='lat' dir='ltr'><strong>nostram</strong></span> <span class='ocrx_word' id='word_1_322' title='bbox 2238 4331 2367 4386; x_wconf 92' lang='lat' dir='ltr'><strong>boni</strong></span> <span class='ocrx_word' id='word_1_323' title='bbox 2393 4331 2648 4387; x_wconf 86' lang='lat' dir='ltr'><strong>consulas</strong></span> <span class='ocrx_word' id='word_1_324' title='bbox 2687 4329 2868 4397; x_wconf 85' lang='lat' dir='ltr'><strong>velint,</strong></span> <span class='ocrx_word' id='word_1_325' title='bbox 2892 4345 2956 4386; x_wconf 87' lang='lat' dir='ltr'><strong>ac</strong></span> <span class='ocrx_word' id='word_1_326' title='bbox 2983 4346 3083 4401; x_wconf 90' lang='lat' dir='ltr'><strong>pro</strong></span> <span class='ocrx_word' id='word_1_327' title='bbox 3113 4346 3228 4387; x_wconf 84' lang='lat' dir='ltr'><strong>mea</strong></span> <span class='ocrx_word' id='word_1_328' title='bbox 3259 4332 3433 4390; x_wconf 86' lang='lat' dir='ltr'><strong>salute</strong></span> <span class='ocrx_word' id='word_1_329' title='bbox 3460 4331 3527 4387; x_wconf 90' lang='lat' dir='ltr'><strong>ad</strong></span> <span class='ocrx_word' id='word_1_330' title='bbox 3561 4332 3734 4388; x_wconf 86' lang='lat' dir='ltr'><strong>Deum</strong></span> 
     </span>
    </p>
   </div>
   <div class='ocr_carea' id='block_1_30' title="bbox 504 4446 1181 4523">
    <p class='ocr_par' dir='ltr' id='par_1_30' title="bbox 504 4446 1181 4523">
     <span class='ocr_line' id='line_1_30' title="bbox 504 4446 1181 4523; baseline -0.01 -18"><span class='ocrx_word' id='word_1_331' title='bbox 504 4467 693 4523; x_wconf 86' lang='lat' dir='ltr'><strong>preces</strong></span> <span class='ocrx_word' id='word_1_332' title='bbox 717 4449 932 4505; x_wconf 87' lang='lat' dir='ltr'><strong>fundas.</strong></span> <span class='ocrx_word' id='word_1_333' title='bbox 974 4446 1123 4501; x_wconf 84' lang='lat' dir='ltr'><strong>Vale.</strong></span> <span class='ocrx_word' id='word_1_334' title='bbox 1163 4465 1181 4498; x_wconf 71' lang='grc' dir='ltr'><strong><em>ι</em></strong></span> 
     </span>
    </p>
   </div>
   <div class='ocr_carea' id='block_1_31' title="bbox 576 4556 3727 4633">
    <p class='ocr_par' dir='ltr' id='par_1_31' title="bbox 576 4556 3727 4633">
     <span class='ocr_line' id='line_1_31' title="bbox 576 4556 3727 4633; baseline -0.001 -13"><span class='ocrx_word' id='word_1_335' title='bbox 576 4567 671 4621; x_wconf 80' lang='lat' dir='ltr'><strong>llis</strong></span> <span class='ocrx_word' id='word_1_336' title='bbox 722 4561 995 4632; x_wconf 73' lang='lat' dir='ltr'><strong>CLXXIII}</strong></span> <span class='ocrx_word' id='word_1_337' title='bbox 1018 4559 1266 4630; x_wconf 89' lang='lat' dir='ltr'><strong>epistolis</strong></span> <span class='ocrx_word' id='word_1_338' title='bbox 1310 4558 1588 4629; x_wconf 79' lang='lat' dir='ltr'><strong>sexaginta</strong></span> <span class='ocrx_word' id='word_1_339' title='bbox 1639 4565 1764 4613; x_wconf 92' lang='lat' dir='ltr'><strong>octo</strong></span> <span class='ocrx_word' id='word_1_340' title='bbox 1798 4557 1993 4628; x_wconf 86' lang='lat' dir='ltr'><strong>adjecit</strong></span> <span class='ocrx_word' id='word_1_341' title='bbox 2040 4558 2248 4613; x_wconf 86' lang='lat' dir='ltr'><strong>Fronto</strong></span> <span class='ocrx_word' id='word_1_342' title='bbox 2308 4556 2538 4613; x_wconf 70' lang='lat' dir='ltr'><strong>Ducaeus</strong></span> <span class='ocrx_word' id='word_1_343' title='bbox 2591 4572 2658 4613; x_wconf 75' lang='lat' dir='ltr'><strong>ex</strong></span> <span class='ocrx_word' id='word_1_344' title='bbox 2695 4558 2897 4615; x_wconf 84' lang='lat' dir='ltr'><strong>Codice</strong></span> <span class='ocrx_word' id='word_1_345' title='bbox 2935 4558 3034 4616; x_wconf 85' lang='lat' dir='ltr'><strong>Ms.</strong></span> <span class='ocrx_word' id='word_1_346' title='bbox 3090 4561 3318 4632; x_wconf 76' lang='lat' dir='ltr'><strong>Collegii</strong></span> <span class='ocrx_word' id='word_1_347' title='bbox 3366 4561 3727 4633; x_wconf 86' lang='lat' dir='ltr'><strong>Antverpiani</strong></span> 
     </span>
    </p>
   </div>
   <div class='ocr_carea' id='block_1_32' title="bbox 505 4668 3773 4747">
    <p class='ocr_par' dir='ltr' id='par_1_32' title="bbox 505 4668 3773 4747">
     <span class='ocr_line' id='line_1_32' title="bbox 505 4668 3773 4747; baseline 0.001 -16"><span class='ocrx_word' id='word_1_348' title='bbox 505 4676 790 4733; x_wconf 83' lang='lat' dir='ltr'><strong>Societatis</strong></span> <span class='ocrx_word' id='word_1_349' title='bbox 841 4672 969 4730; x_wconf 84' lang='lat' dir='ltr'><strong>Jesu</strong></span> <span class='ocrx_word' id='word_1_350' title='bbox 994 4715 1009 4740; x_wconf 96' lang='lat'><strong>,</strong></span> <span class='ocrx_word' id='word_1_351' title='bbox 1043 4681 1098 4728; x_wconf 93' lang='lat' dir='ltr'><strong>et</strong></span> <span class='ocrx_word' id='word_1_352' title='bbox 1130 4671 1585 4743; x_wconf 75' lang='lat' dir='ltr'><strong>septuagesimam</strong></span> <span class='ocrx_word' id='word_1_353' title='bbox 1614 4684 1811 4724; x_wconf 87' lang='lat' dir='ltr'><strong>nonam</strong></span> <span class='ocrx_word' id='word_1_354' title='bbox 1843 4668 2126 4737; x_wconf 86' lang='lat' dir='ltr'><strong>subjunxit</strong></span> <span class='ocrx_word' id='word_1_355' title='bbox 2162 4684 2228 4724; x_wconf 76' lang='lat' dir='ltr'><strong>ex</strong></span> <span class='ocrx_word' id='word_1_356' title='bbox 2256 4671 2569 4740; x_wconf 81' lang='lat' dir='ltr'><strong>apograpbo</strong></span> <span class='ocrx_word' id='word_1_357' title='bbox 2600 4670 2829 4730; x_wconf 76' lang='lat' dir='ltr'><strong>Joannis</strong></span> <span class='ocrx_word' id='word_1_358' title='bbox 2857 4674 3110 4731; x_wconf 87' lang='lat' dir='ltr'><strong>Sambuci</strong></span> <span class='ocrx_word' id='word_1_359' title='bbox 3132 4717 3148 4743; x_wconf 95' lang='lat'><strong>,</strong></span> <span class='ocrx_word' id='word_1_360' title='bbox 3174 4678 3228 4731; x_wconf 89' lang='lat' dir='ltr'><strong>in</strong></span> <span class='ocrx_word' id='word_1_361' title='bbox 3255 4693 3364 4747; x_wconf 89' lang='lat' dir='ltr'><strong>quo</strong></span> <span class='ocrx_word' id='word_1_362' title='bbox 3387 4671 3773 4734; x_wconf 76' lang='lat' dir='ltr'><strong>centesimam‘</strong></span> 
     </span>
    </p>
   </div>
   <div class='ocr_carea' id='block_1_33' title="bbox 503 4779 3745 4865">
    <p class='ocr_par' dir='ltr' id='par_1_33' title="bbox 503 4779 3745 4865">
     <span class='ocr_line' id='line_1_33' title="bbox 503 4779 3745 4865; baseline 0.001 -19"><span class='ocrx_word' id='word_1_363' title='bbox 503 4790 960 4861; x_wconf 75' lang='lat' dir='ltr'><strong>septuagesimam</strong></span> <span class='ocrx_word' id='word_1_364' title='bbox 1025 4793 1276 4841; x_wconf 84' lang='lat' dir='ltr'><strong>octavam</strong></span> <span class='ocrx_word' id='word_1_365' title='bbox 1332 4783 1683 4854; x_wconf 81' lang='lat' dir='ltr'><strong>sequebatur.</strong></span> <span class='ocrx_word' id='word_1_366' title='bbox 1714 4779 1829 4837; x_wconf 85' lang='lat' dir='ltr'><strong>Etsi</strong></span> <span class='ocrx_word' id='word_1_367' title='bbox 1891 4790 2072 4837; x_wconf 89' lang='lat' dir='ltr'><strong>autem</strong></span> <span class='ocrx_word' id='word_1_368' title='bbox 2123 4783 2179 4838; x_wconf 91' lang='lat' dir='ltr'><strong>in</strong></span> <span class='ocrx_word' id='word_1_369' title='bbox 2224 4783 2310 4837; x_wconf 87' lang='lat' dir='ltr'><strong>bis</strong></span> <span class='ocrx_word' id='word_1_370' title='bbox 2338 4783 2587 4854; x_wconf 89' lang='lat' dir='ltr'><strong>epistolis</strong></span> <span class='ocrx_word' id='word_1_371' title='bbox 2607 4800 2715 4840; x_wconf 81' lang='lat' dir='ltr'><strong>non</strong></span> <span class='ocrx_word' id='word_1_372' title='bbox 2737 4803 2923 4858; x_wconf 67' lang='lat' dir='ltr'><strong>pauca:</strong></span> <span class='ocrx_word' id='word_1_373' title='bbox 2943 4788 3073 4852; x_wconf 87' lang='lat' dir='ltr'><strong>sint,</strong></span> <span class='ocrx_word' id='word_1_374' title='bbox 3098 4790 3188 4844; x_wconf 93' lang='lat' dir='ltr'><strong>ubi</strong></span> <span class='ocrx_word' id='word_1_375' title='bbox 3216 4791 3403 4847; x_wconf 89' lang='lat' dir='ltr'><strong>eadem</strong></span> <span class='ocrx_word' id='word_1_376' title='bbox 3433 4794 3547 4849; x_wconf 90' lang='lat' dir='ltr'><strong>fere</strong></span> <span class='ocrx_word' id='word_1_377' title='bbox 3582 4812 3745 4865; x_wconf 83' lang='lat' dir='ltr'><strong>repe-</strong></span> 
     </span>
    </p>
   </div>
   <div class='ocr_carea' id='block_1_34' title="bbox 505 4893 3789 4988">
    <p class='ocr_par' dir='ltr' id='par_1_34' title="bbox 505 4893 3789 4988">
     <span class='ocr_line' id='line_1_34' title="bbox 505 4893 3789 4988; baseline 0.002 -29"><span class='ocrx_word' id='word_1_378' title='bbox 505 4914 715 4968; x_wconf 73' lang='lat' dir='ltr'><strong>tantur,</strong></span> <span class='ocrx_word' id='word_1_379' title='bbox 751 4902 1031 4959; x_wconf 88' lang='lat' dir='ltr'><strong>fatendum</strong></span> <span class='ocrx_word' id='word_1_380' title='bbox 1092 4908 1275 4954; x_wconf 87' lang='lat' dir='ltr'><strong>tamen</strong></span> <span class='ocrx_word' id='word_1_381' title='bbox 1332 4903 1417 4952; x_wconf 90' lang='lat' dir='ltr'><strong>est</strong></span> <span class='ocrx_word' id='word_1_382' title='bbox 1448 4895 1555 4950; x_wconf 94' lang='lat' dir='ltr'><strong>boc</strong></span> <span class='ocrx_word' id='word_1_383' title='bbox 1577 4909 1778 4964; x_wconf 90' lang='lat' dir='ltr'><strong>corpus</strong></span> <span class='ocrx_word' id='word_1_384' title='bbox 1803 4893 2156 4964; x_wconf 88' lang='lat' dir='ltr'><strong>epistolarum</strong></span> <span class='ocrx_word' id='word_1_385' title='bbox 2180 4894 2321 4951; x_wconf 89' lang='lat' dir='ltr'><strong>inter</strong></span> <span class='ocrx_word' id='word_1_386' title='bbox 2343 4895 2678 4953; x_wconf 88' lang='lat' dir='ltr'><strong>nobilissima</strong></span> <span class='ocrx_word' id='word_1_387' title='bbox 2712 4899 3075 4955; x_wconf 77' lang='lat' dir='ltr'><strong>ecclesiastica</strong></span> <span class='ocrx_word' id='word_1_388' title='bbox 3108 4915 3461 4961; x_wconf 88' lang='lat' dir='ltr'><strong>monumenta</strong></span> <span class='ocrx_word' id='word_1_389' title='bbox 3497 4923 3729 4980; x_wconf 89' lang='lat' dir='ltr'><strong>eompu-</strong></span> <span class='ocrx_word' id='word_1_390' title='bbox 3773 4905 3789 4988; x_wconf 70' lang='grc' dir='ltr'><em>ι</em></span> 
     </span>
    </p>
   </div>
   <div class='ocr_carea' id='block_1_35' title="bbox 501 5007 3746 5081">
    <p class='ocr_par' dir='ltr' id='par_1_35' title="bbox 501 5007 3746 5081">
     <span class='ocr_line' id='line_1_35' title="bbox 501 5007 3746 5081; baseline 0.002 -10"><span class='ocrx_word' id='word_1_391' title='bbox 501 5016 727 5071; x_wconf 83' lang='lat' dir='ltr'><strong>tandum</strong></span> <span class='ocrx_word' id='word_1_392' title='bbox 764 5030 887 5070; x_wconf 87' lang='lat' dir='ltr'><strong>esse</strong></span> <span class='ocrx_word' id='word_1_393' title='bbox 913 5033 926 5069; x_wconf 92' lang='lat'>:</span> <span class='ocrx_word' id='word_1_394' title='bbox 954 5015 1084 5069; x_wconf 88' lang='lat' dir='ltr'><strong>hinc</strong></span> <span class='ocrx_word' id='word_1_395' title='bbox 1116 5009 1562 5069; x_wconf 89' lang='lat' dir='ltr'><strong>accuratissimas</strong></span> <span class='ocrx_word' id='word_1_396' title='bbox 1610 5007 1858 5062; x_wconf 90' lang='lat' dir='ltr'><strong>omnium</strong></span> <span class='ocrx_word' id='word_1_397' title='bbox 1901 5008 2122 5064; x_wconf 90' lang='lat' dir='ltr'><strong>notitias</strong></span> <span class='ocrx_word' id='word_1_398' title='bbox 2174 5010 2518 5079; x_wconf 81' lang='lat' dir='ltr'><strong>excerpimus</strong></span> <span class='ocrx_word' id='word_1_399' title='bbox 2556 5008 2700 5064; x_wconf 89' lang='lat' dir='ltr'><strong>circa</strong></span> <span class='ocrx_word' id='word_1_400' title='bbox 2740 5025 2992 5081; x_wconf 75' lang='lat' dir='ltr'><strong>magnum</strong></span> <span class='ocrx_word' id='word_1_401' title='bbox 3027 5013 3158 5070; x_wconf 89' lang='lat' dir='ltr'><strong>illud</strong></span> <span class='ocrx_word' id='word_1_402' title='bbox 3194 5017 3431 5073; x_wconf 88' lang='lat' dir='ltr'><strong>sebisma</strong></span> <span class='ocrx_word' id='word_1_403' title='bbox 3458 5021 3746 5079; x_wconf 85' lang='lat' dir='ltr'><strong>orientalis</strong></span> 
     </span>
    </p>
   </div>
   <div class='ocr_carea' id='block_1_36' title="bbox 498 5120 3744 5196">
    <p class='ocr_par' dir='ltr' id='par_1_36' title="bbox 498 5120 3744 5196">
     <span class='ocr_line' id='line_1_36' title="bbox 498 5120 3744 5196; baseline 0.003 -15"><span class='ocrx_word' id='word_1_404' title='bbox 498 5126 775 5191; x_wconf 74' lang='lat' dir='ltr'><strong>Ecclesiae,</strong></span> <span class='ocrx_word' id='word_1_405' title='bbox 815 5126 1149 5182; x_wconf 80' lang='lat' dir='ltr'><strong>et&#39;exsilium</strong></span> <span class='ocrx_word' id='word_1_406' title='bbox 1172 5122 1571 5196; x_wconf 85' lang='lat' dir='ltr'><strong>Cbrysostomi,</strong></span> <span class='ocrx_word' id='word_1_407' title='bbox 1600 5120 1688 5176; x_wconf 90' lang='lat' dir='ltr'><strong>ubi</strong></span> <span class='ocrx_word' id='word_1_408' title='bbox 1722 5120 1841 5176; x_wconf 90' lang='lat' dir='ltr'><strong>dira</strong></span> <span class='ocrx_word' id='word_1_409' title='bbox 1881 5136 2111 5192; x_wconf 64' lang='lat' dir='ltr'><strong>quaeque</strong></span> <span class='ocrx_word' id='word_1_410' title='bbox 2149 5121 2207 5176; x_wconf 89' lang='lat' dir='ltr'><strong>S.</strong></span> <span class='ocrx_word' id='word_1_411' title='bbox 2256 5121 2349 5177; x_wconf 88' lang='lat' dir='ltr'><strong>Vir</strong></span> <span class='ocrx_word' id='word_1_412' title='bbox 2385 5137 2581 5192; x_wconf 84' lang='lat' dir='ltr'><strong>passus</strong></span> <span class='ocrx_word' id='word_1_413' title='bbox 2627 5134 2731 5192; x_wconf 89' lang='lat' dir='ltr'><strong>est,</strong></span> <span class='ocrx_word' id='word_1_414' title='bbox 2762 5135 3027 5196; x_wconf 89' lang='lat' dir='ltr'><strong>raptatus,</strong></span> <span class='ocrx_word' id='word_1_415' title='bbox 3065 5138 3120 5184; x_wconf 88' lang='lat' dir='ltr'><strong>et</strong></span> <span class='ocrx_word' id='word_1_416' title='bbox 3148 5132 3315 5187; x_wconf 87' lang='lat' dir='ltr'><strong>tantis</strong></span> <span class='ocrx_word' id='word_1_417' title='bbox 3353 5132 3583 5189; x_wconf 74' lang='lat' dir='ltr'><strong>affectus</strong></span> <span class='ocrx_word' id='word_1_418' title='bbox 3620 5150 3744 5190; x_wconf 83' lang='lat' dir='ltr'><strong>ma-</strong></span> 
     </span>
    </p>
   </div>
   <div class='ocr_carea' id='block_1_37' title="bbox 497 5235 3740 5309">
    <p class='ocr_par' dir='ltr' id='par_1_37' title="bbox 497 5235 3740 5309">
     <span class='ocr_line' id='line_1_37' title="bbox 497 5235 3740 5309; baseline 0.003 -17"><span class='ocrx_word' id='word_1_419' title='bbox 497 5241 585 5303; x_wconf 89' lang='lat' dir='ltr'><strong>lis,</strong></span> <span class='ocrx_word' id='word_1_420' title='bbox 618 5248 861 5308; x_wconf 86' lang='lat' dir='ltr'><strong>utquam</strong></span> <span class='ocrx_word' id='word_1_421' title='bbox 884 5239 1026 5295; x_wconf 88' lang='lat' dir='ltr'><strong>ferro</strong></span> <span class='ocrx_word' id='word_1_422' title='bbox 1046 5255 1154 5294; x_wconf 92' lang='lat' dir='ltr'><strong>non</strong></span> <span class='ocrx_word' id='word_1_423' title='bbox 1183 5240 1457 5295; x_wconf 89' lang='lat' dir='ltr'><strong>audebant</strong></span> <span class='ocrx_word' id='word_1_424' title='bbox 1479 5238 1582 5309; x_wconf 89' lang='lat' dir='ltr'><strong>ipsi</strong></span> <span class='ocrx_word' id='word_1_425' title='bbox 1613 5253 1797 5295; x_wconf 87' lang='lat' dir='ltr'><strong>necem</strong></span> <span class='ocrx_word' id='word_1_426' title='bbox 1824 5236 2027 5292; x_wconf 86' lang='lat' dir='ltr'><strong>inferre</strong></span> <span class='ocrx_word' id='word_1_427' title='bbox 2053 5235 2372 5300; x_wconf 85' lang='lat' dir='ltr'><strong>adversarii,</strong></span> <span class='ocrx_word' id='word_1_428' title='bbox 2406 5235 2670 5292; x_wconf 88' lang='lat' dir='ltr'><strong>immissis</strong></span> <span class='ocrx_word' id='word_1_429' title='bbox 2695 5240 2966 5297; x_wconf 87' lang='lat' dir='ltr'><strong>molestiis</strong></span> <span class='ocrx_word' id='word_1_430' title='bbox 2991 5252 3046 5298; x_wconf 90' lang='lat' dir='ltr'><strong>et</strong></span> <span class='ocrx_word' id='word_1_431' title='bbox 3069 5244 3404 5301; x_wconf 91' lang='lat' dir='ltr'><strong>cruciatibus</strong></span> <span class='ocrx_word' id='word_1_432' title='bbox 3428 5248 3740 5305; x_wconf 82' lang='lat' dir='ltr'><strong>intulerint.</strong></span> 
     </span>
    </p>
   </div>
   <div class='ocr_carea' id='block_1_38' title="bbox 493 5348 3739 5427">
    <p class='ocr_par' dir='ltr' id='par_1_38' title="bbox 493 5348 3739 5427">
     <span class='ocr_line' id='line_1_38' title="bbox 493 5348 3739 5427; baseline 0.002 -18"><span class='ocrx_word' id='word_1_433' title='bbox 493 5351 643 5409; x_wconf 50' lang='lat' dir='ltr'><strong>ﬁdo</strong></span> <span class='ocrx_word' id='word_1_434' title='bbox 674 5352 1058 5422; x_wconf 81' lang='lat' dir='ltr'><strong>epistolarum,</strong></span> <span class='ocrx_word' id='word_1_435' title='bbox 1088 5364 1148 5409; x_wconf 90' lang='lat' dir='ltr'><strong>ut</strong></span> <span class='ocrx_word' id='word_1_436' title='bbox 1175 5353 1443 5419; x_wconf 62' lang='lat' dir='ltr'><strong>diximus,</strong></span> <span class='ocrx_word' id='word_1_437' title='bbox 1475 5353 1547 5408; x_wconf 87' lang='lat' dir='ltr'><strong>ita</strong></span> <span class='ocrx_word' id='word_1_438' title='bbox 1598 5351 1994 5408; x_wconf 85' lang='lat' dir='ltr'><strong>Interturbatus</strong></span> <span class='ocrx_word' id='word_1_439' title='bbox 2026 5356 2129 5413; x_wconf 89' lang='lat' dir='ltr'><strong>est,</strong></span> <span class='ocrx_word' id='word_1_440' title='bbox 2164 5354 2226 5401; x_wconf 89' lang='lat' dir='ltr'><strong>ut</strong></span> <span class='ocrx_word' id='word_1_441' title='bbox 2252 5348 2338 5402; x_wconf 81' lang='lat' dir='ltr'><strong>vix</strong></span> <span class='ocrx_word' id='word_1_442' title='bbox 2371 5363 2436 5404; x_wconf 86' lang='lat' dir='ltr'><strong>ac</strong></span> <span class='ocrx_word' id='word_1_443' title='bbox 2471 5364 2540 5405; x_wconf 90' lang='lat' dir='ltr'><strong>ne</strong></span> <span class='ocrx_word' id='word_1_444' title='bbox 2580 5349 2667 5405; x_wconf 77' lang='lat' dir='ltr'><strong>vix</strong></span> <span class='ocrx_word' id='word_1_445' title='bbox 2698 5352 2915 5422; x_wconf 90' lang='lat' dir='ltr'><strong>quidem</strong></span> <span class='ocrx_word' id='word_1_446' title='bbox 2958 5358 3130 5427; x_wconf 89' lang='lat' dir='ltr'><strong>possit</strong></span> <span class='ocrx_word' id='word_1_447' title='bbox 3164 5359 3457 5414; x_wconf 84' lang='lat' dir='ltr'><strong>restaurari</strong></span> <span class='ocrx_word' id='word_1_448' title='bbox 3494 5378 3509 5414; x_wconf 90' lang='lat'><strong>:</strong></span> <span class='ocrx_word' id='word_1_449' title='bbox 3539 5361 3632 5415; x_wconf 87' lang='lat' dir='ltr'><strong>sed</strong></span> <span class='ocrx_word' id='word_1_450' title='bbox 3665 5363 3739 5415; x_wconf 89' lang='lat' dir='ltr'><strong>ad</strong></span> 
     </span>
    </p>
   </div>
   <div class='ocr_carea' id='block_1_39' title="bbox 504 5466 3732 5549">
    <p class='ocr_par' dir='ltr' id='par_1_39' title="bbox 504 5466 3732 5549">
     <span class='ocr_line' id='line_1_39' title="bbox 504 5466 3732 5549; baseline -0 -14"><span class='ocrx_word' id='word_1_451' title='bbox 504 5478 721 5535; x_wconf 81' lang='lat' dir='ltr'><strong>lectoris</strong></span> <span class='ocrx_word' id='word_1_452' title='bbox 759 5477 1104 5532; x_wconf 89' lang='lat' dir='ltr'><strong>commodum</strong></span> <span class='ocrx_word' id='word_1_453' title='bbox 1138 5478 1273 5531; x_wconf 82' lang='lat' dir='ltr'><strong>satis</strong></span> <span class='ocrx_word' id='word_1_454' title='bbox 1328 5476 1483 5531; x_wconf 80' lang='lat' dir='ltr'><strong>nobis</strong></span> <span class='ocrx_word' id='word_1_455' title='bbox 1519 5474 1699 5529; x_wconf 85' lang='lat' dir='ltr'><strong>fuitin</strong></span> <span class='ocrx_word' id='word_1_456' title='bbox 1730 5473 1995 5542; x_wconf 88' lang='lat' dir='ltr'><strong>cujusque</strong></span> <span class='ocrx_word' id='word_1_457' title='bbox 2029 5466 2274 5538; x_wconf 67' lang='lat' dir='ltr'><strong>epistolae</strong></span> <span class='ocrx_word' id='word_1_458' title='bbox 2303 5467 2459 5524; x_wconf 90' lang='lat' dir='ltr'><strong>initio</strong></span> <span class='ocrx_word' id='word_1_459' title='bbox 2494 5477 2704 5541; x_wconf 91' lang='lat' dir='ltr'><strong>tempus</strong></span> <span class='ocrx_word' id='word_1_460' title='bbox 2729 5483 2993 5542; x_wconf 86' lang='lat' dir='ltr'><strong>quantum</strong></span> <span class='ocrx_word' id='word_1_461' title='bbox 3022 5475 3197 5544; x_wconf 87' lang='lat' dir='ltr'><strong>licuit,</strong></span> <span class='ocrx_word' id='word_1_462' title='bbox 3233 5492 3467 5549; x_wconf 67' lang='lat' dir='ltr'><strong>aesarpe</strong></span> <span class='ocrx_word' id='word_1_463' title='bbox 3492 5494 3558 5534; x_wconf 80' lang='lat' dir='ltr'><strong>ex</strong></span> <span class='ocrx_word' id='word_1_464' title='bbox 3591 5493 3732 5534; x_wconf 89' lang='lat' dir='ltr'><strong>con-</strong></span> 
     </span>
    </p>
   </div>
   <div class='ocr_carea' id='block_1_40' title="bbox 497 5595 1279 5667">
    <p class='ocr_par' dir='ltr' id='par_1_40' title="bbox 497 5595 1279 5667">
     <span class='ocr_line' id='line_1_40' title="bbox 497 5595 1279 5667; baseline -0.009 -15"><span class='ocrx_word' id='word_1_465' title='bbox 497 5595 704 5667; x_wconf 77' lang='lat' dir='ltr'><strong>iectura</strong></span> <span class='ocrx_word' id='word_1_466' title='bbox 729 5602 962 5656; x_wconf 89' lang='lat' dir='ltr'><strong>tantum,</strong></span> <span class='ocrx_word' id='word_1_467' title='bbox 999 5599 1279 5645; x_wconf 85' lang='lat' dir='ltr'><strong>annotarc.</strong></span> 
     </span>
    </p>
   </div>
   <div class='ocr_carea' id='block_1_41' title="bbox 571 5704 3741 5785">
    <p class='ocr_par' dir='ltr' id='par_1_41' title="bbox 571 5704 3741 5785">
     <span class='ocr_line' id='line_1_41' title="bbox 571 5704 3741 5785; baseline -0.001 -16"><span class='ocrx_word' id='word_1_468' title='bbox 571 5711 823 5785; x_wconf 64' lang='lat' dir='ltr'><strong>Epistula:</strong></span> <span class='ocrx_word' id='word_1_469' title='bbox 887 5709 1268 5781; x_wconf 79' lang='lat' dir='ltr'><strong>scptenulccim</strong></span> <span class='ocrx_word' id='word_1_470' title='bbox 1302 5709 1365 5763; x_wconf 84' lang='lat' dir='ltr'><strong>ad</strong></span> <span class='ocrx_word' id='word_1_471' title='bbox 1401 5708 1794 5778; x_wconf 78' lang='lat' dir='ltr'><strong>Olympiadem,</strong></span> <span class='ocrx_word' id='word_1_472' title='bbox 1848 5722 1967 5777; x_wconf 67' lang='lat' dir='ltr'><strong>quae</strong></span> <span class='ocrx_word' id='word_1_473' title='bbox 1997 5706 2207 5762; x_wconf 68' lang='lat' dir='ltr'><strong>caeteris</strong></span> <span class='ocrx_word' id='word_1_474' title='bbox 2259 5704 2698 5775; x_wconf 67' lang='lat' dir='ltr'><strong>praemittuntur,</strong></span> <span class='ocrx_word' id='word_1_475' title='bbox 2740 5708 2985 5765; x_wconf 84' lang='lat' dir='ltr'><strong>omnium</strong></span> <span class='ocrx_word' id='word_1_476' title='bbox 3036 5711 3365 5783; x_wconf 67' lang='lat' dir='ltr'><strong>longissimre</strong></span> <span class='ocrx_word' id='word_1_477' title='bbox 3404 5719 3456 5768; x_wconf 86' lang='lat' dir='ltr'><strong>et</strong></span> <span class='ocrx_word' id='word_1_478' title='bbox 3518 5710 3741 5781; x_wconf 72' lang='lat' dir='ltr'><strong>elegan-</strong></span> 
     </span>
    </p>
   </div>
  </div>
