4030 6206
320 342 427 400 sis
1534 382 1536 385 ι
1751 348 2135 406 merome.
3458 341 3563 400 546

317 463 550 519 tissime:
588 474 752 532 sunt,
784 466 1137 537 omniumque
1187 466 1489 523 utilissimae
1514 507 1527 531 ,
1559 468 1635 523 ait
1662 466 1889 524 Photius
1911 509 1926 528 .
1961 470 2098 525 Cod.
2127 468 2195 523 86
2229 482 2241 520 :
2278 483 2464 523 earum
2491 466 2737 537 quaedam
2762 463 3139 521 consolatoria:
3170 470 3224 516 et
3253 460 3565 516 hortator-ie

321 586 469 641 sunt,
500 577 658 650 [525]
700 587 862 648 atque
894 579 1242 635 homiliarum
1284 595 1434 634 more
1476 581 1832 642 concinnatae,
1862 581 1979 635 alia:
2009 581 2075 635 ad
2116 595 2481 636 terumnarum
2520 579 2690 648 ipsius
2734 576 3017 631 historiam
3051 574 3336 630 texendam
3367 586 3566 642 oppor-

321 688 646 743 tt‘missimze.
697 687 856 744 Circa
894 692 1031 745 hanc
1053 691 1422 763 Olympiadem
1456 692 1573 747 lucc
1599 691 1790 746 scribit
1819 690 2084 748 llenricus
2113 692 2348 748 Savilius
2379 691 2431 744 in
2456 691 2601 745 notis
2624 705 2678 759 p.
2705 689 2830 746 851.

398 822 417 854 ι
450 802 751 874 Olympias,
803 806 872 860 ad
919 822 1083 878 quam
1145 817 1273 863 sunt
1321 808 1404 864 hac
1441 809 1655 879 μέλιτος
1687 808 1989 879 καταλειὸοι

1968 809 2163 879 ιμένοιο
2191 809 2467 864 dulciores
2506 808 2775 877 epistolae,
2807 805 2984 876 neptis
3035 805 3134 860 fuit
3191 803 3426 869 Ablabii,
3463 780 3559 873 qui

325 917 429 972 sub
462 918 828 976 Constantino
861 920 1056 992 Magno
1091 920 1379 992 prazfectus
1409 922 1663 992 prtetorio
1688 921 1831 989 fuit,
1862 922 2049 994 Anysii
2106 923 2328 978 secundi
2359 922 2575 977 comitis
2611 921 2740 976 ﬁlia.
2772 919 2963 976 Utrum
2992 937 3122 977 vero
3150 920 3359 975 Ablabii
3390 921 3570 989 neptis

304 1031 491 1089 fuerit
567 1049 633 1089 ex
676 1035 789 1090 ﬁlia
852 1035 1205 1108 Olympiade,
1267 1054 1389 1109 qua:
1460 1040 1694 1110 primum
1760 1041 2042 1096 Constanti
2113 1038 2299 1108 nupsit
2349 1039 2635 1109 Augusto,
2683 1049 2797 1094 tum
2848 1039 3037 1093 Arsaci
3091 1038 3361 1093 Armenia:
3406 1039 3569 1108 regi,

326 1162 493 1218 quam
526 1147 743 1203 tertium
785 1158 941 1218 putat
983 1149 1287 1206 Cardinalis
1318 1150 1586 1207 Baronius
1617 1151 1821 1222 Anysio
1841 1152 2116 1223 nupsisse,
2145 1168 2211 1206 ex
2231 1166 2406 1221 eoque
2434 1152 2575 1206 hanc
2607 1161 2847 1206 nostram
2876 1150 3245 1222 Olympiadem
3278 1152 3553 1220 juniorern

328 1263 492 1319 matri
531 1260 819 1336 ὁμώνυμον
847 1267 1176 1336 suscepisse,
1211 1281 1310 1335 pro
1327 1276 1474 1323 certo
1504 1281 1612 1321 non
1638 1266 1890 1322 dixerim.
1924 1266 2051 1322 Veri
2088 1267 2223 1321 mihi
2257 1267 2437 1322 simile
2488 1266 2701 1322 videtur
2722 1277 2974 1321 auctores
2995 1268 3212 1321 illorum
3246 1275 3552 1338 temporum

325 1377 383 1433 in
408 1379 576 1449 hujus
598 1378 813 1438 nostrae:
825 1381 1013 1436 laudes
1044 1383 1177 1437 satis
1192 1382 1415 1448 effusos,
1437 1382 1504 1438 de
1527 1391 1671 1437 tanta
1693 1384 1861 1455 gloria
1886 1399 1995 1439 non
2028 1383 2194 1440 fuisse
2216 1384 2497 1448 tacituros,
2520 1385 2564 1438 si
2585 1386 2841 1454 Augusta:
2856 1384 3211 1454 ejusdemque
3240 1386 3439 1456 regina‘
3462 1386 3572 1441 ﬁlia

328 1501 652 1557 exstitisset.
697 1500 934 1556 Alteram
966 1515 1210 1555 sororem
1243 1500 1432 1555 habuit
1452 1497 1748 1570 Olympias,
1780 1510 1840 1557 ut
1873 1517 1942 1556 ex
1967 1500 2296 1557 Nazianzeni
2329 1504 2559 1573 epistola
2585 1504 2651 1559 ad
2678 1504 2939 1574 Anysium
2968 1512 3175 1573 patrem
3210 1512 3379 1574 patet,
3410 1482 3574 1573 cujus

332 1616 576 1681 initium,
619 1613 750 1668 Ἰδοὺ
803 1613 897 1667 καὶ
923 1612 1175 1684 δεύτερός
1214 1631 1296 1667 σοι
1349 1613 1597 1686 γαμϐρός
1626 1657 1641 1681 ,
1676 1624 1731 1671 et
1766 1616 1818 1670 in
1848 1625 1923 1672 ter

1968 1632 2035 1671 :ra
2062 1625 2223 1673 aetate
2252 1618 2537 1673 rectricem
2568 1627 2624 1674 et
2662 1617 3030 1674 formatricem
3061 1634 3273 1675 morum
3307 1616 3559 1675 Theodo-

333 1733 462 1799 sim,
506 1727 688 1799 magni
734 1725 1101 1796 Amphilochii
1135 1740 1378 1781 sororem
1410 1741 1743 1797 germanam.
1769 1726 1997 1798 Jamque
2031 1729 2233 1785 nubilis
2264 1730 2525 1785 collocata
2556 1740 2637 1786 est
2662 1746 2692 1784 a
2731 1740 2886 1800 patre
2923 1731 2976 1785 in
3013 1731 3419 1786 matrimonium
3450 1732 3557 1788 Ne-

334 1844 516 1899 bridio
536 1858 600 1898 ex
626 1839 917 1912 prmfectis.
940 1839 1021 1894 Ad
1043 1854 1181 1909 quas
1207 1839 1424 1909 nuptias
1462 1839 1721 1896 invitatus
1736 1838 2135 1906 Nazianzenus,
2168 1843 2375 1911 Anysio
2402 1858 2499 1912 per
2519 1842 2825 1911 epistolam,
2860 1843 3014 1913 cujus
3038 1844 3277 1911 initium,
3305 1845 3572 1899 Δισοάνο-

337 1980 436 2033 μαι
460 1960 572 2015 τῶν
607 1956 988 2028 ἐγκλημάτων,
1016 1963 1145 2019 ctc.,
1186 1954 1425 2024 seipsum
1461 1961 1706 2021 excusat,
1737 1955 1928 2027 podagr

1976 1971 2087 2011 :um
2140 1957 2347 2027 nuptiis
2395 1957 2660 2013 interesse
2687 1974 2863 2028 neque
2890 1959 3174 2016 commode
3210 1976 3371 2030 posse
3390 1977 3567 2033 neque

334 2073 499 2129 etiam
528 2070 723 2125 decere
761 2086 775 2099 ο
803 2080 1022 2122 carmen
1050 2074 1229 2120 tamen
1257 2064 1559 2137 egregium,
1593 2066 1737 2136 quod
1764 2076 1942 2122 exstat
1962 2065 2120 2122 Tom.
2149 2067 2203 2133 2,
2234 2083 2290 2137 p.
2326 2068 2448 2130 152,
2482 2067 2660 2124 Paris.
2691 2069 2978 2136 Editionis,
3008 2072 3438 2142 epithalamium,
3466 2094 3564 2134 seu

334 2189 516 2260 potius
542 2184 926 2258 paraeneticum
953 2183 1021 2239 ad
1054 2198 1252 2238 novam
1274 2197 1532 2253 sponsam
1557 2182 1724 2239 misit.
1749 2182 1829 2238 Ex
1851 2200 1960 2255 quo
1981 2167 2205 2256 apparet
2226 2186 2447 2255 nuptias
2478 2187 2641 2244 hasce
2672 2185 2972 2244 celebratas
2995 2187 3165 2245 fuisse
3208 2199 3333 2246 ante
3361 2193 3576 2248 linitum

338 2304 631 2359 concilium
690 2297 1394 2368 Constantinopolitanum,
1463 2311 1575 2366 quo
1643 2305 1886 2367 tempore
1955 2300 2145 2355 relicto
2208 2301 2526 2370 episcopatu
2597 2302 2652 2358 in
2721 2304 3117 2375 Cappadociam
3171 2308 3393 2362 secessit
3445 2307 3580 2364 Gre-

335 2426 651 2498 goriuszet
710 2421 945 2478 fortasse
1009 2419 1128 2490 ipso
1189 2416 1405 2474 concilii
1465 2428 1741 2488 tempore,
1781 2420 1882 2473 hoc
1940 2429 2025 2475 est
2086 2434 2234 2474 anno
2291 2420 2390 2475 58f
2429 2460 2446 2486 ,
2508 2421 2824 2478 consulibus
2906 2422 3118 2494 Siagri'o
3180 2432 3234 2478 et
3283 2421 3575 2491 Eucherio,

335 2536 481 2606 quod
512 2534 717 2605 nuptiis
762 2533 869 2589 illis
902 2530 1219 2588 interfuisse
1258 2532 1471 2589 scribat
1494 2530 1789 2602 Gregorius
1839 2548 1924 2587 ma

1979 2548 2097 2587 :ium
2153 2532 2537 2603 episcoporum
2585 2550 2898 2599 numerum,
2930 2534 3024 2589 ml
3052 2534 3235 2605 παρῆν
3257 2534 3570 2589 ἐπισκόπων

332 2652 542 2722 ὅμιλος,
572 2666 711 2721 quos
740 2665 837 2720 per
884 2649 1229 2706 occasionem
1276 2650 1493 2705 concilii
1531 2651 1587 2705 in
1633 2651 1841 2722 regiam
1879 2652 2069 2708 urbem
2120 2651 2449 2707 confluxisse
2500 2668 2596 2722 par
2624 2663 2762 2708 erat.
2815 2654 2872 2708 In
2905 2654 3009 2708 hoc
3041 2653 3390 2709 matrimonio
3419 2655 3556 2710 vixit
3628 2713 3639 2717 ,

334 2779 553 2820 menses
591 2762 802 2835 viginti,
860 2761 914 2816 id
945 2770 1028 2817 est
1058 2801 1072 2826 ,
1107 2776 1281 2831 usque
1328 2761 1398 2815 ad
1427 2776 1631 2816 annum
1675 2762 1801 2826 583,
1857 2778 1970 2833 quo
2028 2762 2137 2817 vita
2201 2765 2422 2819 functus
2465 2772 2550 2818 est
2602 2762 2910 2820 Nebridius.
2945 2764 3000 2819 ln
3045 2766 3161 2835 ipso
3191 2765 3376 2836 itaque
3397 2770 3572 2826 aetatis

330 2881 465 2937 flore
487 2883 543 2937 iu
573 2897 764 2952 magna
799 2894 981 2936 rerum
1012 2879 1257 2934 omnium
1284 2879 1438 2948 copia
1463 2888 1518 2934 et
1549 2879 1825 2934 allluentia
1849 2880 2045 2934 marito
2077 2879 2319 2946 viduata,
2366 2881 2421 2936 in
2449 2881 2640 2937 eodem
2668 2893 2944 2954 perpetua:
2983 2883 3264 2941 viduitatis
3288 2886 3570 2956 proposito

332 3018 506 3074 usque
528 3002 596 3057 ad
631 3012 861 3058 mortem
891 3000 1339 3057 constantissime
1378 3001 1743 3070 perseveravit
1778 3021 1790 3056 :
1824 3016 2000 3072 neque
2047 3003 2301 3075 precibus
2331 3012 2427 3059 aut
2468 3003 2632 3060 minis
2678 3001 2972 3089 Theodosii
3008 3000 3186 3073 Magni
3222 3002 3575 3073 Imperatoris

331 3123 599 3179 dimoveri
647 3122 842 3192 potuit,
884 3123 976 3192 qui
1033 3136 1154 3175 eam
1200 3120 1397 3183 forma,
1426 3120 1622 3190 Opibus
1653 3160 1669 3185 ,
1702 3121 1944 3176 omnium
1993 3124 2255 3178 virtutum
2310 3124 2617 3179 decoratam
2664 3136 2864 3177 corona
2892 3160 2909 3187 ,
2944 3119 3157 3190 Elpidio
3194 3127 3423 3190 cognato
3450 3131 3576 3180 suo,

332 3239 544 3294 homini
578 3237 841 3308 Hispano,
881 3253 1093 3293 summa
1128 3236 1177 3291 vi
1208 3235 1543 3307 despondere
1563 3236 1855 3291 ambiebat.
1883 3236 2001 3302 Qua
2028 3237 2246 3307 repulsa
2271 3236 2510 3292 oﬁ'ensus
2538 3235 2838 3306 Imperator
2868 3274 2885 3301 ,
2920 3243 3211 3307 antequam
3239 3247 3430 3291 contra
3464 3232 3579 3287 Ma-

329 3354 543 3410 ximum
576 3364 870 3426 tyrannum
931 3353 1369 3423 proﬁcisceretur
1391 3392 1408 3418 ,
1439 3351 1588 3420 quod
1625 3366 1769 3407 anno
1797 3352 1903 3408 588
1932 3352 2183 3423 contigit,
2219 3352 2477 3423 prmiecto
2506 3352 2659 3408 urbis
2712 3352 3008 3417 mandavit,
3041 3363 3101 3407 ut
3134 3351 3365 3422 quaesito
3389 3351 3575 3419 aliquo

328 3470 449 3538 agis
480 3467 684 3530 colore,
718 3481 935 3521 omnem
973 3464 1091 3534 ejus
1128 3462 1491 3519 substantiam
1517 3462 1840 3527 custodiret,
1865 3478 2155 3534 quousque
2206 3466 2549 3536 trigesimum
2621 3467 2799 3522 aetatis
2823 3466 3101 3537 implesset
3129 3482 3357 3525 annum.
3391 3466 3564 3531 Quam

331 3581 427 3635 illa
492 3578 831 3632 lortunarum
876 3591 1099 3632 suarum
1135 3576 1496 3647 direptionem
1557 3580 1694 3631 adeo
1740 3576 1976 3642 excelso,
1998 3585 2054 3632 et
2097 3591 2483 3646 supra-sexum
2519 3578 2659 3632 virili
2684 3580 2869 3635 animo
2919 3580 3106 3635 tulisse
3138 3580 3485 3650 perhibetur,
3522 3587 3580 3633 ut

330 3700 501 3756 etiam
543 3697 646 3753 sibi
676 3697 824 3751 illam
852 3697 921 3752 ab
952 3684 1284 3767 lmperat'ore
1313 3697 1515 3751 iilatam
1562 3696 1820 3767 injuriam
1846 3705 2055 3768 gratam
2087 3697 2343 3753 habuisse
2397 3698 2697 3761 videretur,
2726 3698 2779 3752 in
2807 3700 3018 3758 eodem,
3051 3705 3108 3750 ιιι
3133 3696 3269 3760 dixi,
3301 3694 3582 3749 viduitatis

328 3826 526 3874 tenore
557 3829 902 3885 permanens.
934 3812 1070 3869 Nam
1101 3815 1168 3870 de
1201 3815 1512 3886 virginitate
1544 3826 1805 3885 perpetuo
1838 3822 2160 3868 conservata
2200 3812 2506 3868 fabulosum
2533 3827 2653 3868 esse
2676 3827 2802 3868 cum
2834 3812 3067 3867 Baronio
3092 3810 3351 3865 fatebitur
3374 3850 3389 3872 ,
3423 3811 3579 3877 quis-

327 3936 461 4009 quis
488 3952 615 3993 cum
657 3937 865 4008 judicio
912 3935 1104 4008 legerit
1151 3934 1297 3991 illam
1338 3933 1583 4005 epistolae
1606 3935 1860 3991 secunda:
1894 3933 2124 3990 Joannis
2154 3936 2328 3989 nostri
2354 3936 2422 3989 ad
2460 3949 2581 3990 eam
2614 3935 2832 4005 scriptae
2873 3942 3079 4003 partem
3124 3932 3270 4001 (vide
3299 3933 3443 4002 infra
3474 3930 3577 3984 col.

330 4055 481 4120 559,
515 4070 662 4108 num.
707 4052 916 4124 Asqq).
962 4050 1088 4108 Post
1141 4032 1374 4107 reditum
1417 4065 1447 4105 a
1498 4050 1640 4107 bello
1667 4060 1857 4106 contra
1904 4048 2197 4103 Maximum
2245 4056 2430 4118 gesto,
2481 4049 2585 4104 hoc
2635 4061 2720 4106 est
2755 4064 2899 4105 anno
2924 4049 3049 4115 591,
3104 4048 3462 4114 Theodosius,
3497 4047 3582 4102 iu-

332 4169 549 4225 tellecta
579 4165 912 4238 Olympiadis
930 4167 1256 4232 constantia,
1281 4181 1369 4222 res
1397 4180 1528 4221 suas
1556 4166 1660 4222 sibi
1688 4166 1887 4221 habere
1911 4140 2100 4235 jussit.
2131 4164 2263 4232 Qua:
2283 4182 2348 4222 ex
2370 4182 2436 4223 eo
2463 4176 2706 4239 tempore
2734 4181 3025 4224 commune
3045 4166 3260 4237 aperuit
3289 4166 3438 4220 domi
3472 4179 3584 4217 sua:

330 4291 703 4349 diversorium
748 4292 1005 4348 omnibus
1052 4289 1341 4361 episcopis,
1373 4289 1675 4357 monachis,
1711 4288 2104 4352 sacerdotibus,
2140 4299 2194 4343 et
2226 4288 2359 4343 viris
2384 4286 2770 4344 ecclesiasticis
2787 4302 2853 4342 eo
2878 4285 3240 4343 vementibus.
3263 4284 3409 4340 lnter
3427 4294 3586 4339 caete-

332 4422 456 4473 ros,
490 4423 686 4477 magno
714 4407 1119 4476 Amphilochia,
1148 4405 1366 4476 Optimo
1397 4406 1654 4477 episcopo
1678 4447 1693 4471 ,
1725 4405 1887 4461 Petro
1914 4404 2096 4460 Basilii
2140 4404 2316 4470 fratri,
2354 4404 2661 4475 Epiphanio
2710 4400 2875 4473 Cypri
2907 4401 3159 4472 episcopo
3193 4399 3451 4470 pecunias
3483 4397 3583 4452 do-

333 4526 492 4580 navit
515 4534 568 4580 et
590 4526 767 4591 villas,
792 4526 916 4581 illos
949 4524 1114 4581 etiam
1162 4524 1472 4595 θεοστυγεῖς
1503 4565 1520 4592 ,
1580 4524 1941 4594 Theophilum
1969 4564 1986 4591 ,
2022 4525 2351 4581 Antiochum
2383 4568 2397 4590 ,
2430 4524 2688 4580 Acacium
2720 4564 2735 4590 ,
2767 4522 3125 4579 Severianum
3161 4518 3311 4575 omni
3344 4518 3579 4574 liberali.

272 4706 277 4709 τ
335 4639 470 4696 tatis
498 4650 551 4695 et
579 4642 962 4697 muniﬁcentize
990 4655 1188 4713 genere
1223 4640 1524 4711 complexa.
1549 4640 1735 4710 Itaque
1791 4642 1860 4696 ab
1911 4642 2030 4713 ipso
2050 4641 2316 4699 'Nectario
2375 4638 2983 4708 Constantinopolitano
3026 4636 3285 4705 episcopo
3322 4632 3463 4687 facta
3496 4641 3583 4687 est

335 4754 651 4810 diacouissa
693 4773 708 4811 :
742 4754 902 4825 cujus
956 4754 1121 4810 etiam
1158 4754 1472 4821 morientis,
1504 4762 1564 4808 ut
1603 4763 1660 4809 et
1690 4753 1893 4823 Optimi
1932 4755 2171 4826 episcopi
2202 4755 2391 4811 oculos
2430 4754 2545 4811 suis
2572 4752 2823 4807 manibus
2857 4750 3076 4805 clausit.
3106 4746 3234 4802 Post
3260 4745 3573 4803 Nectarium

339 4884 514 4941 quam
536 4868 699 4925 fuerit
722 4869 885 4925 chara
912 4869 1135 4936 Joanni,
1162 4886 1325 4942 quam
1349 4871 1451 4941 ipsi
1479 4871 1679 4926 charus
1698 4869 1958 4939 Joannes,
1982 4871 2265 4927 declarant
2284 4874 2368 4929 ba:
2389 4868 2655 4941 epistolae.
2686 4865 2752 4920 Et
2779 4865 2995 4937 quidem
3017 4873 3141 4935 post
3159 4863 3410 4919 exsilium
3429 4859 3588 4917 Joan-

335 4984 433 5040 nis
458 4994 607 5055 rapta
639 4985 693 5039 in
718 4982 1010 5052 judicium,
1049 4994 1105 5039 et
1136 4982 1581 5053 incendiitempli
1618 4981 1676 5038 S.
1710 4983 1930 5055 Sophia:
1972 4984 2113 5038 inter
2143 4993 2371 5039 caeteros
2428 4981 2655 5038 Joannis
2683 4980 2923 5034 fautores
2946 4993 3060 5043 rea,
3094 4992 3218 5033 cum
3247 4976 3573 5033 constantis-

334 5099 484 5156 sime
528 5096 913 5167 quaesitoribus
967 5095 1360 5165 respondisset,
1396 5095 1516 5149 auri
1577 5102 1756 5149 tamen
1807 5108 1915 5148 non
1951 5093 2212 5149 mediocri
2266 5108 2483 5149 summa
2541 5092 2823 5158 mulctata,
2854 5090 3042 5146 relicta
3078 5089 3578 5160 Constantinopoli,

333 5207 620 5265 concessit
650 5208 929 5279 Cyzicum,
972 5216 1215 5277 tempora
1258 5204 1642 5277 exspectatura
1689 5207 1928 5262 mitiora.
1962 5205 2087 5261 llaec
2114 5215 2169 5262 et
2191 5206 2365 5261 multo
2396 5205 2481 5261 his
2513 5206 2666 5276 plura
2702 5203 2941 5260 inveniet
2968 5203 3139 5258 lector
3170 5204 3236 5258 de
3275 5204 3376 5280 hac
3399 5202 3585 5258 divina

335 5325 548 5383 femina
600 5325 793 5380 litteris
854 5325 1065 5397 prodita
1097 5340 1128 5379 a
1164 5322 1431 5394 Gregorio
1469 5321 1833 5391 Nazianzeno,
1860 5344 1865 5349 λ
1894 5323 2156 5393 Palladio,
2193 5323 2501 5381 Sozomeno
2527 5365 2543 5391 ,
2597 5323 2904 5385 Ammiano,
2968 5319 3309 5391 Menologiis,
3352 5318 3587 5391 Georgio

336 5445 734 5512 Alexandrino,
762 5448 1081 5517 etcterisque
1107 5445 1444 5515 βιογράφοις.
1474 5467 1493 5498 ι

418 5588 553 5653 Qua:
578 5586 646 5641 de
670 5585 1003 5660 Olympiadis
1028 5588 1235 5659 origine
1261 5588 1348 5645 hic
1379 5588 1633 5644 dicuntur
1660 5590 1868 5659 aliquot
1898 5598 2024 5643 sunt
2048 5589 2300 5644 intricata
2332 5587 2763 5653 tlitﬁcultatibus,
2794 5603 2930 5658 quas
2958 5588 3169 5643 Solvere
3200 5601 3307 5641 non
3340 5589 3422 5636 est
3452 5592 3597 5646 prac-

345 5701 528 5757 scntis
563 5701 797 5760 instituti
825 5721 840 5771 ;
876 5706 1022 5776 quod
1051 5716 1227 5764 autem
1258 5707 1386 5765 dicit
1423 5707 1678 5778 Savilius,
1703 5705 2076 5781 Olympiadem
2109 5702 2366 5765 Nebridio
2397 5706 2654 5776 nupsisse
2678 5719 2821 5761 anno
2857 5704 2981 5770 581,
3013 5702 3227 5772 Siagrio
3250 5709 3299 5755 et
3322 5688 3603 5749 Eucherio
