4030 6206
489 369 599 428 54⁸7

1182 379 1241 438 s.
1278 376 1562 437 JOANNIS
1596 348 2084 438 cnnvsosront
2122 378 2441 438 ARCHIEP.
2479 374 3023 436 CONSTAN'I'INOP.

3594 371 3694 433 5I8

486 495 825 561 oonsulibus.
852 498 1081 556 omnino
1118 506 1265 556 stare
1291 499 1499 570 nequit.
1554 499 1857 573 Siquidem,
1885 509 1944 557 ut
1979 501 2185 572 optime
2219 499 2474 556 observat
2506 496 2906 562 Tillemontius,
2934 491 3224 549 Nebridius
3275 488 3464 563 viginti
3490 489 3718 547 circiter

488 612 770 670 mensibus
830 621 1040 670 tantum
1091 623 1214 686 post
1271 615 1492 672 ductam
1545 616 1915 689 Olympiadem
1949 617 2123 684 obiit;
2160 618 2207 673 si
2252 624 2434 673 autem
2487 615 2635 671 illam
2698 613 2915 670 duxerit
2969 627 3115 669 anno
3157 611 3436 678 381,!an
3490 608 3717 665 IIIIICIIIS

483 725 589 780 erit
623 741 768 781 anno
796 726 924 792 383,
957 742 1079 782 cum
1112 728 1441 785 tardissime.
1471 729 1632 800 Atqui
1664 730 1750 786 lex
1777 730 1844 788 ad
1878 730 2028 787 illum
2066 729 2349 803 dirigitur,
2380 728 2435 785 in
2469 727 2670 785 Codice
2697 725 3100 792 Theodosiano,
3133 740 3277 781 anno
3302 723 3427 790 586,
3457 722 3528 779 29
3551 719 3719 783 Junii,

484 848 651 909 atque
709 839 845 895 adeo
908 841 1235 909 quaerendus
1284 842 1425 900 alius
1468 843 1779 915 nuptiarum
1846 842 2177 917 Olympiadis
2231 858 2430 900 annus.
2491 840 2749 912 Nupserit
2797 854 2930 911 ergo
2977 837 3288 912 Olympias,
3347 845 3407 892 ut
3457 842 3720 907 putatur,

483 969 629 1011 anno
653 964 893 1013 vertente
914 958 1038 1015 384.

552 1093 699 1154 Ordo
726 1094 882 1169 [526]
908 1095 1263 1167 epistolarum
1286 1097 1353 1153 ad
1378 1096 1749 1171 Olympiadem
1777 1109 1837 1156 ut
1863 1109 1916 1156 et
1946 1107 2263 1157 ceterarum
2288 1100 2537 1155 omnium
2557 1095 3007 1168 subsequentium
3034 1092 3435 1149 interturbatus
3459 1098 3578 1146 est:
3599 1088 3717 1145 nul-

478 1217 587 1273 Iam
611 1217 869 1287 temporis
899 1217 1165 1274 rationem
1184 1217 1550 1274 observarunt
1566 1220 1661 1290 qui
1686 1220 1946 1292 epistolas
1970 1221 2091 1277 illas
2109 1220 2463 1293 collegerunt,
2492 1227 2553 1275 ut
2579 1216 2975 1275 animadvertet
2992 1216 3039 1272 is
3061 1216 3158 1287 qui
3195 1211 3462 1284 temporis
3495 1210 3715 1267 notatas

479 1333 641 1389 initio
665 1334 932 1405 cuiusque
954 1334 1198 1405 ep’stolaa
1221 1335 1433 1406 positas
1459 1335 1713 1407 perleget.
1739 1336 1896 1392 Ordo
1922 1337 2035 1405 ille,
2058 1337 2313 1408 quisquis
2341 1336 2448 1402 est,
2475 1343 2533 1393 et
2555 1335 2610 1391 In
2642 1333 2817 1391 Editis
2842 1342 2897 1390 et
2918 1335 2974 1389 In
3006 1332 3412 1404 Manuseriptir
3438 1331 3710 1387 tantillum

482 1450 657 1504 variat
687 1466 702 1503 :
732 1462 859 1503 nam
888 1463 1010 1517 quae
1040 1456 1235 1517 quarta
1292 1447 1359 1504 ad
1427 1446 1801 1520 Olympiadem
1839 1447 2062 1519 ponitur
2088 1446 2143 1502 in
2187 1445 2533 1503 Editionibus
2555 1443 2785 1514 “orelli,
2818 1444 2876 1500 in
2918 1443 3078 1500 Edito
3127 1443 3317 1500 Saviiii
3348 1444 3477 1500 etin
3505 1443 3717 1515 aliquot

479 1562 613 1619 Mss.
640 1561 850 1619 decima
879 1569 1035 1619 sexta
1070 1560 1284 1618 locatur
1312 1578 1329 1617 :
1357 1561 1414 1617 in
1434 1562 1649 1618 caeteris
1684 1560 1857 1619 series
1879 1561 2091 1618 eadem.

547 1703 679 1761 Post
722 1704 982 1775 epistolas
1036 1704 1101 1761 ad
1162 1702 1537 1777 Olympiadem
1595 1704 1838 1763 Saviiius
1865 1707 2104 1779 reliquas
2141 1720 2333 1763 omnes
2355 1705 2549 1763 ordine
2584 1702 2927 1777 alphabetico
2964 1701 3121 1774 ponit
3153 1699 3452 1759 secundum
3482 1698 3708 1755 nomina

418 1875 424 1881 .
475 1834 667 1876 eorum
707 1821 776 1877 ad
830 1837 971 1894 quos
995 1821 1237 1892 epistolae
1288 1821 1604 1879 mittuntur.
1635 1819 1772 1877 Eum
1798 1821 1978 1893 ipsum
2010 1821 2259 1879 ordinem
2287 1827 2342 1877 et
2368 1831 2474 1877 nos
2505 1816 2698 1876 Latine
2753 1814 3031 1888 expressis
3060 1813 3377 1872 nominibus
3397 1812 3486 1870 hic
3509 1825 3714 1884 reprae-

476 1947 778 1994 cantamus.

474 2155 662 2208 Acutio
689 2152 1005 2226 presbytero
1034 2167 1140 2210 una
1172 2152 1396 2210 CCVIII.

470 2246 678 2301 Adolia!
740 2260 836 2300 sex
893 2246 1053 2315 epist.
1087 2250 1141 2299 I.
1197 2243 1436 2300 XXXIII.
1459 2245 1516 2300 2.
1571 2244 1686 2302 LII.
1711 2246 1764 2303 3.
1788 2242 1944 2303 LVII.
1977 2244 2035 2302 ἢ.

542 2334 824 2390 CXXXIII.
860 2335 913 2389 5.
946 2334 1297 2391 CLXXIX.6.
1331 2333 1615 2392 CCXXXI.

473 2424 624 2479 Aetio
657 2438 764 2477 una
793 2420 1023 2479 CXCVI.

477 2515 711 2583 Agapeto
741 2523 871 2569 tres.
898 2514 951 2568 1.
982 2511 1102 2570 xx.
1125 2513 1182 2570 ε.
1216 2512 1449 2571 Lxxm.
1485 2517 1540 2572 δ.
1568 2514 1825 2573 CLXXV.

468 2605 773 2660 Alexandro
801 2605 1056 2676 episcopo
1080 2604 1328 2661 Corinthi
1367 2622 1475 2662 una
1497 2606 1726 2664 CLXIV.

470 2694 659 2764 Alphio
705 2704 963 2764 quatuor.
1007 2695 1060 2751 I.
1119 2693 1262 2752 XXI.
1315 2695 1371 2752 2.
1440 2695 1661 2754 XXXV.
1721 2698 1782 2755 3.
1840 2697 2033 2757 XLIX.

543 2784 594 2839 ι.
632 2781 842 2841 LXXII.

470 2873 657 2945 Alypio
679 2889 786 2928 una
809 2872 1136 2930 CLXXXVI.

467 2962 769 3031 Δίωνι-πασς
790 2963 1115 3020 discentium!
1140 2971 1270 3022 ires.
1312 2967 1364 3021 1.
1392 2965 1578 3023 XCVI.
1615 2965 1671 3022 2.
1697 2964 1829 3025 CIII.

412 3046 429 3053 ”
538 3055 593 3110 5.
620 3053 803 3111 CXCI.

474 3147 721 3202 Anatolio
745 3148 1096 3218 praefectiano
1126 3146 1234 3207 una
1272 3151 1430 3210 CCV.

472 3242 720 3297 Anatolio
742 3244 1001 3316 episcopo
1029 3246 1232 3301 Adamn
1267 3263 1372 3302 una
1399 3247 1534 3303 CXI.

467 3333 742 3389 Anthemio
776 3350 880 3391 una
909 3336 1160 3392 CXLVII.

466 3426 787 3480 Antiocheno
818 3428 1075 3498 episeopo
1105 3443 1211 3483 una
1242 3426 1574 3484 CCXXXIII.

467 3517 727 3572 Antiocho
753 3532 861 3573 una
881 3517 1214 3573 CLXXXIX.

466 3607 666 3678 Anysio
692 3608 946 3678 episcopo
967 3607 1369 3664 Thessalonicae
1399 3623 1503 3663 una
1523 3607 1728 3663 CLXII.

465 3693 666 3763 Anysio
698 3703 753 3750 et
785 3696 908 3751 aliis
940 3696 1213 3768 episcopis
1249 3715 1353 3752 una
1383 3697 1610 3752 CLXIII.

467 3785 783 3856 Aphthonio,
842 3785 1127 3854 Theodoto,
1159 3788 1387 3845 Charm
1413 3788 1746 3863 presbyteris
1800 3798 1857 3848 et
1913 3802 2034 3848 mo-

535 3878 729 3934 nachis
750 3879 891 3935 dum.
933 3880 985 3934 I.
1012 3878 1179 3934 LXX.
1200 3880 1256 3935 2.
1285 3878 1472 3935 XCIII.

466 3968 669 4047 Arabio
697 3969 841 4026 dum.
872 3971 924 4026 1.
957 3969 1187 4026 XLVIII.
1207 3971 1261 4027 2.
1286 3970 1473 4029 CXXI.

467 4059 803 4113 Artemidore
837 4075 944 4115 una
972 4059 1272 4116 CLXXVII.

468 4149 650 4203 Asello
673 4150 927 4218 episcopo
958 4163 1066 4205 una
1099 4150 1230 4206 CLI.
2000 4200 2017 4211 .

465 4240 785 4310 Aoyncritie
805 4247 1061 4311 quatuor.
1094 4241 1149 4295 I.
1201 4240 1317 4297 xc.
1361 4242 1418 4297 ς.
1472 4242 1729 4300 LXXVII.
1756 4243 1812 4301 δ.
1839 4242 2028 4302 seu.

535 4330 590 4385 ι.
614 4328 747 4386 CVI.

465 4431 680 4487 Aurelio
710 4431 966 4503 episcopo
1007 4430 1424 4505 Carthaginiensi
1451 4447 1561 4490 una
1585 4432 1819 4490 CXLIX.

473 4522 678 4577 Basilio
711 4521 1027 4594 presbvtero
1058 4538 1166 4579 una
1197 4522 1436 4581 XXVIII.

464 4609 742 4667 Bassiana:
781 4626 888 4668 una
913 4606 1026 4669 CX.

464 4699 636 4758 Basso
656 4702 918 4774 episcopo
936 4719 1046 4760 una
1066 4700 1186 4760 CX.

464 4791 682 4849 Brisoni
733 4796 875 4853 dum.
900 4797 952 4852 I.
989 4796 1148 4854 CXC.
1173 4796 1231 4854 2.
1259 4794 1589 4854 CCXXXIV.

467 4879 779 4940 Callistrato
803 4887 1022 4944 Isauriae
1049 4889 1305 4961 episcopo
1336 4904 1446 4947 una
1471 4888 1582 4946 CC.

467 4970 800 5030 Candidiano
829 4994 939 5033 una
972 4976 1135 5034 XLII.

466 5060 722 5117 Corterice
750 5075 1003 5134 quatuor.
1022 5068 1268 5128 LXVIII.
1286 5071 1346 5127 .2.
1374 5070 1611 5131 XXXIV.
1642 5074 1696 5130 3.
1729 5070 2025 5133 CCXXVII.

533 5154 590 5206 4.
625 5152 931 5210 CCXXXII.

461 5240 705 5296 Carterio
728 5243 853 5299 duci
889 5260 995 5300 una
1016 5244 1343 5306 CCXXXVI.

461 5327 627 5383 Casta
697 5327 928 5399 Valerio,
978 5333 1295 5405 Diophanto,
1325 5346 1430 5393 etc.
1489 5354 1605 5396 sex.
1655 5343 1704 5397 I.
1762 5340 1928 5397 XXII.
1968 5342 2024 5395 2.

532 5415 693 5471 LXII.
754 5419 808 5474 3.
891 5420 1074 5478 LXVI.
1163 5425 1218 5481 4.
1295 5426 1452 5483 CVII.
1511 5430 1564 5484 5.
1662 5430 1889 5487 CXXX.
1948 5430 2023 5487 6.

531 5519 789 5578 CCX'XII.

462 5606 758 5670 Chalcidia:
808 5620 1063 5683 quatuor.
1132 5615 1184 5674 ι.
1254 5615 1495 5677 xxxm.
1560 5620 1614 5676 ξ.
1680 5619 1912 5679 LXXVI.
1971 5620 2007 5676 δ

529 5698 759 5763 XCVIII.
792 5705 847 5764 ι.
894 5704 1006 5764 CV.

2142 2148 2433 2209 Chalcidice
2465 2159 2523 2209 et
2573 2149 2890 2224 Asyncritia
2945 2159 3079 2207 tres.
3116 2146 3169 2206 I.
3200 2144 3392 2205 XXIX.
3418 2147 3477 2203 2.
3495 2143 3611 2203 LX.
3653 2145 3730 2202 3.~

2212 2242 2469 2299 CCXL".

2142 2331 2449 2389 Clu-amatio
2477 2331 2651 2403 episc.
2679 2330 2941 2403 Aquileia!
2958 2346 3069 2387 una
3097 2328 3257 2387 CLV.

2144 2421 2447 2476 Claudiano
2480 2436 2589 2477 una
2625 2419 2831 2477 CXCV.

2142 2507 2496 2565 Constantino
2578 2511 2899 2583 presbytero
2986 2506 3129 2568 dum.
3222 2510 3277 2566 I.
3368 2502 3599 2565 CCXXI.
3650 2507 3709 2566 2.

2213 2597 2421 2656 CCXV.
3375 2619 3379 2625 ‘

2142 2693 2366 2764 Cyriaco
2399 2732 2415 2758 ,

2209 2783 2485 2840 CXLVIII.

2142 2873 2362 2947 Cyriaco
2416 2875 2675 2947 episcopo
2743 2882 2876 2931 tres.
2920 2874 2974 2929 1.
3031 2870 3216 2928 LXIV.
3267 2872 3358 2954 2.\
3387 2866 3601 2930 CXXV.
3650 2872 3705 2928 3.

2141 3056 2390 3126 Cytherio
2416 3072 2525 3112 una
2547 3055 2813 3113 LXXXII.

2141 3147 2354 3201 Danieli
2381 3147 2698 3218 presbytero
2724 3163 2829 3203 una
2858 3143 3087 3202 CXCIX.

2140 3235 2363 3306 Diogeni
2445 3247 2701 3309 quatuor.
2759 3238 2812 3294 I.
2881 3236 2942 3292 L.
2998 3236 3055 3303 2,
3101 3233 3186 3291 LI.
3222 3234 3278 3293 3.
3324 3230 3613 3291 CXXXIV.
3643 3232 3701 3290 ι.

2209 3324 2441 3382 CXLIV.

2509 2690 2777 2749 Demetrio
2808 2734 2828 2762 ,
2907 2692 3159 2749 Palladio
3190 2733 3211 2761 ,
3287 2690 3508 2765 Entgsio
3599 2707 3711 2747 una

2000 3428 2016 3441 ‘
2133 3421 2338 3478 Damno
2363 3425 2620 3494 episcopo
2649 3437 2759 3478 una
2780 3418 2998 3478 XXVII.

2138 3511 2354 3585 Elpidio
2381 3514 2637 3585 episcopo
2663 3528 2782 3570 sex.
2808 3515 2859 3570 r.
2896 3512 3063 3570 xxv.
3087 3514 3146 3569 s.
3168 3511 3356 3569 cxw.
3386 3512 3445 3569 δ.
3462 3509 3707 3571 CXXXI.

2207 3607 2262 3661 4.
2295 3604 2627 3661 CXXXVIII.
2651 3606 2704 3662 5.
2736 3602 2936 3662 CXLII.
2972 3605 3027 3661 6.
3056 3604 3312 3662 CCXXX.

2137 3694 2414 3766 Episcopi:
2458 3695 2700 3767 epistolae
2726 3698 3013 3771 _quinque.
3044 3698 3096 3754 I.
3145 3697 3300 3755 CLII.
3334 3696 3389 3751 2.
3426 3693 3608 3753 CLIII.
3642 3696 3701 3751 4.

2134 3783 2314 3839 CLIV.
2341 3786 2396 3841 5.
2418 3782 2702 3842 CLXXXI.

2135 3876 2411 3951 Episcopi:
2498 3881 2595 3952 qui
2653 3889 2912 3939 venerant
2965 3882 3037 3939 ab
3091 3883 3384 3941 Occidente
3457 3892 3591 3939 tres.
3646 3882 3702 3937 1.

2206 3970 2413 4027 CLVII.
2434 3973 2490 4027 2.
2513 3970 2739 4029 CLVIII.
2780 3974 2834 4029 3.
2865 3971 3049 4030 CLIX.

2136 4061 2397 4134 Episcopo
2425 4062 2518 4134 qui
2541 4073 2764 4119 venerat
2795 4065 2864 4120 ab
2897 4063 3189 4120 Occidente
3218 4078 3323 4119 una
3349 4062 3509 4119 CLX.

2135 4151 2412 4223 Episcopis
2439 4152 2535 4223 qui
2586 4163 2847 4209 venerant
2880 4170 3002 4209 cum
3038 4155 3465 4211 occidentalibus
3490 4164 3621 4210 tres.
3647 4148 3699 4210 I.

2201 4242 2410 4300 CLXV.
2440 4246 2498 4301 2.
2528 4243 2765 4301 CLXVI.
2792 4244 2847 4300 3.
2878 4244 3130 4303 CLXVII.

2136 4331 2413 4405 Episcopi;
2461 4343 2515 4389 et
2561 4334 2875 4406 presbyteris
2904 4335 2959 4390 in
2988 4350 3209 4393 carcere
3238 4336 3432 4408 positis
3471 4335 3613 4391 dua.
3643 4336 3698 4393 1.

2134 4436 2261 4497 post
2354 4424 2643 4495 epistolam
2741 4424 2973 4483 Honorii
3058 4442 3222 4498 supra
3293 4443 3363 4499 p.
3446 4427 3571 4482 526.
3629 4428 3699 4482 2.

2207 4512 2491 4572 CLXXIV.

2137 4612 2432 4684 Episcopis,
2460 4617 2776 4691 presbyteris
2796 4629 2846 4675 et
2879 4618 3118 4677 diaconis
3148 4619 3206 4677 in
3227 4636 3447 4678 carcere
3471 4618 3704 4676 inclusis

2207 4722 2319 4763 una
2344 4707 2577 4765 CXVIII.

2138 4793 2363 4854 Euthia
2387 4814 2496 4855 una
2524 4798 2854 4858 CLXXXIII.

2137 4886 2364 4960 Enlogio
2389 4890 2647 4961 episcopo
2668 4906 2773 4946 una
2799 4890 3109 4949 LXXXVII.

2135 4974 2402 5035 Euthalia
2428 4979 2567 5036 duae.
2603 4981 2656 5036 I.
2690 4978 2903 5037 X‘XXII.
2932 4983 2986 5036 2.
3025 4982 3349 5041 CLXXVIII.

2135 5066 2420 5141 Enthymio
2452 5072 2770 5143 presbytero
2798 5088 2904 5128 una
2931 5072 3208 5130 CCXVIII.

2135 5157 2402 5215 Faustino
2427 5174 2539 5215 una
2572 5160 2853 5219 LXXXIV.

2137 5247 2382 5305 Firmino
2413 5265 2521 5305 una
2542 5249 2754 5308 LXXX.

2139 5337 2433 5394 Gaudentio
2463 5342 2717 5414 episcopo
2742 5343 2941 5417 Brixia:
2968 5364 3075 5406 una
3095 5348 3424 5406 CLXXXIV.

2140 5428 2643 5577 Certegox'gugtuor.
2673 5434 2724 5490 I.
2758 5435 2997 5494 LXXIX.
3014 5440 3066 5498 2.
3090 5441 3325 5500 CXXIV.
3358 5442 3413 5500 3.
3437 5441 3697 5500 CXXXII.

2247 5561 2262 5576 .
2348 5562 2359 5574 .
2433 5523 2450 5577 I
2506 5563 2522 5577 .

2247 5561 2262 5576 .
2294 5523 2522 5577 CXCIV.

2139 5620 2384 5675 Gerontio
2404 5623 2718 5695 presbytero
2737 5643 2844 5685 una
2883 5626 3017 5686 LIV.

2030 5788 2037 5793 _
2139 5712 2421 5770 Ilarmatic
2451 5732 2558 5773 una
2596 5716 2806 5776 LXXV.
