4030 6206
474 409 483 429 ³
505 397 609 454 539

560 553 2492 591 _______________________——————

1235 388 1294 445 S.
1322 383 1605 442 JOANNIS
1632 380 1806 441 CH!“
1823 375 2117 437 SOSTOMI
2147 374 2464 432 ABCIIIEP.
2506 364 3028 430 CONSTANTINOP

1567 822 1723 905 TH
1798 814 2362 905 ΔΕΣΠΟΙΝΗ
2432 809 2679 900 ΜΟΥ

583 1049 663 1122 Τῇ
694 1042 1124 1118 αἰδεσιμωτάτῃ
1175 1055 1275 1093 και
1325 1031 1762 1105 θεοφιλεστάτη
1816 1028 2079 1091 διακόνῳ
2128 1021 2493 1091 Ὀλυμπιάδι,
2547 1018 2829 1087 Ἰωάννης
2864 1018 3195 1084 ἐπίσκοπος
3226 1017 3295 1072 ἐν
3322 1018 3511 1087 Κιῳίῳ
3547 1017 3681 1088 καί.

1853 1134 2003 1186 pen“.
2046 1117 2269 1169 Ἐπιστ.
2306 1121 2377 1168 α’.

588 1643 1232 1722 α⁹.Φέρεδὴάπαντλήσω
1248 1658 1339 1694 σου
1361 1640 1461 1710 τῆς
1478 1636 1714 1708 ἀθυμίας
1730 1635 1789 1689 τὸ
1803 1631 2087 1697 ἐλκος,καὶ
2192 1628 2284 1682 καὶ
2332 1630 2594 1699 ἐπίκηρα,
2642 1627 2734 1680 καὶ
2771 1629 2828 1680 ἐν
2873 1625 3054 1698 θνητῴ
3102 1628 3366 1699 γενόμενα
3402 1630 3634 1702 σώματι,
3670 1634 3766 1686 καὶ

516 1740 975 1803 διασκεδάσωτοὺς
995 1736 1288 1807 λογισμοὺς
1306 1732 1368 1786 τὸ
1384 1732 1544 1801 νέφος
1562 1729 1720 1783 τοῦτο
1737 1727 2088 1806 συνάγοντας.

2190 1720 2290 1792 τὴν
2316 1720 2589 1791 νήφουσαν
2632 1719 2786 1773 οὐδὲν
2814 1720 3270 1791 παραϐλάπτοντα
3304 1720 3500 1793 ψυχήν.
3536 1726 3638 1780 Διά
3683 1743 3767 1780 τοι

519 1838 585 1892 Τί
608 1837 716 1908 γάρ
744 1836 892 1888 ἐστιν
914 1832 944 1885 ὃ
967 1831 1156 1899 συγχεῖ
1182 1844 1272 1880 σου
1295 1825 1391 1896 τὴν
1408 1823 1668 1887 διάνοιαν,
1685 1821 1782 1874 καὶ
1802 1818 1973 1888 λυπῇ,
1996 1815 2093 1869 καλ⁸
2194 1810 2352 1908 τοῦτο
2388 1812 2482 1865 καὶ
2508 1811 2617 1865 τῶν
2642 1811 2895 1883 χρηστῶν
2924 1813 3025 1866 καὶ
3050 1813 3160 1868 τῶν
3193 1815 3453 1887 λυπηρῶν
3481 1816 3593 1870 τῶν
3627 1819 3768 1871 κατά

519 1900 837 1999 ἀδηνμόνεῖςς
856 1923 979 1976 ὀτι
1004 1919 1194 1989 ἄγριος
1214 1918 1243 1970 ὁ
1266 1913 1512 1986 χειμὼνὸ
1529 1913 1628 1976 τὰς
1657 1909 1981 1980 Ἐκκλησίας
1998 1924 2096 1960 κα-
2186 1901 2285 1999 ,τὸν
2313 1900 2559 1972 παρόντα
2581 1900 2693 1971 βίον
2726 1900 2788 1953 τὸ
2813 1900 3027 1966 εὐτελὲς
3046 1903 3075 1955 ὁ
3124 1903 3392 1974 μακάριος
3434 1904 3645 1969 Παῦλος
3667 1906 3772 1959 δεῖ-

518 2018 769 2076 ταλαϐὼν
788 2015 884 2069 καὶ
904 2009 1169 2082 ζοφώδης,
1189 2010 1283 2062 καὶ
1310 2005 1480 2061 νύκτα
1509 2004 1767 2073 ἀσέληνον
1788 1999 2093 2074 [MS-525'.

522 2111 670 2175 526⁸,
698 2108 845 2173 52Τ,
871 2103 1020 2175 528‘]
1053 2102 1228 2155 πάντα
1254 2097 1568 2170 εἰργάσατο,
1591 2095 1685 2149 καὶ
1714 2093 1835 2147 καθ’
1863 2090 2098 2159 ἑκάστην

522 2199 854 2273 κορυφοῦται
882 2196 981 2265 τὴν
1004 2194 1236 2265 ἡμέραν,
1267 2190 1440 2261 πικρά
1466 2205 1587 2241 τινα
1612 2185 1816 2240 ὠδίνων
1842 2183 2098 2251 ναυάγια,

524 2270 620 2349 καὶ
652 2291 873 2355 αῦξεται
926 2288 960 2357 ἡ
1015 2283 1360 2351 πανωλεθρία
1415 2280 1515 2349 τῆς
1557 2278 1914 2347 οἰκουμένης;
1969 2270 2101 2327 Οἶδα

525 2385 682 2438 τοῦτο
713 2379 889 2449 κάγὼ,
917 2378 1011 2430 καὶ
1053 2375 1227 2437 οὐδεὶς
1281 2372 1519 2442 ἀντερεῖ,
1550 2368 1646 2423 καὶ
1692 2369 1740 2420 εἰ
1771 2366 1973 2437 βούλει,
2009 2366 2102 2417 καὶ

526 2474 711 2529 εἰκόνα
752 2470 1075 2526 άναπλάττω
1107 2464 1214 2518 τῶν
1241 2462 1559 2533 γινομένων,
1581 2459 1721 2513 ὥστε
1772 2457 2104 2527 σαφεστέραν

530 2584 614 2631 σοι
654 2562 875 2633 ποιῆσαι
919 2558 1016 2630 τὴν
1054 2553 1380 2628 τραγῳδίαν.
1414 2551 1700 2605 Θάλασσαν
1746 2547 1961 2618 ὁρῶμεν
2010 2545 2105 2598 ἀπ’

529 2658 700 2727 αὐτῆς
740 2652 982 2709 κάτωθεν
1013 2643 1521 2719 ἀναμοχλευομένην
1550 2640 1651 2712 τῆς
1681 2639 1939 2700 ἀϐύσσου,
1965 2636 2107 2689 πλω⁹

529 2751 702 2823 τῆρας
734 2748 846 2810 τοῖς
869 2744 1025 2798 ῦδασι
1050 2741 1278 2813 νεκροὺς
1320 2735 1701 2797 ἐπιπλέοντας,
1730 2731 1951 2801 ἐτέρους
1978 2729 2111 2781 ὑπο-

534 2820 788 2914 ϐρυχίους
818 2834 1163 2907 γενομένους,
1196 2831 1296 2894 τάς
1349 2827 1568 2891 σανίδας
1609 2824 1719 2878 τῶν
1772 2822 1971 2875 πλοίων
1995 2820 2112 2874 δια-

534 2913 821 3005 λυομένας,
852 2929 921 2984 τὰ
951 2925 1095 2982 ἰστία
1127 2921 1591 2995 διαῤῥηγνύμενα,
1629 2918 1755 2981 τοὺς
1786 2914 1965 2978 ἱστοὺς
1996 2913 2109 2967 δια-

537 3024 867 3092 κλωμένους,
900 3021 1000 3083 τὰς
1056 3016 1247 3079 κώπας
1297 3013 1404 3067 τῶν
1463 3009 1660 3082 χειρῶν
1696 3021 1721 3049 ο
1746 3007 1851 3061 τῶν
1902 3004 2111 3059 ναυτῶν

540 3115 881 3176 ἀποπτάσας.
918 3112 1043 3172 τοὺς
1082 3106 1420 3180 κυϐερνήτας
1465 3101 1583 3157 ἀντὶ
1635 3100 1836 3154 οἰάκων
1874 3097 1967 3151 ἐπὶ
2004 3095 2111 3149 τῶν

540 3201 1018 3275 καταστρωμάτων
1040 3196 1402 3268 καθημένους,
1428 3191 1526 3255 τάς
1572 3193 1760 3262 χεῖρας
1790 3190 1903 3251 τοῖς
1927 3186 2113 3256 γόνασι

541 3294 990 3368 περιπλέκοντας,
1036 3288 1131 3343 καὶ
1179 3284 1314 3357 πρὸς
1348 3282 1447 3354 τὴν
1492 3280 1800 3352 ἀμηχανίαν
1827 3277 2116 3350 τῶνγινο-

546 3392 722 3463 μένων
749 3385 1083 3444 κωκύοντας,
1118 3376 1283 3442 ὀξέως
1314 3374 1576 3446 βοῶντας,
1631 3370 1984 3442 θρηνοῦντας,
2011 3367 2118 3421 ὀλο·

544 3457 882 3552 φυρομένους
914 3473 1096 3545 μόνον,
1144 3469 1245 3522 οὐκ
1283 3464 1533 3537 οὐρανὸν,
1568 3463 1628 3516 ού
1666 3461 1901 3529 πέλαγος
1932 3457 2119 3528 φαινό-

549 3548 729 3642 μενον,
779 3563 916 3619 ἀλλά
973 3561 1165 3622 σκότος
1215 3556 1393 3611 πάντα
1421 3552 1557 3624 βαθὺ
1610 3551 1703 3604 καὶ
1758 3548 1998 3619 ἀφεγγὲς
2028 3548 2123 3601 καὶ

546 3639 806 3731 ζοφῶδες,
836 3656 911 3719 ὼς
941 3653 1062 3707 οὐδὲ
1088 3652 1211 3714 τοὺς
1234 3647 1460 3719 πλησίον
1486 3643 1849 3715 ἐπιτρέποντα
1882 3639 2120 3709 βλέπειν,

546 3729 643 3809 καί
673 3750 839 3805 πολὺν
866 3748 958 3801 τὸν
984 3746 1227 3811 πάταγον
1267 3739 1376 3793 τῶν
1396 3736 1677 3809 κυμάτων,
1712 3734 1808 3788 καὶ
1831 3731 1995 3803 θηρία
2025 3729 2126 3784 θαι-

547 3846 740 3901 λάττια
772 3839 1033 3896 πάντοθεν
1062 3838 1172 3899 τοῖς
1207 3831 1458 3886 πλέουσιν
1489 3826 1859 3897 ἐπιτιθέμενα.
1906 3823 2126 3878 Μᾶλλον

546 3937 607 3993 δὲ
636 3923 795 4007 μέχρι
828 3932 970 3995 τίνος
1001 3926 1271 3996 διώκομεν
1296 3922 1573 3993 ἀκίχητα;
1605 3918 1737 3972 Οῖαν
1771 3915 1882 4007 γὰρ
1927 3916 1994 3969 ἂν
2029 3914 2128 3984 ζη-

548 4029 698 4099 τήσω
726 4025 834 4079 τῶν
866 4022 1150 4093 παρόντων
1187 4014 1373 4072 κακῶν
1420 4013 1622 4076 εἰκόνα,
1650 4006 1968 4080 ἡττώμενος
1990 4007 2019 4058 ὁ
2040 4006 2129 4058 λό-

551 4098 650 4190 γος
681 4117 972 4186 ἀναχωρεῖ,
1021 4111 1163 4166 Ἀλλ’
1194 4111 1343 4181 ὅμως
1374 4106 1471 4160 καὶ
1503 4102 1673 4158 ταῦτα
1699 4101 1821 4155 ἰδὼν
1854 4100 1955 4152 οὐκ
1998 4098 2132 4167 ἀπο-

553 4210 807 4281 γινώσκω
847 4207 945 4277 τῆς
994 4202 1371 4276 χρηστοτέρας
1413 4198 1649 4260 ἐλπίδος,
1673 4194 1764 4247 τὸν
1796 4191 2132 4261 κυϐερνήτην

554 4280 709 4356 τοῦδε
747 4298 841 4352 τοῦ
870 4295 1067 4358 παντὸς
1086 4290 1302 4355 ἐννοῶν,
1318 4290 1376 4353 ὃς
1405 4290 1466 4342 ού
1486 4286 1652 4357 τέχνῃ
1679 4283 2016 4356 περιγίνεται
2039 4280 2134 4334 τοῦ

556 4387 844 4462 χειμῶνος,
873 4383 1009 4438 ἀλλά
1029 4382 1259 4452 νεύματι
1288 4378 1405 4431 λύει
1438 4376 1538 4447 τὴν
1570 4375 1759 4445 ζάλην.
1783 4374 1845 4426 Εἰ
1872 4373 1929 4426 δέ
1967 4371 2042 4443 μὴ
2073 4372 2135 4423 ἐκ

557 4480 879 4555 προοιμίων,
921 4475 1056 4549 μηδὲ
1100 4471 1321 4534 εὐθέως,
1356 4469 1476 4530 ἔθος
1510 4466 1660 4537 αὐτῷ
1705 4463 1936 4531 τοιοῦτο,
1979 4462 2053 4534 μη
2080 4463 2136 4514 ἐν

560 4577 703 4648 ἀρχῇ
743 4572 813 4625 τὰ
859 4567 1012 4623 δεινά
1058 4563 1371 4626 καταλύειν,
1429 4560 1546 4615 ἀλλ’
1575 4561 1703 4613 ὅταν
1750 4555 1986 4625 αὐξηθῇ,
2044 4556 2139 4607 καὶ

561 4646 699 4738 πρὸς
729 4664 790 4717 τὸ
835 4660 987 4724 τέλος
1026 4657 1177 4727 ἔλθῃ,
1213 4656 1307 4709 καὶ
1357 4652 1510 4724 παρά
1555 4650 1664 4705 τῶν
1706 4646 1966 4702 πλειόνων
2003 4646 2139 4698 ἀπο-

559 4736 799 4827 γνωσθῇ,
833 4751 957 4805 τότε
1004 4746 1407 4818 θαυματουργεῖ
1438 4742 1533 4797 καὶ
1571 4738 2014 4812 παραδοξοποιεῖ,
2039 4736 2139 4807 τήν

558 4864 621 4900 τε
647 4844 852 4898 οἰκείαν
887 4838 1292 4909 ἐνδεικνύμενος
1319 4836 1566 4905 δύναμιν,
1596 4831 1813 4885 καὶτῶν
1835 4827 2140 4899 ἐμπιπτόν-

560 4953 669 4988 των
688 4935 786 5005 τὴν
807 4930 1082 5002 ὑπομονὴν
1102 4925 1477 4998 ἐγγυμνάζων.
1509 4922 1592 4991 Μὴ
1622 4920 1800 4974 τοίνυν
1835 4918 2135 4991 ἀναπέσῃς.

638 5026 734 5078 Ἓν
762 5024 873 5094 γὰρ
903 5024 1061 5093 μόνον
1086 5021 1255 5083 ἐστὶν,
1285 5013 1602 5087 Ὀλυμπιὰς,
1634 5011 1885 5083 φοϐερὸν,
1914 5006 1995 5074 εἷς
2018 5028 2137 5063 πει-

565 5115 798 5189 ρασμὸς,
827 5112 1068 5182 ἁμαρτία
1098 5111 1285 5181 μόνον’
1310 5110 1405 5163 καὶ
1438 5106 1594 5160 τοῦτο
1648 5103 1884 5174 συνεχῶς
1925 5102 2137 5173 ἐπᾴδων

564 5222 649 5261 σοι
687 5203 749 5257 τὸ
776 5202 928 5275 ῥῆμα
955 5202 1055 5254 οὐκ
1091 5199 1443 5269 ἐπαυσάμην·
1473 5198 1541 5250 τὰ
1561 5195 1618 5249 δὲ
1661 5195 1795 5250 ἄλλα
1827 5194 2004 5249 πάντα
2037 5191 2142 5263 μῦ-

565 5294 678 5357 θος,
710 5291 813 5345 κᾶν
858 5288 1152 5352 ἐπιϐουλὰς
1201 5287 1382 5359 εἴπῃς,
1418 5286 1522 5338 κᾶν
1565 5283 1878 5354 ἀπεχθείας,
1914 5281 2017 5335 κᾶν
2050 5280 2137 5333 δό-

564 5383 712 5448 λους,
752 5382 858 5435 κᾶν
910 5379 1288 5449 συκοφαντίας,
1322 5377 1422 5432 κᾶν
1455 5375 1741 5447 λοιδορίας,
1766 5375 1867 5427 κᾶν
1906 5386 2140 5441 κατηγο-

569 5475 712 5548 ρίας,
739 5471 841 5526 κᾶν
889 5471 1201 5540 δημεύσεις,
1241 5469 1344 5523 κᾶν
1375 5468 1608 5537 ἐξορίας,
1644 5467 1748 5520 κᾶν
1788 5465 1916 5534 ξίφη
1945 5464 2143 5533 ἠκονη-

570 5565 727 5637 μένα,
760 5562 863 5617 κᾶν
890 5561 1143 5629 πέλαγος,
1169 5558 1269 5612 κᾶν
1299 5558 1390 5612 τὸν
1418 5558 1515 5627 τῆς
1554 5556 1874 5629 οἰκουμένης
1929 5554 2144 5622 ἀπάσης

573 5656 824 5728 πόλεμον.
862 5649 963 5707 Οἷα
993 5651 1099 5723 γὰρ
1133 5649 1199 5704 ἂν
1226 5650 1308 5721 εἴη
1360 5648 1552 5714 ταῦτα,
1592 5648 1906 5720 πρόσκαιρά
1938 5648 1995 5702 τέ
2027 5648 2141 5701 ἐστι

634 5801 650 5821 “
682 5799 763 5851 Sic
786 5811 957 5850 omnes
982 5799 1132 5852 ferme
1152 5812 1261 5851 mss.
1294 5799 1423 5852 Edili
1444 5800 1524 5856 τὰς
1545 5800 1703 5854 κώπας
1722 5801 1814 5848 τῶν
1838 5799 2041 5850 ναυτῶν.

2200 1991 2286 2056 ξαι
2308 1991 2628 2062 βουλόμενος
2660 1993 2759 2063 μιᾷ
2789 1989 2931 2057 λέξει
2947 1993 3008 2045 τὸ
3039 1995 3148 2047 πᾶν
3168 1994 3447 2065 ἐνέφηνεν,
3468 1995 3639 2050 εἰπών
3659 2011 3672 2025 ·
3698 1998 3775 2051 Τὰ

2200 2083 2310 2152 γὰρ
2331 2083 2681 2152 ,βλεπόμενα
2701 2085 3053 2153 πρόσκαιρα.
3076 2085 3143 2138 Τί
3168 2086 3345 2142 τοίνυν
3367 2088 3437 2140 τά
3465 2088 3775 2161 πρόσκαιρα

2201 2175 2465 2241 δέδοικας,
2495 2175 2565 2229 τά
2587 2176 2867 2247 ποταμίων
2894 2178 3178 2248 ῥευμάτων
3197 2179 3353 2249 δίκην
3374 2180 3777 2251 παραρρέοντα;

2203 2265 2440 2321 Τοιαῦτα
2466 2267 2575 2337 γὰρ
2589 2266 2660 2320 τά
2685 2267 2949 2338 παρόντα,
2978 2267 3080 2322 κᾶν
3109 2272 3321 2341 χρηστά
3342 2266 3397 2342 ᾗ,
3413 2270 3514 2327 κᾶν
3537 2271 3779 2343 λυπηρά.

2204 2359 2500 2430 Προφήτης
2530 2358 2590 2413 δὲ
2622 2358 2811 2431 ἐτερος
2844 2359 3061 2413 ἅπασαν
3083 2360 3182 2431 τὴν
3202 2362 3549 2433 ἀνθρωπίνην
3578 2364 3783 2434 εὐημε-

2209 2450 2329 2520 ρίαν
2378 2451 2438 2503 οὐ
2487 2449 2642 2523 [529]
2695 2451 2891 2523 χόρτῳ,
2939 2452 3052 2505 ἀλλ’
3101 2452 3264 2525 ἐτέρᾳ
3296 2452 3395 2524 ὕλῃ
3427 2452 3785 2524 εὐτελεστέρᾳ

2210 2541 2535 2613 παρέϐαλεν,
2598 2542 2759 2608 ἄνθος
2827 2544 2997 2616 αὐτὴν
3041 2544 3315 2616 ὀνομάσας
3358 2545 3551 2617 χόρτου
3603 2547 3789 2599 πᾶσαν

2208 2632 2363 2703 ὁμοῦ.
2396 2633 2531 2688 Οὐδὲ
2577 2634 2685 2706 γὰρ
2726 2636 2893 2706 μέρος
2932 2635 3100 2705 αὐτῆς
3147 2635 3362 2706 ἔθηκεν,
3403 2631 3517 2690 οἷον
3558 2636 3796 2690 πλοῦτον

2215 2724 2452 2795 μόνον,ἣ
2485 2725 2693 2796 τρυφὴν
2734 2726 2913 2795 μόνον,
2954 2726 2986 2796 ἦ
3020 2726 3624 2799 δυναστείαν,ἢτιμάς·
3653 2727 3801 2781 ἀλλὰ
3900 2728 3903 2729 ⁷

2214 2817 2391 2872 πάντα
2434 2819 2502 2872 τὰ
2541 2820 2598 2872 ἐν
2621 2815 2927 2889 ἀνθρώποις
2962 2817 3222 2872 δοκοῦντα
3248 2815 3384 2873 εἶναι
3415 2818 3645 2890 λαμπρὰ
3694 2819 3803 2889 μιιῖι⁹

2214 2909 2554 2981 προσηγορίᾳ
2589 2912 2655 2980 τῇ
2668 2910 2765 2981 τῆς
2791 2909 2950 2979 δόξης
2981 2908 3310 2980 περιλαϐὼν,
3341 2909 3513 2973 οὕτως
3544 2909 3807 2981 ἐπήγαγε

2214 3001 2312 3072 τὴν
2349 3002 2532 3055 εἰκόνα
2574 3001 2668 3054 τοῦ
2718 3001 2933 3072 χόρτου,
2969 3000 3159 3055 εἰπών’
3188 3000 3362 3058 Πᾶσα
3395 3001 3544 3067 δόξα
3573 3000 3809 3071 ἀνθρώ-

2215 3111 2331 3149 που
2353 3094 2432 3160 ὠς
2452 3093 2634 3160 ἄνθος
2647 3094 2881 3162 χόρτου.

2290 3184 2354 3255 β’.
2386 3184 2523 3237 Ἀλλ’
2549 3186 2582 3254 ἡ
2600 3184 2905 3254 δυσημερία
2918 3184 3089 3257 δεινὸν
3117 3184 3210 3239 καὶ
3229 3183 3366 3255 βαρύ
3384 3227 3397 3238 .
3428 3182 3566 3237 Ἀλλ’
3584 3184 3686 3255 δρα
3700 3183 3811 3236 καὶ

2218 3275 2420 3344 ταύτην
2449 3274 2610 3328 πάλιν
2639 3272 2802 3345 ἑτέρᾳ
2838 3272 3330 3344 παραϐαλλομένην
3360 3273 3550 3337 εἰκόνι,
3573 3273 3668 3326 καὶ
3693 3290 3813 3325 κα.-

2219 3368 2476 3438 ταφρόνει
2520 3367 2612 3421 καὶ
2650 3365 2873 3436 ταύτης.
2929 3364 3041 3429 Τὰς
3090 3364 3199 3436 γὰρ
3228 3364 3519 3435 λοιδορίας,
3556 3364 3651 3419 καὶ
3698 3365 3815 3429 τὰς

2224 3459 2431 3531 ὕϐρεις,
2473 3458 2569 3511 καὶ
2593 3457 2663 3510 τὰ
2708 3456 2909 3526 ὀνείδη,
2937 3455 3033 3509 καὶ
3080 3454 3148 3508 τά
3182 3454 3494 3525 σκώμματα
3543 3454 3612 3507 τά
3650 3455 3819 3525 παρὰ

2225 3549 2334 3603 τῶν
2359 3549 2586 3621 ἐχθρῶν,
2624 3548 2719 3603 καὶ
2739 3548 2839 3610 τὰς
2863 3544 3157 3609 ἐπιϐουλὰς
3199 3544 3402 3616 ίματίῳ
3441 3543 3820 3600 παλαιωθέν-ει

2227 3644 2322 3697 καὶ
2349 3641 2481 3713 ἐρίῳ
2511 3640 2864 3713 διαϐρωθέντι
2891 3636 3267 3710 παρεικάζων,
3292 3636 3477 3706 ἔλεγεν
3500 3654 3513 3668 α
3563 3636 3824 3693 Ὀνειδι-

2228 3735 2387 3805 σμὸν
2431 3732 2757 3801 ἀνθρώπων
2777 3729 2864 3800 μὴ
2895 3729 3177 3800 φοϐεῖσθε
3220 3728 3320 3783 καί
3359 3728 3442 3795 τῷ
3483 3726 3821 3798 φαυλισμῷ

2229 3824 2428 3881 αὐτῶν
2460 3825 2545 3895 μὴ
2579 3821 2963 3893 ἡττᾶσθε,ὅτι
2984 3822 3067 3889 ὠς
3093 3820 3324 3891 ἱμάτιον
3349 3819 3823 3886 παλαιωθήσον-

2232 3935 2347 3981 ται,
2366 3917 2463 3974 καὶ
2481 3915 2622 3970 ὡσεὶ
2648 3915 2809 3985 ἔριον
2823 3913 2942 3969 ὑπὸ
2964 3913 3171 3980 σητὸς,
3199 3913 3352 3968 οὕτω
3366 3910 3819 3981 βρωθήσονται.

2234 4009 2415 4081 Μηδέν
2454 4025 2514 4062 σε
2566 4007 2744 4062 τοίνυν
2785 4007 3096 4079 ταραττέτω
3147 4005 3256 4059 τῶν
3321 4004 3647 4076 γινομένων,
3690 4003 3824 4057 ἀλλ’

2237 4100 2436 4169 ἀφεῖσα
2463 4098 2552 4171 τὸν
2585 4096 2733 4151 δεῖνα
2759 4088 2852 4150 καὶ
2895 4095 2988 4150 τὸν
3017 4094 3166 4148 δεῖνα
3197 4093 3558 4166 παρακαλεῖν,
3585 4095 3681 4147 καὶ
3710 4092 3825 4156 τὰς

2237 4186 2393 4251 σκιὰς
2420 4184 2785 4256 παρατρέχειν
2823 4181 3002 4252 (τοῦτο
3034 4181 3140 4253 γὰρ
3171 4183 3204 4251 ή
3235 4178 3547 4248 ἀνθρωπίνη
3594 4194 3827 4248 συμμαο

2236 4276 2371 4347 χία),
2397 4274 2489 4328 τὸν
2523 4271 2753 4344 Ἰησοῦν,
2782 4264 2826 4339 ᾧ
2847 4270 3154 4343 λατρεύεις,
3183 4268 3474 4340 ἐνδελεχῶς
3498 4267 3827 4342 παρακάλει

2237 4367 2423 4421 νεῦσαι
2456 4365 2644 4435 μόνον*
2672 4365 2766 4419 καὶ
2790 4362 2969 4419 πάντα
2990 4363 3049 4416 ἐν
3072 4363 3171 4434 μιᾷ
3197 4360 3390 4434 καιροῦ
3423 4359 3611 4413 λύεται
3646 4361 3824 4432 ῥοπῇ.

2238 4461 2299 4514 Εἰ
2326 4460 2384 4513 δὲ
2421 4458 2832 4531 παρεκάλεσας,
2849 4455 2941 4511 καὶ
2964 4454 3064 4509 οὐκ
3109 4453 3295 4527 ἐλύθη,
3315 4449 3555 4506 τοιοῦτον
3582 4450 3665 4521 τῷ
3692 4450 3831 4524 Θεῷ

2239 4553 2379 4618 ἔθος,
2416 4551 2490 4622 μὴ
2517 4552 2582 4603 ἐκ
2619 4547 2920 4621 προοιμίων
2953 4546 3065 4617 (τὸν
3110 4545 3219 4617 γὰρ
3262 4542 3571 4615 ἔμπροσθεν
3614 4542 3835 4614 ἀναλή-

2237 4645 2409 4715 ψομαι
2446 4641 2626 4712 λόγον)
2657 4639 2945 4695 καταλύειν
2989 4637 3059 4689 τὰ
3088 4635 3308 4700 δεινάδ,
3339 4633 3455 4688 ἀλλ’
3486 4633 3618 4687 ὅταν
3649 4649 3833 4706 κορυ-

2241 4734 2563 4805 φωθῇ,ὃταν
2586 4731 2960 4803 αὐξηθῇ,ὅταν
2993 4727 3181 4798 σχεδὸν
3216 4725 3384 4795 μηδὲν
3418 4722 3830 4793 ὑπολελειμμέ-

2241 4820 2393 4896 νονῇ
2432 4823 2534 4894 τῆς
2571 4822 2681 4876 τῶν
2734 4818 3115 4889 πολεμούντων
3172 4814 3392 4879 κακίας,
3449 4812 3574 4867 τότε
3620 4812 3834 4884 ἀθρόον

2244 4919 2420 4972 πάντα
2445 4913 2796 4988 μεταϐάλλειν
2826 4911 2918 4964 ἐπὶ
2939 4909 3001 4963 τὸ
3028 4907 3280 4978 γαληνὸν,
3300 4904 3395 4960 καὶ
3429 4904 3569 4975 πρὸς
3602 4904 3830 4973 ἀπροσ-

2242 5010 2499 5081 δοκήτους
2536 5005 2687 5068 τινὰς
2719 4997 3081 5061 καταστάσεις
3104 4994 3246 5049 αύτά
3271 4992 3610 5065 πραγμάτων
3638 4991 3829 5059 ἄγειν.

2244 5102 2317 5156 Οὐ
2348 5105 2457 5171 γὰρ
2474 5096 2711 5151 τοσαῦτα
2749 5093 2970 5147 δύναται
3017 5090 3176 5161 μόνον
3203 5088 3426 5156 ποιῆσαι
3462 5083 3698 5157 χρηστά,
3718 5082 3837 5136 ὅσα.

2246 5189 2629 5264 προσδοκῶμεν
2654 5188 2747 5240 καὶ
2770 5184 3079 5255 ἐλπίζομεν,
3105 5179 3241 5235 ἀλλά
3264 5180 3360 5232 καὶ⁵
3379 5176 3559 5247 πολλῷ
3575 5174 3837 5240 πλείονα,

2245 5284 2340 5339 καὶ
2369 5281 2612 5352 ἀπείρως
2643 5276 2883 5350 μείζονα.
2921 5276 3010 5329 Διὸ
3040 5273 3135 5327 καί
3176 5269 3388 5333 Παῦλος
3419 5267 3602 5337 ἐλεγε’
3639 5265 3725 5330 Τῷ
3752 5265 3842 5319 δᾶ

2248 5373 2561 5443 δυναμένῳ
2604 5370 2758 5438 ὑπὲρ
2790 5368 2986 5423 πάντα
3012 5363 3283 5434 ποιῆσαι,
3317 5361 3466 5430 ὑπὲρ
3512 5358 3582 5412 ἐκ
3614 5371 3845 5423 περισ-

2250 5466 2367 5521 σοῦ
2394 5459 2482 5519 ὦν
2507 5464 2824 5532 αἰτούμεθα
2850 5461 2888 5529 ἢ
2911 5458 3188 5529 νοοῦμεν.
3214 5455 3301 5527 Μὴ
3328 5452 3437 5524 γὰρ
3463 5452 3564 5505 οὐκ
3588 5447 3844 5518 ⁴ἢδιῖνατο

2250 5564 2315 5614 ἐκ
2363 5556 2661 5627 προοιμίων
2711 5554 2950 5608 κωλῦσαι
2984 5552 3111 5615 τοὺς
3162 5548 3357 5611 παῖδας
3403 5543 3529 5606 τοὺς
3555 5542 3704 5612 τρεῖς
3742 5541 3848 5603 είς

2249 5653 2338 5707 τὸν
2360 5646 2663 5720 πειρασμὸν
2694 5646 2897 5698 ἐκεῖνον
2921 5643 2995 5715 μὴ
3023 5641 3312 5714 ἐμπεσεῖν;
3356 5635 3495 5690 Ἀλλ’
3525 5634 3625 5688 οὐκ
3651 5628 3850 5703 ἠϐου-

2322 5791 2349 5837 5
2364 5792 2500 5845 Unus
2522 5790 2646 5841 λύειν
2668 5789 2727 5840 τὰ
2753 5787 2897 5840 δεινά.

2331 5934 2363 5961 ι
