4030 6206
501 381 570 432 Pili
578 379 598 432 Ι

502 486 632 556 ipsis
673 485 934 553 quastum
975 468 1305 528 conciliaret.
1356 463 1540 532 anue
1580 459 1648 513 de
1684 470 1846 511 causa
1889 469 1997 556 eos.
2029 454 2084 507 in

503 544 847 632 barbarorum
875 578 1086 638 quoque
1110 571 1298 613 manus
1323 553 1515 610 cadere
1544 564 1734 621 passus
1753 557 1855 612 est,
1884 560 1948 600 ac
1973 544 2084 598 for-

505 681 689 723 nacem
743 663 796 717 in
855 651 1218 713 incredibilem
1277 644 1563 717 quamdam
1607 639 1940 694 altitudinem
1993 649 2085 688 ac-

501 754 680 820 cendi,
704 749 1010 820 regiamque
1033 738 1360 798 iracundiam
1387 735 1604 790 fornace
1628 731 1859 785 atrocius
1877 725 2086 781 inflant-

506 817 675 911 mari,
693 817 892 913 eosque
920 835 1168 894 manibus
1195 846 1258 886 ac
1283 829 1506 901 pedibus
1533 823 1832 879 arctissime
1873 817 2084 882 vinciri,

503 950 664 1007 atque
692 935 744 988 in
776 910 949 1002 ignem
989 924 1218 993 conjici;
1264 935 1387 977 cum
1415 926 1591 972 autem
1618 927 1827 977 omnes,
1869 910 1959 980 qui
1994 922 2088 963 eos

504 1003 833 1098 spectabant,
865 1033 1052 1076 eorum
1083 1015 1308 1070 salutem
1337 1025 1433 1082 pro
1459 1008 1732 1078 deplorata
1757 1003 2086 1068 habuissent,

507 1133 618 1177 tum
636 1118 849 1173 demum
876 1111 1052 1166 subito
1075 1122 1138 1162 ac
1158 1112 1352 1176 prmer
1374 1115 1525 1171 spem
1549 1111 1764 1153 omnem
1790 1108 1909 1150 sese
1937 1107 2093 1148 esse-

508 1213 612 1266 ruit
637 1200 1060 1279 prazstantissimi
1089 1195 1310 1252 artiﬁcis
1351 1192 1446 1248 Dei
1477 1191 1529 1245 in
1562 1189 1831 1244 miraculis
1866 1183 2092 1240 edendis

509 1278 749 1361 facultas,
797 1309 957 1364 atque
997 1292 1256 1349 eximium
1301 1286 1585 1358 quemdam
1615 1285 1668 1338 in
1699 1280 1912 1336 modum
1953 1278 2091 1334 emi-

513 1395 644 1449 cuit.
681 1386 956 1459 Siquidem
1008 1382 1146 1452 ignis
1185 1377 1533 1439 vinciebatur,
1575 1373 1668 1444 qui
1708 1380 1884 1426 autem
1934 1366 2093 1423 vincti

509 1493 662 1540 erant
701 1480 1074 1538 solvebantur;
1114 1486 1177 1526 ac
1219 1470 1404 1525 furnax
1434 1468 1487 1522 in
1529 1465 1780 1534 templum
1809 1471 1864 1516 et
1892 1459 2091 1515 fontem

509 1593 574 1632 ac
602 1588 780 1630 rorem
829 1569 1152 1627 mutabatur,
1198 1562 1450 1630 regiaque
1503 1557 1622 1611 aula
1675 1549 2097 1624 magniﬁcentiur

511 1665 888 1737 attgttsliurque
916 1657 1238 1712 reddebatur
1266 1671 1281 1706 :
1305 1661 1654 1718 naturamque
1678 1645 1820 1700 illam
1845 1641 2140 1748 edacissi-P

513 1735 675 1822 mam,
695 1769 760 1809 ac
783 1752 982 1808 ferrum
1011 1749 1168 1804 etiam
1191 1755 1246 1800 et
1272 1743 1494 1814 lapides,
1519 1751 1678 1810 atque
1702 1751 1919 1791 omnem
1940 1735 2125 1790 deuio“

512 1863 617 1919 que
643 1846 916 1900 materiam
945 1847 1313 1910 superantem,
1341 1832 1569 1889 crinium
1610 1840 1796 1886 natura
1829 1825 2096 1882 vincebat.

511 1944 690 2010 Atque
718 1934 1172 1992 modulatissimus
1207 1930 1314 1984 illic
1349 1933 1652 1983 sanctorum
1680 1921 1879 1976 chorus
1903 1919 2096 1987 stabat,

515 2042 770 2100 utrasque
798 2042 886 2083 res
911 2025 1154 2081 conditas
1182 2021 1248 2076 ad
1279 2019 1561 2074 mirificum
1606 2013 1746 2068 hunc
1783 2021 2099 2067 concentum

517 2122 746 2177 invitaus
776 2137 789 2171 ε
824 2118 1158 2189 hymnosque
1187 2112 1252 2166 ad
1293 2110 1430 2181 grati
1459 2107 1618 2162 animi
1658 2103 2100 2174 signiﬁcationem

515 2215 581 2268 ad
611 2214 772 2266 Deum
800 2206 1250 2268 transmittebant,
1282 2200 1424 2272 quod
1456 2198 1702 2253 videlicet
1729 2195 1950 2250 vinculis
1971 2208 2102 2247 con-

518 2305 711 2368 stricti,
759 2301 922 2371 quod,
969 2308 1223 2369 quantum
1268 2293 1482 2366 quidem
1525 2293 1579 2345 in
1623 2289 1863 2343 hostibus
1909 2284 2101 2349 fuerat,

518 2397 691 2452 exusti
720 2396 759 2461 ',
793 2393 930 2464 quod
963 2391 1147 2462 patriis
1176 2388 1391 2443 sedibus
1417 2383 1706 2448 exturbati,
1737 2379 1877 2450 quod
1909 2378 2102 2447 captivi

517 2487 754 2552 abducti,
783 2484 922 2556 quod
965 2483 1209 2537 libertate
1245 2476 1459 2549 spoliati
1506 2476 1749 2537 fuissent,
1781 2469 1920 2540 quod
1965 2469 2109 2522 urbi-

521 2581 653 2644 bus,
706 2576 849 2649 quod
899 2573 1146 2630 domibus
1193 2577 1459 2635 carerent,
1514 2574 1862 2634 extorresque
1903 2569 2104 2626 essent,

515 2673 664 2745 quod
686 2671 914 2741 denique
935 2670 986 2722 in
1005 2667 1177 2721 aliena
1199 2674 1253 2720 et
1279 2662 1504 2717 barbara
1527 2670 1668 2714 terra
1691 2657 1942 2726 degerent
1966 2671 1982 2709 :
2008 2652 2110 2708 hoc

515 2768 663 2823 enim
702 2764 836 2835 grati
873 2759 1037 2817 animi
1077 2767 1178 2813 est.
1220 2757 1504 2825 Postquam
1550 2760 1726 2806 autem
1773 2758 1826 2805 et
1876 2748 2108 2802 hostiutn

518 2855 836 2925 improbitas
855 2852 1090 2920 partibus
1116 2848 1364 2904 onmibus
1385 2843 1625 2900 absoluta
1653 2842 1772 2904 fuit,
1797 2839 1944 2911 (quid
1967 2839 2108 2893 enim

518 2949 659 3002 ultra
690 2955 916 3000 mortem
943 2944 1052 3012 jam
1097 2940 1278 2997 conari
1319 2935 1624 3009 poterant?)
1651 2944 1706 2989 et
1733 2933 1965 3004 pugilum
2005 2931 2113 2984 vir-

527 3051 609 3093 tus
635 3039 841 3108 eXplvta
871 3045 973 3099 est,
1001 3044 1160 3103 atque
1184 3031 1344 3086 etiam
1375 3013 1621 3083 contexta
1650 3040 1868 3088 corona,
1889 3031 1942 3077 ct
1972 3037 2112 3092 prae-

518 3131 633 3184 snia
665 3130 792 3199 ipsis
817 3127 1041 3181 eollecta
1071 3132 1216 3188 sunt,
1245 3138 1342 3176 nec
1367 3121 1478 3190 jam
1508 3119 1574 3173 ad
1599 3119 1819 3188 gloriam
1854 3115 2113 3171 nominis-

517 3239 631 3292 que
660 3219 996 3290 splendorem
1019 3216 1305 3286 quidquam
1337 3213 1570 3267 restabat
1594 3230 1606 3264 :
1634 3219 1744 3264 tum
1771 3209 1987 3263 demum
2010 3207 2116 3262 st-i-

527 3316 650 3368 licet
678 3313 812 3366 mala
845 3310 1208 3380 depelluntur,
1241 3314 1295 3361 et
1332 3303 1423 3376 qui
1469 3301 1738 3357 fornacem
1774 3299 2112 3381 accenderat,

518 3423 730 3477 eosmte
759 3415 863 3458 tam
895 3401 1048 3474 gravi
1089 3397 1349 3471 supplicio
1380 3395 1678 3460 addixerat,
1723 3391 1862 3448 idem
1903 3401 2117 3447 sanctos

522 3501 650 3554 illos
681 3498 884 3568 pugiles
909 3494 1147 3550 mirilicis
1173 3491 1420 3548 laudibus
1443 3487 1619 3554 effert,
1648 3501 1713 3542 ac
1741 3486 2055 3540 miraculum
2083 3499 2113 3538 a

527 3595 642 3648 Deo
669 3592 868 3646 editum
898 3587 1171 3658 praedicat,
1209 3585 1498 3654 literasque
1533 3579 1732 3651 ingenti
1761 3578 1917 3632 laude
1947 3577 2118 3631 refer-

529 3694 614 3737 tas
640 3695 853 3753 quoquo
877 3679 1112 3750 gentium
1155 3677 1334 3742 mittit,
1367 3690 1430 3730 ea
1462 3689 1580 3743 qua:
1627 3670 1932 3727 acciderant
1972 3683 2116 3722 eom-

534 3790 857 3838 tnemorans,
886 3781 1042 3842 atque
1065 3769 1169 3824 ﬁde
1186 3769 1401 3838 dignum
1418 3764 1720 3820 divinorum
1743 3759 2118 3816 miraculorum

536 3880 836 3936 pravconetn
886 3879 945 3917 se
997 3860 1261 3931 pra-bons.
1307 3856 1442 3913 Nam
1494 3853 1746 3926 quoniam
1788 3851 2032 3906 inimicus
2068 3859 2124 3904 et

537 3958 706 4012 bosus
733 3958 846 4026 ipse
883 3963 1019 4019 erat,
1058 3951 1257 4006 idcirco
1298 3948 1408 4018 jam
1448 3946 1587 4016 apud
1636 3945 1817 4000 hostes
1859 3944 2019 3997 etiam
2054 3939 2123 3996 ab

535 4047 682 4104 omni
705 4045 1006 4116 suspicione
1030 4051 1233 4098 remota
1264 4047 1437 4104 erant,
1469 4053 1588 4108 quze
1617 4033 2008 4091 scribebantur.

606 4140 659 4199 3.
705 4137 892 4191 Vidisti
934 4136 1025 4189 Dei
1075 4131 1379 4188 solertiam?
1419 4129 1595 4184 vidisti
1644 4126 1996 4199 sapientiam?
2039 4124 2123 4178 vi-

530 4231 660 4289 disti
703 4229 826 4298 quid
861 4235 1058 4296 pneter
1084 4223 1361 4281 hominum
1400 4221 1708 4290 opinionem
1749 4217 2014 4288 patravit?
2042 4217 2126 4271 vi-

529 4325 664 4380 .disti
694 4319 1070 4390 benignitatem
1101 4324 1156 4370 et
1183 4314 1404 4369 curam?
1431 4313 1661 4367 Proinde
1689 4327 1758 4366 ne
1783 4325 2126 4366 commovea-

541 4417 616 4474 ris
643 4432 705 4468 ac
731 4410 1082 4483 perturberis,
1110 4422 1293 4462 verum
1319 4421 1413 4476 pro
1433 4406 1680 4459 omnibus
1699 4403 1860 4458 rebus
1880 4411 2129 4458 constan-

542 4517 625 4562 ter
656 4504 755 4575 iitsi
779 4503 971 4573 gratias
999 4515 1117 4570 age,
1148 4512 1378 4568 eumque
1403 4496 1583 4560 lauda,
1623 4509 1770 4565 roga,
1799 4493 2131 4563 supplexque

543 4601 802 4662 obsecra;
834 4593 1041 4650 etiamsi
1067 4589 1305 4646 sexcenti
1331 4588 1604 4654 tumultus,
1628 4593 1892 4641 sexcenta:
1915 4592 2130 4654 pertur-

548 4692 792 4746 hatioucs
820 4703 882 4741 ac
912 4684 1161 4758 procella:
1204 4683 1295 4736 tihi
1327 4682 1397 4735 ob
1433 4680 1618 4736 oculos
1659 4686 1959 4742 versentur,
2001 4674 2132 4728 nihil

542 4791 726 4840 .tatnen
754 4779 949 4834 borum
979 4785 1030 4831 te
1056 4774 1347 4846 perturbet.
1377 4771 1560 4842 Neque
1589 4769 1729 4824 enim
1759 4768 2015 4822 Dominus
2037 4783 2136 4821 no-

545 4874 632 4932 bis
672 4887 849 4927 rerum
895 4868 1207 4926 difﬁcultate
1257 4864 1629 4928 antevertitur,
1679 4861 1887 4916 etiamsi
1936 4860 2134 4930 alioqui

547 4963 734 5019 omnia
765 4964 818 5017 in
844 4971 1135 5018 extremam
1169 4959 1459 5030 perniciem
1495 4954 1744 5010 devoluta
1787 4953 1913 5006 sint.
1956 4952 2139 5009 Potest

551 5055 749 5124 quippe
775 5054 888 5122 ipse
913 5061 968 5106 et
989 5053 1233 5122 jacautes
1257 5050 1513 5116 excitare,
1555 5056 1609 5102 et
1637 5054 1881 5099 errantes
1910 5043 1962 5098 in
1999 5043 2138 5099 viam

553 5159 830 5211 revocare,
858 5153 912 5198 et
938 5159 1033 5199 eos
1065 5143 1156 5214 qui
1195 5141 1572 5201 oll'endieulum
1611 5137 1750 5209 passi
1787 5147 1931 5200 sunt,
1966 5136 2140 5190 corri-

554 5251 700 5307 gere,
733 5245 788 5291 et
810 5249 910 5290 eos
930 5236 1021 5306 qui
1049 5235 1344 5290 innumeris
1375 5233 1608 5302 peccatis
1633 5230 1873 5299 cooperti
1902 5236 2046 5292 sunt,
2079 5226 2144 5280 li-

559 5330 749 5385 berare
778 5342 840 5384 ac
871 5327 1065 5399 probos
1089 5326 1324 5393 efficere,
1355 5335 1412 5380 et
1447 5322 1737 5379 exstinctos
1776 5321 1879 5374 vita
1909 5319 2138 5386 donare,

561 5433 614 5475 et
642 5421 706 5476 iis
733 5437 852 5491 qua:
879 5421 1053 5474 diruta
1083 5428 1228 5484 sunt,
1258 5417 1516 5487 majorem
1553 5413 1890 5484 splendorem
1928 5426 2145 5480 compa-

559 5525 699 5575 rare,
723 5519 778 5566 et
796 5525 914 5580 qu:e
939 5517 1257 5563 vetustatem
1277 5513 1678 5567 contraxerunt,
1703 5517 1983 5556 renovare.
2011 5501 2144 5556 Nam

560 5614 686 5654 cum
715 5600 817 5656 hoc
844 5598 1061 5665 efficiat,
1108 5606 1165 5652 ut
1199 5611 1319 5667 quae
1360 5612 1466 5650 non
1498 5605 1651 5649 erant
1679 5594 1942 5660 oriantur,
1989 5603 2043 5648 et
2081 5593 2147 5649 iis
2197 5599 2206 5612 ‘

564 5707 682 5765 qua:
714 5705 972 5762 nusquam
999 5687 1218 5742 omnino
1262 5687 1639 5750 cernebantur,
1685 5695 1742 5740 ttt
1772 5686 1899 5748 siut,
1938 5685 2146 5755 afferat,

629 5787 646 5821 ι
666 5785 742 5838 sic
763 5793 865 5836 Mss.
891 5789 939 5835 Is
961 5781 1106 5833 alitis
1120 5779 1263 5832 deest
1278 5791 1393 5840 vos,
1411 5776 1594 5839 muti;
1610 5777 1699 5828 sed
1722 5783 1970 5843 tnterpres
1991 5776 2133 5843 legit.

1201 354 1264 413 s.
1299 347 1580 410 JOANNIS
1612 340 2088 401 CllﬁYSOS’l‘Om
2123 337 2443 396 ARClllEP.
2485 297 3017 393 CONSTANTINOP.

3673 333 3777 396 853

2193 451 2361 507 multo
2391 465 2522 506 sane
2557 449 2726 521 magis
2768 463 2828 504 ea
2859 462 2979 518 qua:
3017 453 3160 512 sunt,
3215 452 3268 500 et
3307 458 3426 516 qua:
3457 443 3592 500 facta
3634 459 3774 514 sunt,

2191 543 2516 600 etnendabit.
2541 543 2612 598 At
2650 541 2802 596 multi
2829 547 2954 595 sunt
2990 539 3079 610 qui
3125 546 3368 608 pereant,
3401 537 3550 591 multi
3589 539 3780 609 quibus

2189 637 2502 693 scandalum
2547 633 2849 691 inferatur?
2901 632 3006 689 Sed
3056 631 3220 686 multa
3279 629 3584 700 huiusmodi
3638 645 3781 700 saepe

2189 728 2549 798 contigerunt,
2578 742 2698 798 quae
2725 737 2901 782 tamen
2931 733 3116 796 postea
3144 739 3285 786 eam,
3326 739 3484 794 quam
3516 738 3615 794 par
3645 733 3778 788 erat,

2193 819 2510 875 medicinam
2531 826 2860 888 consequuta
2884 825 3011 872 sunt
3045 834 3061 871 :
3093 816 3194 870 nisi
3220 815 3309 886 qui
3342 816 3568 870 fortasse
3614 825 3784 868 muta-

2195 911 2262 968 tis
2301 911 2462 965 etiam
2515 909 2708 976 rebus,
2767 908 2820 963 in
2873 907 3150 962 incurabili
3206 906 3398 962 morbo
3445 907 3785 977 pertinaciter

2195 1000 2484 1056 Iusserunt.
2515 999 2652 1066 Quid
2680 1006 2858 1053 autem
2886 1011 2951 1052 eo
2981 997 3197 1052 nomine
3237 995 3638 1066 perturbatione
3665 996 3787 1050 afﬁ-

2192 1095 2332 1149 ceris
2359 1094 2704 1162 animumque
2747 1091 2954 1160 dejicis,
2995 1088 3136 1160 quod
3181 1089 3272 1143 ille
3315 1088 3518 1158 eiectus
3559 1090 3647 1152 sit,
3696 1089 3785 1147 ille

2195 1191 2378 1239 contra
2410 1182 2780 1239 introductus?
2806 1183 3051 1236 Christus
3081 1181 3135 1236 in
3173 1194 3385 1234 crucem
3417 1179 3695 1250 agebatur,
3724 1194 3787 1236 se

2198 1276 2465 1332 Barabhas
2494 1277 2631 1332 latro
2659 1274 3000 1346 poscebatur,
3040 1283 3202 1342 atque
3245 1282 3555 1343 corruptum
3601 1274 3788 1342 vulgus

2199 1369 2518 1424 homicidam
2548 1369 2724 1438 potius
2750 1384 2906 1438 quam
2935 1368 3275 1422 Servatorem
3305 1381 3367 1421 ac
3395 1375 3476 1421 tot
3499 1367 3790 1422 beneficio-

2177 1475 2314 1529 rum
2357 1469 2630 1514 auctorem
2677 1457 3098 1513 conservandum
3151 1471 3274 1512 esse
3317 1457 3602 1514 clamabat.
3647 1457 3788 1525 Quot

2200 1549 2504 1606 hominibus
2546 1550 2662 1606 haec
2688 1550 3038 1605 oﬁ'ensionem
3068 1549 3330 1613 attulisse,
3377 1558 3502 1618 quot
3555 1548 3786 1603 homini-

2200 1642 2300 1696 bus
2327 1642 2547 1697 exitium
2580 1643 2842 1698 invexisse
2869 1640 3180 1698 existimas?
3205 1640 3401 1696 Verum
3434 1649 3651 1710 praestat
3678 1655 3793 1694 ser-

2203 1749 2412 1789 monem
2440 1735 2597 1788 altius
2637 1744 2902 1802 repetere.
2960 1733 3153 1789 Annon
3190 1733 3256 1800 is,
3299 1734 3389 1804 qui
3425 1735 3569 1789 cruci
3603 1733 3794 1788 afﬁxus

2201 1834 2302 1890 est,
2331 1825 2512 1879 statim
2542 1835 2600 1879 ut
2629 1826 2682 1880 in
2713 1826 2885 1881 lucem
2927 1823 3145 1896 prodiit,
3186 1824 3357 1879 solum
3400 1825 3588 1890 vertit,
3635 1834 3796 1894 atque

2202 1929 2322 1970 cum
2351 1916 2599 1970 universa
2624 1914 2787 1970 domo
2827 1916 2895 1971 ab
2931 1916 3060 1986 ipsis
3086 1914 3419 1970 incunabulis
3459 1916 3511 1969 in
3547 1925 3793 1970 exta-ain

2205 2014 2400 2060 terram
2431 2004 2680 2073 fugitivus
2715 2006 2978 2077 migravit,
3009 2007 3061 2061 in
3093 2007 3438 2061 barbarorum
3467 2006 3672 2061 scilicet
3700 2022 3791 2061 re-

2204 2096 2416 2166 gionem
2449 2107 2554 2151 tam
2583 2097 2742 2168 longo
2763 2097 2971 2152 itineris
2991 2099 3274 2153 interVallo
3311 2096 3598 2152 distantem
3635 2098 3802 2152 abdu-

2207 2188 2358 2243 ctus?
2389 2189 2503 2256 Qua
2532 2190 2747 2259 quidem
2776 2205 2847 2245 ex
2874 2204 3033 2245 causa
3066 2191 3252 2260 ingens
3290 2191 3450 2244 etiam
3482 2189 3566 2243 vis
3591 2191 3804 2245 cruoris

2211 2283 2423 2351 profusa
2463 2291 2568 2345 est,
2608 2282 2789 2338 cmdcs
2814 2291 2868 2337 et
2894 2283 3243 2338 mactationes
3267 2283 3602 2345 exstiterunt,
3646 2291 3803 2336 tene-

2209 2388 2373 2443 raque
2407 2374 2582 2428 omnis
2610 2381 2741 2428 retas
2767 2388 2875 2428 non
2910 2389 3064 2429 secus
3092 2383 3252 2444 atque
3293 2373 3345 2428 in
3386 2373 3569 2442 pnelio
3593 2382 3647 2427 et
3684 2373 3806 2427 aoie

2208 2463 2604 2530 concidebatur,
2637 2464 2971 2536 infantesque
3011 2481 3044 2521 a
3078 2466 3327 2521 mamillis
3360 2465 3524 2520 avulsi
3563 2465 3805 2520 trucida-

2210 2557 2435 2623 bantur,
2487 2571 2721 2627 cumque
2762 2557 2844 2612 lac
2893 2558 3066 2613 adhuc
3112 2559 3164 2612 in
3210 2557 3446 2612 faucibus
3501 2556 3804 2623 haberent,

2211 2665 2394 2706 eorum
2423 2649 2474 2703 in
2498 2649 2685 2720 jugulo
2711 2656 2766 2704 et
2791 2649 2932 2705 collo
2958 2649 3156 2704 ferrum
3178 2649 3507 2719 adigebatur.
3537 2649 3674 2714 Ouid
3704 2648 3814 2704 hac

2214 2743 2467 2814 tragmdia
2490 2745 2707 2814 gravius
2733 2743 3080 2814 acerbiusque
3106 2741 3228 2814 ﬁngi
3258 2742 3462 2812 potest?
3493 2744 3662 2810 Atque
3692 2741 3818 2796 huic

2213 2839 2281 2894 ab
2302 2853 2369 2894 eo
2399 2838 2865 2908 perpetrabantur,
2894 2837 2983 2907 qui
3008 2835 3180 2907 ipsum
3203 2835 3268 2890 ad
3293 2849 3476 2890 necem
3494 2834 3768 2904 quaerebat
3799 2851 3818 2889 :

2215 2939 2271 2986 et
2298 2939 2477 2985 tamen
2518 2929 2659 2984 Deus
2686 2944 2784 2999 pro
2821 2943 2916 2983 sua
2955 2929 3191 2991 lenitate,
3237 2943 3358 2982 cuin
3402 2936 3510 2980 tam
3549 2925 3819 2995 tragicum

2215 3021 2392 3076 scelus
2421 3021 2809 3090 designaretur,
2847 3029 3102 3088 tantaque
3135 3019 3215 3071 vis
3256 3016 3464 3072 cruoris
3502 3014 3709 3077 ﬂueret,
3754 3016 3820 3070 id

2219 3111 2534 3182 patiebatur,
2565 3110 2639 3176 id,
2671 3110 2907 3179 inquam,
2941 3124 3062 3163 cum
3090 3107 3376 3179 prohibere
3407 3116 3602 3177 posset,
3631 3106 3814 3175 patie-

2218 3205 2394 3267 batur,
2423 3219 2618 3258 arcana
2646 3203 2897 3257 nimirum
2923 3201 3184 3271 sapientia
3221 3209 3420 3254 tantam
3446 3200 3608 3253 animi
3636 3198 3822 3267 δι’(ιυί-

2221 3306 2383 3352 tatem
2412 3310 2475 3350 ac
2495 3296 2768 3351 lenitatem
2805 3310 2914 3363 pra:
2939 3308 2999 3349 se
3029 3293 3222 3348 ferens.
3255 3293 3540 3362 Postquam
3574 3298 3750 3345 autem
3783 3305 3824 3347 e

2220 3387 2569 3442 barbarorum
2609 3385 2830 3455 regione
2865 3384 2918 3439 in
2961 3384 3186 3454 patriam
3227 3383 3404 3448 rediit,
3453 3391 3611 3453 atque
3655 3389 3827 3437 a2tate

2221 3487 2407 3532 auctus
2429 3487 2533 3542 est,
2562 3477 2760 3532 bellum
2781 3475 3011 3544 undique
3034 3474 3289 3530 adversus
3309 3489 3430 3528 eum
3453 3471 3818 3528 excitabatur.

2221 3571 2300 3626 Ae
2337 3570 2569 3640 primum
2614 3566 2838 3624 Joannis
2881 3566 3128 3636 discipuli
3175 3567 3342 3620 livore
3385 3565 3825 3630 concitabantur,

2222 3660 2429 3729 ipsique
2476 3657 2814 3726 invidebant;
2856 3658 3069 3713 tametsi
3115 3656 3310 3726 alioqui
3358 3654 3593 3710 Joannes
3638 3658 3824 3726 ipsum

2223 3750 2425 3806 coleret
2466 3764 2520 3805 et
2563 3751 2908 3816 observaret;
2954 3759 3113 3820 atque
3153 3749 3235 3802 his
3275 3747 3454 3802 verbis
3485 3747 3828 3802 utebantur:

2228 3842 2330 3908 Qui
2359 3854 2465 3897 erat
2487 3853 2650 3898 tecum
2690 3853 2830 3898 trans
2857 3842 3161 3907 Iordanem,
3197 3857 3307 3895 ecce
3339 3842 3448 3911 ipse
3484 3840 3734 3911 baptism,
3783 3853 3834 3896 et

2226 3951 2396 3989 omnes
2422 3935 2490 3988 ad
2513 3952 2625 3990 eum
2647 3935 2853 3990 veniunt
2885 3935 3066 4008 (Joan.
3096 3935 3150 3990 '5.
3191 3934 3303 4006 26).
3330 3934 3454 3989 llaec
3483 3934 3624 3989 enim
3661 3937 3833 3990 verba

2229 4027 2510 4084 hominum
2535 4038 2708 4094 erant,
2735 4029 2824 4098 qui
2857 4028 2966 4098 jam
2998 4027 3211 4082 invidia:
3241 4027 3469 4081 stimulis
3504 4042 3827 4096 pungeren-

2229 4132 2334 4188 tur,
2365 4130 2524 4190 atque
2545 4119 2648 4174 hoc
2673 4119 2862 4174 morbo
2894 4117 3217 4173 laborarent.
3246 4115 3327 4172 Ob
3352 4131 3579 4186 eamque
3601 4131 3833 4173 causam

2231 4229 2368 4269 unus
2395 4214 2557 4269 etiam
2587 4228 2652 4267 ex
2673 4212 2970 4282 discipulis,
2998 4211 3087 4281 qui
3117 4210 3255 4264 hanc
3288 4210 3584 4264 orationem
3613 4209 3839 4266 habue-

2231 4316 2375 4374 rant,
2408 4321 2528 4361 cum
2550 4305 2736 4362 Iudaeo
2761 4305 2991 4376 quodam
3017 4303 3374 4360 contendebat
3402 4317 3465 4357 ac
3484 4301 3834 4369 decertabant,

2232 4397 2643 4470 disputationem
2671 4397 2738 4453 de
2763 4396 3218 4467 puriﬁcationibus
3265 4409 3488 4449 movens
3507 4435 3523 4459 ,
3555 4409 3618 4448 ac
3648 4394 3837 4463 bapti-

2235 4507 2412 4548 smum
2439 4489 2661 4546 Joannis
2710 4504 2831 4544 eum
2880 4488 3148 4558 baptismo
3193 4486 3574 4555 discipulorum
3622 4485 3838 4539 Christi

2235 4580 2542 4637 conferens.
2570 4579 2732 4634 Facta
2776 4590 2849 4635 est
2890 4581 3056 4644 enim,
3089 4579 3260 4649 inquit
3312 4578 3418 4642 ille,
3466 4593 3528 4630 ea:
3565 4576 3842 4647 discipulis

2235 4675 2453 4730 Joannis
2491 4689 2607 4728 cum
2636 4672 2822 4728 ludam
2861 4671 3080 4743 quodam
3118 4671 3326 4739 quanio
3368 4670 3430 4723 de
3473 4669 3870 4739 puriﬁcatione"

2236 4765 2416 4838 (Joan.
2447 4767 2500 4821 5.
2531 4765 2645 4836 25).
2676 4763 2748 4820 Ut
2774 4774 2952 4818 autem
2995 4763 3247 4816 miracula
3287 4759 3450 4816 edere
3485 4759 3672 4829 cmpit,
3702 4773 3845 4832 quot

2237 4859 2519 4914 calumniis
2545 4858 2809 4928 appetitus
2837 4855 2953 4911 est?
2979 4855 3082 4909 Alii
3112 4855 3254 4909 enim
3282 4853 3678 4908 Samaritanum
3705 4866 3837 4906 eum

2241 4961 2296 5007 et
2323 4949 2708 5006 darmoniacum
2739 4948 3096 5019 appellabant,
3128 4946 3211 5002 bis
3239 4946 3436 5012 verbis,
3469 4945 3839 5000 Samaritanus

2242 5061 2297 5099 es
2323 5053 2398 5111 tu,
2425 5053 2470 5097 et
2499 5042 2804 5096 (immanium
2831 5040 2980 5095 habes
3008 5039 3184 5110 (Joan.
3215 5040 3267 5095 8.
3301 5035 3424 5111 48);
3452 5038 3539 5092 alii
3573 5038 3850 5105 imposta-

2245 5149 2381 5196 rem,
2403 5133 2684 5187 dicentes:
2721 5129 2823 5184 llic
2863 5147 2964 5184 non
2993 5145 3056 5184 ea:
3096 5127 3226 5196 Deo,
3273 5129 3361 5183 sed
3404 5127 3596 5182 seducit
3639 5127 3850 5181 turbam

2247 5221 2424 5294 (Joan.
2453 5223 2508 5276 7.
2539 5221 2658 5291 12);
2682 5221 2769 5274 alii
2799 5222 3256 5291 priestigiatorem,
3277 5219 3360 5274 his
3380 5217 3559 5274 verbis
3582 5226 3802 5275 utentes
3830 5234 3850 5273 :

2249 5313 2316 5366 In
2372 5312 2645 5366 Beelzebub
2694 5313 2923 5383 principe
2975 5312 3343 5366 da'mom'orttm
3397 5311 3530 5382 ejicit
3587 5311 3856 5364 da'mottia

2251 5403 2467 5474 (Matth.
2500 5403 2552 5459 9.
2589 5405 2712 5472 34);
2746 5419 2808 5458 ac
2834 5405 3062 5458 subinde
3104 5403 3220 5459 hzec
3263 5403 3592 5472 repetebant,
3641 5403 3856 5472 Deique

2253 5495 2462 5552 hostem
2499 5505 2552 5551 et
2585 5495 2884 5552 helluonem
2931 5511 2994 5552 ac
3035 5510 3280 5552 voracem
3320 5503 3375 5550 et
3413 5495 3537 5549 vim
3579 5493 3856 5558 deditum,

2253 5596 2412 5656 atque
2456 5587 2818 5654 improborum
2845 5603 2909 5642 ac
2940 5587 3266 5660 perditorum
3298 5585 3572 5642 hominum
3609 5586 3858 5642 amicum

2253 5692 2377 5734 eum
2413 5677 2692 5733 vocabant.
2750 5675 2894 5732 Venit
2932 5678 3073 5734 enim
3099 5719 3116 5744 ,
3169 5678 3359 5748 inquit,
3408 5675 3578 5732 Filias
3623 5677 3861 5732 hominis

2255 5770 2570 5827 mandaram
2596 5779 2642 5826 ct
2675 5770 2864 5839 bibens,
2893 5780 2937 5827 et
2979 5771 3141 5827 dicitis
3174 5787 3192 5828 :
3230 5769 3364 5828 Ecce
3407 5771 3556 5827 homo
3595 5783 3760 5827 vara:
3804 5782 3864 5827 et
