4030 6206
1074 186 1085 213 ἱ

270 272 381 329 553

273 398 481 458 potator
508 388 632 453 vini,
666 386 1050 459 publicanorum
1075 398 1122 443 et
1149 396 1467 460 peccatorum
1495 388 1687 443 amicus
1713 362 1868 462 (Luc.

275 488 331 541 7.
357 485 472 558 54).
500 487 639 555 Quin
668 486 830 542 etiam
858 501 982 542 cum
1013 487 1125 558 ipse
1163 502 1285 543 cum
1318 495 1497 542 scorto
1535 485 1868 557 colloquere-

274 590 385 646 tur,
431 577 621 633 falsum
666 577 979 649 prophetam
1016 593 1139 633 eum
1170 577 1546 648 nuncupabant
1586 594 1600 632 :
1649 576 1712 631 Si
1739 575 1870 630 enim

275 671 528 741 propheta
556 678 701 735 esset,
726 669 1056 740 inquiebant,
1084 670 1234 723 sciret
1260 684 1372 740 qua:
1396 677 1442 723 et
1465 668 1631 739 qualis
1660 676 1730 721 est
1761 669 1870 720 ha'c

272 762 462 814 mulier
488 777 600 830 quae
637 760 861 831 loquitur
898 759 967 813 ad
1004 777 1117 813 eum
1155 758 1309 829 (Luc.
1353 760 1407 813 7.
1454 759 1583 829 39);
1639 757 1869 827 denique

272 851 522 922 quotidie
546 851 804 906 adversus
831 866 953 906 eum
974 850 1161 905 dentes
1180 850 1460 906 acuebant.
1486 848 1598 905 Nec
1622 864 1751 905 vero
1776 845 1871 904 Ju-

273 942 379 995 dmi
412 942 704 1009 dumtaxat,
746 941 812 996 ad
846 941 986 996 hunc
1028 941 1245 997 modum
1282 956 1406 997 eum
1441 940 1586 996 bello
1632 940 1866 997 lacesse-

281 1033 451 1087 bant:
482 1048 602 1087 nam
632 1048 700 1089 ne
729 1033 764 1088 ii
788 1033 1024 1104 quidem,
1050 1033 1140 1104 qui
1171 1034 1334 1104 ipsius
1358 1031 1552 1088 fratres
1589 1046 1709 1088 esse
1745 1046 1867 1088 cre-

272 1125 564 1193 debantur,
606 1128 819 1181 sincero
847 1141 973 1197 erga
1016 1142 1141 1182 eum
1183 1127 1364 1180 animo
1402 1133 1574 1193 erant,
1615 1140 1800 1179 verum
1834 1139 1865 1179 a

275 1218 588 1288 propinquis
614 1216 744 1285 ipsis
787 1217 984 1273 bellum
1022 1218 1077 1271 in
1102 1232 1223 1272 eum
1257 1216 1587 1271 movebatur.
1615 1215 1866 1286 Perspice

272 1310 473 1379 quippe
492 1325 557 1365 ex
575 1309 660 1364 his
681 1326 798 1379 quae
821 1310 1145 1380 evangelista
1165 1317 1349 1380 postea
1376 1308 1707 1378 subjiciebat,
1733 1322 1868 1379 quo-

273 1399 439 1454 modo
467 1400 567 1470 ipsi
597 1416 808 1471 quoque
833 1401 1068 1474 corrupti
1104 1409 1259 1456 erant
1284 1419 1299 1456 :
1332 1399 1513 1472 Neque
1538 1401 1671 1456 enim
1706 1400 1867 1472 ipsius

273 1492 461 1563 fratres
487 1492 752 1546 credebant
782 1492 836 1546 in
860 1510 975 1547 eum
1001 1492 1180 1563 (Joan.
1209 1493 1262 1547 7.
1290 1493 1369 1562 5).

343 1584 399 1639 4.
435 1584 601 1638 Porro
627 1584 877 1655 quoniam
925 1584 1122 1639 multos
1150 1583 1382 1639 oﬂ'ensos
1415 1583 1575 1640 fuisse
1599 1592 1759 1654 atque
1776 1599 1867 1640 re-

272 1686 359 1732 cta
379 1677 463 1730 via
491 1675 773 1732 aberrasse
787 1691 1195 1742 commemoras,
1221 1684 1371 1745 quot,
1408 1690 1612 1746 quaeso,
1635 1674 1867 1746 discipu-

276 1767 361 1823 los
401 1767 569 1822 fuisse
616 1777 786 1836 putas,
829 1766 922 1837 qui
967 1767 1142 1823 erucis
1193 1778 1433 1837 tempore
1481 1763 1671 1821 oﬂ‘ensi
1722 1765 1865 1820 sint?

276 1857 425 1914 Unus
448 1857 705 1927 prodidit,
735 1857 822 1913 alii
845 1857 899 1912 in
936 1859 1108 1929 fugam
1136 1873 1196 1913 se
1220 1857 1576 1925 contulerunt,
1608 1857 1743 1912 alius
1771 1854 1865 1913 ab-

268 1948 468 2018 juravit
499 1967 516 2004 :
547 1963 778 2020 cumque
806 1963 995 2004 omnes
1023 1948 1410 2013 secessissent,
1441 1947 1586 2002 solus
1613 1948 1726 2017 ipse
1746 1945 1864 2001 vin-

272 2050 393 2094 etus
437 2039 754 2095 ducebatur.
785 2038 925 2107 Quot
969 2039 1130 2110 igitur
1177 2038 1422 2094 homines
1472 2037 1567 2091 tibi
1598 2035 1863 2104 videntur,

273 2144 398 2185 cum
425 2116 533 2186 nun
567 2131 640 2185 ita
670 2131 875 2201 pridem
903 2145 1024 2186 eum
1052 2145 1140 2184 res
1163 2129 1329 2184 miras
1352 2127 1695 2195 efﬁcientem,
1722 2143 1867 2185 mor-

273 2237 397 2280 tuos
418 2226 760 2292 exeitantem,
790 2223 1031 2292 leprosos
1069 2231 1378 2292 purgantem
1403 2261 1419 2287 ,
1449 2220 1722 2276 dremones
1771 2235 1869 2275 ex-
1887 2272 1908 2282 _

274 2319 590 2390 pellentem,
618 2331 786 2388 panes
808 2314 971 2372 fontis
996 2315 1162 2369 instar
1186 2312 1572 2377 eﬂ'undentem,
1614 2327 1678 2366 ac
1707 2310 1864 2367 deni-

273 2427 381 2481 que
405 2411 508 2464 alia
535 2407 788 2464 miracula
811 2413 1204 2477 perpetrautem
1234 2403 1512 2473 vidissent,
1535 2418 1600 2459 eo
1624 2410 1866 2472 tempore

272 2502 472 2558 oﬂ‘ensi
522 2501 706 2566 fuisse,
747 2514 869 2556 cum
898 2513 1020 2555 eum
1048 2498 1218 2553 solum
1258 2496 1470 2564 abduci,
1522 2510 1589 2551 ac
1627 2496 1864 2551 vinctum

272 2597 447 2651 teneri
472 2594 866 2664 cettSpicerent,
896 2590 1093 2647 vilibus
1120 2599 1175 2646 et
1213 2589 1434 2660 abjeetis
1458 2587 1713 2644 militibus
1740 2602 1865 2643 eum

272 2685 631 2757 cingentibus,
651 2683 990 2753 Judaicisque
1016 2679 1381 2737 sacerdotibus
1407 2695 1439 2734 a
1469 2689 1615 2749 tergo
1638 2693 1867 2750 sequen-

272 2779 423 2833 tibus
466 2792 533 2833 ac
581 2774 1040 2839 tumultuantibus,
1083 2782 1242 2844 atque
1270 2771 1453 2827 hostes
1479 2785 1667 2826 omnes
1692 2770 1865 2826 solum

269 2887 399 2926 eum
421 2868 523 2923 sibi
545 2869 834 2923 haerentem
858 2867 910 2922 in
941 2866 1117 2922 medio
1146 2864 1421 2931 habentes,
1444 2872 1867 2933 praesentemque

267 2976 334 3016 ac
365 2972 541 3015 tutum
573 2958 865 3014 insolenter
888 2972 949 3013 se
979 2956 1290 3012 eﬂ‘erentem
1312 2955 1637 3026 proditorem
1660 2955 1684 3009 ?
1705 2953 1864 3023 Quid,

269 3069 401 3109 cum
447 3051 629 3123 ﬂagris
666 3050 995 3106 cmderetur?
1025 3044 1328 3105 Verisimile
1366 3047 1509 3102 enim
1553 3054 1639 3102 est
1690 3046 1869 3101 inlini—

270 3155 386 3210 tam
413 3144 805 3200 multitudinem
832 3143 1068 3200 aﬂ'uisse.
1097 3144 1225 3198 Erat
1254 3143 1450 3215 quippe
1477 3141 1672 3199 festum
1699 3139 1865 3212 peril-

271 3242 467 3304 lustre,
491 3239 630 3310 quod
661 3252 850 3294 omnes
876 3236 1270 3309 congregabat:
1302 3246 1357 3292 et
1382 3234 1694 3305 metropolis
1721 3242 1859 3298 erat,

270 3349 398 3404 qua:
428 3330 618 3387 nefarii
665 3330 887 3387 sceleris
927 3328 1237 3401 tragoediam
1277 3336 1560 3399 exceperat
1589 3336 1680 3381 :ct
1708 3323 1868 3381 meri-

268 3427 439 3481 diano
485 3434 726 3494 tempore
765 3438 852 3478 res
887 3423 1189 3493 gerebatur.
1222 3419 1363 3486 Quot
1412 3419 1572 3489 igitur
1616 3418 1869 3474 mortales

270 3528 407 3573 tunc
427 3516 642 3572 etfuisse
666 3514 960 3581 existimas,
1000 3515 1089 3584 qui
1116 3526 1236 3569 cum
1262 3526 1384 3567 eum
1413 3510 1664 3576 vinctum,
1693 3507 1869 3580 ﬂagris

268 3610 550 3672 allectum,
577 3623 766 3663 cruore
786 3608 1072 3661 stillantem
1096 3617 1254 3675 atque
1280 3602 1346 3659 ad
1376 3603 1610 3674 praefecti
1636 3600 1867 3658 tribunal

266 3716 494 3757 causam
514 3698 805 3773 dicentem,
849 3714 946 3753 nee
973 3697 1351 3766 discipulorum
1379 3709 1698 3766 quemquam
1728 3709 1868 3764 prce-

266 3803 490 3849 sentcm
518 3801 821 3855 cernerent,
845 3788 1037 3843 animis
1063 3786 1247 3842 olfensi
1276 3786 1420 3840 sint?
1446 3784 1602 3853 Quid.
1631 3798 1752 3839 cum
1780 3798 1870 3838 va-

267 3885 370 3938 riis
404 3881 506 3952 ipsi
532 3881 704 3937 modis
733 3879 1043 3945 illudebant,
1070 3888 1229 3948 atque
1267 3892 1406 3931 nunc
1428 3892 1548 3932 eum
1569 3876 1753 3945 spinea
1773 3890 1869 3930 co-

267 3992 413 4032 rona
463 3974 920 4037 donahaut,nunc
961 3969 1297 4043 chlamydem
1352 3967 1450 4038 ipsi
1500 3966 1866 4036 imponebant,

265 4084 423 4124 nunc
438 4068 701 4121 calamum
730 4066 782 4119 in
814 4079 1027 4118 manum
1049 4062 1266 4124 dabant,
1296 4074 1436 4114 nunc
1459 4058 1870 4128 procumbentes

264 4176 404 4215 eum
433 4158 746 4221 adorabunt,
792 4156 994 4211 nullum
1026 4153 1255 4222 denique
1285 4151 1547 4206 irrisionis
1568 4165 1630 4205 ac
1656 4150 1869 4206 ludibrii

262 4268 447 4325 genus
493 4248 1014 4321 prtrtcrtuittcbant?
1045 4248 1185 4315 Quot
1227 4245 1470 4300 homines
1498 4243 1752 4309 oﬂ'ensos,
1783 4251 1868 4298 at-

263 4363 382 4419 que
407 4345 635 4416 agitatos
675 4351 730 4399 ct
769 4340 1107 4411 perturbatos
1157 4339 1320 4394 fuisse
1346 4336 1642 4404 arbitraris,
1665 4352 1784 4391 cum
1815 4336 1868 4392 in

264 4438 476 4493 malam
516 4451 640 4491 eum
692 4434 972 4499 feriebant,
1014 4442 1173 4502 atque
1223 4430 1305 4486 his
1340 4429 1518 4485 verbis
1562 4427 1865 4495 utebantur,

272 4530 593 4601 Prop/actim
657 4528 818 4591 nobis,
875 4526 1090 4589 Christe,
1152 4525 1265 4595 quis
1306 4534 1378 4580 est
1420 4523 1507 4593 qui
1540 4532 1587 4577 te
1628 4523 1870 4595 percussit

270 4624 293 4693 (
321 4621 518 4676 Matth.
548 4619 639 4674 26.
668 4619 804 4691 68)?
833 4629 994 4689 atque
1020 4617 1192 4688 ipsum
1221 4616 1325 4671 huc
1352 4625 1406 4670 et
1428 4615 1551 4671 illuc
1576 4613 1866 4679 ducebant,

267 4726 451 4772 totum
476 4715 620 4771 diem
643 4715 695 4770 in
720 4714 926 4769 ca\i||is
945 4723 999 4768 et
1025 4711 1302 4778 conviciis,
1332 4712 1383 4765 in
1417 4709 1648 4766 ludibrio
1680 4719 1736 4766 et
1757 4710 1870 4766 risu

263 4819 700 4871 consumentes,
748 4808 906 4879 idque
949 4806 1002 4861 in
1043 4804 1221 4862 medio
1271 4804 1579 4860 Judteorum
1624 4802 1870 4867 theatro?

260 4904 443 4975 Ouid,
464 4920 589 4961 cum
619 4901 891 4959 Pontificis
919 4914 1106 4957 servus
1133 4899 1339 4965 alapam
1372 4896 1474 4967 ipsi
1517 4894 1870 4967 impingeret?

261 4996 433 5068 quid,
457 5011 581 5051 eum
608 4995 808 5049 milites
846 4992 1014 5063 ipsius
1032 4990 1349 5045 vestimenta
1373 4990 1510 5043 inter
1526 5002 1586 5043 se
1607 4987 1871 5058 partiren-

260 5089 413 5146 ιιιῐῖ
445 5087 595 5159 quid,
636 5101 758 5142 cum
794 5084 967 5141 nudus
1007 5098 1071 5138 ac
1093 5082 1375 5137 verberum
1428 5089 1582 5135 notas
1622 5080 1677 5134 in
1721 5086 1872 5149 tergo

260 5186 489 5240 inustas
512 5196 721 5253 gerens,
749 5178 815 5234 ad
845 5193 1061 5234 crucem
1085 5176 1462 5239 abduceretur,
1492 5174 1719 5244 atquein
1744 5187 1871 5228 cru-

257 5289 400 5331 cem
433 5272 750 5329 tolleretur?
795 5269 925 5326 Nam
972 5284 1049 5339 ne.
1071 5276 1181 5323 tum
1226 5266 1443 5338 quidem
1474 5266 1735 5322 immanes
1767 5265 1871 5319 illa:

259 5368 409 5423 ferte
436 5364 833 5431 molliebantur,
863 5377 1047 5418 verum
1070 5359 1259 5429 majori
1286 5358 1446 5416 etiam
1473 5358 1653 5415 furore
1684 5357 1873 5429 ρι’ωοί-

261 5460 425 5532 pites
448 5456 777 5523 ferebantur,
807 5453 1169 5526 tragtediaque
1195 5450 1617 5523 ingravescebat,
1640 5466 1705 5506 ac
1728 5450 1870 5506 ludi-

255 5552 402 5611 bria
446 5550 778 5608 crescebant.
827 5549 931 5605 Alii
979 5549 1123 5604 enim
1165 5546 1457 5603 dicebant:
1500 5544 1873 5616 Vahlquide-

255 5643 442 5701 aruis
463 5644 708 5714 templum
725 5641 836 5709 Dei,
864 5651 911 5697 et
928 5640 983 5695 in
1012 5639 1180 5695 triduo
1200 5639 1480 5708 raediﬁcas
1506 5637 1637 5693 illud
1657 5635 1870 5709 (Matth.

254 5736 383 5795 Ἦ.
401 5735 521 5807 ω).
546 5735 648 5791 Alii
675 5734 803 5789 item
834 5732 1011 5789 :Alios
1030 5732 1197 5788 salvos
1224 5733 1381 5804 fecit:
1406 5734 1623 5807 seipsum
1654 5747 1755 5787 non
1781 5744 1873 5803 po-

554 5844 559 5851 ’
599 5847 867 5911 Parant.
908 5846 1025 5908 Gn.
1075 5841 1202 5906 ιιι.

1739 268 2114 334 EPISTOLE.

3458 278 3564 335 555

1978 397 2068 441 test
2083 388 2279 443 salvum
2294 391 2462 462 facere
2478 383 2689 464 (Matth.
2704 390 2788 449 27.
2809 392 2922 465 42).
2940 394 3040 450 Alii
3060 409 3273 452 rursum
3319 396 3383 454 Si
3401 399 3568 454 Filius

1979 478 2073 533 Dei
2103 496 2174 546 es,
2193 482 2437 536 descende
2452 482 2517 539 de
2533 501 2698 551 cruce,
2726 496 2772 540 et
2791 487 3049 542 credemus
3084 490 3172 544 tibi
3195 488 3359 562 (Ibid.
3380 508 3422 547 υ.
3456 494 3569 562 40).

1975 568 2136 638 Quid.
2159 586 2280 627 cum
2301 575 2597 645 Spongiam,
2622 575 2691 632 fel
2713 584 2768 632 et
2782 585 2987 633 acetum
3006 580 3237 650 potionis
3254 594 3414 637 causa
3434 580 3565 637 oﬂ‘e-

1976 670 2178 730 rentes,
2203 678 2298 733 per
2324 680 2586 720 summam
2625 668 3005 724 contumeliam
3055 670 3155 740 ipsi
3198 670 3566 728 insultabant?

1972 753 2122 823 quid,
2165 769 2287 809 cum
2344 755 2580 812 latrones
2629 759 2926 815 maledictis
2956 776 3078 816 eum
3114 763 3565 833 proscindebant?

1973 842 2101 913 quid
2149 842 2477 900 horrendum
2521 843 2651 903 illud
2691 850 3028 921 maximeque
3055 850 3317 909 nefarium
3362 854 3559 922 scelus,

1971 935 2115 1006 quod
2155 936 2315 992 etiam
2345 953 2376 992 a
2424 950 2511 995 me
2553 940 2666 1010 jam
2717 954 3194 999 commemoratum
3233 954 3332 1014 est,
3371 961 3561 1018 nempe

1971 1043 2091 1083 cum
2124 1029 2385 1087 latronem
2431 1033 2578 1089 illum
2609 1047 2674 1089 ac
2704 1034 2967 1105 parietum
2996 1037 3357 1108 eﬂractorem,
3404 1041 3560 1097 innu-

1970 1121 2238 1193 merisque
2252 1123 2486 1181 caedibus
2500 1138 2832 1197 coopertum,
2851 1124 3169 1200 digniorem,
3189 1147 3344 1201 quam
3365 1133 3571 1202 ipsum,

1966 1225 2091 1269 esse
2117 1214 2382 1284 dicebant,
2424 1233 2584 1289 quem
2630 1219 2887 1289 petitione
2923 1235 3024 1277 sua
3062 1222 3323 1293 supplicio
3360 1226 3559 1281 exime-

1970 1311 2091 1359 rent
2134 1323 2149 1360 :
2187 1302 2418 1378 dataque
2463 1324 2493 1362 a
2524 1308 2706 1379 judice
2742 1313 2961 1382 optione
2988 1315 3284 1370 Barabbam
3315 1318 3562 1386 praetule-

1969 1403 2094 1449 runt
2124 1414 2137 1450 :
2161 1397 2411 1453 nimirum
2434 1415 2538 1455 non
2552 1399 2822 1458 Christum
2852 1403 3130 1461 dumtaxat
3145 1422 3302 1463 cruce
3319 1408 3558 1475 afﬁcere,

1968 1484 2063 1540 sed
2093 1487 2252 1542 etiam
2294 1488 2592 1560 improbam
2630 1492 2824 1549 famam
2866 1495 2967 1565 ipsi
2998 1496 3214 1553 inurere
3242 1501 3562 1570 cupientes?

1969 1575 2104 1634 Hine
2127 1579 2269 1635 enim
2300 1596 2359 1637 se
2387 1583 2517 1638 illud
2544 1586 2770 1655 probare
2808 1596 2968 1659 posse
3024 1590 3369 1660 statuebant,
3403 1594 3547 1664 quod

1968 1668 2176 1726 latrone
2228 1688 2440 1744 quoque
2468 1677 2781 1734 sceleratior
2824 1691 2987 1749 esset,
3040 1683 3305 1756 tantisque
3347 1686 3563 1757 ﬂagitiis

1967 1757 2267 1827 devinctus,
2299 1774 2360 1819 ut
2397 1780 2497 1822 nec
2521 1766 2906 1837 misericordia,
2938 1787 3039 1828 nec
3080 1773 3201 1828 festi
3227 1775 3451 1847 dignitas
3479 1794 3567 1834 sa-

1968 1855 2133 1911 lutem
2177 1856 2277 1927 ipsi
2317 1854 2508 1916 aﬂ‘erre
2536 1870 2734 1931 posset.
2764 1862 2878 1919 Huc
2904 1865 3045 1919 enim
3078 1866 3318 1921 actiones
3370 1884 3559 1926 omnes

1968 1958 2096 2001 suas
2140 1946 2464 2017 referebant,
2499 1960 2557 2004 ut
2586 1951 2749 2021 ipsius
2774 1946 3220 2012 existimationem
3258 1957 3515 2016 laederent
3545 1978 3560 2014 :
3657 1952 3667 1962 ’

1967 2049 2136 2106 eaque
2166 2036 2234 2093 de
2277 2053 2437 2094 causa
2483 2039 2619 2097 duos
2658 2043 2820 2098 etiam
2850 2044 3085 2101 latrones
3126 2061 3230 2101 una
3271 2063 3393 2104 cum
3446 2050 3565 2120 ipso

1967 2127 2115 2182 cruci
2141 2126 2445 2184 afﬂxerunt.
2494 2132 2566 2187 At
2599 2133 2799 2188 veritas
2846 2149 2953 2189 non
2996 2135 3401 2203 obscurabatur,
3457 2141 3564 2196 imo

1968 2219 2296 2289 Splendidius
2319 2220 2579 2279 elucebat.
2607 2224 2688 2280 Ad
2714 2225 2830 2282 haec
2848 2227 3008 2283 etiam
3037 2228 3296 2286 aﬂ‘ectata:
3321 2234 3564 2303 tyranni-

1969 2311 2053 2367 dis
2076 2328 2197 2370 eum
2226 2315 2622 2384 insimulabant,
2653 2314 2738 2373 his
2766 2320 2971 2379 verbis:
2994 2321 3308 2393 Quicumque
3328 2339 3382 2380 se
3397 2342 3565 2396 regem

1967 2405 2112 2475 facit,
2129 2422 2227 2460 non
2249 2417 2321 2461 est
2335 2408 2526 2463 amicus
2546 2407 2763 2465 Ctesaris
2778 2412 2793 2443 ί
2815 2410 3101 2482 (Joan.19,
3121 2413 3210 2487 12)
3235 2434 3247 2468 :
3266 2418 3566 2488 tyrannidis

1969 2494 2215 2552 videlicet
2239 2514 2359 2553 cum
2377 2510 2730 2565 arcessentes,
2763 2503 2851 2572 qui
2871 2502 2959 2558 ubi
2974 2504 3430 2575 caputreclinaret
3452 2523 3560 2564 non

1968 2584 2215 2642 habebat.
2232 2587 2366 2657 Quin
2381 2589 2763 2661 blasphemiam
2780 2594 3100 2666 quoqueipsi
3115 2610 3212 2666 per
3230 2595 3553 2654 calumniam

1967 2675 2306 2747 objiciebant.
2373 2679 2617 2735 Pontifex
2669 2681 2813 2736 enim
2866 2683 3025 2738 scidit
3074 2685 3388 2741 vestimenta
3442 2703 3558 2752 sua,

1970 2766 2159 2824 dicens
2215 2788 2228 2824 :
2278 2766 2700 2841 Blasphemavit;
2733 2774 2856 2845 quid
2892 2775 3060 2830 adhuc
3109 2792 3312 2848 egemus
3355 2780 3561 2835 testibus

1970 2856 2182 2929 (Matth.
2226 2860 2314 2915 26.
2340 2860 2429 2932 65)
2453 2858 2477 2915 ?
2503 2860 2639 2929 Quid
2678 2878 2825 2919 mors
2853 2865 3056 2935 ipsius?
3083 2866 3273 2925 Nonne
3295 2869 3525 2927 violenta
3542 2872 3567 2924 ἲ

1969 2965 2148 3006 nonne
2161 2953 2400 3023 capitalis
2416 2969 2568 3010 noxa:
2588 2957 2990 3013 convictorum?
3012 2974 3189 3016 nonne
3209 2964 3556 3019 exsecranda:

1970 3038 2325 3111 improbitatis
2346 3042 2663 3100 hominum?
2690 3062 2869 3104 nonne
2898 3051 3242 3121 turpissima?
3270 3068 3449 3110 nonne
3473 3069 3569 3111 eo-

1969 3148 2111 3201 rum,
2143 3135 2230 3205 qui
2258 3136 2588 3207 gravissimis
2631 3136 2844 3212 ﬂagitiis
2890 3157 3009 3198 sese
3037 3145 3472 3215 obstrinxissent,
3504 3166 3569 3205 ac

1970 3241 2039 3282 ne
2066 3226 2212 3300 digni
2240 3224 2454 3300 quidem
2484 3242 2685 3299 essent,
2728 3232 2820 3305 qui
2846 3235 2899 3289 in
2933 3245 3073 3292 terra
3098 3247 3396 3295 extremum
3445 3242 3570 3298 vita:

1970 3320 2216 3391 spiritum
2242 3324 2589 3381 emitterent?
2616 3327 2805 3383 Annon
2837 3329 3123 3399 sepulturae
3152 3346 3321 3401 genus
3362 3333 3569 3389 beneti-

1971 3414 2039 3471 cii
2094 3417 2386 3489 gratiaeque
2433 3418 2551 3475 loco
2591 3420 2690 3492 ipsi
2741 3423 3055 3493 prmstatur?
3104 3424 3384 3483 Accedens
3426 3429 3569 3483 enim

1971 3506 2233 3578 quispiam
2258 3525 2456 3582 corpus
2500 3513 2671 3582 petiit.
2715 3513 2868 3569 Adeo
2890 3530 2959 3571 ne
2983 3531 3046 3570 ex
3083 3518 3394 3589 propinquis
3442 3520 3563 3589 qui-

1972 3600 2115 3667 dem,
2146 3616 2245 3657 ncc
2271 3619 2336 3657 ex
2360 3603 2444 3673 iis,
2477 3602 2611 3674 quos
2638 3606 2911 3663 benelieiis
2939 3607 3210 3675 aﬂ‘ecerat,
3256 3624 3356 3664 nec
3391 3624 3455 3665 ex
3481 3611 3567 3665 di-

1970 3692 2207 3762 scipulis,
2235 3709 2333 3750 nec
2358 3710 2423 3751 ex
2451 3695 2516 3751 iis
2544 3697 2633 3767 qui
2664 3705 2863 3752 tantam
2896 3699 2964 3757 ab
2990 3714 3055 3754 eo
3079 3699 3324 3754 ﬁduciam
3380 3714 3444 3755 ac
3474 3715 3565 3756 sa-
3628 3692 3637 3703 κ

1973 3783 2137 3840 lutem
2164 3786 2524 3855 obtinuerant,
2555 3789 2832 3860 quisquam
2851 3800 2983 3856 crat,
3016 3790 3105 3861 qui
3133 3807 3256 3845 eum
3275 3795 3566 3863 sepultura:

1972 3876 2252 3933 mandaret
2283 3879 2463 3949 :qnod
2499 3880 2749 3959 videlicet
2774 3895 2961 3935 omnes
2986 3883 3347 3952 evanuissent,
3380 3900 3571 3944 omnes

1973 3968 2347 4040 profugissent.
2373 3970 2492 4025 Jam
2522 3970 2738 4025 sinistra
2781 3987 2842 4026 ea
2873 3982 2928 4027 et
2957 3972 3194 4042 improba
3219 3974 3377 4043 fama,
3409 3992 3568 4048 quam

1973 4074 2071 4129 per
2113 4060 2560 4116 resurrectionem
2613 4070 2940 4129 struxerant,
2996 4064 3256 4132 dicentes,
3316 4065 3570 4125 Venerunt

1964 4142 2210 4220 discipuli
2230 4152 2360 4221 ejus,
2388 4162 2434 4207 et
2454 4152 2610 4223 furati
2623 4162 2736 4207 sunt
2757 4170 2869 4207 eum
2896 4153 3105 4224 (Matth.
3127 4154 3216 4211 ‘28.
3249 4157 3385 4230 15),
3409 4176 3568 4231 quam

1973 4240 2156 4296 multis
2184 4240 2464 4297 oll'ensioni
2490 4242 2632 4299 fuit?
2669 4260 2829 4314 quam
2858 4246 3056 4301 multos
3101 4245 3156 4300 in
3201 4247 3437 4304 fraudem
3466 4250 3570 4305 itn-

1973 4332 2146 4401 pulit?
2186 4332 2458 4404 Siquidem
2502 4334 2592 4390 hic
2645 4349 2846 4401 sermo,
2892 4352 3210 4407 quamquam
3265 4338 3452 4404 falsus,
3507 4357 3571 4396 ac

1972 4423 2146 4493 pretio
2171 4432 2400 4494 emptus,
2430 4435 2540 4480 tum
2572 4426 2757 4481 valuit.
2791 4426 2986 4492 Valuit,
3007 4428 3242 4497 inquam,
3270 4431 3410 4500 apud
3432 4448 3572 4486 non-

1973 4515 2147 4571 nullos
2172 4558 2188 4583 ,
2217 4525 2338 4586 post
2365 4518 2555 4587 sigilla,
2585 4528 2706 4589 post
2721 4528 2919 4573 tantam
2950 4507 3195 4577 veritatis.
3214 4523 3567 4592 perspicuita-

1974 4616 2103 4664 tem.
2131 4606 2315 4679 Neque
2338 4610 2479 4664 enim
2519 4610 2886 4681 promiscuum
2916 4612 3105 4683 vulgus
3159 4614 3567 4673 resurrectionis

1974 4698 2269 4755 doctrinam
2301 4711 2473 4757 norat.
2502 4700 2614 4758 Nec
2642 4703 2836 4757 mirum
2884 4701 2959 4773 (a)
2982 4745 2998 4769 ,
3032 4718 3153 4758 cum
3200 4719 3270 4759 ne
3300 4705 3397 4776 ipsi
3444 4706 3566 4777 qui-

1973 4789 2097 4846 dem
2119 4791 2364 4863 discipuli
2387 4807 2508 4848 eam
2534 4802 2757 4849 nossent
2789 4812 2803 4849 :
2835 4791 3014 4863 Neque
3040 4794 3202 4863 enim,
3234 4795 3403 4868 inquit
3431 4796 3521 4855 ille
3544 4840 3561 4866 ,

1973 4884 2213 4955 discipuli
2236 4886 2345 4955 ejus
2384 4884 2644 4952 sciebant,
2678 4885 2815 4956 quod
2857 4895 3105 4957 aporteret
3130 4903 3244 4942 eum
3284 4905 3317 4944 a
3354 4892 3568 4949 mortuis

1989 4979 2262 5037 resurgere
2306 4965 2505 5039 (:Joan.
2537 4984 2630 5037 xx,
2665 4968 2750 5040 9).
2804 4969 2978 5036 Quam
3024 4972 3224 5028 multos
3254 4973 3420 5044 igitur
3453 4974 3562 5028 illis

1987 5054 2180 5112 diebus
2210 5056 2382 5115 fuisse
2416 5069 2575 5129 putas
2603 5060 2696 5131 qui
2722 5060 2912 5120 oﬂ'ensi
2937 5064 3084 5120 sint?
3107 5064 3171 5118 Et
3203 5074 3382 5121 tamen
3418 5065 3559 5124 Deus

1986 5162 2088 5218 pro
2129 5166 2224 5205 sua
2256 5151 2479 5207 lenitate
2521 5152 2573 5206 id
2626 5154 2851 5223 ferebat,
2898 5173 3098 5213 arcana
3148 5175 3247 5213 sua
3290 5160 3558 5229 sapientia

1984 5241 2168 5298 omnia
2196 5244 2610 5302 administrans.

2046 5341 2100 5398 5.
2158 5338 2355 5395 Deinde
2407 5346 2528 5409 post
2569 5352 2663 5392 eos
2707 5336 2821 5391 dies
2880 5334 3121 5406 discipuli
3178 5350 3386 5389 rursum
3440 5334 3564 5389 lati-

1977 5443 2151 5490 tantes
2174 5475 2190 5500 ,
2245 5431 2436 5502 fugati,
2493 5439 2633 5485 metu
2684 5426 2947 5501 perterriti
2977 5466 2994 5493 ,
3053 5435 3381 5493 trementes,
3410 5439 3473 5481 ac
3499 5427 3570 5482 de

2043 5551 2060 5613 ξ
2095 5552 2340 5613 ουρὶιεε.,
2367 5539 2881 5613 ’ωηιιζαάξεὶιίεαξεαγί
3204 5602 3215 5612 _
3254 5600 3287 5613 _.
3344 5611 3363 5613 ᾼ

2041 5610 2113 5673 (a)
2147 5608 2228 5658 Hic
2240 5602 2461 5671 quaedam
2483 5605 2711 5664 deerant,
2733 5618 2873 5673 (praet
2890 5602 3569 5673 ex_n_tanu!eriptistrestitu_ts

1979 5660 2112 5723 sunt:
2134 5679 2247 5733 quae
2258 5660 2563 5733 sequuntur,
2597 5660 2741 5733 quam
2754 5660 2931 5717 multos
2951 5663 3101 5726 igitur
3119 5660 3426 5719 illis'diebus,
3452 5664 3576 5717 ete.,

1986 5747 2052 5785 ex
2071 5732 2244 5785 iisdem
2278 5729 2617 5797 tna'nuscriptis
2636 5729 2893 5793 desumpta
2913 5735 3046 5776 sunt.

3126 5820 3192 5880 11
