4030 6206
457 367 559 422 555

455 479 575 536 loco
596 477 648 531 in
691 475 864 530 locum
895 471 1120 530 subinde
1147 471 1457 542 migrantes,
1511 486 1632 527 sese
1659 472 1994 527 occultabant
2023 489 2036 525 :

454 576 612 636 atque
645 573 764 637 post
786 564 1161 636 quinquaginta
1193 563 1308 619 dies
1337 576 1456 616 cum
1486 576 1606 618 sese
1636 563 2044 633 conspiciendus

453 657 693 727 praebere
719 673 780 712 ac
807 655 1060 712 miracula
1087 655 1248 710 edere
1276 654 1587 724 coepissent,
1620 669 1690 710 ne
1716 655 1794 709 sic
1821 653 2038 724 quidem

452 758 630 802 tamen
660 747 762 803 hoc
787 745 1101 817 consequuti
1123 755 1266 812 sunt,
1295 745 1502 801 utnihii
1532 746 1661 816 ipsis
1691 745 2035 801 metuendum

449 852 613 898 esset.
648 841 859 896 Etenim
899 849 1019 911 post
1057 840 1206 912 signa
1236 841 1324 894 illa
1352 839 1514 906 edita,
1566 839 1770 894 infinita
1818 836 2042 893 offendi-

447 934 567 988 cula
599 932 738 987 inter
764 931 1143 987 imbecilliores
1171 930 1318 986 fuere
1343 947 1356 985 :
1386 929 1525 1000 quod
1559 929 1656 1000 ipsi
1683 929 1844 1000 virgis
1865 927 2039 983 caede-

448 1032 656 1090 rentur,
701 1023 940 1078 Ecclesia
987 1024 1310 1088 turbaretur,
1377 1021 1506 1092 ipsis
1558 1020 1810 1091 expulsis,
1862 1019 2042 1074 hostes

448 1117 631 1171 multis
656 1117 707 1170 in
729 1117 860 1172 locis
887 1115 1190 1186 superiores
1218 1123 1420 1182 essent,
1450 1128 1513 1169 ac
1539 1113 1794 1168 tumultus
1814 1113 2036 1168 ciercnt.

448 1211 582 1265 Nam
608 1226 727 1266 cum
752 1211 1018 1280 ingentem
1069 1209 1138 1265 ob
1164 1207 1416 1264 miracula
1462 1205 1709 1262 ﬁduciam
1762 1205 2042 1275 loquendi.

446 1316 551 1372 que
579 1300 879 1355 libertatem
911 1298 1087 1369 adepti
1116 1298 1370 1364 fuissent,
1395 1307 1518 1352 tunc
1543 1309 1754 1351 rursum
1781 1294 2040 1365 Stephani

445 1407 594 1448 mors
617 1405 835 1462 gravem
877 1389 1346 1460 persequutionem
1389 1387 1696 1453 accersivit,
1745 1399 2041 1455 omnesque

446 1482 720 1552 dispersit,
758 1489 917 1550 atque
962 1478 1256 1534 Ecciesiam
1289 1477 1341 1532 in
1373 1476 1656 1533 tumultum
1682 1483 1735 1531 ct
1762 1475 2037 1546 perturba-

449 1576 647 1630 tionem
674 1572 934 1643 conjecit:
962 1587 1280 1642 rursumque
1296 1570 1542 1640 discipuli
1565 1571 1616 1624 in
1641 1578 1804 1634 metu,
1825 1583 2038 1622 rursum

445 1667 498 1721 in
553 1665 693 1736 fuga,
739 1681 951 1722 rursum
1007 1666 1062 1721 in
1113 1677 1319 1720 summa
1366 1661 1714 1718 sollicitudine
1742 1670 1898 1732 atque
1940 1673 2042 1714 an-t

447 1773 579 1828 gore
612 1758 815 1812 versari
859 1765 1155 1827 cmperunt.
1210 1757 1278 1810 At
1307 1754 1382 1810 sic
1410 1769 1620 1825 quoque
1651 1762 1823 1806 tamen
1853 1750 2038 1806 Eccle-

448 1849 542 1902 sia:
568 1863 654 1903 res
683 1862 897 1918 semper
917 1846 1265 1917 augebantur,
1295 1861 1418 1900 cum
1448 1861 1541 1914 per
1560 1845 1708 1914 signa
1740 1843 2028 1906 florebant,

447 1955 566 1995 cmn
609 1939 732 1994 latta
785 1939 1047 2010 principia
1102 1937 1391 1993 habebant.
1426 1935 1494 1990 Et
1522 1949 1659 1992 unus
1703 1934 1916 2006 quidem
1941 1948 2040 2005 per

448 2031 736 2087 fenestram
784 2029 1163 2086 demittebatur
1205 2071 1220 2094 ,
1259 2029 1443 2099 sicque
1471 2043 1501 2083 c
1527 2024 1764 2098 prmlccti
1793 2025 2037 2080 manibus

445 2124 657 2194 elapsus
686 2131 767 2178 est
809 2141 824 2178 :
885 2122 1019 2177 alios
1063 2131 1241 2176 autem
1294 2119 1516 2191 angelus
1563 2118 1765 2184 eduxit,
1797 2120 1978 2188 sicque
2006 2129 2036 2171 a

445 2217 669 2271 vinculis
698 2216 980 2281 liberavit;
1011 2213 1147 2269 alios
1192 2229 1404 2268 rursum
1432 2212 1500 2266 ab
1528 2211 1614 2276 iis,
1637 2210 1726 2280 qui
1748 2209 1940 2279 opibus
1971 2221 2034 2263 ac

444 2307 678 2378 potentia
705 2306 986 2371 florebant,
1015 2314 1235 2360 vexatos
1263 2312 1316 2359 et
1345 2303 1660 2372 exagitatos,
1692 2299 2037 2356 circumfora-

446 2399 532 2453 nei
557 2399 799 2452 homines
811 2406 968 2466 atque
981 2395 1199 2465 opifices
1226 2393 1368 2447 omni
1387 2390 1548 2447 officii
1577 2405 1772 2462 genere
1800 2390 2038 2460 comple-

442 2491 738 2553 ctebantur,
771 2488 1100 2558 purpurariae
1146 2500 1337 2555 nempe
1375 2483 1648 2547 mulieres,
1678 2497 1741 2537 ac
1781 2482 2036 2536 tentorio-

441 2595 559 2635 rum
591 2575 842 2644 artifices,
874 2587 929 2635 et
968 2577 1202 2644 coriarii,
1233 2577 1285 2631 in
1316 2575 1570 2632 extremis
1597 2575 1806 2629 urbium
1853 2587 2033 2628 reces-

441 2673 591 2728 sibus
633 2681 793 2742 atque
849 2671 914 2725 ad
947 2669 1094 2725 littus
1132 2679 1187 2725 et
1235 2683 1383 2724 mare
1422 2668 1740 2723 habitantes.
1789 2667 2033 2736 Persmpe

440 2766 600 2819 ctiam
633 2780 700 2820 nc
721 2765 772 2817 in
803 2762 997 2817 mediis
1019 2761 1235 2833 quidem
1260 2761 1480 2817 urbibus
1525 2775 1840 2830 comparere
1865 2759 2032 2814 aude-

439 2854 710 2920 bant;aut
751 2856 797 2908 si
825 2852 1110 2919 audebant,
1167 2851 1405 2922 hospites
1455 2858 1600 2906 certe
1642 2865 1736 2906 eos
1786 2850 2032 2921 excipere

442 2945 853 3016 haudquaquam
907 2944 1193 3000 audebant.
1235 2944 1410 3014 Atque
1435 2942 1664 2998 adhunc
1692 2941 1907 2997 modum
1936 2957 2034 3013 per

373 3039 377 3046 “
441 3037 782 3105 teutationes,
810 3045 865 3091 et
891 3037 1191 3090 animorum
1219 3035 1616 3093 recreationes‘
1644 3035 1853 3106 negotia
1883 3043 2032 3090 texe-

439 3133 671 3188 bantur:
703 3139 757 3187 et
781 3131 870 3201 qui
900 3147 1004 3186 non
1033 3131 1200 3185 multo
1224 3138 1350 3184 ante
1370 3130 1559 3185 offensi
1589 3130 1820 3195 fuerant,
1845 3138 2030 3202 postea

440 3224 764 3279 sanabantur
789 3240 804 3277 :
833 3230 885 3277 et
909 3221 997 3294 qui
1025 3221 1423 3286 aberraverant,
1445 3219 1498 3275 in
1528 3221 1670 3275 viam
1698 3221 2029 3277 reduceban-

441 3325 529 3369 tur
559 3333 571 3368 :
605 3325 659 3370 et
683 3331 802 3386 qua:
830 3321 1098 3385 prostrata
1141 3327 1205 3368 ac
1234 3312 1350 3368 solo
1378 3323 1584 3384 aequata
1637 3312 1863 3380 fuerant,
1895 3330 2033 3384 prat-

439 3407 636 3461 clarius
665 3414 720 3461 et
748 3405 1175 3476 magniﬁcentius
1220 3403 1674 3459 instanrabantur.
1703 3403 1784 3458 Ob
1809 3419 2032 3475 eamque

439 3512 654 3551 causam
682 3511 803 3552 cum
852 3497 1048 3552 Paulus
1100 3494 1349 3566 precibus
1403 3493 1784 3558 contendisset,
1833 3504 1890 3549 ut
1937 3508 2034 3565 per

438 3588 672 3658 quietem
723 3587 891 3643 solam
944 3594 998 3642 et
1042 3586 1481 3657 tranquillitatem
1534 3587 1867 3657 evangelium
1910 3601 2033 3656 pro-

439 3681 770 3751 grederetur,
824 3678 1244 3751 sapientissimus
1275 3693 1338 3734 ac
1385 3678 1767 3734 solertissimus
1795 3677 1934 3733 Deus
1953 3677 2033 3732 di-

439 3773 642 3844 scipulo
668 3788 871 3828 morem
892 3771 1113 3827 minime
1141 3769 1330 3842 gessit,
1383 3784 1508 3835 nec,
1541 3785 1664 3824 cum
1710 3783 1853 3839 saepe
1878 3783 2032 3838 roga-

439 3873 606 3932 retur,
637 3864 886 3935 prccibus
929 3861 1097 3933 ipsius
1120 3860 1321 3929 cessit,
1352 3875 1536 3916 verum
1567 3859 1650 3915 his
1698 3858 1875 3914 verbis
1905 3872 2029 3917 usus

441 3967 525 4013 est
553 3975 567 4010 :
598 3956 796 4027 Sufﬁcit
824 3956 912 4009 tibi
935 3955 1101 4025 gratia
1125 3969 1238 4008 mea
1268 3967 1288 4008 :
1315 3952 1473 4007 virtus
1499 3951 1631 4008 enim
1657 3966 1767 4004 mea
1789 3950 1842 4004 in
1879 3949 2030 4020 inﬁr-

440 4051 611 4102 mitate
654 4047 916 4117 per/icitur
945 4045 1019 4111 (2.
1050 4045 1169 4101 Cor.
1202 4043 1290 4101 12.
1319 4042 1411 4116 9).
1444 4042 1502 4099 Si
1536 4042 1695 4113 igitur
1738 4056 1880 4098 nunc
1907 4055 2031 4096 cum

442 4138 700 4194 molestiis
729 4137 881 4192 laetos
906 4150 1116 4206 quoque
1137 4150 1417 4192 successus
1441 4135 1740 4192 subducere
1773 4134 2028 4200 volueris,

444 4233 488 4286 si
521 4245 625 4284 non
656 4227 818 4282 multa
846 4227 996 4297 signa
1039 4232 1097 4280 et
1117 4225 1392 4293 miracula,
1433 4233 1490 4281 at
1515 4225 1712 4282 multas
1739 4232 1918 4280 tamen
1944 4239 2033 4280 res

443 4321 712 4380 miraculis
739 4336 844 4377 non
875 4319 1162 4376 dissimiles
1208 4319 1530 4390 conspicies,
1558 4335 1678 4390 qua:
1706 4319 1921 4390 quidem
1952 4319 2033 4374 in-

440 4415 614 4488 gentis
641 4413 736 4470 Dei
763 4411 1107 4484 providentiae
1151 4418 1310 4482 atque
1351 4409 1532 4464 auxilii
1561 4409 1840 4480 perspicua
1870 4423 2030 4481 argu-

442 4515 622 4566 menta
645 4506 773 4561 sint.
805 4504 1000 4560 Verum
1023 4518 1090 4558 ne
1115 4502 1295 4558 omnia
1319 4501 1466 4556 nullo
1513 4515 1633 4556 cum
1666 4498 1849 4556 labore
1876 4515 1905 4554 a
1936 4516 2032 4556 no-

439 4602 523 4656 bis
552 4597 760 4665 audias,
788 4595 926 4651 hanc
957 4595 1050 4651 tibi
1077 4603 1281 4666 partem
1311 4593 1579 4664 relinquo,
1615 4600 1674 4649 ut
1696 4601 1943 4648 accurate
1968 4607 2031 4649 ac

440 4692 724 4763 diligenter
748 4697 941 4746 cuncta
969 4686 1207 4758 colligas,
1249 4693 1409 4757 atque
1433 4700 1554 4741 cum
1588 4684 1751 4741 rebus
1793 4684 2030 4741 molestis

443 4793 496 4839 et
525 4784 731 4840 acerbis
758 4781 1022 4849 conferas,
1051 4779 1233 4850 sicque
1258 4778 1514 4850 praeclara
1530 4777 1883 4849 occupatione
1909 4778 2030 4833 ani-

443 4889 590 4928 mum
619 4871 1138 4944 distinens,teipsam
1157 4885 1185 4924 a
1209 4868 1458 4924 maestitia
1486 4876 1761 4940 etangOre
1787 4880 1983 4924 avoces
2009 4885 2024 4922 :

442 4967 566 5022 hinc
578 4966 721 5022 enim
735 4967 1017 5021 maximam
1038 4961 1454 5021 consolationem
1473 4963 1749 5035 percipies.
1771 4961 1854 5019 Tu
1869 4963 2031 5019 velim

442 5059 706 5114 universa:
784 5067 886 5112 tuae
957 5056 1252 5113 benedictae
1297 5055 1480 5113 domui
1539 5054 1824 5129 plurimam
1869 5071 1902 5113 a
1944 5071 2033 5113 me

441 5151 667 5206 salutem
693 5150 858 5205 dicas.
887 5146 1041 5204 Faxit
1071 5149 1212 5205 Deus
1238 5157 1296 5204 ut
1323 5156 1378 5205 et
1424 5149 1580 5205 firma
1628 5150 1870 5222 corporis
1895 5150 2032 5206 vale«

445 5241 648 5307 tudine,
705 5249 760 5297 et
788 5241 912 5297 laeto
936 5247 1096 5310 atque
1147 5239 1302 5295 hilari
1331 5241 1513 5296 animo
1555 5257 1770 5313 semper
1803 5241 1902 5310 sis,
1931 5241 2031 5296 do-

445 5334 588 5390 mina
618 5348 737 5390 mea
789 5347 1134 5403 summopere
1170 5331 1478 5390 veneranda
1508 5341 1562 5390 et
1607 5331 2029 5404 religiosissima.

513 5424 571 5480 Si
617 5423 696 5477 vis
724 5424 856 5478 mihi
897 5423 1164 5493 longiores
1190 5423 1428 5480 scribere
1473 5424 1674 5492 literas,
1725 5424 1824 5478 hac
1853 5423 1921 5478 de
1971 5437 2031 5478 re

445 5532 532 5573 me
559 5526 842 5573 certiorem
884 5513 1063 5580 facito,
1096 5529 1196 5569 nec
1217 5529 1303 5570 me
1330 5515 1596 5586 decipias;
1628 5530 1819 5587 nempe
1849 5525 1901 5570 te
1922 5530 2030 5571 om

445 5625 566 5666 nem
621 5607 783 5664 animi
837 5621 1123 5664 maerorem
1168 5605 1482 5677 deposuisse
1505 5652 1521 5678 ,
1552 5617 1606 5665 et
1655 5611 1708 5666 in
1740 5605 2032 5682 tranquilli-

446 5713 553 5762 tate
594 5718 773 5776 agere.
804 5682 937 5759 Nam
975 5702 1028 5759 in
1065 5702 1166 5759 hoc
1189 5703 1348 5761 situm
1373 5715 1458 5761 est
1489 5705 1761 5764 literarum
1790 5722 2030 5770 mearum

509 5819 525 5851 ί
561 5825 663 5869 Duo
684 5825 809 5882 ttss.,
837 5830 929 5870 non
953 5831 1037 5881 per
1060 5820 1326 5870 animarum
1348 5815 1683 5870 retractiones.

1202 359 1258 414 S.
1298 357 1575 416 JOANNIS
1614 356 2084 415 CHRYSOSTOMI
2126 353 2440 412 ARClllEP.
2481 356 3015 414 CONSTANTINOP.

3631 357 3734 416 556

2155 470 2470 536 remedium,
2503 479 2562 524 ut
2592 469 2681 526 tibi
2726 487 2986 542 magnam.
3016 472 3178 525 animi
3209 470 3449 526 l.etitiam
3482 473 3689 543 pariant
3721 492 3740 530 :

2151 577 2214 616 ac
2259 561 2570 632 frequentes
2598 563 2828 632 accipies
2857 563 3133 633 epistolas.
3163 563 3359 618 Verum
3383 579 3450 619 ne
3478 563 3610 619 mihi
3637 566 3741 620 ite-

2149 671 2267 710 rum
2298 655 2520 720 scribas,
2551 663 2602 710 te
2629 671 2872 726 magnam
2902 672 2966 712 ex
2991 655 3163 711 literis
3177 655 3312 711 meis
3336 657 3580 726 accipere
3607 672 3743 713 con-

2149 747 2466 803 solutionem
2497 766 2510 802 :
2539 763 2661 804 nam
2693 748 2824 804 illud
2874 765 2973 820 ego
3013 750 3182 820 probe
3211 749 3334 805 novi
3359 767 3376 818 ;
3407 750 3502 806 sed
3535 758 3740 806 tantam

2149 851 2401 913 quantam
2440 855 2541 912 ego
2562 844 2746 914 cupio;
2797 826 2868 897 ita
2899 851 2956 898 ut
2983 859 3154 914 neque
3180 843 3360 899 animo
3390 843 3736 915 perturberis,

2147 949 2318 1004 neque
2349 934 2611 1005 lacrymas
2633 933 2895 1002 etl'undas,
2923 935 3015 990 sed
3044 935 3329 1007 tranquille
3362 943 3418 992 et
3443 950 3566 992 cum
3602 951 3736 1007 gau-

2148 1023 2236 1078 dio
2267 1024 2428 1096 degas
2449 1024 2546 1098 (a).

2562 1157 2643 1211 Ad
2667 1157 2894 1212 eamdem
2922 1155 3090 1229 Epist.
3122 1155 3188 1212 11
3216 1156 3314 1231 (b).

2218 1287 2272 1346 l.
2312 1291 2640 1360 Quamquam
2666 1290 2887 1361 epistola
2913 1304 2974 1345 ea
2995 1332 3009 1356 ,
3035 1305 3192 1361 quam
3222 1303 3393 1361 nuper
3419 1289 3486 1346 ad
3515 1299 3568 1347 te
3589 1291 3732 1358 misi,

2145 1381 2212 1438 ad
2242 1382 2441 1438 doloris
2470 1384 2541 1437 tui
2569 1391 2830 1438 tumorem
2854 1381 3312 1452 comprimendum
3339 1380 3547 1438 abunde
3587 1384 3737 1438 suffi-

2146 1475 2322 1532 ciebat
2362 1495 2375 1529 :
2421 1486 2598 1531 tamen
2637 1475 2758 1546 quia
2798 1476 3046 1531 maeroris
3087 1475 3351 1531 acerbitas
3393 1476 3648 1546 majorem
3679 1477 3736 1532 in

2145 1569 2362 1623 modum
2386 1576 2437 1623 te
2455 1567 2662 1636 afﬂixit,
2683 1568 2880 1623 idcirco
2896 1580 3113 1624 necesse
3139 1567 3267 1624 mihi
3297 1583 3417 1624 esse
3436 1569 3734 1626 existimavi

2143 1660 2363 1714 alteram
2390 1671 2601 1729 quoque
2625 1659 2904 1728 epistolam
2929 1658 3189 1730 superiori
3212 1657 3522 1730 adiungere,
3551 1675 3660 1731 quo
3679 1671 3734 1718 tu

2144 1750 2414 1821 copiosam
2456 1758 2510 1805 et
2534 1742 2750 1805 uberem
2780 1749 3200 1806 consolationem
3229 1749 3509 1821 percipias,
3530 1765 3596 1806 ac
3616 1750 3730 1822 jam

2143 1841 2396 1896 valetudo
2440 1850 2528 1896 tua
2575 1842 2628 1895 in
2677 1849 2791 1896 tuto
2822 1851 3087 1896 versetur.
3125 1841 3239 1912 Age
3278 1839 3467 1911 igitur,
3517 1842 3735 1898 aliunde

2143 1948 2354 2004 quoque
2376 1933 2646 2003 pulverem
2668 1948 2811 1998 eum,
2830 1947 2986 2004 quem
3004 1947 3071 1988 ex
3089 1933 3252 1987 animi
3272 1947 3502 1989 mcerore
3521 1942 3737 1988 contra-

2143 2023 2289 2090 xisti,
2317 2023 2619 2078 discutiam.
2643 2022 2914 2092 Siquidem
2935 2036 3058 2077 eum
3083 2036 3147 2077 ex
3168 2021 3344 2078 ulcere
3371 2023 3734 2094 gravissimis-

2141 2129 2245 2186 que
2282 2115 2575 2171 tumoribus
2601 2114 2654 2170 in
2683 2115 2952 2186 pulverem
2983 2128 3298 2170 conversum
3320 2129 3439 2171 esse
3459 2115 3732 2172 existimo.

2143 2207 2340 2262 Verum
2367 2221 2434 2262 ne
2460 2207 2535 2264 sic
2557 2206 2770 2277 quidem
2793 2205 3111 2261 valetudinis
3140 2215 3244 2261 tua:
3272 2221 3400 2262 cura
3434 2206 3734 2262 deserenda

2143 2313 2225 2357 est
2248 2318 2262 2356 :
2290 2302 2488 2356 etenim
2516 2300 2688 2370 pulvis
2713 2314 2943 2370 quoque,
2966 2299 3066 2354 nisi
3096 2298 3216 2370 quis
3241 2313 3363 2354 eum
3389 2312 3600 2354 summo
3619 2308 3736 2353 stu-

2139 2391 2228 2447 dio
2255 2392 2548 2462 prepellat,
2577 2391 2712 2461 parti
2748 2391 2981 2446 omnium
3022 2390 3473 2462 praestantissima:
3509 2391 3737 2448 exitium

2138 2485 2312 2552 affert,
2358 2486 2569 2556 pupilla:
2609 2485 2861 2540 nimirum
2901 2483 3332 2555 perspicuitatem
3361 2483 3635 2552 inliciens,
3667 2499 3736 2540 ac

2141 2589 2308 2635 totum
2339 2579 2616 2634 maerentis
2641 2576 2852 2634 oculum
2883 2577 3124 2632 turbans.
3152 2574 3231 2632 Ne
3280 2575 3442 2646 igitur
3463 2574 3567 2631 hoc
3590 2590 3738 2646 quo-

2137 2687 2242 2742 que
2268 2671 2355 2725 hic
2387 2670 2629 2736 accidat,
2662 2668 2785 2724 mali
2814 2668 3069 2739 reliquias
3091 2681 3298 2723 summa
3323 2681 3448 2723 cura
3470 2675 3523 2721 et
3550 2666 3742 2722 studio

2136 2761 2444 2818 evellamus.
2477 2762 2547 2816 At
2588 2769 2644 2816 tu
2683 2774 2894 2831 quoque
2919 2769 2970 2815 te
2998 2759 3175 2831 erige,
3207 2773 3528 2830 manumque
3571 2759 3742 2814 nobis

2135 2855 2334 2927 praebe.
2356 2853 2488 2910 Nam
2519 2853 2966 2926 quemadmodum
2995 2855 3047 2908 in
3096 2854 3162 2908 iis
3211 2854 3300 2924 qui
3329 2868 3473 2925 aegro
3500 2867 3743 2926 corpore

2135 2958 2260 3006 sunt
2289 2948 2504 3005 evenire
2532 2948 2690 3015 solet,
2719 2955 2796 3012 ut,
2826 2946 2872 3002 si
2900 2947 3093 3003 medici
3113 2945 3330 3017 quidem
3355 2961 3441 3014 ea,
3463 2960 3582 3016 quae
3610 2960 3741 3001 mu-

2135 3039 2280 3096 neris
2308 3039 2390 3094 sui
2415 3047 2573 3104 sunt,
2603 3045 2892 3109 praestent,
2934 3037 3012 3092 illi
3042 3046 3218 3092 autem
3249 3044 3428 3108 partes
3466 3051 3592 3093 suas
3627 3037 3738 3092 mi-

2134 3133 2281 3188 nime
2333 3131 2614 3202 expleant,
2673 3130 2916 3186 sanitatis
2969 3130 3177 3186 lucrum
3239 3131 3660 3200 interrumpatur
3713 3147 3733 3184 :

2132 3223 2323 3282 eodem
2353 3223 2512 3280 modo
2538 3224 2591 3278 in
2618 3224 2794 3278 anima
2836 3237 3047 3294 quoque
3085 3237 3173 3278 res
3215 3236 3334 3278 sese
3375 3221 3573 3278 habere
3597 3234 3738 3277 con-

2134 3321 2325 3377 suevit.
2358 3317 2741 3388 Quamobrem,
2771 3332 2839 3372 ne
2867 3317 2970 3372 hoc
2997 3314 3236 3382 accidat,
3260 3329 3357 3387 pro
3397 3330 3459 3370 ea
3485 3313 3739 3386 pruden-

2135 3413 2229 3482 tia,
2251 3428 2369 3485 quae
2394 3413 2492 3467 abs
2515 3421 2565 3468 te
2592 3410 2911 3482 postulatur,
2938 3408 3005 3464 da
3026 3421 3266 3480 operam,
3294 3416 3351 3463 ut
3379 3415 3498 3462 tuas
3514 3421 3741 3478 quoque

2132 3515 2314 3578 partes
2343 3505 2505 3562 obeas
2533 3522 2546 3558 :
2573 3518 2681 3576 quo
2721 3512 2944 3575 utraque
2985 3517 3051 3558 ex
3095 3510 3244 3573 parte
3293 3500 3482 3572 ingens
3527 3499 3740 3556 utilitas

2134 3599 2358 3654 oriatur.
2386 3599 2454 3652 At
2498 3597 2633 3653 forte
2673 3595 2819 3652 dices
2840 3637 2855 3664 ,
2906 3596 3065 3666 cupio
3090 3594 3303 3666 quidem
3334 3593 3509 3661 istud,
3539 3607 3741 3650 verum

2133 3707 2342 3763 nequeo
2364 3731 2381 3759 ,
2416 3705 2537 3756 nec,
2571 3691 2816 3760 quamvis
2839 3690 2997 3745 etiam
3040 3705 3285 3760 magnam
3329 3689 3740 3746 contentionem

2133 3781 2430 3848 adhibens,
2479 3780 2660 3837 densae
2705 3789 2881 3837 tamen
2924 3789 3084 3851 atque
3123 3788 3254 3836 atrae
3298 3781 3550 3837 maeroris
3598 3779 3742 3836 nubi

2133 3870 2507 3944 propulsanda:
2547 3887 2641 3943 par
2679 3887 2817 3927 sum.
2857 3870 3018 3926 Merte
3059 3871 3435 3927 excusationes
3473 3885 3540 3926 ac
3589 3872 3744 3928 meri

2133 3972 2421 4034 praetextas
2458 3963 2558 4018 ista
2587 3969 2711 4017 sunt
2741 3980 2754 4017 :
2783 3962 2905 4017 novi
2939 3961 3083 4018 enim
3122 3960 3316 4016 mentis
3343 3971 3447 4016 tua;
3470 3961 3743 4018 nobilita—

2136 4064 2263 4118 tem,
2297 4055 2396 4125 pia:
2419 4063 2523 4108 tua:
2543 4053 2734 4109 animae
2754 4053 2935 4118 robur,
2961 4053 3253 4124 prudentia:
3279 4051 3737 4122 magnitudinem,

2133 4144 2409 4215 sapientia:
2432 4144 2563 4212 vim,
2593 4144 2810 4215 scioque
2844 4154 2927 4200 sat
2957 4143 3049 4199 tibi
3071 4157 3189 4200 esse
3214 4141 3410 4199 furenti
3438 4143 3559 4198 huic
3587 4157 3744 4199 mm-

2136 4238 2294 4292 stitia:
2326 4236 2458 4291 mari
2495 4236 2778 4306 imperare,
2804 4243 2863 4290 ut
2901 4235 3180 4307 tranquilla
3210 4236 3388 4291 omnia
3412 4234 3736 4290 reddantur.

2136 4329 2332 4383 Verum
2371 4341 2478 4398 quo
2526 4327 2576 4382 id
2627 4326 2832 4383 facilius
2873 4327 3126 4399 consequi
3172 4328 3375 4399 possis,
3407 4343 3470 4383 ea
3513 4343 3746 4399 quoque

2133 4436 2253 4490 qua:
2298 4428 2599 4474 nostrarum
2645 4419 2874 4489 partium
2912 4427 3065 4488 sunt,
3097 4418 3459 4476 conferamus.
3485 4419 3744 4489 Quanam

2137 4504 2296 4575 igitur
2337 4503 2546 4558 ratione
2597 4502 2650 4558 id
2693 4502 2908 4560 efficere
2954 4504 3195 4575 poteris?
3236 4504 3440 4576 Nempe
3479 4505 3523 4560 si
3562 4514 3622 4562 et
3664 4522 3744 4562 ca

2133 4595 2310 4652 omnia
2336 4635 2350 4661 ,
2381 4609 2501 4665 qua!
2545 4594 2819 4664 superiore
2866 4595 3087 4666 epistola
3139 4597 3480 4652 continentur
3502 4639 3516 4664 ,
3545 4603 3744 4654 tecum

2133 4685 2441 4743 consideres
2466 4683 2752 4756 (siquidem
2780 4685 2945 4741 multa
2973 4701 3002 4741 a
3034 4701 3150 4752 me,
3176 4702 3296 4758 quae
3332 4687 3399 4742 ad
3433 4686 3535 4742 hoc
3564 4702 3747 4758 argu-

2132 4787 2373 4836 mentum
2394 4787 2657 4850 spectent,
2687 4780 2740 4835 iu
2769 4794 2832 4835 ea
2860 4791 3276 4836 commemorata
3307 4778 3475 4853 sunt),
3500 4794 3564 4838 ac
3587 4797 3746 4854 pra-

2134 4881 2280 4928 terea
2310 4870 2413 4928 hoc
2437 4885 2564 4944 agas
2583 4871 2724 4942 quod
2752 4871 2844 4927 tibi
2875 4887 3014 4928 nunc
3041 4887 3140 4942 ego
3168 4872 3392 4943 impero.

2208 4961 2558 5020 Peruie’iosum
2585 4973 2660 5018 est
2687 4979 2780 5033 pro
2809 4964 2990 5018 atienis
3018 4964 3235 5034 peccatis
3262 4965 3436 5018 animo
3459 4964 3748 5038 frangi.—

2135 5056 2398 5126 Quidnam
2426 5067 2604 5112 autem
2633 5054 2736 5111 hoc
2771 5055 2891 5111 est?
2913 5055 3043 5111 Cum
3072 5055 3139 5110 ad
3179 5067 3231 5111 te
3268 5056 3487 5112 allatum
3529 5057 3700 5113 fuerit
3725 5102 3742 5122 .

2136 5147 2498 5210 Ecclesiarum
2544 5149 2706 5204 aliam
2757 5163 2971 5219 pessum
3012 5149 3170 5216 iisse,
3203 5150 3361 5205 aliam
3411 5160 3751 5221 tempestate

2130 5241 2318 5312 jactari
2347 5281 2364 5307 ,
2416 5241 2575 5294 aliam
2627 5241 2783 5295 stevis
2829 5238 3076 5296 fluetibus
3122 5240 3313 5306 obrui,
3365 5241 3523 5296 aliam
3564 5241 3749 5296 etiam

2134 5330 2461 5403 gravissimis
2504 5329 2743 5385 cladibus
2794 5329 2975 5399 affici,
3034 5330 3189 5386 aliam
3234 5331 3414 5402 lupum
3470 5346 3572 5404 pro
3629 5345 3758 5401 pa.

2135 5433 2301 5490 store,
2329 5422 2486 5476 aliam
2521 5421 2826 5492 praedonem
2873 5436 2968 5493 pro
3007 5423 3384 5493 gubernatore,
3407 5423 3568 5478 aliam
3605 5435 3754 5479 ear-

2135 5515 2347 5573 niilccm
2383 5529 2482 5586 pro
2507 5513 2716 5570 medico
2759 5516 3032 5586 accepisse
3052 5559 3067 5584 ,
3105 5515 3289 5572 doleas
3318 5516 3533 5589 quidem
3563 5517 3705 5572 licet
3731 5536 3753 5587 ;

2197 5629 2272 5697 (α)
2304 5634 2401 5679 ttoc
2423 5627 2799 5697 additamentum
2821 5641 2848 5678 a
2870 5631 3054 5697 verbis,
3075 5630 3123 5697 si
3146 5630 3216 5697 eis
3247 5631 3366 5683 mtht
3401 5632 3660 5697 tmtgiares’.
3695 5633 3761 5684 in

2136 5692 2670 5758 tribus_v_e_tustissimis
2711 5694 3050 5758 manuscriptis
3090 5693 3319 5758 habetur,
3345 5703 3398 5746 et
3437 5692 3765 5758 gértnannrn

2066 5785 2085 5789 -ι
2137 5752 2264 5820 haud
2287 5751 2439 5820 dubie
2462 5759 2555 5811 est,
2594 5751 3027 5820 dignissimumg'ue
3050 5757 3178 5820 quod
3203 5769 3234 5810 e
3257 5751 3477 5810 tenebris
3504 5766 3763 5814 eruatur.

2202 5815 2272 5880 (ο)
2306 5815 2484 5880 Scripta
2507 5815 2687 5867 cucuso
2710 5827 2837 5866 anno
2856 5815 2964 5867 tot.
