  <div class='ocr_page' id='page_1' title='image "/cluster/home/n/w/nwhite01/storage/ocr_20150623/52/hvd.32044073501918/177.png"; bbox 0 0 4030 6206; ppageno 0'>
   <div class='ocr_carea' id='block_1_1' title="bbox 451 394 558 449">
    <p class='ocr_par' dir='ltr' id='par_1_1' title="bbox 451 394 558 449">
     <span class='ocr_line' id='line_1_1' title="bbox 451 394 558 449; baseline 0 0"><span class='ocrx_word' id='word_1_1' title='bbox 451 394 558 449; x_wconf 70' lang='grc'>537</span> 
     </span>
    </p>
   </div>
   <div class='ocr_carea' id='block_1_2' title="bbox 446 504 2015 581">
    <p class='ocr_par' dir='ltr' id='par_1_2' title="bbox 446 504 2015 581">
     <span class='ocr_line' id='line_1_2' title="bbox 446 504 2015 581; baseline 0 -19"><span class='ocrx_word' id='word_1_2' title='bbox 446 508 600 576; x_wconf 73' lang='grc' dir='ltr'>ἄλγει</span> <span class='ocrx_word' id='word_1_3' title='bbox 630 504 728 577; x_wconf 91' lang='grc' dir='ltr'>μέν</span> <span class='ocrx_word' id='word_1_4' title='bbox 752 524 766 538; x_wconf 90' lang='grc'>·</span> <span class='ocrx_word' id='word_1_5' title='bbox 809 507 868 560; x_wconf 92' lang='grc' dir='ltr'>οὐ</span> <span class='ocrx_word' id='word_1_6' title='bbox 899 508 1006 580; x_wconf 81' lang='grc' dir='ltr'>γὰρ</span> <span class='ocrx_word' id='word_1_7' title='bbox 1040 508 1119 561; x_wconf 87' lang='grc' dir='ltr'>δεῖ</span> <span class='ocrx_word' id='word_1_8' title='bbox 1166 508 1313 581; x_wconf 77' lang='grc' dir='ltr'>[53θῖ</span> <span class='ocrx_word' id='word_1_9' title='bbox 1358 511 1426 564; x_wconf 84' lang='grc' dir='ltr'>τὰ</span> <span class='ocrx_word' id='word_1_10' title='bbox 1463 509 1689 565; x_wconf 76' lang='grc' dir='ltr'>τοιαῦτα</span> <span class='ocrx_word' id='word_1_11' title='bbox 1733 509 2015 571; x_wconf 78' lang='grc' dir='ltr'>ἀνωδύνως</span> 
     </span>
    </p>
   </div>
   <div class='ocr_carea' id='block_1_3' title="bbox 446 598 2015 674">
    <p class='ocr_par' dir='ltr' id='par_1_3' title="bbox 446 598 2015 674">
     <span class='ocr_line' id='line_1_3' title="bbox 446 598 2015 674; baseline 0.003 -24"><span class='ocrx_word' id='word_1_12' title='bbox 446 600 660 670; x_wconf 77' lang='grc' dir='ltr'>φέρειν·</span> <span class='ocrx_word' id='word_1_13' title='bbox 700 598 853 667; x_wconf 82' lang='grc' dir='ltr'>ἄλγει</span> <span class='ocrx_word' id='word_1_14' title='bbox 891 600 967 665; x_wconf 89' lang='grc' dir='ltr'>δὲ,</span> <span class='ocrx_word' id='word_1_15' title='bbox 1004 601 1198 672; x_wconf 82' lang='grc' dir='ltr'><strong>μέτρον</strong></span> <span class='ocrx_word' id='word_1_16' title='bbox 1226 601 1473 656; x_wconf 76' lang='grc' dir='ltr'>ἐπιθεῖσα</span> <span class='ocrx_word' id='word_1_17' title='bbox 1505 606 1569 674; x_wconf 82' lang='grc' dir='ltr'>τῇ</span> <span class='ocrx_word' id='word_1_18' title='bbox 1610 602 1775 674; x_wconf 79' lang='grc' dir='ltr'>λύπῃ.</span> <span class='ocrx_word' id='word_1_19' title='bbox 1808 602 1871 656; x_wconf 68' lang='lat' dir='ltr'>Et</span> <span class='ocrx_word' id='word_1_20' title='bbox 1906 604 2015 673; x_wconf 88' lang='grc' dir='ltr'>γὰρ</span> 
     </span>
    </p>
   </div>
   <div class='ocr_carea' id='block_1_4' title="bbox 446 683 2015 765">
    <p class='ocr_par' dir='ltr' id='par_1_4' title="bbox 446 683 2015 765">
     <span class='ocr_line' id='line_1_4' title="bbox 446 683 2015 765; baseline 0.005 -26"><span class='ocrx_word' id='word_1_21' title='bbox 446 690 503 739; x_wconf 83' lang='grc' dir='ltr'>ὲν</span> <span class='ocrx_word' id='word_1_22' title='bbox 525 683 603 753; x_wconf 70' lang='grc' dir='ltr'>οἷς</span> <span class='ocrx_word' id='word_1_23' title='bbox 631 691 791 760; x_wconf 83' lang='grc' dir='ltr'>ήμεῖς</span> <span class='ocrx_word' id='word_1_24' title='bbox 819 689 972 743; x_wconf 70' lang='grc' dir='ltr'>αὐτοὶ</span> <span class='ocrx_word' id='word_1_25' title='bbox 995 690 1442 762; x_wconf 78' lang='grc' dir='ltr'>πλημμελοῦμεν,</span> <span class='ocrx_word' id='word_1_26' title='bbox 1478 694 1573 747; x_wconf 78' lang='grc' dir='ltr'>καὶ</span> <span class='ocrx_word' id='word_1_27' title='bbox 1607 693 1747 765; x_wconf 85' lang='grc' dir='ltr'>ὑπὲρ</span> <span class='ocrx_word' id='word_1_28' title='bbox 1782 686 1858 747; x_wconf 82' lang='grc' dir='ltr'>ὧν</span> <span class='ocrx_word' id='word_1_29' title='bbox 1884 694 2015 764; x_wconf 82' lang='grc' dir='ltr'>μέλ-</span> 
     </span>
    </p>
   </div>
   <div class='ocr_carea' id='block_1_5' title="bbox 446 778 2016 852">
    <p class='ocr_par' dir='ltr' id='par_1_5' title="bbox 446 778 2016 852">
     <span class='ocr_line' id='line_1_5' title="bbox 446 778 2016 852; baseline 0.003 -22"><span class='ocrx_word' id='word_1_30' title='bbox 446 780 610 849; x_wconf 81' lang='grc' dir='ltr'>λομεν</span> <span class='ocrx_word' id='word_1_31' title='bbox 638 778 739 843; x_wconf 89' lang='grc' dir='ltr'>τάς</span> <span class='ocrx_word' id='word_1_32' title='bbox 793 778 1021 843; x_wconf 78' lang='grc' dir='ltr'>εὐθύνας</span> <span class='ocrx_word' id='word_1_33' title='bbox 1073 781 1317 852; x_wconf 80' lang='grc' dir='ltr'>ὑπέχειν,</span> <span class='ocrx_word' id='word_1_34' title='bbox 1373 782 1475 835; x_wconf 91' lang='grc' dir='ltr'>οὐκ</span> <span class='ocrx_word' id='word_1_35' title='bbox 1522 784 1839 852; x_wconf 85' lang='grc' dir='ltr'>ἀναγκαῖον,</span> <span class='ocrx_word' id='word_1_36' title='bbox 1893 783 2016 837; x_wconf 76' lang='grc' dir='ltr'>οὐδὲ</span> 
     </span>
    </p>
   </div>
   <div class='ocr_carea' id='block_1_6' title="bbox 443 870 2017 948">
    <p class='ocr_par' dir='ltr' id='par_1_6' title="bbox 443 870 2017 948">
     <span class='ocr_line' id='line_1_6' title="bbox 443 870 2017 948; baseline 0.003 -24"><span class='ocrx_word' id='word_1_37' title='bbox 443 870 703 941; x_wconf 80' lang='grc' dir='ltr'>ἀσφαλὲς,</span> <span class='ocrx_word' id='word_1_38' title='bbox 730 870 865 925; x_wconf 86' lang='grc' dir='ltr'>ἀλλά</span> <span class='ocrx_word' id='word_1_39' title='bbox 896 872 991 926; x_wconf 74' lang='grc' dir='ltr'>καὶ</span> <span class='ocrx_word' id='word_1_40' title='bbox 1029 874 1235 945; x_wconf 85' lang='grc' dir='ltr'>σφόδρα</span> <span class='ocrx_word' id='word_1_41' title='bbox 1271 875 1513 947; x_wconf 82' lang='grc' dir='ltr'>ὀλέθριον</span> <span class='ocrx_word' id='word_1_42' title='bbox 1540 878 1634 932; x_wconf 79' lang='grc' dir='ltr'>καὶ</span> <span class='ocrx_word' id='word_1_43' title='bbox 1667 875 1931 948; x_wconf 83' lang='grc' dir='ltr'>βλαϐερὸν</span> <span class='ocrx_word' id='word_1_44' title='bbox 1955 875 2017 929; x_wconf 88' lang='lat'>16</span> 
     </span>
    </p>
   </div>
   <div class='ocr_carea' id='block_1_7' title="bbox 447 963 2015 1040">
    <p class='ocr_par' dir='ltr' id='par_1_7' title="bbox 447 963 2015 1040">
     <span class='ocr_line' id='line_1_7' title="bbox 447 963 2015 1040; baseline 0.005 -26"><span class='ocrx_word' id='word_1_45' title='bbox 447 963 584 1031; x_wconf 86' lang='grc' dir='ltr'>μετὰ</span> <span class='ocrx_word' id='word_1_46' title='bbox 611 963 813 1032; x_wconf 77' lang='grc' dir='ltr'>πολλῆς</span> <span class='ocrx_word' id='word_1_47' title='bbox 835 963 1019 1033; x_wconf 80' lang='grc' dir='ltr'>ἀλγεῖν</span> <span class='ocrx_word' id='word_1_48' title='bbox 1047 965 1142 1036; x_wconf 83' lang='grc' dir='ltr'>τῆς</span> <span class='ocrx_word' id='word_1_49' title='bbox 1169 967 1558 1039; x_wconf 76' lang='grc' dir='ltr'>σφοδρότητοςο</span> <span class='ocrx_word' id='word_1_50' title='bbox 1601 968 1780 1040; x_wconf 88' lang='grc' dir='ltr'>πολλῷ</span> <span class='ocrx_word' id='word_1_51' title='bbox 1815 968 2015 1039; x_wconf 82' lang='grc' dir='ltr'>μᾶλλον</span> 
     </span>
    </p>
   </div>
   <div class='ocr_carea' id='block_1_8' title="bbox 445 1053 2017 1131">
    <p class='ocr_par' dir='ltr' id='par_1_8' title="bbox 445 1053 2017 1131">
     <span class='ocr_line' id='line_1_8' title="bbox 445 1053 2017 1131; baseline 0.004 -27"><span class='ocrx_word' id='word_1_52' title='bbox 445 1053 587 1126; x_wconf 81' lang='grc' dir='ltr'>ὑπὲρ</span> <span class='ocrx_word' id='word_1_53' title='bbox 622 1053 732 1107; x_wconf 87' lang='grc' dir='ltr'>τῶν</span> <span class='ocrx_word' id='word_1_54' title='bbox 761 1054 966 1127; x_wconf 79' lang='grc' dir='ltr'>ἑτέροις</span> <span class='ocrx_word' id='word_1_55' title='bbox 1005 1055 1508 1129; x_wconf 85' lang='grc' dir='ltr'>πλημμελουμένων</span> <span class='ocrx_word' id='word_1_56' title='bbox 1547 1059 1608 1113; x_wconf 87' lang='lat'>16</span> <span class='ocrx_word' id='word_1_57' title='bbox 1645 1059 2017 1131; x_wconf 85' lang='grc' dir='ltr'>καταμαλακί-</span> 
     </span>
    </p>
   </div>
   <div class='ocr_carea' id='block_1_9' title="bbox 444 1142 2015 1222">
    <p class='ocr_par' dir='ltr' id='par_1_9' title="bbox 444 1142 2015 1222">
     <span class='ocr_line' id='line_1_9' title="bbox 444 1142 2015 1222; baseline 0.004 -27"><span class='ocrx_word' id='word_1_58' title='bbox 444 1142 632 1206; x_wconf 80' lang='grc' dir='ltr'>ζεσθαι</span> <span class='ocrx_word' id='word_1_59' title='bbox 664 1145 754 1198; x_wconf 76' lang='grc' dir='ltr'>καὶ</span> <span class='ocrx_word' id='word_1_60' title='bbox 777 1146 1153 1201; x_wconf 79' lang='grc' dir='ltr'>κατακλᾶσθαι</span> <span class='ocrx_word' id='word_1_61' title='bbox 1179 1149 1431 1220; x_wconf 89' lang='grc' dir='ltr'>περιττόν</span> <span class='ocrx_word' id='word_1_62' title='bbox 1457 1168 1516 1203; x_wconf 89' lang='grc' dir='ltr'>τε</span> <span class='ocrx_word' id='word_1_63' title='bbox 1540 1150 1635 1205; x_wconf 77' lang='grc' dir='ltr'>καὶ</span> <span class='ocrx_word' id='word_1_64' title='bbox 1659 1152 1905 1222; x_wconf 86' lang='grc' dir='ltr'>μάταιον,</span> <span class='ocrx_word' id='word_1_65' title='bbox 1923 1150 2015 1203; x_wconf 74' lang='grc' dir='ltr'>καὶ</span> 
     </span>
    </p>
   </div>
   <div class='ocr_carea' id='block_1_10' title="bbox 444 1236 1777 1313">
    <p class='ocr_par' dir='ltr' id='par_1_10' title="bbox 444 1236 1777 1313">
     <span class='ocr_line' id='line_1_10' title="bbox 444 1236 1777 1313; baseline 0.005 -25"><span class='ocrx_word' id='word_1_66' title='bbox 444 1236 579 1306; x_wconf 77' lang='grc' dir='ltr'>πρὸς</span> <span class='ocrx_word' id='word_1_67' title='bbox 608 1237 818 1298; x_wconf 75' lang='grc' dir='ltr'>τούτοις</span> <span class='ocrx_word' id='word_1_68' title='bbox 847 1238 1136 1292; x_wconf 81' lang='grc' dir='ltr'>σατανικδν</span> <span class='ocrx_word' id='word_1_69' title='bbox 1174 1240 1267 1293; x_wconf 74' lang='grc' dir='ltr'>καὶ</span> <span class='ocrx_word' id='word_1_70' title='bbox 1290 1241 1436 1312; x_wconf 80' lang='grc' dir='ltr'>ψυχῇ</span> <span class='ocrx_word' id='word_1_71' title='bbox 1463 1241 1703 1313; x_wconf 83' lang='grc' dir='ltr'>ὀλέθριον</span> <span class='ocrx_word' id='word_1_72' title='bbox 1729 1253 1777 1295; x_wconf 78' lang='grc' dir='ltr'>ει.</span> 
     </span>
    </p>
   </div>
   <div class='ocr_carea' id='block_1_11' title="bbox 514 1330 2011 1413">
    <p class='ocr_par' dir='ltr' id='par_1_11' title="bbox 514 1330 2011 1413">
     <span class='ocr_line' id='line_1_11' title="bbox 514 1330 2011 1413; baseline 0.003 -28"><span class='ocrx_word' id='word_1_73' title='bbox 514 1330 578 1401; x_wconf 86' lang='grc' dir='ltr'>β’.</span> <span class='ocrx_word' id='word_1_74' title='bbox 601 1332 707 1386; x_wconf 87' lang='lat' dir='ltr'>Kal</span> <span class='ocrx_word' id='word_1_75' title='bbox 727 1332 812 1386; x_wconf 83' lang='lat' dir='ltr'><strong>l’va</strong></span> <span class='ocrx_word' id='word_1_76' title='bbox 831 1332 1010 1413; x_wconf 77' lang='grc' dir='ltr'>μάθῃς</span> <span class='ocrx_word' id='word_1_77' title='bbox 1034 1335 1117 1387; x_wconf 82' lang='grc' dir='ltr'>ὅτι</span> <span class='ocrx_word' id='word_1_78' title='bbox 1134 1333 1304 1388; x_wconf 85' lang='grc' dir='ltr'>ταῦτα</span> <span class='ocrx_word' id='word_1_79' title='bbox 1324 1335 1513 1390; x_wconf 88' lang='grc' dir='ltr'>τοῦτον</span> <span class='ocrx_word' id='word_1_80' title='bbox 1535 1336 1647 1407; x_wconf 66' lang='grc' dir='ltr'>ἔχει</span> <span class='ocrx_word' id='word_1_81' title='bbox 1673 1336 1762 1391; x_wconf 80' lang='grc' dir='ltr'>τὸν</span> <span class='ocrx_word' id='word_1_82' title='bbox 1790 1336 2011 1408; x_wconf 82' lang='grc' dir='ltr'>τρόπον,</span> 
     </span>
    </p>
   </div>
   <div class='ocr_carea' id='block_1_12' title="bbox 442 1422 2014 1501">
    <p class='ocr_par' dir='ltr' id='par_1_12' title="bbox 442 1422 2014 1501">
     <span class='ocr_line' id='line_1_12' title="bbox 442 1422 2014 1501; baseline 0.006 -27"><span class='ocrx_word' id='word_1_83' title='bbox 442 1424 681 1493; x_wconf 86' lang='grc' dir='ltr'>ίστορίαν</span> <span class='ocrx_word' id='word_1_84' title='bbox 720 1442 801 1477; x_wconf 92' lang='grc' dir='ltr'>σοι</span> <span class='ocrx_word' id='word_1_85' title='bbox 832 1422 1163 1497; x_wconf 84' lang='grc' dir='ltr'>διηγήσομαι</span> <span class='ocrx_word' id='word_1_86' title='bbox 1185 1426 1436 1482; x_wconf 88' lang='grc' dir='ltr'>παλαιάν.</span> <span class='ocrx_word' id='word_1_87' title='bbox 1463 1427 1747 1501; x_wconf 86' lang='grc' dir='ltr'>Κορίνθιός</span> <span class='ocrx_word' id='word_1_88' title='bbox 1768 1447 1850 1493; x_wconf 88' lang='grc' dir='ltr'>τις</span> <span class='ocrx_word' id='word_1_89' title='bbox 1876 1427 2014 1500; x_wconf 79' lang='grc' dir='ltr'>ἀνὴρ</span> 
     </span>
    </p>
   </div>
   <div class='ocr_carea' id='block_1_13' title="bbox 438 1514 2013 1593">
    <p class='ocr_par' dir='ltr' id='par_1_13' title="bbox 438 1514 2013 1593">
     <span class='ocr_line' id='line_1_13' title="bbox 438 1514 2013 1593; baseline 0.005 -26"><span class='ocrx_word' id='word_1_90' title='bbox 438 1514 549 1568; x_wconf 88' lang='grc' dir='ltr'>τῶν</span> <span class='ocrx_word' id='word_1_91' title='bbox 587 1515 747 1587; x_wconf 87' lang='grc' dir='ltr'>ίερῶν</span> <span class='ocrx_word' id='word_1_92' title='bbox 794 1518 1108 1583; x_wconf 79' lang='grc' dir='ltr'>ἀπολαύσας</span> <span class='ocrx_word' id='word_1_93' title='bbox 1140 1521 1417 1590; x_wconf 76' lang='grc' dir='ltr'>ναμάτων,</span> <span class='ocrx_word' id='word_1_94' title='bbox 1451 1521 1545 1574; x_wconf 73' lang='grc' dir='ltr'>καὶ</span> <span class='ocrx_word' id='word_1_95' title='bbox 1599 1520 1894 1593; x_wconf 74' lang='grc' dir='ltr'>καθαρθεὶς</span> <span class='ocrx_word' id='word_1_96' title='bbox 1927 1522 2013 1575; x_wconf 71' lang='grc' dir='ltr'>8ιά</span> 
     </span>
    </p>
   </div>
   <div class='ocr_carea' id='block_1_14' title="bbox 440 1605 2013 1685">
    <p class='ocr_par' dir='ltr' id='par_1_14' title="bbox 440 1605 2013 1685">
     <span class='ocr_line' id='line_1_14' title="bbox 440 1605 2013 1685; baseline 0.005 -27"><span class='ocrx_word' id='word_1_97' title='bbox 440 1605 541 1676; x_wconf 82' lang='grc' dir='ltr'>τῆς</span> <span class='ocrx_word' id='word_1_98' title='bbox 571 1607 600 1647; x_wconf 73' lang='grc' dir='ltr'>ι)</span> <span class='ocrx_word' id='word_1_99' title='bbox 626 1607 715 1660; x_wconf 86' lang='grc' dir='ltr'>τοῦ</span> <span class='ocrx_word' id='word_1_100' title='bbox 745 1606 1114 1681; x_wconf 81' lang='grc' dir='ltr'>βαπτίσματος</span> <span class='ocrx_word' id='word_1_101' title='bbox 1141 1613 1544 1682; x_wconf 75' lang='grc' dir='ltr'>μυσταγωγίας,</span> <span class='ocrx_word' id='word_1_102' title='bbox 1571 1612 1775 1684; x_wconf 73' lang='grc' dir='ltr'>καὶτῆς</span> <span class='ocrx_word' id='word_1_103' title='bbox 1805 1631 2013 1685; x_wconf 83' lang='grc' dir='ltr'>φρικω-</span> 
     </span>
    </p>
   </div>
   <div class='ocr_carea' id='block_1_15' title="bbox 440 1697 2015 1773">
    <p class='ocr_par' dir='ltr' id='par_1_15' title="bbox 440 1697 2015 1773">
     <span class='ocr_line' id='line_1_15' title="bbox 440 1697 2015 1773; baseline 0.006 -24"><span class='ocrx_word' id='word_1_104' title='bbox 440 1697 704 1768; x_wconf 85' lang='grc' dir='ltr'>δεστάτης</span> <span class='ocrx_word' id='word_1_105' title='bbox 740 1698 1025 1771; x_wconf 87' lang='grc' dir='ltr'>μετασχὼν</span> <span class='ocrx_word' id='word_1_106' title='bbox 1076 1703 1376 1773; x_wconf 76' lang='grc' dir='ltr'>τραπέζης,</span> <span class='ocrx_word' id='word_1_107' title='bbox 1412 1704 1506 1758; x_wconf 75' lang='grc' dir='ltr'>καὶ</span> <span class='ocrx_word' id='word_1_108' title='bbox 1564 1704 1781 1759; x_wconf 87' lang='grc' dir='ltr'>πάντων</span> <span class='ocrx_word' id='word_1_109' title='bbox 1838 1703 2015 1768; x_wconf 78' lang='grc' dir='ltr'>ἀπαξ-</span> 
     </span>
    </p>
   </div>
   <div class='ocr_carea' id='block_1_16' title="bbox 440 1788 2016 1865">
    <p class='ocr_par' dir='ltr' id='par_1_16' title="bbox 440 1788 2016 1865">
     <span class='ocr_line' id='line_1_16' title="bbox 440 1788 2016 1865; baseline 0.001 -22"><span class='ocrx_word' id='word_1_110' title='bbox 440 1788 629 1852; x_wconf 81' lang='grc' dir='ltr'>απλῶς</span> <span class='ocrx_word' id='word_1_111' title='bbox 652 1789 761 1843; x_wconf 88' lang='grc' dir='ltr'>τῶν</span> <span class='ocrx_word' id='word_1_112' title='bbox 792 1794 922 1861; x_wconf 84' lang='grc' dir='ltr'>παρ’</span> <span class='ocrx_word' id='word_1_113' title='bbox 951 1792 1080 1862; x_wconf 85' lang='grc' dir='ltr'>ἡμῖν</span> <span class='ocrx_word' id='word_1_114' title='bbox 1110 1794 1440 1864; x_wconf 78' lang='grc' dir='ltr'>κοινωνήσας</span> <span class='ocrx_word' id='word_1_115' title='bbox 1467 1793 1780 1865; x_wconf 79' lang='grc' dir='ltr'>μυστηρίων</span> <span class='ocrx_word' id='word_1_116' title='bbox 1810 1792 2016 1863; x_wconf 84' lang='grc' dir='ltr'>(πολλοὶ</span> 
     </span>
    </p>
   </div>
   <div class='ocr_carea' id='block_1_17' title="bbox 440 1875 2014 1954">
    <p class='ocr_par' dir='ltr' id='par_1_17' title="bbox 440 1875 2014 1954">
     <span class='ocr_line' id='line_1_17' title="bbox 440 1875 2014 1954; baseline 0.004 -26"><span class='ocrx_word' id='word_1_117' title='bbox 440 1875 499 1929; x_wconf 84' lang='grc' dir='ltr'>δέ</span> <span class='ocrx_word' id='word_1_118' title='bbox 524 1894 707 1945; x_wconf 88' lang='grc' dir='ltr'>φασιν,</span> <span class='ocrx_word' id='word_1_119' title='bbox 736 1878 816 1931; x_wconf 86' lang='grc' dir='ltr'>ὅτι</span> <span class='ocrx_word' id='word_1_120' title='bbox 840 1880 932 1932; x_wconf 77' lang='grc' dir='ltr'>καὶ</span> <span class='ocrx_word' id='word_1_121' title='bbox 958 1879 1280 1934; x_wconf 82' lang='grc' dir='ltr'>διδασκάλου</span> <span class='ocrx_word' id='word_1_122' title='bbox 1305 1881 1457 1949; x_wconf 82' lang='grc' dir='ltr'>τάξιν</span> <span class='ocrx_word' id='word_1_123' title='bbox 1483 1883 1718 1953; x_wconf 85' lang='grc' dir='ltr'>ἐπεῖχε),</span> <span class='ocrx_word' id='word_1_124' title='bbox 1756 1883 1893 1954; x_wconf 90' lang='grc' dir='ltr'>μετά</span> <span class='ocrx_word' id='word_1_125' title='bbox 1916 1883 2014 1954; x_wconf 76' lang='grc' dir='ltr'>τήν</span> 
     </span>
    </p>
   </div>
   <div class='ocr_carea' id='block_1_18' title="bbox 443 1968 2015 2045">
    <p class='ocr_par' dir='ltr' id='par_1_18' title="bbox 443 1968 2015 2045">
     <span class='ocr_line' id='line_1_18' title="bbox 443 1968 2015 2045; baseline 0.004 -25"><span class='ocrx_word' id='word_1_126' title='bbox 443 1968 596 2037; x_wconf 78' lang='grc' dir='ltr'>ίεράν</span> <span class='ocrx_word' id='word_1_127' title='bbox 633 1968 835 2039; x_wconf 89' lang='grc' dir='ltr'>ταύτην</span> <span class='ocrx_word' id='word_1_128' title='bbox 862 1968 1106 2045; x_wconf 83' lang='grc' dir='ltr'>τελετὴν,</span> <span class='ocrx_word' id='word_1_129' title='bbox 1135 1973 1230 2026; x_wconf 76' lang='grc' dir='ltr'>καὶ</span> <span class='ocrx_word' id='word_1_130' title='bbox 1256 1973 1319 2026; x_wconf 86' lang='lat'>16</span> <span class='ocrx_word' id='word_1_131' title='bbox 1340 1973 1555 2028; x_wconf 89' lang='grc' dir='ltr'>πάντων</span> <span class='ocrx_word' id='word_1_132' title='bbox 1584 1975 1735 2039; x_wconf 75' lang='grc' dir='ltr'>ἐντὸς</span> <span class='ocrx_word' id='word_1_133' title='bbox 1760 1974 2015 2045; x_wconf 83' lang='grc' dir='ltr'>γενέσθαι</span> 
     </span>
    </p>
   </div>
   <div class='ocr_carea' id='block_1_19' title="bbox 437 2057 2015 2137">
    <p class='ocr_par' dir='ltr' id='par_1_19' title="bbox 437 2057 2015 2137">
     <span class='ocr_line' id='line_1_19' title="bbox 437 2057 2015 2137; baseline 0.006 -28"><span class='ocrx_word' id='word_1_134' title='bbox 437 2057 547 2111; x_wconf 85' lang='grc' dir='ltr'>τῶν</span> <span class='ocrx_word' id='word_1_135' title='bbox 600 2060 926 2132; x_wconf 70' lang='grc' dir='ltr'>ἀπορρήτων</span> <span class='ocrx_word' id='word_1_136' title='bbox 957 2061 1197 2129; x_wconf 81' lang='grc' dir='ltr'>ἀγαθῶν,</span> <span class='ocrx_word' id='word_1_137' title='bbox 1230 2062 1323 2116; x_wconf 74' lang='grc' dir='ltr'>καὶ</span> <span class='ocrx_word' id='word_1_138' title='bbox 1355 2063 1422 2116; x_wconf 86' lang='grc' dir='ltr'>τά</span> <span class='ocrx_word' id='word_1_139' title='bbox 1464 2067 1705 2135; x_wconf 87' lang='grc' dir='ltr'>πρωτεῖα</span> <span class='ocrx_word' id='word_1_140' title='bbox 1735 2064 1878 2137; x_wconf 79' lang='grc' dir='ltr'>ἔχειν</span> <span class='ocrx_word' id='word_1_141' title='bbox 1920 2066 2015 2119; x_wconf 77' lang='grc' dir='ltr'>ἐπὶ</span> 
     </span>
    </p>
   </div>
   <div class='ocr_carea' id='block_1_20' title="bbox 436 2150 2012 2226">
    <p class='ocr_par' dir='ltr' id='par_1_20' title="bbox 436 2150 2012 2226">
     <span class='ocr_line' id='line_1_20' title="bbox 436 2150 2012 2226; baseline 0.006 -26"><span class='ocrx_word' id='word_1_142' title='bbox 436 2152 538 2218; x_wconf 81' lang='grc' dir='ltr'>τῆς</span> <span class='ocrx_word' id='word_1_143' title='bbox 579 2150 923 2222; x_wconf 89' lang='grc' dir='ltr'>Ἐκκλησίας,</span> <span class='ocrx_word' id='word_1_144' title='bbox 978 2152 1225 2224; x_wconf 76' lang='grc' dir='ltr'>ἥμαρτεν</span> <span class='ocrx_word' id='word_1_145' title='bbox 1270 2153 1546 2224; x_wconf 81' lang='grc' dir='ltr'>ἁμαρτίαν</span> <span class='ocrx_word' id='word_1_146' title='bbox 1602 2155 2012 2226; x_wconf 82' lang='grc' dir='ltr'>χαλεπωτάτην.</span> 
     </span>
    </p>
   </div>
   <div class='ocr_carea' id='block_1_21' title="bbox 439 2241 2012 2318">
    <p class='ocr_par' dir='ltr' id='par_1_21' title="bbox 439 2241 2012 2318">
     <span class='ocr_line' id='line_1_21' title="bbox 439 2241 2012 2318; baseline 0.006 -26"><span class='ocrx_word' id='word_1_147' title='bbox 439 2241 551 2310; x_wconf 77' lang='grc' dir='ltr'>Τὴν</span> <span class='ocrx_word' id='word_1_148' title='bbox 584 2243 693 2311; x_wconf 78' lang='grc' dir='ltr'>γὰρ</span> <span class='ocrx_word' id='word_1_149' title='bbox 716 2246 947 2310; x_wconf 90' lang='grc' dir='ltr'>γυναῖκα</span> <span class='ocrx_word' id='word_1_150' title='bbox 969 2242 1063 2296; x_wconf 88' lang='grc' dir='ltr'>τοῦ</span> <span class='ocrx_word' id='word_1_151' title='bbox 1086 2245 1291 2315; x_wconf 74' lang='grc' dir='ltr'>πατρὸς</span> <span class='ocrx_word' id='word_1_152' title='bbox 1308 2245 1512 2310; x_wconf 83' lang='grc' dir='ltr'>ἀδίκοις</span> <span class='ocrx_word' id='word_1_153' title='bbox 1546 2247 1668 2301; x_wconf 82' lang='grc' dir='ltr'>ἰδὼν</span> <span class='ocrx_word' id='word_1_154' title='bbox 1694 2248 2012 2318; x_wconf 77' lang='grc' dir='ltr'>ὀφθαλμοῖς,</span> 
     </span>
    </p>
   </div>
   <div class='ocr_carea' id='block_1_22' title="bbox 443 2332 2014 2409">
    <p class='ocr_par' dir='ltr' id='par_1_22' title="bbox 443 2332 2014 2409">
     <span class='ocr_line' id='line_1_22' title="bbox 443 2332 2014 2409; baseline 0.004 -23"><span class='ocrx_word' id='word_1_155' title='bbox 443 2336 538 2386; x_wconf 79' lang='grc' dir='ltr'>οὐκ</span> <span class='ocrx_word' id='word_1_156' title='bbox 559 2332 685 2404; x_wconf 75' lang='grc' dir='ltr'>ἔστη</span> <span class='ocrx_word' id='word_1_157' title='bbox 722 2335 883 2405; x_wconf 87' lang='grc' dir='ltr'>μέχρι</span> <span class='ocrx_word' id='word_1_158' title='bbox 912 2335 1012 2405; x_wconf 86' lang='grc' dir='ltr'>τῆς</span> <span class='ocrx_word' id='word_1_159' title='bbox 1039 2339 1279 2408; x_wconf 82' lang='grc' dir='ltr'>πονηρᾶς</span> <span class='ocrx_word' id='word_1_160' title='bbox 1306 2336 1507 2408; x_wconf 79' lang='grc' dir='ltr'>ταύτης</span> <span class='ocrx_word' id='word_1_161' title='bbox 1530 2338 1843 2409; x_wconf 75' lang='grc' dir='ltr'>ἐπιθυμίας,</span> <span class='ocrx_word' id='word_1_162' title='bbox 1876 2340 2014 2394; x_wconf 83' lang='grc' dir='ltr'>ἀλλά</span> 
     </span>
    </p>
   </div>
   <div class='ocr_carea' id='block_1_23' title="bbox 440 2426 2015 2507">
    <p class='ocr_par' dir='ltr' id='par_1_23' title="bbox 440 2426 2015 2507">
     <span class='ocr_line' id='line_1_23' title="bbox 440 2426 2015 2507; baseline 0.008 -30"><span class='ocrx_word' id='word_1_163' title='bbox 440 2427 536 2479; x_wconf 70' lang='grc' dir='ltr'>καὶ</span> <span class='ocrx_word' id='word_1_164' title='bbox 561 2428 641 2487; x_wconf 88' lang='grc' dir='ltr'>είς</span> <span class='ocrx_word' id='word_1_165' title='bbox 662 2426 820 2499; x_wconf 81' lang='grc' dir='ltr'>ἔργον</span> <span class='ocrx_word' id='word_1_166' title='bbox 847 2428 945 2500; x_wconf 86' lang='grc' dir='ltr'>τὴν</span> <span class='ocrx_word' id='word_1_167' title='bbox 967 2430 1267 2485; x_wconf 83' lang='grc' dir='ltr'>ἀκόλαστον</span> <span class='ocrx_word' id='word_1_168' title='bbox 1289 2431 1515 2505; x_wconf 85' lang='grc' dir='ltr'>γνώμην</span> <span class='ocrx_word' id='word_1_169' title='bbox 1549 2433 1783 2506; x_wconf 84' lang='grc' dir='ltr'>ἐξήγαγε</span> <span class='ocrx_word' id='word_1_170' title='bbox 1799 2453 1815 2467; x_wconf 77' lang='grc' dir='ltr'>ι</span> <span class='ocrx_word' id='word_1_171' title='bbox 1839 2437 1932 2490; x_wconf 79' lang='grc' dir='ltr'>καὶ</span> <span class='ocrx_word' id='word_1_172' title='bbox 1945 2432 2015 2507; x_wconf 81' lang='grc' dir='ltr'>ἦν</span> 
     </span>
    </p>
   </div>
   <div class='ocr_carea' id='block_1_24' title="bbox 438 2517 2012 2598">
    <p class='ocr_par' dir='ltr' id='par_1_24' title="bbox 438 2517 2012 2598">
     <span class='ocr_line' id='line_1_24' title="bbox 438 2517 2012 2598; baseline 0.006 -27"><span class='ocrx_word' id='word_1_173' title='bbox 438 2517 501 2571; x_wconf 89' lang='lat'>16</span> <span class='ocrx_word' id='word_1_174' title='bbox 530 2517 793 2589; x_wconf 82' lang='grc' dir='ltr'>τολμηθὲν</span> <span class='ocrx_word' id='word_1_175' title='bbox 823 2520 945 2591; x_wconf 77' lang='grc' dir='ltr'>οὐχὶ</span> <span class='ocrx_word' id='word_1_176' title='bbox 977 2521 1205 2593; x_wconf 89' lang='grc' dir='ltr'>πορνεία</span> <span class='ocrx_word' id='word_1_177' title='bbox 1251 2523 1411 2594; x_wconf 90' lang='grc' dir='ltr'>μόνον</span> <span class='ocrx_word' id='word_1_178' title='bbox 1430 2566 1446 2591; x_wconf 96' lang='grc'>,</span> <span class='ocrx_word' id='word_1_179' title='bbox 1490 2525 1626 2579; x_wconf 90' lang='grc' dir='ltr'>ἀλλά</span> <span class='ocrx_word' id='word_1_180' title='bbox 1653 2526 1747 2581; x_wconf 79' lang='grc' dir='ltr'>καὶ</span> <span class='ocrx_word' id='word_1_181' title='bbox 1778 2527 2012 2598; x_wconf 83' lang='grc' dir='ltr'>μοιχεία,</span> 
     </span>
    </p>
   </div>
   <div class='ocr_carea' id='block_1_25' title="bbox 444 2607 2012 2687">
    <p class='ocr_par' dir='ltr' id='par_1_25' title="bbox 444 2607 2012 2687">
     <span class='ocr_line' id='line_1_25' title="bbox 444 2607 2012 2687; baseline 0.006 -27"><span class='ocrx_word' id='word_1_182' title='bbox 444 2607 643 2678; x_wconf 77' lang='grc' dir='ltr'>μᾶλλον</span> <span class='ocrx_word' id='word_1_183' title='bbox 675 2608 731 2662; x_wconf 83' lang='grc' dir='ltr'>δὲ</span> <span class='ocrx_word' id='word_1_184' title='bbox 760 2612 853 2664; x_wconf 75' lang='grc' dir='ltr'>καὶ</span> <span class='ocrx_word' id='word_1_185' title='bbox 887 2611 1133 2682; x_wconf 85' lang='grc' dir='ltr'>μοιχείας</span> <span class='ocrx_word' id='word_1_186' title='bbox 1160 2611 1340 2684; x_wconf 88' lang='grc' dir='ltr'>πολλῷ</span> <span class='ocrx_word' id='word_1_187' title='bbox 1373 2612 1777 2686; x_wconf 89' lang='grc' dir='ltr'>χαλεπώτερον.</span> <span class='ocrx_word' id='word_1_188' title='bbox 1812 2616 1912 2669; x_wconf 82' lang='grc' dir='ltr'>Διά</span> <span class='ocrx_word' id='word_1_189' title='bbox 1946 2615 2012 2687; x_wconf 83' lang='grc' dir='ltr'>δὴ</span> 
     </span>
    </p>
   </div>
   <div class='ocr_carea' id='block_1_26' title="bbox 440 2699 2013 2779">
    <p class='ocr_par' dir='ltr' id='par_1_26' title="bbox 440 2699 2013 2779">
     <span class='ocr_line' id='line_1_26' title="bbox 440 2699 2013 2779; baseline 0.006 -27"><span class='ocrx_word' id='word_1_190' title='bbox 440 2699 596 2753; x_wconf 87' lang='grc' dir='ltr'>τοῦτο</span> <span class='ocrx_word' id='word_1_191' title='bbox 623 2702 715 2754; x_wconf 78' lang='grc' dir='ltr'>καὶ</span> <span class='ocrx_word' id='word_1_192' title='bbox 744 2704 772 2755; x_wconf 89' lang='lat'>6</span> <span class='ocrx_word' id='word_1_193' title='bbox 798 2703 1063 2776; x_wconf 87' lang='grc' dir='ltr'>μακάριος</span> <span class='ocrx_word' id='word_1_194' title='bbox 1095 2704 1306 2769; x_wconf 81' lang='grc' dir='ltr'>Παῦλος</span> <span class='ocrx_word' id='word_1_195' title='bbox 1336 2706 1596 2772; x_wconf 90' lang='grc' dir='ltr'>ἀκούσας,</span> <span class='ocrx_word' id='word_1_196' title='bbox 1628 2708 1722 2761; x_wconf 77' lang='grc' dir='ltr'>καὶ</span> <span class='ocrx_word' id='word_1_197' title='bbox 1748 2707 1847 2761; x_wconf 91' lang='grc' dir='ltr'>οὐκ</span> <span class='ocrx_word' id='word_1_198' title='bbox 1877 2707 2013 2779; x_wconf 77' lang='grc' dir='ltr'>ἔχων</span> 
     </span>
    </p>
   </div>
   <div class='ocr_carea' id='block_1_27' title="bbox 439 2793 2014 2873">
    <p class='ocr_par' dir='ltr' id='par_1_27' title="bbox 439 2793 2014 2873">
     <span class='ocr_line' id='line_1_27' title="bbox 439 2793 2014 2873; baseline 0.006 -28"><span class='ocrx_word' id='word_1_199' title='bbox 439 2793 612 2863; x_wconf 73' lang='grc' dir='ltr'>ὄνομα</span> <span class='ocrx_word' id='word_1_200' title='bbox 642 2794 906 2850; x_wconf 86' lang='grc' dir='ltr'>ἐπιθεῖναι</span> <span class='ocrx_word' id='word_1_201' title='bbox 940 2795 1077 2867; x_wconf 79' lang='grc' dir='ltr'>πρὸς</span> <span class='ocrx_word' id='word_1_202' title='bbox 1109 2797 1266 2864; x_wconf 81' lang='grc' dir='ltr'>ἀξίαν</span> <span class='ocrx_word' id='word_1_203' title='bbox 1295 2799 1373 2871; x_wconf 79' lang='grc' dir='ltr'>τῷ</span> <span class='ocrx_word' id='word_1_204' title='bbox 1415 2801 1772 2873; x_wconf 81' lang='grc' dir='ltr'>ἁμαρτήματι</span> <span class='ocrx_word' id='word_1_205' title='bbox 1804 2799 2014 2873; x_wconf 88' lang='grc' dir='ltr'>κύριον,</span> 
     </span>
    </p>
   </div>
   <div class='ocr_carea' id='block_1_28' title="bbox 441 2884 2017 2965">
    <p class='ocr_par' dir='ltr' id='par_1_28' title="bbox 441 2884 2017 2965">
     <span class='ocr_line' id='line_1_28' title="bbox 441 2884 2017 2965; baseline 0.007 -28"><span class='ocrx_word' id='word_1_206' title='bbox 441 2884 642 2954; x_wconf 75' lang='grc' dir='ltr'>ἑτέρως</span> <span class='ocrx_word' id='word_1_207' title='bbox 672 2888 925 2957; x_wconf 79' lang='grc' dir='ltr'>ἐμφαίνει</span> <span class='ocrx_word' id='word_1_208' title='bbox 971 2891 1062 2944; x_wconf 84' lang='grc' dir='ltr'>τὸν</span> <span class='ocrx_word' id='word_1_209' title='bbox 1094 2890 1256 2959; x_wconf 78' lang='grc' dir='ltr'>δγκον</span> <span class='ocrx_word' id='word_1_210' title='bbox 1277 2892 1397 2962; x_wconf 64' lang='grc' dir='ltr'>τῆς</span> <span class='ocrx_word' id='word_1_211' title='bbox 1426 2895 1795 2965; x_wconf 87' lang='grc' dir='ltr'>παρανομίας,</span> <span class='ocrx_word' id='word_1_212' title='bbox 1817 2894 2017 2948; x_wconf 73' lang='grc' dir='ltr'>οὑτωσὶ</span> 
     </span>
    </p>
   </div>
   <div class='ocr_carea' id='block_1_29' title="bbox 441 2974 2017 3054">
    <p class='ocr_par' dir='ltr' id='par_1_29' title="bbox 441 2974 2017 3054">
     <span class='ocr_line' id='line_1_29' title="bbox 441 2974 2017 3054; baseline 0.008 -27"><span class='ocrx_word' id='word_1_213' title='bbox 441 2974 632 3045; x_wconf 79' lang='grc' dir='ltr'>λέγων’</span> <span class='ocrx_word' id='word_1_214' title='bbox 656 2978 847 3046; x_wconf 74' lang='grc' dir='ltr'>Ὂλως</span> <span class='ocrx_word' id='word_1_215' title='bbox 868 2981 1146 3036; x_wconf 76' lang='grc' dir='ltr'>ἀκούεται</span> <span class='ocrx_word' id='word_1_216' title='bbox 1171 2984 1396 3054; x_wconf 81' lang='grc' dir='ltr'>ὲνὺμῖν</span> <span class='ocrx_word' id='word_1_217' title='bbox 1411 2986 1680 3053; x_wconf 80' lang='grc' dir='ltr'>πορνεία,</span> <span class='ocrx_word' id='word_1_218' title='bbox 1705 2985 1800 3038; x_wconf 80' lang='grc' dir='ltr'>καὶ</span> <span class='ocrx_word' id='word_1_219' title='bbox 1823 2986 2017 3040; x_wconf 75' lang='grc' dir='ltr'>τοιαύ-</span> 
     </span>
    </p>
   </div>
   <div class='ocr_carea' id='block_1_30' title="bbox 441 3077 2014 3154">
    <p class='ocr_par' dir='ltr' id='par_1_30' title="bbox 441 3077 2014 3154">
     <span class='ocr_line' id='line_1_30' title="bbox 441 3077 2014 3154; baseline 0.009 -28"><span class='ocrx_word' id='word_1_220' title='bbox 441 3092 512 3141; x_wconf 88' lang='grc' dir='ltr'>τη</span> <span class='ocrx_word' id='word_1_221' title='bbox 544 3077 808 3143; x_wconf 79' lang='grc' dir='ltr'>πορνεία,</span> <span class='ocrx_word' id='word_1_222' title='bbox 834 3078 930 3130; x_wconf 84' lang='grc' dir='ltr'>οἵα</span> <span class='ocrx_word' id='word_1_223' title='bbox 966 3078 1107 3133; x_wconf 81' lang='grc' dir='ltr'>οὐδὲ</span> <span class='ocrx_word' id='word_1_224' title='bbox 1129 3081 1199 3135; x_wconf 85' lang='grc' dir='ltr'>ἐν</span> <span class='ocrx_word' id='word_1_225' title='bbox 1225 3081 1350 3148; x_wconf 82' lang='grc' dir='ltr'>τοῖς</span> <span class='ocrx_word' id='word_1_226' title='bbox 1380 3083 1623 3138; x_wconf 75' lang='grc' dir='ltr'>ἔθνεσιν</span> <span class='ocrx_word' id='word_1_227' title='bbox 1654 3080 2014 3154; x_wconf 78' lang='grc' dir='ltr'>ὀνομάζεται.</span> 
     </span>
    </p>
   </div>
   <div class='ocr_carea' id='block_1_31' title="bbox 442 3168 2017 3251">
    <p class='ocr_par' dir='ltr' id='par_1_31' title="bbox 442 3168 2017 3251">
     <span class='ocr_line' id='line_1_31' title="bbox 442 3168 2017 3251; baseline 0.006 -27"><span class='ocrx_word' id='word_1_228' title='bbox 442 3172 556 3225; x_wconf 89' lang='grc' dir='ltr'>Οὐκ</span> <span class='ocrx_word' id='word_1_229' title='bbox 610 3168 783 3237; x_wconf 77' lang='grc' dir='ltr'>εἶπεν,</span> <span class='ocrx_word' id='word_1_230' title='bbox 833 3175 967 3228; x_wconf 82' lang='grc' dir='ltr'>οὐδέ</span> <span class='ocrx_word' id='word_1_231' title='bbox 1021 3176 1304 3245; x_wconf 80' lang='grc' dir='ltr'>τολμᾶται,</span> <span class='ocrx_word' id='word_1_232' title='bbox 1360 3179 1498 3244; x_wconf 86' lang='grc' dir='ltr'>ἀλλ’,</span> <span class='ocrx_word' id='word_1_233' title='bbox 1550 3179 1704 3234; x_wconf 79' lang='grc' dir='ltr'>Οὐδὲ</span> <span class='ocrx_word' id='word_1_234' title='bbox 1740 3179 2017 3251; x_wconf 77' lang='grc' dir='ltr'>ὀνομάζε-</span> 
     </span>
    </p>
   </div>
   <div class='ocr_carea' id='block_1_32' title="bbox 441 3269 2016 3348">
    <p class='ocr_par' dir='ltr' id='par_1_32' title="bbox 441 3269 2016 3348">
     <span class='ocr_line' id='line_1_32' title="bbox 441 3269 2016 3348; baseline 0.008 -28"><span class='ocrx_word' id='word_1_235' title='bbox 441 3284 555 3335; x_wconf 80' lang='grc' dir='ltr'>ται,</span> <span class='ocrx_word' id='word_1_236' title='bbox 588 3269 686 3341; x_wconf 82' lang='grc' dir='ltr'>τὴν</span> <span class='ocrx_word' id='word_1_237' title='bbox 734 3272 1041 3345; x_wconf 81' lang='grc' dir='ltr'>ὑπερϐολὴν</span> <span class='ocrx_word' id='word_1_238' title='bbox 1094 3273 1265 3340; x_wconf 79' lang='grc' dir='ltr'>δεῖξαι</span> <span class='ocrx_word' id='word_1_239' title='bbox 1323 3276 1495 3330; x_wconf 86' lang='grc' dir='ltr'>θέλων</span> <span class='ocrx_word' id='word_1_240' title='bbox 1524 3277 1625 3348; x_wconf 82' lang='grc' dir='ltr'>τῆς</span> <span class='ocrx_word' id='word_1_241' title='bbox 1670 3277 2016 3348; x_wconf 82' lang='grc' dir='ltr'>παρανομίας</span> 
     </span>
    </p>
   </div>
   <div class='ocr_carea' id='block_1_33' title="bbox 442 3367 2017 3444">
    <p class='ocr_par' dir='ltr' id='par_1_33' title="bbox 442 3367 2017 3444">
     <span class='ocr_line' id='line_1_33' title="bbox 442 3367 2017 3444; baseline 0.003 -21"><span class='ocrx_word' id='word_1_242' title='bbox 442 3367 675 3439; x_wconf 76' lang='grc' dir='ltr'>ἐκείνης.</span> <span class='ocrx_word' id='word_1_243' title='bbox 702 3369 812 3423; x_wconf 80' lang='grc' dir='ltr'>Καὶ</span> <span class='ocrx_word' id='word_1_244' title='bbox 840 3370 1204 3442; x_wconf 84' lang='grc' dir='ltr'>παραδίδωσιν</span> <span class='ocrx_word' id='word_1_245' title='bbox 1227 3372 1389 3426; x_wconf 79' lang='grc' dir='ltr'>αὑτὸν</span> <span class='ocrx_word' id='word_1_246' title='bbox 1408 3372 1486 3444; x_wconf 79' lang='grc' dir='ltr'>τῷ</span> <span class='ocrx_word' id='word_1_247' title='bbox 1507 3372 1756 3444; x_wconf 83' lang='grc' dir='ltr'>διαϐόλῳ,</span> <span class='ocrx_word' id='word_1_248' title='bbox 1787 3374 1881 3426; x_wconf 72' lang='grc' dir='ltr'>καὶ</span> <span class='ocrx_word' id='word_1_249' title='bbox 1911 3374 2017 3428; x_wconf 85' lang='grc' dir='ltr'>πά-</span> 
     </span>
    </p>
   </div>
   <div class='ocr_carea' id='block_1_34' title="bbox 444 3464 2018 3543">
    <p class='ocr_par' dir='ltr' id='par_1_34' title="bbox 444 3464 2018 3543">
     <span class='ocr_line' id='line_1_34' title="bbox 444 3464 2018 3543; baseline 0.008 -28"><span class='ocrx_word' id='word_1_250' title='bbox 444 3480 544 3536; x_wconf 88' lang='grc' dir='ltr'>σης</span> <span class='ocrx_word' id='word_1_251' title='bbox 580 3464 830 3536; x_wconf 77' lang='grc' dir='ltr'>ἐκτέμνει</span> <span class='ocrx_word' id='word_1_252' title='bbox 862 3467 963 3537; x_wconf 79' lang='grc' dir='ltr'>τῆς</span> <span class='ocrx_word' id='word_1_253' title='bbox 1020 3466 1361 3536; x_wconf 87' lang='grc' dir='ltr'>Ἐκκλησίας,</span> <span class='ocrx_word' id='word_1_254' title='bbox 1417 3468 1512 3523; x_wconf 77' lang='grc' dir='ltr'>καὶ</span> <span class='ocrx_word' id='word_1_255' title='bbox 1564 3470 1685 3523; x_wconf 86' lang='grc' dir='ltr'>οὐδέ</span> <span class='ocrx_word' id='word_1_256' title='bbox 1737 3469 2018 3543; x_wconf 81' lang='grc' dir='ltr'>τραπέζης</span> 
     </span>
    </p>
   </div>
   <div class='ocr_carea' id='block_1_35' title="bbox 442 3563 2019 3638">
    <p class='ocr_par' dir='ltr' id='par_1_35' title="bbox 442 3563 2019 3638">
     <span class='ocr_line' id='line_1_35' title="bbox 442 3563 2019 3638; baseline 0.002 -22"><span class='ocrx_word' id='word_1_257' title='bbox 442 3563 630 3634; x_wconf 76' lang='grc' dir='ltr'>κοινῆς</span> <span class='ocrx_word' id='word_1_258' title='bbox 655 3563 878 3633; x_wconf 86' lang='grc' dir='ltr'>ἀφίησιν</span> <span class='ocrx_word' id='word_1_259' title='bbox 898 3563 1058 3617; x_wconf 83' lang='grc' dir='ltr'>αὐτόν</span> <span class='ocrx_word' id='word_1_260' title='bbox 1078 3581 1185 3619; x_wconf 87' lang='grc' dir='ltr'>τινι</span> <span class='ocrx_word' id='word_1_261' title='bbox 1217 3567 1509 3619; x_wconf 83' lang='grc' dir='ltr'>κοινωνεῖν.</span> <span class='ocrx_word' id='word_1_262' title='bbox 1536 3566 1626 3637; x_wconf 82' lang='grc' dir='ltr'>Τῷ</span> <span class='ocrx_word' id='word_1_263' title='bbox 1651 3565 1760 3636; x_wconf 91' lang='grc' dir='ltr'>γάρ</span> <span class='ocrx_word' id='word_1_264' title='bbox 1790 3567 2019 3638; x_wconf 86' lang='grc' dir='ltr'>τοιούτῳ</span> 
     </span>
    </p>
   </div>
   <div class='ocr_carea' id='block_1_36' title="bbox 446 3657 2017 3734">
    <p class='ocr_par' dir='ltr' id='par_1_36' title="bbox 446 3657 2017 3734">
     <span class='ocr_line' id='line_1_36' title="bbox 446 3657 2017 3734; baseline 0.004 -23"><span class='ocrx_word' id='word_1_265' title='bbox 446 3676 521 3730; x_wconf 90' lang='grc' dir='ltr'>μη</span> <span class='ocrx_word' id='word_1_266' title='bbox 530 3657 583 3712; x_wconf 81' lang='grc' dir='ltr'>δὲ</span> <span class='ocrx_word' id='word_1_267' title='bbox 600 3658 897 3713; x_wconf 83' lang='grc' dir='ltr'>συνεσθίειν</span> <span class='ocrx_word' id='word_1_268' title='bbox 916 3658 1026 3713; x_wconf 87' lang='grc' dir='ltr'>δεῖν</span> <span class='ocrx_word' id='word_1_269' title='bbox 1044 3676 1197 3730; x_wconf 86' lang='grc' dir='ltr'>φησι,</span> <span class='ocrx_word' id='word_1_270' title='bbox 1218 3659 1313 3714; x_wconf 77' lang='grc' dir='ltr'>καὶ</span> <span class='ocrx_word' id='word_1_271' title='bbox 1338 3661 1506 3724; x_wconf 80' lang='grc' dir='ltr'>πολὺς</span> <span class='ocrx_word' id='word_1_272' title='bbox 1533 3663 1656 3714; x_wconf 86' lang='grc' dir='ltr'>πνεῖ</span> <span class='ocrx_word' id='word_1_273' title='bbox 1669 3661 1767 3732; x_wconf 78' lang='grc' dir='ltr'>τὴν</span> <span class='ocrx_word' id='word_1_274' title='bbox 1783 3662 2017 3734; x_wconf 77' lang='grc' dir='ltr'>ἐσχάτην</span> 
     </span>
    </p>
   </div>
   <div class='ocr_carea' id='block_1_37' title="bbox 443 3753 2021 3831">
    <p class='ocr_par' dir='ltr' id='par_1_37' title="bbox 443 3753 2021 3831">
     <span class='ocr_line' id='line_1_37' title="bbox 443 3753 2021 3831; baseline 0.002 -23"><span class='ocrx_word' id='word_1_275' title='bbox 443 3753 606 3808; x_wconf 83' lang='grc' dir='ltr'>αὐτὸν</span> <span class='ocrx_word' id='word_1_276' title='bbox 636 3754 884 3808; x_wconf 87' lang='grc' dir='ltr'>ἀπαιτῶν</span> <span class='ocrx_word' id='word_1_277' title='bbox 907 3755 1083 3827; x_wconf 89' lang='grc' dir='ltr'>δίκην,</span> <span class='ocrx_word' id='word_1_278' title='bbox 1123 3759 1217 3810; x_wconf 68' lang='grc' dir='ltr'>καὶ</span> <span class='ocrx_word' id='word_1_279' title='bbox 1244 3756 1422 3828; x_wconf 87' lang='grc' dir='ltr'>δημίῳ</span> <span class='ocrx_word' id='word_1_280' title='bbox 1460 3757 1599 3828; x_wconf 72' lang='grc' dir='ltr'>πρὸς</span> <span class='ocrx_word' id='word_1_281' title='bbox 1625 3757 1783 3812; x_wconf 88' lang='grc' dir='ltr'>τοῦτο</span> <span class='ocrx_word' id='word_1_282' title='bbox 1819 3775 2021 3831; x_wconf 85' lang='grc' dir='ltr'>κεχρη-</span> 
     </span>
    </p>
   </div>
   <div class='ocr_carea' id='block_1_38' title="bbox 446 3847 2018 3922">
    <p class='ocr_par' dir='ltr' id='par_1_38' title="bbox 446 3847 2018 3922">
     <span class='ocr_line' id='line_1_38' title="bbox 446 3847 2018 3922; baseline 0.006 -22"><span class='ocrx_word' id='word_1_283' title='bbox 446 3847 604 3916; x_wconf 81' lang='grc' dir='ltr'>μένος</span> <span class='ocrx_word' id='word_1_284' title='bbox 631 3848 709 3920; x_wconf 83' lang='grc' dir='ltr'>τῷ</span> <span class='ocrx_word' id='word_1_285' title='bbox 732 3850 964 3922; x_wconf 73' lang='grc' dir='ltr'>Σατανᾷ,</span> <span class='ocrx_word' id='word_1_286' title='bbox 988 3853 1083 3905; x_wconf 72' lang='grc' dir='ltr'>καὶ</span> <span class='ocrx_word' id='word_1_287' title='bbox 1108 3854 1467 3909; x_wconf 86' lang='grc' dir='ltr'>κατακόπτων</span> <span class='ocrx_word' id='word_1_288' title='bbox 1496 3853 1659 3907; x_wconf 91' lang='grc' dir='ltr'>αὐτοῦ</span> <span class='ocrx_word' id='word_1_289' title='bbox 1700 3855 1769 3909; x_wconf 85' lang='grc' dir='ltr'>δι’</span> <span class='ocrx_word' id='word_1_290' title='bbox 1811 3854 2018 3909; x_wconf 84' lang='grc' dir='ltr'>ἐκείνου</span> 
     </span>
    </p>
   </div>
   <div class='ocr_carea' id='block_1_39' title="bbox 442 3946 2018 4023">
    <p class='ocr_par' dir='ltr' id='par_1_39' title="bbox 442 3946 2018 4023">
     <span class='ocr_line' id='line_1_39' title="bbox 442 3946 2018 4023; baseline 0.003 -25"><span class='ocrx_word' id='word_1_291' title='bbox 442 3946 540 4017; x_wconf 84' lang='grc' dir='ltr'>τήν</span> <span class='ocrx_word' id='word_1_292' title='bbox 570 3946 768 4016; x_wconf 90' lang='grc' dir='ltr'>σάρκα.</span> <span class='ocrx_word' id='word_1_293' title='bbox 811 3948 949 4001; x_wconf 86' lang='grc' dir='ltr'>Ἀλλ’</span> <span class='ocrx_word' id='word_1_294' title='bbox 975 3948 1123 4019; x_wconf 86' lang='grc' dir='ltr'>ὅμως</span> <span class='ocrx_word' id='word_1_295' title='bbox 1148 3950 1177 4002; x_wconf 97' lang='lat'>6</span> <span class='ocrx_word' id='word_1_296' title='bbox 1213 3948 1314 4021; x_wconf 85' lang='grc' dir='ltr'>τῆς</span> <span class='ocrx_word' id='word_1_297' title='bbox 1357 3948 1687 4023; x_wconf 76' lang='grc' dir='ltr'>Ἐκκλησίας</span> <span class='ocrx_word' id='word_1_298' title='bbox 1725 3950 2018 4022; x_wconf 84' lang='grc' dir='ltr'>ἀποτεμὼν</span> 
     </span>
    </p>
   </div>
   <div class='ocr_carea' id='block_1_40' title="bbox 444 4041 2016 4118">
    <p class='ocr_par' dir='ltr' id='par_1_40' title="bbox 444 4041 2016 4118">
     <span class='ocr_line' id='line_1_40' title="bbox 444 4041 2016 4118; baseline 0.004 -23"><span class='ocrx_word' id='word_1_299' title='bbox 444 4041 678 4106; x_wconf 84' lang='grc' dir='ltr'>Παῦλος,</span> <span class='ocrx_word' id='word_1_300' title='bbox 698 4045 726 4095; x_wconf 91' lang='lat'>6</span> <span class='ocrx_word' id='word_1_301' title='bbox 749 4042 882 4115; x_wconf 83' lang='grc' dir='ltr'>μηδὲ</span> <span class='ocrx_word' id='word_1_302' title='bbox 908 4045 1184 4116; x_wconf 78' lang='grc' dir='ltr'>τραπέζης</span> <span class='ocrx_word' id='word_1_303' title='bbox 1203 4047 1392 4118; x_wconf 83' lang='grc' dir='ltr'>κοινῆς</span> <span class='ocrx_word' id='word_1_304' title='bbox 1416 4047 1573 4117; x_wconf 90' lang='grc' dir='ltr'>ἀφείς</span> <span class='ocrx_word' id='word_1_305' title='bbox 1587 4065 1694 4102; x_wconf 91' lang='grc' dir='ltr'>τινι</span> <span class='ocrx_word' id='word_1_306' title='bbox 1722 4050 2016 4113; x_wconf 85' lang='grc' dir='ltr'>κοινωνεῖν,</span> 
     </span>
    </p>
   </div>
   <div class='ocr_carea' id='block_1_41' title="bbox 423 4138 2019 4216">
    <p class='ocr_par' dir='ltr' id='par_1_41' title="bbox 423 4138 2019 4216">
     <span class='ocr_line' id='line_1_41' title="bbox 423 4138 2019 4216; baseline 0.005 -27"><span class='ocrx_word' id='word_1_307' title='bbox 423 4140 472 4203; x_wconf 45' lang='grc' dir='ltr'>,ὁ</span> <span class='ocrx_word' id='word_1_308' title='bbox 529 4140 737 4202; x_wconf 78' lang='grc' dir='ltr'>πάντας</span> <span class='ocrx_word' id='word_1_309' title='bbox 784 4138 1046 4203; x_wconf 87' lang='grc' dir='ltr'>κελεύσας</span> <span class='ocrx_word' id='word_1_310' title='bbox 1078 4141 1147 4194; x_wconf 80' lang='grc' dir='ltr'>δι’</span> <span class='ocrx_word' id='word_1_311' title='bbox 1186 4144 1390 4198; x_wconf 83' lang='grc' dir='ltr'>ἐκεῖνον</span> <span class='ocrx_word' id='word_1_312' title='bbox 1433 4144 1648 4199; x_wconf 87' lang='grc' dir='ltr'>πενθεῖν</span> <span class='ocrx_word' id='word_1_313' title='bbox 1673 4145 1817 4216; x_wconf 79' lang='grc' dir='ltr'>(Καὶ</span> <span class='ocrx_word' id='word_1_314' title='bbox 1850 4144 2019 4215; x_wconf 83' lang='grc' dir='ltr'>ὑμεῖς</span> 
     </span>
    </p>
   </div>
   <div class='ocr_carea' id='block_1_42' title="bbox 442 4235 2021 4313">
    <p class='ocr_par' dir='ltr' id='par_1_42' title="bbox 442 4235 2021 4313">
     <span class='ocr_line' id='line_1_42' title="bbox 442 4235 2021 4313; baseline 0.004 -24"><span class='ocrx_word' id='word_1_315' title='bbox 442 4235 554 4305; x_wconf 75' lang='grc' dir='ltr'>γὰρ</span> <span class='ocrx_word' id='word_1_316' title='bbox 582 4235 1019 4307; x_wconf 73' lang='grc' dir='ltr'>πεφυσιωμένοι</span> <span class='ocrx_word' id='word_1_317' title='bbox 1069 4238 1231 4304; x_wconf 82' lang='grc' dir='ltr'>ἐστὲ,</span> <span class='ocrx_word' id='word_1_318' title='bbox 1275 4240 1430 4310; x_wconf 72' lang='grc' dir='ltr'>φησὶ,</span> <span class='ocrx_word' id='word_1_319' title='bbox 1481 4241 1579 4296; x_wconf 77' lang='grc' dir='ltr'>καί</span> <span class='ocrx_word' id='word_1_320' title='bbox 1609 4243 1744 4313; x_wconf 79' lang='grc' dir='ltr'>οὐχὶ</span> <span class='ocrx_word' id='word_1_321' title='bbox 1777 4241 2021 4313; x_wconf 76' lang='grc' dir='ltr'>μᾶλλον</span> 
     </span>
    </p>
   </div>
   <div class='ocr_carea' id='block_1_43' title="bbox 441 4333 2022 4412">
    <p class='ocr_par' dir='ltr' id='par_1_43' title="bbox 441 4333 2022 4412">
     <span class='ocr_line' id='line_1_43' title="bbox 441 4333 2022 4412; baseline 0.005 -24"><span class='ocrx_word' id='word_1_322' title='bbox 441 4333 834 4401; x_wconf 76' lang='grc' dir='ltr'>ἐπενθήσατε,</span> <span class='ocrx_word' id='word_1_323' title='bbox 852 4336 951 4389; x_wconf 85' lang='grc' dir='ltr'>ἵνα</span> <span class='ocrx_word' id='word_1_324' title='bbox 970 4335 1194 4406; x_wconf 76' lang='grc' dir='ltr'>ἐξαρθῇ</span> <span class='ocrx_word' id='word_1_325' title='bbox 1211 4338 1280 4391; x_wconf 82' lang='grc' dir='ltr'>ἐκ</span> <span class='ocrx_word' id='word_1_326' title='bbox 1302 4337 1497 4407; x_wconf 83' lang='grc' dir='ltr'>μέσου</span> <span class='ocrx_word' id='word_1_327' title='bbox 1519 4338 1686 4410; x_wconf 83' lang='grc' dir='ltr'>ὑμῶν</span> <span class='ocrx_word' id='word_1_328' title='bbox 1705 4344 1738 4395; x_wconf 84' lang='grc' dir='ltr'>ό</span> <span class='ocrx_word' id='word_1_329' title='bbox 1752 4341 1817 4394; x_wconf 85' lang='grc' dir='ltr'>τὸ</span> <span class='ocrx_word' id='word_1_330' title='bbox 1843 4341 2022 4412; x_wconf 61' lang='grc' dir='ltr'>ἔργον</span> 
     </span>
    </p>
   </div>
   <div class='ocr_carea' id='block_1_44' title="bbox 444 4431 2020 4508">
    <p class='ocr_par' dir='ltr' id='par_1_44' title="bbox 444 4431 2020 4508">
     <span class='ocr_line' id='line_1_44' title="bbox 444 4431 2020 4508; baseline 0.004 -25"><span class='ocrx_word' id='word_1_331' title='bbox 444 4431 618 4486; x_wconf 81' lang='grc' dir='ltr'>τοῦτο</span> <span class='ocrx_word' id='word_1_332' title='bbox 642 4431 1024 4503; x_wconf 80' lang='grc' dir='ltr'>πεποιηκὼς),</span> <span class='ocrx_word' id='word_1_333' title='bbox 1041 4434 1069 4486; x_wconf 92' lang='lat'>6</span> <span class='ocrx_word' id='word_1_334' title='bbox 1086 4433 1419 4503; x_wconf 86' lang='grc' dir='ltr'>πανταχόθεν</span> <span class='ocrx_word' id='word_1_335' title='bbox 1442 4434 1604 4487; x_wconf 81' lang='grc' dir='ltr'>αὑτὸν</span> <span class='ocrx_word' id='word_1_336' title='bbox 1622 4434 1809 4508; x_wconf 84' lang='grc' dir='ltr'>ὥσπερ</span> <span class='ocrx_word' id='word_1_337' title='bbox 1833 4435 2020 4508; x_wconf 89' lang='grc' dir='ltr'>λοιμόν</span> 
     </span>
    </p>
   </div>
   <div class='ocr_carea' id='block_1_45' title="bbox 443 4528 2018 4602">
    <p class='ocr_par' dir='ltr' id='par_1_45' title="bbox 443 4528 2018 4602">
     <span class='ocr_line' id='line_1_45' title="bbox 443 4528 2018 4602; baseline 0.003 -21"><span class='ocrx_word' id='word_1_338' title='bbox 443 4547 563 4582; x_wconf 80' lang='grc' dir='ltr'>τινα</span> <span class='ocrx_word' id='word_1_339' title='bbox 602 4528 940 4596; x_wconf 87' lang='grc' dir='ltr'>ἀπελαύνων,</span> <span class='ocrx_word' id='word_1_340' title='bbox 973 4532 1001 4583; x_wconf 90' lang='lat'>6</span> <span class='ocrx_word' id='word_1_341' title='bbox 1053 4529 1232 4602; x_wconf 84' lang='grc' dir='ltr'>πάσης</span> <span class='ocrx_word' id='word_1_342' title='bbox 1259 4530 1421 4585; x_wconf 83' lang='grc' dir='ltr'>αὐτὸν</span> <span class='ocrx_word' id='word_1_343' title='bbox 1460 4531 1792 4597; x_wconf 86' lang='grc' dir='ltr'>ἀποκλείσας</span> <span class='ocrx_word' id='word_1_344' title='bbox 1818 4532 2018 4598; x_wconf 78' lang='grc' dir='ltr'>οἰκίας,</span> 
     </span>
    </p>
   </div>
   <div class='ocr_carea' id='block_1_46' title="bbox 445 4625 2019 4702">
    <p class='ocr_par' dir='ltr' id='par_1_46' title="bbox 445 4625 2019 4702">
     <span class='ocr_line' id='line_1_46' title="bbox 445 4625 2019 4702; baseline 0.004 -24"><span class='ocrx_word' id='word_1_345' title='bbox 445 4628 475 4678; x_wconf 97' lang='lat'>6</span> <span class='ocrx_word' id='word_1_346' title='bbox 501 4625 577 4697; x_wconf 84' lang='grc' dir='ltr'>τῷ</span> <span class='ocrx_word' id='word_1_347' title='bbox 600 4627 812 4699; x_wconf 80' lang='grc' dir='ltr'>Σατανᾷ</span> <span class='ocrx_word' id='word_1_348' title='bbox 841 4629 1136 4699; x_wconf 80' lang='grc' dir='ltr'>παραδοὺς,</span> <span class='ocrx_word' id='word_1_349' title='bbox 1158 4630 1187 4682; x_wconf 87' lang='lat'>6</span> <span class='ocrx_word' id='word_1_350' title='bbox 1217 4629 1487 4702; x_wconf 86' lang='grc' dir='ltr'>τοσαύτην</span> <span class='ocrx_word' id='word_1_351' title='bbox 1518 4629 1648 4701; x_wconf 81' lang='grc' dir='ltr'>παρ’</span> <span class='ocrx_word' id='word_1_352' title='bbox 1676 4629 1841 4684; x_wconf 88' lang='grc' dir='ltr'>αὑτοῦ</span> <span class='ocrx_word' id='word_1_353' title='bbox 1863 4629 2019 4700; x_wconf 85' lang='grc' dir='ltr'>δίκην</span> 
     </span>
    </p>
   </div>
   <div class='ocr_carea' id='block_1_47' title="bbox 443 4721 2018 4799">
    <p class='ocr_par' dir='ltr' id='par_1_47' title="bbox 443 4721 2018 4799">
     <span class='ocr_line' id='line_1_47' title="bbox 443 4721 2018 4799; baseline 0.003 -24"><span class='ocrx_word' id='word_1_354' title='bbox 443 4724 715 4791; x_wconf 86' lang='grc' dir='ltr'>ἀπαιτῶν,</span> <span class='ocrx_word' id='word_1_355' title='bbox 753 4725 841 4779; x_wconf 86' lang='grc' dir='ltr'>ὅτε</span> <span class='ocrx_word' id='word_1_356' title='bbox 872 4721 1010 4779; x_wconf 83' lang='grc' dir='ltr'>εἶδεν</span> <span class='ocrx_word' id='word_1_357' title='bbox 1042 4724 1360 4797; x_wconf 84' lang='grc' dir='ltr'>ἀλγήσαντα</span> <span class='ocrx_word' id='word_1_358' title='bbox 1406 4727 1501 4782; x_wconf 78' lang='grc' dir='ltr'>καὶ</span> <span class='ocrx_word' id='word_1_359' title='bbox 1553 4726 1891 4799; x_wconf 82' lang='grc' dir='ltr'>μεταγνόντα</span> <span class='ocrx_word' id='word_1_360' title='bbox 1933 4728 2018 4797; x_wconf 81' lang='grc' dir='ltr'>ἐφ’</span> 
     </span>
    </p>
   </div>
   <div class='ocr_carea' id='block_1_48' title="bbox 446 4815 2017 4897">
    <p class='ocr_par' dir='ltr' id='par_1_48' title="bbox 446 4815 2017 4897">
     <span class='ocr_line' id='line_1_48' title="bbox 446 4815 2017 4897; baseline 0.003 -25"><span class='ocrx_word' id='word_1_361' title='bbox 446 4815 528 4883; x_wconf 69' lang='grc' dir='ltr'>οἷς</span> <span class='ocrx_word' id='word_1_362' title='bbox 556 4821 792 4893; x_wconf 79' lang='grc' dir='ltr'>ἥμαρτε,</span> <span class='ocrx_word' id='word_1_363' title='bbox 831 4822 926 4876; x_wconf 73' lang='grc' dir='ltr'>καὶ</span> <span class='ocrx_word' id='word_1_364' title='bbox 966 4822 1292 4895; x_wconf 83' lang='grc' dir='ltr'>παλινῳδίαν</span> <span class='ocrx_word' id='word_1_365' title='bbox 1326 4821 1415 4876; x_wconf 90' lang='grc' dir='ltr'>διά</span> <span class='ocrx_word' id='word_1_366' title='bbox 1450 4823 1558 4878; x_wconf 88' lang='grc' dir='ltr'>τῶν</span> <span class='ocrx_word' id='word_1_367' title='bbox 1586 4822 1762 4895; x_wconf 75' lang='grc' dir='ltr'>ἔργων</span> <span class='ocrx_word' id='word_1_368' title='bbox 1803 4823 2017 4897; x_wconf 70' lang='grc' dir='ltr'>ᾅδοντα,</span> 
     </span>
    </p>
   </div>
   <div class='ocr_carea' id='block_1_49' title="bbox 444 4916 2023 4999">
    <p class='ocr_par' dir='ltr' id='par_1_49' title="bbox 444 4916 2023 4999">
     <span class='ocr_line' id='line_1_49' title="bbox 444 4916 2023 4999; baseline 0.004 -29"><span class='ocrx_word' id='word_1_369' title='bbox 444 4916 615 4981; x_wconf 78' lang='grc' dir='ltr'>οὕτως</span> <span class='ocrx_word' id='word_1_370' title='bbox 652 4919 813 4984; x_wconf 77' lang='grc' dir='ltr'>αὐτὸς</span> <span class='ocrx_word' id='word_1_371' title='bbox 860 4921 1187 4991; x_wconf 77' lang='grc' dir='ltr'>μετετάξατο</span> <span class='ocrx_word' id='word_1_372' title='bbox 1203 4922 1384 4987; x_wconf 83' lang='grc' dir='ltr'>πάλιν,</span> <span class='ocrx_word' id='word_1_373' title='bbox 1413 4921 1495 4999; x_wconf 86' lang='grc' dir='ltr'>ὼς</span> <span class='ocrx_word' id='word_1_374' title='bbox 1515 4921 1764 4987; x_wconf 80' lang='grc' dir='ltr'>ἐκείνοις.</span> <span class='ocrx_word' id='word_1_375' title='bbox 1790 4917 1872 4988; x_wconf 73' lang='grc' dir='ltr'>οἷς</span> <span class='ocrx_word' id='word_1_376' title='bbox 1890 4921 2023 4977; x_wconf 87' lang='grc' dir='ltr'>ταῦ-</span> 
     </span>
    </p>
   </div>
   <div class='ocr_carea' id='block_1_50' title="bbox 447 5012 2019 5093">
    <p class='ocr_par' dir='ltr' id='par_1_50' title="bbox 447 5012 2019 5093">
     <span class='ocr_line' id='line_1_50' title="bbox 447 5012 2019 5093; baseline 0.006 -28"><span class='ocrx_word' id='word_1_377' title='bbox 447 5030 515 5066; x_wconf 85' lang='grc' dir='ltr'>τα</span> <span class='ocrx_word' id='word_1_378' title='bbox 540 5012 789 5079; x_wconf 80' lang='grc' dir='ltr'>ἐπέταξε,</span> <span class='ocrx_word' id='word_1_379' title='bbox 817 5016 886 5069; x_wconf 89' lang='lat'>16</span> <span class='ocrx_word' id='word_1_380' title='bbox 910 5019 1129 5075; x_wconf 79' lang='grc' dir='ltr'>ἐναντία</span> <span class='ocrx_word' id='word_1_381' title='bbox 1153 5019 1429 5075; x_wconf 84' lang='grc' dir='ltr'>κελεῦσαι.</span> <span class='ocrx_word' id='word_1_382' title='bbox 1448 5021 1506 5074; x_wconf 83' lang='lat'>&#39;0</span> <span class='ocrx_word' id='word_1_383' title='bbox 1533 5020 1641 5093; x_wconf 89' lang='grc' dir='ltr'>γάρ</span> <span class='ocrx_word' id='word_1_384' title='bbox 1675 5020 1865 5088; x_wconf 85' lang='grc' dir='ltr'>είπὼν,</span> <span class='ocrx_word' id='word_1_385' title='bbox 1896 5022 2019 5076; x_wconf 86' lang='grc' dir='ltr'>Ἐκ-</span> 
     </span>
    </p>
   </div>
   <div class='ocr_carea' id='block_1_51' title="bbox 446 5111 2021 5192">
    <p class='ocr_par' dir='ltr' id='par_1_51' title="bbox 446 5111 2021 5192">
     <span class='ocr_line' id='line_1_51' title="bbox 446 5111 2021 5192; baseline 0.006 -28"><span class='ocrx_word' id='word_1_386' title='bbox 446 5111 670 5181; x_wconf 66' lang='grc' dir='ltr'>κάψατε,</span> <span class='ocrx_word' id='word_1_387' title='bbox 720 5113 1130 5187; x_wconf 83' lang='grc' dir='ltr'>ἀποστράφητε,</span> <span class='ocrx_word' id='word_1_388' title='bbox 1178 5119 1507 5189; x_wconf 85' lang='grc' dir='ltr'>πενθήσατε,</span> <span class='ocrx_word' id='word_1_389' title='bbox 1561 5120 1656 5174; x_wconf 73' lang='grc' dir='ltr'>καὶ</span> <span class='ocrx_word' id='word_1_390' title='bbox 1699 5118 2021 5192; x_wconf 85' lang='grc' dir='ltr'>λαμϐανέτω</span> 
     </span>
    </p>
   </div>
   <div class='ocr_carea' id='block_1_52' title="bbox 445 5208 2023 5288">
    <p class='ocr_par' dir='ltr' id='par_1_52' title="bbox 445 5208 2023 5288">
     <span class='ocr_line' id='line_1_52' title="bbox 445 5208 2023 5288; baseline 0.007 -28"><span class='ocrx_word' id='word_1_391' title='bbox 445 5208 606 5265; x_wconf 79' lang='grc' dir='ltr'>αὐτὸν</span> <span class='ocrx_word' id='word_1_392' title='bbox 633 5213 662 5263; x_wconf 89' lang='lat'>6</span> <span class='ocrx_word' id='word_1_393' title='bbox 683 5209 948 5277; x_wconf 87' lang='grc' dir='ltr'>διάϐολος,</span> <span class='ocrx_word' id='word_1_394' title='bbox 993 5215 1046 5266; x_wconf 85' lang='grc' dir='ltr'>τί</span> <span class='ocrx_word' id='word_1_395' title='bbox 1098 5233 1295 5288; x_wconf 71' lang='grc' dir='ltr'>φησιν,</span> <span class='ocrx_word' id='word_1_396' title='bbox 1345 5218 1666 5286; x_wconf 65' lang='grc' dir='ltr'>κυρώσατε</span> <span class='ocrx_word' id='word_1_397' title='bbox 1715 5221 1803 5284; x_wconf 82' lang='grc' dir='ltr'>είς</span> <span class='ocrx_word' id='word_1_398' title='bbox 1836 5218 2023 5273; x_wconf 85' lang='grc' dir='ltr'>αὐτὸν</span> 
     </span>
    </p>
   </div>
   <div class='ocr_carea' id='block_1_53' title="bbox 443 5305 2021 5383">
    <p class='ocr_par' dir='ltr' id='par_1_53' title="bbox 443 5305 2021 5383">
     <span class='ocr_line' id='line_1_53' title="bbox 443 5305 2021 5383; baseline 0.005 -24"><span class='ocrx_word' id='word_1_399' title='bbox 443 5305 703 5376; x_wconf 72' lang='grc' dir='ltr'>ἀγάπην,</span> <span class='ocrx_word' id='word_1_400' title='bbox 738 5307 917 5378; x_wconf 70' lang='grc' dir='ltr'>μήπω</span> <span class='ocrx_word' id='word_1_401' title='bbox 940 5308 1015 5379; x_wconf 75' lang='grc' dir='ltr'>τῇ</span> <span class='ocrx_word' id='word_1_402' title='bbox 1048 5311 1443 5382; x_wconf 77' lang='grc' dir='ltr'>περισσοτέρᾳ</span> <span class='ocrx_word' id='word_1_403' title='bbox 1466 5314 1628 5383; x_wconf 74' lang='grc' dir='ltr'>λύπῃ</span> <span class='ocrx_word' id='word_1_404' title='bbox 1658 5311 1964 5381; x_wconf 72' lang='grc' dir='ltr'>καταποθῇ</span> <span class='ocrx_word' id='word_1_405' title='bbox 1989 5315 2021 5367; x_wconf 85' lang='grc' dir='ltr'>ό</span> 
     </span>
    </p>
   </div>
   <div class='ocr_carea' id='block_1_54' title="bbox 446 5401 2018 5484">
    <p class='ocr_par' dir='ltr' id='par_1_54' title="bbox 446 5401 2018 5484">
     <span class='ocr_line' id='line_1_54' title="bbox 446 5401 2018 5484; baseline 0.01 -31"><span class='ocrx_word' id='word_1_406' title='bbox 446 5401 732 5469; x_wconf 74' lang='grc' dir='ltr'>τοιοῦτος,</span> <span class='ocrx_word' id='word_1_407' title='bbox 771 5404 866 5457; x_wconf 80' lang='grc' dir='ltr'>καὶ</span> <span class='ocrx_word' id='word_1_408' title='bbox 905 5408 1436 5484; x_wconf 77' lang='grc' dir='ltr'>πλεονεκτηθῶμεν</span> <span class='ocrx_word' id='word_1_409' title='bbox 1485 5410 1605 5465; x_wconf 78' lang='grc' dir='ltr'>ὑπὸ</span> <span class='ocrx_word' id='word_1_410' title='bbox 1630 5410 1737 5465; x_wconf 82' lang='grc' dir='ltr'>τοῦ</span> <span class='ocrx_word' id='word_1_411' title='bbox 1760 5406 2018 5469; x_wconf 50' lang='grc' dir='ltr'>Σατανᾶ</span> 
     </span>
    </p>
   </div>
   <div class='ocr_carea' id='block_1_55' title="bbox 446 5498 2021 5581">
    <p class='ocr_par' dir='ltr' id='par_1_55' title="bbox 446 5498 2021 5581">
     <span class='ocr_line' id='line_1_55' title="bbox 446 5498 2021 5581; baseline 0.003 -27"><span class='ocrx_word' id='word_1_412' title='bbox 446 5502 517 5554; x_wconf 84' lang='grc' dir='ltr'>οὑ</span> <span class='ocrx_word' id='word_1_413' title='bbox 538 5498 651 5569; x_wconf 73' lang='grc' dir='ltr'>γὰρ</span> <span class='ocrx_word' id='word_1_414' title='bbox 674 5500 861 5554; x_wconf 86' lang='grc' dir='ltr'>αὑτοῦ</span> <span class='ocrx_word' id='word_1_415' title='bbox 886 5503 958 5556; x_wconf 86' lang='grc' dir='ltr'>τὰ</span> <span class='ocrx_word' id='word_1_416' title='bbox 986 5502 1256 5572; x_wconf 82' lang='grc' dir='ltr'>νοήματα</span> <span class='ocrx_word' id='word_1_417' title='bbox 1285 5506 1640 5578; x_wconf 80' lang='grc' dir='ltr'>ἀγνοοῦμεν.</span> <span class='ocrx_word' id='word_1_418' title='bbox 1689 5507 1853 5581; x_wconf 80' lang='grc' dir='ltr'>Ὁρᾷς</span> <span class='ocrx_word' id='word_1_419' title='bbox 1903 5505 2021 5570; x_wconf 88' lang='grc' dir='ltr'>πῶς</span> 
     </span>
    </p>
   </div>
   <div class='ocr_carea' id='block_1_56' title="bbox 447 5594 2020 5679">
    <p class='ocr_par' dir='ltr' id='par_1_56' title="bbox 447 5594 2020 5679">
     <span class='ocr_line' id='line_1_56' title="bbox 447 5594 2020 5679; baseline -0.02 -24"><span class='ocrx_word' id='word_1_420' title='bbox 447 5604 561 5655; x_wconf 70' lang='grc' dir='ltr'>ἔστι</span> <span class='ocrx_word' id='word_1_421' title='bbox 618 5598 904 5654; x_wconf 83' lang='grc' dir='ltr'>σατανικδν</span> <span class='ocrx_word' id='word_1_422' title='bbox 947 5594 1100 5672; x_wconf 79' lang='lat'>[5‘57]</span> <span class='ocrx_word' id='word_1_423' title='bbox 1153 5600 1215 5654; x_wconf 82' lang='grc' dir='ltr'>τδ</span> <span class='ocrx_word' id='word_1_424' title='bbox 1247 5602 1504 5676; x_wconf 64' lang='grc' dir='ltr'>ἀμέτρως</span> <span class='ocrx_word' id='word_1_425' title='bbox 1554 5604 1739 5676; x_wconf 61' lang='grc' dir='ltr'>ἀλγεῖν</span> <span class='ocrx_word' id='word_1_426' title='bbox 1780 5608 1876 5664; x_wconf 54' lang='grc' dir='ltr'>καὶ</span> <span class='ocrx_word' id='word_1_427' title='bbox 1920 5607 2020 5679; x_wconf 67' lang='grc' dir='ltr'>τῆς</span> 
     </span>
    </p>
   </div>
   <div class='ocr_carea' id='block_1_57' title="bbox 512 5758 1412 5826">
    <p class='ocr_par' dir='ltr' id='par_1_57' title="bbox 512 5758 1412 5826">
     <span class='ocr_line' id='line_1_57' title="bbox 512 5758 1412 5826; baseline 0.004 -18"><span class='ocrx_word' id='word_1_428' title='bbox 512 5761 537 5826; x_wconf 64' lang='grc' dir='ltr'>ξ’</span> <span class='ocrx_word' id='word_1_429' title='bbox 562 5758 744 5826; x_wconf 78' lang='lat' dir='ltr'><strong>Omnes</strong></span> <span class='ocrx_word' id='word_1_430' title='bbox 761 5759 916 5810; x_wconf 81' lang='lat' dir='ltr'>ferme</span> <span class='ocrx_word' id='word_1_431' title='bbox 942 5760 1021 5826; x_wconf 80' lang='grc' dir='ltr'>καὶ</span> <span class='ocrx_word' id='word_1_432' title='bbox 1040 5762 1193 5826; x_wconf 74' lang='grc' dir='ltr'>ψυχῆς</span> <span class='ocrx_word' id='word_1_433' title='bbox 1214 5762 1412 5826; x_wconf 74' lang='grc' dir='ltr'>ὄλεθρος.</span> 
     </span>
    </p>
   </div>
   <div class='ocr_carea' id='block_1_58' title="bbox 511 5821 1546 5890">
    <p class='ocr_par' dir='ltr' id='par_1_58' title="bbox 511 5821 1546 5890">
     <span class='ocr_line' id='line_1_58' title="bbox 511 5821 1546 5890; baseline 0.003 -19"><span class='ocrx_word' id='word_1_434' title='bbox 511 5821 543 5863; x_wconf 69' lang='grc' dir='ltr'>δ</span> <span class='ocrx_word' id='word_1_435' title='bbox 562 5824 761 5887; x_wconf 72' lang='lat' dir='ltr'>Aliquot.</span> <span class='ocrx_word' id='word_1_436' title='bbox 785 5836 898 5873; x_wconf 82' lang='lat' dir='ltr'>mss.</span> <span class='ocrx_word' id='word_1_437' title='bbox 924 5824 1003 5871; x_wconf 81' lang='grc' dir='ltr'>καὶ</span> <span class='ocrx_word' id='word_1_438' title='bbox 1021 5821 1415 5890; x_wconf 71' lang='grc' dir='ltr'>καθαρισμοῦδιά</span> <span class='ocrx_word' id='word_1_439' title='bbox 1448 5831 1546 5885; x_wconf 84' lang='grc' dir='ltr'>τῆς.</span> 
     </span>
    </p>
   </div>
   <div class='ocr_carea' id='block_1_59' title="bbox 1156 390 3005 455">
    <p class='ocr_par' dir='ltr' id='par_1_59' title="bbox 1156 390 3005 455">
     <span class='ocr_line' id='line_1_59' title="bbox 1156 390 3005 455; baseline 0.001 -4"><span class='ocrx_word' id='word_1_440' title='bbox 1156 395 1213 451; x_wconf 85' lang='lat' dir='ltr'>S.</span> <span class='ocrx_word' id='word_1_441' title='bbox 1255 396 1542 452; x_wconf 78' lang='lat' dir='ltr'>JOANNIS</span> <span class='ocrx_word' id='word_1_442' title='bbox 1582 390 2069 452; x_wconf 76' lang='lat' dir='ltr'>CHRYSOSTOMI</span> <span class='ocrx_word' id='word_1_443' title='bbox 2105 394 2421 453; x_wconf 75' lang='lat' dir='ltr'>ARCHIEP.</span> <span class='ocrx_word' id='word_1_444' title='bbox 2462 396 3005 455; x_wconf 72' lang='lat' dir='ltr'>CONSTANTINOP.</span> 
     </span>
    </p>
   </div>
   <div class='ocr_carea' id='block_1_60' title="bbox 3580 396 3686 456">
    <p class='ocr_par' dir='ltr' id='par_1_60' title="bbox 3580 396 3686 456">
     <span class='ocr_line' id='line_1_60' title="bbox 3580 396 3686 456; baseline 0 0"><span class='ocrx_word' id='word_1_445' title='bbox 3580 396 3686 456; x_wconf 68' lang='lat'>553</span> 
     </span>
    </p>
   </div>
   <div class='ocr_carea' id='block_1_61' title="bbox 2118 507 3684 584">
    <p class='ocr_par' dir='ltr' id='par_1_61' title="bbox 2118 507 3684 584">
     <span class='ocr_line' id='line_1_61' title="bbox 2118 507 3684 584; baseline 0.001 -21"><span class='ocrx_word' id='word_1_446' title='bbox 2118 511 2324 564; x_wconf 82' lang='grc' dir='ltr'>ἐκείνου</span> <span class='ocrx_word' id='word_1_447' title='bbox 2367 512 2590 581; x_wconf 82' lang='grc' dir='ltr'>παγίδος</span> <span class='ocrx_word' id='word_1_448' title='bbox 2640 512 2821 583; x_wconf 75' lang='grc' dir='ltr'>ἔργον,</span> <span class='ocrx_word' id='word_1_449' title='bbox 2867 510 2928 562; x_wconf 82' lang='lat'>16</span> <span class='ocrx_word' id='word_1_450' title='bbox 2977 509 3240 580; x_wconf 83' lang='grc' dir='ltr'>σωτήριον</span> <span class='ocrx_word' id='word_1_451' title='bbox 3286 507 3574 581; x_wconf 79' lang='grc' dir='ltr'>φάρμακον</span> <span class='ocrx_word' id='word_1_452' title='bbox 3615 514 3684 584; x_wconf 64' lang='grc' dir='ltr'>τῇ</span> 
     </span>
    </p>
   </div>
   <div class='ocr_carea' id='block_1_62' title="bbox 2116 596 3685 671">
    <p class='ocr_par' dir='ltr' id='par_1_62' title="bbox 2116 596 3685 671">
     <span class='ocr_line' id='line_1_62' title="bbox 2116 596 3685 671; baseline 0 -20"><span class='ocrx_word' id='word_1_453' title='bbox 2116 598 2353 670; x_wconf 80' lang='grc' dir='ltr'>ἀμετρίᾳ</span> <span class='ocrx_word' id='word_1_454' title='bbox 2378 599 2657 663; x_wconf 87' lang='grc' dir='ltr'>ποιοῦντος</span> <span class='ocrx_word' id='word_1_455' title='bbox 2685 598 3042 670; x_wconf 85' lang='grc' dir='ltr'>δηλητήριον;</span> <span class='ocrx_word' id='word_1_456' title='bbox 3068 596 3176 649; x_wconf 91' lang='lat' dir='ltr'>Kal</span> <span class='ocrx_word' id='word_1_457' title='bbox 3213 596 3322 667; x_wconf 87' lang='grc' dir='ltr'>γάρ</span> <span class='ocrx_word' id='word_1_458' title='bbox 3354 597 3561 665; x_wconf 87' lang='grc' dir='ltr'>γίνεται</span> <span class='ocrx_word' id='word_1_459' title='bbox 3587 599 3685 671; x_wconf 74' lang='grc' dir='ltr'>δηο</span> 
     </span>
    </p>
   </div>
   <div class='ocr_carea' id='block_1_63' title="bbox 2114 685 3687 759">
    <p class='ocr_par' dir='ltr' id='par_1_63' title="bbox 2114 685 3687 759">
     <span class='ocr_line' id='line_1_63' title="bbox 2114 685 3687 759; baseline 0.001 -20"><span class='ocrx_word' id='word_1_460' title='bbox 2114 687 2389 759; x_wconf 84' lang='grc' dir='ltr'>λητήριον,</span> <span class='ocrx_word' id='word_1_461' title='bbox 2409 688 2646 759; x_wconf 85' lang='grc' dir='ltr'>κάκείνῳ</span> <span class='ocrx_word' id='word_1_462' title='bbox 2677 687 2768 741; x_wconf 81' lang='grc' dir='ltr'>τὸν</span> <span class='ocrx_word' id='word_1_463' title='bbox 2798 686 3081 758; x_wconf 83' lang='grc' dir='ltr'>ἄνθρωπον</span> <span class='ocrx_word' id='word_1_464' title='bbox 3117 685 3500 756; x_wconf 86' lang='grc' dir='ltr'>παραδίδωσιν,</span> <span class='ocrx_word' id='word_1_465' title='bbox 3557 687 3687 742; x_wconf 84' lang='grc' dir='ltr'>ὅταν</span> 
     </span>
    </p>
   </div>
   <div class='ocr_carea' id='block_1_64' title="bbox 2114 771 3688 848">
    <p class='ocr_par' dir='ltr' id='par_1_64' title="bbox 2114 771 3688 848">
     <span class='ocr_line' id='line_1_64' title="bbox 2114 771 3688 848; baseline 0 -20"><span class='ocrx_word' id='word_1_466' title='bbox 2114 776 2194 839; x_wconf 83' lang='grc' dir='ltr'>εἰς</span> <span class='ocrx_word' id='word_1_467' title='bbox 2214 776 2479 848; x_wconf 85' lang='grc' dir='ltr'>ἀμετρίαν</span> <span class='ocrx_word' id='word_1_468' title='bbox 2508 777 2734 848; x_wconf 73' lang='grc' dir='ltr'>ἐκπέσῃο</span> <span class='ocrx_word' id='word_1_469' title='bbox 2756 774 2835 828; x_wconf 80' lang='grc' dir='ltr'>διὸ</span> <span class='ocrx_word' id='word_1_470' title='bbox 2857 775 2950 828; x_wconf 73' lang='grc' dir='ltr'>καὶ</span> <span class='ocrx_word' id='word_1_471' title='bbox 2976 773 3181 841; x_wconf 77' lang='grc' dir='ltr'>ἔλεγεν,</span> <span class='ocrx_word' id='word_1_472' title='bbox 3217 771 3449 843; x_wconf 81' lang='grc' dir='ltr'>Ἰναμὴ</span> <span class='ocrx_word' id='word_1_473' title='bbox 3467 776 3688 828; x_wconf 74' lang='grc' dir='ltr'>πλεον-</span> 
     </span>
    </p>
   </div>
   <div class='ocr_carea' id='block_1_65' title="bbox 2113 858 3685 932">
    <p class='ocr_par' dir='ltr' id='par_1_65' title="bbox 2113 858 3685 932">
     <span class='ocr_line' id='line_1_65' title="bbox 2113 858 3685 932; baseline -0.001 -17"><span class='ocrx_word' id='word_1_474' title='bbox 2113 861 2451 932; x_wconf 76' lang='grc' dir='ltr'>εκτηθῶμεν</span> <span class='ocrx_word' id='word_1_475' title='bbox 2478 862 2595 915; x_wconf 75' lang='grc' dir='ltr'>ὑπὸ</span> <span class='ocrx_word' id='word_1_476' title='bbox 2637 861 2741 915; x_wconf 83' lang='grc' dir='ltr'>τοῦ</span> <span class='ocrx_word' id='word_1_477' title='bbox 2769 859 3027 916; x_wconf 82' lang='grc' dir='ltr'>Σατανᾶ.</span> <span class='ocrx_word' id='word_1_478' title='bbox 3060 859 3127 915; x_wconf 86' lang='lat' dir='ltr'>&quot;O</span> <span class='ocrx_word' id='word_1_479' title='bbox 3156 858 3212 911; x_wconf 82' lang='grc' dir='ltr'>δὲ</span> <span class='ocrx_word' id='word_1_480' title='bbox 3244 858 3413 927; x_wconf 80' lang='grc' dir='ltr'>λέγει,</span> <span class='ocrx_word' id='word_1_481' title='bbox 3447 859 3685 915; x_wconf 88' lang='grc' dir='ltr'>τοιοῦτόν</span> 
     </span>
    </p>
   </div>
   <div class='ocr_carea' id='block_1_66' title="bbox 2116 946 3685 1021">
    <p class='ocr_par' dir='ltr' id='par_1_66' title="bbox 2116 946 3685 1021">
     <span class='ocr_line' id='line_1_66' title="bbox 2116 946 3685 1021; baseline -0.001 -19"><span class='ocrx_word' id='word_1_482' title='bbox 2116 951 2251 1002; x_wconf 86' lang='grc' dir='ltr'>ἐστι·</span> <span class='ocrx_word' id='word_1_483' title='bbox 2279 949 2484 1021; x_wconf 81' lang='grc' dir='ltr'>Ψώρας</span> <span class='ocrx_word' id='word_1_484' title='bbox 2498 950 2558 1003; x_wconf 88' lang='lat'>16</span> <span class='ocrx_word' id='word_1_485' title='bbox 2585 949 2855 1021; x_wconf 85' lang='grc' dir='ltr'>πρόϐατον</span> <span class='ocrx_word' id='word_1_486' title='bbox 2880 946 3233 1019; x_wconf 78' lang='grc' dir='ltr'>ἐμπέπληστο</span> <span class='ocrx_word' id='word_1_487' title='bbox 3273 957 3296 986; x_wconf 71' lang='grc' dir='ltr'>α</span> <span class='ocrx_word' id='word_1_488' title='bbox 3339 947 3563 1018; x_wconf 81' lang='grc' dir='ltr'>πολλῆς,</span> <span class='ocrx_word' id='word_1_489' title='bbox 3587 947 3685 1018; x_wconf 80' lang='grc' dir='ltr'>ὴλ-</span> 
     </span>
    </p>
   </div>
   <div class='ocr_carea' id='block_1_67' title="bbox 2113 1031 3684 1109">
    <p class='ocr_par' dir='ltr' id='par_1_67' title="bbox 2113 1031 3684 1109">
     <span class='ocr_line' id='line_1_67' title="bbox 2113 1031 3684 1109; baseline -0.001 -20"><span class='ocrx_word' id='word_1_490' title='bbox 2113 1034 2377 1108; x_wconf 85' lang='grc' dir='ltr'>λοτριώθη</span> <span class='ocrx_word' id='word_1_491' title='bbox 2416 1037 2512 1108; x_wconf 82' lang='grc' dir='ltr'>τῆς</span> <span class='ocrx_word' id='word_1_492' title='bbox 2559 1036 2779 1109; x_wconf 86' lang='grc' dir='ltr'>ἀγέλης,</span> <span class='ocrx_word' id='word_1_493' title='bbox 2825 1035 3116 1107; x_wconf 77' lang='grc' dir='ltr'>ἀπερῤάγη</span> <span class='ocrx_word' id='word_1_494' title='bbox 3178 1036 3277 1107; x_wconf 81' lang='grc' dir='ltr'>τῆς</span> <span class='ocrx_word' id='word_1_495' title='bbox 3338 1031 3684 1107; x_wconf 85' lang='grc' dir='ltr'>Ἐκκλησίας,</span> 
     </span>
    </p>
   </div>
   <div class='ocr_carea' id='block_1_68' title="bbox 2113 1117 3687 1197">
    <p class='ocr_par' dir='ltr' id='par_1_68' title="bbox 2113 1117 3687 1197">
     <span class='ocr_line' id='line_1_68' title="bbox 2113 1117 3687 1197; baseline 0.001 -21"><span class='ocrx_word' id='word_1_496' title='bbox 2113 1125 2250 1179; x_wconf 82' lang='grc' dir='ltr'>ἀλλά</span> <span class='ocrx_word' id='word_1_497' title='bbox 2277 1124 2553 1197; x_wconf 85' lang='grc' dir='ltr'>διώρθωσε</span> <span class='ocrx_word' id='word_1_498' title='bbox 2602 1125 2700 1196; x_wconf 81' lang='grc' dir='ltr'>τὴν</span> <span class='ocrx_word' id='word_1_499' title='bbox 2726 1124 2900 1189; x_wconf 87' lang='grc' dir='ltr'>νόσον,</span> <span class='ocrx_word' id='word_1_500' title='bbox 2935 1125 3126 1194; x_wconf 86' lang='grc' dir='ltr'>γέγονε</span> <span class='ocrx_word' id='word_1_501' title='bbox 3160 1123 3428 1195; x_wconf 88' lang='grc' dir='ltr'>πρόϐατον</span> <span class='ocrx_word' id='word_1_502' title='bbox 3451 1117 3561 1178; x_wconf 71' lang='grc' dir='ltr'>οῖον</span> <span class='ocrx_word' id='word_1_503' title='bbox 3587 1124 3687 1197; x_wconf 79' lang='grc' dir='ltr'>έμ-</span> 
     </span>
    </p>
   </div>
   <div class='ocr_carea' id='block_1_69' title="bbox 2113 1208 3684 1284">
    <p class='ocr_par' dir='ltr' id='par_1_69' title="bbox 2113 1208 3684 1284">
     <span class='ocr_line' id='line_1_69' title="bbox 2113 1208 3684 1284; baseline 0.001 -18"><span class='ocrx_word' id='word_1_504' title='bbox 2113 1213 2346 1282; x_wconf 87' lang='grc' dir='ltr'>προσθεν</span> <span class='ocrx_word' id='word_1_505' title='bbox 2373 1208 2461 1284; x_wconf 79' lang='grc' dir='ltr'>ἦν’</span> <span class='ocrx_word' id='word_1_506' title='bbox 2494 1212 2715 1282; x_wconf 89' lang='grc' dir='ltr'>τοιαύτη</span> <span class='ocrx_word' id='word_1_507' title='bbox 2755 1211 2862 1283; x_wconf 85' lang='grc' dir='ltr'>γὰρ</span> <span class='ocrx_word' id='word_1_508' title='bbox 2892 1211 2991 1281; x_wconf 76' lang='grc' dir='ltr'>τῆς</span> <span class='ocrx_word' id='word_1_509' title='bbox 3045 1211 3329 1282; x_wconf 84' lang='grc' dir='ltr'>μετανοίας</span> <span class='ocrx_word' id='word_1_510' title='bbox 3367 1213 3399 1284; x_wconf 82' lang='grc' dir='ltr'><strong>ἡ</strong></span> <span class='ocrx_word' id='word_1_511' title='bbox 3433 1211 3684 1283; x_wconf 89' lang='grc' dir='ltr'>δύναμις.</span> 
     </span>
    </p>
   </div>
   <div class='ocr_carea' id='block_1_70' title="bbox 2113 1298 3687 1370">
    <p class='ocr_par' dir='ltr' id='par_1_70' title="bbox 2113 1298 3687 1370">
     <span class='ocr_line' id='line_1_70' title="bbox 2113 1298 3687 1370; baseline -0.001 -18"><span class='ocrx_word' id='word_1_512' title='bbox 2113 1300 2308 1368; x_wconf 84' lang='grc' dir='ltr'>Γέγονε</span> <span class='ocrx_word' id='word_1_513' title='bbox 2338 1298 2521 1351; x_wconf 77' lang='grc' dir='ltr'>λοιπὸν</span> <span class='ocrx_word' id='word_1_514' title='bbox 2561 1299 2662 1369; x_wconf 82' lang='grc' dir='ltr'>τῆς</span> <span class='ocrx_word' id='word_1_515' title='bbox 2694 1298 2928 1370; x_wconf 89' lang='grc' dir='ltr'>ποίμνης</span> <span class='ocrx_word' id='word_1_516' title='bbox 2953 1298 3052 1370; x_wconf 83' lang='grc' dir='ltr'>τῆς</span> <span class='ocrx_word' id='word_1_517' title='bbox 3094 1298 3389 1369; x_wconf 77' lang='grc' dir='ltr'>ἡμετέρας.</span> <span class='ocrx_word' id='word_1_518' title='bbox 3430 1298 3687 1370; x_wconf 83' lang='grc' dir='ltr'>Ὀλοκλή-</span> 
     </span>
    </p>
   </div>
   <div class='ocr_carea' id='block_1_71' title="bbox 2117 1385 3685 1458">
    <p class='ocr_par' dir='ltr' id='par_1_71' title="bbox 2117 1385 3685 1458">
     <span class='ocr_line' id='line_1_71' title="bbox 2117 1385 3685 1458; baseline 0.001 -19"><span class='ocrx_word' id='word_1_519' title='bbox 2117 1404 2225 1458; x_wconf 89' lang='grc' dir='ltr'>ρως</span> <span class='ocrx_word' id='word_1_520' title='bbox 2256 1386 2688 1458; x_wconf 81' lang='grc' dir='ltr'>ὲπισπασὼμεθα</span> <span class='ocrx_word' id='word_1_521' title='bbox 2708 1388 2889 1451; x_wconf 79' lang='grc' dir='ltr'>αὐτὸν,</span> <span class='ocrx_word' id='word_1_522' title='bbox 2914 1387 3132 1450; x_wconf 80' lang='grc' dir='ltr'>ὑπτίαις</span> <span class='ocrx_word' id='word_1_523' title='bbox 3157 1385 3540 1457; x_wconf 81' lang='grc' dir='ltr'>ὑποδεξώμεθα</span> <span class='ocrx_word' id='word_1_524' title='bbox 3562 1389 3685 1451; x_wconf 84' lang='grc' dir='ltr'>ταῖς</span> 
     </span>
    </p>
   </div>
   <div class='ocr_carea' id='block_1_72' title="bbox 2112 1477 3687 1551">
    <p class='ocr_par' dir='ltr' id='par_1_72' title="bbox 2112 1477 3687 1551">
     <span class='ocr_line' id='line_1_72' title="bbox 2112 1477 3687 1551; baseline 0.001 -23"><span class='ocrx_word' id='word_1_525' title='bbox 2112 1479 2287 1548; x_wconf 78' lang='grc' dir='ltr'>χερσὶ,</span> <span class='ocrx_word' id='word_1_526' title='bbox 2310 1478 2715 1550; x_wconf 85' lang='grc' dir='ltr'>περιλάϐωμεν,</span> <span class='ocrx_word' id='word_1_527' title='bbox 2740 1477 3216 1551; x_wconf 83' lang='grc' dir='ltr'>περιπτυξώμεθα,</span> <span class='ocrx_word' id='word_1_528' title='bbox 3241 1477 3527 1548; x_wconf 82' lang='grc' dir='ltr'>ἐνώσωμεν</span> <span class='ocrx_word' id='word_1_529' title='bbox 3549 1480 3687 1549; x_wconf 76' lang='grc' dir='ltr'>ἡμῖν</span> 
     </span>
    </p>
   </div>
   <div class='ocr_carea' id='block_1_73' title="bbox 2113 1564 3681 1637">
    <p class='ocr_par' dir='ltr' id='par_1_73' title="bbox 2113 1564 3681 1637">
     <span class='ocr_line' id='line_1_73' title="bbox 2113 1564 3681 1637; baseline 0.002 -22"><span class='ocrx_word' id='word_1_530' title='bbox 2113 1564 2315 1628; x_wconf 85' lang='grc' dir='ltr'>αὐτοῖς.</span> <span class='ocrx_word' id='word_1_531' title='bbox 2366 1565 2428 1619; x_wconf 72' lang='lat' dir='ltr'><strong>El</strong></span> <span class='ocrx_word' id='word_1_532' title='bbox 2487 1565 2597 1635; x_wconf 84' lang='grc' dir='ltr'>γὰρ</span> <span class='ocrx_word' id='word_1_533' title='bbox 2656 1566 2732 1637; x_wconf 87' lang='grc' dir='ltr'>μὴ</span> <span class='ocrx_word' id='word_1_534' title='bbox 2780 1565 3168 1637; x_wconf 83' lang='grc' dir='ltr'>βουληθείημεν</span> <span class='ocrx_word' id='word_1_535' title='bbox 3219 1564 3377 1619; x_wconf 87' lang='grc' dir='ltr'>τοῦτο</span> <span class='ocrx_word' id='word_1_536' title='bbox 3433 1564 3681 1635; x_wconf 73' lang='grc' dir='ltr'>ποιῆσαι.</span> 
     </span>
    </p>
   </div>
   <div class='ocr_carea' id='block_1_74' title="bbox 2114 1650 3685 1725">
    <p class='ocr_par' dir='ltr' id='par_1_74' title="bbox 2114 1650 3685 1725">
     <span class='ocr_line' id='line_1_74' title="bbox 2114 1650 3685 1725; baseline 0.003 -22"><span class='ocrx_word' id='word_1_537' title='bbox 2114 1650 2426 1705; x_wconf 85' lang='grc' dir='ltr'>πλεονεκτεῖ</span> <span class='ocrx_word' id='word_1_538' title='bbox 2453 1650 2638 1706; x_wconf 80' lang='grc' dir='ltr'>λοιπὸν</span> <span class='ocrx_word' id='word_1_539' title='bbox 2683 1654 2835 1725; x_wconf 77' lang='grc' dir='ltr'>ἡμᾶς</span> <span class='ocrx_word' id='word_1_540' title='bbox 2883 1656 2912 1707; x_wconf 91' lang='lat'>6</span> <span class='ocrx_word' id='word_1_541' title='bbox 2950 1652 3214 1718; x_wconf 88' lang='grc' dir='ltr'>διάϐολος,</span> <span class='ocrx_word' id='word_1_542' title='bbox 3261 1652 3322 1705; x_wconf 90' lang='grc' dir='ltr'>οὐ</span> <span class='ocrx_word' id='word_1_543' title='bbox 3370 1652 3460 1705; x_wconf 78' lang='grc' dir='ltr'>τὸν</span> <span class='ocrx_word' id='word_1_544' title='bbox 3516 1651 3685 1707; x_wconf 86' lang='grc' dir='ltr'>αὑτοῦ</span> 
     </span>
    </p>
   </div>
   <div class='ocr_carea' id='block_1_75' title="bbox 2112 1737 3687 1813">
    <p class='ocr_par' dir='ltr' id='par_1_75' title="bbox 2112 1737 3687 1813">
     <span class='ocr_line' id='line_1_75' title="bbox 2112 1737 3687 1813; baseline 0.004 -22"><span class='ocrx_word' id='word_1_545' title='bbox 2112 1737 2603 1811; x_wconf 73' lang='grc' dir='ltr'>λαμϐάνων,,ἀλλά</span> <span class='ocrx_word' id='word_1_546' title='bbox 2629 1741 2721 1795; x_wconf 86' lang='grc' dir='ltr'>τὸν</span> <span class='ocrx_word' id='word_1_547' title='bbox 2774 1741 3044 1813; x_wconf 80' lang='grc' dir='ltr'>ἡμέτερον</span> <span class='ocrx_word' id='word_1_548' title='bbox 3090 1740 3379 1811; x_wconf 89' lang='grc' dir='ltr'>γενόμενον</span> <span class='ocrx_word' id='word_1_549' title='bbox 3427 1740 3536 1796; x_wconf 82' lang='grc' dir='ltr'>ἀπὸ</span> <span class='ocrx_word' id='word_1_550' title='bbox 3583 1739 3687 1809; x_wconf 80' lang='grc' dir='ltr'>τῆς</span> 
     </span>
    </p>
   </div>
   <div class='ocr_carea' id='block_1_76' title="bbox 2115 1826 3686 1900">
    <p class='ocr_par' dir='ltr' id='par_1_76' title="bbox 2115 1826 3686 1900">
     <span class='ocr_line' id='line_1_76' title="bbox 2115 1826 3686 1900; baseline 0.002 -21"><span class='ocrx_word' id='word_1_551' title='bbox 2115 1826 2384 1899; x_wconf 75' lang='grc' dir='ltr'>ῥᾳθυμίας</span> <span class='ocrx_word' id='word_1_552' title='bbox 2427 1829 2524 1899; x_wconf 78' lang='grc' dir='ltr'>τῆς</span> <span class='ocrx_word' id='word_1_553' title='bbox 2575 1828 2870 1900; x_wconf 82' lang='grc' dir='ltr'>ἡμετέρας,</span> <span class='ocrx_word' id='word_1_554' title='bbox 2904 1829 2997 1883; x_wconf 77' lang='grc' dir='ltr'>καὶ</span> <span class='ocrx_word' id='word_1_555' title='bbox 3022 1827 3110 1882; x_wconf 90' lang='grc' dir='ltr'>διά</span> <span class='ocrx_word' id='word_1_556' title='bbox 3131 1827 3230 1899; x_wconf 81' lang='grc' dir='ltr'>τῆς</span> <span class='ocrx_word' id='word_1_557' title='bbox 3264 1827 3528 1899; x_wconf 88' lang='grc' dir='ltr'>ἀμετρίας</span> <span class='ocrx_word' id='word_1_558' title='bbox 3583 1826 3686 1897; x_wconf 77' lang='grc' dir='ltr'>τῆς</span> 
     </span>
    </p>
   </div>
   <div class='ocr_carea' id='block_1_77' title="bbox 2113 1912 3686 1987">
    <p class='ocr_par' dir='ltr' id='par_1_77' title="bbox 2113 1912 3686 1987">
     <span class='ocr_line' id='line_1_77' title="bbox 2113 1912 3686 1987; baseline 0.001 -22"><span class='ocrx_word' id='word_1_559' title='bbox 2113 1914 2255 1967; x_wconf 88' lang='grc' dir='ltr'>κατά</span> <span class='ocrx_word' id='word_1_560' title='bbox 2298 1914 2398 1985; x_wconf 82' lang='grc' dir='ltr'>τήν</span> <span class='ocrx_word' id='word_1_561' title='bbox 2442 1912 2682 1987; x_wconf 84' lang='grc' dir='ltr'>ἀθυμίαν</span> <span class='ocrx_word' id='word_1_562' title='bbox 2718 1914 3145 1980; x_wconf 78' lang='grc' dir='ltr'>καταποντίζων,</span> <span class='ocrx_word' id='word_1_563' title='bbox 3175 1913 3268 1969; x_wconf 67' lang='grc' dir='ltr'>καὶ</span> <span class='ocrx_word' id='word_1_564' title='bbox 3290 1914 3455 1969; x_wconf 87' lang='grc' dir='ltr'>αὐτοῦ</span> <span class='ocrx_word' id='word_1_565' title='bbox 3499 1913 3686 1967; x_wconf 80' lang='grc' dir='ltr'>λοιπὸν</span> 
     </span>
    </p>
   </div>
   <div class='ocr_carea' id='block_1_78' title="bbox 2114 1997 3687 2073">
    <p class='ocr_par' dir='ltr' id='par_1_78' title="bbox 2114 1997 3687 2073">
     <span class='ocr_line' id='line_1_78' title="bbox 2114 1997 3687 2073; baseline 0.001 -20"><span class='ocrx_word' id='word_1_566' title='bbox 2114 2000 2282 2054; x_wconf 88' lang='grc' dir='ltr'>ποιῶν</span> <span class='ocrx_word' id='word_1_567' title='bbox 2312 1997 2472 2057; x_wconf 78' lang='grc' dir='ltr'>εἶναι.</span> <span class='ocrx_word' id='word_1_568' title='bbox 2525 2003 2615 2056; x_wconf 78' lang='grc' dir='ltr'>Διὸ</span> <span class='ocrx_word' id='word_1_569' title='bbox 2641 2001 2736 2057; x_wconf 72' lang='grc' dir='ltr'>καὶ</span> <span class='ocrx_word' id='word_1_570' title='bbox 2769 2003 3067 2073; x_wconf 87' lang='grc' dir='ltr'>ἐπήγαγεν,</span> <span class='ocrx_word' id='word_1_571' title='bbox 3105 2004 3188 2058; x_wconf 89' lang='grc' dir='ltr'>Οὐ</span> <span class='ocrx_word' id='word_1_572' title='bbox 3231 2002 3340 2072; x_wconf 78' lang='grc' dir='ltr'>τὰρ</span> <span class='ocrx_word' id='word_1_573' title='bbox 3393 2000 3578 2055; x_wconf 79' lang='grc' dir='ltr'>αὐτοῦ</span> <span class='ocrx_word' id='word_1_574' title='bbox 3613 2001 3687 2054; x_wconf 79' lang='grc' dir='ltr'>τὰ</span> 
     </span>
    </p>
   </div>
   <div class='ocr_carea' id='block_1_79' title="bbox 2111 2086 3686 2161">
    <p class='ocr_par' dir='ltr' id='par_1_79' title="bbox 2111 2086 3686 2161">
     <span class='ocr_line' id='line_1_79' title="bbox 2111 2086 3686 2161; baseline 0 -19"><span class='ocrx_word' id='word_1_575' title='bbox 2111 2088 2381 2159; x_wconf 77' lang='grc' dir='ltr'>νοήματα</span> <span class='ocrx_word' id='word_1_576' title='bbox 2434 2091 2790 2161; x_wconf 78' lang='grc' dir='ltr'>ἀγνοοῦμεν,</span> <span class='ocrx_word' id='word_1_577' title='bbox 2812 2092 2895 2145; x_wconf 83' lang='grc' dir='ltr'>ὅτι</span> <span class='ocrx_word' id='word_1_578' title='bbox 2938 2091 3032 2145; x_wconf 77' lang='grc' dir='ltr'>καὶ</span> <span class='ocrx_word' id='word_1_579' title='bbox 3073 2090 3160 2145; x_wconf 90' lang='grc' dir='ltr'>διά</span> <span class='ocrx_word' id='word_1_580' title='bbox 3188 2089 3296 2144; x_wconf 88' lang='grc' dir='ltr'>τῶν</span> <span class='ocrx_word' id='word_1_581' title='bbox 3333 2086 3686 2158; x_wconf 80' lang='grc' dir='ltr'>ὠφελούντων</span> 
     </span>
    </p>
   </div>
   <div class='ocr_carea' id='block_1_80' title="bbox 2114 2174 3687 2249">
    <p class='ocr_par' dir='ltr' id='par_1_80' title="bbox 2114 2174 3687 2249">
     <span class='ocr_line' id='line_1_80' title="bbox 2114 2174 3687 2249; baseline -0.001 -20"><span class='ocrx_word' id='word_1_582' title='bbox 2114 2176 2396 2243; x_wconf 83' lang='grc' dir='ltr'>πολλάκις,</span> <span class='ocrx_word' id='word_1_583' title='bbox 2427 2178 2554 2231; x_wconf 82' lang='grc' dir='ltr'>ὅταν</span> <span class='ocrx_word' id='word_1_584' title='bbox 2590 2176 2664 2249; x_wconf 80' lang='grc' dir='ltr'>μὴ</span> <span class='ocrx_word' id='word_1_585' title='bbox 2707 2179 2934 2242; x_wconf 89' lang='grc' dir='ltr'>δεόντως</span> <span class='ocrx_word' id='word_1_586' title='bbox 2962 2178 3135 2231; x_wconf 88' lang='grc' dir='ltr'>ταῦτα</span> <span class='ocrx_word' id='word_1_587' title='bbox 3162 2177 3407 2249; x_wconf 86' lang='grc' dir='ltr'>γένηται,</span> <span class='ocrx_word' id='word_1_588' title='bbox 3430 2177 3556 2240; x_wconf 82' lang='grc' dir='ltr'>τούς</span> <span class='ocrx_word' id='word_1_589' title='bbox 3607 2174 3687 2248; x_wconf 78' lang='grc' dir='ltr'>μὴ</span> 
     </span>
    </p>
   </div>
   <div class='ocr_carea' id='block_1_81' title="bbox 2113 2264 3329 2335">
    <p class='ocr_par' dir='ltr' id='par_1_81' title="bbox 2113 2264 3329 2335">
     <span class='ocr_line' id='line_1_81' title="bbox 2113 2264 3329 2335; baseline 0.003 -19"><span class='ocrx_word' id='word_1_590' title='bbox 2113 2264 2473 2335; x_wconf 85' lang='grc' dir='ltr'>προσέχοντας</span> <span class='ocrx_word' id='word_1_591' title='bbox 2503 2264 2876 2329; x_wconf 78' lang='grc' dir='ltr'>ὑποσκελίζειν</span> <span class='ocrx_word' id='word_1_592' title='bbox 2904 2265 3111 2320; x_wconf 86' lang='grc' dir='ltr'>εῖωθεν.</span> <span class='ocrx_word' id='word_1_593' title='bbox 3326 2298 3329 2301; x_wconf 97' lang='grc'><strong>-</strong></span> 
     </span>
    </p>
   </div>
   <div class='ocr_carea' id='block_1_82' title="bbox 2183 2345 3687 2426">
    <p class='ocr_par' dir='ltr' id='par_1_82' title="bbox 2183 2345 3687 2426">
     <span class='ocr_line' id='line_1_82' title="bbox 2183 2345 3687 2426; baseline 0 -21"><span class='ocrx_word' id='word_1_594' title='bbox 2183 2359 2255 2421; x_wconf 87' lang='grc' dir='ltr'>γ’.</span> <span class='ocrx_word' id='word_1_595' title='bbox 2276 2352 2337 2406; x_wconf 79' lang='grc' dir='ltr'><strong>Εἰ</strong></span> <span class='ocrx_word' id='word_1_596' title='bbox 2353 2354 2409 2407; x_wconf 81' lang='grc' dir='ltr'>δὲ</span> <span class='ocrx_word' id='word_1_597' title='bbox 2425 2353 2564 2426; x_wconf 85' lang='grc' dir='ltr'>ὑπὲρ</span> <span class='ocrx_word' id='word_1_598' title='bbox 2579 2345 2653 2408; x_wconf 81' lang='grc' dir='ltr'>ὧν</span> <span class='ocrx_word' id='word_1_599' title='bbox 2671 2354 2833 2419; x_wconf 88' lang='grc' dir='ltr'>αὐτός</span> <span class='ocrx_word' id='word_1_600' title='bbox 2851 2354 2937 2408; x_wconf 74' lang='grc' dir='ltr'>τιά</span> <span class='ocrx_word' id='word_1_601' title='bbox 2956 2351 3369 2425; x_wconf 78' lang='grc' dir='ltr'>ἐπλημμέλησε,</span> <span class='ocrx_word' id='word_1_602' title='bbox 3392 2353 3487 2405; x_wconf 72' lang='grc' dir='ltr'>καὶ</span> <span class='ocrx_word' id='word_1_603' title='bbox 3505 2352 3687 2422; x_wconf 76' lang='grc' dir='ltr'>πλημ-</span> 
     </span>
    </p>
   </div>
   <div class='ocr_carea' id='block_1_83' title="bbox 2118 2439 3685 2512">
    <p class='ocr_par' dir='ltr' id='par_1_83' title="bbox 2118 2439 3685 2512">
     <span class='ocr_line' id='line_1_83' title="bbox 2118 2439 3685 2512; baseline 0.001 -20"><span class='ocrx_word' id='word_1_604' title='bbox 2118 2440 2333 2511; x_wconf 87' lang='grc' dir='ltr'>μέλημα</span> <span class='ocrx_word' id='word_1_605' title='bbox 2360 2439 2623 2508; x_wconf 88' lang='grc' dir='ltr'>τοιοῦτον,</span> <span class='ocrx_word' id='word_1_606' title='bbox 2651 2442 2752 2495; x_wconf 86' lang='grc' dir='ltr'>οὐκ</span> <span class='ocrx_word' id='word_1_607' title='bbox 2778 2441 3003 2512; x_wconf 81' lang='grc' dir='ltr'>ἀφίησιν</span> <span class='ocrx_word' id='word_1_608' title='bbox 3048 2443 3077 2495; x_wconf 93' lang='lat'>6</span> <span class='ocrx_word' id='word_1_609' title='bbox 3130 2441 3342 2505; x_wconf 79' lang='grc' dir='ltr'>Παῦλος</span> <span class='ocrx_word' id='word_1_610' title='bbox 3389 2439 3556 2511; x_wconf 81' lang='grc' dir='ltr'>πολλῇ</span> <span class='ocrx_word' id='word_1_611' title='bbox 3614 2442 3685 2510; x_wconf 58' lang='grc' dir='ltr'>’ἡ</span> 
     </span>
    </p>
   </div>
   <div class='ocr_carea' id='block_1_84' title="bbox 2112 2527 3688 2602">
    <p class='ocr_par' dir='ltr' id='par_1_84' title="bbox 2112 2527 3688 2602">
     <span class='ocr_line' id='line_1_84' title="bbox 2112 2527 3688 2602; baseline -0.001 -21"><span class='ocrx_word' id='word_1_612' title='bbox 2112 2528 2256 2602; x_wconf 84' lang='grc' dir='ltr'>λύπῃ</span> <span class='ocrx_word' id='word_1_613' title='bbox 2282 2529 2600 2602; x_wconf 78' lang='grc' dir='ltr'>κεχρῆσθαι,</span> <span class='ocrx_word' id='word_1_614' title='bbox 2663 2529 2800 2583; x_wconf 90' lang='grc' dir='ltr'>ἀλλά</span> <span class='ocrx_word' id='word_1_615' title='bbox 2852 2529 3068 2584; x_wconf 83' lang='grc' dir='ltr'>σπεύδει</span> <span class='ocrx_word' id='word_1_616' title='bbox 3114 2530 3210 2582; x_wconf 70' lang='grc' dir='ltr'>καὶ</span> <span class='ocrx_word' id='word_1_617' title='bbox 3260 2527 3559 2596; x_wconf 83' lang='grc' dir='ltr'>ἐπείγεται,</span> <span class='ocrx_word' id='word_1_618' title='bbox 3589 2527 3688 2580; x_wconf 63' lang='grc' dir='ltr'>καὶΙ</span> 
     </span>
    </p>
   </div>
   <div class='ocr_carea' id='block_1_85' title="bbox 2113 2612 3686 2691">
    <p class='ocr_par' dir='ltr' id='par_1_85' title="bbox 2113 2612 3686 2691">
     <span class='ocr_line' id='line_1_85' title="bbox 2113 2612 3686 2691; baseline -0.002 -22"><span class='ocrx_word' id='word_1_619' title='bbox 2113 2617 2288 2670; x_wconf 86' lang='grc' dir='ltr'>πάντα</span> <span class='ocrx_word' id='word_1_620' title='bbox 2339 2620 2480 2670; x_wconf 88' lang='grc' dir='ltr'>ποιεῖ</span> <span class='ocrx_word' id='word_1_621' title='bbox 2528 2618 2619 2672; x_wconf 76' lang='grc' dir='ltr'>καὶ</span> <span class='ocrx_word' id='word_1_622' title='bbox 2659 2616 3127 2691; x_wconf 88' lang='grc' dir='ltr'>πραγματεύεται,</span> <span class='ocrx_word' id='word_1_623' title='bbox 3168 2616 3304 2670; x_wconf 82' lang='grc' dir='ltr'>ὥστε</span> <span class='ocrx_word' id='word_1_624' title='bbox 3340 2613 3565 2683; x_wconf 59' lang='grc' dir='ltr'>ὲκκάψαι</span> <span class='ocrx_word' id='word_1_625' title='bbox 3592 2612 3686 2667; x_wconf 78' lang='lat' dir='ltr'><em>16v</em></span> 
     </span>
    </p>
   </div>
   <div class='ocr_carea' id='block_1_86' title="bbox 2111 2700 3687 2778">
    <p class='ocr_par' dir='ltr' id='par_1_86' title="bbox 2111 2700 3687 2778">
     <span class='ocr_line' id='line_1_86' title="bbox 2111 2700 3687 2778; baseline -0.001 -22"><span class='ocrx_word' id='word_1_626' title='bbox 2111 2704 2273 2773; x_wconf 85' lang='grc' dir='ltr'>δγκον</span> <span class='ocrx_word' id='word_1_627' title='bbox 2292 2704 2391 2775; x_wconf 79' lang='grc' dir='ltr'>τῆς</span> <span class='ocrx_word' id='word_1_628' title='bbox 2420 2703 2677 2775; x_wconf 88' lang='grc' dir='ltr'>ἀθυμίας,</span> <span class='ocrx_word' id='word_1_629' title='bbox 2728 2705 3016 2778; x_wconf 84' lang='grc' dir='ltr'>σατανικὴν</span> <span class='ocrx_word' id='word_1_630' title='bbox 3041 2700 3178 2759; x_wconf 80' lang='grc' dir='ltr'>εἶναι</span> <span class='ocrx_word' id='word_1_631' title='bbox 3207 2702 3383 2772; x_wconf 86' lang='grc' dir='ltr'>λέγων</span> <span class='ocrx_word' id='word_1_632' title='bbox 3418 2701 3518 2773; x_wconf 79' lang='grc' dir='ltr'>τὴν</span> <span class='ocrx_word' id='word_1_633' title='bbox 3545 2700 3687 2771; x_wconf 82' lang='grc' dir='ltr'>ἀμε-</span> 
     </span>
    </p>
   </div>
   <div class='ocr_carea' id='block_1_87' title="bbox 2111 2787 3686 2862">
    <p class='ocr_par' dir='ltr' id='par_1_87' title="bbox 2111 2787 3686 2862">
     <span class='ocr_line' id='line_1_87' title="bbox 2111 2787 3686 2862; baseline -0.003 -18"><span class='ocrx_word' id='word_1_634' title='bbox 2111 2791 2307 2862; x_wconf 89' lang='grc' dir='ltr'>τρίαν,</span> <span class='ocrx_word' id='word_1_635' title='bbox 2354 2792 2447 2845; x_wconf 73' lang='grc' dir='ltr'>καὶ</span> <span class='ocrx_word' id='word_1_636' title='bbox 2506 2791 2749 2847; x_wconf 86' lang='grc' dir='ltr'>διαϐόλου</span> <span class='ocrx_word' id='word_1_637' title='bbox 2806 2791 3150 2858; x_wconf 80' lang='grc' dir='ltr'>πλεονεξίαν,</span> <span class='ocrx_word' id='word_1_638' title='bbox 3196 2790 3291 2844; x_wconf 78' lang='grc' dir='ltr'>καὶ</span> <span class='ocrx_word' id='word_1_639' title='bbox 3332 2789 3434 2859; x_wconf 79' lang='grc' dir='ltr'>τῆς</span> <span class='ocrx_word' id='word_1_640' title='bbox 3471 2787 3686 2841; x_wconf 80' lang='grc' dir='ltr'>ἐκείνου</span> 
     </span>
    </p>
   </div>
   <div class='ocr_carea' id='block_1_88' title="bbox 2112 2877 3687 2954">
    <p class='ocr_par' dir='ltr' id='par_1_88' title="bbox 2112 2877 3687 2954">
     <span class='ocr_line' id='line_1_88' title="bbox 2112 2877 3687 2954; baseline -0.003 -19"><span class='ocrx_word' id='word_1_641' title='bbox 2112 2881 2448 2951; x_wconf 87' lang='grc' dir='ltr'>κακουργίας</span> <span class='ocrx_word' id='word_1_642' title='bbox 2472 2881 2564 2936; x_wconf 78' lang='grc' dir='ltr'>καὶ</span> <span class='ocrx_word' id='word_1_643' title='bbox 2587 2881 2695 2935; x_wconf 88' lang='grc' dir='ltr'>τῶν</span> <span class='ocrx_word' id='word_1_644' title='bbox 2731 2880 2982 2954; x_wconf 78' lang='grc' dir='ltr'>πονηρῶν</span> <span class='ocrx_word' id='word_1_645' title='bbox 3015 2879 3177 2934; x_wconf 88' lang='grc' dir='ltr'>αὐτοῦ</span> <span class='ocrx_word' id='word_1_646' title='bbox 3196 2878 3482 2951; x_wconf 85' lang='grc' dir='ltr'>νοημάτων</span> <span class='ocrx_word' id='word_1_647' title='bbox 3500 2877 3687 2948; x_wconf 70' lang='grc' dir='ltr'>ἔργονο</span> 
     </span>
    </p>
   </div>
   <div class='ocr_carea' id='block_1_89' title="bbox 2114 2962 3687 3040">
    <p class='ocr_par' dir='ltr' id='par_1_89' title="bbox 2114 2962 3687 3040">
     <span class='ocr_line' id='line_1_89' title="bbox 2114 2962 3687 3040; baseline -0.003 -20"><span class='ocrx_word' id='word_1_648' title='bbox 2114 2967 2253 3039; x_wconf 80' lang='grc' dir='ltr'>ὑπὲρ</span> <span class='ocrx_word' id='word_1_649' title='bbox 2292 2962 2367 3022; x_wconf 86' lang='grc' dir='ltr'>ὦν</span> <span class='ocrx_word' id='word_1_650' title='bbox 2394 2968 2569 3040; x_wconf 72' lang='grc' dir='ltr'>ἕτεροι</span> <span class='ocrx_word' id='word_1_651' title='bbox 2600 2968 3115 3039; x_wconf 88' lang='grc' dir='ltr'>πεπλημμελήκασι,</span> <span class='ocrx_word' id='word_1_652' title='bbox 3150 2967 3242 3020; x_wconf 71' lang='grc' dir='ltr'>καὶ</span> <span class='ocrx_word' id='word_1_653' title='bbox 3287 2965 3435 3020; x_wconf 76' lang='grc' dir='ltr'>ἄλλοι</span> <span class='ocrx_word' id='word_1_654' title='bbox 3468 2963 3687 3036; x_wconf 86' lang='grc' dir='ltr'>μέλλου-</span> 
     </span>
    </p>
   </div>
   <div class='ocr_carea' id='block_1_90' title="bbox 2116 3049 3685 3127">
    <p class='ocr_par' dir='ltr' id='par_1_90' title="bbox 2116 3049 3685 3127">
     <span class='ocr_line' id='line_1_90' title="bbox 2116 3049 3685 3127; baseline -0.004 -19"><span class='ocrx_word' id='word_1_655' title='bbox 2116 3073 2201 3109; x_wconf 89' lang='grc' dir='ltr'>σιν</span> <span class='ocrx_word' id='word_1_656' title='bbox 2221 3055 2449 3120; x_wconf 82' lang='grc' dir='ltr'>εὐθύνας</span> <span class='ocrx_word' id='word_1_657' title='bbox 2483 3057 2726 3127; x_wconf 88' lang='grc' dir='ltr'>ὑπέχειν,</span> <span class='ocrx_word' id='word_1_658' title='bbox 2760 3056 2878 3121; x_wconf 88' lang='grc' dir='ltr'>πῶς</span> <span class='ocrx_word' id='word_1_659' title='bbox 2902 3056 3002 3109; x_wconf 93' lang='grc' dir='ltr'>οὐκ</span> <span class='ocrx_word' id='word_1_660' title='bbox 3032 3055 3265 3126; x_wconf 80' lang='grc' dir='ltr'>ἐσχάτης</span> <span class='ocrx_word' id='word_1_661' title='bbox 3298 3052 3484 3116; x_wconf 87' lang='grc' dir='ltr'>ἀνοίας</span> <span class='ocrx_word' id='word_1_662' title='bbox 3502 3067 3563 3104; x_wconf 86' lang='grc' dir='ltr'>τε</span> <span class='ocrx_word' id='word_1_663' title='bbox 3589 3049 3685 3104; x_wconf 70' lang='grc' dir='ltr'>καὶ</span> 
     </span>
    </p>
   </div>
   <div class='ocr_carea' id='block_1_91' title="bbox 2117 3137 3687 3215">
    <p class='ocr_par' dir='ltr' id='par_1_91' title="bbox 2117 3137 3687 3215">
     <span class='ocr_line' id='line_1_91' title="bbox 2117 3137 3687 3215; baseline -0.003 -19"><span class='ocrx_word' id='word_1_664' title='bbox 2117 3142 2312 3215; x_wconf 89' lang='grc' dir='ltr'>μανίας</span> <span class='ocrx_word' id='word_1_665' title='bbox 2332 3143 2473 3197; x_wconf 82' lang='grc' dir='ltr'>οὑτω</span> <span class='ocrx_word' id='word_1_666' title='bbox 2510 3141 2952 3197; x_wconf 87' lang='grc' dir='ltr'>κατακόπτεσθαι</span> <span class='ocrx_word' id='word_1_667' title='bbox 2987 3142 3082 3196; x_wconf 75' lang='grc' dir='ltr'>καὶ</span> <span class='ocrx_word' id='word_1_668' title='bbox 3111 3142 3315 3211; x_wconf 87' lang='grc' dir='ltr'>ἀλγεῖν,</span> <span class='ocrx_word' id='word_1_669' title='bbox 3340 3140 3416 3203; x_wconf 85' lang='grc' dir='ltr'>ὡς</span> <span class='ocrx_word' id='word_1_670' title='bbox 3440 3137 3537 3193; x_wconf 83' lang='grc' dir='ltr'>καὶ</span> <span class='ocrx_word' id='word_1_671' title='bbox 3556 3137 3687 3191; x_wconf 86' lang='grc' dir='ltr'>σκό-</span> 
     </span>
    </p>
   </div>
   <div class='ocr_carea' id='block_1_92' title="bbox 2117 3225 3687 3302">
    <p class='ocr_par' dir='ltr' id='par_1_92' title="bbox 2117 3225 3687 3302">
     <span class='ocr_line' id='line_1_92' title="bbox 2117 3225 3687 3302; baseline -0.004 -18"><span class='ocrx_word' id='word_1_672' title='bbox 2117 3247 2207 3294; x_wconf 89' lang='grc' dir='ltr'>τος</span> <span class='ocrx_word' id='word_1_673' title='bbox 2227 3230 2431 3299; x_wconf 78' lang='grc' dir='ltr'>ἄφατον</span> <span class='ocrx_word' id='word_1_674' title='bbox 2466 3231 2692 3300; x_wconf 84' lang='grc' dir='ltr'>ἐπάγειν</span> <span class='ocrx_word' id='word_1_675' title='bbox 2723 3233 2788 3302; x_wconf 81' lang='grc' dir='ltr'>τῇ</span> <span class='ocrx_word' id='word_1_676' title='bbox 2830 3230 3057 3301; x_wconf 80' lang='grc' dir='ltr'>διανοίᾳ,</span> <span class='ocrx_word' id='word_1_677' title='bbox 3097 3229 3193 3282; x_wconf 75' lang='grc' dir='ltr'>καὶ</span> <span class='ocrx_word' id='word_1_678' title='bbox 3214 3227 3380 3281; x_wconf 79' lang='grc' dir='ltr'>πολὺν</span> <span class='ocrx_word' id='word_1_679' title='bbox 3411 3225 3502 3280; x_wconf 80' lang='grc' dir='ltr'>τὸν</span> <span class='ocrx_word' id='word_1_680' title='bbox 3537 3225 3687 3297; x_wconf 80' lang='grc' dir='ltr'>θόρυ-</span> 
     </span>
    </p>
   </div>
   <div class='ocr_carea' id='block_1_93' title="bbox 2116 3313 3684 3388">
    <p class='ocr_par' dir='ltr' id='par_1_93' title="bbox 2116 3313 3684 3388">
     <span class='ocr_line' id='line_1_93' title="bbox 2116 3313 3684 3388; baseline -0.004 -17"><span class='ocrx_word' id='word_1_681' title='bbox 2116 3317 2227 3383; x_wconf 90' lang='grc' dir='ltr'>ϐον,</span> <span class='ocrx_word' id='word_1_682' title='bbox 2265 3319 2360 3371; x_wconf 73' lang='grc' dir='ltr'>καὶ</span> <span class='ocrx_word' id='word_1_683' title='bbox 2392 3318 2674 3388; x_wconf 87' lang='grc' dir='ltr'>σύγχυσιν,</span> <span class='ocrx_word' id='word_1_684' title='bbox 2704 3319 2800 3371; x_wconf 74' lang='grc' dir='ltr'>καὶ</span> <span class='ocrx_word' id='word_1_685' title='bbox 2831 3318 3097 3388; x_wconf 86' lang='grc' dir='ltr'>ταραχὴν,</span> <span class='ocrx_word' id='word_1_686' title='bbox 3130 3316 3223 3369; x_wconf 69' lang='grc' dir='ltr'>καὶ</span> <span class='ocrx_word' id='word_1_687' title='bbox 3250 3314 3419 3385; x_wconf 78' lang='grc' dir='ltr'>ζάλην</span> <span class='ocrx_word' id='word_1_688' title='bbox 3444 3313 3684 3383; x_wconf 76' lang='grc' dir='ltr'>ἀφατονς</span> 
     </span>
    </p>
   </div>
   <div class='ocr_carea' id='block_1_94' title="bbox 2116 3402 3685 3478">
    <p class='ocr_par' dir='ltr' id='par_1_94' title="bbox 2116 3402 3685 3478">
     <span class='ocr_line' id='line_1_94' title="bbox 2116 3402 3685 3478; baseline -0.004 -18"><span class='ocrx_word' id='word_1_689' title='bbox 2116 3408 2179 3461; x_wconf 75' lang='lat' dir='ltr'><strong>El</strong></span> <span class='ocrx_word' id='word_1_690' title='bbox 2208 3407 2263 3460; x_wconf 84' lang='grc' dir='ltr'>δὲ</span> <span class='ocrx_word' id='word_1_691' title='bbox 2289 3407 2449 3460; x_wconf 86' lang='grc' dir='ltr'>πάλιν</span> <span class='ocrx_word' id='word_1_692' title='bbox 2505 3424 2594 3478; x_wconf 88' lang='grc' dir='ltr'>μοι</span> <span class='ocrx_word' id='word_1_693' title='bbox 2618 3407 2685 3461; x_wconf 90' lang='grc' dir='ltr'>τά</span> <span class='ocrx_word' id='word_1_694' title='bbox 2709 3406 2847 3461; x_wconf 89' lang='grc' dir='ltr'>αὐτά</span> <span class='ocrx_word' id='word_1_695' title='bbox 2874 3406 3055 3474; x_wconf 85' lang='grc' dir='ltr'>λέγεις</span> <span class='ocrx_word' id='word_1_696' title='bbox 3073 3446 3088 3471; x_wconf 91' lang='grc'>,</span> <span class='ocrx_word' id='word_1_697' title='bbox 3121 3405 3203 3459; x_wconf 84' lang='grc' dir='ltr'>δτι</span> <span class='ocrx_word' id='word_1_698' title='bbox 3232 3404 3502 3474; x_wconf 87' lang='grc' dir='ltr'>Βούλομαι</span> <span class='ocrx_word' id='word_1_699' title='bbox 3564 3402 3685 3473; x_wconf 80' lang='grc' dir='ltr'>μὲν,</span> 
     </span>
    </p>
   </div>
   <div class='ocr_carea' id='block_1_95' title="bbox 2114 3492 3689 3566">
    <p class='ocr_par' dir='ltr' id='par_1_95' title="bbox 2114 3492 3689 3566">
     <span class='ocr_line' id='line_1_95' title="bbox 2114 3492 3689 3566; baseline -0.003 -16"><span class='ocrx_word' id='word_1_700' title='bbox 2114 3497 2215 3551; x_wconf 89' lang='grc' dir='ltr'>οὐκ</span> <span class='ocrx_word' id='word_1_701' title='bbox 2270 3496 2437 3566; x_wconf 84' lang='grc' dir='ltr'>ίοχύω</span> <span class='ocrx_word' id='word_1_702' title='bbox 2464 3497 2540 3563; x_wconf 79' lang='grc' dir='ltr'>δὲ,</span> <span class='ocrx_word' id='word_1_703' title='bbox 2579 3496 2740 3550; x_wconf 88' lang='grc' dir='ltr'>πάλιν</span> <span class='ocrx_word' id='word_1_704' title='bbox 2787 3513 2870 3551; x_wconf 89' lang='grc' dir='ltr'>σοι</span> <span class='ocrx_word' id='word_1_705' title='bbox 2893 3496 2987 3550; x_wconf 70' lang='grc' dir='ltr'>καὶ</span> <span class='ocrx_word' id='word_1_706' title='bbox 3015 3493 3127 3564; x_wconf 80' lang='grc' dir='ltr'>ἐγὼ</span> <span class='ocrx_word' id='word_1_707' title='bbox 3157 3495 3228 3548; x_wconf 84' lang='grc' dir='ltr'>τὰ</span> <span class='ocrx_word' id='word_1_708' title='bbox 3255 3492 3395 3548; x_wconf 85' lang='grc' dir='ltr'>αὐτὰ</span> <span class='ocrx_word' id='word_1_709' title='bbox 3422 3492 3552 3565; x_wconf 81' lang='grc' dir='ltr'>ἐρῶ,</span> <span class='ocrx_word' id='word_1_710' title='bbox 3604 3493 3689 3546; x_wconf 86' lang='grc' dir='ltr'>δτι</span> 
     </span>
    </p>
   </div>
   <div class='ocr_carea' id='block_1_96' title="bbox 2119 3576 3689 3656">
    <p class='ocr_par' dir='ltr' id='par_1_96' title="bbox 2119 3576 3689 3656">
     <span class='ocr_line' id='line_1_96' title="bbox 2119 3576 3689 3656; baseline -0.003 -19"><span class='ocrx_word' id='word_1_711' title='bbox 2119 3583 2316 3656; x_wconf 78' lang='grc' dir='ltr'>σκῆψις</span> <span class='ocrx_word' id='word_1_712' title='bbox 2371 3585 2466 3637; x_wconf 73' lang='grc' dir='ltr'>καὶ</span> <span class='ocrx_word' id='word_1_713' title='bbox 2503 3584 2775 3655; x_wconf 81' lang='grc' dir='ltr'>πρόφασις</span> <span class='ocrx_word' id='word_1_714' title='bbox 2807 3582 2998 3637; x_wconf 82' lang='grc' dir='ltr'>ταῦτα’</span> <span class='ocrx_word' id='word_1_715' title='bbox 3026 3583 3124 3636; x_wconf 74' lang='grc' dir='ltr'>καὶ</span> <span class='ocrx_word' id='word_1_716' title='bbox 3169 3582 3281 3653; x_wconf 85' lang='grc' dir='ltr'>γὰρ</span> <span class='ocrx_word' id='word_1_717' title='bbox 3313 3576 3433 3634; x_wconf 85' lang='grc' dir='ltr'>οἶδά</span> <span class='ocrx_word' id='word_1_718' title='bbox 3461 3596 3556 3634; x_wconf 91' lang='grc' dir='ltr'>σου</span> <span class='ocrx_word' id='word_1_719' title='bbox 3588 3582 3689 3651; x_wconf 76' lang='grc' dir='ltr'>τῆς</span> 
     </span>
    </p>
   </div>
   <div class='ocr_carea' id='block_1_97' title="bbox 2117 3657 2914 3744">
    <p class='ocr_par' dir='ltr' id='par_1_97' title="bbox 2117 3657 2914 3744">
     <span class='ocr_line' id='line_1_97' title="bbox 2117 3657 2914 3744; baseline 0.001 -21"><span class='ocrx_word' id='word_1_720' title='bbox 2117 3670 2408 3741; x_wconf 87' lang='grc' dir='ltr'>φιλοσόφου</span> <span class='ocrx_word' id='word_1_721' title='bbox 2421 3657 2609 3741; x_wconf 65' lang='grc' dir='ltr'>’ψυχῆς</span> <span class='ocrx_word' id='word_1_722' title='bbox 2632 3670 2703 3724; x_wconf 89' lang='grc' dir='ltr'>τά</span> <span class='ocrx_word' id='word_1_723' title='bbox 2725 3668 2914 3744; x_wconf 87' lang='grc' dir='ltr'>νεῦρα.</span> 
     </span>
    </p>
   </div>
   <div class='ocr_carea' id='block_1_98' title="bbox 2188 3754 3693 3829">
    <p class='ocr_par' dir='ltr' id='par_1_98' title="bbox 2188 3754 3693 3829">
     <span class='ocr_line' id='line_1_98' title="bbox 2188 3754 3693 3829; baseline -0.003 -17"><span class='ocrx_word' id='word_1_724' title='bbox 2188 3759 2306 3812; x_wconf 84' lang='grc' dir='ltr'>Ἵνα</span> <span class='ocrx_word' id='word_1_725' title='bbox 2329 3758 2384 3810; x_wconf 84' lang='grc' dir='ltr'>δέ</span> <span class='ocrx_word' id='word_1_726' title='bbox 2406 3756 2669 3829; x_wconf 75' lang='grc' dir='ltr'>ἑτέρωθεν</span> <span class='ocrx_word' id='word_1_727' title='bbox 2692 3757 3061 3828; x_wconf 85' lang='grc' dir='ltr'>εὐκολωτέραν</span> <span class='ocrx_word' id='word_1_728' title='bbox 3085 3773 3165 3810; x_wconf 90' lang='grc' dir='ltr'>σοι</span> <span class='ocrx_word' id='word_1_729' title='bbox 3192 3756 3402 3827; x_wconf 86' lang='grc' dir='ltr'>ποιήσω</span> <span class='ocrx_word' id='word_1_730' title='bbox 3426 3754 3528 3826; x_wconf 80' lang='grc' dir='ltr'>τὴν</span> <span class='ocrx_word' id='word_1_731' title='bbox 3548 3754 3693 3808; x_wconf 85' lang='grc' dir='ltr'>κατά</span> 
     </span>
    </p>
   </div>
   <div class='ocr_carea' id='block_1_99' title="bbox 2114 3841 3695 3916">
    <p class='ocr_par' dir='ltr' id='par_1_99' title="bbox 2114 3841 3695 3916">
     <span class='ocr_line' id='line_1_99' title="bbox 2114 3841 3695 3916; baseline -0.003 -18"><span class='ocrx_word' id='word_1_732' title='bbox 2114 3847 2214 3916; x_wconf 75' lang='grc' dir='ltr'>τῆς</span> <span class='ocrx_word' id='word_1_733' title='bbox 2238 3844 2477 3916; x_wconf 88' lang='grc' dir='ltr'>ἀθυμίας</span> <span class='ocrx_word' id='word_1_734' title='bbox 2501 3845 2706 3916; x_wconf 87' lang='grc' dir='ltr'>ταύτης</span> <span class='ocrx_word' id='word_1_735' title='bbox 2734 3845 2832 3916; x_wconf 82' lang='grc' dir='ltr'>τῆς</span> <span class='ocrx_word' id='word_1_736' title='bbox 2870 3843 3099 3915; x_wconf 88' lang='grc' dir='ltr'>ἀκαίρου</span> <span class='ocrx_word' id='word_1_737' title='bbox 3133 3844 3228 3897; x_wconf 74' lang='grc' dir='ltr'>καὶ</span> <span class='ocrx_word' id='word_1_738' title='bbox 3255 3842 3502 3915; x_wconf 85' lang='grc' dir='ltr'>ὀλεθρίας</span> <span class='ocrx_word' id='word_1_739' title='bbox 3538 3841 3695 3895; x_wconf 82' lang='grc' dir='ltr'>ἀντί-</span> 
     </span>
    </p>
   </div>
   <div class='ocr_carea' id='block_1_100' title="bbox 2119 3929 3700 4004">
    <p class='ocr_par' dir='ltr' id='par_1_100' title="bbox 2119 3929 3700 4004">
     <span class='ocr_line' id='line_1_100' title="bbox 2119 3929 3700 4004; baseline -0.004 -17"><span class='ocrx_word' id='word_1_740' title='bbox 2119 3934 2306 3988; x_wconf 87' lang='grc' dir='ltr'>στασίν</span> <span class='ocrx_word' id='word_1_741' title='bbox 2364 3951 2424 3987; x_wconf 88' lang='grc' dir='ltr'>τε</span> <span class='ocrx_word' id='word_1_742' title='bbox 2469 3933 2563 3987; x_wconf 71' lang='grc' dir='ltr'>καὶ</span> <span class='ocrx_word' id='word_1_743' title='bbox 2613 3934 2792 4004; x_wconf 90' lang='grc' dir='ltr'>νίκην,</span> <span class='ocrx_word' id='word_1_744' title='bbox 2833 3932 2994 3986; x_wconf 82' lang='grc' dir='ltr'>τοῦτο</span> <span class='ocrx_word' id='word_1_745' title='bbox 3042 3931 3203 3986; x_wconf 85' lang='grc' dir='ltr'>πάλιν</span> <span class='ocrx_word' id='word_1_746' title='bbox 3249 3933 3385 4002; x_wconf 84' lang='grc' dir='ltr'>ὅπερ</span> <span class='ocrx_word' id='word_1_747' title='bbox 3418 3929 3700 3983; x_wconf 82' lang='grc' dir='ltr'>ὲπιτάττω</span> 
     </span>
    </p>
   </div>
   <div class='ocr_carea' id='block_1_101' title="bbox 2120 4010 3700 4095">
    <p class='ocr_par' dir='ltr' id='par_1_101' title="bbox 2120 4010 3700 4095">
     <span class='ocr_line' id='line_1_101' title="bbox 2120 4010 3700 4095; baseline -0.004 -21"><span class='ocrx_word' id='word_1_748' title='bbox 2120 4010 2284 4076; x_wconf 72' lang='grc' dir='ltr'>ποίει.</span> <span class='ocrx_word' id='word_1_749' title='bbox 2319 4023 2487 4076; x_wconf 88' lang='grc' dir='ltr'>Ὅταν</span> <span class='ocrx_word' id='word_1_750' title='bbox 2511 4020 2749 4095; x_wconf 69' lang='grc' dir='ltr'>ἀκούσης</span> <span class='ocrx_word' id='word_1_751' title='bbox 2771 4019 3124 4091; x_wconf 84' lang='grc' dir='ltr'>διηγουμένου</span> <span class='ocrx_word' id='word_1_752' title='bbox 3152 4019 3297 4083; x_wconf 77' lang='grc' dir='ltr'>τινὸς</span> <span class='ocrx_word' id='word_1_753' title='bbox 3323 4018 3423 4089; x_wconf 82' lang='grc' dir='ltr'>τὴν</span> <span class='ocrx_word' id='word_1_754' title='bbox 3456 4016 3700 4072; x_wconf 84' lang='grc' dir='ltr'>πανωλε-</span> 
     </span>
    </p>
   </div>
   <div class='ocr_carea' id='block_1_102' title="bbox 2118 4101 3696 4183">
    <p class='ocr_par' dir='ltr' id='par_1_102' title="bbox 2118 4101 3696 4183">
     <span class='ocr_line' id='line_1_102' title="bbox 2118 4101 3696 4183; baseline -0.004 -20"><span class='ocrx_word' id='word_1_755' title='bbox 2118 4110 2275 4183; x_wconf 85' lang='grc' dir='ltr'>θρίαν</span> <span class='ocrx_word' id='word_1_756' title='bbox 2300 4107 2522 4179; x_wconf 88' lang='grc' dir='ltr'>ταύτην,</span> <span class='ocrx_word' id='word_1_757' title='bbox 2580 4108 2836 4179; x_wconf 84' lang='grc' dir='ltr'>ἀποπήδα</span> <span class='ocrx_word' id='word_1_758' title='bbox 2865 4106 3075 4180; x_wconf 84' lang='grc' dir='ltr'>ταχέως</span> <span class='ocrx_word' id='word_1_759' title='bbox 3124 4106 3230 4160; x_wconf 78' lang='grc' dir='ltr'>ἀπὸ</span> <span class='ocrx_word' id='word_1_760' title='bbox 3273 4105 3381 4160; x_wconf 87' lang='grc' dir='ltr'>τῶν</span> <span class='ocrx_word' id='word_1_761' title='bbox 3413 4101 3696 4174; x_wconf 81' lang='grc' dir='ltr'>λογισμῶν</span> 
     </span>
    </p>
   </div>
   <div class='ocr_carea' id='block_1_103' title="bbox 2116 4190 3696 4269">
    <p class='ocr_par' dir='ltr' id='par_1_103' title="bbox 2116 4190 3696 4269">
     <span class='ocr_line' id='line_1_103' title="bbox 2116 4190 3696 4269; baseline -0.006 -16"><span class='ocrx_word' id='word_1_762' title='bbox 2116 4198 2340 4264; x_wconf 86' lang='grc' dir='ltr'>τούτων,</span> <span class='ocrx_word' id='word_1_763' title='bbox 2365 4199 2459 4252; x_wconf 77' lang='grc' dir='ltr'>καὶ</span> <span class='ocrx_word' id='word_1_764' title='bbox 2481 4196 2643 4268; x_wconf 90' lang='grc' dir='ltr'>τρέχε</span> <span class='ocrx_word' id='word_1_765' title='bbox 2673 4197 2765 4250; x_wconf 70' lang='grc' dir='ltr'>ἐπὶ</span> <span class='ocrx_word' id='word_1_766' title='bbox 2797 4197 2894 4269; x_wconf 83' lang='grc' dir='ltr'>τήν</span> <span class='ocrx_word' id='word_1_767' title='bbox 2920 4196 3128 4250; x_wconf 84' lang='grc' dir='ltr'>ἔννοιαν</span> <span class='ocrx_word' id='word_1_768' title='bbox 3161 4196 3261 4266; x_wconf 80' lang='grc' dir='ltr'>τῆς</span> <span class='ocrx_word' id='word_1_769' title='bbox 3300 4192 3515 4265; x_wconf 79' lang='grc' dir='ltr'>ἡμέρας</span> <span class='ocrx_word' id='word_1_770' title='bbox 3545 4190 3696 4245; x_wconf 80' lang='grc' dir='ltr'>ἐκεί-</span> 
     </span>
    </p>
   </div>
   <div class='ocr_carea' id='block_1_104' title="bbox 2117 4276 3699 4359">
    <p class='ocr_par' dir='ltr' id='par_1_104' title="bbox 2117 4276 3699 4359">
     <span class='ocr_line' id='line_1_104' title="bbox 2117 4276 3699 4359; baseline -0.006 -18"><span class='ocrx_word' id='word_1_771' title='bbox 2117 4296 2215 4356; x_wconf 82' lang='grc' dir='ltr'>νης</span> <span class='ocrx_word' id='word_1_772' title='bbox 2264 4286 2362 4357; x_wconf 83' lang='grc' dir='ltr'>τῆς</span> <span class='ocrx_word' id='word_1_773' title='bbox 2408 4285 2667 4359; x_wconf 79' lang='grc' dir='ltr'>φοϐερᾶς,</span> <span class='ocrx_word' id='word_1_774' title='bbox 2709 4286 2802 4341; x_wconf 77' lang='grc' dir='ltr'>καὶ</span> <span class='ocrx_word' id='word_1_775' title='bbox 2848 4284 3167 4355; x_wconf 72' lang='grc' dir='ltr'>ἀναλογίζου</span> <span class='ocrx_word' id='word_1_776' title='bbox 3211 4282 3360 4355; x_wconf 88' lang='grc' dir='ltr'>παρά</span> <span class='ocrx_word' id='word_1_777' title='bbox 3413 4282 3583 4351; x_wconf 76' lang='grc' dir='ltr'>σαυτῇ</span> <span class='ocrx_word' id='word_1_778' title='bbox 3626 4276 3699 4332; x_wconf 76' lang='lat'>16</span> 
     </span>
    </p>
   </div>
   <div class='ocr_carea' id='block_1_105' title="bbox 2120 4369 3701 4447">
    <p class='ocr_par' dir='ltr' id='par_1_105' title="bbox 2120 4369 3701 4447">
     <span class='ocr_line' id='line_1_105' title="bbox 2120 4369 3701 4447; baseline -0.005 -18"><span class='ocrx_word' id='word_1_779' title='bbox 2120 4374 2273 4447; x_wconf 80' lang='grc' dir='ltr'>βῆμα</span> <span class='ocrx_word' id='word_1_780' title='bbox 2305 4374 2366 4429; x_wconf 84' lang='grc' dir='ltr'>τὸ</span> <span class='ocrx_word' id='word_1_781' title='bbox 2395 4375 2678 4446; x_wconf 80' lang='grc' dir='ltr'>φρικῶδες,</span> <span class='ocrx_word' id='word_1_782' title='bbox 2706 4374 2796 4428; x_wconf 83' lang='grc' dir='ltr'>τὸν</span> <span class='ocrx_word' id='word_1_783' title='bbox 2821 4373 3078 4445; x_wconf 81' lang='grc' dir='ltr'>δικαστὴν</span> <span class='ocrx_word' id='word_1_784' title='bbox 3111 4372 3200 4426; x_wconf 82' lang='grc' dir='ltr'>τὸν</span> <span class='ocrx_word' id='word_1_785' title='bbox 3221 4369 3531 4432; x_wconf 84' lang='grc' dir='ltr'>ἀδέκαστον,</span> <span class='ocrx_word' id='word_1_786' title='bbox 3564 4369 3701 4432; x_wconf 80' lang='grc' dir='ltr'>τούς</span> 
     </span>
    </p>
   </div>
   <div class='ocr_carea' id='block_1_106' title="bbox 2118 4455 3700 4535">
    <p class='ocr_par' dir='ltr' id='par_1_106' title="bbox 2118 4455 3700 4535">
     <span class='ocr_line' id='line_1_106' title="bbox 2118 4455 3700 4535; baseline -0.006 -18"><span class='ocrx_word' id='word_1_787' title='bbox 2118 4463 2397 4535; x_wconf 74' lang='grc' dir='ltr'>ποταμοὺς</span> <span class='ocrx_word' id='word_1_788' title='bbox 2422 4462 2517 4517; x_wconf 89' lang='grc' dir='ltr'>τοῦ</span> <span class='ocrx_word' id='word_1_789' title='bbox 2552 4462 2743 4535; x_wconf 81' lang='grc' dir='ltr'>πυρὸς.</span> <span class='ocrx_word' id='word_1_790' title='bbox 2786 4463 2912 4526; x_wconf 75' lang='grc' dir='ltr'>τούς</span> <span class='ocrx_word' id='word_1_791' title='bbox 2945 4461 3053 4533; x_wconf 76' lang='grc' dir='ltr'>πρὸ</span> <span class='ocrx_word' id='word_1_792' title='bbox 3079 4458 3171 4514; x_wconf 83' lang='grc' dir='ltr'>τοῦ</span> <span class='ocrx_word' id='word_1_793' title='bbox 3208 4458 3448 4531; x_wconf 84' lang='grc' dir='ltr'>βήματος</span> <span class='ocrx_word' id='word_1_794' title='bbox 3481 4455 3700 4510; x_wconf 80' lang='grc' dir='ltr'>ἐκείνου</span> 
     </span>
    </p>
   </div>
   <div class='ocr_carea' id='block_1_107' title="bbox 2119 4544 3700 4623">
    <p class='ocr_par' dir='ltr' id='par_1_107' title="bbox 2119 4544 3700 4623">
     <span class='ocr_line' id='line_1_107' title="bbox 2119 4544 3700 4623; baseline -0.005 -17"><span class='ocrx_word' id='word_1_795' title='bbox 2119 4551 2451 4623; x_wconf 79' lang='grc' dir='ltr'>συρομένους</span> <span class='ocrx_word' id='word_1_796' title='bbox 2481 4551 2577 4605; x_wconf 77' lang='grc' dir='ltr'>καὶ</span> <span class='ocrx_word' id='word_1_797' title='bbox 2610 4550 2944 4622; x_wconf 80' lang='grc' dir='ltr'>σφοδροτάτῃ</span> <span class='ocrx_word' id='word_1_798' title='bbox 2988 4547 3357 4620; x_wconf 77' lang='grc' dir='ltr'>καχλάζοντας</span> <span class='ocrx_word' id='word_1_799' title='bbox 3403 4548 3470 4617; x_wconf 78' lang='grc' dir='ltr'>τῇ</span> <span class='ocrx_word' id='word_1_800' title='bbox 3511 4544 3700 4614; x_wconf 74' lang='grc' dir='ltr'>φλογὶ,</span> 
     </span>
    </p>
   </div>
   <div class='ocr_carea' id='block_1_108' title="bbox 2116 4634 3699 4725">
    <p class='ocr_par' dir='ltr' id='par_1_108' title="bbox 2116 4634 3699 4725">
     <span class='ocr_line' id='line_1_108' title="bbox 2116 4634 3699 4725; baseline -0.006 -29"><span class='ocrx_word' id='word_1_801' title='bbox 2116 4641 2216 4707; x_wconf 89' lang='grc' dir='ltr'>τάς</span> <span class='ocrx_word' id='word_1_802' title='bbox 2242 4639 2585 4713; x_wconf 75' lang='grc' dir='ltr'>ἠκονημένας</span> <span class='ocrx_word' id='word_1_803' title='bbox 2622 4640 2914 4725; x_wconf 67' lang='grc' dir='ltr'>ῥομφαίας,</span> <span class='ocrx_word' id='word_1_804' title='bbox 2952 4638 3049 4702; x_wconf 91' lang='grc' dir='ltr'>τάς</span> <span class='ocrx_word' id='word_1_805' title='bbox 3071 4637 3377 4725; x_wconf 78' lang='grc' dir='ltr'>ἀποτόμους</span> <span class='ocrx_word' id='word_1_806' title='bbox 3404 4634 3699 4725; x_wconf 69' lang='grc' dir='ltr'>τιμωρίας,</span> 
     </span>
    </p>
   </div>
   <div class='ocr_carea' id='block_1_109' title="bbox 2116 4718 3710 4801">
    <p class='ocr_par' dir='ltr' id='par_1_109' title="bbox 2116 4718 3710 4801">
     <span class='ocr_line' id='line_1_109' title="bbox 2116 4718 3710 4801; baseline -0.009 -18"><span class='ocrx_word' id='word_1_807' title='bbox 2116 4730 2216 4801; x_wconf 83' lang='grc' dir='ltr'>τήν</span> <span class='ocrx_word' id='word_1_808' title='bbox 2246 4729 2467 4783; x_wconf 86' lang='grc' dir='ltr'>κόλασιν</span> <span class='ocrx_word' id='word_1_809' title='bbox 2509 4728 2607 4800; x_wconf 81' lang='grc' dir='ltr'>τὴν</span> <span class='ocrx_word' id='word_1_810' title='bbox 2640 4718 2741 4781; x_wconf 80' lang='grc' dir='ltr'>οὐκ</span> <span class='ocrx_word' id='word_1_811' title='bbox 2787 4726 3014 4799; x_wconf 74' lang='grc' dir='ltr'>ἔχουσαν</span> <span class='ocrx_word' id='word_1_812' title='bbox 3072 4723 3244 4791; x_wconf 86' lang='grc' dir='ltr'>τέλος,</span> <span class='ocrx_word' id='word_1_813' title='bbox 3278 4722 3368 4775; x_wconf 84' lang='lat' dir='ltr'><em>16v</em></span> <span class='ocrx_word' id='word_1_814' title='bbox 3411 4720 3572 4789; x_wconf 81' lang='grc' dir='ltr'>ζόφον</span> <span class='ocrx_word' id='word_1_815' title='bbox 3603 4718 3710 4771; x_wconf 75' lang='grc' dir='ltr'>τὸν</span> 
     </span>
    </p>
   </div>
   <div class='ocr_carea' id='block_1_110' title="bbox 2119 4805 3707 4889">
    <p class='ocr_par' dir='ltr' id='par_1_110' title="bbox 2119 4805 3707 4889">
     <span class='ocr_line' id='line_1_110' title="bbox 2119 4805 3707 4889; baseline -0.009 -18"><span class='ocrx_word' id='word_1_816' title='bbox 2119 4817 2358 4889; x_wconf 80' lang='grc' dir='ltr'>ἀφεγγῆ,</span> <span class='ocrx_word' id='word_1_817' title='bbox 2385 4816 2448 4871; x_wconf 88' lang='lat'>16</span> <span class='ocrx_word' id='word_1_818' title='bbox 2496 4816 2685 4880; x_wconf 86' lang='grc' dir='ltr'>σκότος</span> <span class='ocrx_word' id='word_1_819' title='bbox 2720 4813 2782 4869; x_wconf 88' lang='lat'>16</span> <span class='ocrx_word' id='word_1_820' title='bbox 2832 4813 3115 4885; x_wconf 77' lang='grc' dir='ltr'>ἐξώτερον,</span> <span class='ocrx_word' id='word_1_821' title='bbox 3171 4810 3264 4870; x_wconf 77' lang='grc' dir='ltr'>τὸν</span> <span class='ocrx_word' id='word_1_822' title='bbox 3305 4806 3561 4879; x_wconf 82' lang='grc' dir='ltr'>σκώληκα</span> <span class='ocrx_word' id='word_1_823' title='bbox 3604 4805 3707 4858; x_wconf 71' lang='grc' dir='ltr'>τὸν</span> 
     </span>
    </p>
   </div>
   <div class='ocr_carea' id='block_1_111' title="bbox 2123 4893 3709 4976">
    <p class='ocr_par' dir='ltr' id='par_1_111' title="bbox 2123 4893 3709 4976">
     <span class='ocr_line' id='line_1_111' title="bbox 2123 4893 3709 4976; baseline -0.008 -18"><span class='ocrx_word' id='word_1_824' title='bbox 2123 4905 2345 4971; x_wconf 77' lang='grc' dir='ltr'>ἰοϐόλον,</span> <span class='ocrx_word' id='word_1_825' title='bbox 2376 4906 2445 4960; x_wconf 88' lang='grc' dir='ltr'>τὰ</span> <span class='ocrx_word' id='word_1_826' title='bbox 2475 4905 2650 4976; x_wconf 89' lang='grc' dir='ltr'>δεσμά</span> <span class='ocrx_word' id='word_1_827' title='bbox 2682 4903 2748 4958; x_wconf 90' lang='grc' dir='ltr'>τά</span> <span class='ocrx_word' id='word_1_828' title='bbox 2793 4902 2984 4962; x_wconf 83' lang='grc' dir='ltr'>ἄλυτα,</span> <span class='ocrx_word' id='word_1_829' title='bbox 3013 4900 3104 4954; x_wconf 81' lang='grc' dir='ltr'>τὸν</span> <span class='ocrx_word' id='word_1_830' title='bbox 3144 4898 3384 4971; x_wconf 80' lang='grc' dir='ltr'>βρυγμδν</span> <span class='ocrx_word' id='word_1_831' title='bbox 3414 4895 3522 4948; x_wconf 89' lang='grc' dir='ltr'>τῶν</span> <span class='ocrx_word' id='word_1_832' title='bbox 3551 4893 3709 4947; x_wconf 78' lang='grc' dir='ltr'>ὀδόν-</span> 
     </span>
    </p>
   </div>
   <div class='ocr_carea' id='block_1_112' title="bbox 2119 4981 3704 5063">
    <p class='ocr_par' dir='ltr' id='par_1_112' title="bbox 2119 4981 3704 5063">
     <span class='ocr_line' id='line_1_112' title="bbox 2119 4981 3704 5063; baseline -0.01 -15"><span class='ocrx_word' id='word_1_833' title='bbox 2119 5011 2247 5060; x_wconf 89' lang='grc' dir='ltr'>των,</span> <span class='ocrx_word' id='word_1_834' title='bbox 2266 4995 2465 5049; x_wconf 73' lang='grc' dir='ltr'>καὶτὸν</span> <span class='ocrx_word' id='word_1_835' title='bbox 2494 4992 2771 5063; x_wconf 78' lang='grc' dir='ltr'>κλαυθμὸν</span> <span class='ocrx_word' id='word_1_836' title='bbox 2793 4990 2883 5045; x_wconf 78' lang='grc' dir='ltr'>τὸν</span> <span class='ocrx_word' id='word_1_837' title='bbox 2916 4987 3364 5058; x_wconf 87' lang='grc' dir='ltr'>ἀπαραμύθητον,</span> <span class='ocrx_word' id='word_1_838' title='bbox 3385 4983 3446 5037; x_wconf 87' lang='lat'>16</span> <span class='ocrx_word' id='word_1_839' title='bbox 3471 4981 3704 5053; x_wconf 86' lang='grc' dir='ltr'>θέατρον</span> 
     </span>
    </p>
   </div>
   <div class='ocr_carea' id='block_1_113' title="bbox 2119 5069 3706 5155">
    <p class='ocr_par' dir='ltr' id='par_1_113' title="bbox 2119 5069 3706 5155">
     <span class='ocr_line' id='line_1_113' title="bbox 2119 5069 3706 5155; baseline -0.011 -19"><span class='ocrx_word' id='word_1_840' title='bbox 2119 5083 2217 5155; x_wconf 78' lang='grc' dir='ltr'>τῆς</span> <span class='ocrx_word' id='word_1_841' title='bbox 2251 5082 2592 5154; x_wconf 78' lang='grc' dir='ltr'>οἰκουμένης,</span> <span class='ocrx_word' id='word_1_842' title='bbox 2622 5078 2819 5151; x_wconf 82' lang='grc' dir='ltr'>μᾶλλον</span> <span class='ocrx_word' id='word_1_843' title='bbox 2844 5076 2899 5129; x_wconf 84' lang='grc' dir='ltr'>δέ</span> <span class='ocrx_word' id='word_1_844' title='bbox 2925 5076 2985 5128; x_wconf 91' lang='lat'>16</span> <span class='ocrx_word' id='word_1_845' title='bbox 3013 5073 3162 5146; x_wconf 78' lang='lat'>[558]</span> <span class='ocrx_word' id='word_1_846' title='bbox 3189 5073 3413 5139; x_wconf 88' lang='grc' dir='ltr'>θέατρον</span> <span class='ocrx_word' id='word_1_847' title='bbox 3429 5069 3706 5155; x_wconf 75' lang='grc' dir='ltr'>ἑκατέρας</span> 
     </span>
    </p>
   </div>
   <div class='ocr_carea' id='block_1_114' title="bbox 2119 5152 3710 5247">
    <p class='ocr_par' dir='ltr' id='par_1_114' title="bbox 2119 5152 3710 5247">
     <span class='ocr_line' id='line_1_114' title="bbox 2119 5152 3710 5247; baseline -0.019 -18"><span class='ocrx_word' id='word_1_848' title='bbox 2119 5152 2218 5247; x_wconf 65' lang='grc' dir='ltr'>τῆς</span> <span class='ocrx_word' id='word_1_849' title='bbox 2250 5152 2502 5234; x_wconf 79' lang='grc' dir='ltr'>κτίσεως,</span> <span class='ocrx_word' id='word_1_850' title='bbox 2525 5152 2623 5240; x_wconf 82' lang='grc' dir='ltr'>τῆς</span> <span class='ocrx_word' id='word_1_851' title='bbox 2650 5167 2784 5230; x_wconf 80' lang='grc' dir='ltr'>ἀνω,</span> <span class='ocrx_word' id='word_1_852' title='bbox 2820 5164 2918 5234; x_wconf 81' lang='grc' dir='ltr'>τῆς</span> <span class='ocrx_word' id='word_1_853' title='bbox 2966 5162 3136 5216; x_wconf 88' lang='grc' dir='ltr'>κάτω.</span> <span class='ocrx_word' id='word_1_854' title='bbox 3171 5159 3282 5213; x_wconf 88' lang='lat' dir='ltr'>Kal</span> <span class='ocrx_word' id='word_1_855' title='bbox 3309 5157 3418 5247; x_wconf 82' lang='grc' dir='ltr'>γὰρ</span> <span class='ocrx_word' id='word_1_856' title='bbox 3433 5152 3710 5247; x_wconf 53' lang='grc' dir='ltr'>ιιι-δυνᾴ-</span> 
     </span>
    </p>
   </div>
   <div class='ocr_carea' id='block_1_115' title="bbox 2115 5240 3712 5330">
    <p class='ocr_par' dir='ltr' id='par_1_115' title="bbox 2115 5240 3712 5330">
     <span class='ocr_line' id='line_1_115' title="bbox 2115 5240 3712 5330; baseline -0.013 -16"><span class='ocrx_word' id='word_1_857' title='bbox 2115 5240 2249 5330; x_wconf 78' lang='grc' dir='ltr'>μεις</span> <span class='ocrx_word' id='word_1_858' title='bbox 2271 5258 2391 5312; x_wconf 84' lang='grc' dir='ltr'>τῶν</span> <span class='ocrx_word' id='word_1_859' title='bbox 2420 5253 2692 5323; x_wconf 77' lang='grc' dir='ltr'>οὐρανῶν</span> <span class='ocrx_word' id='word_1_860' title='bbox 2720 5250 3229 5316; x_wconf 69' lang='grc' dir='ltr'>σαλευθήσονται,</span> <span class='ocrx_word' id='word_1_861' title='bbox 3273 5246 3456 5317; x_wconf 88' lang='grc' dir='ltr'>φησίν.</span> <span class='ocrx_word' id='word_1_862' title='bbox 3489 5244 3552 5296; x_wconf 85' lang='grc' dir='ltr'><strong>Εἰ</strong></span> <span class='ocrx_word' id='word_1_863' title='bbox 3587 5240 3712 5313; x_wconf 81' lang='grc' dir='ltr'>γὰρ</span> 
     </span>
    </p>
   </div>
   <div class='ocr_carea' id='block_1_116' title="bbox 2121 5330 3714 5417">
    <p class='ocr_par' dir='ltr' id='par_1_116' title="bbox 2121 5330 3714 5417">
     <span class='ocr_line' id='line_1_116' title="bbox 2121 5330 3714 5417; baseline -0.011 -16"><span class='ocrx_word' id='word_1_864' title='bbox 2121 5349 2217 5402; x_wconf 68' lang='grc' dir='ltr'>καὶ</span> <span class='ocrx_word' id='word_1_865' title='bbox 2243 5345 2408 5417; x_wconf 82' lang='grc' dir='ltr'>μηδὲν</span> <span class='ocrx_word' id='word_1_866' title='bbox 2435 5346 2654 5405; x_wconf 78' lang='grc' dir='ltr'>ἑαυταῖς</span> <span class='ocrx_word' id='word_1_867' title='bbox 2681 5341 2948 5404; x_wconf 88' lang='grc' dir='ltr'>συνίσασι,</span> <span class='ocrx_word' id='word_1_868' title='bbox 2988 5337 3122 5409; x_wconf 86' lang='grc' dir='ltr'>μηδέ</span> <span class='ocrx_word' id='word_1_869' title='bbox 3162 5335 3443 5406; x_wconf 89' lang='grc' dir='ltr'>μέλλουσιν</span> <span class='ocrx_word' id='word_1_870' title='bbox 3471 5330 3714 5399; x_wconf 74' lang='grc' dir='ltr'>ὑπέχειν</span> 
     </span>
    </p>
   </div>
   <div class='ocr_carea' id='block_1_117' title="bbox 2121 5418 3712 5502">
    <p class='ocr_par' dir='ltr' id='par_1_117' title="bbox 2121 5418 3712 5502">
     <span class='ocr_line' id='line_1_117' title="bbox 2121 5418 3712 5502; baseline -0.012 -13"><span class='ocrx_word' id='word_1_871' title='bbox 2121 5434 2369 5496; x_wconf 88' lang='grc' dir='ltr'>εὐθύνας,</span> <span class='ocrx_word' id='word_1_872' title='bbox 2403 5431 2517 5486; x_wconf 77' lang='grc' dir='ltr'>ἀλλ’</span> <span class='ocrx_word' id='word_1_873' title='bbox 2545 5430 2749 5502; x_wconf 83' lang='grc' dir='ltr'>δρῶσαι</span> <span class='ocrx_word' id='word_1_874' title='bbox 2767 5428 2827 5482; x_wconf 86' lang='lat'>16</span> <span class='ocrx_word' id='word_1_875' title='bbox 2860 5427 3015 5496; x_wconf 86' lang='grc' dir='ltr'>γένος</span> <span class='ocrx_word' id='word_1_876' title='bbox 3051 5426 3197 5480; x_wconf 80' lang='grc' dir='ltr'>ἃπαν</span> <span class='ocrx_word' id='word_1_877' title='bbox 3235 5422 3342 5477; x_wconf 87' lang='grc' dir='ltr'>τῶν</span> <span class='ocrx_word' id='word_1_878' title='bbox 3371 5418 3712 5492; x_wconf 70' lang='grc' dir='ltr'>ἀνθρώπιον,</span> 
     </span>
    </p>
   </div>
   <div class='ocr_carea' id='block_1_118' title="bbox 2121 5504 3721 5590">
    <p class='ocr_par' dir='ltr' id='par_1_118' title="bbox 2121 5504 3721 5590">
     <span class='ocr_line' id='line_1_118' title="bbox 2121 5504 3721 5590; baseline -0.013 -13"><span class='ocrx_word' id='word_1_879' title='bbox 2121 5522 2373 5584; x_wconf 71' lang='grc' dir='ltr'>καὶτοὺς</span> <span class='ocrx_word' id='word_1_880' title='bbox 2410 5519 2669 5590; x_wconf 85' lang='grc' dir='ltr'>ἀπείρους</span> <span class='ocrx_word' id='word_1_881' title='bbox 2721 5517 2926 5586; x_wconf 83' lang='grc' dir='ltr'>δήμους</span> <span class='ocrx_word' id='word_1_882' title='bbox 2971 5510 3343 5583; x_wconf 81' lang='grc' dir='ltr'>κρινομένους,</span> <span class='ocrx_word' id='word_1_883' title='bbox 3375 5508 3476 5561; x_wconf 88' lang='grc' dir='ltr'>οὐκ</span> <span class='ocrx_word' id='word_1_884' title='bbox 3525 5504 3721 5569; x_wconf 76' lang='grc' dir='ltr'>ἀδεῶς</span> 
     </span>
    </p>
   </div>
   <div class='ocr_carea' id='block_1_119' title="bbox 2184 5676 3722 5755">
    <p class='ocr_par' dir='ltr' id='par_1_119' title="bbox 2184 5676 3722 5755">
     <span class='ocr_line' id='line_1_119' title="bbox 2184 5676 3722 5755; baseline -0.014 -9"><span class='ocrx_word' id='word_1_885' title='bbox 2184 5701 2207 5731; x_wconf 69' lang='grc' dir='ltr'><strong>ο</strong></span> <span class='ocrx_word' id='word_1_886' title='bbox 2232 5697 2414 5747; x_wconf 82' lang='lat' dir='ltr'>Omnes</span> <span class='ocrx_word' id='word_1_887' title='bbox 2434 5708 2549 5744; x_wconf 76' lang='lat' dir='ltr'><strong>mss.</strong></span> <span class='ocrx_word' id='word_1_888' title='bbox 2574 5693 2859 5755; x_wconf 81' lang='grc' dir='ltr'>ἐμπέπλητο.</span> <span class='ocrx_word' id='word_1_889' title='bbox 2902 5688 3033 5738; x_wconf 81' lang='lat' dir='ltr'><strong>Edili</strong></span> <span class='ocrx_word' id='word_1_890' title='bbox 3069 5685 3395 5750; x_wconf 80' lang='grc' dir='ltr'>ἐμπέπλησται</span> <span class='ocrx_word' id='word_1_891' title='bbox 3436 5676 3561 5730; x_wconf 76' lang='lat' dir='ltr'><strong>Infra</strong></span> <span class='ocrx_word' id='word_1_892' title='bbox 3582 5676 3722 5726; x_wconf 77' lang='grc' dir='ltr'>ὁλο-</span> 
     </span>
    </p>
   </div>
   <div class='ocr_carea' id='block_1_120' title="bbox 2122 5757 3541 5823">
    <p class='ocr_par' dir='ltr' id='par_1_120' title="bbox 2122 5757 3541 5823">
     <span class='ocr_line' id='line_1_120' title="bbox 2122 5757 3541 5823; baseline -0.009 -10"><span class='ocrx_word' id='word_1_893' title='bbox 2122 5762 2311 5823; x_wconf 75' lang='grc' dir='ltr'>κλήρως</span> <span class='ocrx_word' id='word_1_894' title='bbox 2328 5757 2776 5823; x_wconf 52' lang='lat' dir='ltr'>deestingnyatuor</span> <span class='ocrx_word' id='word_1_895' title='bbox 2797 5766 2915 5823; x_wconf 63' lang='lat' dir='ltr'><strong>_m§s.</strong></span> <span class='ocrx_word' id='word_1_896' title='bbox 3060 5814 3072 5823; x_wconf 36' lang='grc'><strong>⁸</strong></span> <span class='ocrx_word' id='word_1_897' title='bbox 3114 5821 3217 5823; x_wconf 16' lang='grc' dir='ltr'>νὼ</span> <span class='ocrx_word' id='word_1_898' title='bbox 3455 5798 3541 5823; x_wconf 54' lang='lat' dir='ltr'>m:</span> 
     </span>
    </p>
   </div>
   <div class='ocr_carea' id='block_1_121' title="bbox 2185 5799 3720 5879">
    <p class='ocr_par' dir='ltr' id='par_1_121' title="bbox 2185 5799 3720 5879">
     <span class='ocr_line' id='line_1_121' title="bbox 2185 5799 3720 5879; baseline -0.016 -6"><span class='ocrx_word' id='word_1_899' title='bbox 2185 5799 2813 5879; x_wconf 44' lang='grc' dir='ltr'>λίτῖιῗοξίιῖξᾷίᾶὐῖόξτῖξει</span> <span class='ocrx_word' id='word_1_900' title='bbox 2855 5799 2959 5864; x_wconf 62' lang='lat' dir='ltr'>nam</span> <span class='ocrx_word' id='word_1_901' title='bbox 3002 5814 3080 5861; x_wconf 74' lang='lat' dir='ltr'>est</span> <span class='ocrx_word' id='word_1_902' title='bbox 3112 5821 3225 5859; x_wconf 80' lang='lat' dir='ltr'>vera</span> <span class='ocrx_word' id='word_1_903' title='bbox 3259 5805 3430 5857; x_wconf 74' lang='lat' dir='ltr'>lectio.</span> <span class='ocrx_word' id='word_1_904' title='bbox 3454 5799 3586 5855; x_wconf 77' lang='lat' dir='ltr'><strong>Edili</strong></span> <span class='ocrx_word' id='word_1_905' title='bbox 3601 5808 3720 5852; x_wconf 78' lang='grc' dir='ltr'>τις.</span> 
     </span>
    </p>
   </div>
  </div>
