4030 6206
305 190 409 247 55Ἱ

306 318 478 376 neque
513 304 658 359 enim
711 304 827 357 haec
882 305 1001 362 sine
1030 306 1232 382 doloris
1253 319 1413 363 sensu
1452 306 1592 365 ferre
1635 317 1877 379 oportet:

305 411 488 451 verum
520 395 594 451 ita
629 394 848 459 doleas.
880 408 939 453 ut
981 398 1193 454 modum
1236 399 1407 455 dolori
1462 400 1723 470 imponas.
1755 399 1888 455 Nam

246 556 253 563 _
301 502 422 543 cum
451 487 506 543 in
537 488 603 544 iis
626 490 808 556 rebus,
838 489 890 545 in
916 491 1110 563 quibus
1142 492 1240 561 ipsi
1270 507 1571 562 peccamus,
1594 503 1648 548 et
1676 492 1743 548 de
1768 493 1889 562 qui-

306 581 404 634 bus
425 580 662 636 rationes
691 580 950 636 reddituri
971 597 1176 650 sumus,
1202 581 1420 639 minime
1445 584 1800 638 necessarium
1827 596 1891 637 ac

305 680 474 726 tntnnt
502 672 610 737 sit,
637 688 820 728 verum
856 688 1109 744 perquam
1150 673 1414 729 funestum
1449 689 1511 731 ac
1539 674 1846 745 pestiferum
1868 713 1888 742 ,

304 763 463 817 nimis
495 764 842 819 vehementer
870 764 1181 820 discruciari
1217 783 1232 820 :
1263 774 1464 838 quanto
1492 767 1660 837 magis
1703 781 1892 836 super-

304 869 596 909 vacaneum
627 863 682 909 et
709 871 901 909 vanum
930 866 1032 923 est,
1063 858 1168 911 imo
1194 856 1487 913 satanieum
1513 868 1671 928 atque
1696 859 1890 912 animae

301 945 584 1001 exitiosum
600 987 615 1013 ,
638 961 734 1017 pro
761 947 950 1003 alienis
974 949 1265 1004 sceleribus
1290 950 1469 1005 animo
1494 950 1662 1022 frangi
1693 965 1757 1006 ac
1792 950 1890 1006 de-

303 1038 503 1093 bilitari
531 1038 557 1092 ’ἶ

370 1130 426 1183 2.
474 1131 648 1199 Atque
675 1139 734 1184 ut
777 1130 890 1186 haec
931 1132 1000 1186 ita
1042 1147 1164 1188 esse
1202 1132 1497 1204 intelligas,
1528 1142 1767 1190 veterem
1796 1132 1890 1188 tibi

305 1217 585 1275 historiam
632 1220 880 1275 narrabo.
931 1222 1021 1275 \‘ir
1058 1223 1273 1294 quidam
1320 1223 1661 1288 Corinthius,
1705 1212 1889 1280 sacro-

300 1321 488 1366 sancta
510 1311 649 1365 unda
691 1312 886 1368 tinctus
918 1311 937 1385 (
960 1314 1011 1369 l.
1044 1313 1162 1371 Cor.
1194 1316 1289 1386 5),
1317 1331 1381 1372 ac
1403 1332 1500 1388 per
1530 1317 1780 1387 baptismi
1804 1332 1892 1373 sa-

300 1409 635 1457 cramentum
687 1403 977 1470 lustratus,
1025 1406 1423 1477 trentenquue
1481 1408 1640 1463 etiam
1689 1424 1888 1465 mensa:

301 1495 594 1565 adhibitus,
622 1504 783 1568 atque
801 1539 816 1561 ,
844 1507 902 1554 ut
925 1501 1229 1556 summatim
1257 1502 1459 1574 dicam,
1495 1504 1731 1560 omnium
1760 1506 1888 1561 reli-

299 1588 475 1659 gionis
502 1599 697 1644 nostra:
737 1592 1110 1663 mysteriorum
1144 1594 1408 1665 particeps
1436 1594 1629 1664 factus,
1656 1612 1719 1653 ac
1750 1614 1887 1668 pra:-

301 1690 486 1748 tcrca,
519 1692 578 1737 ut
609 1683 850 1754 plerique
895 1685 1076 1751 aiunt,
1107 1688 1345 1759 magistri
1384 1705 1604 1747 munere
1633 1690 1887 1762 fungens,

301 1783 424 1843 post
451 1788 658 1829 sacram
690 1775 834 1832 illam
862 1776 1235 1846 initiationem,
1266 1789 1387 1851 post
1411 1796 1602 1836 arcana
1634 1782 1720 1839 illa
1752 1784 1891 1838 bona

297 1865 366 1918 ad
405 1881 525 1936 qua:
567 1865 832 1922 admissus
856 1868 1047 1936 fuerat,
1080 1880 1199 1941 post
1238 1873 1438 1943 primos
1466 1872 1736 1944 dignitatis
1764 1890 1887 1946 gra—

297 1956 402 2010 dus
425 1972 563 2028 quos
584 1957 635 2011 in
667 1958 899 2014 Ecclesia
929 1960 1268 2031 obtinuerat,
1299 1962 1354 2020 in
1381 1964 1750 2034 gravissimum
1781 1965 1889 2037 cri-

301 2066 423 2103 men
455 2049 660 2105 incidit.
693 2050 825 2106 Nam
865 2067 985 2107 cum
1015 2055 1183 2125 patris
1218 2070 1437 2111 uxorem
1464 2056 1738 2112 sceleratis
1763 2073 1891 2112 ocu-

297 2143 364 2196 lis
412 2145 820 2214 conspexisset,
865 2164 971 2202 non
1026 2148 1078 2203 in
1125 2149 1224 2205 hac
1277 2150 1517 2222 improba
1575 2160 1629 2207 et
1687 2152 1886 2208 nefaria

295 2232 591 2302 cupiditate
630 2234 850 2305 gradum
885 2235 1018 2303 fixit,
1051 2254 1233 2294 verum
1263 2242 1425 2296 etiam
1455 2241 1775 2312 impudicam
1803 2258 1891 2298 vo-

296 2325 559 2380 luntatem
608 2327 664 2381 in
703 2343 837 2399 opus
880 2331 1128 2401 perduxit
1162 2349 1175 2385 :
1207 2340 1368 2403 atque
1413 2332 1517 2389 hoc
1561 2334 1736 2390 scelus
1781 2350 1889 2390 non

299 2417 466 2472 modo
488 2427 731 2488 stuprum
752 2429 890 2489 erat,
917 2422 1010 2478 sed
1037 2423 1196 2487 etiam
1226 2423 1580 2491 adulterium,
1604 2426 1711 2480 imo
1739 2426 1891 2482 adul-

297 2511 435 2564 terio
463 2526 678 2582 quoque
700 2514 870 2570 multo
899 2517 1153 2572 atrocius.
1183 2516 1264 2572 Ob
1295 2517 1456 2588 idque
1480 2519 1668 2575 beatus
1694 2518 1888 2576 Paulus

293 2616 355 2656 re
394 2603 607 2673 cognita
627 2646 642 2671 ,
672 2620 793 2660 cum
820 2608 1092 2678 preprium
1115 2624 1179 2665 ac
1216 2610 1343 2666 satis
1370 2611 1585 2682 dignum
1613 2612 1735 2668 huic
1764 2629 1889 2669 sce-

292 2692 393 2748 leri
422 2710 619 2751 nomen
664 2697 942 2769 imponere
979 2702 1196 2759 minime
1224 2713 1437 2775 posset,
1468 2706 1574 2761 alio
1608 2704 1768 2763 modo
1795 2707 1890 2762 lla-

290 2787 406 2856 gitii
436 2786 743 2857 hujusmodi
771 2792 1187 2862 magnitudinem
1217 2804 1271 2851 et
1289 2797 1603 2867 gravitatem
1629 2798 1884 2866 declarat,

292 2880 379 2935 his
403 2880 587 2936 verbis
619 2891 805 2939 utens:
832 2883 1051 2940 Omnino
1077 2887 1287 2942 auditur
1314 2890 1444 2944 inter
1476 2906 1562 2945 uos
1593 2892 1883 2962 fornicatio,

288 2982 338 3027 et
367 2974 490 3029 talis
531 2975 803 3045 fornicatio
826 3019 842 3044 ,
873 2980 1038 3048 qualis
1085 2997 1175 3035 nec
1218 2982 1351 3036 inter
1376 2993 1547 3055 gentes
1597 2986 1888 3041 nominatur

291 3064 371 3132 (Ι.
401 3065 525 3119 Cor.
556 3066 611 3122 5.
645 3067 719 3138 1).
750 3067 866 3123 Non
904 3069 1060 3139 dixit,
1096 3071 1205 3127 Nec
1247 3084 1602 3144 perpetratur,
1630 3077 1748 3145 sed,
1776 3075 1887 3131 Nec

290 3157 591 3211 nominatur
619 3175 639 3216 :
673 3159 758 3218 his
784 3160 1032 3221 videlicet
1070 3166 1249 3221 verbis
1296 3166 1663 3225 incredibilem
1692 3186 1884 3241 quam-

288 3248 416 3303 dam
437 3248 663 3307 sceleris
685 3251 829 3312 illius
851 3256 1268 3324 magnitudinem
1295 3259 1528 3316 iudicare
1556 3262 1795 3333 cupiens.
1820 3264 1886 3321 Et

287 3340 513 3409 quidem
542 3358 667 3399 eum
698 3344 908 3401 diabolo
945 3347 1178 3418 addicit,
1214 3359 1373 3421 atque
1404 3352 1473 3407 ab
1509 3355 1757 3411 universa
1783 3355 1887 3411 Ee-

285 3433 456 3487 clesia
486 3434 780 3503 exscindit;
822 3452 884 3493 ac
913 3454 979 3494 ne
1006 3440 1073 3495 ad
1102 3456 1438 3499 communem
1479 3446 1692 3516 quidem
1737 3463 1888 3504 men-

285 3538 407 3581 sam
434 3524 613 3594 ipsum
633 3526 944 3584 admittendi
975 3539 1289 3602 potestatem
1314 3537 1561 3606 cuiquam
1583 3537 1726 3594 facit.
1750 3538 1884 3595 Cum

287 3616 565 3684 ejusmodi
607 3617 749 3673 enim
778 3618 993 3677 homine
1024 3637 1090 3678 ne
1125 3624 1302 3681 cibum
1330 3627 1545 3697 quidem
1585 3643 1779 3700 capere
1807 3629 1886 3686 fas

282 3720 414 3761 esse
437 3706 515 3761 ait
541 3706 561 3777 (
587 3707 638 3761 l.
668 3707 787 3764 Cor.
815 3711 867 3766 5.
899 3712 958 3767 11
990 3710 1032 3784 ).
1059 3714 1296 3787 Denique
1325 3732 1517 3789 magno
1544 3718 1745 3789 impetu
1771 3718 1884 3787 fer.-

282 3808 399 3864 tur,
432 3810 729 3856 extremam
754 3801 823 3857 ab
848 3818 914 3858 eo
941 3819 1152 3874 pinnam
1178 3818 1455 3879 expetens,
1474 3812 1886 3885 carniﬁcemque
1966 3854 1970 3861 ι

279 3889 353 3943 ad
386 3906 508 3945 eam
549 3907 661 3947 rem
701 3904 941 3952 satanam
969 3898 1263 3970 adhibens,
1292 3917 1355 3957 ac
1379 3919 1475 3974 per
1493 3905 1641 3960 illum
1668 3921 1884 3964 carnem

280 3981 461 4050 ipsius
487 3982 746 4041 lacerans.
781 3986 851 4043 Et
876 3996 1052 4046 tamen
1078 3992 1124 4047 is
1148 3992 1237 4063 qui
1263 3992 1330 4049 ab
1352 3993 1588 4051 Ecclesia
1614 3998 1882 4055 hominem

279 4072 627 4140 alxsciderat,
660 4077 749 4148 qui
794 4094 860 4134 ne
891 4080 1170 4150 profanam
1199 4084 1413 4155 quidem
1448 4104 1687 4144 mensam
1732 4070 1883 4146 com?

279 4178 513 4219 munem
562 4180 684 4221 cum
733 4184 800 4224 eo
845 4169 1046 4229 habere
1108 4175 1353 4248 cuiquam
1402 4180 1754 4249 permiserat,
1793 4184 1882 4254 qui

278 4257 546 4312 omnibus
574 4259 771 4317 luctum
802 4262 970 4333 ipsius
994 4282 1153 4323 causa
1181 4269 1443 4326 indixerat
1471 4271 1492 4345 (
1514 4272 1577 4327 Et
1602 4289 1687 4329 vos
1716 4275 1884 4346 inﬂati

277 4348 432 4413 estis,
455 4350 660 4421 inquit,
688 4362 735 4407 et
759 4371 861 4410 non
899 4360 1059 4428 magis
1082 4360 1272 4415 luctum
1301 4362 1568 4430 habuistis,
1597 4375 1650 4420 ut
1676 4367 1885 4422 tollatur

276 4441 351 4492 de
374 4440 541 4495 medio
566 4454 782 4499 vestrum
807 4448 893 4516 qui
917 4448 1011 4503 hoc
1036 4466 1163 4522 apus
1190 4452 1307 4523 fecit
1345 4453 1419 4526 [1.
1446 4454 1563 4511 Cor.
1592 4457 1645 4514 5.
1665 4456 1770 4532 2]),
1791 4459 1884 4530 qui

277 4546 421 4586 eum
446 4548 551 4588 non
584 4550 737 4591 secus
764 4553 828 4593 ac
862 4541 1170 4611 pestiferum
1197 4547 1479 4615 quemdam
1510 4549 1884 4622 undecumque

278 4624 563 4697 pellebat,
592 4628 682 4699 qui
725 4645 790 4685 ex
817 4632 1054 4688 omnium
1097 4635 1301 4693 aedibus
1328 4621 1650 4707 excluserat,
1679 4642 1768 4713 qui
1796 4621 1885 4699 sae

278 4724 437 4769 utne
462 4717 772 4787 tradiderat,
799 4719 867 4789 is,
897 4722 1133 4795 inquam,
1154 4728 1243 4798 qui
1276 4736 1478 4785 tantum
1499 4733 1567 4786 ab
1593 4746 1659 4789 eo
1683 4734 1882 4804 suppli-

276 4806 436 4859 cium
459 4809 739 4879 exigebat,
773 4823 1051 4885 postquam
1082 4832 1203 4873 eum
1233 4817 1417 4875 dolore
1443 4821 1688 4878 allectum
1709 4864 1725 4891 ,
1761 4837 1883 4879 sce-

276 4896 527 4968 terisque
570 4900 790 4957 admissi
841 4905 1189 4973 pmititentem
1232 4910 1400 4975 vidit,
1455 4911 1883 4984 palinodiamque

274 4992 470 5061 reipsa
497 5003 777 5050 canentem
798 5037 814 5060 ,
845 4995 896 5050 in
938 4997 1081 5054 hunc
1104 5001 1318 5056 modum
1351 5003 1465 5072 ipse
1499 5019 1710 5075 quoque
1753 5021 1881 5062 sen-

273 5083 517 5139 tentiam
543 5087 794 5156 retexuit,
826 5097 883 5144 ut
909 5090 991 5154 iis,
1019 5091 1211 5161 quibus
1242 5093 1356 5149 inec
1383 5094 1648 5161 edixerat,
1672 5103 1883 5152 contra-

274 5177 374 5227 ria
396 5175 510 5242 jam
541 5176 848 5248 imperaret.
879 5181 1011 5237 Nam
1037 5185 1127 5255 qui
1151 5184 1379 5253 dixerat,
1403 5184 1730 5255 Exscindile,
1754 5189 1881 5261 reji-

270 5266 419 5330 cite,
438 5264 635 5335 lugete,
648 5283 711 5324 ac
723 5269 967 5327 diabolus
982 5273 1153 5343 ipsum
1169 5276 1410 5344 arripiat,
1425 5277 1551 5347 quid
1570 5279 1670 5331 ait?
1685 5276 1885 5333 Firma-

275 5365 335 5408 ιε
357 5356 415 5409 in
435 5373 550 5411 eum
574 5361 854 5428 caritatem,
886 5381 950 5420 ne
974 5364 1333 5422 abundantiori
1359 5368 1560 5423 tristitia
1585 5370 1880 5442 hujusmodi

272 5448 446 5501 homo
456 5450 796 5523 absorbeatur,
811 5473 873 5510 ac
893 5458 1345 5515 circumveniantur
1359 5478 1390 5514 a
1406 5472 1588 5517 satana
1603 5478 1624 5518 :
1636 5479 1735 5519 non
1749 5465 1879 5520 enim

272 5541 456 5611 ipsius
478 5546 802 5614 cogitationes
831 5551 1123 5623 ignoramus
1145 5552 1221 5628 (2.
1236 5552 1355 5610 Cor.
1373 5555 1429 5610 2.
1452 5556 1632 5629 7.“).
1650 5556 1883 5615 Videsne

268 5635 742 5705 quemadmodum
764 5651 962 5699 satanae
984 5643 1289 5703 instinctum
1305 5647 1562 5721 redoleat,
1592 5649 1873 5723 laqueique

1805 192 2179 253 εινιῑςΐυιηε.

3478 231 3505 245 δ’
3516 231 3541 247 ιο

3472 248 3536 285 δέ)
3548 233 3580 285 8

1998 307 2165 378 ipsius
2184 325 2316 381 opus
2337 312 2426 381 sit,
2452 313 2736 379 immodico
2759 314 2942 371 dolore
2965 315 3124 381 allici,
3145 323 3201 371 ut
3222 316 3309 386 qui
3340 317 3581 376 Vidt'llCl‘l

1990 401 2223 456 salutare
2245 402 2587 474 pharmacum
2612 420 2706 476 per
2727 405 3219 461 immoderatiouem
3246 409 3296 461 in
3319 423 3580 464 venenum

1991 494 2300 549 convertat?
2315 494 2584 566 Siquidem
2608 497 2658 550 in
2682 512 2943 552 venenum
2967 497 3275 569 degenerat,
3298 507 3456 567 atque
3482 499 3552 553 ho
3567 530 3579 537 —

1940 619 1972 632 κ
1992 584 2191 639 minem
2217 596 2413 642 satana:
2437 589 2616 656 tradit,
2636 604 2759 644 cum
2778 591 2992 647 modum
3011 591 3334 656 excesserit;
3356 592 3580 664 ideoque

1990 674 2203 731 dicebat
2223 695 2238 732 :
2259 675 2342 733 Ne
2364 678 2813 736 circumveniantur
2829 695 2861 732 a
2877 690 3090 743 satana.
3107 682 3262 750 Quod
3279 683 3500 753 perinde
3526 698 3587 736 ac

1993 767 2038 822 si
2060 767 2260 823 diceret
2282 788 2296 824 :
2319 768 2522 841 lugenti
2560 771 2740 827 scabie
2759 780 3010 842 cooperta
3048 786 3215 843 pecus
3237 771 3350 829 haec
3372 782 3488 827 erat
3509 812 3527 840 ,
3558 786 3586 825 a

1972 874 2151 937 (grege
2177 872 2378 916 remota
2406 872 2487 916 est
2515 879 2527 914 ς
2557 862 2625 917 ab
2654 863 2905 918 Ecclesia:
2934 873 3073 919 cmtu
3099 866 3320 933 abrupta
3348 879 3365 928 ;
3394 878 3579 917 verum

1994 950 2238 1006 morbum
2278 950 2501 1021 depulit,
2534 962 2694 1022 atque
2721 952 2774 1007 in
2802 954 3083 1022 pristinum
3116 962 3313 1007 statum
3337 952 3583 1008 restituta

1993 1050 2074 1096 est
2100 1058 2114 1093 :
2139 1057 2202 1096 ea
2232 1042 2372 1096 enim
2404 1042 2729 1112 plenitentiae
2759 1044 2836 1097 vis
2861 1052 2961 1099 est.
2985 1044 3063 1098 Ad
3090 1060 3303 1114 gregem
3342 1053 3584 1099 nostrqu

1988 1132 2098 1201 jam
2140 1131 2317 1187 rediit.
2342 1132 2567 1187 Prorsus
2588 1149 2709 1187 eum
2749 1133 3077 1200 alliciamus,
3100 1134 3303 1203 supinis
3342 1134 3587 1188 manibus

1993 1222 2339 1293 excipiamus,
2354 1224 2756 1294 amplectamur,
2772 1225 3164 1289 exoseulcmur,
3184 1225 3335 1280 nobis
3354 1225 3482 1298 ipsis
3503 1227 3588 1279 adv

1990 1314 2413 1387 jungamus.Nisi
2436 1318 2576 1372 enim
2599 1318 2650 1373 id
2676 1317 2850 1373 facere
2868 1318 2916 1371 iu
2939 1318 3171 1372 animum
3198 1317 3581 1383 induxerimus,

1993 1408 2201 1464 fraudat
2218 1409 2326 1479 jam
2354 1424 2452 1467 nos
2477 1418 2709 1476 satanas,
2725 1426 2832 1463 non
2857 1424 3010 1464 suum
3029 1409 3317 1478 accipiens,
3341 1408 3436 1464 sed
3460 1424 3581 1463 eum

1992 1501 2081 1573 qui
2109 1511 2290 1558 noster
2318 1501 2535 1558 effectus
2569 1511 2670 1567 est,
2699 1518 2795 1574 per
2814 1501 3115 1558 socordiam
3140 1512 3400 1567 nostraet,
3419 1511 3582 1574 atque

1991 1592 2339 1649 immodicum
2366 1593 2533 1663 ipsius
2562 1609 2846 1649 mmrnrem
2878 1593 3227 1664 demergens,
3272 1593 3479 1662 sibique
3528 1592 3584 1647 iu

1995 1694 2265 1754 posterum
2302 1701 2569 1741 asserens.
2601 1686 2683 1742 Ob
2728 1686 2886 1755 idque
2932 1687 3092 1742 etiam
3132 1687 3435 1756 subjuuxit,
3466 1684 3585 1739 Non

1992 1775 2127 1829 enim
2168 1775 2329 1847 ipsius
2370 1777 2697 1847 cogitationes
2734 1777 3026 1848 ignoramus
3051 1777 3126 1849 (2.
3153 1776 3270 1832 Cor.
3300 1776 3353 1831 2.
3382 1791 3434 1829 υ.
3472 1777 3583 1846 Η).

1994 1880 2186 1936 nempe
2208 1865 2349 1936 quod
2370 1868 2530 1921 etiam
2555 1884 2649 1938 per
2664 1883 2747 1934 ea,
2768 1884 2886 1938 quae
2905 1883 3025 1923 cum
3050 1869 3274 1924 utilitate
3294 1869 3579 1938 conjuncta

1993 1964 2136 2022 sunt,
2163 1972 2281 2012 cum
2308 1974 2434 2023 non,
2455 1967 2510 2014 ut
2528 1974 2620 2027 par
2643 1956 2747 2025 est,
2779 1958 2931 2025 fiunt,
2957 1974 3052 2014 eos
3068 1959 3159 2030 qui
3185 1960 3418 2014 animum
3445 1960 3584 2015 haud

1992 2052 2123 2106 satis
2147 2051 2449 2119 attendunt,
2476 2053 2528 2107 in
2555 2052 2794 2107 fraudem
2820 2052 3096 2124 impellere
3116 2053 3410 2109 consuevit.

2063 2142 2116 2198 '5.
2158 2142 2308 2211 Quod
2352 2144 2397 2199 si
2443 2158 2539 2214 pro
2574 2160 2640 2199 eo
2668 2145 2870 2200 scelere
2891 2186 2904 2207 ,
2933 2153 2990 2200 et
3016 2144 3229 2216 quidem
3260 2153 3365 2199 tam
3391 2144 3534 2215 gravi
3564 2186 3582 2210 ,

1991 2233 2132 2304 quod
2154 2234 2414 2304 quispiam
2432 2235 2720 2301 commisit,
2739 2235 2933 2291 Paulus
2952 2251 3072 2291 eum
3091 2235 3255 2290 nimio
3277 2251 3507 2290 mmrore
3525 2252 3583 2290 se

1991 2325 2257 2381 conficere
2286 2341 2390 2381 non
2412 2326 2558 2392 sinit,
2578 2341 2765 2380 verum
2794 2341 3055 2382 summam
3080 2326 3407 2397 diligentiam
3432 2325 3585 2381 adhi-

1978 2419 2100 2484 bet,
2118 2418 2357 2489 nihilque
2382 2434 2485 2474 non
2512 2418 2620 2490 agit
2648 2434 2711 2474 ac
2740 2420 2977 2486 molitur,
2996 2434 3103 2491 quo
3131 2420 3379 2476 maeroris
3407 2432 3580 2477 tumo-

1990 2523 2103 2567 rem
2131 2510 2427 2579 exscindat,
2459 2519 2658 2566 satana:
2685 2510 2932 2566 videlicet
2957 2526 3019 2566 ac
3035 2511 3231 2567 diaboli
3252 2512 3583 2568 circumscri-

1991 2603 2225 2674 ptionem
2257 2602 2560 2673 hujusmodi
2605 2601 3101 2659 immoderationem
3142 2618 3283 2669 esse,
3318 2613 3475 2673 atque
3514 2602 3581 2659 ab

1990 2696 2157 2766 ipsius
2170 2696 2409 2751 versutia
2425 2704 2478 2751 ct
2499 2694 2751 2765 improbis
2776 2694 3187 2766 cogitationibus
3206 2694 3466 2764 proficisci
3494 2709 3580 2749 as-

1989 2803 2204 2845 serens:
2222 2804 2397 2842 annon
2419 2798 2671 2865 extrema:
2688 2788 2925 2843 stultitia:
2945 2797 3103 2859 atque
3121 2789 3338 2844 insaniae
3360 2799 3461 2853 est,
3483 2805 3579 2859 pro

1990 2881 2225 2951 peccatis
2248 2879 2440 2935 alienis
2460 2919 2475 2944 ,
2498 2888 2553 2934 et
2577 2880 2644 2935 de
2668 2880 2858 2950 quibus
2895 2880 3013 2935 aliis
3043 2880 3302 2951 judicium
3338 2880 3575 2935 subeun-

1989 2971 2113 3026 dum
2146 2986 2209 3026 ac
2236 2984 2392 3040 poena
2431 2968 2621 3024 luenda
2648 2978 2731 3024 est
2753 3010 2768 3036 ,
2798 2971 2849 3024 in
2880 2978 3024 3023 tanto
3049 2969 3235 3025 dolore
3264 2979 3317 3024 et
3342 2970 3575 3025 cruciatu

1988 3063 2211 3126 versari,
2241 3072 2298 3116 ut
2325 3062 2484 3117 etiam
2512 3061 2859 3117 densissimas
2883 3063 3131 3117 tenebras
3153 3105 3169 3130 ,
3202 3064 3578 3136 ingentemque

1989 3155 2271 3211 tumultum
2300 3161 2354 3209 et
2392 3152 2756 3209 confusionem
2804 3168 2869 3208 ac
2898 3154 3349 3223 perturbationem
3372 3196 3385 3218 ,
3416 3165 3583 3225 atque

1990 3244 2311 3303 horrendam
2368 3254 2738 3317 tempestatem
2792 3246 2972 3301 animo
3022 3246 3279 3301 invehas?
3319 3247 3469 3315 Quod
3531 3249 3574 3301 si

1987 3339 2117 3394 mihi
2156 3351 2367 3393 rursum
2417 3336 2602 3392 eadem
2647 3335 2846 3391 dixeris
2869 3378 2883 3402 ,
2919 3336 3169 3391 nimirum
3202 3346 3254 3393 te
3278 3337 3449 3404 velle,
3478 3339 3583 3393 sed

1987 3432 2208 3487 minime
2238 3445 2416 3501 posse,
2448 3445 2659 3485 rursum
2690 3430 2785 3486 tibi
2813 3430 2998 3485 eadem
3031 3446 3241 3502 quoque
3272 3431 3384 3501 ipse
3422 3446 3574 3501 rcge—

1986 3539 2125 3590 ram,
2158 3537 2348 3592 nempe
2379 3538 2555 3579 meras
2582 3523 2954 3579 excusationes
2979 3537 3260 3595 moresque
3289 3530 3574 3592 praetexlus

1987 3617 2104 3673 haec
2125 3631 2245 3673 esse
2277 3633 2291 3670 :
2324 3631 2517 3672 nervos
2541 3616 2683 3673 enim
2712 3616 3095 3688 phiIOSOphicze
3119 3616 3311 3671 anima:
3342 3623 3445 3670 tute
3474 3630 3571 3670 co-

1987 3709 2164 3781 gnitos
2192 3723 2255 3764 ac
2283 3718 2590 3781 perspectos
2616 3708 2809 3763 habeo.

2058 3798 2126 3858 In
2170 3800 2382 3871 publicis
2410 3800 2781 3854 calamitatibus
2805 3797 2931 3868 quid
2954 3796 3225 3867 agendum.
3253 3827 3325 3838 —
3364 3795 3441 3853 Ut.
3478 3813 3571 3852 au-

1987 3901 2093 3950 tem
2124 3892 2224 3947 alia
2252 3908 2469 3963 quoque
2497 3893 2703 3948 ratione
2739 3890 3028 3946 faciliorem
3062 3891 3153 3946 tibi
3193 3890 3447 3947 adversus
3475 3891 3571 3945 im-

1986 3996 2271 4058 portunum
2304 3982 2442 4039 hunc
2479 3992 2534 4038 et
2575 3984 2882 4054 pestiferum
2923 3997 3208 4039 maerorem
3239 3998 3466 4052 pugnam
3508 3997 3572 4038 ac

1988 4080 2262 4135 victoriam
2312 4078 2563 4146 reddam,
2612 4077 2713 4133 hoc
2755 4076 3142 4148 rursus,quod
3176 4077 3378 4148 jubco,
3410 4076 3574 4155 facias

1986 4169 2167 4225 velim.
2212 4167 2347 4225 Cum
2391 4170 2620 4240 aliquem
2652 4169 2793 4225 hanc
2835 4169 3126 4240 perniciem
3151 4183 3572 4225 commemoran-

1987 4270 2094 4318 tem
2118 4261 2370 4329 audicris,
2394 4261 2461 4318 ab
2491 4262 2792 4333 hujusmodi
2818 4262 3136 4334 cogitatione
3159 4278 3315 4332 quam
3342 4262 3571 4331 primum

1986 4361 2040 4408 te
2068 4368 2308 4421 remove,
2338 4363 2497 4426 atque
2539 4353 2606 4408 ad
2639 4352 2957 4409 furmidandi
2990 4353 3129 4408 illius
3157 4353 3263 4407 diei
3289 4353 3572 4423 cogitatio-

1987 4459 2108 4500 nem
2134 4459 2318 4511 curre,
2343 4453 2623 4516 tecumque
2666 4444 2991 4501 horrendum
3021 4443 3149 4500 illud
3190 4443 3419 4499 tribunal
3444 4460 3570 4499 con-

1986 4536 2182 4603 sidera,
2215 4537 2577 4607 incorruptum
2599 4534 2841 4593 Judicem
2865 4578 2879 4601 ,
2910 4536 3094 4607 igneos
3117 4550 3327 4598 amnes,
3354 4535 3446 4607 qui
3477 4550 3570 4604 pro

1985 4627 2079 4683 illo
2105 4626 2353 4683 tribunali
2384 4627 2666 4682 trahuntur
2689 4636 2744 4683 et
2775 4626 3146 4682 ardentissima
3174 4625 3387 4680 ﬂamma
3415 4625 3569 4681 ebul-

1984 4720 2120 4777 liunt
2142 4763 2158 4789 ,
2190 4730 2472 4793 peracutos
2499 4720 2740 4793 gladios,
2769 4729 2981 4775 atroces
3010 4733 3194 4789 ptenas
3216 4760 3231 4783 ,
3276 4719 3568 4774 cruciatum

1984 4815 2390 4885 sempiternum,
2423 4823 2613 4869 tetram
2640 4812 2940 4881 caliginem,
2971 4811 3265 4867 exteriores
3300 4812 3567 4877 tenebras,

1984 4906 2296 4977 pestiferum
2340 4920 2577 4959 vermetn
2609 4942 2625 4969 ,
2676 4901 2886 4957 vincula
2929 4918 3047 4972 qua:
3097 4901 3241 4957 nulla
3289 4903 3338 4957 vi
3401 4900 3569 4970 frangi

1985 5007 2202 5070 queant,
2244 4996 2481 5053 dentium
2527 4994 2845 5061 stridorem,
2890 4995 3143 5063 ejulatnm
3191 4992 3583 5054 consolationis

1986 5102 2260 5162 expertem
2280 5134 2294 5155 ,
2326 5091 2471 5147 orbis
2512 5091 2775 5146 theatrum
2796 5130 2813 5154 ,
2841 5089 2922 5145 vel
2951 5091 3126 5161 potius
3167 5091 3440 5159 utriusque
3470 5104 3568 5143 na-

1987 5193 2119 5240 turte
2146 5182 2409 5239 theatrum
2431 5224 2446 5249 ,
2478 5182 2579 5237 hoc
2603 5190 2686 5237 est
2724 5182 3016 5252 superioris
3039 5192 3093 5237 et
3126 5180 3415 5239 inferioris.
3455 5178 3569 5237 Vir-

1985 5286 2114 5331 tutes
2137 5276 2278 5329 enim
2308 5275 2548 5329 calorum
2589 5273 2914 5327 movebuntur
2940 5272 3161 5344 (Matth.
3191 5272 3282 5328 24.
3314 5272 3465 5342 29),
3498 5275 3569 5329 ait

1985 5367 2246 5425 Christus.
2273 5365 2406 5422 Nam
2430 5367 2532 5422 etsi
2572 5366 2770 5423 nullius
2798 5366 3018 5423 sceleris
3047 5364 3148 5420 sibi
3189 5364 3439 5429 consciae,
3473 5378 3576 5419 nec

1980 5461 2238 5534 judicium
2268 5458 2523 5516 subitura;
2565 5467 2723 5527 sunt,
2750 5469 2931 5514 tamen
2955 5456 3257 5511 universum
3287 5454 3576 5510 hominum

1950 5546 1956 5565 ³
1984 5571 2154 5630 genus
2177 5555 2571 5629 conspicientes
2590 5598 2605 5622 ,
2634 5562 2793 5625 atque
2821 5553 3053 5610 iutinitas
3080 5552 3325 5609 nationes
3350 5559 3570 5607 causam

1986 5649 2247 5718 dicentes,
2279 5665 2387 5707 non
2414 5647 2529 5707 sine
2555 5657 2697 5706 metu
2724 5647 2830 5706 illic
2851 5646 3167 5708 adstabant.
3189 5650 3386 5703 Tantus
3418 5636 3569 5691 vide~
