4030 6206
452 313 556 370 559

451 432 580 486 licet
614 437 738 482 tunc
777 436 952 483 terror
976 427 1099 483 erit.
1149 425 1275 480 Hcce
1317 422 1632 489 considera,
1677 435 1849 491 eaque
1889 431 2044 490 argu-

452 530 669 586 menta,
698 536 766 576 ex
812 521 1001 591 quibus
1049 517 1290 574 elabendi
1342 517 1479 573 ratio
1528 516 1672 571 nulla
1719 516 1809 570 sit.
1861 512 2048 585 Neque

453 620 597 674 enim
638 615 1036 673 accusatoribus
1059 614 1223 685 judex
1260 612 1350 668 ille
1377 626 1511 681 opus
1542 609 1724 678 habet,
1761 623 1862 666 nec
1890 608 2045 663 teSti-

455 711 593 774 bus,
647 723 749 763 nec
787 705 1156 777 argumentis,
1206 719 1306 760 nec
1355 702 1812 774 probationibus:
1860 717 2047 758 verum

457 799 634 854 omnia
660 840 676 864 ,
707 806 766 853 ut
788 805 933 868 gesta
961 805 1103 864 sunt,
1133 797 1187 851 in
1217 795 1454 851 medium
1483 793 1706 866 profert,
1740 801 1899 864 atque
1927 801 2050 848 ante

454 891 639 946 oculos
665 904 847 944 eorum
877 888 965 959 qui
992 885 1346 958 deliquerunt.
1369 885 1505 941 Tum
1533 898 1713 953 nemo,
1737 883 1828 956 qui
1862 898 1893 938 e
1923 898 2050 953 snp-

455 983 618 1055 plicio
659 981 851 1051 eripiat
875 1023 890 1046 ,
919 979 1196 1034 adfuturus
1227 987 1345 1042 est,
1374 993 1480 1033 non
1516 984 1670 1047 pater
1691 1017 1708 1043 ,
1733 991 1839 1032 non
1872 976 2011 1031 filius
2031 1018 2047 1044 ,

456 1089 562 1128 non
593 1073 730 1138 lilia,
755 1089 860 1127 non
904 1079 1101 1137 mater,
1136 1085 1242 1125 non
1283 1070 1417 1125 alius
1457 1068 1721 1140 quispiam
1755 1076 2046 1138 cognatus,

457 1180 564 1219 non
590 1164 794 1220 vicinus
819 1206 832 1227 ,
867 1179 972 1218 non
1017 1163 1252 1227 amicus,
1290 1176 1398 1216 non
1429 1169 1718 1230 patronus,
1750 1175 1856 1215 non
1892 1174 2053 1230 pecu-

457 1258 665 1312 niarum
715 1257 965 1328 largitio,
997 1271 1104 1310 non
1153 1270 1313 1325 opum
1355 1252 1681 1324 amplitudo,
1713 1267 1818 1307 non
1862 1259 2051 1306 aucto-

453 1352 628 1405 ritatis
679 1364 741 1404 ac
789 1348 1038 1419 potentire
1081 1359 1291 1414 tumor;
1337 1361 1521 1400 verum
1567 1343 1684 1399 lucc
1725 1343 1905 1399 omnia
1944 1359 2050 1399 non

455 1457 612 1498 secus
632 1484 634 1486 τ
656 1457 718 1497 ac
764 1441 937 1513 pulvis
966 1457 996 1497 e
1027 1439 1248 1512 pedibus
1293 1451 1514 1494 excussa
1541 1450 1685 1504 sunt,
1711 1451 1776 1492 ac
1820 1436 1966 1491 solus
2003 1437 2052 1492 is

454 1539 546 1610 qui
595 1554 810 1594 causam
865 1538 1032 1604 dicit,
1064 1554 1128 1593 cx
1183 1537 1246 1592 iis
1293 1551 1413 1607 qua:
1446 1535 1514 1591 ab
1559 1535 1674 1606 ipso
1710 1541 1860 1606 gesta
1889 1538 2046 1598 sunt,

455 1632 540 1688 vel
585 1631 910 1698 absolvitur,
952 1631 1036 1684 vel
1062 1629 1466 1686 condemnatur.
1501 1626 1652 1684 Tunc
1680 1640 1840 1682 nemo
1877 1624 1947 1679 ob
1985 1638 2049 1678 ea

455 1739 577 1794 qua:
613 1723 750 1777 alius
785 1721 1140 1794 perpetravit,
1168 1722 1221 1776 in
1257 1720 1516 1791 judicium
1556 1729 1796 1786 vocatur,
1827 1715 1922 1772 sed
1950 1732 2050 1788 pro

459 1815 522 1871 tis
542 1827 662 1886 qum
685 1815 909 1885 ipsemet
929 1814 1215 1869 commisit.
1240 1812 1335 1868 llis
1361 1811 1518 1883 igitur
1540 1811 1785 1866 omnibus
1810 1810 1864 1865 in
1884 1823 2049 1864 unum

454 1907 654 1964 coactis
676 1947 693 1973 ,
723 1914 884 1976 atque
915 1905 1017 1960 hoc
1048 1912 1254 1960 terrore
1280 1903 1506 1959 adaucto
1526 1943 1542 1969 ,
1585 1900 1948 1971 sataniczeque
1984 1913 2050 1956 ac

459 1997 749 2068 perniciem
779 1997 960 2052 animo
986 1994 1232 2052 alierenti
1267 1995 1534 2050 mmstitize
1559 1993 1827 2066 opposito,
1855 1992 1930 2047 ita
1955 1990 2050 2047 de-

457 2106 604 2144 ιιιυιιι
633 2089 892 2144 adversus
913 2104 1030 2144 eam
1059 2089 1111 2143 in
1138 2088 1253 2145 acie
1276 2096 1358 2143 sta
1381 2104 1397 2142 :
1420 2088 1474 2143 in
1495 2101 1599 2159 qua
1621 2085 1705 2142 vel
1734 2085 1849 2157 ipso
1869 2083 2051 2140 oblatu

457 2197 576 2236 eam
619 2181 844 2248 facilius,
872 2197 1032 2252 quam
1062 2197 1274 2237 araneze
1303 2181 1500 2249 telam,
1531 2180 1840 2251 discerpere
1887 2193 1952 2234 ac
1981 2177 2049 2234 de

459 2273 638 2328 medio
665 2273 852 2327 tollere
877 2274 1094 2342 poteris.
1121 2273 1256 2328 Nam
1285 2288 1348 2328 ea
1377 2281 1733 2343 prreterquam
1759 2271 1903 2341 quod
1931 2271 2048 2325 ina-

457 2365 543 2420 nis
566 2381 629 2419 ac
655 2380 1048 2435 supervacanea
1074 2375 1177 2434 est,
1210 2366 1398 2437 ingens
1423 2381 1636 2437 quoque
1663 2365 2046 2421 detrimentum

455 2470 521 2512 ac
543 2455 827 2525 perniciem
856 2457 994 2527 parit
1019 2473 1031 2509 :
1061 2467 1246 2512 contra
1274 2457 1432 2512 timor
1463 2456 1552 2512 ille
1583 2455 1921 2511 necessarius
1940 2464 2046 2521 est,

457 2555 512 2601 ct
556 2546 872 2602 commodus
917 2557 1076 2618 atque
1115 2547 1289 2615 utilis,
1332 2562 1629 2619 magnoque
1671 2561 1794 2602 eum
1839 2545 2048 2601 emolu-

455 2648 640 2696 mento
673 2655 735 2696 ac
767 2642 937 2696 fructu
963 2641 1296 2712 eonjunctus.
1333 2641 1530 2697 Verum
1572 2639 1880 2711 imprudens
1921 2654 2047 2694 ora-

459 2731 628 2788 tionis
653 2730 851 2802 impetu
881 2733 1179 2788 abstractus
1198 2746 1315 2787 sum
1347 2747 1362 2786 :
1390 2741 1570 2802 atque,
1599 2746 1719 2787 cum
1751 2730 1802 2785 id
1829 2730 1920 2785 tibi
1942 2731 2047 2784 mi-

461 2825 605 2879 nime
629 2826 954 2892 conveniret,
990 2825 1091 2898 hoc
1118 2825 1246 2880 mihi
1272 2825 1508 2896 sumpsi,
1535 2835 1592 2881 ut
1627 2833 1680 2880 te
1726 2839 1999 2880 monerem
2028 2839 2042 2875 :

461 2916 592 2971 mihi
617 2917 759 2971 enim
794 2917 965 2988 iisque
986 2959 999 2982 ,
1026 2919 1115 2989 qui
1146 2918 1247 2974 mei
1289 2917 1455 2973 instar
1481 2917 1741 2973 scelerum
1783 2916 1923 2973 mole
1950 2916 2046 2971 de-

458 3008 628 3077 pressi
658 3019 816 3079 atque
858 3010 1033 3064 obruti
1067 3018 1208 3075 sunt,
1241 3009 1542 3064 necessaria
1580 3017 1662 3064 est
1691 3007 1806 3063 huic
1832 3007 2002 3062 oratio
2029 3023 2044 3062 :

461 3109 626 3156 terret
662 3102 1002 3170 enirn‘atque
1039 3101 1274 3168 excitat;
1317 3101 1408 3156 tibi
1452 3112 1630 3156 autem
1679 3109 1756 3156 tot
1793 3100 2047 3155 virtutum

460 3193 788 3248 ornamentis
810 3192 1042 3260 llnrenti,
1062 3202 1222 3263 atque
1244 3193 1380 3248 adeo
1412 3193 1582 3263 ipsum
1613 3193 1864 3247 cazlorum
1891 3206 2046 3248 axem

456 3285 567 3355 jam
594 3283 905 3356 attingenti,
939 3300 1006 3339 ne
1051 3285 1316 3339 tantillum
1365 3282 1580 3354 quidem
1623 3282 1828 3338 timoris
1854 3281 2048 3338 all'erre

457 3385 639 3446 queat.
670 3376 874 3433 idcirco
911 3376 976 3432 ad
1006 3375 1237 3432 alterum
1263 3377 1497 3431 musices
1519 3389 1689 3446 genus
1714 3389 1800 3430 mc
1825 3389 2050 3431 conver-

461 3478 588 3542 tam,
617 3476 669 3522 te
690 3467 988 3540 alloquens,
1010 3484 1072 3524 ac
1097 3483 1317 3524 nervum
1340 3468 1563 3522 alterum
1587 3466 1811 3538 pulsaho
1839 3484 1852 3520 :
1879 3481 2049 3537 quan-

459 3559 744 3632 doquidem
773 3559 859 3615 hic
888 3569 938 3616 te
958 3567 1131 3616 metus
1159 3559 1514 3631 perstringere
1544 3559 1748 3629 nequit,
1772 3557 1872 3613 nisi
1889 3573 2050 3628 quan-

459 3660 572 3707 tum
598 3651 812 3722 angelos
836 3666 1046 3723 quoque
1070 3649 1396 3722 perstringit.
1419 3649 1679 3718 Quocirca
1709 3650 1812 3704 huc
1838 3663 2049 3720 quoque

461 3757 562 3798 nos
604 3752 978 3799 convertemus
1006 3758 1107 3800 :ac
1150 3743 1400 3799 tu‘etiam
1443 3741 1605 3798 simul
1641 3758 1764 3798 cum
1807 3743 2050 3797 oratione

459 3847 642 3893 nostra
689 3845 741 3892 te
773 3846 1060 3906 converte,
1091 3844 1251 3908 atque
1287 3851 1474 3893 eorum
1515 3851 1635 3908 qua:
1659 3847 1805 3892 recte
1833 3844 1887 3891 et
1927 3849 2050 3890 cum

459 3927 619 3988 iaude
646 3929 858 4001 gessisti
900 3929 1120 4002 praemia
1157 3944 1280 3986 cum
1325 3928 1505 3985 animo
1531 3937 1622 3984 tuo
1650 3936 1835 4000 reputa
1855 3970 1870 3995 ,
1902 3927 2054 3982 lucu-

462 4022 635 4078 lentas
662 4022 886 4093 palmas,
915 4022 1220 4092 Splendidas
1249 4035 1496 4087 coronas,
1523 4019 1774 4076 choream
1798 4034 1920 4075 cum
1948 4019 2054 4074 vir-

461 4113 696 4184 ginibus,
722 4127 905 4169 sacros
931 4113 1214 4182 thalamos,
1241 4113 1494 4169 caelorum
1515 4111 1840 4176 cubiculum,
1867 4110 2052 4167 sedem

461 4219 584 4260 eum
614 4204 836 4274 angelis,
861 4203 1104 4260 ﬁduciam
1133 4213 1188 4259 et
1217 4203 1533 4260 familiarem
1554 4219 1675 4260 cum
1700 4218 1898 4274 sponso
1925 4216 2054 4258 con-

464 4294 796 4350 suetudinem
819 4334 834 4361 ,
876 4293 1175 4349 mirabilem
1203 4293 1355 4348 illum
1379 4294 1720 4364 splendorem
1738 4334 1754 4360 ,
1779 4294 1917 4349 bona
1964 4291 2053 4346 illa

465 4404 587 4461 quae
608 4401 913 4446 sermonem
947 4399 1160 4442 onmem
1197 4400 1264 4442 ac
1291 4386 1486 4442 mentis
1520 4395 1734 4455 captum
1761 4383 2051 4440 excedunt.

537 4481 592 4536 λι.
632 4479 809 4534 νὶάιιω
833 4483 970 4550 ipsas
1005 4476 1236 4549 Virgines
1260 4477 1452 4531 meritis
1480 4486 1691 4548 possunt
1717 4493 2055 4547 superare.—

465 4572 543 4629 Nc
578 4587 854 4629 sermones
881 4585 1031 4626 meos
1057 4579 1339 4642 propterea
1360 4611 1375 4636 ,
1407 4583 1569 4640 carpe
1607 4569 1750 4640 quod
1777 4579 1828 4624 te
1855 4570 1910 4624 in
1942 4569 2055 4623 vir-

464 4666 648 4733 ginum
691 4663 914 4719 chorum
956 4669 1011 4716 ct
1053 4662 1282 4716 classem
1324 4659 1702 4733 adscripserim
1746 4669 2055 4716 sanctarum

468 4747 683 4811 illarum
706 4795 722 4822 ,
750 4770 870 4826 qua:
891 4753 944 4808 in
973 4752 1229 4808 viduitate
1254 4752 1452 4809 vixisti.
1477 4751 1632 4823 Saepe
1657 4749 1801 4807 enim
1829 4767 1918 4807 me
1943 4760 2055 4806 tum

471 4847 714 4918 privatim
735 4889 752 4915 ,
794 4857 906 4901 tum
936 4846 1145 4917 publice
1166 4844 1386 4910 audisti,
1415 4859 1559 4909 cum,
1592 4860 1712 4916 quae
1741 4843 2056 4915 virginitatis

471 4941 709 4996 definitio
744 4950 921 5009 esset,
952 4940 1316 5012 explicarem,
1353 4937 1593 5010 illudque
1634 4936 2014 4993 contenderem
2037 4980 2054 5006 ,

470 5030 602 5085 nihil
632 5021 880 5100 umquam
927 5031 1307 5100 impedimento
1360 5030 1509 5098 fore,
1559 5028 1844 5100 quominus
1894 5043 1956 5084 ea
2002 5029 2055 5084 in

469 5121 733 5192 virginum
765 5136 1044 5177 numerum
1072 5130 1126 5176 et
1153 5123 1394 5178 ordinem
1425 5121 1736 5186 referretur,
1763 5121 1870 5177 imo
1893 5120 2055 5177 etiam

470 5228 562 5269 eas
591 5214 750 5284 longo
777 5213 1054 5268 intervallo
1079 5223 1389 5285 superaret,
1420 5231 1538 5286 qua:
1565 5215 1617 5270 in
1661 5215 1869 5270 caeteris
1898 5215 2058 5269 rebus

472 5304 702 5375 ingentis
729 5305 1074 5378 philosophia:
1120 5306 1390 5376 specimen
1438 5306 1713 5361 edidisset.
1761 5305 1946 5377 anue
1990 5304 2060 5360 de

472 5411 630 5451 causa
661 5397 856 5452 l‘aulus
883 5399 1042 5453 etiam
1061 5439 1077 5465 ,
1107 5412 1228 5454 cum
1257 5398 1512 5469 virginem
1543 5398 1902 5463 describeret,
1952 5413 2060 5453 non

474 5504 592 5544 eam
646 5490 927 5545 dumtaxat
978 5507 1098 5560 qua:
1157 5492 1476 5547 matrimonii
1538 5493 1811 5562 virilisque
1858 5505 2059 5546 concuc

477 5580 618 5637 bitus
679 5596 872 5650 expers
923 5589 1094 5647 eSset,
1156 5583 1411 5654 virginem
1480 5583 1799 5654 appellavit,
1873 5599 2061 5638 verum

479 5675 638 5730 etiam
660 5689 775 5729 eam
806 5674 888 5728 cui
916 5688 976 5729 ea
998 5715 1011 5736 ,
1042 5688 1162 5744 quae
1207 5673 1274 5728 ad
1306 5674 1398 5729 Dei
1441 5673 1642 5728 cultum
1691 5675 2058 5744 pertinerent,

481 5781 625 5823 cura:
654 5775 831 5822 essent
857 5766 906 5837 (l
939 5763 1054 5819 Cor.
1081 5763 1133 5815 7.
1179 5762 1290 5832 54).
1331 5762 1470 5827 Quin
1511 5763 1623 5828 ipse
1647 5775 1861 5832 quoque
1898 5764 2055 5820 Chri-

1132 311 1189 366 S.
1228 306 1507 367 JOANNIS
1535 299 2006 362 CHRYSOSTOMI
2033 268 2362 355 .ARCHIEP.
2405 296 2938 356 CONSTANTINOP.

3630 286 3736 341 560

2156 423 2290 482 stus,
2310 417 2599 473 ostendens
2623 427 2878 490 quantum
2897 417 3257 488 eleemosyna,
3284 414 3435 486 cujus
3461 422 3513 470 tu
3540 414 3742 485 jamdiu

2156 507 2508 578 principatum
2553 518 2737 575 tenes,
2770 525 2832 564 ac
2876 524 3129 564 coronam
3178 507 3367 578 adepta
3395 521 3490 572 es,
3520 507 3745 577 virgini-

2157 602 2316 647 tatem
2337 593 2639 659 antecellat,
2665 609 2729 650 ex
2754 594 3015 664 virginum
3041 592 3208 648 choro
3228 593 3498 647 dimidiam
3533 604 3740 663 partem

2154 683 2312 754 ejecit
2332 724 2346 745 .
2375 685 2622 754 quoniam
2652 685 2854 756 absque
2878 684 2979 739 hac
3005 680 3198 740 virtute
3226 685 3480 755 ingressae
3512 686 3742 752 fuerant,

2156 774 2244 828 vel
2279 776 2456 846 potius
2496 777 2619 847 quia
2648 791 2766 831 eam
2805 776 2944 831 haud
2970 777 3186 847 copiose
3232 777 3574 847 possidebant
3603 795 3617 828 :
3661 786 3746 830 et.

2153 865 2296 920 enim
2335 867 2514 922 oleum
2553 867 2850 936 habebant,
2888 877 2943 924 at
2985 869 3198 940 parcius
3222 884 3381 939 quam
3407 869 3738 923 conveniret.

2153 959 2353 1014 Contra
2374 1003 2390 1028 ,
2440 975 2534 1016 eos
2563 961 2654 1032 qui
2683 960 2800 1017 sine
2827 961 3128 1033 virginitate
3173 970 3514 1016 accesserant
3532 1003 3548 1027 ,
3601 960 3743 1031 (μιυὰ

2155 1051 2523 1107 misericordia
2552 1053 2726 1108 ornati
2753 1061 2963 1121 essent,
2993 1055 3283 1110 honoriﬁce
3303 1054 3550 1124 excepit,
3584 1054 3745 1108 bene-

2155 1140 2327 1199 dictos
2355 1144 2524 1200 Patris
2554 1145 2636 1200 sui
2662 1161 2756 1200 eos
2782 1145 3055 1217 appellans
3077 1187 3091 1210 ,
3118 1145 3185 1200 ad
3213 1161 3273 1201 se
3302 1161 3500 1200 vocans
3525 1188 3540 1212 ,
3565 1148 3742 1215 regni-

2155 1248 2259 1305 que
2279 1232 2630 1292 hereditatem
2655 1236 2783 1308 ipsis
2797 1237 3128 1308 impertiens,
3148 1252 3219 1292 ac
3244 1247 3515 1307 spectante
3529 1239 3741 1292 univer-

2154 1342 2215 1384 so
2231 1338 2494 1386 terrarum
2511 1330 2640 1386 orbe
2652 1332 2879 1387 virtutes
2890 1347 3074 1386 eorum
3095 1330 3386 1402 prmdicans
3403 1330 3740 1403 (Matt/L25):

2154 1431 2312 1491 atque
2338 1423 2473 1479 adeo
2501 1424 2848 1494 praesentibus
2888 1423 3092 1496 angelis
3131 1434 3293 1495 atque
3321 1425 3567 1479 universo
3596 1441 3747 1478 mor-

2155 1513 2339 1568 talium
2369 1529 2564 1584 genere
2587 1555 2602 1580 ,
2635 1514 2781 1584 ipsos
2809 1515 3059 1569 nutritios
3088 1523 3142 1569 et
3172 1514 3408 1584 hospites
3448 1529 3573 1569 suos
3603 1532 3744 1570 lllltl-

2153 1620 2350 1676 cupare
2371 1621 2476 1661 non
2504 1606 2784 1662 dubitavit.
2817 1607 2965 1662 Hanc
2991 1617 3042 1662 tu
3074 1624 3285 1679 quoque
3314 1608 3524 1662 beatam
3556 1625 3742 1664 vocem

2157 1706 2280 1754 tunc
2306 1698 2520 1765 audies;
2564 1698 2705 1754 hanc
2749 1709 2803 1754 tu
2834 1699 3135 1754 mercedem
3180 1699 3507 1770 ampliSsiltle
3553 1717 3744 1756 conse-

2155 1789 2358 1860 queris.
2385 1789 2552 1846 Porro
2577 1805 2697 1846 eum
2715 1806 2811 1861 pro
2827 1791 3167 1862 e'leemosyna
3193 1791 3303 1845 sola
3327 1801 3467 1845 tanta
3502 1795 3741 1862 praemia,

2155 1887 2316 1935 tanta:
2344 1895 2587 1944 coronat,
2622 1890 2765 1935 tanta
2791 1881 3004 1936 claritas
3027 1924 3042 1949 ,
3075 1890 3251 1936 tantus
3293 1881 3564 1953 splendor,
3601 1895 3742 1937 tanta

2152 1971 2321 2042 gloria
2341 1971 2686 2043 percipiatur,
2719 1971 2763 2026 si
2798 1972 2929 2027 alias
2959 1988 3170 2043 quoque
3198 1973 3408 2028 virtutis
3437 1984 3539 2027 tum
3566 1985 3744 2043 partes

2152 2075 2484 2132 recenseam,
2513 2079 2672 2134 quam
2722 2064 2937 2119 tandem
2987 2064 3194 2120 veniam
3249 2065 3490 2120 obtinere
3533 2082 3741 2136 queas,

2153 2171 2274 2226 quae
2309 2170 2428 2211 cum
2475 2157 2595 2212 ideo
2629 2155 2825 2211 festum
2853 2171 3034 2228 agere,
3085 2157 3376 2224 exsultare,
3417 2157 3610 2212 choros
3646 2157 3746 2211 du-

2151 2261 2276 2303 cere
2299 2290 2316 2316 ,
2343 2263 2406 2303 ac
2429 2263 2627 2304 corona
2668 2256 2824 2318 caput
2872 2247 3142 2303 devincire
3202 2249 3426 2303 deberes
3449 2290 3465 2316 ,
3521 2249 3742 2318 teipsam

2154 2349 2338 2397 contra
2359 2384 2374 2409 ,
2407 2343 2532 2413 quia
2557 2342 2692 2396 alius
2718 2341 2899 2397 furore
2924 2351 3110 2409 captus
3138 2349 3239 2407 est,
3256 2341 3390 2394 alius
3417 2342 3741 2410 pra-cipucm

2153 2446 2213 2488 se
2238 2431 2418 2500 dedit,
2444 2448 2644 2504 angore
2663 2433 2914 2488 conficias
2931 2475 2946 2499 ,
2978 2433 3292 2504 facilemque
3319 2433 3549 2496 diabolo,
3581 2449 3741 2504 quem

2153 2525 2220 2580 ad
2251 2524 2393 2580 hunc
2419 2541 2586 2596 usque
2627 2525 2766 2580 diem
2795 2526 3067 2581 lancinare
3093 2542 3200 2580 non
3241 2525 3512 2592 destitisti,
3551 2526 3740 2579 adver-

2152 2630 2246 2671 sus
2291 2624 2530 2671 sanctam
2561 2617 2792 2670 animam
2821 2628 2964 2671 tuam
2998 2617 3269 2672 incursum
3319 2617 3554 2671 reddas?
3609 2617 3739 2671 Nam

2153 2706 2280 2777 quid
2307 2708 2507 2762 variam
2528 2723 2590 2762 ac
2617 2708 2966 2778 multiplicem
2997 2709 3308 2780 patientiam
3333 2718 3475 2762 tuam
3506 2725 3743 2764 comme-

2147 2799 2395 2853 morem?
2415 2813 2533 2868 qua:
2564 2799 2735 2854 oratio
2754 2839 2769 2865 ,
2799 2799 2942 2870 quod
2969 2800 3204 2854 historia:
3253 2801 3500 2854 volumen
3529 2799 3594 2854 ad
3621 2815 3741 2854 eam

2153 2904 2269 2944 rem
2301 2889 2431 2944 mihi
2452 2890 2581 2945 satis
2601 2905 2722 2946 esse
2751 2901 2950 2962 queat,
2978 2893 3022 2947 si
3041 2892 3373 2946 calamitates
3402 2908 3492 2945 cas
3515 2934 3528 2957 ,
3553 2908 3685 2962 quas
3710 2909 3739 2945 a

2154 2980 2341 3052 puerili
2367 2989 2524 3037 mtate
2548 2981 2613 3036 ad
2641 2981 2742 3037 hoc
2770 2999 2937 3054 usque
2963 2991 3168 3053 tempus
3209 2985 3508 3053 pertulisti,
3558 3000 3743 3038 recen-

2152 3085 2274 3130 sere
2299 3075 2496 3141 velim;
2528 3075 2628 3130 hoc
2651 3086 2765 3141 est,
2793 3091 2924 3146 quas
2952 3086 3055 3130 tam
3085 3093 3113 3130 a
3144 3077 3247 3132 tuis
3267 3119 3280 3143 ,
3314 3093 3472 3148 quam
3503 3076 3568 3130 ab
3607 3079 3742 3132 alie.

2153 3169 2275 3235 nis,
2326 3176 2433 3222 tam
2457 3167 2525 3222 ab
2564 3167 2783 3234 amicis,
2815 3184 2972 3238 quam
3018 3169 3084 3223 ab
3109 3169 3383 3236 hostibus,
3427 3180 3529 3224 tam
3562 3171 3628 3224 ab
3675 3170 3739 3226 iis

2153 3261 2242 3330 qui
2265 3268 2442 3315 tecum
2486 3275 2683 3331 genere
2724 3260 2992 3330 conjuncti
3035 3267 3222 3326 erant,
3273 3277 3429 3333 quam
3460 3263 3550 3332 qui
3595 3263 3741 3316 nullo

2151 3353 2564 3424 propinquitatis
2607 3353 2774 3424 gradu
2799 3363 2854 3408 te
2880 3353 3244 3424 attingebant,
3295 3363 3400 3408 tam
3447 3356 3610 3409 abiis
3652 3354 3746 3425 qui

2153 3446 2390 3516 potentia
2418 3444 2681 3501 ﬂorebant
2702 3487 2717 3512 ,
2746 3461 2905 3517 quam
2957 3445 3025 3500 ab
3065 3445 3354 3500 humilibus
3400 3456 3452 3500 et
3481 3446 3701 3516 abjeetis
3721 3488 3740 3512 ,

2148 3544 2262 3591 tam
2283 3537 2351 3592 ab
2377 3537 2442 3591 iis
2469 3537 2560 3607 qui
2607 3537 2920 3607 magistratu
2966 3536 3340 3606 fungebantur,
3370 3553 3527 3606 quam
3560 3553 3589 3589 a
3633 3537 3750 3605 pri-

2155 3628 2295 3682 vatis
2314 3668 2331 3695 ,
2375 3641 2440 3682 ac
2465 3628 2694 3698 denique
2722 3629 2791 3683 ab
2831 3628 2898 3683 iis
2918 3627 3006 3699 qui
3033 3628 3171 3682 inter
3199 3628 3423 3684 clericos
3448 3629 3751 3682 censeban-

2157 3725 2266 3786 tur,
2289 3719 2575 3789 accepisti?
2602 3718 2744 3774 Nihil
2770 3719 2912 3775 enim
2959 3719 3148 3775 horum
3177 3728 3293 3784 est,
3324 3718 3464 3789 quod
3484 3759 3498 3785 ,
3530 3719 3576 3772 si
3597 3718 3750 3789 sigil-

2128 3808 2301 3865 ‘iatim
2323 3810 2391 3865 ab
2419 3810 2595 3881 aliquo
2618 3809 2903 3876 referatur,
2933 3811 3192 3882 integram
3225 3811 3498 3865 historiam
3526 3809 3750 3866 efﬁcere

2153 3909 2404 3972 nequeat.
2435 3901 2586 3971 Quod
2615 3902 2661 3957 si
2703 3903 2823 3972 quis
2871 3901 2939 3957 ad
2970 3903 3072 3957 alia
3109 3901 3224 3972 jam
3267 3903 3489 3971 hujusce
3532 3901 3751 3958 virtutis

2153 4009 2355 4065 genera
2397 4009 2459 4051 se
2487 4002 2800 4063 convertat,
2855 4009 3054 4065 easque
3079 3995 3429 4062 afﬂictiones,
3461 4009 3592 4064 quas
3633 4009 3748 4049 non

2153 4087 2265 4159 jam
2293 4085 2418 4155 alii,
2439 4087 2533 4142 sed
2561 4087 2788 4158 ipsemet
2818 4086 2914 4143 tibi
2941 4086 3265 4141 accersivisti
3285 4129 3300 4156 ,
3323 4086 3564 4141 oratione
3589 4100 3748 4140 cont-

2157 4180 2446 4250 plectatur,
2470 4180 2612 4250 quod
2640 4194 2848 4246 saxum,
2881 4179 3022 4249 quod
3054 4178 3272 4246 ferrum,
3303 4195 3458 4250 quem
3484 4178 3746 4234 adaman-

2156 4282 2266 4329 tem
2285 4289 2394 4328 non
2417 4274 2648 4344 reperiet
2664 4273 2758 4328 abs
2779 4281 2834 4328 te
2857 4273 3191 4342 superatum?
3215 4271 3344 4327 Nam
3371 4287 3489 4327 cum
3521 4285 3751 4326 carnem

2158 4379 2329 4435 usque
2365 4363 2499 4420 adeo
2522 4374 2758 4420 teneram
2784 4379 2847 4419 ac
2871 4363 3152 4420 delicatam
3179 4404 3194 4431 ,
3227 4372 3388 4434 atque
3415 4361 3561 4417 omni
3588 4362 3754 4416 luxus

2159 4457 2344 4529 generi
2369 4466 2635 4512 assuetam
2662 4457 2989 4527 accepisses,
3029 4472 3150 4512 eam
3193 4456 3352 4510 variis
3371 4453 3756 4510 all'lietionibus

2160 4551 2233 4605 ita
2262 4549 2600 4621 oppugnasti,
2623 4558 2684 4604 ut
2705 4565 2846 4605 nunc
2871 4549 3040 4604 nihilo
3060 4549 3282 4604 meliore
3302 4557 3444 4603 statu
3465 4548 3555 4614 sit,
3585 4563 3752 4618 quam

2157 4645 2205 4700 si
2231 4661 2448 4717 prorsus
2469 4647 2729 4701 exstincta
2759 4655 2903 4700 esset
2935 4663 2950 4700 :
2993 4653 3196 4700 tantum
3222 4644 3367 4699 enim
3412 4643 3464 4698 in
3491 4657 3554 4697 ea
3602 4656 3752 4694 mor-

2158 4739 2350 4795 borum
2379 4755 2605 4796 examen
2640 4739 2882 4796 cxcitasti
2902 4781 2918 4807 ,
2943 4747 3000 4794 ut
3019 4748 3071 4794 et
3098 4739 3426 4793 medicorum
3452 4746 3656 4799 artem,
3693 4745 3757 4790 ct

2161 4834 2674 4890 medicamentorum
2699 4833 2806 4888 vim
2836 4848 2898 4887 ac
2927 4831 3231 4886 facultatem
3253 4873 3267 4897 ,
3299 4841 3354 4885 et
3402 4844 3561 4882 onme
3591 4842 3756 4882 cura-

2163 4929 2322 4986 tionis
2348 4943 2516 5002 genus
2545 4928 2748 4997 vincat,
2775 4934 2933 4998 atque
2960 4926 3072 4997 ipsa
3095 4927 3148 4979 in
3175 4922 3444 4996 perpetuis
3470 4919 3752 4975 doloribus

2162 5025 2414 5080 versetis.

2233 5117 2287 5171 5.
2315 5115 2630 5187 Olympiadis
2659 5119 2958 5174 virtutes.-
2980 5113 3100 5169 Jam
3117 5126 3246 5167 vero
3261 5111 3306 5166 si
3331 5112 3450 5182 quis
3490 5118 3638 5164 tuam
3688 5107 3744 5161 in

2163 5225 2346 5266 mensa
2378 5220 2434 5265 et
2453 5209 2504 5263 in
2530 5209 2806 5264 nocturnis
2826 5207 3018 5278 vigiliis
3047 5204 3383 5262 tolerantiam
3409 5210 3463 5257 et
3485 5198 3753 5270 asperita-

2164 5311 2270 5356 tem
2299 5314 2567 5370 exponere
2595 5299 2751 5364 velit,
2779 5315 2881 5369 qua
2910 5305 3092 5353 utatur
3115 5295 3390 5352 oratione?
3415 5294 3752 5362 Quamquam

2164 5393 2509 5448 continentire
2552 5399 2644 5446 aut
2675 5391 2967 5445 tolerantia:
3012 5387 3274 5443 vocabulo
3302 5387 3352 5440 in
3387 5394 3439 5440 te
3474 5382 3585 5454 iam
3639 5395 3755 5434 non

2165 5485 2407 5556 estquod
2429 5485 2689 5556 quispiam
2717 5493 2894 5538 utatur
2927 5501 2939 5538 :
2973 5498 3159 5537 verum
3189 5478 3334 5536 aliud
3355 5478 3437 5533 his
3466 5473 3757 5530 virtutibus

2167 5595 2359 5635 nomen
2392 5579 2563 5632 multo
2579 5578 2926 5649 prmstantius
2946 5575 3329 5647 exquirendum
3352 5582 3453 5628 est.
3474 5568 3756 5642 Siquidem

2167 5688 2287 5728 eum
2315 5671 2640 5727 continentia
2663 5686 2725 5724 ac
2753 5670 3030 5725 tolerantia
3061 5666 3335 5737 praeditum
3354 5679 3471 5719 esse
3501 5662 3754 5722 dicimus,

2169 5766 2259 5835 qui
2289 5765 2576 5835 cupiditate
2605 5763 2781 5831 aliqua
2809 5774 3052 5832 vexatur,
3085 5773 3310 5827 eantque
3337 5755 3517 5813 vincit.
3536 5753 3614 5806 Tu
3641 5764 3752 5803 au-
