4030 6206
304 257 400 315 539

297 383 409 436 ἐκεῖ
430 377 831 449 παρεστήκασι.
865 378 1128 444 Τοσοῦτος
1158 379 1186 432 6
1217 378 1377 447 φόϐος
1399 378 1539 433 τότε.
1564 378 1750 432 Ταῦτα
1773 377 1882 430 τοί-

298 490 391 528 νυν
420 475 614 540 ἐννόει,
668 475 762 527 καὶ
797 475 924 539 τοὺς
963 475 1240 544 ἀφύκτους
1273 475 1548 546 ἐλέγχους.
1591 474 1725 527 Οὐδὲ
1776 473 1885 544 γάρ

300 571 621 643 κατηγόρων
650 571 822 626 δεῖται
849 573 1058 636 ἐκεῖνος
1077 575 1105 627 6
1125 572 1404 644 δικαστὴς,
1425 572 1546 626 οὐδέ
1569 571 1882 644 μαρτύρων,

299 669 417 721 οὶδὲ
447 667 802 735 ἀποδείξεων,
826 669 948 722 οὐδὲ
983 669 1245 740 ἐλέγχων,
1270 669 1405 724 ἀλλά
1427 669 1603 722 πάντα
1619 668 1693 733 ὡς
1717 668 1887 740 ἐπρά-

300 764 400 835 κθη
431 764 588 836 φέρει
620 767 700 829 εἰς
739 766 906 837 μέσον
934 767 1030 821 καὶ
1060 767 1168 838 πρὸ
1196 767 1304 821 τῶν
1336 765 1630 838 ὀφθαλμῶν
1652 766 1760 818 τῶν
1792 785 1886 820 πεο

301 862 796 934 πλημμεληκότων.
844 864 976 918 Τότε
1017 864 1194 928 οὐδεὶς
1230 867 1258 918 ὁ
1284 863 1655 938 παρεσόμενος
1678 864 1772 917 καὶ
1801 863 1887 929 ἐξ·

298 960 563 1029 αρπάσων
592 959 692 1030 τῆς
724 961 1017 1032 τιμωρίας,
1040 962 1100 1015 οὐ
1139 962 1341 1034 πατὴρ,
1361 964 1457 1033 οὐχ
1479 962 1615 1025 υίὸς,
1635 961 1694 1014 οὐ
1723 959 1889 1029 θυγά-

299 1069 423 1128 τηρ,
449 1056 512 1108 o6
549 1056 752 1128 μήτηρ,
787 1057 889 1110 οὐκ
926 1056 1086 1122 ἄλλος
1130 1075 1215 1124 τις
1257 1058 1547 1129 συγγενὴς,
1571 1057 1631 1111 οὐ
1667 1057 1883 1126 γείτων,

299 1153 362 1205 06
392 1153 566 1222 φίλος,
588 1153 649 1207 οὐ
675 1154 1003 1228 συνήγορος,
1029 1156 1089 1208 οὐ
1108 1153 1406 1226 χρημάτων
1432 1153 1598 1218 δόσις,
1633 1153 1695 1206 06
1725 1151 1887 1206 πλού-

298 1266 391 1302 του
419 1251 726 1320 περιουσία,
751 1252 812 1304 οὐ
833 1251 1159 1314 δυναστείας
1183 1250 1367 1319 ὄγκος,
1390 1249 1528 1303 ἀλλά
1557 1249 1734 1303 πάντα
1757 1247 1887 1302 ταῦ-

298 1363 366 1399 τα
398 1346 587 1420 ὥσπερ
624 1348 772 1412 κόνις
798 1346 1042 1402 ἐκποδὼν
1080 1348 1361 1420 ἐλήλαται,
1399 1346 1493 1400 καὶ
1528 1345 1734 1417 μόνοςὸ
1767 1362 1887 1416 κρι-

299 1443 520 1514 νόμενος
557 1444 667 1498 ἀπὸ
694 1445 800 1499 τῶν
845 1444 995 1516 αὐτῷ
1048 1443 1542 1518 πεπραγμένων,ἢ
1593 1442 1691 1515 τὴν
1735 1442 1882 1494 ἐλευσ-

299 1538 586 1609 θεροῦσαν,
621 1540 780 1612 ἢτὴν
818 1541 1144 1605 δικάζουσαν
1202 1540 1464 1612 ὑπομένει
1506 1539 1708 1609 ψῆφον.
1751 1538 1884 1591 Τότε

298 1635 471 1700 οὐδεὶς
511 1637 652 1709 ὑπὲρ
700 1631 776 1691 ὧν
827 1637 981 1702 ἄλλος
1026 1637 1420 1710 ἐπλημμέλησε
1454 1637 1721 1708 κρίνεται,
1770 1635 1886 1690 ἀλλ’

301 1734 442 1807 ὑπὲρ
466 1727 544 1790 ὧν
581 1734 743 1800 αὐτὸς
778 1735 1013 1799 ἕκαστος
1051 1736 1291 1808 ἥμαρτε.
1331 1735 1518 1788 Ταῦτα
1544 1730 1640 1790 οὗν
1673 1735 1886 1788 ἅπαντα

303 1830 709 1900 συναγαγοῦσα,
737 1831 953 1886 καὶτὸν
997 1831 1164 1902 φόϐον
1215 1833 1402 1886 τοῦτον
1433 1845 1459 1874 α
1507 1831 1882 1901 ἐξογκώσασα,

301 1929 394 1981 καὶ
416 1929 798 2001 ἐπιτειχίσασα
817 1933 883 2003 τῇ
938 1934 1202 2003 σατανικῇ
1231 1931 1322 1985 καὶ
1351 1931 1686 2002 ψυχοϐλαϐεῖ
1715 1930 1880 2003 λύπῃ,

297 2025 473 2089 οὔτως
503 2028 560 2080 ἐν
589 2029 653 2098 τῇ
682 2027 819 2099 πρὸς
844 2027 1015 2100 αὐτὴν
1051 2028 1206 2101 στῆθι
1249 2029 1573 2100 παρατάξει,
1597 2028 1656 2082 ἐν
1790 2029 1884 2082 καὶ

298 2125 530 2193 φανεῖσα
565 2124 745 2195 μόνον,
775 2123 1020 2196 ἀράχνης
1063 2124 1232 2196 αὐτὴν
1261 2124 1626 2198 εὐκολώτερον
1655 2124 1886 2178 διασπά-

299 2237 393 2274 σαι
443 2221 540 2275 καὶ
569 2220 830 2290 ἀφανίσαι
876 2222 1102 2296 δυνήσῃ.
1133 2221 1283 2294 Αὐτὴ
1326 2221 1425 2294 μὲν
1468 2223 1581 2294 γὰρ
1611 2221 1748 2293 μετά
1789 2221 1883 2274 τοῦ

301 2315 536 2388 μάταιος
556 2315 703 2390 ἐἶναι
727 2318 754 2358 ι’
775 2318 870 2372 καὶ
899 2318 1150 2390 περιττὴ,
1184 2320 1278 2372 καὶ
1307 2318 1547 2390 ὀλέθριος
1569 2318 1771 2388 σφόδρα
1791 2318 1885 2371 καὶ

297 2414 562 2487 βλαϐερά·
589 2417 796 2482 ἐκεῖνος
821 2417 879 2470 δὲ
912 2407 1325 2486 καιάναγκαῖος
1354 2418 1382 2470 6
1412 2417 1594 2487 φόϐος,
1630 2417 1724 2470 καὶ
1753 2416 1888 2488 χρήο

299 2527 463 2582 σιμος
500 2511 595 2566 καὶ
616 2513 929 2585 ἐπωφελὴς,
956 2515 1052 2570 καὶ
1083 2515 1217 2570 πολὺ
1241 2515 1304 2569 τὺ
1323 2515 1514 2587 κέρδος
1547 2514 1706 2586 ἔχων.
1725 2513 1886 2567 Ἀλλά

294 2606 410 2680 γὰρ
467 2608 656 2664 ἔλαθον
705 2611 810 2665 6116
839 2613 942 2685 τῆς
968 2613 1063 2667 τοῦ
1112 2613 1271 2683 λόγου
1304 2613 1484 2685 ῥύμης
1523 2613 1882 2685 παρασυρεὶς,

293 2704 397 2759 καὶ
439 2706 539 2777 οὐχ
577 2707 926 2779 ἀρμόζουσάν
973 2726 1056 2763 σοι
1110 2708 1314 2780 ταύτην
1369 2710 1738 2781 ποιησάμενος
1787 2707 1885 2780 τὴν

296 2801 645 2873 παραίνεσινο
678 2806 804 2876 ἐμοὶ
835 2806 934 2876 μὲν
983 2808 1092 2878 γάρ
1138 2808 1231 2861 καὶ
1275 2809 1390 2871 τοῖς
1423 2809 1542 2860 κατ’
1592 2807 1693 2878 ἐμὲ
1727 2805 1886 2877 βεϐα-

295 2899 624 2971 πτισμένοις
664 2903 1082 2974 ἁμαρτημάτων
1125 2904 1319 2976 πλήθει
1347 2904 1642 2973 ἀναγκαῖος
1674 2895 1829 2965 οὗτος
1857 2903 1886 2954 6

293 2992 478 3063 λόγος’
506 2997 663 3066 φοϐεῖ
688 2998 798 3070 γάρ
833 2999 928 3054 καὶ
973 3000 1297 3071 διανίστησιο
1333 2999 1393 3052 σὲ
1424 2999 1481 3051 δὲ
1519 3000 1577 3052 ἐν
1614 2999 1887 3061 τοσούτοις

295 3092 692 3168 κατορθώμασι
746 3095 1028 3168 κομῶσαν,
1079 3097 1175 3152 καί
1219 3097 1389 3167 αὐτῆς
1418 3097 1519 3169 ῆδη
1553 3096 1655 3167 τῆς
1702 3095 1887 3166 ἁψῖδος

296 3188 410 3242 τῶν
432 3171 679 3262 οὐρανῶν
706 3191 1017 3264 ἀψαμένην,
1051 3192 1172 3247 οὐδέ
1207 3192 1405 3256 ἁπλῶς,
1433 3192 1643 3246 νύττειν
1683 3191 1887 3246 δύναιτ’

295 3287 387 3345 ἂν.
423 3286 518 3340 Διὸ
544 3287 680 3360 πρὸς
707 3288 901 3361 ἑτέραν
930 3291 1341 3362 καταστήσομαι
1383 3289 1648 3362 μελῳδίαν
1673 3288 1807 3360 πρὸς
1830 3289 1890 3342 σὲ

295 3384 707 3458 διαλεγόμενος,
762 3389 859 3443 καὶ
915 3388 1110 3460 ἐτέραν
1182 3387 1592 3460 ἀνακρούσομαι
1657 3388 1888 3461 νευρὰν,

296 3479 488 3555 ἐπειδή
519 3499 613 3538 σου
639 3475 794 3549 οὗτος
821 3485 850 3538 ό
878 3484 1042 3553 φόϐος
1058 3482 1379 3540 καθικέσθαι
1405 3485 1464 3539 οὐ
1486 3484 1732 3551 δύναται,
1749 3485 1889 3553 πλὴν

296 3577 426 3632 ὅσον
461 3578 558 3633 καὶ
612 3580 722 3634 τῶν
768 3581 1036 3650 ἀγγέλων.
1063 3581 1516 3654 Μεταταξώμεθα
1565 3583 1745 3637 τοίνυν
1795 3583 1890 3635 καὶ

293 3676 482 3750 δεῦρο,
507 3679 601 3732 καὶ
631 3677 771 3750 αὐτὴ
803 3678 1103 3750 μετάστηθι
1129 3680 1268 3751 μετά
1293 3681 1386 3734 τοῦ
1423 3680 1605 3750 λόγου,
1637 3680 1731 3734 καὶ
1763 3680 1890 3733 ἀνα-

297 3777 520 3849 λογίζου
569 3778 678 3833 τῶν
703 3779 1166 3853 κατωρθωμάτων
1204 3798 1297 3834 σου
1331 3780 1432 3844 τάς
1476 3781 1792 3845 ἀντιδόσεις,
1821 3779 1891 3834 τά

305 3873 539 3946 βραδεῖα
559 3875 630 3932 τά
661 3875 912 3949 λαμπρὰ,
959 3877 1087 3942 τοὺς
1119 3876 1378 3950 φαιδροὺς
1426 3877 1744 3943 στεφάνους,
1791 3877 1890 3949 τὴν

301 3971 443 4043 μετά
464 3975 576 4027 τῶν
603 3971 890 4045 παρθένων
914 3972 1153 4044 χορείαν,
1167 3973 1269 4038 τὰς
1295 3973 1574 4037 παστάδας
1599 3973 1695 4038 τάς
1717 3973 1888 4045 ίεράς,

298 4070 396 4124 τὸν
417 4069 694 4141 -νυμφῶνα
724 4072 835 4125 τῶν
858 4068 1104 4141 οὐρανῶν
1137 4079 1188 4134 ο,
1212 4070 1312 4139 τὴν
1343 4069 1480 4142 μετὰ
1509 4069 1617 4126 τῶν
1643 4071 1891 4140 ἀγγέλων

299 4165 479 4239 λῆξιν,
512 4167 614 4240 τὴν
640 4166 778 4240 πρὸς
799 4168 889 4222 τὸν
928 4169 1162 4240 νυμφίον
1192 4168 1505 4243 παρρησίαν
1531 4169 1626 4223 καὶ
1652 4169 1886 4240 ὁμιλίαν,

299 4259 401 4331 τὴν
430 4259 756 4331 θαυμαστὴν
779 4261 1067 4334 δᾳδουχίαν
1105 4262 1342 4334 ἐκείνην,
1378 4263 1449 4317 τὰ
1479 4263 1660 4332 ἀγαθά
1687 4263 1755 4318 τά
1796 4263 1890 4316 καὶ

301 4351 462 4423 λόγον
494 4353 592 4409 καὶ
616 4353 741 4408 νοῦν
768 4354 1185 4428 ὑπερϐαίνοντα.

371 4439 436 4496 δ’.
467 4439 632 4494 Ἀλλά
661 4441 734 4514 μή
754 4459 860 4512 μου
884 4441 995 4494 τῶν
1023 4440 1198 4511 λόγων
1223 4441 1482 4514 ἐπιλάϐῃ,
1513 4443 1562 4497 εί
1583 4443 1677 4496 καὶ
1694 4445 1774 4508 είς
1797 4443 1890 4497 τὸν

303 4531 468 4602 χορὸν
494 4532 604 4588 τῶν
632 4534 919 4606 παρθένων
953 4551 1013 4588 σε
1043 4533 1411 4606 κατελέξαμεν
1435 4536 1530 4590 τὸν
1555 4535 1730 4605 ἀγίων
1753 4536 1892 4590 ἐκεί·

305 4641 435 4691 νων,
468 4625 531 4678 ἐν
553 4625 752 4699 χηρείᾳ
790 4627 1138 4698 βεϐιωκυῖαν.
1164 4628 1447 4693 Ἤκουσας
1479 4628 1589 4702 γάρ
1616 4647 1720 4701 μου
1759 4628 1889 4683 πολ-

307 4712 466 4778 λάκις
492 4715 592 4771 καί⁵
650 4715 757 4789 ἰδίᾳ
795 4717 888 4770 καὶ
913 4717 1153 4790 δημοσίᾳ
1183 4717 1590 4790 διαλεγομένου,
1634 4720 1720 4785 τίς
1760 4720 1889 4774 ποτέ

310 4807 428 4862 ἐστι
450 4809 549 4880 τῆς
569 4807 872 4880 παρθενίας
889 4811 918 4863 6
938 4809 1084 4880 ὄρος,
1108 4810 1204 4863 καὶ
1229 4809 1307 4874 ὡς
1331 4809 1438 4864 οὐκ
1460 4810 1525 4864 ἂν
1547 4808 1696 4885 [559]
1716 4811 1892 4865 κωλυ-

311 4898 463 4969 θείης
501 4899 635 4955 ποτέ
680 4900 764 4964 είς
813 4918 876 4955 τε
901 4901 998 4956 τὸν
1029 4902 1254 4957 ἐκείνων
1296 4902 1667 4974 καταλεγῆναι
1708 4904 1890 4976 χορὸν,

299 4993 517 5064 μᾶλλον
549 4993 612 5047 δὲ
645 4993 743 5050 καὶ
767 4993 992 5059 ἐκείνας
1043 4994 1350 5067 ὑπερϐῆναι
1385 4995 1530 5066 μετά
1563 4995 1763 5068 πολλῆς
1793 4996 1894 5067 τῆς

309 5084 656 5155 περιουσίας,
704 5086 739 5156 ἡ
782 5085 984 5158 πολλὴν
1012 5085 1076 5143 ἐν
1119 5088 1235 5147 τοῖς
1277 5085 1460 5150 ἀλλοις
1505 5084 1891 5157 ἐπιδειξαμένη

310 5177 652 5250 φιλοσοφίαν.
674 5178 778 5235 Διά
803 5196 887 5232 τοι
927 5179 1086 5234 τοῦτο
1115 5180 1144 5233 ό
1169 5179 1380 5243 Παῦλος
1412 5179 1537 5251 ὅρον
1565 5179 1665 5249 τῆς
1690 5178 1897 5254 παρϐε-

310 5269 431 5334 νίας
451 5271 644 5336 τιθεὶς,
674 5271 734 5325 οὐ
775 5270 876 5345 τὴν
917 5271 1296 5346 ἀπειρόγαμον
1330 5274 1426 5328 καὶ
1464 5272 1896 5345 ἀπηλλαγμένην

316 5360 602 5427 συνουσίας
639 5362 834 5435 ἀνδρὸς
891 5363 1164 5434 παρθένον
1199 5364 1481 5432 ἐκάλεσεν,
1535 5363 1673 5418 ἀλλά
1703 5363 1801 5437 τὴν
1829 5363 1899 5418 τὰ

314 5452 409 5506 τοῦ
425 5451 624 5525 Κυρίου
650 5456 1024 5528 μεριμνῶσαν.
1051 5457 1164 5512 Καὶ
1192 5457 1354 5522 αὐτὸς
1385 5457 1441 5511 δὲ
1473 5460 1501 5512 6
1537 5458 1774 5531 Χριστὸς
1797 5457 1900 5512 δει-

380 5592 406 5622 ⁸
433 5591 679 5642 ῐὶιισωεε.
703 5593 785 5642 καὶ
805 5593 877 5656 τῷ
899 5593 1032 5704 φόϐῳ
1053 5592 1228 5660 τούτῳ.
1257 5592 1398 5647 Alius
1428 5595 1499 5662 τῷ
1533 5595 1667 5662 φόϐῳ
1696 5595 1893 5648 τούτων.

380 5652 406 5693 δ
428 5655 535 5704 Duo
553 5668 668 5704 mss.
694 5656 869 5704 ματαία
887 5674 910 5704 ε
928 5673 1018 5704 ναι.

378 5652 406 5693 δ
428 5655 535 5704 Duo
553 5668 668 5704 mss.
694 5652 869 5716 ματαία
887 5652 1018 5705 εἶναιξ

383 5716 404 5748 ⁸
425 5717 577 5769 ﬁdem
603 5720 827 5783 νυμφῶνα
850 5719 931 5768 τὸν
957 5718 1188 5782 οὐράνιον.

1744 262 2132 318 El’lSTOL/E.

3460 267 3562 323 560

1997 380 2129 442 κνῦς
2157 383 2266 452 ὅσῳ
2309 384 2510 453 μείζων
2544 385 2841 454 παρθενίας
2863 386 3224 458 ἐλεημοσύνη,
3250 383 3319 460 ἧς
3339 389 3407 442 τὰ
3435 389 3574 460 σκῆ-

1995 488 2142 543 πτρα
2168 475 2418 545 κατέχεις
2449 477 2607 549 αὐτὴ,
2637 479 2731 532 καὶ
2759 481 2850 534 τὸν
2880 480 3141 550 στέφανον
3187 483 3432 556 ἀνεδησω
3465 486 3572 540 πά-

1996 561 2106 628 λαι,
2135 565 2229 618 ἀπ’
2251 567 2460 622 ἐκείνου
2487 571 2586 641 μὲν
2605 571 2699 625 τοῦ
2730 573 2892 643 χοροῦ
2909 574 2971 626 16
2997 575 3169 645 ῆμισυ
3204 576 3366 648 μέρος
3386 579 3575 642 ἐξέϐα-

1993 655 2106 720 λεν,
2141 659 2328 731 ἐπειδὴ
2359 661 2563 735 ταύτης
2591 665 2838 735 εἰσῆλθον
2859 667 3046 739 χωρὶς,
3083 668 3281 738 μᾶλλον
3301 669 3358 722 δὲ
3385 671 3573 743 ἐπειδὴ

1992 749 2229 820 δαψιλῶς
2252 754 2420 826 αὐτὴν
2463 756 2562 810 οὐκ
2599 758 2909 830 ἐκέκτηντοο
2945 761 3171 833 καὶγὰρ
3204 758 3349 833 εἶχον
3371 765 3572 832 ἔλαιον,

1998 841 2112 896 ἀλλ’
2133 833 2486 916 οὐχ’ἀρκοῦν.
2519 849 2657 914 Τοὺς
2683 851 2741 905 δὲ
2783 852 2951 925 χωρὶς
2980 855 3278 926 παρθενίας
3306 857 3574 910 εἰσελθόν-

1994 951 2114 999 τας,
2151 937 2341 1011 ἐπειδὴ
2377 938 2580 1012 ταύτην
2602 939 2743 1014 ἦσαν
2773 937 3247 1016 περιϐεϐλημένοι,
3280 948 3418 1019 μετά
3441 949 3573 1002 πολ-

1993 1026 2094 1100 λῆς
2122 1029 2419 1096 ὑπεδέξατο
2449 1034 2551 1104 τῆς
2589 1037 2775 1108 τιμῆς,
2806 1038 3200 1111 εὐλογημένους
3231 1059 3290 1095 τε
3311 1041 3406 1094 τοῦ
3457 1045 3573 1097 Πα-

1995 1120 2126 1191 τρὸς
2147 1121 2450 1194 ὀνομάζων,
2488 1127 2583 1180 καὶ
2613 1128 2748 1201 πρὸς
2777 1131 2971 1185 ἑαυτὸν
3002 1133 3200 1196 καλῶν,
3231 1134 3324 1188 καὶ
3352 1134 3451 1205 τῆς
3474 1134 3574 1204 βα-

1996 1211 2205 1277 σιλείας
2235 1213 2332 1286 τὴν
2357 1215 2725 1289 κληρονομίαν
2767 1221 2950 1285 αὐτοῖς
2981 1222 3357 1295 χαριζόμενος,
3396 1227 3492 1279 καὶ
3513 1227 3577 1280 ἐν

1999 1303 2140 1380 μέσῃ
2165 1305 2557 1378 ἀνακηρύττων
2592 1313 2658 1383 τῇ
2690 1313 3004 1387 οἰκουμένῃ·
3031 1317 3128 1370 καὶ
3170 1317 3230 1370 οὐ
3255 1319 3576 1390 παρῃτήσα-

1993 1411 2074 1462 το,
2098 1396 2194 1449 καὶ
2228 1398 2477 1467 ἀγγέλων
2524 1403 2617 1455 καὶ
2639 1403 2745 1474 τῆς
2775 1406 3005 1469 κτίσεως
3039 1407 3223 1477 πάσης
3269 1409 3575 1481 παρούσης,

1993 1485 2230 1556 τροφέας
2248 1503 2307 1542 τε
2341 1487 2508 1542 αὐτοῦ
2547 1490 2642 1544 καὶ
2671 1490 2982 1563 ξενοδόχους
3005 1495 3202 1557 αὐτοὺς
3235 1498 3573 1566 προσειπεῖν.

1995 1577 2214 1649 Ταύτης
2251 1581 2346 1634 καὶ
2383 1580 2522 1653 αὐτὴ
2547 1583 2756 1656 ἀκούσῃ
2789 1585 2910 1638 τότε
2942 1587 3039 1657 τῆς
3055 1587 3340 1658 μακαρίας
3368 1587 3574 1657 φωνῆς,

1991 1670 2198 1743 ταύτης
2251 1665 2536 1748 ἀπολαύσῃ
2589 1676 2691 1747 τῆς
2741 1679 2976 1749 ἀμοιϐῆς
3027 1680 3164 1749 μετά
3221 1679 3422 1751 πολλῆς
3475 1680 3577 1750 τῆς

1993 1765 2332 1835 περιουσίας.
2356 1767 2420 1820 El
2447 1767 2505 1821 δὲ
2538 1768 2678 1839 ὑπὲρ
2713 1769 3083 1841 ἐλεημοσύνης
3112 1770 3272 1840 μόνον
3319 1770 3576 1824 τοσαῦται

1991 1857 2050 1908 αί
2083 1856 2402 1921 ἀντιδόσεις,
2441 1857 2686 1911 τοσοῦτοι
2714 1861 2764 1912 οἱ
2789 1860 3061 1928 στέφανοι,
3101 1860 3338 1930 τοσαύτη
3367 1862 3400 1930 ἡ
3433 1860 3575 1931 λαμ-

1996 1948 2226 2019 πρότης,
2261 1949 2498 2022 τοσαύτη
2522 1953 2556 2023 ἡ
2575 1952 2904 2023 περιφάνεια
2927 1953 3022 2006 καὶ
3054 1954 3086 2024 ἡ
3113 1953 3260 2019 δόξα,
3283 1955 3332 2006 εί
3385 1954 3476 2006 καὶ
3506 1953 3575 2008 τὰ

1992 2040 2130 2096 ἄλλα
2150 2042 2249 2113 τῆς
2269 2042 2471 2115 ἀρετῆς
2487 2043 2772 2115 ἐπέλθοιμί
2799 2061 2881 2098 σοι
2908 2045 3072 2117 μέρη,
3109 2045 3267 2100 ποίαν
3291 2044 3356 2099 ἂν
3387 2045 3576 2116 σχοίης

1995 2132 2342 2206 συγγνώμην,
2373 2135 2662 2202 ὀφείλουσα
2687 2138 2938 2192 ἐντεῦθεν
2953 2137 3055 2209 ῆδη
3077 2138 3268 2210 ἑορτὴν
3289 2139 3461 2207 ἄγειν,
3480 2143 3575 2192 καὶ

1995 2225 2245 2296 σκιρτᾷν,
2279 2224 2375 2279 καὶ
2397 2224 2662 2297 χορεύειν,
2693 2227 2784 2279 καὶ
2800 2226 3219 2296 στεφανοῦσθαι,
3252 2227 3440 2297 ἐπειδὴ
3463 2228 3517 2280 δέ
3544 2229 3576 2281 6

1990 2317 2138 2370 δεῖνα
2155 2317 2354 2388 ἐμάνη,
2374 2318 2469 2370 καὶ
2493 2318 2521 2371 6
2535 2318 2680 2372 δεῖνα
2709 2317 2848 2372 κατά
2882 2319 3144 2390 κρημνῶν
3163 2316 3316 2392 ἦλθε,
3333 2323 3573 2373 κατακό-

1992 2423 2202 2460 πτουσα
2221 2405 2442 2478 ἑαυτὴν,
2458 2408 2551 2460 καὶ
2582 2406 2802 2462 εὐκολον
2822 2409 2962 2464 κατὰ
2977 2409 3076 2480 τῆς
3095 2411 3258 2479 ἁγίας
3279 2429 3374 2464 σου
3394 2410 3575 2482 ψυχῆς

1993 2498 2073 2568 τῷ
2101 2498 2334 2570 διαϐόλῳ
2383 2501 2614 2554 ποιοῦσα
2636 2500 2732 2571 τὴν
2766 2501 3024 2571 ἔφοδονά,
3057 2502 3117 2556 ὂν
3145 2503 3306 2575 μέχρι
3335 2505 3575 2575 σήμερον

1991 2590 2389 2658 καταξαίνουσα
2406 2593 2507 2646 οὐκ
2526 2593 2779 2658 ὲπαύσω;
2800 2595 2864 2647 Τί
2881 2595 2988 2666 γὰρ
3002 2595 3066 2650 ἀν
3081 2613 3166 2658 τις
3177 2595 3320 2648 εἴποι
3333 2595 3432 2668 τὴν
3451 2597 3578 2650 ὐπο-

1994 2683 2159 2756 μονὴν
2181 2684 2281 2757 τὴν
2314 2683 2565 2749 ποικίλην
2585 2683 2680 2737 καλ⁵
2701 2684 2950 2756 πολυειδῆ
2970 2686 3062 2740 καὶ
3079 2685 3438 2758 πολύτροπονς
3475 2689 3572 2741 καὶ

1991 2773 2153 2837 πόσος
2175 2775 2306 2844 ⁴ἡμῖν
2331 2775 2409 2837 είς
2437 2773 2595 2827 τοῦτο
2611 2774 2834 2844 ἀρκέσει
2854 2774 3031 2843 λόγος,
3052 2776 3217 2830 πόσον
3232 2777 3289 2830 δὲ
3337 2778 3575 2849 ἱστορίας

1991 2864 2212 2935 μέτρον,
2236 2865 2290 2918 εί
2308 2882 2392 2929 τις
2419 2864 2491 2918 τὰ
2518 2867 2583 2918 ἐκ
2609 2865 2830 2938 πρώτης
2855 2867 3070 2937 ἡλικίας
3105 2868 3267 2940 μέχρι
3299 2869 3394 2924 τοῦ
3415 2869 3511 2924 νῦν
3548 2880 3577 2910 ο

1991 2955 2292 3028 παθήματά
2329 2973 2422 3010 σου
2457 2955 2770 3026 καταλέγοι,
2802 2957 2871 3012 τά
2905 2959 3054 3032 παρά
3096 2961 3204 3014 τῶν
3242 2961 3477 3026 οἰκείων,
3507 2962 3578 3016 τά

1992 3050 2142 3121 παρά
2165 3049 2271 3102 τῶν
2289 3050 2604 3120 ἀλλοτρίων,
2628 3052 2696 3104 τά
2715 3051 2866 3123 παρά
2884 3051 2992 3106 τῶν
3009 3052 3272 3122 φίλων,τά
3294 3053 3447 3126 παρά
3465 3054 3576 3108 τῶν

1991 3145 2223 3218 ἐχθρῶν,
2247 3144 2317 3198 τά
2355 3145 2504 3216 παρά
2544 3145 2654 3198 τῶν
2682 3144 2828 3214 γένει
2880 3147 3288 3216 προσηκόντων,
3316 3147 3385 3201 τὰ
3426 3146 3580 3218 παρά

1989 3238 2100 3292 τῶν
2132 3238 2443 3310 μηδαμόθεν
2473 3239 2882 3310 προσηκόντων,
2921 3238 2990 3293 τά
3029 3239 3182 3312 παρά
3205 3239 3314 3295 τῶν
3339 3241 3397 3294 ἐν
3418 3241 3580 3295 δυνα-

1996 3331 2221 3394 στείαις,
2255 3329 2326 3384 τὰ
2357 3329 2508 3402 παρά
2537 3330 2644 3385 τῶν
2676 3331 2932 3396 εὐτελῶν,
2967 3331 3035 3384 τὰ
3069 3332 3219 3403 παρά
3247 3332 3357 3385 τῶν
3383 3333 3580 3403 ἀρχόν-

1991 3436 2120 3486 των,
2143 3418 2208 3473 τά
2236 3420 2386 3492 παρά
2405 3407 2514 3474 τῶν
2546 3419 2789 3485 ἰδιωτῶν,
2823 3421 2892 3475 τά
2920 3422 3069 3490 παρὰ
3095 3421 3203 3475 τῶν
3233 3424 3312 3486 είς
3337 3422 3425 3475 τὸν
3447 3421 3581 3492 κλῆ-

1997 3528 2088 3582 ρον
2140 3510 2470 3576 τελούντων;
2503 3510 2721 3566 Τούτων
2751 3511 2860 3582 γὰρ
2908 3513 3165 3578 ἕκαστον,
3196 3514 3250 3566 εί
3281 3531 3364 3576 τις
3393 3515 3580 3580 διεξίοι

1994 3602 2125 3658 αὐτὸ
2170 3602 2292 3659 καθ’
2340 3603 2502 3657 ἐαυτὺ
2547 3604 2728 3674 μόνον,
2777 3605 3017 3676 ἱστορίαν
3067 3604 3359 3677 ὁλόκληρον
3395 3607 3579 3660 ἱκανὸν

1996 3695 2219 3766 ποιῆσαι
2251 3695 2314 3750 τὸ
2341 3696 2605 3768 διήγημα.
2640 3697 2707 3751 Εί
2737 3697 2795 3751 δέ
2848 3715 2932 3761 τις
2966 3698 3062 3751 καὶ
3111 3697 3249 3770 πρὸς
3303 3699 3372 3752 τά
3411 3699 3582 3771 ἕτερα

1995 3789 2110 3858 εἴδη
2137 3791 2237 3860 τῆς
2283 3790 2488 3862 ἀρετῆς
2519 3789 2724 3860 ταύτης
2778 3791 3103 3861 μετασταίη,
3140 3792 3234 3845 καὶ
3264 3791 3461 3863 μηκέτι
3510 3792 3582 3847 τὰ

1995 3881 2126 3949 παρ’
2169 3881 2395 3951 ἐτέρων,
2431 3879 2569 3935 ἀλλά
2609 3879 2682 3932 τά
2731 3880 2885 3950 παρὰ
2931 3879 3024 3934 σοῦ
3067 3879 3584 3939 κατασκευασθέντα

1993 3972 2315 4042 διηγήσαιτο
2369 3971 2552 4043 πάθη,
2579 3972 2700 4026 τίνα
2755 3971 2923 4037 λίθον,
2971 3973 3093 4027 τίνα
3146 3975 3383 4047 σίδηρον,
3429 3980 3582 4031 ποῖον

1995 4065 2279 4136 ἀδάμαντα
2305 4065 2404 4135 οὐχ
2429 4065 2654 4136 εὑρήσει
2676 4066 2971 4137 νικηθέντα
2996 4066 3149 4139 παρά
3177 4067 3301 4135 σοῦ;
3338 4069 3582 4140 Ἀπαλὴν

1995 4157 2105 4228 γάρ
2134 4154 2277 4210 οὕτω
2312 4157 2490 4229 σάρκα
2518 4155 2760 4210 λαϐοῦσα
2797 4159 2892 4212 καὶ
2922 4160 3221 4233 τρυφερὰν,
3256 4161 3418 4214 παντὶ
3451 4163 3581 4216 εἴδει

1994 4249 2206 4321 τρυφῆς
2238 4250 2659 4321 συντραφεῖσαν,
2710 4248 2884 4313 οὕτως
2927 4250 3098 4322 αὐτὴν
3145 4252 3411 4316 ποικίλοις
3453 4254 3582 4306 ἐπο-

1996 4340 2293 4411 λιόρκησας
2328 4339 2580 4405 πάθεσιν,
2611 4339 2688 4404 ὡς
2725 4341 2892 4412 μηδὲν
2923 4341 3144 4414 ἄμεινον
3177 4341 3331 4416 [540]
3363 4345 3462 4414 τῆς
3489 4361 3581 4397 νε-

1998 4433 2308 4506 κρωθειίσ-ης
2334 4433 2662 4489 διακεῖσθαι’
2699 4433 2794 4488 καὶ
2814 4433 3068 4489 τοσοῦτον
3089 4435 3301 4506 ἀνῆψας
3327 4437 3385 4490 ἐν
3419 4453 3582 4488 σεαυ-

1994 4529 2062 4597 τῇ
2096 4506 2420 4597 νοσημάτων
2474 4526 2669 4599 ἐσμὸν,
2719 4526 2796 4591 ὡς
2838 4527 2934 4582 καὶ
2987 4527 3187 4599 ίατρῶν
3237 4528 3456 4599 τέχνην,
3487 4527 3582 4582 καὶ

1996 4621 2305 4692 φαρμάκων
2335 4621 2587 4690 δύναμιν,
2642 4621 2738 4676 καὶ
2790 4621 2970 4676 πάντα
3007 4620 3326 4692 ἐπιμελείας
3366 4619 3581 4689 ἐλέγξαι

1995 4714 2215 4786 τρόπον,
2240 4715 2336 4768 καὶ
2358 4713 2632 4786 διηνεκέσι
2659 4713 2828 4784 συζῆν
2853 4712 3082 4778 ὀδύναις.

2070 4805 2134 4861 ε’.
2158 4806 2270 4876 Τὴν
2289 4806 2345 4859 δὲ
2373 4807 2465 4859 ἐπὶ
2495 4807 2599 4877 τῆς
2619 4806 2901 4878 τραπέζης
2923 4805 2942 4844 ί
2967 4805 3264 4877 καρτερίαν
3288 4823 3348 4860 τε
3370 4807 3464 4860 καὶ
3489 4807 3584 4876 ἐγ-

2005 4899 2286 4971 κράτειαν,
2323 4898 2417 4952 καὶ
2462 4899 2562 4970 τὴν
2613 4899 2671 4952 ἐν
2703 4901 2823 4961 ταῖς
2875 4896 3026 4962 νυξὶν
3071 4897 3126 4949 εῐ
3159 4916 3243 4962 τις
3297 4898 3583 4972 βουληθείη

1997 4993 2308 5059 διεξελθεῖν,
2335 4992 2518 5047 πόσων
2548 4992 2798 5063 δεήσεται
2846 4990 3060 5060 λόγων;
3111 4990 3328 5047 Μᾶλλον
3359 4993 3417 5046 δὲ
3462 4992 3586 5048 οὐδέ

2003 5087 2190 5148 εἴασας
2209 5083 2377 5154 αὐτὴν
2406 5082 2731 5154 ἐγκράτειαν
2754 5083 3038 5138 καλεῖσθαι
3069 5084 3275 5150 λοιπὸν,
3304 5085 3426 5140 οὐδὲ
3450 5103 3589 5157 καρ-

1999 5179 2188 5251 τερίαν
2220 5176 2314 5230 ἐπὶ
2344 5175 2460 5245 σοῦ,
2490 5176 2606 5230 ἀλλ’
2623 5176 2810 5249 ἕτερον
2847 5176 3021 5248 ὄνομα
3060 5178 3288 5243 ταύταις
3314 5181 3450 5252 ἡμῖν
3488 5181 3588 5252 ζη-

1999 5270 2194 5342 τητέον
2221 5273 2342 5332 ταῖς
2382 5271 2605 5341 ἀρεταῖς
2632 5271 2814 5342 πολλῷ
2854 5271 3057 5341 μεῖζον.
3092 5273 3204 5325 Καὶ
3247 5272 3356 5344 γὰρ
3383 5275 3588 5342 ἐγκρα-

2001 5363 2255 5420 τεύεσθαι
2281 5363 2490 5418 ἐκεῖνόν
2524 5380 2704 5436 φαμεν
2727 5363 2820 5420 καὶ
2849 5364 3156 5434 καρτερεῖν,
3197 5363 3290 5419 16v
3311 5365 3414 5418 6116
3443 5379 3587 5425 τινος

1997 5457 2304 5529 ἐπιθυμίας
2325 5455 2731 5527 ἐνοχλούμενον,
2746 5455 2844 5510 καὶ
2864 5455 3169 5529 κρατοῦντα
3187 5456 3406 5530 ταύτης.
3436 5454 3507 5509 Σὺ
3532 5456 3588 5508 δὲ

2067 5593 2093 5635 d
2116 5592 2318 5662 goislin.
2345 5594 2396 5639 et
2417 5591 2542 5662 ᾕρεε
2558 5591 2643 5662 τὴν
2666 5591 2867 5662 εῐσοδον.

2071 5672 2096 5698 ο
2123 5656 2249 5704 Tres
2270 5668 2387 5702 mss.
2414 5653 2598 5710 ἡλικίας
2622 5654 2711 5708 ἕως
2733 5653 2831 5702 νῦν.

2080 5717 2099 5756 ί
2135 5718 2239 5768 Ἐπὶ
2267 5727 2349 5774 τας
2369 5717 2612 5780 τραπέζας,
2635 5714 2706 5767 sic
2736 5715 2834 5767 duo
2855 5729 2971 5766 mss.
