4030 6206
481 348 576 404 561

474 455 573 506 οὐκ
596 452 741 523 ἔχεις
768 453 893 505 ὅτου
916 453 1226 523 κρατήσεις·
1263 450 1428 521 πολλῇ
1452 448 1562 520 γάρ
1604 452 1670 521 τῇ
1707 448 1853 519 ρύμῃ
1904 449 2056 517 παρά

476 564 574 613 την
610 546 783 616 ἀρχὴν
816 545 1094 596 πνεύσασα
1134 541 1276 595 κατὰ
1304 542 1403 611 τῆς
1443 542 1662 613 σαρκὸς,
1696 538 1924 600 ἔσϐεσας
1962 539 2059 592 αὑ-

476 638 576 703 τῆς
606 638 703 698 τὰς
727 635 1021 705 ἐπιθυμίας
1055 632 1277 696 ταύτας,
1304 634 1363 686 οὑ
1386 633 1733 704 χαλινώσασα
1760 631 1849 685 τὸν
1870 631 2055 694 ἵππον,

474 728 613 782 ἀλλά
631 727 1030 797 συμποδίσασα,
1072 724 1168 778 καὶ
1199 726 1375 796 χαμαὶ
1409 723 1631 796 ῥίψασα,
1668 724 1761 776 καὶ
1790 723 2059 793 ποιήσασα

476 819 659 887 μένειν
690 815 962 887 ἀκίνητον.
994 817 1105 870 Καὶ
1132 816 1255 867 τότε
1288 814 1385 885 μὲν
1422 814 1745 883 ἐγκράτειαν
1778 811 2056 884 κατορθώ-

478 924 639 967 σασα,
665 907 758 960 νῦν
785 906 843 959 δὲ
868 907 1138 961 ἀπάθειαν
1167 906 1375 959 λοιπόν.
1403 906 1477 957 Οὑ
1508 906 1617 976 7&9
1644 904 1903 975 διενοχλεῖ
1930 922 2028 975 τρυ
2045 934 2059 946 ο

475 1004 581 1072 φῆς
613 1001 896 1072 ἐπιθυμία,
925 1002 1020 1054 καὶ
1049 1002 1211 1055 πόνον
1232 1002 1373 1071 ἐχεις
1395 1000 1535 1054 ὥστε
1567 1000 1741 1069 αὐτῆς
1764 1001 2052 1071 κρατῆσαι·

475 1093 611 1148 ἀλλὰ
659 1094 912 1160 καθάπαξ
965 1094 1133 1163 αὑτὴν
1178 1093 1511 1161 ἀφανίσασα,
1547 1093 1643 1146 καὶ
1670 1091 1868 1145 ἄϐατον
1918 1092 2054 1163 αὐτῇ

473 1189 572 1259 τὴν
605 1189 783 1260 σάρκα
814 1189 1107 1257 ποιήσασα,
1147 1184 1399 1238 τοσοῦτον
1428 1183 1722 1238 ἀπολαύειν
1757 1183 1904 1236 σίτου
1961 1184 2056 1236 καὶ

476 1281 641 1334 ποτοῦ
696 1281 793 1352 τὴν
819 1279 1064 1349 γαστέρα
1098 1278 1444 1341 ἐπαίδευσας,
1488 1277 1614 1331 ὅσον
1646 1277 1719 1347 μὴ
1766 1276 2055 1330 ἀποθανεῖν

473 1374 570 1428 καὶ
589 1374 744 1444 δίκην
774 1372 978 1426 δοῦναι.
1006 1372 1103 1425 Διά
1122 1388 1204 1423 τοι
1224 1369 1384 1422 τοῦτο
1420 1369 1479 1422 οὑ
1511 1369 1785 1439 νηστείαν,
1813 1369 1935 1421 οὑδέ
1964 1369 2054 1436 ἐγ-

475 1465 734 1538 κράτειαν
766 1464 923 1518 τοῦτο
948 1463 1120 1527 καλῶ,
1164 1463 1278 1516 ἀλλ’
1306 1462 1493 1533 ἐτερόν
1528 1480 1582 1515 τι
1614 1462 1803 1515 τούτου
1850 1461 2051 1532 μεῖζον.

473 1559 646 1614 Τοῦτο
676 1560 769 1612 καὶ
803 1560 893 1612 ἐπί
936 1559 1034 1629 τῆς
1068 1559 1375 1630 ἀγρυπνίας
1429 1575 1523 1611 σου
1557 1558 1656 1627 τῆς
1710 1559 1861 1629 ἱερᾶς
1908 1556 2053 1610 ἐστιν

476 1652 625 1703 ίηῖεῖνο
659 1651 753 1704 καὶ
780 1650 889 1720 γὰρ
916 1651 948 1720 ή
976 1649 1069 1702 τοῦ
1094 1648 1371 1703 καθεύδειν
1389 1648 1670 1719 ἐπιθυμία,
1696 1647 1908 1717 ἐκείνης
1931 1647 2055 1699 σϐε-

474 1741 719 1811 σθείσης,
774 1739 1243 1811 συγκατεσϐέσθη·
1294 1739 1467 1812 τροφὴ
1519 1739 1629 1810 7&9
1677 1738 1843 1792 ὕπνου
1884 1738 2049 1791 σιτία.

472 1833 585 1885 Καὶ
620 1832 792 1901 ἑτέρῳ
816 1831 872 1883 δὲ
897 1830 1067 1899 αὑτὴν
1098 1828 1401 1891 κατέλυσας
1438 1828 1642 1899 τρόπῳ,
1670 1827 1727 1893 ἐξ
1748 1828 1923 1898 ἀρχῆς
1955 1827 2070 1897 μὲν,

472 1925 565 1976 καὶ
621 1922 791 1993 αὐτὴν
841 1921 1145 1992 βιασαμένη
1201 1920 1301 1993 τὴν
1353 1919 1535 1989 φύσιν,
1583 1918 1679 1971 καὶ
1727 1917 2053 1988 ὁλοκλήρους

472 2014 673 2078 νύκτας
715 2015 955 2077 ἀΰπνους
1000 2013 1279 2082 διάγουσα·
1341 2012 1566 2084 ὕστερον
1605 2011 1663 2064 δὲ
1717 2014 1785 2083 τῇ
1841 2012 2055 2081 συνεχεῖ

474 2106 731 2177 συνηθείᾳ
756 2107 850 2160 καὶ
884 2107 963 2169 είς
989 2106 1149 2175 φύσιν
1179 2104 1461 2173 ἀγαγοῦσα
1492 2103 1557 2157 τὸ
1584 2104 2051 2175 πρᾶγμα.”οσπερ

471 2198 582 2268 γὰρ
624 2200 735 2259 τοῖς
777 2197 955 2259 ἄλλοις
993 2196 1133 2249 κατά
1182 2199 1341 2265 φύσιν
1366 2194 1428 2248 τὸ
1475 2195 1775 2260 καθεύδειν,
1804 2194 1945 2248 οὑτω
1970 2196 2053 2249 σοὶ

471 2290 533 2342 τὶ
568 2288 946 2360 ἐγρηγορέναι.
998 2288 1300 2357 Θαυμαστὰ
1357 2290 1455 2358 μὲν
1505 2284 1597 2342 οὖν
1626 2288 1799 2342 ταῦτα
1828 2289 1922 2341 καὶ
1959 2291 2051 2341 ἐκ-

473 2377 721 2448 πλήξεως
749 2378 1009 2447 ⁴γέμοντα,
1050 2379 1145 2430 καὶ
1161 2378 1283 2431 καθ’
1323 2380 1491 2432 ἐαυτά
1510 2395 1524 2409 ν
1562 2380 1611 2432 εἰ
1643 2379 1699 2432 δέ
1724 2398 1808 2444 τις
1836 2382 1928 2435 καὶ
1959 2380 2052 2436 τὸν

469 2471 662 2540 καιρὸν
694 2470 1018 2535 ἐξετάσειεν,
1051 2472 1132 2525 ὅτι
1159 2473 1215 2525 ἐν
1240 2470 1402 2544 ἀώρῳ
1432 2472 1616 2545 ἡλικίᾳ
1642 2472 1814 2528 ταῦτα
1841 2491 2053 2547 κατωρ-

474 2564 650 2623 θοῦτο.
677 2564 771 2618 καὶ
800 2562 897 2635 τὴν
920 2564 1155 2635 ἐρημίαν
1183 2564 1293 2617 τῶν
1334 2565 1671 2631 διδαξόντων,
1702 2566 1797 2619 καὶ
1824 2566 1884 2619 τὸ
1913 2566 2049 2637 πλῆ-

473 2655 567 2719 θος
591 2656 701 2711 τῶν
728 2654 1215 2719 σκανδαλιζόντων,
1246 2658 1338 2710 καὶ
1365 2658 1447 2711 ὅτι
1479 2659 1536 2710 ἐν
1561 2657 1705 2729 ψυχῇ
1732 2658 1790 2723 ἐξ
1821 2658 2052 2723 ἀσεϐοῦς

471 2746 620 2797 οἴκου
645 2744 742 2800 νῦν
764 2746 1181 2818 αὐτομολησάσῃ
1208 2746 1342 2817 πρὸς
1369 2746 1469 2819 τὴν
1504 2747 1782 2818 ἀλήθειαν,
1845 2748 1939 2802 καὶ
1968 2749 2050 2802 ὅτι

470 2837 530 2889 ἐν
555 2836 769 2908 σώματι
804 2839 1100 2910 γυναικείῳ
1131 2856 1191 2891 τε
1242 2841 1335 2892 καὶ
1383 2838 1558 2900 ἄλλως
1605 2838 1797 2909 ἁπαλῷ
1833 2839 1920 2893 διὰ
1952 2839 2051 2910 τὴν

468 2927 582 2978 τῶν
602 2927 883 2996 προγόνων
905 2928 1261 2999 περιφάνειαν
1290 2928 1382 2981 καὶ
1409 2928 1636 3000 τρυφήν,
1677 2929 1817 2983 πόσα
1840 2930 2049 3003 πελάγη

472 3016 765 3090 θαυμάτων
792 3022 1013 3091 εὑρήσει
1040 3021 1165 3075 καθ’
1199 3021 1429 3081 ἕκαστον
1457 3020 1662 3076 τούτων
1690 3023 2048 3094 ἀνοιγόμενας

469 3111 569 3164 Διά
592 3127 672 3163 τοι
700 3113 858 3165 τοῦτο
896 3110 1003 3165 τῶν
1028 3111 1202 3165 ἄλλων
1245 3112 1365 3164 οὑδέ
1396 3111 1895 3183 ἐπιμνησθήσομαι,
1950 3114 2050 3184 τῆς

467 3203 988 3275 ταπεινοφροσύνης,
1030 3203 1129 3274 τῆς
1175 3204 1413 3273 ἀγάπης,
1458 3203 1567 3256 τῶν
1607 3204 1811 3259 λοιπῶν
1840 3205 2049 3274 ἀρετῶν

466 3294 567 3363 τῆς
595 3294 753 3363 ἁγίας
788 3311 880 3348 σου
912 3295 1107 3366 ψυχῆς.
1138 3296 1247 3348 Καὶ
1280 3296 1389 3366 γὰρ
1420 3296 1598 3366 μόνον,
1625 3295 1700 3360 ὡς
1720 3296 1995 3369 ἐμνήσθην
2020 3309 2047 3338 ει

466 3383 694 3450 τούτων,
721 3385 816 3437 καὶ
838 3385 936 3448 τὰς
969 3384 1340 3457 προσηγορίας
1356 3381 1526 3450 εἷπον,
1562 3386 1761 3457 μυρίας
1788 3387 2049 3440 ἀνέϐλυσέ

471 3494 564 3547 μοι
593 3478 756 3531 πάλιν
783 3481 817 3549 ἡ
863 3478 1073 3532 διάνοια
1114 3476 1315 3547 πηγάς,
1359 3477 1452 3530 καὶ¹
1486 3476 1725 3547 βιάζεται
1747 3478 1840 3531 καὶ
1876 3480 2048 3533 εἰπεῖν

467 3567 694 3633 τούτων,
714 3570 788 3647 ὡς
825 3569 921 3640 τῆς
954 3568 1244 3641 προτέρας,
1293 3568 1398 3622 κᾶν
1440 3571 1503 3622 ἐκ
1538 3568 1757 3639 μέρους,
1810 3569 1880 3623 τά
1908 3571 2046 3642 εῖδη,

471 3659 673 3730 μᾶλλον
696 3659 753 3713 δὲ
785 3661 884 3724 τὰς
908 3660 1195 3724 ὑποθέσεις
1226 3660 1405 3731 μόνον’
1442 3662 1618 3714 ἐκεῖνο
1638 3660 1746 3732 γὰρ
1771 3662 1798 3700 δ
1823 3662 2049 3733 ἄπειρον

469 3753 675 3823 σφόδρα
719 3752 970 3822 ἐπιζητεῖ
1008 3752 1184 3823 λόγον.
1229 3751 1389 3805 Ἀλλά
1430 3752 1531 3805 οὑκ
1573 3752 1855 3823 ἀνέξομαι,
1906 3752 2047 3807 ὥστε

471 3845 547 3915 μὴ
589 3845 687 3916 τῆς
735 3844 1045 3909 ὑποθέσεως
1076 3846 1348 3911 ἐκπεσεῖν,
1386 3845 1456 3917 ἢν
1497 3844 1828 3917 προειλόμην
1855 3862 2049 3918 κατορ-

467 3934 662 3999 θῶσαι,
701 3939 781 4001 εἰς
815 3937 1043 4009 ἄπειρον
1070 3936 1371 4008 ἐξενεχθεὶς
1400 3937 1655 4007 πέλαγος.
1697 3937 1851 3991 Ἐπεὶ
1873 3939 1922 3990 εί
1973 3938 2048 4010 μή

466 4027 624 4081 τοῦτο
656 4027 947 4100 προῦκειτό
990 4047 1079 4100 μοι
1125 4030 1221 4083 νῦν
1253 4029 1315 4083 τὸ
1348 4028 1643 4101 πρόρριζον
1667 4028 1766 4101 τὴν
1813 4029 2048 4100 ἀθυμίαν

468 4118 618 4191 [541]
651 4120 759 4175 ἀπὸ
785 4120 883 4173 σοῦ
913 4122 1249 4185 ἀνασπάσαι,
1291 4122 1463 4193 ἡδέως
1486 4121 1695 4185 τούτοις
1725 4121 2049 4194 ἐνδιέτριϐον

466 4213 577 4274 τοῖς
595 4210 796 4280 λόγοις,
834 4210 929 4263 καὶ
965 4211 1202 4280 πέλαγος
1251 4212 1477 4283 ἄπειρον
1503 4212 1714 4273 ἔπλεον.
1766 4212 1964 4283 μᾶλλον
1991 4212 2049 4268 δὲ

467 4301 699 4371 πελάγη,
728 4302 965 4373 ἐκάστης
989 4319 1087 4356 σου
1112 4303 1313 4374 ἀρετῆς
1338 4302 1438 4367 τάς
1478 4303 1818 4375 πολυσχιδεῖς
1856 4305 2049 4359 ἀνατέ-

469 4412 616 4466 μνων
645 4395 817 4464 ὁδοὺς,
853 4388 929 4449 ὧν
957 4394 1164 4467 ἑκάστη
1212 4394 1331 4458 ὁδὸς
1378 4394 1613 4465 πέλαγος
1641 4395 1818 4450 ἔτικτε
1861 4397 2043 4463 πάλιν,

466 4490 569 4541 κάν
593 4490 659 4559 τῇ
691 4488 958 4558 ὑπομονῇ,
1007 4488 1112 4541 κάν
1146 4488 1213 4557 τῇ
1260 4490 1749 4562 ταπεινοφροσύνῃ,
1774 4491 1869 4544 καὶ
1895 4492 2047 4563 ἐλεη-

466 4579 674 4651 μοσύνη
714 4581 779 4650 τῇ
815 4578 1084 4631 πολυειδεῖ
1123 4579 1217 4632 καὶ
1245 4578 1381 4649 πρὸς
1409 4578 1550 4632 αὐτὰ
1585 4579 1687 4647 τῆς
1719 4580 2046 4652 οἰκουμένης

462 4672 533 4726 τὰ
566 4672 780 4742 πέρατα
808 4669 1142 4744 ἀπλωθείσῃ,
1178 4672 1282 4723 κάν
1314 4672 1381 4742 τῇ
1421 4671 1611 4743 ἀγάπῃ
1629 4674 1696 4743 τῇ
1723 4672 1923 4742 μυρίας
1961 4691 2045 4727 νι-

464 4762 615 4835 κώσῃ
639 4762 921 4834 καμίνους,
945 4763 1047 4817 κάν
1062 4764 1127 4834 τῇ
1156 4763 1367 4816 συνέσει
1388 4764 1452 4833 τῇ
1480 4762 1710 4834 ἀπείρῳ,
1727 4764 1821 4817 καὶ
1844 4762 2045 4834 πολλῆς

460 4854 707 4928 γεμούσῃ
752 4856 995 4927 χάριτος,
1026 4855 1120 4909 καὶ
1174 4854 1242 4909 τά
1288 4853 1460 4927 μέτρα
1488 4855 1587 4924 τῆς
1628 4854 1844 4925 φύσεως
1872 4856 2040 4929 ὑπερ-

463 4948 623 5017 ϐάσῃ.
658 4948 740 5000 Τὰ
789 4948 847 5002 δέ
880 4948 1281 5019 κατορθώματα
1324 4946 1393 5001 τὰ
1429 4947 1676 5002 ἐντεῦθεν
1704 4946 1959 5018 τεχθέντα
1991 4948 2047 5003 εί

459 5057 545 5102 τις
576 5038 815 5108 βούλοιτο
845 5042 1076 5105 ἐπιέναι,
1105 5042 1302 5095 ταὺτδν
1337 5042 1553 5112 ποιήσει
1591 5035 1701 5095 οἷον
1746 5044 1800 5096 εῖ
1836 5060 1921 5106 τις
1949 5044 2042 5099 καὶ

463 5130 530 5182 τά
562 5129 782 5200 κύματα
806 5129 1078 5200 θαλάσσης
1116 5133 1367 5203 ἀριθμεῖν
1396 5132 1720 5205 ἐπιχειροίη.

532 5227 612 5286 ς’.
641 5221 733 5274 Διδ
764 5222 832 5276 τὰ
859 5222 1062 5292 ἄπειρα
1085 5222 1259 5277 ταῦτα
1287 5226 1661 5298 παραδραμὼν
1684 5228 1916 5299 πελάγη,
1946 5226 2040 5281 τὸν

459 5309 648 5367 λέοντα
681 5314 789 5368 ἀπὸ
822 5314 915 5369 τοῦ
936 5314 1126 5388 ὄνυχος
1142 5315 1311 5381 δεῖξαι
1339 5319 1693 5391 πειράσομαι,
1724 5320 1878 5390 ὀλίγα
1903 5321 2041 5376 ἄττα

460 5404 595 5475 περὶ
622 5405 721 5475 τῆς
748 5393 944 5475 στολῆς
972 5423 1066 5461 σου
1088 5407 1408 5481 διαλεχθεὶς,
1445 5412 1575 5482 περὶ
1599 5411 1707 5465 τῶν
1733 5410 1921 5475 ἀπλῶς
1946 5412 2039 5466 καὶ

460 5495 584 5564 είκῆ
620 5512 703 5549 σοι
733 5499 1134 5567 περικειμένων
1182 5500 1430 5569 ἱματίων.
1461 5503 1581 5556 Τῶν
1604 5504 1703 5575 μὲν
1725 5504 1833 5579 γὰρ
1864 5505 2037 5561 ἄλλων

460 5589 679 5644 ἔλαττον
711 5584 849 5642 εἶναι
879 5590 1027 5643 δοκεῖ
1051 5591 1112 5644 τδ
1140 5592 1491 5666 κατόρθωμα·
1526 5595 1651 5651 είδὲ
1682 5614 1767 5663 τις
1793 5597 2037 5669 ἀκριϐῶς

524 5725 549 5789 _‘
577 5725 701 5774 'l‘res
730 5739 845 5776 mss.
870 5724 1011 5789 μόνον
1043 5724 1288 5789 ἐμνήσθην.

522 5787 553 5829 δ
575 5792 607 5838 Δ
622 5790 668 5837 lii
690 5789 849 5838 ἐκεῖνα
873 5787 979 5853 γάρ.

1149 334 1205 390 S.
1229 333 1513 391 ιοΑΝΝιε
1549 327 2035 389 CHRYSOSTOMI
2071 327 2397 392 ARCHIEP.
2439 330 2993 390 CONSTANTINOP.

3642 324 3743 379 562

2168 447 2299 500 αὐτὸ
2322 449 2622 513 ἐξετάσειε,
2655 447 2860 521 σφόδρα
2886 453 3108 520 εὑρήσει
3139 446 3279 519 μέγα
3295 465 3352 500 τε
3387 447 3747 519 ὑπάρχον’καὶ

2168 533 2457 616 φιλοσόφου
2504 546 2755 617 δεόμενον
2798 546 2995 617 ψυχῆς,
3036 546 3129 601 καὶ
3153 546 3220 600 τὰ
3255 544 3482 616 βιωτικὰ
3533 547 3747 601 ἅπαντα

2172 643 2616 714 καταπατούσης,
2667 643 2758 699 καὶ
2793 642 2927 714 προς
2946 643 3105 695 αὑτὸν
3140 642 3443 713 ἱπταμένης
3464 644 3554 696 τὸν
3577 643 3746 715 οὑρα-
3842 702 3853 711 ,

2165 738 2274 792 νόν.
2322 739 2521 809 Διόπερ
2548 739 2647 792 οὐκ
2702 741 2762 793 ἐν
2786 741 2852 810 τῇ
2883 740 3056 809 Καινῇ
3101 738 3281 808 μόνον,
3308 737 3440 792 ἀλλά
3479 739 3573 791 καὶ
3595 742 3653 794 ἐν
3675 743 3743 812 τῇ

2166 837 2399 907 Παλαιᾷ,
2432 837 2520 889 ὅτε
2550 836 2641 889 διὰ
2677 838 2838 898 σκιᾶς
2864 836 2959 889 καὶ
2995 835 3166 889 τύπου
3205 836 3267 889 τὺ
3310 836 3417 889 τῶν
3444 835 3745 909 ἀνθρώπων

2163 934 2192 986 ό
2223 932 2355 996 Θεὸς
2391 928 2495 1004 ἦγε
2534 932 2713 1001 γένος,
2739 932 2834 986 καὶ¹
2870 932 3326 1005 σωματικώτερον
3358 934 3425 987 τά
3467 934 3567 1003 τῆς
3595 934 3745 987 πολι-

2162 1029 2312 1093 τείας
2340 1030 2726 1100 ἐρρυθμίζετο,
2768 1031 3002 1099 καὶπερὶ
3027 1029 3134 1083 τῶν
3168 1030 3433 1101 οὐρανίων
3462 1030 3636 1094 οὐδεὶς
3658 1033 3744 1085 οὑ-

2161 1126 2309 1180 δέπω
2348 1126 2505 1195 λόγος
2528 1123 2616 1198 ἢν,
2640 1127 2760 1180 οὑδὲ
2790 1127 3088 1199 μελλόντων
3124 1128 3332 1198 μνήμη,
3365 1127 3483 1180 οὑδὲ
3511 1128 3612 1197 τῆς
3646 1128 3743 1183 νῦν

2162 1223 2497 1294 κατεχούσης
2531 1224 2848 1295 φιλοσοφίας
2872 1224 3119 1293 αἴνιγμα,
3152 1223 3288 1277 ἀλλά
3309 1224 3610 1296 παχύτερόν
3626 1242 3742 1291 πως

2163 1321 2258 1374 καὶ¹
2294 1320 2701 1393 σαρκικώτερον
2721 1324 2768 1375 οί
2789 1323 2941 1392 νόμοι
2974 1324 3085 1385 τοῖς
3129 1321 3396 1391 Ἑϐραίοις
3420 1323 3740 1394 ἐγράφοντο,

2166 1422 2303 1493 μετά
2357 1423 2561 1494 πολλῆς
2592 1424 2691 1493 τῆς
2733 1423 3091 1495 σφοδρότητος
3137 1424 3234 1494 τὴν
3260 1425 3316 1477 ἐν
3344 1428 3455 1488 τοῖς
3505 1426 3743 1495 ἱματίοις

2160 1522 2521 1593 ἀπαγορεύων
2568 1522 2943 1593 φιλοκοσμίαν,
2982 1524 3153 1577 ταῦτα
3195 1524 3284 1577 διὰ
3338 1523 3431 1577 τοῦ
3464 1526 3740 1596 προφήτου

2161 1623 2312 1695 φησί·
2337 1621 2480 1676 Τάδε
2494 1623 2653 1691 λέγει
2674 1627 2706 1677 ὁ
2721 1624 2933 1691 Κύριος
2948 1623 3043 1676 ἐπὶ
3063 1624 3167 1690 τὰς
3185 1620 3492 1693 ἀρχούσας
3506 1626 3747 1694 θυγατέ-

2150 1737 2266 1789 ρας
2294 1722 2465 1783 Σιὼν,
2496 1715 2746 1775 Ἀνθ’ὦν
2760 1723 3168 1790 ὐψώθησανιιὶ
3184 1721 3498 1793 θυγατέρες
3521 1722 3743 1791 αὐτῶν,

2159 1822 2259 1875 καὶ
2284 1822 2696 1891 ἐπορεύθησαν
2726 1822 2945 1892 ὑψηλῷ
2980 1824 3285 1891 τραχήλῳ,
3324 1822 3424 1877 καί
3450 1825 3744 1891 νεύμασιν

2161 1923 2503 1993 ὀφθαλμῶν,
2523 1924 2621 1977 καὶ
2644 1923 2717 1994 τῇ
2729 1926 2934 1993 πορείᾳ
2947 1922 3063 1978 τῶν
3075 1923 3275 1978 ποδῶν
3286 1926 3584 1995 σύρουσαι
3597 1926 3742 1993 τοὺς

2159 2025 2435 2095 χιτῶνας,
2455 2027 2551 2080 καὶ
2576 2026 2699 2091 τοῖς
2716 2026 2902 2081 ποσὶν
2917 2026 3037 2097 ἅμα
3062 2027 3397 2088 παίζουσαι·
3421 2030 3517 2083 καὶ
3540 2044 3745 2097 ,ταπει-

2159 2128 2339 2182 νώσει
2370 2130 2586 2197 Κύριος
2614 2127 2721 2195 τὰς
2743 2129 3053 2199 ἀρχούσας
3090 2130 3416 2200 θυγατέρας
3440 2131 3614 2196 Σιὼν,
3639 2132 3742 2187 και

2159 2229 2539 2299 ἀνακαλύψω
2555 2231 2616 2285 τὸ
2633 2231 2843 2301 σχῆμα
2860 2229 3079 2295 αὐτῶν,
3094 2231 3187 2285 καὶ
3205 2232 3419 2301 ἀφελεῖ
3428 2232 3540 2299 τὴν
3553 2233 3742 2299 δόξαν

2158 2330 2264 2383 τοῦ
2306 2331 2626 2402 ἱματισμοῦ
2657 2330 2875 2394 αὐτῶν,
2911 2330 3009 2385 καὶ
3055 2331 3227 2385 ἔσται
3252 2346 3353 2385 σοι
3376 2332 3510 2386 ἀντὶ
3541 2333 3745 2402 ὀσμῆς

2160 2430 2366 2498 ἡδείας
2380 2431 2705 2499 κονιορτὸς,
2721 2432 2817 2484 καὶ
2830 2431 2960 2485 ἀντὶ
2979 2428 3162 2499 ζώνης
3179 2431 3429 2500 σχοινίφ
3443 2430 3621 2501 ζώσῃ,
3638 2433 3741 2487 καὶ

2156 2530 2288 2584 ἀντὶ
2302 2528 2407 2582 τοῦ
2424 2532 2652 2599 κόσμου
2676 2528 2782 2597 τῆς
2795 2532 2988 2598 κεφαλ
2996 2529 3066 2596 ἧς
3076 2544 3192 2582 σου
3208 2528 3571 2599 pud):pr
3580 2530 3743 2597 ἕξεις

2157 2629 2256 2683 διὰ
2294 2629 2365 2683 τὰ
2390 2628 2533 2699 ἔργα
2581 2646 2718 2693 σου,
2747 2630 2883 2683 ἀντὶ
2920 2628 2988 2681 δὲ
3009 2628 3115 2683 τοῦ
3152 2628 3402 2698 χιτῶνος
3427 2630 3533 2684 τοῦ
3554 2646 3743 2700 μεσσ-

2157 2714 2465 2795 πορφύρου
2498 2725 2787 2795 περιζώσῃ
2819 2726 3080 2780 σάκκον·
3104 2726 3280 2780 ταῦτά
3308 2744 3391 2780 σοι
3425 2727 3545 2781 ἀντὶ
3582 2728 3747 2785 καλλ-

2156 2821 2430 2893 ωπισμοῦ.
2490 2818 2643 2885 Εἶδες
2692 2822 2860 2893 ὀργὴν
2905 2824 3145 2893 ἀφατον;
3203 2818 3343 2887 εἶδες
3380 2823 3600 2877 κόλασιν
3639 2826 3743 2879 καὶ

2156 2919 2429 2990 τιμωρίαν
2461 2918 2854 2990 σφοδροτάτην;
2893 2915 3031 2983 εἶδες
3069 2919 3442 2991 αἰχμαλωσίαν
3483 2921 3745 2975 ἐπιτετα-

2160 3015 2362 3088 μένην;
2402 3016 2495 3069 Ἐκ
2529 3015 2718 3069 τούτου
2755 3026 2777 3054 ο
2824 3015 3085 3086 στοχάζου
3127 3014 3221 3068 τοῦ
3254 3016 3648 3086 ἁμαρτήματος
3674 3015 3744 3069 τὸ

2159 3109 2406 3182 μέγεθος.
2440 3111 2516 3163 Οὑ
2551 3111 2660 3182 7&9
2693 3110 2759 3164 ἂν
2782 3110 3151 3182 σφοδροτάτην
3182 3108 3353 3173 οὑτως
3379 3111 3627 3180 ἐπήγαγε
3651 3128 3739 3167 τι-

2108 3200 2111 3207 “
2159 3207 2371 3278 μωρίαν
2398 3209 2427 3260 ὁ
2467 3207 2847 3278 φιλάνθρωπός
2903 3224 3055 3272 ποτε,
3088 3208 3162 3278 μὴ
3201 3207 3299 3277 τῆς
3327 3207 3601 3279 ἁμαρτίας
3632 3208 3740 3279 τῆς

2156 3305 2545 3377 ἐπισπωμένης
2599 3303 2769 3375 αὐτὴν
2814 3303 2949 3357 πολὺ
2985 3303 3228 3374 μείζονος
3255 3303 3441 3374 οὔσης.
3487 3305 3549 3357 Εἰ
3578 3304 3637 3358 δὲ
3671 3304 3741 3359 τὸ

2157 3402 2466 3475 ἁμάρτημα
2490 3402 2653 3473 μέγα,
2683 3400 2905 3471 εὔδηλον
2931 3401 3015 3454 ὅτι
3039 3401 3134 3454 καὶ
3169 3401 3232 3453 τὸ
3281 3400 3610 3473 κατόρθωμα
3638 3401 3745 3471 μέ·-

2156 3516 2361 3568 γιστον,
2389 3498 2451 3553 τὸ
2477 3499 2807 3562 ἀπεναντίας
2862 3497 3091 3568 ἐστηκὸς
3118 3497 3311 3569 τούτῳ.
3346 3497 3448 3551 Διά
3464 3515 3546 3550 τοι
3576 3497 3746 3553 τοῦτο

2156 3597 2252 3655 καὶ
2281 3595 2561 3666 βιωτικαῖς
2594 3594 2808 3664 γυναιξῖ¹
2828 3594 3207 3663 διαλεγόμενος
3233 3594 3261 3645 ὁ
3294 3592 3525 3658 Παῦλος,
3549 3593 3611 3645 οὑ
3641 3593 3745 3663 μό-

2154 3708 2245 3747 νον
2275 3691 2370 3746 τοῦ
2413 3696 2773 3764 χρυσοφορεῖν
2800 3692 2971 3754 αὑτάς
2994 3691 3217 3760 ἀπάγει,
3247 3690 3361 3744 ἀλλ’
3389 3690 3511 3744 οὑδέ
3546 3692 3744 3761 ἱμάτια

2155 3789 2422 3861 πολυτελῆ
2459 3789 2799 3862 περικεῖσθαι
2822 3788 3066 3860 ἀφίησιν.
3090 3782 3210 3841 Οἷδε
3231 3788 3358 3859 γὰρ,
3389 3782 3499 3841 οἵδε
3524 3786 3738 3856 σαφῶς,

2153 3887 2235 3942 ὅτι
2267 3887 2502 3959 χαλεπὸν
2546 3886 2705 3941 τοῦτο
2749 3886 2930 3957 ψυχῆς
2956 3886 3193 3957 νόσημα,
3246 3885 3341 3939 καὶ⁵
3383 3885 3743 3952 δυσκαταγώ-

2154 4001 2355 4053 νιστον,
2380 3984 2471 4039 καὶ
2498 3982 2723 4054 γνώμης
2748 3980 3148 4054 διεφθαρμένης
3176 3980 3373 4052 δεῖγμα
3395 3980 3546 4053 [542]
3575 3982 3740 4053 μέγι-

2155 4082 2281 4137 στόν
2314 4084 2453 4146 ἐστι,
2488 4082 2584 4137 καὶ
2620 4082 2822 4152 σφόδρα
2873 4081 3162 4150 φιλοσόφου
3192 4079 3442 4150 δεόμενον
3469 4079 3697 4151 γνώμης
3717 4096 3734 4111 σ

2154 4177 2248 4234 καὶ
2298 4178 2547 4250 δηλοῦσιν
2590 4180 2689 4251 οὑχ
2742 4180 2798 4232 αἱ
2847 4177 3097 4249 βιωτικαὶ
3133 4177 3387 4245 γυναῖκες
3418 4176 3594 4245 μόνον,
3637 4177 3736 4230 καὶ

2153 4274 2409 4346 ἀνδράσιν
2430 4275 2780 4347 ὀμιλήσασαι,
2800 4267 2877 4327 ὧν
2908 4272 3130 4343 οὐδεμία
3150 4270 3345 4345 ῥᾳδίως
3366 4271 3574 4343 ταύτης
3606 4272 3736 4342 ἠνέ-

2155 4394 2311 4449 σχετο
2331 4376 2428 4448 τῆς
2442 4376 2831 4447 παραινέσεως,
2859 4374 2995 4428 ἀλλά
3021 4374 3114 4427 καὶ
3132 4375 3187 4427 αἱ
3215 4372 3521 4442 φιλοσοφεῖν
3552 4373 3739 4428 δοκοῦ·

2154 4490 2265 4538 σαι,
2288 4474 2383 4526 καὶ
2402 4472 2483 4536 είς
2509 4472 2599 4525 τὸν
2614 4474 2713 4543 τῆς
2726 4488 2804 4526 πα
2817 4470 3034 4542 ρθενίας
3061 4468 3236 4523 τελεῖν
3252 4469 3409 4541 χορὸν
3445 4468 3732 4540 λαχοῦσαι.

2152 4569 2352 4624 Πολλαὶ
2377 4568 2488 4639 γὰρ
2530 4566 2736 4621 τούτων
2784 4566 2921 4638 πρὸς
2958 4565 3249 4639 τυραννίδα
3284 4563 3499 4635 φύσεως
3530 4567 3735 4621 ἀποδυ-

2152 4665 2405 4734 σάμεναι,
2434 4663 2530 4717 καὶ
2551 4661 2811 4734 καθαρῶς
2836 4662 2926 4717 τὸν
2956 4663 3055 4733 τῆς
3079 4660 3378 4734 παρθενίας
3415 4661 3731 4717 διανύουσαι

2148 4761 2365 4834 δρόμον,
2417 4764 2511 4818 καὶ
2539 4760 2837 4831 ἀγγελικὴν
2873 4762 2931 4814 ἐν
2972 4760 3147 4832 τούτῳ
3201 4759 3533 4831 μιμούμεναι
3573 4760 3727 4814 πολι-

2149 4858 2321 4924 τείαν,
2349 4858 2441 4913 καὶ
2474 4858 2533 4913 ἐν
2562 4856 2741 4929 θνητῷ
2770 4856 2981 4928 σώματι
3016 4856 3085 4910 τὰ
3106 4856 3206 4929 τῆς
3230 4856 3581 4918 ἀναστάσεως
3609 4860 3729 4911 ἐπι-

2149 4958 2494 5031 δεικνύμεναι
2508 4956 2769 5030 προοίμια
2785 4956 2803 5024 (
2817 4954 3026 5026 Ἐνγάρ
3044 4952 3123 5024 τῷ
3137 4951 3517 5023 αίῶνιέκείνῳ,
3536 4956 3722 5024 φησὶν,

2147 5058 2286 5111 οὔτε
2343 5054 2658 5127 γαμοῦσιν,
2699 5052 2838 5108 οὔτε
2886 5049 3407 5121 έκταμίσκονται),
3456 5050 3550 5102 καὶ
3590 5049 3723 5120 πρὸς

2145 5155 2246 5217 τάς
2283 5153 2608 5223 ἀσωμάτους
2664 5150 2919 5221 δυνάμεις
2957 5147 3179 5218 θέμεναι
3219 5145 3317 5218 τὴν
3346 5146 3600 5218 ἅμιλλαν,
3631 5146 3723 5200 καὶ

2148 5250 2286 5320 πρὸς
2301 5249 2396 5318 τὴν
2413 5248 2720 5320 ἀφθαρσίαν
2743 5250 2800 5301 ἐν
2814 5244 3039 5319 φθαρτῷ
3065 5246 3278 5317 σώματι
3298 5245 3717 5315 φιλονεικοῦσαι.

2148 5346 2243 5400 καὶ
2293 5346 2323 5399 ὃ
2370 5345 2584 5410 πολλοῖς
2614 5344 2732 5399 οὑδέ
2757 5344 2989 5400 ἀκοῦσαι
3012 5345 3264 5415 φορητὸν,
3298 5342 3388 5397 διά
3408 5342 3516 5397 τῶν
3543 5342 3719 5414 ἔργων
3786 5336 3795 5343 ’

2146 5441 2529 5514 κατορθοῦσαι,
2585 5442 2679 5496 καὶ
2711 5441 2960 5512 καθάπερ
2996 5440 3273 5495 λυττῶντα
3299 5439 3436 5494 κύνα
3478 5440 3574 5493 καὶ
3599 5456 3719 5491 συν-

2144 5538 2284 5610 εχῶς
2313 5537 2679 5609 ἐπιπηδῶντα,
2719 5538 2817 5609 τὴν
2838 5538 3134 5610 ἐπιθυμίαν
3160 5538 3599 5612 διακρουόμεναι,
3627 5536 3717 5590 καὶ

2148 5634 2479 5708 μαινομένην
2514 5635 2785 5691 θάλασσαν
2806 5637 3283 5707 καταστέλλουσαι,
3309 5638 3403 5692 καὶ
3421 5639 3481 5691 ἐν
3507 5635 3715 5710 ἀγρίως

2212 5796 2235 5825 ⁸
2251 5792 2362 5844 Duo
2394 5792 2448 5842 ix
2470 5791 2638 5841 τούτου
2669 5790 2765 5841 οὖν.
