4030 6206
355 290 451 345 581

355 413 467 456 tein
489 439 507 466 ,
535 398 662 469 quid
695 399 908 464 vineas,
953 397 1064 468 jam
1097 412 1200 452 non
1246 396 1408 453 habes
1443 414 1455 450 :
1491 404 1636 450 tanto
1664 395 1805 450 enim
1839 395 1942 448 im-

357 505 481 562 prin
504 493 760 547 adversus
776 507 992 548 carnem
1020 491 1131 561 jam
1161 491 1284 546 imle
1312 491 1381 543 ab
1409 489 1560 544 initio
1590 487 1858 558 irrupisti,
1888 495 1947 542 ut

354 588 522 656 ipsius
565 586 884 656 cupiditates
909 586 1229 640 exstinxeris
1257 602 1271 638 :
1302 599 1407 638 non
1437 583 1578 638 cnim
1609 597 1803 653 equum
1835 580 1944 634 fre-

354 680 525 742 nasti,
559 679 653 734 sed
684 679 842 749 plane
884 677 1280 742 constrinxisti,
1307 686 1469 746 atque
1511 674 1660 730 humi
1709 683 1947 744 prostra-

352 771 474 824 visti
496 813 512 834 ,
546 772 934 840 immotmuque
958 769 1254 824 reddidisti.
1283 769 1360 823 Ac
1380 777 1488 821 tum
1518 765 1732 837 quidem
1754 777 1946 819 omnes

349 863 695 917 contiucutire
736 876 989 916 numeros
1012 861 1290 930 explevisti
1319 877 1333 914 :
1367 873 1507 913 nunc
1533 868 1709 912 autem
1741 856 1791 910 id
1831 855 1942 925 jam

349 964 680 1022 coasequuta
709 969 768 1007 es
787 996 804 1019 ,
842 963 894 1007 ut
926 954 1069 1007 omni
1101 953 1499 1024 perturbatione
1525 966 1732 1005 careas.
1760 947 1942 1018 Neque

349 1047 495 1100 enim
555 1046 823 1116 negotium
870 1045 965 1100 tibi
1029 1044 1242 1101 facessit
1286 1044 1593 1100 deliciarum
1645 1042 1941 1112 cupiditas,

349 1155 526 1209 neque
557 1149 614 1192 ut
637 1155 752 1194 eam
782 1154 1033 1208 superes,
1065 1138 1276 1192 laboras
1306 1153 1322 1192 :
1373 1152 1556 1192 verum
1587 1151 1647 1191 ea
1678 1134 1842 1190 semel
1875 1133 1942 1188 de

350 1230 530 1283 medio
556 1230 760 1284 sublata
782 1270 797 1294 ,
839 1233 1094 1298 omnique
1140 1229 1238 1298 ipsi
1287 1227 1351 1281 ad
1378 1243 1593 1282 carnem
1623 1236 1763 1280 tuam
1793 1225 1940 1279 aditu

350 1321 642 1388 pnccluso,
671 1330 909 1374 ventrem
959 1329 1162 1374 tantum
1203 1320 1306 1375 cibi
1336 1335 1398 1374 ac
1428 1328 1583 1388 potus
1619 1332 1810 1386 capere
1837 1317 1940 1371 do-

346 1413 503 1468 cuisti
523 1453 538 1474 ,
569 1422 822 1482 quantum
866 1427 1086 1467 necesse
1110 1422 1222 1478 est,
1251 1427 1318 1465 ne
1350 1411 1576 1465 intereas
1598 1451 1612 1476 ,
1641 1424 1705 1464 ac
1727 1422 1938 1479 paruam

345 1503 486 1558 luas.
527 1505 610 1558 0b
653 1519 877 1573 eamque
906 1519 1120 1557 causam
1153 1501 1574 1571 noujejunium,
1619 1515 1723 1553 non
1762 1498 1939 1552 conti-

347 1595 584 1650 nentiam
615 1595 665 1648 id
696 1609 856 1658 voco,
901 1594 995 1648 sed
1023 1593 1166 1647 aliud
1214 1593 1462 1663 quiddam
1509 1591 1610 1646 hoc
1637 1590 1937 1645 sublimius.

344 1690 521 1758 Atque
549 1689 651 1741 hoc
682 1688 732 1741 in
779 1688 946 1743 sacris
987 1701 1202 1757 quoque
1250 1686 1350 1740 tuis
1392 1685 1586 1756 vigiliis
1633 1684 1937 1754 perspicere

345 1779 468 1833 licet
498 1797 511 1833 :
545 1795 666 1832 nam
699 1777 998 1834 dormiendi
1046 1777 1308 1848 cupiditas
1359 1791 1462 1830 una
1501 1790 1623 1830 cum
1660 1775 1937 1844 superiore

346 1872 436 1924 illa
462 1871 724 1925 exstincta
769 1879 852 1926 est
881 1888 895 1926 :
926 1869 1048 1925 cibo
1091 1870 1286 1939 quippe
1311 1883 1532 1924 somnus
1573 1868 1753 1923 alitur.
1797 1867 1934 1936 Quin

345 1963 483 2015 hanc
509 1977 724 2032 quoque
753 1962 854 2015 alia
899 1962 1106 2018 ratione
1133 1962 1442 2031 oppressisti
1464 2003 1479 2027 ,
1507 1961 1633 2015 dum
1673 1960 1740 2014 ab
1784 1958 1936 2014 initio

346 2061 550 2106 natura:
579 2055 739 2107 etiam
781 2055 887 2107 vim
928 2053 1186 2118 intulisti,
1234 2053 1574 2124 iutegrasque
1626 2061 1808 2107 noctes
1848 2050 1934 2104 itt-

339 2160 558 2202 smunes
573 2145 792 2208 duxisti,
808 2161 870 2201 ac
890 2146 1118 2215 denique
1135 2146 1347 2201 assidua
1369 2146 1753 2202 consuetudine
1768 2146 1820 2199 in
1837 2159 1926 2198 na-

344 2246 516 2290 turam
546 2237 648 2292 hoc
675 2237 1007 2291 convertisti.
1031 2236 1254 2292 Utenim
1285 2237 1399 2291 aliis
1432 2235 1667 2290 dormire
1695 2235 1934 2290 naturale
1959 2241 1964 2248 '

340 2339 446 2392 est,
467 2329 656 2385 eodem
676 2330 834 2384 modo
849 2330 940 2384 tibi
964 2330 1202 2399 vigilare.
1223 2333 1394 2398 Atque
1417 2330 1530 2384 haec
1551 2329 1764 2401 quidem
1780 2329 1930 2383 miri-

343 2422 443 2475 fica
461 2432 513 2475 et
529 2422 762 2490 stuporis
779 2423 934 2490 plena
952 2421 1307 2488 sunt,etiamsi
1323 2437 1420 2492 per
1434 2437 1491 2476 se
1507 2420 1929 2476 considerentur.

338 2513 494 2580 Quod
511 2515 553 2567 si
569 2515 686 2583 quis
703 2524 913 2584 tempus
933 2516 1093 2569 etiam
1112 2514 1393 2584 expendat,
1416 2514 1750 2567 immaturam
1778 2527 1932 2566 nem-

342 2620 432 2674 pe.
453 2608 502 2657 in
521 2621 622 2674 qua
651 2605 762 2659 lnec
784 2608 1093 2676 priestabas,
1113 2616 1344 2671 :etatem,
1364 2615 1416 2660 et
1445 2605 1815 2674 magistrorum
1835 2617 1931 2674 pe-

342 2698 578 2757 nuriam,
608 2707 662 2750 et
688 2713 871 2752 eorum
899 2697 988 2768 qui
1018 2699 1336 2754 oliendiculo
1364 2697 1452 2752 tibi
1487 2697 1931 2766 erant,frequen-

339 2791 494 2854 tiam,
512 2801 565 2844 et
581 2791 720 2862 quod
739 2792 792 2844 in
809 2808 868 2844 ea
890 2793 1086 2859 anima,
1105 2808 1222 2862 qua:
1239 2809 1302 2847 ex
1322 2793 1479 2862 impia
1497 2791 1656 2846 domo
1669 2791 1732 2844 ad
1746 2791 1934 2845 verita-

337 2889 446 2933 tem
469 2898 607 2936 nunc
636 2881 1020 2952 transfugerat,
1053 2893 1105 2938 et
1133 2884 1273 2954 quod
1313 2885 1363 2938 in
1391 2899 1617 2953 corpore
1647 2882 1888 2936 muliebri
1913 2921 1926 2943 ,

335 2985 501 3044 atque
529 2975 724 3045 alioqui
755 2986 967 3048 propter
988 2977 1246 3047 majorum
1292 2977 1630 3046 Splendorem
1662 2991 1724 3030 ac
1749 2975 1928 3029 luxum

338 3066 575 3121 molliet
617 3067 878 3134 delicato,
929 3079 1126 3139 quanta
1181 3069 1228 3123 ei
1259 3079 1448 3124 euncta
1499 3070 1612 3122 haec
1662 3067 1929 3138 sigillatim

337 3159 705 3214 consideranti
759 3161 1136 3216 miraculorum
1181 3162 1346 3216 maria
1393 3175 1451 3216 se
1480 3161 1929 3228 aperient?Quo-

334 3253 480 3306 circa
509 3269 576 3305 ne
618 3253 844 3306 alim-um
888 3253 1102 3322 quidem
1135 3253 1457 3307 mentianm
1501 3253 1733 3306 facturus
1771 3265 1926 3316 sum,

336 3345 444 3398 hoc
463 3351 574 3408 est,
606 3342 951 3411 humilitatis,
983 3346 1250 3411 Caritatis,
1291 3360 1354 3400 ac
1374 3353 1691 3399 caeterarum
1732 3354 1930 3397 sanctae

337 3435 537 3491 anima:
564 3445 668 3491 tua:
705 3439 979 3492 virtutum.
1013 3439 1281 3510 Siquidem
1313 3438 1438 3492 dum
1467 3437 1581 3492 [nec
1605 3436 1857 3492 recordor
1876 3443 1932 3492 et

333 3543 741 3595 commemoro,
771 3541 1054 3586 sexcentos
1099 3531 1225 3585 mihi
1258 3545 1469 3585 rursum
1507 3529 1682 3584 fontes
1721 3528 1931 3584 animus

335 3623 597 3692 protulit,
629 3638 694 3677 ac
719 3639 802 3677 me
824 3624 1011 3678 harum
1029 3625 1211 3690 etiam,
1237 3633 1290 3678 ut
1322 3633 1375 3678 et
1402 3623 1594 3693 prioris
1613 3664 1627 3686 ,
1656 3620 1929 3691 sigillatim

335 3717 531 3771 saltem
555 3732 752 3785 genera
788 3717 899 3787 ipsa
925 3758 939 3782 ,
967 3717 1051 3772 vel
1077 3719 1251 3786 potius
1286 3725 1595 3786 argumenta
1617 3715 1927 3782 dumtaxat,

334 3811 543 3866 referre
585 3811 765 3881 cogit:
800 3827 921 3865 nam
955 3809 1082 3866 illud
1118 3811 1377 3864 infinitam
1408 3810 1702 3865 orationem
1753 3807 1932 3878 requi-

335 3913 504 3958 reret.
536 3903 734 3957 Verum
763 3920 829 3959 ne
858 3904 924 3958 ah
950 3920 1012 3960 ea
1038 3946 1053 3972 ,
1085 3920 1244 3975 quam
1292 3904 1510 3974 exsequi
1539 3902 1740 3957 iustittti
1762 3943 1777 3968 ,
1811 3916 1929 3955 ma-

339 3997 473 4049 teria
494 3996 738 4050 excidam
765 4037 781 4063 ,
809 3996 860 4050 in
889 3996 1206 4050 immensum
1249 3995 1464 4065 pelagus
1492 3993 1814 4064 przecipitem
1845 4006 1931 4046 me

337 4089 536 4143 auferri
584 4089 722 4144 haud
765 4091 957 4161 patiar.
986 4089 1116 4144 Nam
1146 4089 1374 4158 alioqui,
1405 4088 1502 4142 nisi
1535 4087 1584 4141 id
1625 4102 1767 4140 nunc
1799 4084 1928 4140 mihi

338 4182 673 4250 propositum
720 4191 900 4248 esset,
949 4193 1006 4236 ut
1037 4181 1344 4236 muastitiam
1373 4189 1515 4234 tuam
1564 4179 1818 4234 radicitus
1863 4194 1930 4233 ex

337 4276 521 4329 animo
562 4285 651 4329 tuo
689 4276 973 4332 evellerem
997 4317 1011 4340 ,
1050 4274 1238 4329 lubens
1267 4275 1316 4328 in
1351 4274 1449 4328 hac
1478 4273 1719 4327 oratione
1746 4286 1927 4326 versa-

338 4383 449 4431 rer,
490 4376 649 4436 atque
676 4368 993 4422 immensum
1027 4367 1274 4437 pelagus,
1317 4367 1398 4420 vel
1448 4366 1703 4420 immensa
1755 4363 1929 4432 potius

341 4459 507 4511 maria
551 4459 901 4529 navigarem:
945 4460 1264 4528 multiplices
1304 4458 1552 4511 nimirum
1601 4457 1929 4526 singularum

339 4549 595 4604 virtutum
630 4561 836 4604 tuarum
888 4552 1003 4603 vias
1040 4550 1257 4616 obiens,
1287 4565 1510 4619 quarum
1560 4549 1781 4620 singulae
1830 4565 1930 4603 no-

343 4660 464 4698 vum
489 4662 697 4700 rursum
732 4647 949 4718 pelagus
987 4656 1332 4717 procrearent
1355 4688 1370 4713 ,
1422 4647 1536 4702 sive
1579 4646 1646 4702 de
1678 4644 1931 4717 patientia

345 4737 471 4790 mihi
503 4753 682 4792 sermo
710 4749 891 4804 esset,
925 4739 1039 4794 sive
1076 4737 1144 4794 de
1186 4739 1484 4794 humilitate
1506 4780 1521 4805 ,
1555 4739 1668 4794 sive
1711 4738 1778 4793 de
1809 4754 1931 4794 om-

346 4829 426 4882 nis
468 4831 680 4899 generis
724 4829 1066 4902 eleemosyna
1085 4871 1098 4892 ,
1127 4830 1204 4884 ad.
1227 4830 1369 4902 ipsos
1399 4846 1567 4901 usque
1591 4831 1736 4886 orbis
1765 4841 1932 4886 terra-

346 4933 458 4972 rum
488 4921 619 4974 lines
646 4920 835 4975 diffusa
857 4963 870 4985 ,
903 4921 1016 4976 sive
1054 4921 1121 4976 de
1157 4923 1381 4976 caritate
1403 4964 1416 4986 ,
1451 4937 1569 4992 qua:
1619 4922 1929 4977 innumeras

349 5007 585 5065 fornaces
609 5010 801 5066 ardore
821 5021 1057 5080 supcrat,
1088 5013 1200 5066 sive
1230 5012 1296 5066 de
1323 5011 1526 5066 infinita
1551 5021 1710 5082 atque
1732 5013 1929 5084 ingenti

347 5101 524 5170 lepore
555 5103 762 5172 perfusa
793 5115 1100 5174 naturchue
1142 5105 1356 5159 modum
1383 5105 1674 5163 excedente
1703 5107 1931 5176 pruden-

345 5195 436 5246 tia.
467 5195 695 5262 Quinam
725 5207 899 5250 autem
928 5196 1050 5251 hinc
1080 5196 1283 5252 fructus
1308 5199 1410 5253 orti
1439 5200 1576 5265 sint,
1596 5201 1638 5255 si
1668 5201 1786 5270 quis
1809 5216 1932 5254 nar-

345 5302 461 5342 rare
481 5289 749 5354 instituat,
780 5291 995 5360 perinde
1028 5292 1220 5358 faciet,
1249 5300 1308 5345 ut
1327 5293 1370 5346 si
1401 5294 1520 5362 quis
1549 5295 1710 5347 maris
1739 5294 1930 5347 uctus

345 5396 624 5437 numerare
649 5384 1004 5453 aggrediatur.

414 5478 468 5528 6.
504 5472 580 5528 De
608 5477 782 5528 restim
813 5477 901 5530 rili
937 5492 999 5530 ac
1037 5476 1262 5546 neglecto
1310 5476 1649 5549 Olympiadis.
1779 5480 1927 5546 Quo-

347 5565 479 5618 circa
511 5567 826 5624 vastissimis
873 5568 954 5623 his
998 5569 1234 5625 maribus
1261 5572 1572 5640 praeteritis,
1607 5571 1814 5626 leonem
1863 5572 1930 5627 ab

351 5672 395 5707 tn
419 5673 521 5726 gue
557 5659 925 5714 demonstrare
955 5662 1226 5715 conabor:
1259 5678 1423 5732 pauca
1473 5662 1720 5717 nimirum
1749 5662 1817 5718 de
1849 5681 1929 5718 ve-

351 5741 468 5795 stitu
499 5751 587 5797 tuo
628 5753 782 5812 atque
813 5745 1155 5808 indumentis.
1183 5748 1372 5819 quibus
1412 5763 1607 5820 corpus
1641 5760 1786 5805 tuum
1829 5764 1924 5804 nc-

1809 281 2164 339 EPISTOLJ".

3468 302 3642 360 .532

2051 397 2266 466 glectim
2292 401 2542 458 amictum
2572 413 2687 468 est,
2711 405 2870 462 verba
2901 405 3115 464 faciens.
3135 410 3468 482 Quamquam
3494 415 3634 470 enim

2057 489 2172 546 hare
2215 490 2383 548 virtus
2428 496 2545 551 aliis
2574 497 2764 552 cedere
2795 498 3023 566 videtur,
3065 511 3241 557 tamen
3277 506 3322 558 si
3369 505 3487 575 quis
3517 520 3634 560 eam

2051 595 2299 642 accurate
2330 584 2696 658 'perpcnderit,
2725 593 3008 648 admodum
3062 596 3329 666 ingentem
3362 614 3478 652 eam
3519 615 3640 654 esse

2050 679 2314 748 reperiet,
2357 689 2516 752 atque
2544 684 2842 752 ejusmodi,
2889 703 3008 756 qure
3045 687 3288 757 sapiente
3327 689 3539 756 animo,
3574 708 3639 746 ac

2050 767 2283 825 humana
2321 783 2638 842 superante,
2669 783 2725 830 et
2767 778 2832 831 ad
2875 778 3044 846 ipsum
3078 794 3243 849 usque
3280 780 3466 835 caelum
3501 781 3635 836 voli-

2049 868 2194 915 tante
2214 876 2348 930 opus
2390 863 2601 918 habeat.
2644 867 2722 918 Ac
2765 879 3044 936 propterea
3087 871 3272 923 nonin
3301 869 3450 925 Novo
3477 872 3629 925 dum-

2050 961 2228 1019 taxat,
2253 954 2344 1010 sed
2366 956 2524 1010 etiam
2555 957 2608 1012 in
2641 956 2818 1013 Veteri
2846 959 3186 1015 Testamento
3205 1003 3220 1026 ,
3251 977 3368 1016 cum
3393 978 3486 1033 per
3514 980 3632 1016 lltlt-

2047 1043 2198 1098 bram
2245 1061 2308 1100 ac
2360 1045 2578 1116 figuram
2630 1049 2768 1104 Deus
2814 1050 3083 1105 hominum
3117 1067 3317 1122 genus,
3367 1063 3526 1124 atque
3570 1071 3630 1108 ea

2046 1151 2166 1206 qua:
2194 1138 2259 1191 ad
2294 1138 2507 1194 vivendi
2540 1142 2799 1196 rationem
2842 1143 3208 1211 pertinebant,
3238 1146 3470 1199 crassius
3497 1162 3628 1215 quo.

2046 1226 2334 1284 dammodo
2363 1231 2757 1298 moderabatur,
2789 1234 3012 1288 necdum
3042 1234 3108 1288 de
3133 1235 3432 1290 czelestibus
3468 1238 3627 1291 rebus

2044 1319 2296 1381 verbum,
2330 1337 2429 1376 nec
2457 1321 2525 1377 de
2556 1321 2743 1378 futuris
2774 1325 2876 1379 ulla
2908 1326 3108 1382 mentio
3136 1335 3283 1392 erat,
3325 1343 3425 1381 nec
3453 1329 3627 1397 philo-

2044 1410 2246 1480 80phiae
2289 1411 2445 1481 hujus
2469 1429 2587 1484 quae
2619 1430 2759 1469 nunc
2796 1417 2935 1486 viget
2963 1417 3067 1471 ulla
3093 1417 3177 1471 vel
3208 1417 3432 1472 obscura
3458 1419 3625 1488 signi-

2044 1501 2254 1569 ficatio,
2288 1519 2468 1558 verum
2510 1506 2784 1576 pinguiore
2813 1507 3042 1577 quodam
3081 1518 3134 1563 et
3165 1509 3426 1564 crassiore
3465 1510 3626 1566 modo

2044 1593 2187 1663 leges
2210 1595 2447 1650 llcbrzcis
2476 1597 2866 1664 scribebantur,
2898 1598 3239 1667 elegantioris
3265 1600 3485 1654 vestitus
3505 1610 3624 1656 stu-

2043 1683 2187 1738 dium
2215 1685 2682 1741 vehementissime
2713 1688 3065 1758 interdicens,
3091 1705 3187 1760 per
3207 1691 3518 1761 prophetam
3547 1694 3626 1747 sic

2041 1775 2156 1829 ait:
2190 1775 2317 1830 Ha'c
2345 1778 2466 1831 dicit
2510 1778 2760 1834 Dominus
2803 1780 3043 1835 adversus
3082 1782 3438 1838 dominatrices
3488 1785 3626 1854 lias

2043 1867 2171 1921 Sion
2205 1883 2226 1922 :
2267 1868 2372 1922 Pro
2399 1886 2455 1923 eo
2481 1872 2616 1940 quod
2637 1873 2839 1925 elevata:
2865 1881 2983 1926 snnt
3001 1874 3126 1940 lia:
3149 1891 3319 1928 eorum
3341 1917 3355 1940 ,
3385 1885 3430 1929 et
3445 1877 3625 1930 ambit-

2041 1956 2267 2013 laverunt
2289 1971 2488 2015 extento
2515 1963 2646 2016 collo
2667 2005 2682 2030 ,
2713 1973 2760 2016 et
2785 1963 2986 2017 nutibus
3006 1967 3266 2019 oculorum
3287 1978 3334 2020 et
3353 1985 3624 2038 progressu

2038 2050 2221 2121 pedum
2242 2052 2436 2105 tunicas
2456 2052 2739 2118 trahebant,
2763 2065 2810 2107 et
2836 2055 3042 2124 pedibus
3070 2057 3173 2108 suis
3189 2057 3340 2110 simul
3360 2057 3626 2121 ludebant;

2038 2149 2086 2194 et
2115 2141 2395 2195 bumitiabit
2435 2143 2682 2199 Dominus
2721 2145 3073 2201 dontinatrices
3097 2148 3233 2216 lias
3273 2148 3432 2214 Sion,
3461 2161 3506 2202 et
3536 2150 3624 2201 de-

2039 2231 2248 2286 nudabit
2276 2234 2502 2288 habitum
2545 2252 2751 2301 eorum,
2795 2246 2842 2290 et
2867 2241 3059 2309 auferet
3099 2239 3314 2309 gloriam
3345 2241 3622 2294 vestimenti

2037 2339 2234 2377 eorum.
2269 2323 2332 2377 Et
2360 2327 2456 2379 erit
2494 2327 2582 2380 tibi
2608 2343 2702 2396 pro
2729 2329 2869 2381 suavi
2895 2328 3050 2382 odore
3073 2329 3267 2400 pulvis,
3297 2340 3343 2382 et
3373 2347 3464 2400 pro
3493 2347 3623 2382 zona

2007 2463 2010 2466 .
2037 2417 2263 2486 funiculo
2284 2419 2499 2490 cingetis
2517 2461 2532 2486 ,
2561 2430 2606 2474 et
2627 2435 2720 2490 pro
2745 2432 3039 2475 ornamento
3063 2423 3243 2494 capitis
3265 2423 3338 2475 tui
3365 2422 3622 2476 calvitium

2037 2513 2238 2568 habebis
2286 2526 2491 2586 propter
2519 2532 2672 2587 opera
2698 2527 2783 2570 tua
2809 2532 2829 2572 :
2857 2527 2906 2570 et
2935 2527 3026 2586 pro
3066 2519 3237 2570 tunica
3265 2517 3474 2572 clavator
3501 2535 3622 2586 pur-

2037 2623 2182 2677 pura:
2206 2623 2354 2662 sacco
2374 2609 2588 2679 cingeris
2634 2608 2788 2680 (Isoi.
2818 2610 2872 2664 5.
2898 2608 3087 2663 lli-l8.
3114 2608 3206 2680 )
3238 2627 3252 2664 :
3281 2609 3395 2662 hare
3423 2609 3512 2662 tibi
3541 2624 3624 2661 or-

2038 2700 2274 2754 namenti
2320 2699 2439 2755 loco
2469 2710 2644 2756 erunt.
2679 2701 2834 2755 Vides
2862 2701 3185 2756 iracundiam
3209 2743 3224 2768 ,
3265 2717 3481 2756 omnem
3508 2716 3625 2756 ser-

2037 2791 2210 2845 monis
2238 2790 2342 2844 vim
2370 2792 2752 2861 superantem?
2794 2791 2943 2847 vides
2983 2791 3384 2847 acerbissimum
3414 2794 3619 2862 suppli-

2034 2882 2174 2936 cium
2220 2891 2273 2936 et
2310 2883 2643 2937 cruciatum?
2682 2883 2830 2939 vides
2865 2883 3181 2939 acerrimam
3227 2885 3624 2954 captivitatem?

2038 2973 2172 3027 lliuc
2215 2973 2415 3043 peccati
2471 2975 2888 3046 magnitudinem
2936 2976 3190 3045 coujicias
3235 2977 3375 3031 licet.
3435 2976 3620 3047 Neque

2035 3067 2178 3119 enim
2201 3066 2459 3136 benignus
2493 3065 2629 3121 Deus
2659 3076 2765 3120 tam
2806 3082 3020 3137 gravem
3051 3078 3104 3122 et
3128 3067 3374 3121 acerbam
3407 3083 3618 3138 paruam

2035 3174 2284 3229 umquam
2313 3158 2618 3226 inflixisset,
2645 3159 2747 3214 nisi
2774 3172 3080 3230 peccatum,
3123 3161 3263 3232 quod
3293 3178 3409 3217 eam
3435 3178 3619 3218 accer-

2034 3261 2216 3317 seret,
2264 3251 2417 3322 longe
2460 3254 2674 3322 gravius
2723 3263 2886 3309 esset.
2927 3253 3079 3321 Quod
3132 3255 3176 3309 si
3227 3271 3474 3326 magnum
3519 3255 3620 3310 hoc

2035 3342 2209 3396 scelus
2232 3351 2344 3410 est,
2393 3343 2560 3398 virtus
2581 3359 2642 3398 ea
2669 3360 2786 3414 quze
2828 3345 2924 3415 ipsi
2957 3346 3244 3416 opponitur
3282 3346 3422 3402 haud
3458 3347 3621 3402 dubie

2034 3433 2285 3487 maxima.
2331 3435 2407 3490 Ac
2433 3435 2652 3504 proinde
2681 3436 2875 3491 Paulus
2903 3453 3145 3508 quoque,
3172 3453 3292 3494 cum
3320 3439 3386 3494 ad
3427 3441 3616 3494 mulie-

2035 3539 2122 3578 res
2146 3541 2270 3587 eas,
2298 3541 2417 3597 qua:
2446 3527 2767 3582 mundanam
2799 3529 2958 3583 vitam
2990 3531 3286 3600 cpmplexaz
3315 3541 3466 3595 sunt,
3500 3547 3622 3584 ora-

2037 3615 2236 3670 tionem
2265 3617 2514 3686 haberet,
2543 3634 2650 3672 non
2680 3619 2841 3675 modo
2868 3622 2935 3676 ab
2967 3637 3100 3675 auro
3125 3621 3381 3691 gestando
3412 3637 3504 3675 eas
3527 3623 3619 3674 ab-

2033 3707 2211 3776 ducit,
2257 3707 2349 3763 sed
2413 3724 2482 3764 ne
2529 3713 2858 3782 sumptuosis
2899 3711 3111 3782 quidem
3158 3712 3392 3766 vestibus
3437 3713 3615 3768 utendi

2035 3811 2349 3871 potestatem
2402 3805 2532 3875 ipsis
2573 3805 2700 3860 facit
2748 3807 2824 3879 (l.
2860 3802 2989 3858 Tim.
3019 3804 3070 3858 2.
3106 3805 3184 3874 9).
3234 3805 3397 3860 Norat
3436 3807 3614 3869 enim,

2034 3895 2312 3964 perspicue
2331 3938 2346 3962 ,
2377 3896 2588 3965 inquam
2607 3937 2621 3961 ,
2650 3905 2838 3961 norat,
2868 3912 3082 3966 gravem
3111 3895 3251 3953 hunc
3277 3913 3340 3952 ac
3371 3899 3616 3967 profliga-

2037 3995 2089 4039 tu
2139 3985 2505 4054 perdifficilem
2553 3986 2713 4040 animi
2757 3987 2997 4040 morbum
3048 4001 3199 4050 esse,
3244 3998 3619 4058 corruptaque

2035 4077 2228 4132 mentis
2249 4078 2642 4147 apertissimum
2674 4079 2933 4144 indicem,
2965 4079 3160 4150 quique
3189 4080 3416 4148 sapienti
3440 4081 3621 4134 animo

2035 4184 2172 4240 opus
2203 4170 2457 4225 haberet:
2492 4170 2541 4224 id
2569 4170 2708 4240 quod
2740 4170 2976 4225 indicant
2997 4189 3100 4226 non
3131 4187 3210 4226 ea:
3237 4172 3513 4226 dumtaxat
3540 4173 3618 4224 fe-

2036 4262 2223 4328 minze,
2264 4279 2382 4333 qua:
2409 4278 2690 4318 commune
2730 4263 2849 4317 vita:
2878 4280 3046 4334 genus
3088 4275 3401 4334 sequuntur,
3436 4264 3620 4318 matri-

2036 4353 2322 4423 monioque
2370 4369 2489 4408 cum
2537 4354 2664 4408 viris
2707 4355 2971 4424 copulatae
3025 4363 3178 4418 sunt,
3207 4369 3428 4423 quarum
3476 4354 3617 4407 nulla

2037 4445 2160 4500 huic
2201 4445 2427 4500 consilio
2471 4445 2627 4500 facile
2668 4446 2873 4517 paruit,
2921 4459 3104 4498 verum
3154 4445 3314 4499 etiam
3353 4459 3454 4508 eze,
3500 4459 3620 4513 qme

2037 4542 2387 4613 philosophim
2406 4543 2641 4610 speciem
2665 4557 2773 4611 pra!
2799 4556 2858 4593 se
2886 4539 3079 4603 ferunt,
3107 4550 3266 4608 atque
3292 4537 3617 4604 iuvirgiuum

2036 4636 2259 4692 chorum
2279 4634 2560 4704 adscriptae
2587 4643 2728 4689 sunt.
2762 4635 3043 4688 Permulta:
3072 4633 3213 4687 enim
3236 4647 3296 4686 ex
3319 4631 3468 4702 ipsis,
3497 4646 3618 4685 cum

2035 4726 2099 4780 ad
2128 4729 2232 4780 vim
2263 4735 2467 4780 natura:
2508 4725 2834 4780 inferendam
2883 4742 2941 4779 se
2983 4725 3340 4785 accinxerint,
3391 4738 3620 4791 cumque

2035 4820 2348 4892 virginitatis
2369 4821 2689 4874 curriculum
2719 4819 2833 4873 sine
2865 4818 2964 4872 ulla
2995 4818 3110 4872 labe
3131 4818 3432 4881 conficiant,
3459 4829 3620 4886 atque

2034 4915 2324 4983 angelicam
2368 4914 2418 4967 in
2461 4913 2560 4968 hac
2589 4929 2648 4968 re
2677 4912 2797 4965 vita:
2828 4912 3086 4967 rationem
3132 4911 3423 4976 imitentur,
3470 4920 3524 4967 et
3567 4911 3620 4966 itt

2038 5008 2246 5060 mortali
2271 5021 2496 5076 corpore
2525 5004 2933 5060 resurrectionis
2960 5005 3210 5074 pr;eludia
3232 5005 3512 5061 ostendant
3543 5005 3618 5074 (in

2036 5100 2124 5153 illo
2147 5099 2286 5154 enim
2328 5099 2556 5162 sarculo,
2603 5097 2774 5167 inquit
2801 5096 3075 5163 Christus,
3121 5095 3232 5151 Nec
3254 5099 3475 5163 nubent,
3528 5112 3619 5149 nec

2035 5192 2281 5247 nubentur
2309 5191 2457 5266 [Lua
2493 5192 2583 5248 20.
2609 5190 2699 5265 55]
2727 5194 2777 5264 ),
2817 5204 2976 5263 atque
3019 5207 3138 5246 eum
3185 5192 3468 5246 virtutibus
3516 5191 3621 5246 illis

2033 5302 2152 5356 qua:
2179 5301 2402 5356 corpore
2446 5298 2664 5352 vacant,
2693 5297 2964 5340 certamen
2996 5295 3301 5353 susceptum
3348 5284 3615 5349 habeant,

2033 5391 2086 5435 et
2118 5381 2168 5434 iu
2199 5380 2403 5435 mortali
2441 5395 2666 5452 corpore
2694 5396 2813 5434 cum
2855 5379 3060 5433 naturis
3099 5378 3167 5431 ab
3209 5377 3353 5432 omni
3401 5377 3617 5430 interitu

2033 5473 2222 5528 alienis
2247 5472 2599 5537 contendant,
2628 5471 2785 5540 idque
2822 5469 2961 5540 quod
2986 5470 3136 5523 multi
3164 5485 3228 5522 ne
3257 5467 3471 5521 aurith
3495 5467 3617 5534 qui-

2034 5567 2154 5622 dem
2179 5565 2318 5622 ferre
2345 5574 2567 5635 possunt
2591 5607 2605 5632 ,
2630 5566 2802 5634 reipsa
2827 5572 3113 5634 praestent,
3139 5571 3191 5615 et
3214 5559 3482 5614 libidinem
3510 5573 3623 5614 non

2034 5671 2188 5712 secus
2221 5673 2283 5712 ac
2315 5657 2556 5714 rabidum
2599 5671 2822 5721 canem,
2866 5664 3225 5724 perpetuoque
3273 5648 3626 5703 insultantem

2043 5747 2350 5817 propulsant
2373 5790 2386 5815 ,
2411 5759 2462 5801 et
2500 5765 2644 5806 mare
2660 5746 2845 5803 furens
2873 5745 3218 5812 CCltlptitttattl
3239 5778 3258 5807 ,
3278 5748 3328 5791 et
3364 5737 3499 5788 inter
3520 5731 3637 5787 ius.
