4030 6206
478 436 668 477 inanes
695 420 889 478 ﬂuctus
915 422 1193 494 tranquille
1219 424 1465 492 navigem
1482 463 1498 489 ,
1525 430 1581 477 et
1600 420 2060 492 perturbatissimo

480 516 614 571 mari
636 532 703 571 ex
740 517 900 572 animi
949 514 1210 573 sententia
1236 514 1495 579 ferantur,
1525 522 1686 586 atque
1715 515 1768 570 in
1808 512 2062 571 nautralis

479 606 787 673 cupiditatis
828 605 1047 661 fornace
1097 614 1303 665 stantes
1331 604 1470 663 haud
1516 613 1695 662 tamen
1735 604 2059 675 deﬂagrent,

468 712 660 755 verum
688 697 855 753 instar
882 697 977 754 luti
994 698 1261 754 carbones
1281 697 1410 755 istos
1428 697 1654 768 pedibus
1678 706 1945 768 premant,
1962 696 2063 752 hac

472 798 657 846 tamen
678 788 968 859 cupiditate
995 789 1222 860 turpiter
1247 787 1538 846 admodum
1581 803 1645 844 ac
1670 788 1865 847 misere
1890 794 2062 858 captae

472 887 637 947 sunt,
686 895 919 951 curaque
949 895 1016 939 ea
1042 896 1164 952 quae
1210 880 1413 953 majora
1460 889 1615 940 erant
1654 880 2057 954 praestitissent,

482 969 610 1026 huic
637 970 766 1026 vitio
793 972 1209 1028 succubuerunt.

548 1064 602 1120 7.
645 1062 849 1133 Quanta
874 1080 954 1119 res
979 1064 1045 1121 sit
1075 1064 1360 1137 virginitas.
1395 1093 1468 1106 --
1493 1063 1663 1121 Tanta
1690 1064 1832 1120 enim
1861 1078 1951 1120 res
1976 1070 2061 1121 est

473 1155 773 1226 virginitas,
803 1166 1058 1229 tantoque
1088 1156 1269 1213 labore
1297 1156 1531 1228 indiget,
1557 1165 1617 1213 ut
1642 1156 1905 1223 Christus,
1933 1171 2057 1213 cum

466 1263 500 1303 e
531 1247 668 1307 caelo
693 1247 1078 1315 descendisset,
1107 1255 1165 1304 ut
1189 1248 1434 1304 homines
1458 1248 1677 1320 angelos
1703 1247 1963 1314 efﬁceret,
1992 1262 2059 1304 ac

470 1341 744 1400 ca'lestem
773 1343 895 1399 vitae
924 1345 1188 1400 rationem
1220 1340 1306 1397 hic
1333 1350 1575 1409 sereret,
1602 1356 1673 1398 ne
1698 1350 1811 1399 tum
1840 1339 2056 1412 quidem

473 1431 525 1488 id
551 1432 836 1503 imperare,
855 1447 920 1490 ac
942 1432 1059 1505 lege
1083 1433 1185 1488 lata
1208 1432 1554 1503 praescribere
1574 1446 1739 1489 ausus
1756 1432 1848 1499 sit,
1868 1445 2055 1488 verum

466 1524 641 1580 emori
664 1524 881 1596 quidem
902 1539 918 1591 ;
942 1539 1054 1596 quo
1074 1523 1201 1595 quid
1224 1524 1438 1594 gravius
1460 1522 1751 1595 excogitari
1774 1523 1969 1594 queat?
1988 1535 2057 1579 ac

380 1676 389 1683 ,
464 1627 725 1686 perpetua
767 1631 927 1672 cruce
966 1614 1147 1681 afﬁci,
1176 1614 1462 1686 hostesque
1494 1613 1768 1671 beneficiis
1804 1613 2055 1685 prosequi

460 1706 726 1776 jusserit,
754 1706 1105 1781 virginitatem
1130 1715 1306 1761 autem
1337 1705 1555 1763 minime
1580 1705 1897 1776 prazceperit
1918 1745 1939 1773 ,
1964 1719 2055 1761 ve-

469 1814 588 1856 rum
614 1814 735 1857 eam
763 1800 814 1856 in
838 1800 1169 1857 audientium
1199 1799 1419 1855 arbitrio
1441 1813 1505 1855 ac
1529 1799 1800 1854 voluntate
1825 1797 2055 1869 relique-

465 1893 556 1954 rit.
576 1891 662 1947 bis
685 1893 863 1959 verbis
885 1902 1036 1950 utens
1060 1911 1074 1947 :
1100 1894 1200 1960 Qui
1226 1902 1389 1962 potest
1413 1909 1614 1963 capere,
1639 1894 1808 1966 capiat
1830 1891 2048 1965 (Matth.

467 1984 555 2041 19.
588 1984 656 2040 12
676 1984 721 2057 ).
749 1986 956 2042 Etenim
996 2001 1187 2057 magna
1216 1985 1379 2053 hujus
1404 1985 1481 2042 rei
1510 1987 1679 2042 moles
1703 1992 1787 2042 est
1811 2028 1830 2055 ,
1859 2002 2050 2058 magna

463 2077 814 2133 certaminum
855 2077 1044 2133 horum
1070 2077 1356 2135 difﬁcultas
1378 2119 1396 2144 ,
1424 2085 1482 2134 et
1520 2093 1816 2149 pugnarum
1844 2077 2010 2135 sudor
2030 2119 2048 2145 ,

461 2176 622 2236 atque
642 2166 728 2224 hic
743 2168 950 2223 virtutis
970 2168 1119 2224 locus
1134 2167 1419 2223 admodum
1441 2184 1679 2240 praeceps
1698 2183 1764 2223 ac
1783 2168 2048 2226 lubricus:

464 2256 517 2311 id
563 2258 704 2327 quod
740 2258 905 2314 etiam
947 2257 1259 2326 declarant,
1288 2259 1457 2330 quiin
1495 2260 1673 2316 Veteri
1709 2261 2049 2317 Testamento
2083 2313 2093 2324 ,

463 2348 644 2406 multis
684 2350 966 2407 virtutibus
1008 2350 1325 2407 ﬂoruerunt.
1370 2350 1644 2422 Siquidem
1690 2368 1914 2423 magnus
1957 2355 2049 2409 ille

460 2441 674 2509 Moses,
721 2442 1101 2513 prophetarum
1143 2452 1338 2514 caput,
1378 2444 1621 2500 sincerus
1658 2445 1759 2501 Dei
1799 2446 2000 2501 amicus
2026 2486 2045 2515 ,

459 2534 657 2604 quique
694 2541 894 2593 tantam
935 2535 1076 2606 apud
1117 2551 1239 2595 eum
1287 2536 1533 2593 ﬁduciam
1583 2545 1639 2593 et
1674 2538 2045 2594 auctoritatem

459 2627 723 2692 obtinuit,
754 2639 812 2683 ut
840 2637 1090 2689 sexcenta
1116 2628 1390 2686 hominum
1425 2629 1589 2684 millia
1609 2670 1625 2696 ,
1656 2630 1919 2701 supplicio
1944 2631 2045 2688 ob-

460 2718 640 2785 noxia,
659 2718 913 2776 divinitus
935 2720 1187 2777 immissae
1207 2719 1372 2792 plaga:
1394 2722 1657 2791 eriperet;
1682 2721 1782 2786 vir,
1802 2721 2042 2793 inquam,

460 2819 637 2866 tantus
660 2826 725 2868 ac
750 2818 856 2869 tam
881 2812 1104 2883 insignis
1128 2813 1263 2868 mari
1293 2811 1505 2884 quidem
1536 2812 1844 2881 imperavit,
1870 2824 1928 2869 et
1955 2831 2045 2885 pe-

459 2900 609 2970 lagus
633 2902 834 2967 secuit,
865 2911 920 2958 et
942 2919 1102 2973 rupes
1128 2903 1314 2975 fregit,
1346 2914 1400 2960 et
1423 2905 1964 2975 aeremtimmutavit,
1990 2916 2045 2964 et

456 2992 715 3050 Niliacam
743 2995 939 3051 undam
965 2996 1019 3053 in
1043 3011 1288 3053 cruorem
1308 2998 1603 3066 convertit,
1631 3008 1682 3055 et
1707 3016 1956 3059 ranarum
1981 3018 2043 3059 ac

460 3086 785 3143 locustarum
809 3088 1105 3145 exercitum
1131 3089 1395 3146 Pharaoni
1417 3092 1696 3160 opposuit,
1726 3101 1780 3147 et
1809 3110 1895 3149 res
1922 3111 2041 3150 om-

456 3191 556 3233 nes
569 3177 811 3239 conditas
832 3178 884 3235 in
904 3195 1095 3236 novam
1116 3189 1355 3237 naturam
1372 3183 1675 3250 transtulit,
1696 3187 1905 3257 aliaque
1920 3187 2042 3242 inll-

456 3266 570 3323 nita
599 3268 853 3326 miracula
876 3270 1075 3339 edidit,
1105 3279 1266 3342 atque
1295 3273 1458 3329 multa
1489 3272 1698 3331 virtutis
1723 3275 2042 3333 documenta

457 3358 722 3426 praebuit:
743 3375 869 3417 nam
890 3369 1111 3433 utraque
1131 3379 1195 3419 ex
1216 3372 1368 3434 parte
1388 3364 1606 3431 claruit;
1631 3381 1813 3427 verum
1834 3368 1903 3424 ad
1924 3368 2042 3426 hac

454 3450 747 3508 certamina
789 3468 858 3509 ne
898 3454 1082 3510 oculos
1116 3455 1335 3527 quidem
1378 3455 1659 3514 obvertere
1702 3461 1910 3529 potuit,
1944 3462 2039 3517 sed

456 3543 796 3601 matrimonio
817 3585 834 3612 ,
871 3554 925 3601 et
963 3546 1146 3602 uxoris
1181 3547 1464 3619 complexu
1487 3590 1504 3615 .
1531 3558 1696 3620 auius
1732 3551 2040 3620 huiusmodi

456 3633 707 3702 praesidio
748 3634 973 3707 indiguit
993 3677 1009 3701 ,
1040 3652 1142 3694 nec
1166 3637 1481 3710 virginitatis
1521 3642 1687 3708 mari,
1717 3643 1860 3713 quod
1891 3644 2035 3701 illius

451 3726 645 3784 ﬂuetus
671 3729 1108 3799 pertimesceret,
1134 3746 1197 3787 se
1217 3733 1551 3789 committere
1576 3749 1738 3791 ausus
1762 3743 1866 3791 est.
1894 3736 2037 3804 Quin

454 3820 615 3877 etiam
644 3820 944 3893 patriarcha
974 3822 1080 3878 iste
1101 3865 1118 3890 ,
1145 3823 1236 3880 filii
1266 3824 1353 3880 sui
1377 3825 1653 3883 sacriﬁcus
1672 3868 1689 3894 ,
1716 3827 2038 3885 violentissi-

453 3927 601 3968 mum
629 3920 831 3968 natura:
852 3912 1101 3970 alfectum
1129 3916 1439 3987 proculcare
1467 3917 1654 3988 potuit,
1683 3933 1746 3974 ac
1770 3918 1959 3984 filium,
1980 3929 2039 3978 et

454 4000 669 4071 quidem
691 4002 858 4059 ﬁlium
886 4003 1052 4071 lsaac,
1074 4003 1128 4061 in
1160 4006 1275 4075 ipso
1299 4008 1470 4064 aetatis
1493 4007 1647 4078 ﬂore,
1670 4009 1723 4065 in
1747 4009 1864 4081 ipso
1884 4009 2038 4081 juve-

450 4093 579 4152 nilis
622 4093 796 4149 aetatis
836 4094 1018 4165 vigore
1039 4137 1056 4163 ,
1084 4098 1413 4168 unigenitum
1439 4140 1455 4167 ,
1484 4114 1667 4157 carum
1692 4141 1708 4168 ,
1735 4116 1803 4159 ac
1841 4110 2037 4173 prmter

444 4198 602 4253 spem
631 4198 844 4240 omnem
865 4184 966 4256 ipsi
991 4200 1327 4256 concessum,
1348 4196 1404 4246 et
1422 4191 1602 4246 multis
1628 4192 1908 4249 virtutibus
1932 4194 2034 4250 llo-

452 4284 684 4341 rentem,
710 4290 921 4347 quoque
943 4276 1061 4333 solo
1087 4278 1376 4346 nitebatur,
1407 4281 1567 4337 etiam
1596 4283 1650 4338 in
1676 4291 1917 4340 extrema
1940 4299 2034 4342 se-

454 4376 672 4427 nectute
691 4378 865 4426 morte
884 4368 1100 4427 afficere
1115 4370 1299 4438 voluit,
1317 4387 1547 4443 eumque
1565 4373 1618 4429 in
1640 4382 1873 4432 montem
1899 4375 2032 4432 sub-

453 4460 675 4530 vehere,
697 4475 820 4518 cum
844 4460 912 4518 ad
942 4461 1049 4518 tale
1064 4461 1269 4521 facinus
1287 4462 1635 4521 subvecturos
1651 4474 1813 4535 esset,
1832 4467 2031 4537 potuit,

448 4563 776 4626 atqnearam
797 4556 1085 4624 exstruxit,
1102 4564 1160 4613 et
1183 4557 1324 4628 ligna
1347 4559 1670 4629 composuit,
1688 4568 1741 4616 et
1760 4560 2028 4617 victimam

446 4645 734 4717 imposuit,
756 4652 813 4703 et
832 4661 1141 4704 mucronem
1168 4648 1410 4719 arripuit,
1438 4664 1670 4722 eumque
1699 4652 1848 4722 pueri
1867 4652 2027 4724 jugu-

444 4736 503 4793 lo
528 4737 707 4811 adegit
733 4737 887 4811 (Gen.
904 4737 1001 4811 22)
1028 4754 1043 4794 :
1070 4754 1192 4795 nam
1214 4740 1392 4813 adegit
1411 4755 1475 4797 ac
1490 4744 1790 4800 cruentavit
1810 4743 2030 4802 adamas

444 4830 559 4897 ille,
586 4833 696 4888 imo
713 4833 1003 4889 adamante
1026 4832 1171 4889 om
1199 4833 1399 4889 ﬁrmior
1423 4850 1440 4887 :
1467 4835 1663 4891 etenim
1689 4835 1791 4892 hoc
1813 4836 2027 4908 quidem

443 4920 536 4977 ille
571 4921 625 4977 vi
660 4929 867 4981 naturae
900 4924 1097 4991 habet;
1140 4922 1230 4981 hic
1264 4933 1443 4981 autem
1482 4940 1578 4997 per
1603 4927 2027 5000 philosOphicam

442 5012 775 5071 voluntatem
819 5017 1115 5076 naturalem
1162 5018 1308 5075 illam
1352 5018 1657 5076 ﬁrmitatem
1680 5030 1742 5077 et
1776 5022 2025 5081 duritiem

441 5102 684 5160 imitatus
720 5113 843 5175 est,
870 5114 1031 5178 atque
1067 5109 1360 5180 angelicam
1400 5112 1839 5183 tranquillitatem
1880 5115 2026 5173 omni

441 5195 840 5265 perturbatione
862 5212 1081 5255 vacuam
1106 5202 1373 5271 praestitit.
1403 5203 1473 5259 Et
1499 5214 1675 5262 tamen
1698 5206 1767 5271 is,
1792 5206 1883 5278 qui
1910 5215 2027 5262 tan-

446 5295 560 5342 tum
588 5297 801 5360 tamque
826 5289 1135 5361 prmclarum
1164 5303 1436 5351 certamen
1463 5295 1598 5354 inire
1624 5298 1832 5369 potuit,
1863 5308 2022 5371 atque

439 5393 506 5433 ex
534 5379 662 5448 ipsis
691 5390 896 5437 natura:
920 5382 1114 5439 finibus
1136 5387 1385 5453 excessit,
1408 5385 1725 5457 virginitatis
1748 5399 2020 5445 certamen

440 5470 713 5541 suscipere
737 5470 956 5527 minime
981 5487 1140 5528 ausus
1156 5484 1243 5530 est
1264 5492 1279 5530 :
1301 5492 1484 5530 verum
1512 5477 1624 5548 ipse
1647 5494 1860 5549 quoque
1886 5478 2022 5536 hanc

442 5561 744 5633 palaestram
766 5562 1041 5635 extimuit,
1064 5566 1497 5640 matrimonhque
1520 5571 1771 5627 solatium
1798 5583 1883 5628 est
1907 5587 2025 5628 am-

442 5653 652 5728 plcans.

512 5745 570 5803 8.
610 5741 748 5807 Laus
773 5747 929 5818 labi;
953 5748 1262 5806 calamitates
1289 5749 1417 5822 ejus.
1440 5781 1510 5794 -
1532 5752 1622 5810 Vis
1646 5752 1837 5813 Jobuta
1861 5757 2019 5816 etiam

1189 307 1245 365 S.
1286 306 1564 363 .lOANNlS
1591 301 2066 364 CllRYSOSTOMI
2106 302 2418 359 ARCIIIEP.
2459 305 2989 364 CONS'l'ANTlNOP.

3645 307 3748 366 586

2177 419 2260 476 bis
2281 420 2603 493 adiungam?
2626 421 2828 492 justum
2860 422 3071 493 inquam
3100 420 3279 488 illum,
3305 418 3419 477 veri
3441 430 3707 478 amantem
3727 465 3746 489 .

2168 514 2338 585 pium,
2367 523 2529 584 atque
2556 515 2625 571 ab
2654 513 2895 586 improba
2921 514 3069 571 omni
3096 514 3307 570 actione
3327 529 3446 571 sese
3475 514 3748 570 abstinen-

2170 618 2274 664 tetu
2308 607 2431 679 (Job
2458 609 2550 681 l)?
2574 610 2674 666 llic
2712 610 2871 681 igitur
2894 609 2995 665 Job
3017 608 3214 666 diaboli
3240 623 3302 664 os
3330 607 3600 673 contudit;
3631 623 3751 678 per-

2164 714 2355 756 cussus
2380 701 2493 771 ipse
2513 743 2532 769 ,
2563 716 2668 757 non
2698 701 2999 771 percutiens
3020 742 3036 766 ,
3070 708 3234 756 totam
3269 700 3408 755 illius
3446 699 3745 769 pharetram

2158 791 2483 857 exinanivit;
2506 807 2732 864 cumque
2752 792 2978 849 assiduis
2999 792 3068 848 ab
3092 793 3207 862 ipso
3226 793 3431 863 sagittis
3454 801 3742 863 peteretur,

2166 883 2345 937 omnia
2371 892 2548 940 tamen
2580 884 2926 941 tentatio'num
2953 900 3150 956 genera
3173 885 3442 951 sustinuit,
3466 894 3521 940 et
3551 899 3742 938 unum—

2163 972 2413 1045 quodque
2441 975 2726 1032 immanem
2754 976 2807 1031 in
2833 975 3070 1031 modum.
3110 975 3243 1031 Nam
3270 992 3390 1047 qua?
3421 977 3472 1032 in
3506 975 3607 1032 hac
3632 972 3745 1032 'vita

2163 1063 2422 1123 molestias
2459 1067 2694 1138 speciem
2735 1066 2971 1135 habent,
3012 1076 3068 1124 et
3097 1082 3282 1124 revera
3318 1068 3541 1123 molesta
3574 1074 3746 1133 sunt,

2161 1153 2280 1213 haec
2320 1159 2620 1228 pnesertim
2658 1167 2820 1225 sunt,
2863 1168 3182 1231 paupertas,
3224 1158 3479 1225 morbus,
3513 1157 3745 1215 filiorum

2158 1248 2399 1315 amissio,
2418 1247 2652 1305 hostium
2674 1250 2922 1320 impetus,
2946 1251 3234 1306 amicorum
3259 1250 3493 1320 ingratus
3511 1251 3741 1318 animus,

2161 1339 2350 1406 fames,
2386 1342 2625 1414 perpetui
2650 1344 2889 1414 corporis
2910 1342 3146 1410 dolores,
3174 1345 3433 1411 convicia,
3458 1343 3743 1400 calumnia:

2157 1441 2215 1488 et
2256 1431 2467 1490 sinistra
2504 1432 2827 1490 existimatio
2862 1450 2878 1491 :
2917 1450 3036 1504 qua:
3060 1434 3243 1490 omnia
3276 1433 3330 1489 in
3360 1450 3522 1489 unum
3547 1449 3744 1504 corpus

2157 1521 2323 1579 eti‘usa
2344 1566 2363 1593 ,
2390 1532 2551 1596 atque
2578 1525 2833 1582 adversus
2872 1540 3033 1583 unam
3069 1525 3300 1581 animam
3340 1533 3540 1581 structa
3570 1534 3697 1581 sunt
3721 1566 3739 1593 ,

2154 1614 2405 1686 quodque
2428 1615 2591 1672 etiam
2613 1617 2828 1688 gravius
2855 1625 2957 1693 est,
2992 1617 3349 1688 inopinantem
3376 1616 3562 1673 adorta
3591 1625 3736 1671 sunt.

2154 1706 2309 1777 Quod
2326 1716 2505 1764 autem
2528 1707 2648 1765 dico
2670 1709 2749 1766 sic
2773 1708 3178 1780 intelligendum
3202 1726 3217 1763 :
3244 1707 3347 1776 Qui
3376 1709 3618 1764 tenuibus
3640 1724 3738 1778 pa-

2155 1798 2399 1856 rentibus
2422 1808 2572 1857 ortus
2592 1810 2697 1864 est,
2721 1808 2880 1872 atque
2902 1801 2958 1855 in
2984 1800 3247 1871 ejusmodi
3276 1799 3435 1855 domo
3457 1798 3735 1868 educatus.

2156 1893 2482 1962 paupertatis
2525 1891 2820 1949 molestiam
2866 1891 3019 1948 facile
3061 1892 3277 1958 tulerit,
3326 1899 3511 1961 utpote
3552 1906 3651 1945 usu
3680 1898 3738 1945 et

2153 1983 2539 2043 consuetudine
2553 1984 2820 2040 exercitus
2834 1999 2850 2051 ;
2866 1992 2922 2038 at
2939 1983 3031 2054 qui
3051 1991 3128 2038 tot
3138 1981 3383 2054 pecuniis
3396 1979 3734 2049 circumﬂuit,

2154 2076 2420 2147 tantisque
2455 2075 2646 2147 opibus
2685 2074 2957 2142 abundat,
2988 2089 3053 2130 ac
3090 2084 3274 2145 postea
3311 2074 3369 2128 in
3408 2073 3735 2129 contrarium

2152 2175 2372 2237 repente
2415 2166 2610 2222 labitur
2634 2208 2648 2233 ,
2678 2164 2981 2236 hujusmudi
3021 2165 3370 2221 mutationem
3409 2164 3548 2219 baud
3578 2164 3739 2222 facile

2151 2256 2331 2314 tulerit
2358 2273 2373 2314 :
2402 2272 2524 2312 nam
2556 2256 2831 2327 inexperto
2852 2297 2870 2324 ,
2898 2256 2987 2327 qui
3030 2265 3250 2327 repente
3278 2256 3331 2310 in
3358 2271 3473 2311 eam
3506 2255 3734 2323 incidit,

2150 2348 2394 2403 acerbior
2413 2347 2639 2403 videtur.
2670 2351 2749 2402 Ac
2773 2362 2984 2403 rursum
3008 2348 3128 2418 :qui
3152 2346 3398 2418 ignobilis
3416 2356 3518 2412 est,
3539 2346 3738 2402 obscu-

2149 2454 2343 2511 msque
2369 2449 2615 2510 parentes
2642 2440 2849 2503 habuit,
2877 2449 3038 2512 atque
3063 2439 3116 2495 in
3141 2450 3398 2511 perpetuo
3422 2446 3734 2511 contemptu

2149 2531 2313 2598 vivit,
2348 2531 2393 2586 is
2433 2531 2732 2587 maledictis
2775 2540 2833 2589 et
2874 2531 3212 2588 contumeliis
3253 2531 3397 2587 haud
3437 2531 3725 2587 admodum

2148 2623 2498 2683 conturbatur
2528 2642 2540 2678 :
2573 2625 2664 2695 qui
2693 2634 2901 2691 autem,
2934 2640 3056 2680 cum
3087 2633 3286 2679 tantam
3325 2624 3469 2695 prius
3504 2623 3730 2694 gloriam

2146 2715 2450 2782 obtineret,
2478 2724 2535 2771 et
2561 2716 2630 2771 ab
2655 2716 2905 2773 omnibus
2942 2712 3229 2785 stiparetur
3251 2757 3267 2783 ,
3294 2725 3454 2784 atque
3489 2715 3732 2771 omnium

2145 2822 2396 2863 sermone
2417 2808 2796 2876 celebraretur,
2820 2823 3115 2878 magnoque
3141 2823 3262 2862 cum
3283 2807 3569 2877 splendore
3592 2822 3732 2877 prte-

2147 2899 2430 2965 dicaretur,
2455 2910 2636 2970 postea
2664 2900 2716 2956 in
2749 2898 3015 2957 infamiam
3043 2909 3095 2955 et
3118 2908 3480 2970 contemptum
3510 2899 3725 2968 cecidit,

2145 2991 2269 3047 huic
2298 2993 2436 3049 idem
2463 2993 2603 3063 quod
2633 2993 2681 3047 ei
2701 3034 2717 3059 ,
2748 2992 2836 3063 qui
2864 3009 2927 3047 ex
2955 2991 3114 3047 divite
3142 3007 3341 3062 pauper
3362 2991 3581 3048 ell'cctus
3606 3002 3687 3048 est
3706 3032 3725 3059 ,

2142 3085 2349 3142 accidat
2371 3101 2591 3142 necesse
2610 3095 2712 3141 est.
2737 3086 2856 3141 Pari
2883 3084 3041 3141 modo
3058 3085 3148 3157 qui
3161 3085 3290 3141 {iliis
3309 3086 3544 3152 orbatur,
3563 3089 3724 3143 etiam

2143 3177 2190 3232 si
2219 3191 2406 3232 omnes
2446 3178 2690 3242 amittat,
2718 3176 2844 3232 dum
2873 3186 3046 3232 tamen
3068 3192 3182 3232 non
3222 3176 3411 3233 eodem
3443 3187 3718 3249 tempore,

2145 3267 2368 3334 luctum,
2394 3283 2553 3338 quem
2578 3282 2650 3324 ex
2680 3266 2746 3324 iis
2769 3268 2857 3338 qui
2889 3278 3113 3324 mortem
3139 3268 3386 3324 obierunt
3408 3269 3570 3340 capit,
3596 3271 3725 3326 reli-

2136 3375 2369 3430 quorum
2411 3360 2603 3415 solatio
2645 3360 2786 3415 levat
2817 3379 2831 3416 :
2858 3375 2921 3416 ac
2951 3360 3136 3416 sedato
3172 3377 3238 3417 eo
3264 3377 3497 3419 mmrore
3517 3404 3534 3429 ,
3564 3379 3724 3434 quem

2143 3452 2380 3521 priorum
2405 3451 2652 3507 interitus
2678 3451 2870 3518 attulit,
2899 3453 2942 3507 si
2974 3451 3253 3521 interjecto
3276 3454 3454 3525 aliquo
3484 3463 3731 3524 tempore

2142 3543 2370 3600 alterum
2396 3560 2430 3601 e
2459 3544 2564 3599 vita
2589 3544 2865 3602 discedere
2889 3548 3181 3617 contingat,
3214 3548 3393 3604 mitior
3419 3549 3471 3605 ei
3492 3548 3607 3604 hmc
3632 3564 3735 3604 ca-

2140 3634 2353 3690 lamitas
2390 3634 2629 3691 redditur
2654 3654 2669 3691 :
2697 3652 2871 3706 neque
2898 3638 3040 3693 enim
3071 3639 3270 3694 recenti
3298 3640 3472 3695 adhuc
3511 3640 3733 3697 vulneri

2139 3725 2470 3796 supervenit,
2495 3742 2681 3782 verum
2708 3728 2914 3794 sedato,
2940 3743 3004 3783 ac
3029 3726 3097 3783 dc
3123 3728 3298 3784 medio
3322 3731 3550 3797 sublato,
3577 3732 3731 3801 quod

2141 3816 2354 3888 quidem
2384 3832 2491 3873 non
2520 3833 2705 3890 parum
2730 3819 2799 3876 de
2835 3819 3021 3876 dolore
3049 3821 3296 3877 detrahit.
3330 3827 3399 3876 At
3423 3834 3605 3878 contra
3633 3823 3732 3881 hic

2142 3910 2446 3966 universum
2477 3911 2704 3968 ﬁliorum
2732 3911 2954 3969 chorum
2983 3929 3088 3969 uno
3118 3915 3371 3986 temporis
3400 3925 3598 3985 puncto
3620 3957 3636 3981 ,
3666 3926 3732 3973 et

2139 4002 2353 4071 quidem
2397 4003 2744 4059 acerbissimo
2790 4005 2977 4059 mortis
3012 4020 3210 4076 genere
3246 4006 3525 4076 abrt-ptum
3564 4007 3727 4064 vidit.

2137 4091 2272 4150 Nam
2296 4102 2351 4150 et
2376 4094 2605 4151 violenta
2628 4102 2687 4151 et
2707 4095 2989 4151 immatura
3014 4096 3128 4152 haec
3152 4112 3295 4152 mors
3320 4108 3435 4151 erat
3458 4140 3472 4163 ,
3495 4112 3559 4153 ac
3582 4107 3729 4152 tem-

2134 4201 2238 4257 pus
2262 4187 2420 4243 etiam
2445 4197 2500 4244 et
2524 4189 2674 4245 locus
2694 4189 2832 4246 haud
2856 4205 3077 4259 parvum
3099 4190 3273 4244 dolori
3295 4192 3564 4246 cumulum
3589 4191 3728 4248 all’e-

2137 4277 2291 4333 rebat
2318 4295 2334 4335 :
2361 4278 2623 4349 siquidem
2644 4289 2699 4336 et
2719 4280 2993 4351 epularum
3023 4289 3282 4350 tempore,
3308 4290 3365 4339 et
3391 4282 3442 4337 in
3469 4298 3532 4337 ea
3556 4283 3727 4340 domo

2135 4385 2256 4442 qua:
2299 4370 2594 4442 hospitibus
2631 4381 2815 4443 aperta
2851 4383 2969 4429 erat
2990 4414 3007 4441 ,
3036 4382 3090 4429 et
3118 4372 3346 4444 denique
3371 4374 3560 4429 domus
3590 4375 3727 4445 ipsis

2132 4463 2435 4534 sepulcrum
2464 4463 2576 4518 fuit.
2606 4463 2737 4519 Nam
2766 4464 2891 4536 quid
2920 4479 3113 4519 novum
3143 4464 3292 4529 illud,
3322 4464 3568 4536 quodque
3598 4468 3729 4520 nul-

2134 4554 2202 4612 lis
2223 4553 2400 4610 verbis
2424 4554 2651 4624 exprimi
2678 4556 2873 4626 possit,
2900 4553 3053 4609 famis
3070 4571 3238 4626 genus
3260 4559 3726 4611 commemorem?

2134 4645 2489 4702 voluntaritnn
2532 4644 2704 4701 dicam
2746 4660 2814 4700 an
2858 4646 3139 4702 coactum?
3182 4660 3355 4716 neque
3389 4646 3530 4702 enim
3556 4688 3571 4712 ,
3610 4662 3725 4717 quo

2133 4753 2252 4795 eam
2274 4737 2530 4799 vocabulo
2555 4737 2838 4809 appellem,
2864 4739 2994 4803 scio,
3020 4754 3119 4793 nec
3141 4738 3279 4808 quod
3304 4747 3408 4793 tam
3431 4738 3723 4808 inopinata:

2133 4832 2419 4889 calamitati
2449 4847 2645 4888 nomen
2670 4832 2935 4904 imponant
2970 4832 3197 4902 reperio.
3224 4831 3429 4903 Quippe
3453 4832 3521 4887 ab
3545 4848 3722 4902 appo-

2132 4925 2235 4981 sita
2262 4940 2444 4981 mensa
2473 4925 2791 4991 abstinebat,
2823 4940 2920 4981 nec
2947 4926 3095 4979 cibos
3123 4939 3236 4988 eos,
3264 4940 3398 4996 quos
3426 4926 3719 4993 cernebat,

2131 5018 2443 5091 attingebat.
2470 5018 2759 5075 Volucrum
2789 5018 2933 5073 enim
2958 5059 2974 5083 ,
3000 5018 3192 5086 quibus
3217 5018 3381 5089 ipsius
3407 5034 3603 5090 corpus
3633 5020 3720 5073 af-

2132 5111 2446 5178 ﬁciebatur,
2485 5110 2648 5175 foster
2685 5109 3059 5180 appetitionem
3096 5125 3308 5166 omnem
3337 5111 3671 5181 opprimebat
3700 5152 3719 5171 ,

2130 5218 2475 5273 mensamque
2522 5202 2683 5258 etiam
2728 5204 2894 5272 ipsam
2943 5203 3185 5258 molestia
3232 5202 3602 5271 perfundebat.
3658 5200 3720 5256 id

2130 5295 2270 5366 quod
2292 5297 2457 5350 etiam
2488 5294 2572 5352 bis
2609 5296 2786 5351 verbis
2811 5296 3115 5351 declarabat
3143 5312 3158 5350 :
3194 5293 3445 5350 Fwtorem
3469 5295 3610 5349 video
3643 5295 3721 5347 ci-

2130 5384 2218 5437 bos
2243 5401 2377 5438 meos
2402 5386 2421 5454 (
2442 5384 2560 5440 Job.
2591 5386 2643 5442 6.
2670 5387 2766 5458 7).
2811 5389 2888 5441 Ac
2915 5388 2994 5440 vis
3031 5386 3246 5457 quidem
3286 5386 3439 5440 famis
3465 5401 3589 5441 eum
3609 5428 3623 5445 .
3653 5393 3715 5439 ut

2128 5477 2334 5531 oblatos
2360 5476 2506 5531 cibos
2531 5477 2854 5547 degustarct,
2878 5478 3155 5551 adigebat:
3180 5494 3363 5533 verum
3387 5477 3715 5533 incredibilis

2129 5567 2342 5640 quidam
2382 5566 2541 5624 fmtor
2564 5610 2579 5634 ,
2618 5571 2706 5641 qui
2745 5585 2809 5625 ex
2853 5570 3017 5641 ipsius
3042 5571 3292 5626 carnibus
3321 5569 3663 5641 promanabat
3689 5608 3710 5632 ,

2129 5662 2234 5716 vim
2257 5661 2407 5716 lamis
2427 5663 2726 5730 superabat.
2754 5661 2901 5732 ideo,
2928 5672 2985 5717 ut
3003 5662 3113 5734 jam
3140 5663 3270 5728 dixi,
3289 5679 3395 5734 quo
3417 5678 3532 5716 eam
3557 5669 3715 5731 pacto

2130 5752 2390 5826 appellem
2419 5771 2524 5813 non
2546 5756 2732 5817 habeo.
2762 5756 3163 5815 Voluntariam?
3182 5760 3250 5814 At
3272 5756 3544 5830 appositus
3562 5754 3713 5814 cibos
