4030 6206
305 252 405 308 565

295 380 504 449 κύμασι
551 379 693 452 μετὰ
729 382 970 454 γαλήνης
1018 383 1300 454 πλέουσαι,
1333 385 1428 442 τοῦ
1473 387 1878 460 ταραττομένου

296 471 542 541 σφοδρῶς
607 469 701 523 τοῦ
736 471 1004 539 πελάγους
1050 473 1302 546 ἐξουρίας
1343 476 1661 548 φερόμεναι,
1693 476 1788 528 καὶ
1820 476 1880 528 ἐν

295 555 515 627 καμίνῳ
555 557 793 627 φυσικῆς
845 559 1139 630 ἐπιθυμίας
1165 561 1423 627 ἑστῶσαι,
1476 564 1570 617 καὶ
1606 564 1686 636 μὴ
1709 580 1880 618 καται-

294 645 603 716 καιόμεναι,
661 647 775 700 ἀλλ’
815 647 891 711 ὡς
951 649 1119 720 πηλὸν
1168 652 1293 716 τοὺς
1326 645 1606 724 ἄνθρακας
1655 653 1880 717 τούτους

296 736 728 803 καταπατοῦσαι,
763 739 867 792 ὑπὸ
918 741 1020 810 τῆς
1061 741 1356 814 ἐπιθυμίας
1400 743 1600 815 ταύτης
1635 744 1878 798 ἑάλωσαν

294 823 536 894 αἰσχρῶς
569 824 709 877 πάνυ
744 826 837 878 καὶ
861 826 1129 891 ἐλεεινῶς,
1159 830 1254 882 καὶ
1291 831 1362 884 τὰ
1399 830 1620 902 μείζονα
1642 830 1882 902 δυνηθεῖ-

296 928 410 973 σαι,
427 911 548 963 ὑπὸ
574 912 762 964 τούτου
803 915 1316 988 κατηγωνίσθησαν.

366 997 432 1059 ζ’.
453 997 716 1050 Τοσοῦτον
731 999 840 1070 γάρ
856 1001 1004 1054 ἐστιν
1024 1003 1056 1072 ἡ
1084 1003 1351 1074 παρθενία
1370 1006 1619 1077 πρᾶγμα,
1639 1005 1731 1059 καὶ
1755 1022 1879 1058 τοσ-

292 1083 451 1138 ούτου
472 1085 638 1139 δεῖται
671 1085 766 1138 τοῦ
808 1087 989 1152 πόνου,
1040 1089 1121 1143 ὅτι
1161 1092 1434 1146 κατελθὼν
1473 1094 1501 1146 6
1541 1093 1774 1165 Χριστὸς
1819 1091 1878 1159 ἐξ

290 1171 548 1243 οὐρανοῦ,
576 1172 663 1226 ἵνα
701 1174 827 1237 τοὺς
859 1173 1179 1246 ἀνθρώπους
1205 1179 1467 1248 ἀγγέλους
1513 1182 1736 1254 ποιήσῃ,
1783 1182 1877 1234 καὶ

288 1261 392 1330 τὴν
413 1261 525 1315 ἀνω
570 1260 844 1314 πολιτείαν
902 1262 1137 1318 ἐνταῦθα
1180 1267 1584 1342 καταφυτεύσῃ,
1607 1270 1728 1322 οὑδέ
1754 1270 1873 1323 τότε

287 1348 596 1420 ἐθάρρησεν
618 1347 871 1413 ἐπιτάξαι
901 1350 1079 1416 τοῦτο,
1105 1353 1222 1406 οὑδὲ
1252 1355 1332 1417 είς
1362 1355 1528 1425 νόμου
1563 1356 1694 1409 αὑτὸ
1720 1356 1874 1422 τάξιν

287 1436 550 1504 ἀγαγεῖν⁹
586 1434 700 1488 ἀλλ’
741 1425 1104 1510 ἀποθνήσκειν
1135 1440 1236 1511 μὲν
1265 1442 1654 1515 ἐνομοθέτησεν
1695 1444 1713 1514 (
1737 1440 1796 1498 οὗ
1822 1445 1874 1498 τί

288 1525 588 1596 βαρύτερον
610 1525 808 1592 γένοιτ’
830 1527 964 1593 ἀνς),
984 1527 1076 1580 καὶ
1099 1530 1463 1600 σταυροῦσθαι
1477 1530 1760 1602 διηνεκῶς,
1779 1531 1874 1586 καὶ

289 1613 519 1683 ἐχθροὺς
544 1613 874 1685 εὐεργετεῖν,
894 1616 1246 1687 παρθενεύειν
1263 1618 1318 1671 δὲ
1338 1620 1436 1672 οὑκ
1450 1619 1838 1690 ἐνομοθέτησεν
1854 1635 1869 1650 ·

287 1701 404 1754 ἀλλ’
462 1701 676 1770 ἀφῆκεν
723 1703 787 1755 ἐν
837 1705 904 1773 τῇ
951 1703 1060 1757 τῶν
1088 1705 1394 1760 ἀκουόντων
1426 1708 1638 1760 κεῖσθαι
1682 1725 1874 1779 προαι-

289 1783 444 1855 ρέσει
467 1795 520 1846 ο,
550 1783 740 1848 εἰπὼν,
757 1785 811 1837 Ὀ
829 1785 1165 1856 δυνάμενος
1186 1788 1418 1858 χωρεῖν,
1448 1792 1722 1860 χωρείτω.
1761 1792 1870 1845 Κσίὶ

286 1871 396 1944 γάρ
451 1871 626 1940 μέγας
648 1873 676 1925 6
711 1873 875 1941 ὄγκος
894 1874 989 1927 τοῦ
1026 1876 1372 1948 πράγματος,
1415 1885 1509 1932 καὶ
1551 1877 1870 1950 ήδυσκολία

284 1960 392 2012 τῶν
421 1957 826 2030 παλαισμάτων
879 1961 1106 2030 τούτων,
1139 1965 1236 2017 καὶ
1255 1967 1284 2018 6
1307 1966 1470 2035 ἱδρὼς
1489 1966 1596 2018 τῶν
1619 1965 1867 2034 ἀγώνων,

283 2047 380 2101 καὶ
409 2046 615 2118 σφόδρα
646 2047 1000 2119 ἀπόκρημνον
1023 2050 1182 2104 τοῦτο
1202 2053 1301 2123 τῆς
1325 2053 1528 2125 ἀρετῆς
1548 2053 1608 2106 16
1636 2054 1834 2125 χωρίον
1850 2070 1867 2086 ·

283 2134 381 2191 καὶ
407 2133 564 2187 τοῦτο
583 2132 805 2204 δηλοῦσι
852 2137 945 2189 καὶ
974 2139 1022 2190 οἱ
1043 2139 1102 2190 ἐν
1129 2141 1196 2210 τῇ
1229 2140 1440 2211 Παλαιᾷ
1474 2140 1641 2194 πολλά
1665 2159 1867 2213 κατορ-

285 2224 578 2286 θώσαντες.
631 2223 740 2275 Καὶ
794 2223 904 2293 γάρ
936 2227 1179 2298 Μωῦσῆς
1229 2230 1437 2292 ἐκεῖνος
1464 2231 1491 2282 6
1521 2228 1712 2298 μέγας,
1759 2229 1868 2283 τῶν

284 2311 584 2385 προφητῶν
623 2309 684 2362 16
738 2313 1053 2383 κεφάλαιον,
1091 2316 1120 2367 6
1161 2317 1382 2385 γνήσιος
1430 2315 1506 2387 τῷ
1542 2316 1662 2386 (θεῷ
1692 2316 1865 2384 φίλος,

281 2404 309 2456 6
343 2401 613 2472 τοσαύτης
651 2400 969 2466 ἀπολαύσας
997 2404 1330 2475 παρρησίας,
1359 2403 1438 2466 ὡς
1465 2403 1754 2468 ἑξακοσίας
1781 2423 1866 2476 χιι-

281 2491 472 2556 λιάδας
495 2493 830 2556 ὑπευθύνους
846 2492 1145 2563 γενομένας
1169 2493 1387 2546 κολάσει
1403 2493 1710 2565 ἐξαρπάσαι
1739 2495 1866 2564 θεη-

279 2579 444 2636 λάτου
489 2581 726 2653 πληγῆς,
763 2575 916 2644 οὗτος
962 2581 1214 2644 τοσοῦτος
1253 2581 1353 2634 καὶ
1384 2581 1702 2652 τηλικοῦτος
1727 2583 1866 2654 ἀνὴρ

279 2666 528 2741 θαλάττῃ
555 2669 653 2738 μὲν
707 2667 959 2734 ἐπέταξε,
999 2668 1096 2722 καὶ
1123 2667 1360 2736 πέλαγος
1393 2667 1597 2739 ἔσχισε,
1639 2670 1734 2722 καὶ
1763 2669 1864 2722 πέσ-

274 2773 412 2828 τρας
461 2757 734 2829 διέρρηξε,
774 2759 869 2812 καὶ
920 2756 1060 2828 ἀέρα
1089 2757 1375 2828 μετέϐαλε,
1418 2759 1598 2811 καὶτὸ
1627 2744 1864 2828 Νειλῷον

278 2843 425 2915 ὕδωρ
455 2846 537 2908 είς
557 2839 697 2916 αἷμα
720 2844 1018 2917 μετέτρεψε
1046 2844 1097 2907 δ,
1133 2844 1227 2898 ’καὶ
1257 2843 1543 2915 βατράχων
1578 2844 1672 2898 καὶ
1705 2845 1864 2915 ἀκρίρ

276 2931 384 2986 δων
422 2931 786 3004 στρατόπεδον
837 2931 1141 3002 ἐπετείχισε
1192 2932 1270 3003 τῷ
1293 2931 1516 3003 Φαραὼ,
1553 2933 1649 2986 καὶ
1683 2934 1864 2985 πᾶσαν

274 3021 375 3091 τὴν
407 3019 584 3073 κτίσιν
629 3019 1100 3090 μετεστοιχείωσε,
1132 3019 1226 3072 καὶ
1255 3019 1423 3090 μυρία
1459 3020 1624 3091 ἕτερα
1658 3019 1865 3075 ἐπεδεί-

278 3107 406 3173 ξατο
461 3107 738 3178 θαύματα,
784 3107 879 3160 καὶ
906 3108 1105 3178 ἀρετῆς
1134 3106 1191 3160 δὲ
1220 3107 1390 3160 πολλὰ
1424 3106 1860 3179 κατορθώματα·

275 3197 371 3250 καὶ
409 3194 520 3266 γάρ
546 3195 605 3259 ἐξ
627 3195 888 3267 ἐκατέρου
938 3196 1139 3266 μέρους
1193 3193 1436 3266 ἔλαμψεο
1473 3197 1611 3266 πρὸς
1640 3196 1696 3249 δέ
1736 3197 1863 3260 τοὺς

274 3284 495 3352 ἀγῶνας
512 3283 734 3347 τούτους
757 3283 878 3336 οὑδέ
906 3283 1223 3353 ἀντιϐλέψαι
1258 3282 1494 3355 ἴσχυσεν,
1527 3284 1640 3338 ἀλλ’
1668 3284 1860 3356 ἐδεήθη

277 3371 426 3444 [545]
455 3373 635 3443 γάμου
663 3371 754 3424 καὶ
786 3370 1002 3442 ὁμιλίας
1040 3369 1318 3440 γυναικὸς,
1348 3373 1443 3426 καὶ
1476 3372 1578 3443 τῆς
1608 3371 1860 3427 ἐντεῦθεν

273 3459 597 3528 ἀσφαλείας,
635 3459 730 3511 καὶ
768 3459 868 3510 οὑκ
904 3458 1200 3528 ἐτόλμησεν
1230 3459 1309 3521 είς
1338 3457 1398 3510 τὸ
1433 3457 1533 3527 τῆς
1563 3457 1860 3529 παρθενίας

273 3547 512 3616 πέλαγος
536 3546 727 3599 ἐαυτὸν
747 3545 1015 3609 ἐκδοῦναι,
1033 3545 1101 3598 τά
1117 3545 1328 3599 ἐκεῖθεν
1349 3545 1414 3598 κύ
1425 3563 1570 3616 ματα
1585 3545 1856 3607 δεδοικώς.

271 3636 384 3691 Καὶ
435 3637 464 3688 6
516 3635 864 3706 πατριάρχης
895 3634 972 3698 δὲ,
1009 3635 1037 3686 6
1086 3631 1180 3686 τοῦ
1216 3633 1406 3696 παιδὸς
1441 3632 1723 3704 ίερεὺς,“τὸ
1760 3633 1860 3704 μὲν

268 3719 742 3791 τυραννικώτατον
803 3717 903 3786 τῆς
963 3714 1178 3785 φύσεως
1226 3716 1630 3770 καταπαλαῖσαι
1673 3716 1858 3788 ίσχυσε

270 3807 596 3869 “BDQ-361‘.
647 3803 807 3860 παῖδα
855 3803 1064 3857 ἀνελεῖν
1107 3804 1369 3875 ἠδυνήθη,
1405 3805 1501 3857 καὶ
1558 3805 1726 3858 παῖδα
1767 3804 1860 3858 τὸν

279 3897 472 3952 Ἰσαὰκ
520 3897 581 3950 ἐν
633 3893 781 3964 αὑτῷ
809 3895 909 3964 τῆς
943 3893 1160 3966 ἡλικίας
1195 3893 1271 3964 τῷ
1300 3893 1471 3961 ἄνθει,
1502 3896 1559 3947 ἐν
1586 3895 1723 3966 αὑτῇ
1757 3894 1858 3964 τῆς

267 3989 520 4057 νεότητος
554 3989 623 4057 τῇ
676 3987 850 4056 ἀκμῇ,
888 3985 1170 4056 μονογενῆ,
1208 3983 1448 4055 γνήσιον,
1485 3985 1578 4038 καὶ
1609 3988 1741 4057 παρ’
1771 3985 1858 4038 ἐλ-

266 4079 396 4131 πίδα
425 4079 607 4131 πᾶσαν
651 4075 801 4147 αὑτῷ
849 4075 1152 4146 δεδομένον,
1195 4075 1287 4128 καὶ
1317 4076 1403 4128 ἐπ’
1434 4077 1582 4147 αὑτῷ
1617 4077 1856 4132 σαλεύων

268 4174 416 4243 μόνῳ
442 4183 493 4234 ε,
538 4171 634 4223 καὶ
690 4171 748 4222 ἐν
807 4168 1019 4240 ἐσχάτῳ
1045 4169 1214 4240 γήρᾳ,
1266 4169 1362 4222 καὶ
1395 4169 1562 4241 ἀρετῇ
1599 4169 1856 4239 κομῶντα

265 4265 460 4335 πολλῇ,
488 4264 582 4317 καὶ
609 4263 906 4331 ἀναγαγεῖν
941 4263 1106 4317 αὑτὸν
1130 4261 1223 4314 ἐπὶ
1245 4261 1306 4314 τὸ
1336 4261 1462 4332 690;
1489 4262 1730 4334 ἴσχυσεν,
1763 4261 1856 4316 ἐπὶ

262 4356 492 4428 τοιαύτῃ
551 4354 763 4424 μέλλων
823 4354 1048 4421 ἀνάγειν
1077 4354 1309 4425 πράξει,
1347 4355 1855 4425 καὶθυσιαστήριον

263 4446 604 4516 ᾠκοδόμησε,
641 4445 736 4497 καὶ
766 4443 895 4508 ξύλα
944 4442 1228 4514 συνέθηκε,
1269 4443 1364 4496 καὶ
1399 4441 1460 4494 16
1492 4443 1684 4514 ἱερεῖον
1724 4439 1855 4494 ἐπέη-

265 4537 427 4607 θηκε,
466 4535 564 4590 καὶ
595 4535 874 4606 μάχαιραν
906 4535 1148 4605 ἥρπασε,
1184 4534 1276 4586 καὶ
1303 4533 1391 4588 διὰ
1413 4531 1507 4586 τοῦ
1531 4529 1728 4602 λαιμοῦ
1757 4529 1851 4585 τοῦ

264 4629 456 4691 παιδὸς
508 4627 570 4681 τὸ
626 4627 778 4696 ξίφος
837 4625 1037 4697 ῶθησε.
1074 4624 1189 4678 ’Καὶ
1239 4623 1350 4694 γὰρ
1394 4625 1487 4677 καὶ
1523 4622 1724 4694 ῶθησε,
1759 4623 1852 4675 καὶ

263 4721 472 4792 ᾗμαξεν
500 4723 530 4774 ὁ
560 4721 774 4790 ἀδάμας
824 4719 1054 4784 ἐκεῖνος,
1113 4717 1313 4788 μᾶλλον
1338 4716 1395 4769 δὲ
1417 4717 1509 4768 καὶ
1542 4715 1850 4789 ἀδάμαντος

265 4812 619 4883 στερρότερος
645 4830 656 4842 ’
684 4813 713 4864 6
741 4811 841 4882 μὲν
876 4810 984 4883 γὰρ
1015 4811 1072 4864 ἐν
1096 4812 1163 4881 τῇ
1191 4809 1350 4879 φύσει
1377 4809 1536 4862 τοῦτο
1561 4807 1846 4880 κέκτηται,

260 4899 414 4967 οὗτος
441 4905 499 4958 δὲ
526 4905 614 4958 διά
640 4906 737 4975 τῆς
772 4903 917 4985 κατά
976 4902 1297 4975 προαίρεσιν
1339 4901 1658 4971 φιλοσοφίας
1687 4916 1847 4968 ςρυσι⁶

261 4995 367 5065 κὴν
394 4998 700 5066 ἐμιμήσατο
753 4996 1107 5068 στερρότητα,
1141 4997 1234 5048 καὶ
1280 4994 1525 5063 ἀγγέλων
1576 4993 1848 5047 ἀπάθειαν

254 5086 354 5141 διὰ
374 5088 481 5140 τῶν
541 5089 718 5160 ἔργων
773 5088 1106 5154 ἐπεδείξατο.
1163 5088 1300 5140 Ἀλλ’
1331 5089 1479 5157 ὅμως
1521 5089 1550 5140 6
1595 5085 1846 5141 τοσοῦτον

258 5179 361 5231 καὶ
407 5180 722 5249 τηλικοῦτον
759 5179 984 5251 ίσχύσας
1035 5179 1284 5232 διανύσαι
1323 5175 1505 5242 ἆθλον,
1547 5179 1641 5231 καὶ
1675 5178 1845 5249 αὑτῆς

257 5269 490 5333 ἐξελθὼν
505 5273 606 5342 τῆς
641 5272 874 5340 φύσεως,
910 5272 1046 5339 πρὸς
1081 5273 1206 5334 τοὺς
1240 5270 1457 5337 ἀγῶνας
1506 5272 1608 5339 τῆς
1638 5270 1844 5339 παρθε-

256 5360 381 5422 νίας
417 5361 784 5416 ἀποδύσασθαι
813 5362 913 5416 οὑκ
935 5362 1254 5433 ἐτόλμησεν,
1280 5361 1394 5414 ἀλλ’
1419 5362 1588 5415 ἐδεισε
1621 5363 1713 5415 καὶ
1741 5363 1841 5414 αὑ-

327 5544 350 5614 _‘
374 5548 477 5614 Ῑῶν
493 5549 764 5614 ἀκουόντων
786 5550 1076 5614 προαιρέσει,
1103 5551 1284 5599 omisso
1303 5552 1485 5599 κεῖσθαι
1498 5592 1500 5600 .
1515 5552 1708 5613 quidam
1723 5567 1836 5602 mss.

327 5606 354 5696 ξ
378 5608 689 5696 Klorilegimp
703 5606 986 5696 mag;
999 5606 1102 5660 Μύχ
1197 5615 1375 5696 (bigati?
1395 5606 1544 5662 dcesl'
1557 5617 1603 5662 in
1629 5616 1836 5696 όιιοὺιιξε.

646 5669 716 5722 ἐπ’
751 5672 880 5736 αὑτῴ
902 5669 1220 5738 σαλευομένη).
1252 5669 1406 5726 Paulo
1436 5683 1546 5740 post
1574 5682 1676 5726 tres
1725 5679 1838 5739 μέλ-

1749 263 2136 322 ΕΡΙΞΤΟΕΑΞ.

3466 261 3566 318 564

1982 385 2074 449 τὸς
2087 385 2156 440 τά
2178 387 2475 459 σκάμματα
2497 387 2690 452 ταῦτα,
2714 384 2808 441 καὶ
2823 385 2922 458 τὴν
2947 383 3056 440 ἀπὸ
3072 383 3163 439 τοῦ
3188 383 3366 456 γάμου
3393 401 3573 459 παρα-

1986 475 2187 546 μυθίαν
2211 478 2583 532 ἐπεσπάσατο.

2051 575 2122 638 η’.
2145 568 2332 622 Βούλει
2362 568 2584 641 προσθῶ
2613 568 2706 621 καὶ
2730 566 2821 620 τὸν
2850 564 2971 619 Ἰὼϐ
2993 568 3102 630 τοῖς
3121 565 3453 637 εἰρημένοις,
3474 564 3571 622 16v

1980 653 2210 718 δίκαιον,
2261 656 2354 710 τὸν
2394 655 2669 727 ἀληθινὸν,
2707 653 2798 707 τὸν
2829 652 3077 721 θεοσεϐῆ,
3108 653 3198 706 16v
3229 654 3567 724 ἀπεχόμενον

1979 742 2088 794 ἀπὸ
2116 744 2317 807 παντὸς
2351 742 2590 815 πονηροῦ
2623 741 2991 813 πράγματος;
3032 732 3198 802 Οὗτος
3227 742 3254 794 6
3287 739 3406 793 Ἰὼϐ
3439 759 3565 795 συνο

1981 828 2145 900 έκοψε
2180 831 2274 884 τοῦ
2328 831 2576 884 διαϐόλου
2622 830 2720 900 τὴν
2773 829 2917 897 ὄψιν,
2973 828 3266 898 παιόμενος
3302 828 3360 880 οὑ
3391 828 3567 883 παίων

1981 916 2247 971 ἐκένωσεν
2273 918 2452 996 αὑτοῦ
2469 919 2570 990 τὴν
2603 915 2900 987 βελοθήκην
2932 916 3169 976 ἃπασαν,
3212 916 3307 968 καὶ
3336 933 3566 969 κατατο-

1981 1002 2266 1076 ξευόμενος
2299 1007 2425 1079 παρ’
2453 1006 2620 1060 αὑτοῦ
2676 1004 2939 1074 συνεχῶς,
2981 1003 3125 1057 ἅπαν
3157 1004 3413 1074 ὑπέμεινε
3451 1021 3568 1060 πει·

1979 1092 2202 1164 ρασμῶν
2232 1088 2390 1154 εἶδος,
2429 1094 2524 1148 καὶ
2557 1093 2786 1146 ἕκαστον
2819 1091 2937 1162 μεθ’
2971 1091 3274 1161 ὑπερϐολῆς
3322 1093 3565 1164 ἀπάσης.

1978 1181 2057 1233 Τὰ
2109 1181 2217 1252 γάρ
2268 1181 2526 1234 δοκοῦντα
2565 1177 2702 1234 εἶναι
2757 1177 2896 1233 κατά
2930 1177 3019 1230 τὸν
3069 1177 3182 1248 βίον
3218 1178 3438 1249 λυπηρά
3471 1184 3572 1234 καὶ

1976 1267 2123 1333 δντα,
2154 1268 2324 1322 ταῦτα
2361 1270 2596 1340 μάλιστα
2625 1269 2844 1322 πάντων
2882 1267 3018 1331 ἐστὶ,
3058 1267 3242 1332 πενία,
3267 1269 3361 1320 καὶ
3389 1268 3564 1334 νόσος,

1977 1356 2071 1409 καὶ¹
2126 1357 2330 1411 παίδων
2370 1357 2633 1427 ἀποϐολὴ,
2674 1357 2767 1409 καὶ⁸
2812 1353 3020 1426 ἐχθρῶν
3053 1354 3440 1418 ἐπανάστασις,
3469 1356 3566 1409 καὶ

1977 1443 2144 1511 φίλων
2191 1443 2551 1515 ἀγνωμοσύνη
2581 1443 2631 1506 ἀ,
2665 1444 2761 1497 καὶ
2805 1442 2982 1512 λιμὸς,
3016 1442 3109 1495 καὶ
3146 1443 3347 1515 σαρκὸς
3382 1441 3565 1497 ὀδύναι

1974 1531 2261 1599 διηνεκεῖς,
2298 1532 2394 1584 καὶ
2433 1532 2693 1603 λοιδορίαι
2725 1532 2818 1584 καὶ
2846 1531 3223 1598 συκοφαντίαι,
3255 1531 3348 1583 καὶ
3379 1531 3440 1584 16
3466 1530 3566 1601 τὴν

1975 1619 2215 1689 πονηράν
2249 1621 2549 1690 κτήσασθαι
2577 1618 2849 1690 ὑπόληψιν
2869 1636 2884 1650 ⁸
2911 1620 3004 1672 καὶ
3034 1618 3207 1672 ταῦτα
3248 1618 3462 1671 ᾶπαντα
3484 1619 3567 1683 είς

1973 1707 2031 1757 ἓν
2074 1706 2306 1778 ἐξεχύθη
2335 1706 2515 1778 σῶμα,
2550 1707 2643 1760 καὶ
2677 1709 2806 1778 μιᾶς
2840 1705 3255 1776 κατεσκευάσθη
3293 1717 3316 1745 ο
3349 1706 3562 1776 ψυχῆςο

1972 1792 2066 1845 καὶ
2097 1792 2157 1844 16
2183 1793 2247 1863 δὴ
2280 1793 2677 1864 χαλεπώτερον,
2701 1795 2782 1846 ὅτι
2813 1794 2906 1846 καὶ
2938 1793 3257 1864 ἀμελετήτῳ
3289 1793 3404 1846 ὄντι
3439 1793 3564 1846 ἐπέ-

1969 1877 2114 1934 θετο.
2139 1879 2280 1932 Ὅδέ
2309 1879 2450 1947 λέγω
2486 1881 2726 1933 τοιοῦτόν
2761 1881 2908 1934 ἐστιν
2931 1898 2947 1914 ·
2994 1879 3052 1932 Ὀ
3093 1881 3157 1933 ἐκ
3190 1882 3439 1951 πενήτων
3473 1898 3565 1934 τε-

1971 1966 2139 2036 χθεὶς,
2161 1967 2252 2020 καὶ
2273 1970 2330 2020 ἐν
2341 1968 2490 2038 οἰκίᾳ
2505 1970 2727 2040 τοιαύτῃ
2747 1969 2998 2039 τραφεὶς,
3023 1967 3118 2022 ἀτε
3140 1971 3562 2040 γυμνασάμενος

1971 2056 2065 2108 καὶ
2099 2055 2422 2128 μελετήσας,
2458 2056 2654 2128 ῥᾳδίως
2686 2055 2752 2110 ἂν
2787 2057 3006 2125 ἐνέγκαι
3037 2057 3134 2126 τῆς
3161 2057 3353 2120 πενίας
3376 2057 3436 2110 16
3467 2057 3562 2126 βά-

1969 2159 2065 2213 ρος
2087 2159 2106 2177 ο
2132 2146 2164 2196 ὁ
2189 2144 2244 2196 δὲ
2269 2145 2545 2207 τοσούτοις
2575 2144 3007 2216 περιιρῤεόμενος
3032 2147 3281 2214 χρήμασι
3315 2144 3406 2196 καὶ⁹
3436 2161 3560 2198 τοσα-

1963 2229 2111 2300 ούτῳ
2155 2229 2374 2301 πλούτῳ
2430 2230 2638 2302 κομῶν,
2678 2228 2798 2284 εἷτα
2829 2230 3026 2302 ἀθρόον
3085 2234 3166 2294 είς
3214 2230 3276 2283 16
3318 2232 3560 2285 ἐναντίον

1967 2317 2312 2388 μεταπεσὼν,
2336 2319 2435 2371 οὑκ
2451 2317 2516 2371 ἂν
2538 2318 2774 2380 εὐκόλως
2805 2317 3097 2388 ὑπομείναι
3114 2316 3211 2388 τὴν
3233 2317 3554 2388 μεταϐολήνο

1969 2405 2192 2475 καὶγὰρ
2217 2406 2552 2476 ἀγυμνάστῳ
2569 2406 2682 2458 ὄντι
2699 2405 3064 2476 χαλεπωτέρα
3095 2405 3343 2474 φαίνεται
3365 2405 3559 2476 ἀθρόον

1968 2493 2376 2562 προσπεσοῦσα.
2427 2491 2596 2546 Πάλιν
2617 2494 2645 2546 6
2675 2493 2890 2562 ἄσημος
2928 2491 3024 2544 καὶ
3051 2490 3111 2557 ἐξ
3143 2493 3374 2562 ἀσήμων
3402 2493 3559 2560 γενό-

1965 2596 2150 2650 μενος,
2191 2580 2286 2633 καὶ
2322 2581 2485 2650 ἐντῷ
2511 2579 2774 2651 διηνεκῶς
2809 2579 3270 2649 καταφρονεῖσθαι
3291 2577 3420 2642 ζῶν,
3456 2579 3557 2633 οὑκ

1967 2667 2034 2722 ἀν
2063 2668 2271 2740 σφόδρα
2293 2668 2699 2740 λοιδορούμενος
2717 2669 2809 2722 καὶ
2835 2668 3192 2740 ὑϐριζόμενος
3220 2668 3516 2740 ταραχθείη
3537 2683 3554 2700 ·

1964 2757 1993 2808 6
2018 2755 2074 2809 δὲ
2107 2757 2376 2827 τοσαύτης
2433 2756 2748 2820 ἀπολαύσας
2800 2755 2983 2827 δόξης,
3029 2757 3122 2810 καὶ
3148 2757 3298 2830 παρὰ
3339 2756 3556 2810 πάντων

1964 2843 2448 2915 δορυφορούμενος,
2507 2843 2601 2897 καὶ
2630 2845 2686 2895 ἐν
2720 2845 2832 2906 τοῖς
2869 2842 3133 2896 ἀπάντων
3170 2843 3430 2914 στόμασιν
3453 2841 3552 2907 ῶν,

1964 2933 2058 2986 καὶ
2110 2930 2384 3002 πανταχοῦ
2419 2929 2569 3002 »μετά
2622 2930 2819 3000 πολλῆς
2847 2930 3360 3002 ἀνακηρυττόμενος
3402 2948 3556 3000 περι-

1966 3019 2210 3088 φανείας,
2240 3021 2319 3083 είς
2369 3019 2594 3089 ἀτιμίαν
2625 3018 2722 3070 καὶ
2766 3017 3043 3070 εὐτέλειαν
3084 3019 3447 3088 κατενεχθεὶς,
3492 3015 3554 3072 τὸ

1965 3107 2096 3160 αὑτὸ
2117 3108 2182 3160 ἂν
2211 3107 2371 3186 πάθοι
2398 3107 2475 3178 τῷ
2501 3107 2609 3160 ἀπὸ
2637 3107 2896 3160 πλουσίου
2921 3106 3114 3177 ἀθρόον
3142 3108 3420 3178 γενομένῳ
3452 3107 3551 3161 πέ-

1963 3214 2102 3266 νητι.
2155 3197 2263 3250 Καὶ
2308 3199 2336 3250 6
2394 3197 2588 3261 παῖδας
2617 3194 2906 3250 ἀποϐαλὼν
2939 3196 3120 3257 πάλιν,
3164 3195 3271 3248 κάν
3305 3197 3553 3258 ἅπαντας

1963 3285 2230 3359 ἀποϐάλῃ,
2258 3286 2332 3356 μὴ
2372 3287 2428 3338 ἐν
2455 3286 2538 3338 ἐνὶ
2569 3286 2626 3338 δέ
2660 3284 2859 3356 καιρῷ,
2886 3285 3013 3348 τοὺς
3054 3284 3410 3354 λειπομένους
3438 3285 3553 3356 ἔχει

1965 3370 2115 3444 [544]
2148 3373 2254 3424 τῶν
2276 3372 2618 3425 ἀπελθόντων
2649 3371 3023 3444 παραμυθίαν,
3066 3373 3160 3424 καὶ
3184 3373 3280 3442 τῆς
3303 3373 3394 3424 ἐπὶ
3424 3390 3553 3442 προ-

1962 3459 2136 3530 τέρων
2170 3458 2428 3530 τελευτῆς
2460 3459 2556 3512 τοῦ
2607 3458 2815 3522 πάθους
2855 3458 3140 3529 λήξαντος,
3175 3458 3290 3530 ἀνή
3320 3459 3411 3512 τοῦ
3439 3459 3551 3513 δευο

1960 3547 2120 3620 τέρου
2142 3549 2511 3622 προσγένηται
2532 3549 2669 3620 μετὰ
2691 3548 2903 3620 χρόνον,
2935 3548 3090 3601 τοῦτο
3112 3547 3261 3617 αὑτῴ
3291 3549 3551 3619 προσηνέ-

1963 3651 2154 3707 στερον
2197 3636 2404 3705 γίνεται
2450 3636 2511 3689 τὸ
2537 3635 2736 3699 πάθος·
2771 3637 2829 3689 οὑ
2866 3637 2972 3708 γάρ
3006 3635 3185 3707 νεαρῷ
3224 3636 3336 3688 δντι
3366 3635 3553 3692 ἔπεισι

1959 3725 2037 3796 τῷ
2067 3724 2234 3787 ἕλκει,
2261 3725 2396 3780 ἀλλά
2418 3725 2732 3798 κοιμηθέντι
2772 3724 2869 3795 ῆδη
2895 3726 2990 3777 καὶ
3013 3724 3389 3793 ἀφανισθέντι,
3408 3725 3550 3796 ὅπερ

1959 3812 2058 3866 οὑκ
2094 3812 2271 3882 ὀλίγον
2307 3812 2673 3884 ὑποτέμνεται
2698 3813 2796 3882 τῆς
2820 3811 3030 3880 ὀδύνης.
3066 3804 3233 3873 Οὗτος
3254 3811 3546 3882 ὁλόκληρον

1959 3901 2108 3972 αὑτῷ
2165 3901 2256 3954 16v
2309 3901 2467 3972 χορὸν
2500 3897 2638 3953 εἶδεν
2670 3903 2726 3952 ἐν
2760 3900 2860 3970 μιᾷ
2889 3900 3305 3968 ἀναρπασθέντα
3349 3901 3543 3972 καιριῦ

1962 3990 2124 4058 ῥοπῇ,
2167 3988 2262 4041 καὶ
2285 3988 2471 4058 τρόπῳ
2501 3987 2818 4058 πικροτάτῳ
2851 3985 3129 4054 τελευτῆς.
3162 3987 3273 4041 Καὶ
3307 3986 3416 4060 γάρ
3449 3989 3558 4049 καὶ,

1960 4075 2133 4145 βίαιος
2159 4076 2253 4129 καὶ
2277 4076 2454 4144 ἄωρος
2480 4076 2508 4128 6
2551 4073 2784 4137 θάνατος
2815 4069 2904 4145 ἦν,
2936 4074 3029 4128 καὶ
3059 4075 3088 4126 6
3139 4076 3326 4144 καιρὸς
3361 4075 3418 4128 δέ
3445 4075 3562 4136 καὶ

1956 4165 1984 4216 6
2011 4163 2176 4228 τόπος
2205 4163 2265 4216 οὑ
2297 4163 2500 4233 μικράν
2527 4161 2701 4214 ἐποίει
2728 4161 2805 4232 τῷ
2841 4162 3026 4216 πένθει
3060 4162 3409 4234 προσθήκην·
3446 4164 3560 4222 καὶ,

1956 4251 2064 4322 γὰρ
2091 4253 2147 4304 ἐν
2179 4250 2299 4322 ὥρα
2351 4249 2679 4320 συμποσίου,
2711 4251 2809 4303 καὶ
2853 4251 2914 4304 ἐν
2950 4250 3098 4322 οἰκίᾳ
3123 4254 3188 4322 τῇ
3222 4254 3332 4314 τοῖς
3365 4250 3554 4317 ξένοις

1955 4339 2299 4410 ἀνεῳγμένη,
2322 4339 2417 4391 καὶ
2442 4339 2614 4407 τάφος
2639 4339 2822 4402 αὐτοῖς
2855 4339 2886 4390 6
2913 4335 3062 4402 οἶκος
3098 4339 3338 4406 ἐγένετο.
3375 4339 3440 4393 Τί
3473 4339 3559 4394 ἄν.

1953 4446 2036 4492 τις
2065 4429 2212 4482 εἴποι
2243 4427 2334 4482 τὸν
2365 4427 2523 4498 λιμὸν
2567 4429 2774 4482 ἐκεῖνον
2821 4427 2911 4482 τὸν
2958 4428 3290 4501 καινότερον,
3326 4427 3420 4482 καὶ
3441 4427 3557 4506 ἐρ-.

1955 4515 2288 4588 μηνευθῆναι
2316 4515 2390 4586 μὴ
2404 4515 2722 4586 δυνάμενον,
2739 4515 2828 4569 τὸν
2849 4514 3117 4582 ἑκούσιον,
3132 4516 3220 4569 τὸν
3246 4515 3534 4580 ἀκούσιον;

1951 4609 2011 4661 οὑ
2047 4606 2156 4680 γὰρ
2177 4600 2296 4660 οἶδα
2353 4603 2472 4668 πῶς
2506 4605 2667 4657 αὑτὸν
2707 4604 2943 4670 καλέσω,
2982 4605 3110 4658 -οὑδέ
3150 4605 3262 4674 γὰρ
3293 4604 3555 4674 εὑρίσκω.

1950 4696 2010 4750 τὸ
2035 4696 2208 4765 ὄνομα
2231 4693 2496 4748 ἐπιθεῖναι
2526 4692 2603 4764 τῷ
2634 4694 2923 4764 παραδόξῳ
2943 4693 3040 4762 τῆς
3075 4693 3548 4762 συμφορᾶςεῖδει.,

1951 4785 2061 4837 Καὶ
2092 4783 2200 4854 γὰρ
2229 4782 2640 4854 παρακειμένης
2683 4781 2940 4850 ἀπείχετο
2970 4781 3070 4850 τῆς
3097 4780 3397 4852 τραπέζης,
3437 4779 3543 4835 καὶ

1948 4871 2240 4942 ὁρωμένων
2281 4870 2380 4940 οὑχ
2421 4870 2632 4939 ἥπτετο
2651 4868 2758 4921 τῶν
2796 4868 3003 4920 σιτίων.
3045 4866 3165 4920 Τῶν
3192 4868 3300 4939 γάρ
3323 4869 3452 4940 περὶ
3472 4869 3534 4922 τὸ

1951 4961 2108 5031 σῶμα
2139 4960 2466 5030 τραυμάτων
2498 4960 2532 5028 ή
2557 4957 2792 5010 δυσωδία
2833 4955 3272 5028 προσαπαντῶσα
3301 4959 3532 5015 κατέλυε

1945 5051 2044 5120 τὴν
2062 5050 2378 5119 ἐπιθυμίαν,
2392 5048 2486 5102 καὶ
2508 5045 2676 5116 αὑτήν
2697 5045 3006 5116 ἐνεπίμπλα
3021 5045 3116 5118 τὴν
3134 5047 3410 5120 τράπεζαν
3429 5047 3530 5118 τῆς

1946 5139 2157 5209 ἀηδίας.
2177 5138 2280 5194 Καὶ
2306 5134 2462 5192 τοῦτο
2477 5135 2651 5205 δηλῶν
2681 5136 2884 5204 έλεγεψ
2910 5133 3160 5205 Βρῶμον
3187 5138 3296 5208 γὰρ
3314 5136 3430 5206 ὁρῶ
3458 5137 3532 5194 τὰ

1944 5227 2082 5282 σῖτά
2101 5245 2244 5296 μου.
2283 5226 2391 5278 Καὶ
2419 5227 2450 5296 ἡ
2483 5225 2581 5296 μὲν
2604 5224 2816 5296 ἀνάγκη
2851 5224 2946 5278 τοῦ
2972 5225 3130 5296 λιμοῦ
3164 5225 3274 5279 τῶν
3307 5242 3530 5298 προκει-

1947 5315 2122 5385 μένων
2153 5313 2418 5367 ἀπτεσθαι
2463 5312 2708 5375 ἐϐιάζετο
2729 5329 2741 5341 ·
2775 5314 2806 5382 ή
2848 5312 2905 5371 δέ
2934 5313 3030 5383 τῆς
3068 5313 3329 5376 δυσωδίας
3355 5314 3526 5382 ὑπερ-

1943 5403 2072 5474 ϐολὴ
2100 5403 2194 5471 τῆς
2240 5403 2303 5454 ἐκ
2336 5401 2442 5454 τῶν
2470 5400 2689 5471 σαρκῶν
2720 5401 3016 5472 γινομένης
3050 5401 3206 5454 ἐνίκα
3233 5400 3326 5455 τοῦ
3361 5398 3529 5472 λιμοῦ

1940 5493 2040 5562 τὴν
2069 5491 2206 5560 βίαν.
2227 5489 2326 5542 Διά
2350 5489 2413 5562 δὴ
2442 5488 2598 5542 τοῦτο
2618 5485 2794 5557 εἶπον,
2817 5490 2931 5543 Οὑκ
2957 5488 3067 5560 ἐχω
3095 5489 3210 5556 πῶς
3237 5489 3401 5544 αὑτὸν
3421 5503 3525 5542 κα-

1999 5685 2024 5722 ι¹
2058 5684 2189 5734 Unus
2210 5685 2358 5745 φίλων
2376 5684 2725 5745 ἀγνωμοσύναι.

1997 5750 2021 5777 ⁸
2047 5748 2157 5798 Duo
2180 5744 2558 5806 κατεσκευάσθη.
2585 5747 2710 5798 Εόίῐ.
2737 5744 3107 5803 κατεσκιδάσθη.
