4030 6206
526 331 633 389 565

526 443 687 497 λέσω.
723 445 1027 505 Ἐκούσιον;
1077 448 1213 500 Ἀλλ’
1272 449 1521 505 ἐϐούλετο
1564 450 1861 520 γεύσασθαι
1906 462 1933 491 ι
1986 449 2094 503 τῶν

529 534 923 602 προκειμένων.
963 535 1119 588 Ἀλλά
1148 537 1606 605 ἀκούσιον;“Αλλά
1635 541 1814 612 παρῆν
1835 541 1903 594 τὰ
1933 540 2095 605 σιτία,

529 621 623 672 καὶ
659 620 829 684 οὐδεὶς
855 624 883 674 ό
913 621 1135 675 κωλύων
1176 618 1265 695 ἦν.
1306 625 1430 689 Πῶς
1480 627 1547 681 ἂν
1592 627 1964 699 διηγησαίμην
1998 628 2097 692 τὰς

526 707 735 773 ὀδύνας,
798 707 895 771 τάς
953 710 1135 779 πηγὰς
1161 712 1267 765 τῶν
1301 713 1617 785 σκωλήκων,
1660 718 1748 769 τὸν
1796 716 1969 787 ίχῶρα
2005 716 2097 770 τὸν

526 796 916 869 καταρρέοντα,
943 799 1009 851 τά
1024 799 1198 872 ὀνείδη
1231 802 1338 854 τῶν
1356 803 1544 872 φίλων,
1570 806 1666 876 τὴν
1695 806 2096 876 καταφρόνησιν

522 884 630 939 τῶν
661 888 920 954 οίκετῶν;
956 891 1038 943 Οὐ
1055 890 1164 960 γὰρ
1192 891 1516 960 ἐφείσαντό
1537 911 1679 963 μου,
1716 895 1901 965 φησὶν,
1936 897 1990 949 οί
2013 897 2095 949 ol-

524 974 686 1028 κέται
718 992 846 1044 -μου
911 976 1030 1032 ἀπὸ
1086 980 1410 1048 προσώπου
1442 982 1879 1053 ἐμπτυσμάτων
1896 1001 1911 1016 ’
1968 985 2095 1050 τοὺς

525 1063 967 1135 ἐπεμϐαίνοντας,
996 1072 1123 1136 τοὺς
1162 1074 1588 1146 ἐφαλλομένους;
1642 1076 1762 1143 Οὓς
1811 1076 1922 1148 γὰρ
1978 1079 2092 1146 οὐχ

518 1159 865 1230 ἡγησάμην,
911 1166 1096 1234 φησὶν,
1143 1165 1355 1233 ἀξίους
1384 1164 1537 1221 εἶναι
1562 1168 1761 1224 κυνῶν
1789 1170 1906 1225 τῶν
1936 1169 2096 1239 ἐμῶν

517 1248 795 1318 νομάδων
816 1292 831 1316 ,
897 1250 1062 1308 οὗτοι
1129 1254 1247 1309 νῦν
1302 1256 1749 1312 ὲπιπεπτώκασί
1806 1277 1907 1329 μοι
1932 1301 1947 1325 ,
1994 1261 2091 1314 καὶ

518 1342 877 1397 νουθετοῦσι
929 1363 1007 1414 με
1067 1345 1395 1415 ἐλάχιστοι.
1445 1350 1519 1403 Οὑ
1574 1350 1721 1404 δοκεῖ
1778 1367 1859 1403 σοι
1922 1350 2092 1405 ταῦτα

519 1435 700 1488 πᾶντα
746 1436 959 1506 χαλεπά
1010 1433 1184 1504 εἷναις
1225 1440 1319 1494 καὶ
1364 1442 1471 1512 γάρ
1506 1441 1623 1495 ἐστι
1677 1439 1906 1512 χαλεπά.
1938 1442 2093 1496 Εἴπω

518 1527 579 1581 τὸ
602 1529 893 1597 κεφάλαιον
919 1530 1027 1586 τῶν
1048 1533 1261 1607 κακῶν,
1277 1533 1369 1586 τὸν
1395 1533 1673 1604 κολοφῶνα
1692 1535 1792 1606 τῆς
1810 1540 2094 1607 συμφορᾶς

518 1619 610 1673 τὸν
628 1622 863 1692 μάλιστα
891 1625 1128 1696 ἀγχοντα
1164 1604 1358 1693 οἷὺτόνς
1398 1628 1455 1681 Ὀ
1475 1627 1681 1699 χειμὼν
1710 1604 1820 1682 τῶν
1848 1604 2092 1701 θδρύϐων

517 1711 629 1767 τῶν
662 1715 719 1768 ἐν
763 1714 840 1787 τῷ
894 1716 1138 1791 λογισμῷ
1170 1719 1469 1790 γινομένων
1506 1721 1656 1793 αὑτῷ
1701 1722 1931 1793 μάλιστα
1961 1720 2028 1796 ἦν
2061 1726 2090 1778 ό

514 1804 838 1876 ἀποπνίγων
893 1809 1075 1877 αὑτὸν,
1118 1811 1212 1867 καὶ
1253 1813 1502 1885 ἀφόρητα
1534 1814 1583 1877 ι),
1628 1815 1721 1869 καὶ
1752 1816 1813 1870 τὸ
1852 1817 2091 1881 συνειδὸς

518 1896 683 1953 αὑτοῦ
705 1899 766 1953 τὸ
789 1900 1027 1972 καθαρὴν
1058 1903 1214 1957 τοῦτο
1239 1905 1474 1976 μάλιστα
1495 1906 1667 1960 ἐποίει
1695 1907 1793 1979 τήν
1813 1907 1960 1963 ἔνδον
1992 1908 2089 1972 ζά-

515 1987 634 2061 λην,
665 1993 758 2045 καὶ
791 1994 1013 2048 ἐσκότου
1064 1995 1154 2049 τὸν
1194 1995 1475 2067 λογισμδν,
1504 2000 1598 2052 καὶ
1626 1998 1716 2053 τὸν
1751 1999 2088 2072 κυϐερνήτην

511 2081 832 2147 ἐτάραττεν.
869 2087 932 2139 Οί
968 2085 1065 2157 μὲν
1094 2087 1201 2159 γὰρ
1229 2088 1439 2152 ἑαυτοῖς
1490 2091 1789 2155 συνειδότες
1844 2092 2091 2164 ἁμαρτή-

521 2188 667 2242 ματα
692 2172 883 2237 πολλὰ,
941 2174 1046 2229 κᾶν
1076 2176 1291 2231 πάθωσί
1323 2195 1376 2232 τι
1421 2179 1614 2243 δεινὸν,
1643 2179 1824 2250 έχουσι
1857 2183 1962 2236 κᾶν
1995 2183 2087 2236 τὸν

515 2264 674 2334 λόγον
701 2266 883 2336 εὑρεῖν
905 2266 1012 2320 τῶν
1041 2267 1361 2338 γινομένων.
1390 2269 1490 2333 τὰς
1526 2272 1802 2342 ἀμαρτίας
1828 2273 1930 2336 τάς
1962 2276 2090 2327 ἐαυ-

513 2354 625 2409 τῶν
681 2355 1020 2426 λογιζόμενοι
1073 2369 1122 2423 ε,
1167 2359 1263 2412 καὶ
1292 2360 1511 2423 λύοντες
1542 2361 1641 2433 τὴν
1674 2364 1766 2416 ἐπὶ
1795 2366 1860 2435 τῇ
1884 2364 2090 2435 ἀπορίᾳ.

510 2445 668 2521 1545]
702 2451 963 2520 ταραχήν.
1013 2450 1183 2504 Πάλιν
1207 2453 1256 2505 οί
1301 2452 1466 2523 μηδὲν
1512 2455 1723 2518 ἑαυτοῖς
1765 2456 2085 2523 συνειδότες,

511 2538 651 2594 ἀλλά
683 2539 1071 2612 κατορθώμασι
1096 2542 1396 2613 κομῶντες,
1426 2544 1492 2599 ἂν
1518 2545 1798 2599 πάθωσίτι
1825 2548 2085 2615 τοιοῦτον,

511 2630 604 2686 τὸν
632 2633 762 2703 περὶ
787 2633 889 2704 τῆς
912 2635 1261 2700 ἀναστάσεως
1282 2636 1479 2700 είδότες
1497 2637 1674 2707 λόγον,
1698 2641 1793 2694 καὶ
1815 2639 1911 2705 τάς
1929 2641 2088 2710 ἀμοι-

513 2723 615 2789 ϐἀς
641 2724 948 2790 ἐννοοῦντες
978 2726 1212 2792 ἐκείνας,
1239 2729 1463 2795 οἴδασιν,
1480 2732 1563 2785 ὅτι
1592 2727 1744 2785 ἆθλοι
1772 2732 1838 2786 τά
1857 2733 2088 2803 συμϐαί-

513 2831 671 2871 νοντα
704 2818 799 2871 καὶ
831 2817 1040 2891 μυρίων
1070 2821 1348 2890 στεφάνων
1374 2822 1680 2887 ὑποθέσεις.
1709 2818 1876 2888 Οὗτος
1902 2825 1960 2879 δὲ
1989 2825 2086 2880 καὶ

509 2906 718 2972 δίκαιος
753 2908 851 2973 ὢν,
884 2910 977 2964 καὶ
1001 2912 1129 2983 περὶ
1155 2913 1503 2977 ἀναστάσεως
1524 2916 1879 2986 ἐπιστάμενος
1911 2916 2082 2980 οὐδὲν,

508 2997 683 3070 ταύτῃ
725 2998 960 3070 μάλιστα
1018 2999 1424 3065 ἐκλυδωνίζετο,
1467 3001 1566 3053 οὑκ
1595 3002 1751 3065 εἰδὼς
1776 3001 1874 3073 τήν
1905 3003 2084 3055 αἰτίαν

507 3083 585 3150 ὧν
616 3091 841 3163 ἔπασχε,
877 3091 973 3145 καὶ
1001 3091 1111 3145 τῶν
1145 3093 1444 3164 σκωλήκων
1472 3094 1565 3146 καὶ
1593 3094 1702 3146 τῶν
1728 3094 1950 3156 ὀδυνῶν,
1978 3092 2084 3147 ὑπὸ

507 3182 611 3254 τῆς
645 3184 878 3254 ἀπορίας
926 3182 1132 3255 ταύτης
1190 3184 1390 3254 μᾶλλον
1437 3185 1811 3257 κεντούμενος.
1849 3185 1962 3238 Καὶ⁵
1998 3186 2084 3239 ἵνα

510 3274 713 3349 μάθῃς,
748 3275 829 3327 ὅτι
860 3273 1017 3329 ταῦθ’
1059 3274 1233 3339 οὑτως
1265 3276 1400 3350 ἔχει,
1428 3278 1517 3331 ὅτε
1547 3276 1884 3348 κατηξίωσεν
1905 3277 1935 3329 ὁ
1960 3276 2082 3345 φιλ-

508 3368 793 3440 άνθρωπος
821 3365 954 3433 Θεὸς
988 3369 1160 3422 εἰπεῖν
1181 3368 1329 3440 αὑτῷ
1358 3369 1465 3424 τῶν
1495 3368 1719 3439 ἀγώνων
1748 3370 1953 3425 τούτων
1983 3371 2081 3443 τὴν

507 3460 707 3524 αἰτίαν,
734 3462 816 3515 ὅτι
840 3462 955 3515 Ἵνα
972 3459 1179 3525 δίκαιος
1208 3462 1487 3533 ἀναφανῇς
1512 3461 1685 3517 ταῦτα
1707 3463 2078 3535 συνεχωρήθη,

507 3548 683 3614 οὕτως
709 3550 1061 3613 ἀνέπνευσεν,
1090 3550 1166 3614 ὡς
1199 3550 1334 3622 μηδὲ
1367 3551 1649 3616 πεπονθώς
1673 3570 1727 3606 τι
1765 3552 1874 3606 τῶν
1905 3552 2080 3624 λυπη-

508 3640 621 3714 ρῶν
654 3642 901 3707 ἐκείνων,
932 3642 1028 3697 καὶ
1060 3642 1217 3697 τοῦτο
1254 3643 1313 3710 ἐξ
1346 3636 1421 3699 ὧν
1468 3641 1766 3713 ἐφθέγξατο
1794 3643 2078 3714 ἐδήλωσεν.

521 3731 661 3787 Ἀλλ’
691 3733 840 3803 ὅμως
869 3733 965 3788 καὶ
1020 3735 1151 3806 πρὶν
1193 3734 1226 3806 ἢ
1275 3734 1465 3805 μαθεῖν
1495 3733 1593 3805 τὴν
1615 3734 1816 3798 αἰτίαν,
1842 3734 2081 3790 ὠδυνᾶτο

509 3822 630 3894 μὲν,
657 3823 819 3895 ἔφερε
848 3824 906 3879 δὲ
940 3825 1223 3893 γενναίως,
1257 3825 1351 3879 καὶ
1385 3824 1522 3895 μετά
1553 3824 1615 3878 τὸ
1646 3825 1823 3879 πάντα
1869 3824 2081 3878 ἀποϐα-

504 3914 638 3982 λεῖν,
664 3914 760 3989 τὴν
788 3916 1096 3988 θαυμασίαν
1112 3916 1325 3988 ἐκείνην
1341 3917 1519 3988 ἀφῆκε
1540 3918 1723 3988 φωνήν
1742 3932 1757 3946 ⁸
1802 3915 1854 3969 ’0
1866 3903 2081 3986 Κύριος

503 4008 749 4074 ἔδωκεν,
769 4012 802 4065 ὁ
832 4012 1045 4079 Κύριος
1076 4011 1375 4080 ἀφείλετο·
1412 4012 1493 4078 ὡς
1525 4009 1604 4077 τῷ
1630 4010 1826 4078 Κυρίῳ
1843 4009 2078 4076 ἔδοξεν,

503 4100 694 4168 οὕτως
711 4104 808 4157 καί
834 4103 1069 4172 ἐγένετο
1094 4122 1109 4137 ο
1129 4106 1226 4174 εἴη
1270 4107 1335 4160 τὸ
1369 4104 1555 4176 ὄνομα
1582 4105 1804 4174 Κυρίου
1831 4106 2083 4176 εὐλογη-

502 4191 690 4262 ιιένον
714 4194 803 4258 είς
829 4193 972 4260 τοὺς
989 4193 1229 4262 αἰῶνας.

579 4284 646 4339 θ’.
679 4283 839 4341 Ἀλλὰ
859 4285 969 4359 γάρ
997 4286 1148 4340 ἔοικα
1164 4287 1270 4342 ὑπὸ
1281 4287 1377 4342 τοῦ
1391 4287 1594 4358 ἔρωτος
1607 4287 1702 4342 τοῦ
1733 4288 1922 4360 ἀνδρὸς
1945 4306 2080 4343 κατ-

504 4372 785 4449 εχόμενος,
806 4377 1139 4450 πορρωτέρω
1165 4378 1267 4449 τῆς
1292 4377 1603 4441 ὑποθέσεως
1616 4378 1944 4449 ἐληλακέναι
1979 4379 2081 4450 τῆς

506 4471 907 4546 προκειμένης·
938 4473 1020 4527 διδ
1045 4471 1207 4541 ὀλίγα
1250 4473 1506 4544 προσθεὶς
1546 4472 1757 4544 ἅψομαι
1802 4474 1911 4528 τῶν
1944 4491 2080 4546 προ-

505 4566 777 4637 κειμένων
832 4565 1014 4620 πάλιν.
1059 4560 1227 4629 Οὗτος
1262 4564 1442 4620 τοίνυν
1470 4567 1499 4619 ό
1530 4564 1781 4630 τοσοῦτος
1805 4566 1900 4620 καὶ
1928 4567 2082 4638 τηλο·

504 4654 701 4719 χοῦτος
725 4653 885 4726 ἀνὴρ,
918 4655 947 4707 ὁ
969 4652 1238 4718 τοσαύτας
1258 4656 1502 4725 ἀνάγκας
1531 4655 1744 4726 φύσεως
1767 4659 2081 4730 καταπατή-

506 4764 627 4811 σας,
656 4747 759 4802 οὑκ
790 4746 1086 4818 ἐτόλμησεν
1113 4746 1233 4801 οὑδὲ
1261 4748 1422 4812 αὐτὸς
1454 4751 1535 4812 είς
1565 4749 1656 4804 τὸν
1686 4749 1873 4818 ἀγῶνα
1891 4750 2080 4806 τοῦτον

504 4840 771 4908 καθεῖναι,
824 4839 963 4895 ἀλλά
1015 4841 1109 4895 καὶ
1141 4842 1396 4911 γυναικὸς
1434 4842 1729 4908 ἀπέλαυσε,
1763 4843 1858 4897 καὶ
1898 4844 2081 4919 πατὴρ

506 4929 724 4999 ἐγένετο
778 4933 981 4988 παίδων
1033 4935 1325 4991 τοσούτων.
1360 4936 1604 5009 Τοσαύτη
1654 4938 1752 5009 τῆς
1781 4938 2080 5012 παρθενίας

505 5023 543 5094 η
566 5023 842 5090 δυσκολία,
869 5024 1043 5090 οὑτως
1071 5027 1266 5099 ὑψηλοὶ
1295 5029 1387 5083 καὶ
1406 5029 1628 5101 μεγάλοι
1658 5031 1832 5101 αὐτῆς
1860 5033 1909 5086 oi
1939 5033 2083 5103 ἀγῶ-

506 5131 618 5180 νες,
670 5114 765 5170 καὶ
819 5116 1047 5188 χαλεποὶ
1090 5121 1141 5173 οί
1188 5121 1433 5193 ἱδρῶτες,
1474 5123 1567 5176 καὶ
1598 5122 1800 5195 πολλῆς
1836 5125 2097 5197 δεόμενοι

505 5204 608 5277 τῆς
634 5206 897 5273 εὐτονίας.
941 5210 1090 5263 um:
1105 5213 1255 5283 ὅμως
1276 5213 1466 5268 πολλαὶ
1481 5215 1588 5268 τῶν
1621 5215 1758 5287 πρὸς
1776 5215 1868 5269 τὸν
1894 5217 2081 5286 ἀγῶνα

504 5297 695 5353 τοῦτον
737 5300 1184 5374 ἀποδυσαμένων,
1230 5305 1404 5359 ἐκεῖνο
1436 5306 1496 5359 οὑ
1547 5306 1986 5376 κατηγωνίσαντο
2017 5307 2080 5361 τδ

506 5390 700 5458 πάθος,
732 5392 794 5445 τὸ
819 5393 914 5446 τού
937 5395 1326 5468 καλλωπισμοῦ
1367 5398 1468 5469 τῆς
1501 5400 1793 5472 περιϐολῆς
1818 5401 1926 5456 τῶν
1954 5403 2082 5473 ίμα-

566 5573 593 5604 ⁸
616 5571 768 5623 iidem
790 5570 1158 5633 ἀπογεύσασθαι.
1336 5559 1347 5568 ⁸
1608 5596 1645 5625 ο
2017 5602 2027 5615 ι

564 5634 593 5676 ιι
618 5634 769 5701 Ιὶρσζτη
790 5638 817 5684 ὸ
839 5634 982 5701 αὑτὸν
1000 5633 1273 5699 ἅποπνίγων
1309 5635 1574 5701 ἀφορήτως.
1601 5634 1713 5688 Duo
1730 5635 1813 5689 alii
1835 5639 1861 5688 6
1881 5638 2079 5688 ἀποπνί-

501 5714 597 5749 νων
615 5697 755 5746 αὑτὸν
780 5696 861 5745 καὶ
880 5695 1127 5758 ἀφόρητος.

564 5764 590 5795 ⁸
611 5761 720 5814 Duo
738 5757 1132 5823 ἀναλογιζόμενοι.

1203 337 1257 391 S.
1297 335 1580 394 JOANNIS
1614 331 2096 391 CHRYSOSTOMI
2136 330 2457 388 ARCHIEP.
2494 334 3044 401 CONSTANTINOP.

3658 356 3765 411 566

2194 445 2342 511 τίων,
2366 448 2497 508 ἀλλ’,
2522 452 2764 509 ἑάλωσαν
2793 458 2888 509 καὶ
2924 438 3295 530 ἐχειρώθησαν
3324 459 3415 513 καὶ
3443 461 3548 517 τῶν
3579 465 3766 533 βιωτι-

2192 536 2306 589 κῶν
2337 540 2610 606 γυναικῶν
2656 543 2875 613 μᾶλλον.
2907 544 2993 617 Μή
3029 547 3139 614 γάρ
3185 564 3273 618 μοι
3308 549 3464 603 τοῦτο
3501 550 3557 605 λέ
3570 570 3646 622 γε,
3682 559 3766 614 ὅτι

2190 625 2413 693 χρυσίον
2440 627 2501 678 οὑ
2529 629 2854 698 περίκειται,
2881 631 3002 687 οὑδὲ
3046 634 3243 705 σηρικὰ
3276 639 3369 691 καὶ
3410 642 3767 711 χρισόπαστα

2193 712 2614 803 περιϐέϐληνται
2643 717 2848 788 ἱμάτια,
2878 721 2999 774 οὑδὲ
3022 722 3378 795 περιδέῥραια
3406 727 3765 803 λιθοκόλλητα

2190 796 2393 868 ἔχουσι.
2420 801 2493 854 Τὸ
2525 803 2633 874 γὰρ
2666 805 3046 879 χαλεπώτερον
3089 811 3320 877 μάλιστα
3353 815 3572 871 πάντων
3603 796 3763 876 τοὺτό

2189 885 2326 952 ἐστι,
2358 887 2451 941 καὶ
2499 889 2527 941 ὃ
2559 891 2676 960 μεθ’
2710 892 3014 964 ὑπερϐολῆς
3060 896 3329 954 δείκνυσιν
3362 904 3541 957 αὑτῶν
3582 908 3643 961 τὸ
3675 911 3761 963 νό-

2192 990 2361 1045 σημα,
2420 979 2514 1031 καὶ
2558 980 2655 1033 τοῦ
2707 982 2912 1047 πάθους
2957 986 3057 1057 τήν
3086 990 3391 1061 τυραννίδα,
3421 992 3502 1046 ὅτι
3538 994 3762 1066 ἴσχυσαν

2190 1067 2285 1120 καὶ
2304 1069 2717 1143 ἐφιλονείκησαν
2747 1075 2841 1131 καὶ
2860 1078 3145 1134 ἐϐιάσαντο
3170 1082 3238 1135 δι’
3272 1085 3503 1141 εὐτελῶν
3534 1090 3760 1162 ἱματίων

2188 1158 2414 1214 ἐκείνων
2479 1162 2901 1235 ὑπερακοντίσαι
2954 1170 3045 1225 τὸν
3101 1172 3482 1249 καλλωπισμὸν
3535 1182 3641 1236 τῶν
3694 1186 3760 1238 τὰ

2192 1255 2369 1345 χρυσᾶ
2391 1260 2793 1329 περικειμένων
2829 1264 2923 1317 καὶ
2963 1264 3034 1318 τὰ
3077 1267 3266 1337 ἱμάτια
3295 1271 3362 1323 τά
3395 1256 3617 1345 σηρικὰ,
3667 1280 3759 1332 καὶ

2189 1344 2480 1416 ἐπέραστοι
2518 1350 2717 1420 μᾶλλον
2744 1355 2992 1410 ἐντεῦθεν
3018 1356 3046 1396 ἀ
3079 1359 3257 1413 αὑτῶν
3289 1344 3542 1435 φανῆναι,
3563 1368 3641 1432 ὡς
3663 1372 3760 1439 μὲν

2189 1438 2349 1492 αὑταὶ
2395 1441 2729 1511 νομίζουσιν,
2769 1446 3057 1520 ἀδιάφορον
3102 1451 3379 1520 μετιοῦσαι
3406 1438 3756 1530 πρᾶγμα,ίώς

2277 1530 2319 1621 ή
2365 1530 2460 1583 τοῦ
2492 1534 2813 1605 πράγματος
2864 1538 3020 1607 φύσις
3067 1541 3355 1611 δείκνυσιν,
3391 1526 3633 1621 ὀλέθριον
3665 1526 3758 1607 καλ

2188 1618 2451 1715 βλαϐερὸν
2492 1625 2586 1678 καὶ
2622 1625 2758 1695 βαθὺ
2814 1628 2871 1682 τὸ
2921 1630 3192 1705 βάραθρον
3224 1635 3364 1708 ἕχον.
3412 1618 3757 1715 Διὸνμυρίοις

2188 1712 2450 1783 στόμασιν
2504 1715 2900 1787 ἀνακηρύττειν
2949 1738 3010 1776 σε
3055 1725 3159 1797 χρὴ
3199 1727 3400 1799 ταύτης
3436 1712 3637 1787 ἕνεκεν*
3656 1735 3756 1806 τῆς

2187 1804 2516 1872 ὑποθέσεως,
2546 1810 2629 1862 ὅτι
2684 1811 2975 1883 παρθένοις
3000 1816 3189 1884 γέγονε
3232 1804 3754 1892 δυσκαταγώνιστον.

2185 1898 2343 1952 τοῦτο
2365 1902 2431 1971 τῇ
2487 1903 2545 1954 ἐν
2592 1906 2789 1977 χηρείᾳ
2820 1904 2969 1980 ζώσῃ
3011 1908 3152 1965 οὑτω
3188 1913 3368 1984 ῥᾴδιον
3399 1916 3490 1968 καὶ
3516 1915 3754 1981 εὔκολον,

2184 1989 2260 2082 ώς
2294 1991 2431 2063 αὑτὴ
2453 1992 2562 2048 τῶν
2577 1997 2918 2067 πραγμάτων
2943 1999 3140 2066 ἔδειξεν
3158 2006 3191 2074 ή
3221 2004 3463 2075 ἀλήθεια.
3487 2008 3625 2062 υὺδὲ
3645 2010 3756 2082 γὰρ

2183 2079 2283 2150 τὴν
2308 2081 2587 2137 εὐτέλειαν
2646 2085 2910 2157 θαυμάζω
2966 2092 3066 2163 τῆς
3099 2094 3391 2166 περιϐολῆς
3449 2098 3608 2168 μόνον
3654 2079 3758 2172 τὴν

2184 2171 2389 2241 ἄφατον
2409 2186 2456 2240 ο,
2482 2176 2576 2229 καὶ
2597 2179 2793 2243 αὑτοὺς
2814 2182 2940 2245 τοὺς
2962 2187 3384 2255 προσαιτοῦντας
3405 2192 3759 2263 ὑπερακοντί-

2185 2259 2405 2352 ζουσαν.
2432 2263 2579 2338 [546]
2596 2268 2731 2324 ἀλλά
2755 2272 2850 2325 καὶ
2879 2273 2941 2326 τὸ
2974 2275 3381 2347 ἀσχημάτιστον
3412 2259 3665 2352 μάλιστα,
3692 2285 3757 2339 τὸ

2184 2351 2599 2426 ἀνεπιτήδευτον
2622 2359 2731 2415 τῶν
2759 2364 3202 2437 περιϐλημάτων,
3235 2370 3344 2426 τῶν
3370 2373 3755 2447 ὑποδημάτων,

2181 2443 2281 2541 τῆς
2303 2443 2584 2541 βαδίσεως,
2604 2451 2764 2524 ίᾶπερ
2810 2454 3025 2511 ἅπαντα
3054 2459 3320 2531 χρώματά
3356 2464 3501 2519 ἐστιν
3527 2443 3751 2541 ἀρετῆς,

2181 2533 2281 2606 τὴν
2325 2537 2753 2616 ἐναποκειμένην
2780 2551 2845 2619 τῇ
2884 2548 3029 2623 ψυχῇ
3060 2553 3373 2625 φιλοσοφίαν
3401 2533 3600 2623 ἔξωθεν
3620 2533 3755 2616 ἀναίο

2181 2625 2592 2723 ἔνῖρσξφοὲχξφ-
2644 2639 2989 2723 fraternae.
3023 2644 3128 2716 γάρ
3153 2647 3393 2723 ἀϊδρὸςν
3438 2653 3621 2723 ww.
3649 2655 3750 2708 και

2184 2697 2392 2792 γέλωςή
2423 2702 2702 2771 ὀδόντων,
2752 2709 2849 2762 καὶ
2869 2697 2878 2708 ’
2899 2697 3073 2782 ,βῆμᾶ
3098 2697 3756 2792 ’πόδόῗῖιὶριῖγὶξὲζὲὲῖἶᾶ

2180 2790 2315 2860 περὶ
2342 2795 2549 2850 αὐτοῦ.
2572 2798 2633 2852 Εί
2660 2800 2768 2872 γάρ
2796 2804 2869 2874 μὴ
2899 2805 3018 2875 μεθ’
3046 2808 3352 2882 ὑπερϐολῆς
3375 2790 3511 2877 τοὺς
3529 2814 3757 2883 γεώδεις

2178 2883 2280 2979 τῆς
2310 2884 2570 2959 βιωτικῆς
2616 2895 2916 2960 φαντασίας
2970 2896 3261 2971 λογισμοὺς
3309 2906 3483 2976 χαμαὶ
3521 2906 3755 2979 ἔρριψας

2179 2977 2276 3031 καὶ
2308 2981 2712 3054 κατεπάτησας,
2737 2986 2837 3042 οὑκ
2881 2988 2949 3042 ἀν
2982 2990 3156 3057 οὑτως
3186 2993 3206 3033 ί
3248 2997 3329 3061 είς
3360 2977 3612 3053 τοσοῦτον
3657 3003 3752 3067 ἐξ·

2180 3070 2456 3141 επήδησας
2479 3074 2778 3147 ὑπεροψίας
2797 3081 2997 3146 αὑτῶν,
3021 3085 3120 3139 οὑκ
3135 3084 3202 3140 ἂν
3221 3088 3363 3143 οὑτω
3386 3090 3527 3143 κατά
3551 3092 3751 3163 κράτος

2180 3160 2278 3257 τήν
2298 3163 2693 3257 χαλεπωτάτην
2716 3173 2993 3245 ἀμαρτίαν
3035 3178 3238 3249 ταύτην
3276 3182 3532 3257 ἐνίκησάς
3569 3160 3626 3238 τε
3656 3187 3753 3239 καὶ

2180 3253 2484 3325 ἀπήλασας.
2530 3260 2687 3316 Ἀλλά
2723 3264 2907 3334 μηδεὶς
2952 3267 3259 3343 ὑπερϐολὴν
3296 3253 3752 3343 καταγινωσκέτω

2179 3343 2273 3397 τοῦ
2299 3344 2479 3416 λόγου,
2500 3351 2547 3405 εί
2574 3352 2963 3428 χαλεπωτάτην
2989 3359 3190 3431 ταύτην
3208 3362 3479 3434 ἁμαρτίαν
3492 3366 3748 3422 ἐκάλεσα.

2177 3435 2242 3492 Et
2276 3439 2383 3513 γὰρ
2419 3442 2511 3495 ἐπὶ
2542 3445 2649 3499 τῶν
2705 3446 2974 3516 βιωτικῶν
3012 3453 3105 3505 καὶ
3149 3454 3414 3525 Ἐϐραίων
3454 3460 3753 3527 γυναικῶν,

2179 3533 2274 3586 καὶ
2301 3536 2358 3587 ἐν
2385 3536 2576 3609 ἐκείνῳ
2606 3538 2684 3611 τῷ
2725 3543 2903 3615 καιρῷ
2929 3547 3196 3620 τοσαύτην
3218 3549 3379 3622 ἔφερε
3402 3552 3501 3623 τὴν
3531 3553 3755 3609 κόλασιν

2176 3624 2239 3718 τὸ
2273 3626 2670 3702 πλημμέλημα,
2708 3635 2801 3687 ἐπὶ
2825 3636 2934 3690 τῶν
2977 3639 3304 3709 ὀφειλουσῶν
3344 3644 3406 3697 τὸ
3448 3644 3755 3718 πολίτευμα.

2178 3715 2322 3788 ἔχειν
2338 3719 2396 3771 ἐν
2421 3721 2688 3794 οὐρανοῖς,
2724 3727 2816 3779 καὶ
2855 3728 3143 3797 ἀγγελικὸν
3181 3735 3461 3805 μιμεῖσθαι
3496 3737 3631 3807 βίον,
3656 3715 3750 3796 καὶ

2177 3807 2235 3862 ἐν
2263 3811 2444 3884 χάριτι
2497 3815 2949 3890 πολιτευομένων,
2974 3824 3095 3879 τίνα
3131 3825 3196 3879 ἂν
3224 3828 3376 3901 σχοίη
3422 3831 3755 3905 συγγνώμην

2177 3901 2238 3955 τὸ
2263 3903 2394 3958 αὑτὸ
2429 3907 2587 3962 τοῦτο
2640 3909 2987 3983 τολμώμενον
3016 3917 3155 3986 μετὰ
3183 3917 3425 3984 πλείονος
3450 3923 3549 3995 τῆς
3583 3901 3751 3998 ὑπερ-

2179 3994 2371 4068 ϐολῆς;
2406 3999 2575 4054 Ὅταν
2628 4001 2737 4075 γὰρ
2786 4003 2899 4078 ἴδῃς
2937 4004 3202 4079 παρθένον
3229 4010 3657 4087 κατακλωμένην
3689 3994 3750 4069 ἐν

2176 4091 2291 4155 τοῖς
2317 4092 2571 4162 ἱματίοις,
2623 4095 2894 4165 σύρουσαν
2933 4102 3058 4165 τοὺς
3086 4103 3339 4173 χιτῶνας,
3371 4107 3508 4178 ὅπερ
3534 4110 3747 4180 προφή-

2178 4197 2277 4252 της
2323 4184 2628 4254 ἐνεκάλεσε,
2679 4188 3149 4265 διαθρυπτομένην
3191 4198 3249 4250 ἐν
3277 4201 3342 4270 τῇ
3394 4199 3622 4269 βαδίσει,
3653 4203 3750 4256 καὶ

2177 4271 2267 4326 διά
2291 4276 2496 4347 φωνῆς,
2524 4279 2619 4332 καὶ
2644 4280 2734 4334 διὰ
2752 4282 3034 4354 ὀμμάτων,
3057 4287 3151 4344 καὶ
3176 4288 3264 4346 διὰ
3288 4290 3482 4361 στολῆς
3506 4292 3569 4346 τὸ
3595 4293 3753 4366 δηλης

2175 4365 2363 4436 τήριον
2415 4370 2751 4438 κεῳννῦσαν
2779 4376 3037 4447 ποτήριον
3072 4383 3185 4443 τοῖς
3215 4380 3528 4445 ἀκολάστως
3559 4365 3757 4455 ὁρῶσιι

2178 4457 2274 4510 καὶ
2305 4458 2373 4513 τὰ
2396 4458 2645 4534 βάραθρα
2675 4466 2951 4520 ἐπιπλεῖον
2977 4469 3430 4526 ἀνασκάπτουσαν
3460 4478 3573 4540 τοῖς
3611 4495 3758 4550 παρ-

2180 4549 2339 4619 ιοῦσι,
2380 4553 2475 4608 καὶ
2523 4557 2757 4625 παγίδας
2796 4559 3036 4617 τιθεῖσαν
3082 4565 3349 4632 ἐντεῦθεν,
3389 4568 3508 4633 πῶς
3543 4569 3757 4640 ταύτην

2176 4639 2362 4698 λοιπὸν
2402 4650 2691 4719 προσερεῖς
2745 4650 3033 4722 παρθένον,
3062 4653 3177 4706 ἀλλ’
3206 4656 3267 4709 οὑ
3304 4656 3442 4726 μετά
3464 4658 3572 4711 τῶν
3613 4639 3760 4731 πορ-

2177 4738 2483 4809 νευομένων
2528 4740 2698 4813 αὑτὴν
2768 4743 3099 4816 ἀριθμήσεις
3154 4749 3456 4816 γυναικῶν;
3513 4752 3589 4805 Ού
3640 4753 3758 4826 γὰρ

2176 4829 2432 4887 τοσοῦτον
2481 4832 2684 4888 ἐκεῖναι
2715 4833 2927 4908 δέλεαρ,
2959 4837 3082 4891 ὅσον
3114 4832 3275 4897 αὗται
3324 4841 3585 4910 γίνονται,
3617 4861 3758 4898 παν-

2176 4924 2403 4996 ταχόθεν
2451 4926 2885 4983 ἀναπεταννῦσαι
2939 4931 3039 5001 τῆς
3084 4932 3278 5003 ήδονῆς
3318 4934 3388 4988 τά
3429 4937 3625 5007 πτερά.
3652 4938 3756 4994 Διά

2177 5017 2353 5073 ταῦτά
2387 5035 2446 5072 σε
2510 5020 2903 5093 μακαρίζομεν,
2940 5021 3029 5076 διά
3056 5024 3230 5083 ταῦτά
3272 5042 3330 5079 σε
3375 5026 3753 5100 θαυμάζομεν,

2178 5113 2260 5167 ὅτι
2319 5115 2535 5168 πάντων
2573 5115 2943 5184 ἀπαλλαγεῖσα
2996 5118 3201 5175 τούτων
3232 5120 3326 5173 καὶ
3359 5123 3417 5174 ἐν
3449 5121 3623 5192 τούτῳ
3652 5123 3755 5194 τὴν

2177 5205 2444 5276 νέκρωσιν
2507 5214 2535 5252 l
2561 5207 2820 5276 ἐπεδείξω
2865 5211 2941 5281 τῷ
2990 5212 3177 5282 μέρει,
3226 5213 3326 5284 οὑχ
3383 5214 3756 5287 ὡραῖζομένη,

2177 5295 2314 5348 ἀλλά
2344 5297 2743 5371 νεανιευομένη,
2794 5301 2857 5357 οὐ
2900 5302 3347 5378 καλλωπιζομένη
3368 5346 3383 5371 ,
3433 5306 3548 5361 ἀλλ’
3590 5307 3752 5361 ὁπλι-

2179 5384 2404 5458 ζομένη.

2243 5564 2271 5604 ἀ
2302 5565 2539 5616 Ἐντεῦθεν
2561 5567 2705 5619 deest
2722 5571 2773 5620 in
2793 5570 2984 5622 duobus
2998 5586 3112 5624 mse.

2245 5634 2268 5699 ξ
2295 5630 2400 5699 [)go
2422 5644 2535 5699 msg.
2568 5632 2662 5699 τήν
2680 5632 2911 5699 εὐτέλειάν
2930 5653 3017 5686 σου
3038 5635 3257 5699 θαυμάζω
3280 5638 3364 5695 τήν
3385 5637 3579 5699 ἄφατα.

2246 5691 2263 5731 f
2293 5691 2457 5747 οὕτως
2483 5691 2627 5740 deest
2650 5695 2698 5741 in
2718 5696 2926 5748 duobus.

2248 5755 2274 5795 ⁸
2294 5750 2447 5802 iidem
2471 5754 2554 5811 τήν
2573 5755 2719 5813 νίκην.
