4030 6206
1626 124 1644 149 θ

1662 170 1693 187 κ

278 277 384 335 565

274 392 558 461 degustare
592 389 857 461 cupiebat.
892 391 1188 446 Coactum?
1218 392 1281 445 At
1312 390 1414 445 cibi
1447 400 1643 461 praesto
1672 401 1827 446 erant
1850 434 1865 457 ,

270 500 374 549 nec
402 483 685 555 quisquam
716 491 831 539 erat
859 483 949 554 qui
989 500 1110 539 eum
1156 484 1236 539 his
1264 484 1340 538 uti
1385 484 1709 554 prohiberet.
1749 485 1867 540 Jam

267 574 546 643 quomodo
572 573 740 643 ipsius
766 573 981 628 deleres
1002 589 1439 640 commemorem,
1465 575 1724 629 vermium
1751 591 1870 629 sca-

271 665 554 734 turigines,
573 664 892 720 defluentem
920 667 1145 732 saniem,
1166 667 1359 736 probra
1385 667 1578 736 quibus
1597 681 1718 720 eum
1737 667 1867 719 ami-

270 757 320 810 ci
356 755 730 823 incessebant,
757 755 1074 811 famulorum
1105 756 1507 827 contemptum?
1538 755 1717 827 Neque
1735 756 1868 810 enim

270 848 457 919 {amuli
500 848 599 903 mei
620 890 637 916 ,
665 847 873 920 inquit,
902 849 1028 902 uti/ti
1056 858 1416 920 pepercerunt,
1442 849 1565 920 quin
1594 849 1646 902 in
1686 847 1867 917 faciem

271 956 437 993 meam
463 949 761 1010 erspuereut
810 938 930 1011 (Job
955 939 1043 996 50.
1078 938 1198 1010 l0):
1223 955 1320 995 eos
1341 938 1432 1010 qui
1461 941 1625 1009 ipsius
1642 938 1864 993 calami-

272 1031 364 1085 tati
400 1030 746 1096 insultabant,
770 1045 996 1100 eamque
1021 1030 1398 1101 exagitabant?
1426 1030 1563 1097 Quos
1591 1029 1754 1093 enim,
1788 1030 1867 1082 in-

268 1121 387 1193 quit
410 1162 425 1185 ,
456 1138 558 1176 non
587 1121 836 1193 dignabor
863 1138 1048 1194 ponere
1073 1137 1190 1176 cum
1225 1122 1432 1176 canibus
1457 1122 1621 1192 gregis
1646 1120 1745 1174 mei
1764 1162 1778 1186 ,
1812 1121 1867 1174 lii

268 1231 405 1267 nunc
427 1215 669 1283 impetum
698 1214 753 1268 in
773 1232 852 1269 me
876 1219 1118 1285 fecerunt,
1147 1223 1194 1268 et
1227 1215 1391 1283 iii/imi
1428 1215 1653 1269 homines
1678 1230 1757 1268 me
1775 1232 1864 1268 ca-

267 1307 456 1376 stigant
470 1306 546 1377 (α)
564 1305 685 1379 (Job
719 1307 789 1362 50
813 1308 909 1379 .l).
929 1310 1120 1362 Annon
1138 1308 1250 1363 lucc
1260 1308 1436 1363 omnia
1452 1307 1543 1362 tibi
1556 1309 1733 1378 gravia
1746 1322 1864 1364 esse

275 1399 569 1452 videntur?
592 1400 769 1469 gravia
800 1400 943 1453 enim
974 1399 1157 1470 procul
1180 1399 1342 1454 dubio
1370 1409 1516 1454 sunt.
1539 1399 1789 1454 Dicamne
1813 1400 1864 1455 id

272 1489 410 1558 quod
441 1490 706 1545 maiorum
746 1499 905 1561 caput
932 1501 1015 1547 est
1037 1532 1052 1558 ,
1086 1492 1352 1562 totiusque
1378 1492 1695 1547 calamitatis
1721 1492 1866 1549 velut

274 1581 561 1650 colophon,
585 1581 835 1653 quodque
854 1597 975 1636 eum
1002 1584 1336 1653 potissimum
1358 1583 1736 1639 excruciabat?
1759 1584 1865 1639 Tu-

276 1673 535 1726 multuum
557 1687 763 1736 eorum,
786 1673 874 1743 qui
897 1674 950 1728 in
972 1674 1140 1745 ipsius
1158 1675 1337 1729 animo
1359 1675 1707 1742 cxsistebant,
1732 1683 1864 1730 tem-

276 1773 472 1829 ptastas,
492 1761 543 1815 id
565 1762 861 1832 prmset'tim
883 1773 1017 1828 erat,
1041 1764 1182 1835 quod
1205 1779 1328 1819 eum
1352 1765 1686 1819 intolerando
1705 1766 1864 1821 modo

274 1854 615 1924 prtefocabat,
642 1845 864 1928 ejusque
884 1857 1207 1912 conscientia
1233 1873 1364 1929 pura
1397 1859 1701 1913 intestinam
1730 1869 1865 1912 tem-

273 1958 529 2017 pestatem
559 1949 825 2005 excitabat
847 1992 862 2015 ,
896 1951 1191 2021 ratianique
1223 1951 1469 2007 tenebras
1509 1951 1812 2006 oll‘undebat
1838 1992 1855 2018 ,

271 2056 330 2094 ac
379 2042 794 2111 gubernatorem
845 2043 1204 2112 perturbabat.
1262 2042 1393 2097 Nam
1437 2043 1528 2113 qui
1575 2042 1861 2097 multorum

272 2132 533 2188 scelerum
555 2133 654 2188 sibi
682 2124 881 2189 conscii
904 2143 1050 2202 sunt,
1074 2135 1281 2189 etiamsi
1308 2134 1484 2189 acerbi
1509 2133 1707 2205 aliquid
1733 2134 1862 2203 ipsis

270 2225 515 2292 accidat,
552 2226 607 2280 id
647 2227 835 2282 saltem
874 2227 1111 2294 habent,
1144 2238 1201 2283 ut
1237 2243 1423 2283 eorum
1468 2243 1587 2298 qua:
1613 2227 1863 2282 accidunt

270 2331 459 2371 causas
486 2319 797 2386 inveniant,
830 2329 1044 2388 peccata
1080 2334 1176 2374 sua
1205 2334 1387 2375 secum
1423 2328 1735 2390 reputantes
1756 2360 1770 2385 ,
1797 2334 1862 2376 ac

270 2409 722 2477 perturbationem
761 2425 900 2477 eam,
930 2426 1049 2481 qua:
1085 2428 1150 2467 ex
1177 2411 1507 2466 dubitatione
1533 2411 1723 2479 oritur,
1753 2411 1862 2467 dis-

269 2503 553 2559 cutienles.
583 2505 654 2558 At
690 2504 780 2574 qui
827 2504 1021 2559 nullius
1057 2504 1295 2559 criminis
1322 2504 1423 2560 sibi
1466 2504 1666 2560 conscii
1695 2513 1856 2568 sunt,

270 2611 456 2650 verum
481 2596 694 2651 eximiis
728 2598 983 2652 virtutum
1012 2599 1342 2653 ornamentis
1378 2598 1586 2669 praediti
1612 2639 1628 2666 ,
1657 2599 1700 2652 si
1733 2599 1858 2669 quid

268 2690 529 2757 ejusmodi
569 2690 838 2760 patiantur
857 2733 872 2757 ,
904 2690 1194 2746 dummodo
1224 2692 1633 2747 resurrectionis
1662 2692 1853 2760 dogma

269 2781 464 2846 norint,
491 2796 557 2835 ac
586 2780 758 2837 futura
786 2783 875 2837 illa
900 2784 1116 2852 prsentia
1148 2782 1517 2849 considerent,
1547 2782 1671 2838 illud
1694 2765 1858 2839 intel-

268 2871 433 2943 ligunt
457 2914 472 2939 ,
500 2887 561 2928 ea
589 2889 709 2944 qua:
745 2874 993 2930 accidunt
1019 2876 1308 2930 certamina
1334 2916 1349 2939 ,
1379 2890 1443 2929 ac
1484 2885 1855 2931 sexcentarum

267 2978 583 3019 coronarum
612 2966 887 3021 materiam
915 2981 1055 3022 esse.
1098 2969 1166 3020 At
1196 2966 1283 3021 hic
1311 2981 1431 3021 cum
1467 2976 1521 3022 et
1553 2967 1748 3037 probus
1777 2969 1858 3022 vir

268 3064 409 3109 esset
428 3096 447 3123 ,
479 3063 535 3111 et
561 3055 630 3111 de
656 3058 1047 3112 resurrectione
1073 3056 1204 3112 nihil
1232 3058 1563 3128 exploratum
1594 3058 1853 3127 haberet,

271 3148 392 3203 hinc
432 3149 772 3219 potissimum
808 3150 1106 3221 iactabatur
1128 3192 1143 3218 ,
1171 3152 1311 3221 quod
1349 3152 1605 3206 malorum
1636 3166 1853 3207 suorum

269 3257 478 3296 causam
507 3242 773 3312 ignoraret
791 3285 805 3308 ,
832 3243 1112 3314 acriusque
1140 3261 1260 3298 eum
1291 3245 1404 3300 lucc
1430 3246 1710 3333 dubitatio,
1734 3246 1853 3301 ani-

270 3335 443 3404 tuique
484 3336 725 3391 anxietas
748 3379 764 3403 ,
795 3352 953 3407 quam
994 3353 1203 3393 vermes
1231 3352 1293 3393 ac
1320 3339 1560 3409 corporis
1597 3338 1812 3395 dolores
1834 3380 1850 3403 ,

267 3428 615 3483 stimularent.
640 3431 811 3501 Atque
833 3439 891 3485 ut
911 3447 1020 3485 rem
1045 3431 1116 3487 ita
1138 3446 1196 3486 se
1220 3432 1416 3488 habere
1437 3433 1723 3504 intelligas,
1741 3449 1851 3504 quo

269 3529 506 3589 tempore
556 3521 694 3575 Deus
740 3539 835 3593 pro
879 3539 975 3579 sua
1018 3524 1340 3593 benignitate
1377 3526 1472 3595 ipsi
1503 3528 1850 3583 certaminum

267 3612 454 3667 horum
485 3629 700 3669 causam
727 3616 934 3687 aperire
958 3616 1204 3687 dignatus
1228 3628 1329 3682 est,
1360 3634 1551 3689 nempe
1576 3635 1635 3676 se
1661 3619 1760 3674 hac
1783 3620 1852 3677 de

264 3718 423 3758 causa
458 3704 574 3760 haec
598 3708 925 3776 permisisse,
954 3717 1013 3762 ut
1039 3710 1312 3778 perspicua
1339 3722 1483 3766 esset
1511 3712 1674 3781 ipsius
1695 3714 1852 3781 justi-

265 3800 329 3849 tt‘a
389 3806 502 3850 tum
528 3797 757 3868 denique
776 3840 790 3864 ,
821 3811 1086 3870 tamquam
1119 3800 1250 3856 nihil
1276 3817 1457 3857 earum
1488 3803 1850 3858 molestiarum

265 3901 572 3957 perpessus,
596 3890 880 3978 respiravit
909 3909 923 3946 :
947 3892 1103 3963 idque
1125 3908 1191 3948 ex
1214 3893 1298 3961 iis,
1320 3909 1437 3965 qua:
1461 3904 1583 3949 tunc
1605 3874 1851 3965 loquutus

261 3991 356 4042 est,
394 3981 598 4050 liquido
626 3992 855 4039 constat.
889 3985 1151 4040 Cancrum
1180 3986 1330 4057 prius
1352 3986 1511 4042 etiam
1540 4004 1698 4058 quam
1723 4004 1850 4043 eau-

260 4082 374 4124 sam
403 4071 752 4129 intellexisset
772 4117 787 4141 ,
816 4075 1002 4132 dolore
1030 4077 1244 4148 quidem
1275 4077 1639 4135 afficiebatur:
1662 4096 1846 4136 verum

260 4160 382 4217 forti
409 4165 588 4218 animo
608 4182 729 4221 eum
757 4168 978 4234 ferebat,
1000 4178 1161 4239 atque
1184 4170 1395 4225 amissis
1417 4172 1666 4227 omnibus
1687 4172 1847 4227 rebus

260 4254 628 4312 admirabilem
661 4258 803 4314 illam
841 4275 1026 4316 vocem
1055 4261 1368 4326 emittebat,
1396 4262 1644 4319 Dominus
1669 4265 1805 4318 dedit
1829 4305 1843 4328 ,

260 4343 511 4401 Dominus
537 4349 776 4417 abstulit,
803 4352 933 4406 sicut
964 4350 1180 4408 Domino
1206 4354 1414 4425 placuit,
1442 4356 1515 4408 ita
1541 4357 1729 4426 [actum
1750 4369 1846 4423 est;

260 4438 318 4490 sit
354 4455 532 4495 nomen
562 4442 766 4498 Domini
795 4445 1105 4500 benedictum
1133 4448 1183 4501 in
1210 4451 1396 4503 sarcula
1423 4448 1530 4522 (Id.
1570 4454 1620 4505 l.
1652 4451 1766 4524 21).

326 4533 389 4589 9.
430 4534 624 4591 Verum
657 4538 877 4607 hujusce
902 4540 999 4594 viri
1033 4556 1215 4597 amore
1258 4554 1563 4615 correptus,
1593 4545 1661 4600 ab
1690 4544 1844 4600 insti-

262 4633 375 4680 tuta
405 4631 646 4687 oratione
672 4632 883 4702 longius
907 4636 1194 4689 recessisse
1222 4636 1406 4691 videor
1433 4653 1446 4689 :
1475 4652 1660 4707 quare,
1696 4647 1846 4707 post-

260 4732 418 4784 quam
447 4735 612 4790 pauca
640 4722 953 4793 adjunsero,
978 4740 1188 4780 rursum
1214 4726 1280 4781 ad
1307 4742 1389 4795 ea,
1414 4744 1533 4799 quze
1559 4729 1686 4783 mihi
1717 4745 1843 4800 pro-

262 4810 429 4875 posita
450 4823 595 4879 sunt,
619 4829 707 4869 me
727 4814 972 4871 referam.
1005 4816 1100 4871 llie
1129 4817 1289 4887 igitur
1317 4826 1458 4872 tanta
1487 4828 1703 4889 tamque
1732 4821 1841 4875 exi.

259 4901 369 4952 mia
396 4902 587 4959 virtute
602 4905 712 4971 ‘vir,
741 4906 831 4977 qui
859 4916 935 4962 tot
964 4918 1166 4962 naturae
1195 4910 1543 4964 necessitates
1575 4911 1838 4979 protrivit,

257 5006 325 5047 ne
375 4992 487 5061 ipse
516 4997 733 5066 quidem
774 4999 830 5053 iu
862 4999 966 5056 hoc
1007 5010 1277 5057 certamen
1320 5001 1644 5057 descendere
1681 5017 1843 5058 ausus

256 5096 363 5154 est,
389 5105 570 5146 verum
601 5102 657 5148 et
683 5108 904 5149 uxorem
928 5094 1207 5161 adhibuit,
1238 5105 1293 5150 et
1319 5096 1586 5168 ingentem
1613 5098 1840 5152 filiorum

258 5192 540 5237 numerum
570 5187 1064 5255 procreavit.T:rnta
1087 5189 1408 5258 virginitatis
1427 5197 1508 5243 est
1530 5188 1838 5256 difﬁcultas,

257 5279 366 5323 tam
405 5275 517 5329 ala
543 5285 600 5330 et
644 5274 897 5333 sublimia
947 5279 1115 5350 ipsius
1156 5280 1467 5344 certamina,
1498 5291 1603 5335 tam
1649 5297 1841 5351 graves

258 5363 508 5432 sudores,
541 5384 896 5440 magnamque
922 5374 1089 5429 animi
1141 5370 1442 5425 firmitatem
1485 5374 1836 5441 requirentes.

256 5455 325 5509 Et
373 5467 545 5514 tamen
582 5464 762 5517 multa:
811 5478 879 5518 ex
928 5462 1023 5529 iis,
1051 5479 1171 5535 qum
1212 5463 1280 5518 ad
1320 5463 1422 5519 hoc
1463 5479 1734 5522 certamen
1781 5483 1840 5523 se

1718 5579 1747 5600 ο

289 5617 391 5689 “(9)
422 5621 507 5671 llic
524 5620 731 5689 locuset
752 5621 1066 5689 praecedens,
1085 5622 1296 5689 quasi__ad
1315 5623 1487 5689 Jobum
1510 5624 1836 5689 pertinerent,

322 5637 391 5679 ut;
423 5637 507 5671 me
526 5637 663 5671 locus
680 5637 731 5671 et
752 5637 1057 5686 praecedens,
1085 5637 1222 5687 quam
1237 5637 1295 5673 aa
1315 5637 1487 5675 tonum
1544 5637 1836 5683 erttnerent,

257 5679 408 5749 citati,
432 5682 576 5744 paulo
621 5683 765 5749 aliter
789 5685 1031 5734 habentur
1055 5685 1102 5749 in
1131 5683 1306 5735 btbliis.
1349 5687 1439 5737 Sed
1477 5637 1840 5749 cliryszstcmus

260 5740 355 5798 hic,
374 5740 577 5809 nt's:epe
601 5745 733 5806 alibi,
757 5749 1038 5798 memoriter
1056 5745 1280 5811 loquitur.

1722 279 2097 337 EPiSTOLIE.

3457 288 3564 347 566

1981 392 2354 459 aceinxerunt,
2380 391 2516 447 hanc
2556 398 2779 447 ornatus
2805 398 2858 448 et
2884 390 3163 461 elegantiae
3189 389 3571 460 immodicique

1980 484 2200 537 vestitus
2245 482 2591 552 cupiditatem
2634 482 2856 538 minime
2894 489 3247 551 superarunt,
3280 495 3464 536 verum
3503 497 3568 538 ea

1976 586 2145 646 capta:
2165 585 2218 630 et
2238 577 2471 631 subactte
2501 584 2624 629 sunt
2654 576 2840 644 magis,
2862 591 3018 644 quam
3046 575 3296 631 mulieres
3317 575 3419 628 illa:
3447 590 3569 645 qum

1976 667 2176 720 mundo
2217 682 2276 722 se
2304 666 2641 722 addixerunt.
2665 666 2848 737 Neque
2876 671 3017 721 enim
3046 665 3147 721 hoc
3172 666 3303 721 mihi
3323 681 3565 723 comme-

1976 772 2147 823 mora,
2198 771 2292 813 eas
2341 773 2529 812 aurum
2573 759 2793 812 minime
2832 768 3082 828 gestare,
3127 774 3227 814 nec
3272 761 3463 815 sericis
3513 770 3570 815 et

1974 862 2109 904 auro
2138 848 2406 904 distinctis
2430 849 2670 904 vestibus
2695 849 2906 904 indutas
2927 864 3070 915 esse,
3102 865 3274 919 neque
3297 862 3565 921 gemmata

1974 939 2192 994 monilia
2212 949 2442 1010 gestare.
2466 939 2596 994 Nam
2624 940 2767 1010 quod
2795 941 3010 1009 gravius
3030 949 3131 1006 est,
3150 941 3397 1011 quodque
3417 943 3564 1011 ipsa-

1973 1049 2090 1087 rum
2138 1035 2379 1088 morbum
2408 1044 2568 1103 atque
2597 1032 2755 1101 hujus
2788 1034 3007 1088 allectus
3053 1034 3386 1104 tyrannidem
3409 1051 3569 1105 aper-

1974 1129 2177 1184 tissime
2207 1129 2414 1200 prodit,
2448 1130 2575 1183 illud
2615 1140 2716 1194 est,
2747 1129 2887 1199 quod
2928 1130 3072 1185 omni
3109 1130 3272 1184 animi
3300 1130 3479 1186 studio
3506 1141 3562 1186 et

1971 1231 2165 1275 conatu
2210 1221 2261 1274 in
2309 1220 2412 1275 hoc
2460 1221 2835 1285 incubuerunt,
2870 1230 2925 1274 ut
2952 1236 3045 1290 per
3077 1221 3207 1275 viles
3232 1230 3286 1277 et
3322 1222 3563 1291 abjeetas

1971 1312 2090 1366 illas
2137 1322 2315 1367 vestes
2340 1355 2356 1380 ,
2398 1328 2578 1368 earum
2621 1328 2741 1383 quae
2787 1329 2921 1367 auro
2964 1312 3225 1367 redimita:
3278 1330 3357 1369 ac.
3377 1316 3564 1370 sericis

1970 1403 2209 1459 vestibus
2230 1406 2440 1458 amicta:
2464 1415 2608 1469 sunt,
2641 1405 2957 1475 elegantiam
2988 1412 3042 1459 et
3067 1416 3314 1460 ornatum
3344 1420 3567 1477 supera-

1971 1507 2107 1561 rent,
2138 1507 2298 1567 atque
2321 1496 2447 1553 hinc
2473 1497 2811 1552 atnabiliores
2841 1497 2945 1550 illis
2974 1497 3284 1552 viderentur
3312 1516 3325 1551 :
3357 1498 3409 1552 in
3455 1498 3559 1554 hoc

1970 1587 2190 1651 scilicet,
2222 1596 2279 1640 ut
2306 1587 2520 1657 quidem
2553 1588 2682 1656 ipsa;-
2715 1596 2926 1657 putaut,
2960 1586 3281 1642 indill‘erenti
3310 1588 3560 1644 minime-

1968 1692 2072 1747 que
2097 1677 2557 1748 reprehendenda:
2604 1679 2683 1734 rei
2720 1678 3016 1745 studentes,
3041 1689 3099 1733 ut
3139 1689 3317 1735 autem
3356 1680 3432 1735 rei
3464 1696 3560 1736 na-

1970 1778 2086 1823 tura
2135 1770 2507 1838 demonstrat,
2559 1771 2876 1840 perniciosa:
2922 1785 2985 1825 ac
3042 1773 3345 1841 pestiferae,
3400 1782 3561 1844 atque

1966 1860 2125 1914 altam
2149 1861 2455 1931 voraginem
2486 1862 2718 1917 habemi.
2754 1861 3012 1927 Quocirca
3045 1862 3150 1917 hoc
3176 1864 3391 1919 nomine
3431 1878 3559 1919 sex-

1966 1951 2138 2007 centis
2180 1951 2372 2023 linguis
2399 1951 2582 2007 Iaudes
2615 1962 2733 2007 tuas
2777 1952 3052 2022 prtedicari
3097 1964 3343 2022 oportet,
3374 1955 3557 2025 quod,

1950 2040 2085 2115 quae
2111 2059 2200 2100 res
2229 2060 2261 2100 a
2290 2045 2581 2115 virginibus
2604 2061 2745 2116 aegre
2767 2047 3010 2116 superari
3041 2055 3253 2116 potest,
3284 2046 3398 2101 haec
3428 2047 3518 2101 tibi
3536 2089 3557 2114 ,

1965 2153 2085 2208 qua:
2108 2137 2162 2191 in
2190 2136 2444 2192 viduitate
2466 2136 2637 2208 degis,
2681 2137 2749 2191 ita
2788 2137 2958 2192 facilis
2984 2152 3047 2192 ac
3078 2147 3319 2207 prompta
3341 2146 3427 2192 est
3449 2179 3464 2204 ,
3496 2148 3558 2193 ut

1966 2229 2080 2300 ipsa
2111 2245 2289 2285 rerum
2321 2231 2517 2287 veritas
2549 2230 2761 2300 planum
2795 2229 2938 2285 fecit.
2960 2229 3143 2299 Neque
3164 2229 3305 2283 cnim
3326 2230 3555 2284 incredi-

1965 2319 2127 2376 bilem
2181 2321 2498 2391 quamdam,
2553 2331 2713 2391 atque
2763 2320 2907 2390 ipsos
2959 2320 3120 2374 etiam
3191 2320 3555 2375 mendicantes

1964 2410 2343 2483 superantem,
2389 2412 2617 2468 vestium
2663 2411 2919 2466 vilitatem
2969 2410 3247 2465 dumtaxat
3296 2409 3556 2476 admiror,

1963 2520 2148 2560 verum
2172 2503 2300 2559 illud
2329 2503 2490 2559 etiam
2508 2545 2523 2572 ,
2565 2503 2705 2573 quod
2735 2501 2789 2556 in
2818 2501 3033 2566 vestitu,
3056 2511 3108 2555 et
3135 2499 3511 2556 calceamentis
3535 2540 3552 2564 ,

1961 2604 2126 2665 atque
2167 2596 2378 2651 incessu
2416 2605 2528 2662 tuo,
2559 2594 2690 2648 nihil
2721 2604 2803 2648 est
2830 2594 3063 2647 fucatum
3087 2632 3102 2658 ,
3135 2591 3267 2647 nihil
3297 2591 3363 2645 de
3395 2592 3549 2645 indu-

1962 2689 2093 2741 stria
2137 2698 2506 2757 comparatum
2547 2697 2630 2741 est
2678 2695 2733 2741 et
2786 2685 3140 2750 elaboratum,
3173 2699 3291 2754 qua:
3335 2683 3550 2754 quidem

1961 2778 2140 2833 omnia
2170 2777 2380 2833 virtutis
2407 2779 2617 2833 colores
2642 2785 2766 2832 sunt
2784 2817 2798 2842 ,
2822 2776 3015 2847 quibus
3051 2774 3308 2845 sapientia
3333 2789 3395 2830 ea
3430 2790 3553 2845 qua:

1961 2871 2017 2924 in
2047 2870 2228 2925 animo
2256 2869 2528 2925 recondita
2552 2879 2633 2925 est
2653 2908 2667 2934 ,
2699 2880 2918 2924 externo
2958 2867 3282 2938 depingitur.
3322 2867 3555 2922 Amictus

1959 2962 2102 3016 enim
2132 2962 2380 3032 corporis,
2415 2961 2586 3032 inquit
2628 2960 2921 3030 Scriptura,
2945 2969 2990 3013 et
3032 2962 3164 3014 risus
3212 2959 3473 3022 dentium,
3503 2968 3551 3012 et

1958 3055 2215 3125 ingressus
2261 3053 2480 3108 hominis
2519 3051 2847 3108 enuntiabunt
2892 3054 2956 3105 de
3000 3050 3091 3104 illo
3115 3048 3399 3121 (Eccli.l9.
3428 3048 3547 3117 27).

1958 3145 2091 3201 Nam
2115 3145 2214 3200 nisi
2246 3156 2485 3201 terrenas
2512 3159 2824 3215 pomparum
2848 3142 3005 3214 hujus
3034 3143 3156 3196 vita:
3185 3142 3546 3212 cogitationes

1960 3235 2330 3301 incredibilem
2356 3236 2640 3305 quemdam
2666 3237 2719 3290 in
2747 3236 2962 3291 modum
2989 3234 3135 3288 humi
3164 3234 3551 3303 prostravisses

1958 3344 2021 3385 ac
2049 3329 2434 3399 proculeasses,
2467 3343 2572 3383 non
2598 3329 2650 3383 in
2685 3337 2888 3383 tantum
2920 3328 3154 3399 ipsarum
3184 3334 3548 3396 contemptum

1957 3423 2269 3492 erupisses,
2314 3436 2414 3488 nec
2462 3435 2625 3491 grave
2685 3420 2787 3475 hoc
2842 3428 3116 3489 peccatum
3187 3428 3292 3472 tam
3342 3417 3550 3472 fortiter

1956 3526 2289 3584 superasses.
2318 3511 2397 3567 Ne
2427 3527 2553 3567 vero
2581 3526 2667 3566 me
2712 3511 2994 3582 quisquam
3035 3509 3198 3564 nimia
3249 3524 3544 3579 exaggera-

1958 3608 2102 3662 tione
2129 3607 2202 3661 uti
2229 3606 2517 3671 existimet,
2549 3604 2689 3674 quod
2719 3603 3091 3674 gravissimum
3135 3602 3237 3655 hoc
3265 3612 3544 3670 peccatum

1956 3699 2293 3769 appellarim.
2328 3697 2460 3752 Nam
2487 3712 2607 3752 cum
2637 3696 2920 3751 mundanis
2962 3694 3310 3748 Hebraeorum
3349 3690 3542 3745 mulie-

1954 3791 2124 3857 ribus,
2145 3801 2302 3858 atque
2324 3789 2409 3842 illa
2442 3797 2755 3857 tempestate
2780 3786 2956 3841 scelus
2983 3784 3083 3837 hoc
3106 3791 3302 3836 tantam
3330 3794 3543 3849 pinnam

1953 3879 2314 3943 acccrsiverit,
2343 3880 2405 3933 iis
2432 3894 2550 3948 qua:
2572 3874 3031 3932 conversationem
3066 3874 3116 3925 in
3144 3872 3287 3925 ea'lis
3310 3870 3541 3936 habere,
3575 3944 3583 3952 ἡ

1952 3979 2114 4040 atque
2141 3972 2453 4041 angelorum
2495 3971 2654 4021 vitam
2703 3965 2898 4020 iutitari
2944 3963 3160 4026 debent,
3193 3973 3247 4017 et
3277 3964 3330 4015 in
3369 3962 3540 4032 gratia

1951 4062 2113 4116 vitam
2141 4069 2326 4131 agunt,
2350 4075 2507 4130 quam
2531 4057 2741 4114 veniant
2765 4056 2903 4111 idetn
2929 4054 3067 4109 istud
3096 4054 3341 4108 obtinere
3356 4063 3541 4124 queat,

1952 4157 2121 4209 multo
2167 4155 2382 4225 gravius
2423 4151 2832 4222 perpetratum?
2858 4149 2990 4204 Nam
3031 4163 3153 4203 cum
3187 4148 3446 4217 virginem
3484 4162 3539 4201 tn

1950 4247 2141 4302 veStitu
2170 4246 2385 4300 mollem
2416 4248 2644 4299 tunicam
2676 4244 2994 4305 trahentem,
3026 4240 3075 4294 id
3110 4238 3249 4311 quod
3280 4236 3538 4310 pt'0plteta

1949 4339 2158 4394 crimini
2205 4339 2371 4405 dedit,
2418 4337 2615 4392 lascive
2656 4336 3046 4397 ambulantem,
3074 4344 3234 4403 atque
3289 4340 3541 4397 voce,et

1949 4434 2138 4498 oculis,
2172 4442 2225 4488 et
2248 4432 2444 4486 amictu
2467 4471 2480 4497 ,
2512 4442 2832 4485 venenatum
2882 4427 3130 4499 poculum
3160 4425 3225 4479 iis
3250 4423 3339 4494 qui
3366 4422 3537 4492 ipsam

1949 4525 2219 4597 impudico
2242 4525 2395 4579 oculo
2418 4524 2689 4577 intuentur
2714 4522 3047 4582 miscentem,
3072 4531 3135 4571 ac
3163 4515 3445 4585 voragines
3468 4515 3539 4579 iis

1948 4621 2037 4689 qui
2062 4628 2337 4673 transeunt
2362 4630 2529 4685 magis
2555 4631 2618 4668 ac
2645 4613 2814 4683 magis
2840 4611 3201 4673 ell‘odientem,
3229 4617 3386 4676 atque
3413 4604 3538 4658 hinc

1948 4711 2169 4782 laqueos
2201 4709 2507 4765 tendentem
2543 4706 2757 4770 videris,
2789 4702 3058 4775 quomodo
3088 4700 3192 4768 iam
3222 4713 3338 4753 eam
3370 4696 3537 4766 virgi-

1948 4819 2069 4860 nem
2098 4801 2357 4872 appelles,
2388 4814 2451 4854 ac
2492 4813 2596 4852 non
2629 4796 2805 4866 potius
2853 4796 2904 4848 in
2954 4801 3253 4847 scortorum
3303 4801 3532 4842 numero

1947 4893 2355 4966 reponasUsai.
2406 4891 2621 4960 5J6)?
2674 4889 2855 4957 Neque
2908 4886 3050 4941 cnim
3095 4894 3272 4938 scorta
3327 4890 3530 4937 tantam

1946 4988 2255 5042 illecebram
2286 4985 2564 5055 objiciunt,
2599 4992 2851 5051 quantam
2896 4980 3032 5043 istai,
3065 4977 3352 5045 voluptatis
3395 4989 3533 5046 pen-

1946 5096 2043 5137 nas
2068 5080 2215 5134 omni
2244 5095 2308 5134 ex
2339 5086 2486 5147 parte
2517 5075 2867 5146 explicantes.
2900 5075 2977 5126 Ac
3009 5079 3287 5141 propterea
3324 5079 3375 5124 te
3402 5069 3532 5123 bea-

1949 5184 2057 5228 tam
2086 5172 2437 5243 prtedicamus
2482 5183 2546 5223 ac
2587 5166 2735 5221 miris
2783 5164 3030 5221 laudibus
3076 5164 3368 5226 efferimus,
3390 5160 3533 5232 quod

1946 5266 2033 5322 his
2060 5264 2307 5321 omnibus
2336 5263 2582 5325 lberata,
2613 5260 2665 5313 in
2697 5259 2794 5313 hac
2819 5271 3031 5328 quoque
3064 5265 3214 5326 parte
3241 5255 3532 5310 mortifica-

1946 5358 2108 5413 tionis
2132 5354 2404 5424 specimen
2434 5353 2450 5383 ¹
2482 5351 2714 5414 edidisti,
2738 5364 2845 5403 non
2874 5357 2929 5402 ut
2957 5356 3204 5402 ornatum
3232 5356 3285 5400 et
3316 5345 3534 5416 elegan-

1947 5453 2075 5505 tiam
2120 5455 2440 5510 ostentares,
2469 5444 2563 5499 sed
2619 5452 2677 5499 ut
2720 5442 2930 5498 l'ortiter
2973 5450 3024 5495 te
3061 5452 3304 5511 gereres;
3337 5451 3442 5491 non
3473 5444 3533 5491 ut

1946 5542 2200 5600 mundum
2250 5539 2563 5595 muliebrem
2595 5538 2685 5594 tibi
2713 5550 3017 5610 quaereres,
3053 5533 3146 5591 sed
3181 5542 3238 5590 ut
3270 5531 3435 5587 armis
3472 5538 3528 5582 te

1944 5635 2201 5691 munires.

2011 5749 2027 5781 ι
2062 5751 2164 5795 Duo
2185 5749 2318 5808 Mss,
2341 5741 2605 5796 victoriam.
