4030 6206
469 288 574 345 567

541 405 628 460 io.
673 405 869 462 Verum
894 410 1141 479 quoniam
1168 413 1234 467 ab
1257 428 1430 483 ungue
1457 415 1665 471 leonem
1698 435 1838 474 nunc
1869 430 2062 475 osten-

469 496 684 565 dimus,
729 502 895 574 idque
931 505 1159 574 quadam
1216 507 1491 564 dumtaxat
1541 526 1605 567 ex
1664 526 1854 584 parte;
1887 532 2061 587 neque

469 590 612 643 enim
653 599 820 647 totam
865 594 1004 650 hanc
1053 606 1194 650 tuam
1246 599 1500 655 virtutem
1536 609 1770 673 percurri
1799 625 1814 672 ;
1842 611 2058 679 quippe,

470 687 528 732 ut
558 682 805 749 superius
845 697 876 736 a
903 699 990 739 me
1014 684 1215 740 dictum
1243 699 1343 756 est,
1376 691 1428 745 in
1458 693 1715 749 immensa
1742 708 2059 753 cieterarutn

469 778 681 826 tuarum
712 775 967 832 virtutum
1002 781 1169 835 maria
1198 783 1386 852 pedem
1419 784 1618 843 inferre
1651 799 1871 857 metuo;
1899 803 2060 862 atque

472 862 636 918 etiam
677 863 780 920 hoc
825 866 945 923 loco
998 871 1126 925 mihi
1168 875 1496 943 propositum
1553 894 1659 934 non
1702 888 1814 944 est,
1861 891 2061 938 sancta:

470 953 665 1010 animm
719 966 823 1012 tua:
901 959 1088 1016 laudes
1159 964 1386 1033 efferre,
1430 984 1613 1024 verum
1679 974 2061 1030 consolationis

471 1050 817 1118 pharmacum
838 1053 1102 1110 con-ficere
1127 1073 1144 1113 :
1175 1071 1291 1128 age,
1316 1075 1376 1116 ea
1405 1078 1637 1130 rursum,
1667 1081 1786 1135 qua:
1812 1067 2058 1138 superius

470 1141 616 1198 dicta
664 1153 830 1210 sunt,
863 1160 1151 1204 resumam.
1191 1150 1327 1217 Quid
1379 1147 1558 1209 autem
1607 1156 1735 1212 illud
1784 1169 1885 1224 est,
1919 1159 2061 1230 quod

469 1231 617 1299 prius
638 1233 907 1290 diximus?
932 1237 1192 1294 Nimirum
1241 1251 1327 1307 nt,
1353 1244 1480 1314 quid
1530 1246 1618 1302 hic
1661 1251 1938 1317 peccarit,
1970 1259 2062 1304 aut

469 1325 594 1394 quid
626 1327 715 1380 ille
745 1329 964 1384 sceleris
982 1330 1277 1400 admiserit,
1305 1350 1426 1389 cum
1469 1337 1651 1393 animo
1697 1349 1788 1394 tuo
1813 1349 2061 1410 reputare

465 1415 683 1472 desinas
701 1455 721 1486 ,
747 1433 810 1473 ac
858 1422 1124 1488 patientia:
1171 1434 1272 1479 tua:
1292 1467 1306 1489 ,
1340 1428 1632 1483 tolerantia:
1651 1469 1666 1491 ,
1691 1430 2016 1500 jej-un-iorum
2042 1473 2056 1498 ,

467 1509 864 1576 precationum,
889 1528 1160 1568 sacrarum
1184 1517 1502 1586 vigiliarum,
1532 1521 1894 1591 continentiae,
1917 1524 2061 1579 elec-

470 1614 708 1670 mosynaa
734 1640 750 1665 ,
788 1601 1184 1675 hospitalitatis,
1209 1610 1588 1682 variarumque
1633 1623 1686 1668 et
1722 1617 1967 1685 gravium
1996 1633 2059 1674 ac

468 1689 827 1761 frequentium
857 1697 1210 1754 tentationum
1241 1703 1534 1758 certamina
1557 1714 1814 1775 perpetuo
1835 1709 2056 1780 cogites.

467 1781 760 1840 Conidera
814 1789 1082 1857 quomodo
1109 1806 1139 1845 a
1179 1793 1349 1861 prima
1390 1804 1550 1850 astate
1598 1797 1664 1851 ad
1710 1799 1850 1854 hunc
1892 1815 2061 1871 usque

465 1873 608 1929 dium
641 1877 916 1932 Christum
947 1877 1092 1935 fame
1109 1881 1440 1940 laborantem
1454 1887 1618 1953 alere,
1639 1888 1838 1944 sitienti
1871 1901 2057 1960 potum

465 1967 725 2035 przebere,
750 1970 948 2025 nudum
1003 1973 1222 2042 vesti-re,
1257 1976 1522 2048 hospitem
1577 1987 1719 2036 tecto
1775 1983 2055 2057 excipere,

467 2057 660 2112 morbo
703 2059 950 2116 aﬂectum
993 2063 1185 2132 visere,
1216 2067 1271 2121 in
1314 2068 1526 2125 vincula
1575 2071 1875 2142 conjectum
1908 2075 2059 2133 adire

468 2161 576 2203 non
625 2149 896 2208 destitisti.
938 2154 1186 2213 Caritatis
1231 2166 1334 2215 tua:
1382 2161 1599 2234 pelagus
1647 2166 2052 2236 animadverte,

463 2241 606 2309 quod
631 2258 797 2313 usque
823 2261 887 2300 eo
912 2249 1188 2315 aperuisti,
1223 2259 1280 2305 ut
1307 2253 1374 2307 ad
1403 2255 1617 2311 ultimas
1669 2273 1837 2328 usque
1881 2269 2056 2316 terra-

465 2345 582 2383 rum
610 2346 732 2386 oras
760 2350 954 2404 magno
977 2351 1098 2392 cum
1125 2339 1326 2410 impetu
1356 2347 1677 2413 pervenerit.
1705 2348 1887 2420 Neque
1912 2353 2055 2408 enim

468 2428 556 2474 tua
584 2421 860 2478 dumtaxat
884 2425 1077 2485 domus
1105 2433 1322 2488 cuilibet
1359 2436 1635 2494 accedenti
1675 2432 1930 2510 patebat:
1964 2461 2056 2501 ve-

464 2526 581 2567 rum
623 2513 785 2570 etiam
813 2519 1009 2586 passim
1038 2528 1147 2576 tota
1180 2531 1323 2581 terra
1348 2535 1569 2599 totoque
1601 2532 1734 2586 mari
1777 2536 2056 2603 permultis

464 2602 564 2658 hae
603 2614 688 2658 tua
722 2606 1040 2666 liberalitate
1069 2627 1164 2682 per
1202 2614 1620 2688 hospitalitatem
1665 2623 2050 2698 fruicontigit.

463 2696 589 2752 Haec
640 2701 820 2756 omina
864 2703 916 2758 in
949 2719 1112 2761 unum
1143 2723 1376 2780 cogens,
1408 2727 1730 2773 coronarum
1777 2718 1965 2776 harum
1997 2733 2054 2780 et

463 2793 800 2859 prmmiornm
852 2811 947 2868 spe
995 2803 1231 2859 aninmm
1286 2807 1872 2884 exhilara,gaudioque
1921 2831 2049 2887 per-

460 2881 640 2939 funde.
664 2885 814 2954 Quod
845 2891 889 2945 si
917 2891 1211 2962 flagitiosus
1236 2896 1366 2954 istos
1392 2909 1446 2955 et
1473 2881 1844 2974 sanguinarios
1873 2881 2050 2962 homi-

461 2989 578 3040 nes,
609 2978 806 3048 quique
837 2980 923 3035 his
952 2984 1120 3039 multo
1147 2988 1393 3057 graviora
1420 3004 1833 3063 perpetrarent,
1863 3015 2050 3070 pmnas

460 3066 649 3121 dantes
703 3071 1009 3140 perspicere
1048 3078 1222 3147 cupis,
1256 3079 1306 3134 id
1333 3097 1544 3153 quoque
1576 3095 1629 3140 tu
1661 3066 1887 3146 videbis.
1918 3092 2050 3148 Nam

457 3168 511 3210 et
538 3157 773 3215 Lazarus
799 3163 1018 3219 divitem
1051 3171 1470 3241 conflagrantem
1503 3177 1633 3232 vidit
1665 3179 1812 3250 (Luc.
1842 3183 2046 3256 “5.25).

457 3253 786 3325 Quamquam
811 3261 952 3314 enim
981 3263 1050 3317 ob
1072 3263 1193 3319 vita:
1218 3265 1508 3324 discrimen
1532 3270 1680 3328 locus
1707 3275 1837 3344 ipsis
1856 3277 2047 3333 distin-

457 3357 574 3399 crus
619 3358 768 3417 erat,
798 3367 995 3424 eosque
1035 3355 1198 3414 chaos
1243 3360 1560 3432 dirimebat,
1600 3377 1762 3437 atque
1816 3371 1953 3426 alter
1993 3372 2046 3429 in

457 3438 686 3495 Abt-aha:
710 3443 829 3498 sitm
853 3487 866 3509 ,
891 3446 1028 3503 alter
1055 3449 1107 3504 in
1154 3453 1502 3511 intolerandis
1530 3457 1834 3517 fornacibus
1865 3464 2047 3522 sedem

457 3527 704 3599 habebat;
724 3542 780 3590 at
800 3537 967 3593 nihilo
996 3542 1173 3598 secius
1204 3551 1380 3600 tamen
1405 3556 1460 3603 et
1480 3563 1601 3604 eum
1626 3551 1756 3606 vidit
1791 3553 2043 3626 Lazarus,

454 3632 508 3676 et
539 3639 721 3679 vocem
751 3627 971 3698 audivit,
990 3641 1044 3686 et
1073 3637 1370 3705 respondit.
1403 3639 1528 3696 ΙΙωο
1558 3642 1654 3697 tibi
1694 3659 1903 3714 quoque
1935 3659 2044 3704 tum

456 3729 553 3768 usu
584 3717 820 3773 venient.
851 3720 983 3776 Nam
1025 3723 1072 3778 si
1113 3727 1201 3795 qui
1247 3743 1409 3783 unum
1458 3731 1734 3790 dumtaxat
1772 3736 2044 3796 hominem

453 3809 806 3877 contempsit,
835 3820 980 3867 tanto
1011 3817 1247 3872 cruciatu
1279 3819 1527 3890 afﬁcitur,
1561 3839 1624 3879 ac
1649 3841 1859 3882 rursum
1882 3829 1931 3883 ei
1952 3831 2042 3901 qui

452 3912 616 3954 unum
666 3907 1037 3962 tantummodo
1085 3911 1499 3983 scandalizavit,
1543 3918 1760 3986 expedit
1803 3929 1860 3974 ut
1904 3923 2043 4010 mola

451 3990 680 4047 asinaria
711 3997 1069 4066 suspendatur
1095 4001 1148 4056 in
1180 4004 1319 4059 collo
1347 4006 1484 4077 ejus,
1518 4016 1574 4064 et
1599 4010 1942 4084 demergatur
1988 3990 2041 4070 iri

452 4099 600 4138 mare
616 4083 1012 4164 (Matth.18.6);
1037 4093 1126 4162 qui
1155 4105 1313 4152 tantae
1343 4099 1490 4156 orbis
1512 4108 1775 4158 terrarum
1798 4083 1941 4176 parti
1964 4107 2043 4162 of-

450 4171 746 4231 fensionem
776 4180 1104 4248 attulerunt,
1133 4194 1190 4241 et
1235 4197 1314 4242 tot
1337 4189 1609 4250 Ecelesias
1629 4171 1953 4264 everterunt,
1988 4210 2042 4257 et

451 4265 765 4324 tumultibus
807 4285 873 4326 ae
917 4277 1315 4343 perturbatione
1359 4285 1539 4340 omnia
1590 4287 1965 4358 impleverunt,
1987 4301 2043 4348 et

453 4359 734 4428 praedones
759 4379 823 4420 ac
851 4365 1107 4424 barbaros
1137 4371 1471 4431 immanitate
1492 4392 1553 4432 ac
1581 4382 1782 4436 smvitia
1813 4397 2037 4454 supera~

449 4461 593 4518 runt,
624 4462 786 4526 atque
815 4471 846 4512 a
885 4457 1121 4530 diabolo,
1149 4479 1306 4534 quem
1357 4466 1483 4522 belli
1513 4468 1702 4525 ducem
1735 4471 2035 4546 habebant,

449 4554 505 4601 et
528 4545 862 4605 dmmonibus
880 4592 896 4617 ,
925 4567 1150 4622 quorum
1179 4571 1280 4627 ope
1300 4569 1463 4630 atque
1502 4563 1700 4618 auxilio
1728 4567 2034 4639 utebantur,

447 4646 596 4695 tanto
625 4638 806 4698 furore
835 4642 1012 4700 affecti
1036 4655 1178 4714 sunt,
1214 4659 1270 4704 ut
1299 4655 1627 4710 tremendam
1672 4656 1811 4714 hanc
1831 4667 1884 4715 et
1913 4638 2038 4716 san?-

446 4731 652 4787 etitatis
681 4733 894 4803 plenam
946 4752 1010 4794 ac
1056 4738 1317 4798 donatore
1361 4743 1572 4815 dignam
1618 4748 1912 4806 doctrinam
1938 4752 2035 4809 Ju-

440 4819 577 4876 daais
601 4837 664 4878 ac
706 4826 992 4895 gentilibus
1033 4830 1310 4888 ridendam
1352 4837 1716 4906 prepiuarint;
1746 4843 1835 4912 qui
1871 4844 2027 4900 innu-

442 4927 620 4967 meras
663 4917 871 4976 animas
915 4921 1325 4996 demerserunt,
1379 4938 1538 5000 atque
1588 4931 1867 4991 innumera
1921 4946 2035 4996 toto

441 5005 576 5059 orbe
604 5009 872 5082 naufragia
901 5013 1228 5086 effecerunt,
1256 5020 1345 5091 qui
1375 5029 1578 5078 tantum
1609 5024 1911 5084 incendium
1941 5047 2037 5088 ex.

440 5097 789 5160 citarunt.ae
843 5104 1041 5162 Christi
1096 5125 1294 5180 corpus
1343 5114 1651 5186 sciderunt,
1684 5127 1739 5175 et
1792 5125 2031 5181 membra

443 5188 570 5244 hinc
596 5201 651 5245 et
674 5191 796 5249 inde
822 5194 1134 5265 abjceerunt
1159 5220 1172 5255 :
1212 5203 1311 5259 Vos
1338 5209 1482 5262 enim
1505 5252 1518 5273 ,
1549 5213 1753 5282 inquit,
1777 5217 1892 5270 estis
1920 5235 2032 5271 ror-

447 5298 548 5351 pus
571 5283 780 5353 Christi,
813 5297 858 5341 et
888 5292 1108 5346 membra
1133 5310 1195 5348 ea:
1217 5309 1361 5366 parte
1388 5299 1463 5372 (ι.
1495 5300 1611 5356 Cor.
1649 5304 1731 5358 l2.
1763 5307 1891 5377 2‘7);
1926 5309 2032 5364 imo

443 5377 718 5442 veroquid
748 5393 933 5433 eorum
983 5383 1241 5451 furorem,
1265 5392 1353 5459 qui
1395 5394 1540 5448 nullo
1569 5411 1818 5452 sermone
1844 5401 2030 5468 expli-

440 5464 550 5518 cari
601 5475 812 5535 potest,
843 5474 1144 5540 exprimere
1193 5484 1770 5556 contendo?quantam
1816 5506 2026 5560 pennam

443 5555 726 5626 pestiferos
769 5560 901 5616 istos
948 5578 1010 5620 ac
1057 5571 1428 5638 sanguinarios
1473 5555 1717 5636 homines
1756 5582 2028 5639 subituros

441 5657 567 5704 tunc
588 5665 708 5705 esse
730 5653 1004 5710 existimas
1021 5658 1044 5711 ?
1059 5658 1188 5714 Nam
1217 5663 1260 5716 si
1288 5666 1376 5734 qui
1399 5667 1669 5725 Christum
1702 5675 2025 5732 esurientem

441 5758 546 5800 non
593 5745 874 5816 aluerunt,
909 5751 1238 5824 sempiterno
1291 5754 1399 5828 igni
1444 5775 1564 5817 cum
1607 5763 1821 5823 diabolo
1869 5768 2018 5832 addi-

1221 299 1276 356 S.
1319 299 1598 359 JOANNIS
1637 290 2119 363 CllllYSOSTOEil
2161 303 2476 362 ARClllEP.
2518 304 3056 383 CONSTANTINOP.
3649 302 3754 359 568

2170 429 2371 475 cuntur
2403 435 2418 474 :
2452 420 2541 490 qui
2587 418 2972 475 monachorum
2995 429 3052 474 et
3079 416 3341 487 virginum
3386 430 3572 485 greges
3603 415 3656 469 in
3679 415 3757 468 fa-

2167 527 2308 567 mem
2355 511 2739 583 coniecerunt,
2765 520 2824 567 et
2851 510 3072 565 vestitos
3110 508 3378 563 nudarunt
3397 548 3414 572 ,
3441 518 3494 561 et
3535 521 3759 577 peregre

2167 611 2388 673 agentes
2413 617 2521 658 non
2560 601 2722 658 modo
2749 616 2858 656 non
2895 601 3248 670 collegerunt,
3277 597 3372 652 sed
3401 597 3562 651 etiam
3590 612 3760 666 expu-

2167 694 2366 761 lerunt,
2391 704 2448 751 et
2470 693 2658 748 morbo
2679 693 2983 749 laborantes
3005 706 3110 746 non
3139 689 3298 744 modo
3322 704 3425 742 non
3448 687 3754 754 visitarunt,

2167 785 2264 841 sed
2307 786 2469 841 etiam
2497 785 2870 841 vehementius
2896 783 3236 848 afflixerunt,
3265 791 3318 837 et
3362 797 3469 836 non
3500 779 3660 836 modo
3689 780 3754 834 ad

2166 893 2266 934 eos
2291 879 2382 950 qui
2431 879 2490 933 in
2515 879 2741 934 vinculis
2764 887 2918 934 erant
2946 891 3066 932 sese
3109 892 3216 931 non
3249 874 3630 938 contulerunt,
3660 873 3755 928 sed

2166 972 2327 1027 etiam
2358 979 2418 1026 ut
2441 972 2477 1026 ii
2506 971 2597 1042 qui
2620 969 2774 1026 liberi
2796 986 2858 1026 ac
2885 969 3044 1024 soluti
3065 975 3222 1025 erant
3247 969 3299 1022 in
3322 981 3594 1023 carcerem
3622 979 3755 1020 con-

2162 1059 2459 1131 jicerentur
2477 1101 2494 1129 ,
2523 1076 2743 1132 operam
2771 1060 3036 1116 dederunt
3059 1101 3073 1126 ,
3114 1069 3340 1132 quantas
3363 1073 3552 1128 pmnas
3574 1056 3756 1113 luituri

2166 1157 2292 1223 sint,
2325 1158 2530 1226 cogites
2572 1157 2715 1212 licet.
2745 1156 2880 1210 Tum
2909 1156 3068 1226 igitur
3093 1169 3189 1210 eos
3216 1153 3449 1208 ﬂammis
3489 1152 3757 1208 excrucia-

2169 1259 2250 1304 tos
2296 1260 2350 1303 et
2395 1250 2790 1320 conﬂagrantes
2811 1291 2824 1315 ,
2850 1249 3054 1304 vinctos
3077 1291 3094 1316 ,
3119 1249 3364 1304 dentibus
3418 1247 3709 1304 stridentes
3735 1287 3754 1311 ,

2161 1335 2363 1393 frustra
2392 1342 2777 1410 lamentantes,
2804 1342 2975 1397 inutili
3007 1343 3151 1397 luctu
3175 1357 3235 1397 se
3259 1341 3604 1396 conficientes
3622 1381 3639 1406 ,
3668 1348 3754 1394 at-

2167 1448 2273 1503 que
2300 1433 2488 1488 divitis
2536 1434 2680 1489 illius
2723 1435 2778 1489 in
2818 1435 3078 1498 modum,
3120 1435 3388 1488 incassum
3430 1433 3754 1502 pmnilentes

2165 1525 2394 1581 videbis.
2419 1526 2496 1580 Ac
2523 1540 2735 1580 rursum
2762 1534 2816 1580 te
2843 1525 2922 1581 illi
2949 1526 3001 1580 in
3031 1525 3199 1581 beatis
3222 1524 3326 1578 illis
3345 1523 3564 1580 sedibus
3592 1538 3750 1579 coro.

2164 1633 2288 1673 nam
2339 1627 2664 1688 gestantem,
2709 1634 2831 1673 cum
2884 1617 3090 1688 angelis
3143 1616 3552 1687 tripudiantem,
3591 1626 3757 1686 atque

2162 1725 2285 1767 cum
2337 1710 2554 1767 Christo
2607 1721 2920 1780 regnantem
2971 1711 3248 1776 videbunt,
3294 1723 3357 1764 ac
3403 1709 3753 1763 vehementer

2163 1803 2538 1858 exclamabunt
2575 1811 2632 1857 et
2676 1802 3028 1873 ingemiscent
3050 1842 3064 1866 ,
3104 1799 3550 1856 contumeliarum
3576 1839 3590 1862 ,
3617 1812 3756 1868 quas

2162 1892 2260 1948 tibi
2285 1893 2616 1958 inusserunt,
2646 1893 2992 1964 pmnitentes,
3023 1907 3087 1946 ac
3112 1891 3381 1962 supplices
3416 1889 3624 1944 libellos
3656 1888 3751 1943 tibi

2162 1981 2472 2050 olferentes,
2516 1982 3050 2054 misericordiamque
3091 1989 3147 2038 et
3181 1980 3567 2037 humanitatem
3603 1989 3752 2035 tuam

2161 2074 2430 2131 incassum
2457 2076 2826 2148 implorantes.

2234 2167 2325 2224 ll.
2364 2168 2665 2224 Consolatur
2697 2166 3051 2239 Olympiadem
3075 2165 3135 2221 ob
3164 2163 3439 2220 absentiam
3463 2162 3621 2234 ipsius
3650 2161 3753 2216 do-

2159 2257 2362 2314 lentem.
2391 2290 2462 2300 —
2492 2260 2617 2315 llmc
2643 2259 2798 2330 igitur
2829 2260 3008 2314 omnia
3043 2267 3219 2314 tecum
3247 2255 3554 2323 considera,
3579 2267 3754 2324 eaque

2159 2353 2354 2408 animae
2405 2362 2507 2408 tum
2551 2363 2806 2424 perpetuo
2840 2353 3026 2408 aceine
3054 2370 3067 2406 :
3097 2352 3279 2423 sicque
3306 2350 3450 2405 hunc
3473 2349 3750 2420 pulverem

2159 2444 2429 2501 discutere
2471 2446 2695 2516 poteris.
2727 2445 2988 2514 Quoniam
3039 2455 3242 2511 autem,
3266 2453 3323 2498 ut
3362 2440 3578 2513 quidem
3627 2455 3748 2494 mea

2158 2536 2344 2606 Opinio
2389 2534 2512 2602 fert,
2563 2535 2705 2591 aliud
2751 2535 2966 2606 quidem
3011 2542 3128 2601 est,
3159 2533 3301 2604 quod
3350 2541 3402 2588 te
3447 2530 3750 2602 prmsertim

2157 2627 2306 2697 angit
2329 2635 2386 2682 et
2409 2628 2703 2693 excruciat,
2734 2642 2832 2697 age
2861 2625 2985 2682 huic
3031 2639 3244 2696 quoque
3291 2623 3602 2695 cogitationi
3650 2637 3750 2692 per

2155 2732 2242 2786 ea,
2260 2734 2380 2790 quae
2401 2719 2539 2774 dicta
2567 2728 2692 2774 sunt
2722 2727 2777 2774 et
2804 2733 2923 2788 quae
2949 2733 3093 2773 nunc
3117 2716 3311 2772 dicturi
3349 2731 3554 2783 sumus,
3580 2714 3748 2785 phar-

2156 2825 2367 2866 macum
2404 2825 2672 2881 paremus.
2706 2809 2919 2865 Etenim
2949 2825 3056 2865 non
3085 2808 3155 2864 ob
3196 2807 3311 2864 hate
3357 2817 3563 2862 tantum
3610 2804 3751 2862 mihi

2156 2901 2212 2958 in
2240 2902 2426 2958 dolore
2448 2903 2650 2958 versari
2678 2902 2878 2958 videris
2897 2942 2914 2969 ,
2949 2901 3042 2957 sed
3075 2900 3264 2966 etiam,
3289 2898 3434 2971 quod
3463 2911 3494 2952 a
3535 2911 3623 2952 me
3650 2896 3747 2950 vili

2155 2995 2483 3053 homunculo
2508 2996 2746 3067 seiuncta
2773 2997 2848 3051 sis
2876 3014 2888 3049 :
2920 2993 3156 3064 illudque
3184 2993 3386 3063 lugere,
3413 2999 3575 3062 atque
3599 2988 3747 3061 apud

2153 3103 2340 3146 omnes
2369 3091 2549 3146 dicere
2572 3106 2588 3144 :
2611 3089 2870 3159 Linguam
2900 3088 3045 3143 illam
3076 3102 3181 3141 non
3211 3085 3458 3140 audimus
3511 3097 3611 3137 nec
3635 3095 3700 3136 ea
3721 3120 3741 3147 ,

2152 3199 2255 3255 qua
2327 3185 2665 3249 solebamus,
2719 3182 2959 3238 doctrina
3026 3180 3286 3246 fruimur,
3348 3192 3534 3233 verum
3598 3173 3745 3230 fante

2151 3291 2494 3332 coercemur:
2527 3277 2776 3347 quodque
2805 3277 2947 3330 Deus
2989 3274 3230 3330 Hebraeis
3265 3271 3532 3343 quondam
3562 3269 3736 3324 mina-

2153 3366 2330 3436 batur,
2365 3366 2417 3422 id
2459 3382 2602 3422 nunc
2646 3368 2898 3437 patimur,
2926 3379 3119 3434 nempe
3158 3379 3266 3418 non
3319 3362 3471 3433 panis
3516 3358 3742 3426 famem,

2154 3475 2255 3517 nec
2281 3475 2430 3530 aqua:
2451 3461 2617 3527 sitim,
2637 3459 2732 3516 sed
2756 3459 2950 3515 divinae
2961 3457 3218 3513 doctrina:
3245 3455 3439 3511 famem
3484 3453 3659 3526 (Amos
3676 3452 3741 3508 8.

2151 3549 2268 3623 il).
2309 3551 2446 3620 Quid
2505 3551 2664 3621 igitur
2708 3551 2774 3605 ad
2823 3550 2940 3606 hare
2983 3548 3260 3605 dicemus?
3295 3546 3554 3603 Nimirum
3607 3544 3743 3601 illud

2149 3644 2401 3710 maxime,
2423 3643 2562 3714 quod
2595 3643 2687 3698 tibi
2714 3643 2874 3699 etiam
2896 3641 3047 3698 nobis
3068 3641 3378 3696 absentibus
3400 3639 3452 3695 in
3475 3638 3741 3694 librorum

2147 3746 2451 3792 nostrorum
2479 3736 2707 3792 lectione
2732 3737 2933 3792 versari
2955 3735 3096 3792 licet.
3119 3735 3226 3790 Nos
3242 3749 3474 3805 quoque,
3497 3733 3544 3787 si
3569 3731 3736 3787 tabel-

2148 3830 2312 3886 larios
2340 3831 2741 3901 nanciscamur,
2769 3847 2987 3903 operam
3028 3831 3304 3897 dabimus,
3330 3839 3389 3884 ut
3415 3829 3635 3886 crebras
3671 3843 3736 3884 ac

2147 3921 2380 3992 prolian
2408 3923 2662 3994 epistolas
2687 3939 2716 3978 a
2738 3923 2891 3979 nobis
2911 3923 3160 3994 accipias.
3184 3921 3335 3992 Quod
3361 3921 3406 3977 si
3433 3920 3734 3976 doctrinam

2147 4026 2384 4071 nostram
2413 4016 2531 4072 viva
2563 4016 2725 4072 etiam
2748 4032 2880 4072 voce
2908 4017 3094 4072 audire
3138 4017 3326 4088 cupis,
3354 4015 3588 4070 fortasse
3633 4012 3734 4068 hoc

2145 4121 2358 4178 quoque
2395 4109 2704 4178 continget,
2729 4123 2794 4164 ac
2834 4123 2932 4164 nos
2975 4125 3161 4164 rursus
3203 4109 3548 4180 permittente
3600 4106 3730 4174 Deo,

2147 4203 2327 4256 visura
2352 4217 2412 4257 es
2439 4219 2454 4256 :
2483 4203 2590 4257 imo
2615 4219 2722 4258 non
2748 4202 2998 4270 fortasse,
3027 4203 3121 4260 sed
3145 4213 3292 4260 certo
3313 4221 3326 4258 :
3349 4217 3479 4260 cave
3494 4201 3726 4260 dubites.

2145 4292 2278 4348 Illud
2330 4294 2473 4350 enim
2517 4295 2610 4350 tibi
2657 4296 2710 4351 in
2751 4298 3066 4352 memoriam
3116 4297 3393 4368 redigam,
3431 4296 3574 4367 quod
3620 4310 3730 4351 non

2143 4392 2345 4441 temere
2367 4389 2482 4441 hinc
2501 4385 2748 4452 dixerim,
2771 4397 2943 4444 necte
2963 4388 3151 4444 fallens
3175 4403 3237 4443 ac
3255 4386 3728 4444 circumscribens:

2141 4491 2326 4530 verum
2365 4491 2485 4547 quae
2518 4491 2660 4532 nunc
2700 4492 2798 4548 per
2841 4478 3026 4534 literas
3067 4479 3301 4549 accipis,
3333 4493 3395 4534 ea
3424 4493 3639 4549 quoque
3661 4477 3732 4534 de

2141 4567 2258 4623 viva
2284 4583 2416 4624 voce
2440 4579 2728 4639 exceptura
2772 4585 2851 4626 es.
2877 4571 3031 4642 Quod
3070 4573 3115 4627 si
3157 4572 3253 4628 tibi
3302 4586 3456 4627 mora
3503 4569 3733 4628 molesta

2139 4669 2242 4725 est.
2271 4660 2399 4716 illud
2427 4661 2622 4733 cogita,
2652 4678 2772 4719 eam
2801 4664 2895 4720 tibi
2926 4665 3149 4722 minime
3179 4663 3561 4722 infructuosam
3587 4663 3727 4729 fore,

2138 4766 2322 4806 verum
2346 4753 2614 4824 ingentem
2639 4755 2944 4812 mercedem
2969 4757 3249 4812 allaturam
3275 4771 3418 4824 esse,
3439 4756 3486 4812 si
3514 4755 3728 4826 patien-

2140 4844 2270 4899 tiam
2300 4845 2579 4914 adhibeas,
2607 4861 2707 4902 nec
2733 4847 2982 4903 acerbum
3012 4847 3180 4902 ullum
3201 4847 3422 4904 verbum
3451 4843 3727 4917 proferas,

2139 4937 2264 5008 quin
2294 4937 2470 5008 potius
2517 4936 2623 4994 hoc
2659 4953 2871 5010 quoque
2911 4938 3129 4995 nomine
3158 4939 3252 4994 Dei
3273 4937 3494 5010 gloriam
3523 4935 3726 5007 praedi-

2137 5047 2246 5098 ces,
2271 5040 2329 5086 ut
2356 5032 2514 5087 etiam
2557 5040 2814 5102 perpetuo
2855 5030 3028 5087 facis:
3064 5045 3238 5103 neque
3286 5032 3432 5086 enim
3471 5031 3724 5102 exiguum

2137 5138 2201 5178 ac
2238 5124 2356 5178 leve
2383 5161 2388 5166 ε
2411 5123 2513 5180 hoc
2564 5133 2837 5179 certamen
2895 5131 3005 5187 est.
3038 5138 3224 5179 verum
3258 5124 3464 5193 ingens,
3495 5136 3561 5176 ac
3598 5135 3721 5190 pern

2137 5228 2294 5282 quam
2324 5222 2599 5268 strenuum
2630 5216 2868 5270 animum
2913 5223 3254 5286 mentemque
3297 5212 3722 5285 philosophicam

2135 5305 2455 5374 Ὃίιυῖτθηεν
2506 5321 2700 5376 nempe
2749 5307 2909 5363 amici
2965 5307 3264 5378 digressum
3323 5316 3379 5362 et
3424 5304 3721 5360 absentiam

2136 5395 2298 5450 ferre.
2329 5397 2584 5464 Quisnam
2616 5399 2754 5454 istud
2783 5399 2899 5454 ait?
2926 5399 2981 5456 Si
3011 5400 3131 5470 quis
3157 5415 3340 5455 amare
3378 5400 3588 5453 sincere
3628 5410 3721 5450 no-

2134 5489 2214 5543 vit
2239 5487 2280 5555 ¹,
2307 5481 2350 5542 si
2389 5489 2508 5557 quis
2550 5489 2656 5545 vim
2699 5491 2936 5548 caritatis
2985 5491 3314 5562 exploratam
3365 5483 3718 5560 babot,quod

2137 5572 2260 5633 dico
2281 5577 2545 5654 intelligit.
2574 5585 2652 5640 Ac
2699 5601 2766 5641 ne
2795 5584 2899 5642 huc
2923 5596 3082 5657 atque
3121 5587 3250 5642 illuc
3293 5583 3716 5650 obambulemus,

2197 5693 2213 5723 ί
2245 5692 2592 5769 [iactatque
2631 5707 2800 5769 amare
2839 5696 3020 5769 sincere
3050 5697 3203 5769 novit.
3248 5699 3394 5769 5!.th
3435 5698 3532 5769 918}
3558 5699 3706 5769 φιλέἔν

2135 5756 2354 5819 γνησίως,
2382 5759 2429 5806 in
2457 5756 2599 5807 Edita
2618 5758 2839 5820 deerant,
2863 5762 2951 5810 sed
2974 5763 3020 5810 in
3050 5761 3161 5811 Mss.
3191 5759 3418 5812 omnibus
3440 5756 3700 5811 habentur.
