4030 6206
264 236 360 292 567

327 360 377 408 e'.
407 350 548 404 Ἀλλ’
562 349 751 422 ἐπειδὴ
768 349 876 406 ἀπὸ
900 351 994 405 τοῦ
1009 351 1200 424 ὄνυχος
1214 351 1303 407 τὸν
1329 352 1517 409 λέοντα
1541 354 1678 421 τέως
1693 355 1826 410 ἐδεί-

250 440 445 510 ξαμεν,
474 439 569 493 zeal
595 437 757 492 τοῦτο
778 441 837 492 ἐν
867 439 1061 510 μέρει(
1081 440 1202 493 0666
1221 440 1331 511 γάρ
1349 440 1445 494 τοῦ
1454 458 1509 494 το
1524 441 1645 497 ὅλον
1659 443 1826 515 ἐπῆλ-

250 529 343 582 θόν
372 543 467 580 σου
495 525 865 597 κατόρθωμα·
895 526 1152 597 καθάπερ
1177 527 1285 599 γὰρ
1320 528 1492 601 ἔφθην
1521 530 1711 596 εἰπὼν,
1744 533 1828 595 είς

244 614 316 670 τά
341 616 545 688 ἄπειρα
561 614 672 668 τῶν
696 613 872 668 ἀλλων
893 632 992 668 σου
1019 614 1463 687 κατορθωμάτων
1479 616 1695 672 δέδοικα
1712 621 1828 674 είσ-

247 704 427 758 ἐλθεῖν
480 702 729 775 πελάγηο
776 702 955 767 ἀλλως
1000 702 1126 757 0666
1157 702 1434 774 ἐγκώμιον
1478 704 1831 777 προεθέμεθα

246 791 346 847 νῦν
385 792 564 845 είπεῖν
590 792 691 862 τῆς
721 791 888 861 ἀγίας
927 808 1021 845 σου
1048 790 1251 863 ψυχῆς,
1298 791 1436 847 ἀλλά
1474 795 1830 867 παραμυθίας

243 879 657 936 κατασκευάσαι
673 879 1008 953 φάρμακον),
1033 881 1167 952 φέρε
1197 881 1358 936 πάλιν
1378 882 1736 955 ἀναλάϐωμεν
1760 886 1828 939 τά

249 968 566 1040 ίμπροσθεν
618 966 908 1039 εἰρημένα.
955 969 1021 1021 Τί
1051 967 1109 1021 δὲ
1138 966 1448 1040 ἔμπροσθεν
1486 971 1825 1043 είρήκαμενς

256 1054 670 1124 ’Δπαλλαγεῖσα
696 1054 792 1108 τοῦ
820 1054 1133 1124 λογίζεσθαι
1156 1054 1211 1109 τί
1245 1057 1274 1109 6
1300 1056 1446 1110 δεῖνα
1469 1058 1705 1129 ἦμαρτε,
1733 1059 1826 1113 zeal

242 1145 298 1198 τί
336 1145 369 1198 6
404 1145 552 1199 δεῖνα
588 1143 1037 1216 ἐπλημμέλησεν,
1087 1144 1261 1198 ἐννόει
1312 1162 1407 1199 σου
1448 1147 1576 1210 τοὺς
1628 1146 1825 1211 ἄθλους

242 1232 511 1304 διηνεκῶς
530 1231 632 1303 τῆς
649 1231 969 1305 καρτερίας,
991 1232 1092 1302 τῆς
1110 1233 1411 1303 ὑπομονῆς,
1435 1234 1534 1305 τῆς
1549 1235 1822 1305 νηστείας,
1842 1254 1849 1263 ’

243 1319 355 1373 τῶν
385 1318 581 1389 εὐχῶν,
612 1317 722 1373 τῶν
755 1318 1095 1389 παννυχίδων
1127 1318 1238 1373 τῶν
1267 1319 1450 1391 ίερῶν,
1489 1322 1589 1392 τῆς
1619 1323 1826 1394 ἐγκρα-

241 1407 415 1471 τείας,
447 1406 550 1479 τῆς
575 1403 971 1478 ἐλεημοσύνης,
1003 1404 1105 1476 τῆς
1144 1404 1470 1476 φιλοξενίας,
1505 1408 1616 1462 τῶν
1644 1408 1826 1462 ποικίο

242 1495 347 1551 λων
371 1494 469 1549 καὶ
495 1492 748 1564 χαλεπῶν
773 1494 868 1548 zeal
889 1493 1109 1548 πυκνῶν
1132 1490 1452 1565 πειρασμῶν
1470 1506 1517 1547 α.
1546 1494 1824 1565 Ἀναλόγι-

249 1601 334 1637 σαι
352 1581 471 1648 πῶς
489 1584 554 1635 ἐκ
575 1580 800 1654 πρώτης
813 1581 1033 1653 ἡλικίας
1058 1582 1165 1646 ἓως
1187 1582 1285 1653 τῆς
1306 1581 1587 1655 παρούσης
1609 1583 1824 1657 ἡμέρας

247 1671 343 1725 ούκ
373 1669 598 1724 ἐπαύσω
628 1671 907 1743 τρέφουσα
941 1670 1209 1725 πεινῶντα
1229 1671 1321 1725 τὸν
1343 1672 1385 1724 Χ
1395 1672 1599 1743 ριστὸν,
1620 1672 1822 1743 διψῶν-

244 1777 307 1813 τα
344 1759 663 1824 ποτίζουσα.
696 1758 906 1831 γυμνὸν
950 1757 1232 1824 ἐνδύουσα,
1291 1759 1442 1824 ξένον
1494 1759 1820 1830 συνάγουσα,

245 1847 632 1920 ἀρρωστοῦντα
648 1845 1046 1913 ἐπισκοποῦσα,
1060 1846 1197 1918 πρὸς
1212 1847 1497 1918 δεδεμένον
1513 1847 1750 1903 ἀπιοῦσα
1768 1849 1818 1906 δ.

254 1933 537 2004 Ἐννόησόν
576 1950 672 1988 σου
719 1934 819 2005 τῆς
849 1934 1074 2005 ἀγάπης
1116 1933 1179 1987 τὸ
1214 1933 1475 2003 πέλαγος,
1510 1935 1539 1988 6
1563 1936 1820 1992 τοσοῦτον

240 2021 508 2095 ὴνέῳξας,
546 2026 621 2089 ὡς
652 2022 789 2096 πρὸς
821 2022 961 2077 αύτά
1001 2022 1105 2094 τῆς
1138 2023 1464 2095 οίκουμένης
1497 2022 1566 2077 τά
1611 2024 1823 2094 πέρατα

246 2110 384 2181 μετά
411 2110 614 2181 πολλῆς
653 2109 944 2181 ἀφικέσθαι
973 2110 1073 2180 τῆς
1110 2108 1311 2182 ῥύμης.
1342 2111 1417 2165 Οὐ
1452 2111 1563 2183 γὰρ
1596 2112 1629 2182 ἠ
1670 2113 1822 2166 οἰκία

243 2197 395 2271 [ειη
438 2216 533 2252 σου
578 2199 743 2253 παντὶ
792 2197 1002 2251 ἐλθόντι
1062 2198 1308 2269 ὴνέῳκτο
1347 2199 1526 2270 μόνον,
1551 2199 1685 2254 ἀλλά
1725 2203 1825 2256 zeal

242 2285 520 2357 πανταχοῦ
553 2286 656 2357 γῆς
685 2286 782 2339 καὶ
809 2285 1082 2356 θαλάττης
1108 2285 1294 2340 πολλοὶ
1325 2286 1532 2360 ταύτης
1572 2288 1820 2360 ἀπήλαυ-

242 2390 342 2426 σαν
383 2372 485 2442 τῆς
532 2372 847 2443 φιλοτιμίας
898 2371 986 2426 διὰ
1040 2373 1141 2444 τῆς
1176 2372 1502 2442 φιλοξενίας.
1544 2375 1729 2430 ταῦτα
1754 2376 1819 2449 δὴ

241 2457 424 2510 πάντα
463 2455 793 2524 συνάγουσα,
833 2455 1015 2526 τρύφα
1045 2458 1140 2510 καὶ
1187 2457 1483 2528 εὐφραίνου
1522 2461 1590 2529 τῇ
1642 2460 1819 2516 ἐλπίδι

239 2545 348 2598 τῶν
380 2541 664 2611 στεφάνων
690 2541 897 2597 τούτων
925 2545 1017 2598 zeal
1043 2543 1155 2598 τῶν
1190 2543 1478 2616 βραϐείων.
1516 2548 1579 2600 El
1622 2546 1678 2599 δὲ
1722 2547 1818 2601 zeal

238 2632 367 2694 τοὺς
390 2630 745 2703 παρανόμους
768 2629 1013 2697 τούτους,
1054 2631 1151 2686 zeal
1179 2632 1530 2704 αίμοϐόρους,
1561 2634 1657 2687 zeal
1691 2633 1819 2689 πολ-

238 2720 315 2790 λῷ
340 2718 549 2773 τούτων
588 2717 949 2790 χαλεπώτερα
981 2719 1394 2790 ἐργασαμένους
1422 2719 1708 2791 ἐπιθυμεῖς
1740 2721 1819 2774 δί-

238 2825 344 2880 κην
371 2807 616 2871 διδόντας
648 2805 796 2870 ἰδεῖν,
826 2805 947 2876 ὕψει
978 2807 1075 2859 zeal
1118 2806 1280 2861 τοῦτο
1304 2806 1445 2861 τότε.
1494 2808 1645 2861 Ἐπεὶ
1679 2809 1768 2862 zeal
1791 2810 1820 2863 6

226 2895 492 2966 Λάζαρος
530 2893 624 2948 τὸν
667 2891 921 2947 πλούσιον
973 2887 1114 2947 εἶδεν
1168 2890 1721 2964 ἀποτηγανιζόμενον.
1752 2895 1815 2949 El

237 2982 348 3056 γὰρ
384 2984 482 3037 καὶ
508 2983 539 3036 6
563 2981 730 3045 τόπος
778 2980 965 3044 αὐτοῖς
1017 2978 1271 3052 διώριστο
1313 2978 1403 3033 διὰ
1438 2980 1536 3049 τὴν
1575 2980 1669 3034 τοῦ
1701 2980 1818 3051 βίου

237 3075 527 3147 διαφορὰν,
554 3074 649 3127 zeal
675 3073 738 3127 τὸ
768 3075 901 3146 χάος
925 3072 1125 3135 αὐτοὺς
1145 3071 1404 3143 διεῖργεν,
1440 3073 1535 3126 zeal
1553 3075 1582 3127 6
1621 3074 1721 3145 μὲν
1751 3069 1820 3147 ἦν

241 3171 295 3223 ἐν
342 3170 457 3231 τοῖς
488 3166 711 3232 κόλποις
754 3164 850 3219 τοῦ
902 3164 1172 3236 Ἀϐραὰμ,
1201 3166 1229 3218 6
1261 3164 1317 3218 66
1346 3166 1404 3218 ἐν
1430 3169 1549 3229 ταῖς
1568 3167 1822 3237 καμίνοις

239 3262 357 3321 ταῖς
382 3259 683 3331 ἀφορήτοις
697 3273 713 3288 ο
731 3256 848 3312 ἀλλ’
874 3258 1025 3328 ὅμως
1048 3256 1142 3312 zeal
1157 3251 1297 3311 εἶδεν
1314 3258 1476 3311 αὐτὸν
1495 3257 1524 3311 ὁ
1546 3258 1820 3331 Λάζαρος,

240 3354 330 3406 zeal
352 3352 541 3424 φωνῆς
558 3352 779 3423 ἤκουσε,
801 3350 897 3404 καὶ
920 3350 1272 3422 ἀπεκρίνατο.
1289 3350 1476 3405 Ταῦτα
1494 3351 1589 3404 zeal
1609 3352 1703 3404 ἐπὶ
1724 3351 1820 3406 σοῦ

240 3444 390 3498 ἔσται
421 3444 568 3498 τότε.
594 3444 657 3497 Et
685 3441 795 3515 γάρ
821 3443 850 3495 6
873 3440 971 3496 ἐνα
993 3440 1233 3514 παριδὼν
1251 3441 1537 3514 ἄνθρωπον
1568 3443 1822 3510 τοιαύτας

238 3533 420 3588 δίδωσι
464 3532 758 3605 τιμωρίας,
792 3531 889 3586 zeal
926 3529 1006 3601 τῷ
1054 3530 1468 3585 σκανδαλίσαντι
1528 3532 1692 3587 πάλιν
1725 3533 1820 3587 ἕνα

237 3624 512 3690 λυσιτελὲς
545 3623 719 3694 μύλην
750 3622 1197 3696 ἐκκρεμασθῆναι
1225 3623 1367 3677 κατά
1405 3621 1499 3677 τοῦ
1522 3625 1819 3697 τραχήλου,

238 3718 331 3771 καὶ
357 3718 441 3780 είς
473 3714 575 3787 τὴν
603 3714 879 3769 θάλασσαν
912 3714 1414 3785 καταποντισθῆναι
1432 3731 1447 3746 ’
1475 3716 1526 3768 οἱ
1553 3717 1821 3788 τοσαύτην

237 3806 567 3878 οἰκουμένην
616 3805 1088 3870 σκανδαλίσαντες,
1140 3804 1235 3860 καὶ
1289 3805 1558 3871 τοσαύτας
1592 3809 1824 3881 ἀνατρέ-

237 3898 438 3968 ψαντες
475 3896 826 3969 Ἐκκλησίας,
851 3896 947 3950 καὶ
978 3896 1159 3950 πάντα
1180 3894 1425 3967 θορύϐων
1445 3896 1539 3951 zeal
1576 3900 1822 3971 ταραχῆς

238 3991 642 4063 ἐμπλήσαντες,
669 3990 765 4044 zeal
801 3987 1014 4063 λῃστῶν
1043 3987 1139 4043 zeal
1179 3987 1470 4061 βαρϐάρων
1498 3992 1822 4064 νικήσαντες

238 4084 501 4156 ὡμότητα
536 4084 634 4138 zeal
669 4082 1090 4156 ἀπανθρωπίαν,
1129 4083 1222 4138 zeal
1264 4082 1408 4138 οὕτω
1434 4083 1578 4138 κατά
1622 4084 1821 4155 κράτος

239 4175 705 4248 ἐκϐακχευθέντες
730 4174 836 4229 61:6
855 4173 950 4228 τοῦ
971 4174 1406 4246 στρατηγοῦντος
1425 4176 1610 4241 αὐτοῖς
1637 4176 1821 4231 διαϐό-

238 4268 335 4324 λου
370 4270 465 4323 zeal
493 4267 605 4323 τῶν
646 4264 1057 4340 συνεργούντων
1097 4266 1283 4331 αὐτοῖς
1315 4266 1607 4339 δαιμόνων,
1637 4269 1714 4334 ώς
1758 4269 1822 4324 τὸ

238 4362 467 4431 φρικτὸν
496 4358 658 4414 τοῦτο
682 4359 877 4430 δόγμα,
917 4357 1012 4413 zeal
1039 4358 1352 4431 ἁγιωσύνης
1380 4358 1573 4431 γέμον.
1604 4362 1696 4415 zeal
1728 4360 1821 4416 τοῦ

237 4451 532 4516 δεδωκότος
588 4449 759 4516 ἀξιον,
799 4448 1207 4520 καταγέλαστον
1253 4449 1348 4504 zeal
1407 4450 1681 4517 Ἰουδαίοις
1726 4453 1824 4509 καὶ

240 4544 470 4617 Ἕλλησι
502 4543 832 4614 ποιῆσαι·οί
863 4542 1061 4615 μυρίας
1090 4542 1493 4610 καταδύσαντες
1516 4544 1823 4617 ψυχάς,καὶ

245 4636 414 4708 μυρία
443 4635 683 4704 ναυάγια
716 4633 996 4706 πανταχοῦ
1028 4637 1129 4707 τῆς
1155 4635 1481 4707 οἰκουμένης
1510 4637 1822 4708 ἐργασάμε-

238 4745 349 4793 νοι,
379 4729 426 4783 οί
460 4725 731 4797 τοσαύτην
758 4726 1062 4798 ἀνάψαντας
1084 4727 1285 4798 πυρὰν,
1320 4727 1415 4780 καὶ
1446 4726 1508 4780 τὸ
1539 4727 1697 4799 σῶμα
1723 4728 1819 4782 τοῦ

242 4818 477 4891 Χριστοῦ
495 4818 803 4892 σχίσαντες,
838 4818 934 4873 zeal
957 4818 1025 4873 τά
1065 4818 1199 4891 μέλη
1217 4818 1383 4873 αὐτοῦ
1414 4820 1678 4892 πολλαχοῦ
1703 4823 1820 4877 δια-

245 4909 597 4981 σπείραντες·
644 4908 844 4981 ’Υμεῖς
891 4909 1022 4980 γὰρ,
1082 4908 1268 4979 φησὶν,
1297 4909 1440 4964 ἐστὲ
1469 4910 1641 4980 σῶμα
1681 4914 1819 4979 Χρι-

240 5000 419 5067 στοῦ,
443 5002 543 5056 καί
572 5000 731 5072 μέλη
764 5000 833 5054 ἐκ
856 4999 1101 5069 μέρους·
1140 5000 1340 5070 μᾶλλον
1361 5001 1418 5054 δὲ
1449 5001 1502 5055 τί
1530 5002 1820 5069 φιλονεικῶ

240 5094 591 5164 παραστῆσαι
617 5092 717 5163 τὴν
740 5092 938 5162 μανίαν
971 5092 1171 5154 αὐτῶν,
1202 5092 1602 5165 ἐρμηνευθῆναι
1635 5097 1710 5169 μὴ
1736 5098 1822 5151 δυ-

241 5186 483 5257 ναμένην
503 5184 679 5254 λόγῳ;
709 5184 882 5254 πόσην
902 5182 1080 5238 τοίνυν
1101 5183 1201 5236 οἴει
1229 5184 1626 5255 ὑποστήσεσθαι
1649 5205 1821 5258 τιμω-

244 5278 369 5346 ρίαν
412 5279 531 5331 τότε
582 5279 707 5341 τοὺς
756 5277 1040 5348 λυμεῶνας
1079 5275 1299 5340 τούτους
1330 5278 1424 5330 καὶ
1462 5278 1821 5351 αίμοϐόρους;

246 5366 314 5418 Εἰ
342 5366 443 5438 γάρ
464 5368 512 5420 οί
536 5367 613 5439 μὴ
646 5366 947 5439 θρέψαντες
978 5366 1249 5422 πεινῶντα
1281 5366 1371 5419 τὸν
1400 5367 1651 5439 Χριστὸν,
1684 5373 1822 5439 μετά

242 5453 342 5510 τοῦ
369 5458 608 5513 διαϐόλου
657 5459 1105 5523 καταδικάζονται
1138 5457 1214 5530 τῷ
1247 5459 1380 5530 πυρὶ
1423 5459 1499 5530 τῷ
1536 5460 1783 5530 ἀσϐέστῳ
1803 5478 1817 5492 ·

315 5658 341 5730 ξ
524 5661 754 5730 ’χαλεπῶν
772 5659 982 5730 συνεχῶν
999 5658 1301 5730 πειραῃῶνε
1588 5718 1610 5730 υ

311 5713 344 5755 δ
360 5720 436 5770 Sic
454 5713 653 5771 «toﬁna.
677 5730 832 5771 recte.
857 5713 983 5772 Είιὶι.
1008 5713 1369 5793 πρὸσξέδεμένῳ
1386 5718 1699 5771 συναπιοῦσα.

1690 234 2071 298 EPISTOLAS.

3396 250 3500 307 568

1932 361 1981 413 0|
2016 359 2112 414 zeal
2144 359 2289 435 λιμῷ
2323 360 2654 433 παραδόντες
2704 364 2956 437 μοναχῶν
2982 366 3078 421 καὶ
3103 365 3384 438 παρθένων
3413 386 3509 445 χο-

1933 462 2079 533 ροὺς,
2110 462 2207 517 zeal
2235 463 2616 537 ἐνδεδυμένους
2652 465 3062 538 γυμνώσαντες,
3090 468 3186 522 καὶ
3219 468 3405 537 ξένους
3428 472 3511 529 ὀνο

1932 577 2032 645 τας
2063 562 2123 615 o6
2155 561 2315 633 μόνον
2342 565 2417 636 μὴ
2443 567 2864 636 συναγαγόντες,
2893 568 3031 623 ἀλλὰ
3065 571 3162 623 zeal
3190 570 3507 639 ἐλάσαντες,

1928 661 2024 715 zeal
2038 662 2457 734 ἀρρωστοῦντας
2487 665 2548 719 o6
2585 665 2747 737 μόνον
2773 668 2874 721 οὐκ
2900 669 3345 742 ἐπισκεψάμενοι,
3370 672 3515 731 ἀλλά

1928 765 2023 819 zeal
2040 765 2318 820 ἐπιπλεῖον
2350 767 2762 838 συντρίψαντες,
2793 771 2888 826 zeal
2913 770 2975 825 06
3009 772 3168 843 μόνον
3192 773 3511 846 δεδεμένους

1927 866 2030 919 οὐκ
2072 865 2288 933 ἰδόντες,
2322 865 2459 921 ἀλλά
2501 872 2595 923 zeal
2630 868 2958 941 λελυμένους
3015 873 3095 938 είς
3132 873 3511 946 δεσμωτήριον

1929 969 2451 1040 παρασκευάσαντες
2502 974 2861 1047 ἐμϐαλέσθαι,
2910 974 3163 1046 ἐννόησον
3203 975 3337 1047 ὅσην
3375 975 3512 1030 ὐπο-

1929 1072 2216 1145 στήσονται
2247 1075 2537 1149 τιμωρίαν.
2566 1077 2700 1130 Τότε
2719 1076 2898 1131 τοίνυν
2919 1075 3038 1147 ὄψει
3077 1076 3274 1141 αὐτοὺς
3301 1077 3509 1149 ἀποτη-

1926 1174 2346 1246 γανιζομένους,
2417 1177 2908 1248 κατακαιομένους,
2976 1176 3316 1249 δεδεμένους,
3381 1179 3509 1243 τοὺς

1925 1273 2144 1339 ὀδόντας
2176 1274 2495 1349 βρύχοντας,
2532 1277 2984 1350 ὀλοφυρομένους,
3015 1277 3251 1350 ἀνόνητα
3274 1278 3504 1335 λοιπὺνε

1926 1374 2279 1447 θρηνοῦντας,
2310 1377 2405 1432 καὶ
2432 1378 2687 1451 ἀνωφελῆ
2715 1376 3112 1446 μετανοοῦντας
3146 1379 3241 1435 zeal
3269 1380 3511 1453 ἀκερδῆ,

1923 1475 2178 1550 καθάπερ
2208 1478 2237 1531 6
2265 1476 2518 1543 πλούσιος
2562 1478 2793 1543 ἐκεῖνος.
2830 1477 3093 1549 Ὄψονται
3135 1495 3196 1533 σε
3233 1479 3329 1534 zeal
3358 1469 3512 1536 οῦτοι

1924 1577 2087 1632 πάλιν
2122 1578 2180 1631 ἐν
2212 1579 2278 1651 τῇ
2312 1577 2558 1651 μακαρίᾳ
2579 1578 2731 1650 λήξει
2761 1578 2944 1651 ἐκείνῃ
2964 1576 3506 1653 στεφανηφοροῦσαν,

1927 1678 2065 1751 μετά
2086 1680 2193 1734 τῶν
2214 1679 2463 1749 ἀγγέλων
2498 1679 2850 1752 χορεύουσαν,
2871 1679 2952 1752 τῷ
2977 1678 3200 1752 Χριστῷ
3233 1681 3507 1753 συμϐασι-

1922 1775 2209 1843 λεύουσαν,
2243 1778 2339 1832 καὶ
2378 1776 2666 1849 βοήσονται
2704 1776 2875 1831 πολλά
2898 1777 2994 1832 zeal
3021 1777 3375 1851 θρηνήσουσι,
3407 1797 3512 1852 με-

1921 1879 2356 1948 ταγινώσκοντες
2398 1881 2485 1949 ἐφ’
2507 1873 2590 1942 οἷς
2632 1880 2715 1942 είς
2743 1879 2802 1933 σέ
2837 1879 3175 1953 παρῴνησαν
3191 1880 3242 1945 δ,
3271 1882 3366 1936 καὶ
3388 1882 3506 1937 ίκε-

1921 1978 2117 2051 τηρίαν
2157 1995 2240 2032 σοι
2288 1979 2692 2050 προστιθέντες.
2721 1980 2816 2033 zeal
2864 1981 3012 2035 ἐλέου
3041 1982 3381 2055 μεμνημένοι
3408 1984 3505 2041 καὶ

1923 2077 2357 2152 φιλανθρωπίας,
2393 2080 2491 2133 καὶ
2524 2080 2677 2135 οὐδὲν
2705 2080 2859 2136 ἔσται
2900 2081 3065 2136 πλέον
3096 2083 3303 2150 αὐτοῖς.

1996 2179 2148 2255 [548]
2168 2179 2259 2235 ea'.
2274 2179 2459 2235 Ταῦτα
2477 2176 2571 2235 οὖν
2599 2180 2815 2236 ἅπαντα
2834 2182 3159 2255 λογιζομένη
3182 2183 3347 2257 ἔπαδε
3382 2200 3510 2239 συν-

1921 2284 2059 2356 εχῶς
2092 2302 2184 2338 σου
2210 2286 2278 2356 τῇ
2303 2282 2470 2356 ψυχῇ,
2504 2284 2599 2338 zeal
2626 2284 2725 2356 τὴν
2749 2284 2934 2339 κονίαν
2964 2284 3057 2357 (al.
3090 2284 3263 2357 κόνιν)
3297 2284 3509 2358 ταύτην

1919 2385 2272 2441 διασκεδάσαι
2322 2386 2811 2460 δυνήσῃ.,Ἑπειδὴ
2856 2385 2914 2440 δέ
2965 2387 3062 2441 zeal
3088 2385 3277 2460 ἔτερόν
3298 2387 3415 2442 ἐστι
3442 2388 3512 2446 τδ

1924 2489 2161 2561 μάλιστά
2182 2506 2240 2542 σε
2263 2488 2485 2555 ὀδυνῶν,
2510 2488 2586 2553 ὡς
2614 2487 2790 2559 ἔγωγε
2812 2484 2988 2561 οἶμαι,
3029 2490 3166 2562 φέρε
3208 2488 3303 2545 καὶ
3329 2488 3511 2562 τούτῳ

1918 2590 1997 2660 τῷ
2020 2588 2266 2661 λογισμῷ
2296 2588 2797 2662 κατασκευάσωμεν
2819 2589 2880 2645 τὸ
2908 2590 3200 2662 φάρμακον
3226 2590 3365 2662 μετά
3395 2591 3509 2646 τῶν

1920 2693 2039 2762 εἱρη
2050 2691 2226 2761 μένων
2241 2690 2335 2744 καὶ
2351 2690 2388 2745 ἃ.
2400 2689 2501 2744 νῦν
2512 2689 2638 2761 ἐροῦ
2647 2706 2767 2761 μεν.
2789 2690 2900 2744 Kal
2919 2691 3029 2763 γὰρ
3053 2686 3207 2763 οἶμαί
3227 2708 3289 2746 σε
3319 2691 3513 2763 ἀλγεῖν

1920 2792 1980 2844 οὐ
2008 2790 2096 2846 διὰ
2127 2788 2303 2844 ταῦτα
2327 2789 2511 2860 μόνον,
2552 2788 2691 2844 ἀλλὰ
2714 2789 2813 2844 zeal
2840 2789 2930 2844 διὰ
2966 2790 3383 2865 τδκεχωρίσθαι
3402 2792 3509 2864 τῆς

1919 2891 2194 2956 οὖδενείας
2227 2891 2328 2962 τῆς
2356 2888 2653 2961 ἡμετέρας,
2686 2891 2783 2945 zeal
2809 2889 2972 2946 τοῦτο
2988 2888 3256 2965 διηνεκῶς
3285 2893 3508 2966 θρηνεῖν

1923 3011 2005 3057 σε,
2057 2993 2153 3048 zeal
2197 2992 2335 3065 πρὸς
2372 2992 2623 3056 ἅπαντας
2660 2991 2879 3062 λέγειν*
2920 2993 3037 3048 Οὐκ
3089 2993 3364 3068 ἀκούομεν
3402 2995 3511 3067 τῆς

1919 3094 2170 3166 γλώττης
2217 3094 2455 3167 ἐκείνης,
2489 3093 2612 3148 0666
2637 3092 2987 3167 ἀπολαύομεν
3009 3095 3110 3168 τῆς
3140 3098 3406 3171 συνήθους
3430 3099 3509 3154 δι.

1919 3198 2236 3265 δασκαλίας,
2254 3195 2390 3251 ἀλλά
2408 3197 2467 3250 ἐν
2495 3194 2640 3267 λιμῷ
2671 3196 3209 3270 κατακεκλείσμεθαο
3245 3200 3340 3255 zeal
3368 3202 3514 3275 ὅπερ

1918 3299 2216 3371 ἠπείλησεν
2273 3299 2302 3350 ὀ
2357 3296 2493 3362 Θεὸς
2540 3297 2654 3362 τοῖς
2685 3297 2961 3371 Ἑϐραίοις
3008 3298 3154 3366 τότε,
3203 3299 3365 3356 τοῦτο
3410 3300 3512 3357 νῦν

1921 3401 2290 3474 ὑπομένομεν,
2310 3401 2373 3455 06
2402 3399 2562 3472 λιμὸν
2597 3400 2927 3473 ἀρτου,ούδέ
2949 3400 3108 3472 δίψαν
3124 3401 3336 3470 ὕδατος,
3369 3402 3508 3460 ἀλλὰ

1919 3504 2079 3575 λιμὸν
2113 3502 2263 3566 θείας
2294 3500 2664 3566 διδασκαλίας,
2696 3501 2761 3555 Τί
2791 3498 2886 3557 οὖν
2932 3504 3099 3574 ἡμεῖς
3147 3504 3285 3576 πρὸς
3327 3504 3511 3584 *ταῦτα

1920 3603 2186 3676 ἐροῦμεν;
2222 3602 2348 3657 Ὀτι
2382 3601 2618 3673 μάλιστα
2659 3602 2759 3673 μὲν
2808 3601 2989 3669 ἔξεστί
3020 3621 3102 3657 σοι
3131 3604 3227 3659 καὶ
3255 3604 3508 3660 ἀπόντων

1920 3705 2081 3779 ἡμῶν
2108 3704 2316 3777 ὁμιλεῖν
2338 3705 2453 3769 τοῖς
2479 3702 2707 3774 βιϐλίοις
2729 3704 2841 3767 τοῖς
2868 3703 3180 3775 ἡμετέροις.
3212 3705 3324 3759 Kal
3341 3706 3507 3778 ἡμεῖς

1919 3810 1976 3865 δέ
2000 3809 2234 3881 σπουδὴν
2267 3806 2629 3880 ποιησόμεθα,
2660 3806 2727 3861 ἂν
2748 3806 3201 3877 ἐπιτυγχάνωμεν
3237 3822 3504 3880 γραμμα-

1919 3912 2198 3983 τηφόρων,
2225 3910 2468 3980 συνεχεῖς
2512 3925 2595 3961 σοι
2632 3907 2728 3961 καὶ
2749 3904 2960 3971 πυκνὰς
2991 3906 3088 3960 zeal
3111 3906 3327 3980 μακρὰς
3357 3908 3505 3981 πέμ.

1922 4022 2046 4063 πειν
2074 4007 2383 4072 ἐπιστολάς.
2407 4006 2470 4060 Et
2498 4006 2575 4093 66’
2588 4007 2684 4061 zeal
2710 4005 2860 4078 παρά
2889 4004 3072 4078 ζώσης
3102 4005 3289 4077 φωνῆς
3322 4006 3500 4078 βούλει

1921 4108 1988 4164 τά
2031 4108 2163 4182 παρ’
2199 4106 2355 4180 ήμῶν
2407 4106 2647 4171 ἀκούειν,
2697 4108 2828 4172 ἴσως
2873 4108 2967 4161 zeal
3013 4106 3172 4161 τοῦτο
3198 4107 3373 4175 ἔσται,
3409 4110 3507 4165 zeal

1920 4208 1952 4278 ή
1963 4208 2071 4277 μᾶς
2108 4204 2235 4275 ὄψει
2262 4203 2447 4269 πάλιν,
2481 4204 2573 4259 τοῦ
2601 4202 2735 4257 Θεοῦ
2760 4202 3155 4275 ἐπιτρέποντος
3174 4218 3188 4233 '
3217 4204 3422 4275 μᾶλλον
3446 4205 3508 4260 66

1920 4303 2022 4357 οὐκ
2058 4301 2210 4366 ῖσως,
2234 4299 2373 4355 ἀλλά
2408 4301 2504 4355 zeal
2533 4299 2700 4372 μηδὲν
2729 4298 3059 4371 ἀμφίϐαλλε.
3090 4300 3505 4374 Ἀναμνήσομεν

1921 4400 2030 4472 γάρ
2060 4416 2120 4453 σε
2150 4399 2234 4452 ὅτι
2255 4398 2357 4452 οὐκ
2381 4398 2502 4468 εἰκῆ
2533 4396 2705 4451 ταῦτα
2746 4396 3072 4468 εἰρήκαμεν,
3093 4395 3213 4449 0666
3246 4396 3503 4452 ἀπατῶν-

1920 4498 2012 4561 τές
2032 4513 2114 4563 σε,
2154 4494 2251 4551 zeal
2290 4493 2807 4568 παραλογιζόμενοι,
2842 4491 2978 4546 ἀλλά
3011 4492 3108 4545 καὶ
3139 4492 3290 4565 παρά
3313 4492 3500 4566 ζώσης

1919 4596 2133 4667 ἀκούσῃ
2161 4595 2347 4665 φωνῆς
2381 4593 2418 4648 6
2453 4591 2543 4647 διὰ
2581 4591 2690 4646 τῶν
2718 4589 3065 4663 γραμμάτων
3102 4589 3219 4646 νῦν.
3257 4591 3318 4644 El
3358 4590 3416 4644 66
3466 4592 3505 4663 ή

1924 4692 2186 4764 μὲλλησίς
2234 4707 2293 4744 σε
2327 4686 2502 4753 λυπεῖ,
2531 4688 2784 4760 ἐννόησον
2814 4686 2896 4740 ὅτι
2919 4685 3041 4739 οὐδὲ
3086 4685 3227 4756 αὕτη
3267 4686 3503 4759 ἀκερδής

1923 4805 2003 4842 σοι
2026 4788 2256 4856 γίνεται,
2286 4785 2424 4841 ἀλλὰ
2464 4784 2631 4838 πολὺν
2658 4782 2796 4837 οίσει
2833 4799 2915 4836 σοι
2953 4781 3044 4835 τὸν
3087 4780 3277 4851 μισθὸν
3311 4797 3509 4853 zeum:-

1925 4882 2114 4954 ρούσῃ,
2144 4882 2238 4936 καὶ
2269 4880 2435 4953 μηδὲν
2474 4877 2781 4951 ἐκφερούσῃ
2815 4875 3015 4948 πικρὸν
3042 4876 3217 4948 ῥῆμα.
3237 4875 3377 4930 ἀλλά
3404 4876 3507 4932 καλ

1921 4979 2061 5048 ὑπὲρ
2091 4976 2297 5031 τούτων
2343 4975 2437 5029 τὸν
2486 4973 2623 5027 Θεὸν
2667 4970 2993 5044 δοξαζούσῃ.
3024 4971 3053 5025 ὃ
3085 4971 3150 5043 δὴ
3176 4972 3272 5026 καὶ
3319 4972 3511 5027 διατεα

1921 5074 2087 5128 λοῦσα
2125 5076 2326 5136 ποιεῖς·
2371 5072 2494 5124 οὐδὲ
2516 5070 2624 5140 γὰρ
2652 5069 2847 5140 μικρὸς
2868 5061 3022 5133 οὗτος
3038 5063 3223 5135 ἆθλος,
3241 5068 3377 5124 ἀλλά
3408 5072 3508 5130 καὶ

1922 5171 2127 5241 σφόδρα
2149 5167 2404 5237 νεανικῆς
2428 5166 2677 5235 δεόμενος
2717 5163 2916 5235 ψυχῆς,
2949 5164 3043 5218 καὶ
3071 5165 3360 5235 φιλοσόφου
3384 5166 3507 5223 διας

1920 5270 2091 5331 νοίας,
2122 5266 2261 5319 ὥστε
2293 5262 2664 5333 ἀγαπωμένης
2701 5259 2879 5345 ψυχῆς
2913 5262 3155 5329 ἐνεγκεῖν
3201 5263 3503 5333 χωρισμόν,

1922 5364 2018 5426 Τίς
2049 5361 2221 5414 ταῦτά
2241 5374 2439 5429 manv;
2470 5357 2538 5410 Εῖ
2571 5373 2656 5420 τις
2687 5354 2794 5409 οἶδε
2821 5355 2998 5426 φιλεῖν
3022 5356 3290 5429 γνησίοις,
3339 5360 3395 5413 εί
3415 5376 3506 5427 τις

1922 5459 2212 5512 ἐπίσταται
2244 5455 2474 5525 δύναμιν
2506 5453 2747 5524 ἀγάπης,
2796 5446 2935 5505 οἶδεν
2965 5451 2996 5505 6
3035 5451 3198 5523 λέγω.
3245 5454 3385 5509 Ἀλλ’
3413 5456 3506 5514 66:

1986 5661 2009 5690 ε
2035 5658 2159 5709 Τπ-ος
2180 5670 2280 5705 mss
2318 5657 2520 5714 ἀνόνητα
2537 5654 2722 5704 λοιπόν.
2745 5653 2876 5706 Edili
2902 5654 3149 5715 ἀνόνητον.

1985 5718 2013 5758 ἀ
2035 5720 2144 5770 Duo
2165 5733 2284 5771 mss.
2307 5721 2372 5777 εἷς
2393 5719 2450 5768 at
2471 5717 2791 5781 διεπράξαντο.
