4030 6206
234 301 334 359 869

230 431 323 474 eos
348 416 439 487 qui
468 415 679 471 sincera
707 414 931 471 caritate
960 414 1169 486 prmditi
1199 414 1309 471 sint
1328 456 1344 482 ,
1377 421 1677 486 quatreutes
1704 415 1823 485 (et-

230 507 372 562 enim
404 521 526 561 rara
557 505 674 561 haec
700 505 869 561 virtus
895 504 1023 577 est),
1048 506 1117 561 ad
1138 505 1353 562 beatum
1382 504 1607 561 Paulum
1634 519 1822 561 curra-

229 611 387 652 mus:
424 605 586 667 atque
615 596 742 663 ille,
770 605 1027 667 quantum
1069 596 1172 653 hoc
1203 606 1475 653 certamen
1515 598 1619 663 sit,
1650 612 1823 668 quan-

231 701 453 758 tumque
498 689 735 743 animum
776 689 1051 759 requirat,
1085 690 1241 745 nobis
1264 698 1515 760 exponet.
1538 690 1635 745 llic
1679 690 1823 745 enim

232 782 449 847 Paulus,
472 780 564 850 qui
588 794 807 835 carnem
849 790 1101 847 exuerat,
1134 789 1190 835 et
1214 796 1410 851 corpus
1433 780 1730 849 abiecerat,
1759 794 1823 835 ac

177 861 187 873 ’⁷
231 874 377 929 nuda
404 871 796 945 propemodum
825 871 1003 927 anima
1048 881 1312 928 terrarum
1340 872 1525 928 orbem
1573 886 1824 942 peragra-

232 966 361 1031 bat,
394 974 447 1020 et
473 962 743 1018 turbidum
773 978 990 1018 omnem
1014 973 1217 1019 motum
1250 978 1317 1017 ex
1346 963 1525 1017 animo
1555 963 1787 1031 ejecerat
1806 1004 1820 1029 ,

228 1066 393 1127 atque
412 1057 673 1111 virtutum
705 1056 1141 1125 incorporearum
1169 1056 1605 1125 tranquillitatem
1651 1056 1825 1109 imita-

232 1148 415 1216 batur,
443 1156 751 1218 terramque
791 1162 897 1203 non
939 1162 1098 1204 secus
1125 1162 1190 1203 ac
1230 1150 1417 1204 czelum
1447 1148 1743 1216 incolebat,
1771 1157 1826 1203 et

230 1257 352 1296 eum
386 1240 675 1296 Cberubim
704 1254 917 1296 sursum
945 1240 1142 1307 stabat,
1160 1240 1510 1311 mysticteque
1538 1240 1678 1294 illius
1707 1254 1826 1293 mu-

236 1333 365 1387 sica:
418 1345 521 1386 una
570 1346 694 1386 cum
739 1331 869 1400 ipsis
917 1332 1187 1401 particeps
1241 1340 1392 1397 erat,
1449 1331 1553 1386 alia
1608 1329 1823 1401 quidem

234 1424 410 1479 omnia
438 1422 662 1493 perinde
689 1431 850 1493 atque
888 1423 942 1477 in
986 1422 1162 1479 alieno
1213 1437 1439 1492 corpore
1480 1421 1821 1492 perpetiens,

238 1518 422 1574 leviter
446 1515 683 1582 ferebat,
725 1530 996 1571 carcerem
1042 1515 1314 1581 nimirum,
1344 1513 1576 1579 vincula,
1603 1513 1788 1568 exsilia
1810 1549 1825 1576 ,

236 1613 418 1682 flagra,
441 1611 632 1675 minas,
668 1616 917 1673 mortem,
952 1607 1350 1677 lapidationem,
1372 1606 1820 1671 submersionem,

234 1719 292 1760 ac
321 1703 557 1774 denique
584 1702 810 1771 quodvis
834 1700 1081 1771 supplicii
1117 1716 1303 1771 genus.
1337 1702 1406 1755 At
1454 1700 1592 1755 idem
1624 1701 1689 1756 ab
1716 1716 1824 1754 uno

236 1798 453 1853 homine
496 1812 528 1851 a
573 1812 633 1851 se
685 1796 886 1851 dilecto
928 1805 1197 1861 semotus,
1229 1804 1374 1849 tanta
1423 1793 1823 1864 perturbatione

234 1892 459 1947 alfectus
487 1901 590 1957 est,
621 1899 678 1945 ut
702 1890 879 1945 statim
910 1889 1071 1945 etiam
1100 1904 1165 1944 ex
1187 1904 1251 1943 ea
1276 1889 1411 1942 urbe
1431 1887 1734 1950 excederet,
1768 1887 1822 1940 in

230 2001 331 2056 qua
360 1984 614 2051 amicum,
645 1997 803 2053 quem
830 1997 888 2037 se
912 1983 1149 2036 visurum
1182 1980 1450 2050 sperabat,
1485 1979 1703 2033 minime
1734 1978 1821 2032 iu-

232 2084 475 2132 venerat.
512 2075 682 2145 llujus
724 2074 803 2129 rei
835 2073 934 2144 ipsi
964 2073 1132 2127 Troas
1156 2071 1369 2128 conseia
1400 2080 1514 2135 εει,
1545 2082 1665 2138 qua:
1703 2068 1823 2122 ideo

229 2170 294 2225 ab
322 2184 391 2225 eo
420 2169 609 2223 relicta
638 2176 741 2234 est,
769 2166 911 2236 quod
956 2175 1067 2221 tum
1098 2180 1220 2220 eum
1264 2164 1363 2234 ipsi
1395 2162 1679 2218 ostendere
1721 2161 1823 2215 mi-

230 2263 373 2316 nime
402 2258 688 2330 p0tttisset.
722 2257 851 2312 Cum
878 2258 1020 2313 enim
1048 2256 1292 2311 venissem
1325 2253 1595 2320 Troadem,
1626 2252 1817 2323 inquit,

227 2363 437 2424 propter
489 2351 800 2422 evangelium
850 2349 1061 2417 Christi,
1094 2358 1140 2403 et
1188 2348 1374 2401 ostium
1422 2346 1546 2399 mihi
1591 2354 1824 2415 apertum

226 2452 353 2497 esset
381 2443 436 2496 in
459 2440 679 2497 Domino
701 2482 718 2507 ,
747 2458 849 2495 non
898 2440 1051 2494 habui
1094 2440 1313 2510 requiem
1356 2438 1559 2508 spiritui
1604 2453 1732 2503 meo,
1764 2452 1822 2491 eo

224 2533 364 2604 quod
389 2549 492 2587 non
520 2532 792 2586 invenerim
822 2530 989 2584 Titum
1030 2530 1236 2600 fratrem
1265 2544 1464 2593 meum;
1491 2527 1579 2583 sed
1621 2528 1818 2582 valedi-

226 2642 341 2680 cens
372 2626 444 2679 eis
466 2666 479 2689 ,
512 2627 769 2696 profectus
793 2639 905 2677 sum
946 2623 1001 2676 in
1030 2620 1385 2675 Macedoniam
1412 2619 1487 2693 (ἓ.
1507 2619 1625 2674 Cor.
1644 2619 1699 2673 2.
1730 2617 1817 2674 12.

228 2720 340 2787 1⁸5).
370 2717 506 2785 Quid
529 2718 630 2783 ais,
662 2716 868 2771 Paule?
910 2714 1078 2785 Ligno
1122 2714 1399 2782 alligatus,
1430 2722 1589 2782 atque
1614 2711 1669 2766 in
1700 2711 1820 2765 vin-

225 2812 345 2865 cula
394 2809 689 2880 conjectus.
723 2823 786 2863 ac
812 2808 1081 2879 virgarum
1126 2814 1282 2861 notas
1331 2815 1479 2875 tergo
1531 2804 1821 2875 impressas

226 2904 465 2969 habens,
489 2912 544 2958 et
584 2917 776 2958 cruore
801 2900 1050 2955 diffluens
1076 2940 1090 2965 ,
1129 2898 1297 2954 sacris
1351 2897 1597 2953 iuitiabas
1627 2904 1684 2951 ct
1726 2896 1820 2950 ba-

226 2996 503 3067 ptizabas,
561 3004 615 3050 et
683 2994 1003 3050 sacrificium
1076 2992 1374 3059 oll‘ercbas,
1438 3006 1537 3046 nec
1604 2991 1820 3046 unicum

223 3091 390 3144 etiam
424 3088 730 3155 hominem,
760 3087 851 3158 qui
877 3087 1106 3142 salutem
1135 3094 1454 3156 accepturus
1479 3093 1656 3151 esset,
1692 3099 1821 3139 cou-

224 3182 507 3237 temnebas
538 3199 549 3235 :
574 3179 837 3236 Troadem
865 3189 1043 3235 autem
1073 3177 1363 3249 profectus,
1392 3192 1453 3233 ac
1475 3185 1821 3247 repurgatum

222 3290 415 3329 arvum
474 3283 875 3342 sementemque
917 3271 1164 3341 excipere
1208 3279 1472 3340 paratum,
1503 3277 1557 3324 et
1603 3268 1818 3338 plenam

224 3382 436 3434 aream,
468 3373 764 3435 cunctaque
818 3363 912 3418 tibi
969 3377 1136 3433 prona
1160 3370 1216 3417 et
1268 3360 1441 3415 facilia
1494 3360 1818 3430 praebentem

227 3458 597 3527 conspiciens,
625 3465 829 3510 tantum
858 3455 926 3511 de
955 3455 1201 3509 manibus
1245 3453 1452 3509 lucrum
1497 3452 1702 3523 ejecisti
1723 3493 1737 3517 ,
1761 3460 1822 3506 ut

224 3552 475 3621 quamvis
504 3550 665 3605 etiam
694 3549 765 3603 ob
806 3564 923 3604 eam
975 3562 1189 3602 causam
1227 3546 1352 3601 illuc
1397 3556 1449 3600 te
1499 3544 1820 3600 contulisses

224 3644 385 3713 (Cum
413 3644 553 3697 enim
583 3642 823 3695 venissem
854 3640 1123 3707 Troadem,
1154 3639 1363 3709 inquit,
1392 3637 1461 3691 ad
1486 3637 1816 3708 evangelium,

220 3738 325 3790 hoc
362 3744 447 3790 est
476 3733 766 3803 evangelici
794 3732 989 3803 negotii
1020 3730 1226 3799 causa),
1254 3744 1353 3785 nec
1397 3730 1675 3802 quisquam
1726 3728 1818 3783 tibi

218 3828 515 3881 obsisteret
539 3825 631 3898 (Et
658 3826 857 3889 ostium,
886 3824 1092 3894 inquit,
1116 3822 1239 3876 mihi
1273 3831 1501 3892 apertum
1530 3818 1698 3892 esset),
1725 3834 1820 3889 pc-

216 3919 350 3974 dem
386 3925 560 3971 tamen
591 3916 771 3971 statim
802 3914 1075 3971 referres?
1101 3914 1176 3968 lla
1206 3927 1356 3977 sane,
1387 3911 1556 3982 inquit
1585 3929 1598 3964 :
1626 3924 1819 3981 magna

216 4014 375 4067 enim
405 4025 492 4065 me
517 4010 766 4065 mmroris
795 4008 1035 4079 tyrannis
1062 4007 1288 4071 invasit,
1322 4005 1533 4075 Titique
1579 4003 1818 4059 absentia

218 4119 411 4161 meum
432 4102 668 4156 animum
697 4101 1045 4156 vehementer
1070 4096 1427 4164 conturbavit,
1447 4106 1606 4166 atque
1632 4095 1704 4149 ita
1731 4108 1818 4148 me

218 4198 389 4268 fregit
414 4210 477 4250 ac
504 4195 804 4266 superavit,
834 4201 894 4248 ut
921 4207 950 4246 a
974 4205 1060 4246 me
1079 4232 1094 4257 ,
1128 4191 1231 4245 hoc
1258 4197 1313 4244 ut
1341 4190 1567 4243 facerem
1594 4229 1607 4252 ,
1638 4197 1817 4241 extor-

217 4295 385 4348 serit.
412 4290 541 4344 Nam
574 4288 716 4359 quod
744 4288 818 4343 illi
843 4296 1060 4357 prepter
1086 4300 1373 4342 maerorem
1416 4286 1518 4340 hoc
1541 4281 1816 4347 acciderit,

219 4386 364 4441 nihil
396 4383 547 4439 nobis
591 4382 914 4453 conjecturis
952 4396 1086 4451 opus
1129 4388 1229 4443 est,
1258 4394 1441 4435 verum
1490 4377 1557 4432 ab
1594 4377 1821 4446 ipsomet

218 4480 327 4533 hoc
384 4477 652 4546 conjicere
705 4485 863 4545 atque
893 4473 907 4505 '
941 4472 1238 4542 intelligere
1279 4470 1555 4537 debemus.
1608 4469 1819 4523 Etenim

218 4569 504 4623 discessus
531 4567 610 4621 sui
653 4580 868 4619 causam
913 4563 997 4618 his
1038 4562 1216 4617 verbis
1263 4560 1550 4630 exposuit:
1582 4557 1702 4613 Non
1729 4560 1823 4611 ha-

221 4664 307 4715 bui
338 4660 561 4729 requiem
586 4658 786 4729 spiritui
809 4673 916 4711 meo
937 4698 949 4722 ,
970 4672 1026 4709 eo
1043 4654 1177 4726 quod
1203 4671 1301 4708 non
1326 4652 1595 4706 invenerim
1629 4650 1820 4716 Titum;

219 4752 312 4806 sed
342 4750 627 4805 valedicens
656 4750 725 4802 eis
744 4789 758 4812 ,
788 4763 1017 4816 egressus
1044 4762 1173 4801 sum.

295 4841 394 4899 19.
442 4841 674 4898 Videsne
691 4847 944 4910 quantum
963 4848 1231 4895 certamen
1251 4838 1499 4905 sit,amici
1518 4838 1815 4909 digressum

217 4947 391 5006 aquo
438 4948 499 4987 ac
536 4931 749 5004 placido
795 4932 973 4985 animo
1024 4929 1187 4997 ferre,
1244 4944 1510 5000 quamque
1546 4928 1719 4999 gravis
1769 4936 1823 4982 et

214 5024 424 5083 acerba
456 5023 569 5081 base
598 5038 686 5079 res
715 5022 817 5085 sit,
844 5038 1112 5093 quamque
1147 5022 1426 5078 sublimem
1458 5036 1521 5075 ac
1545 5032 1820 5076 strenuum

211 5119 470 5173 animum
500 5116 810 5172 desideret?
838 5115 949 5169 lloc
984 5129 1143 5183 porro
1189 5122 1457 5169 certamen
1504 5120 1559 5167 tu
1611 5127 1821 5183 quoque

215 5224 374 5265 nunc
400 5208 537 5263 obis.
580 5208 651 5261 At
694 5221 799 5276 quo
820 5206 993 5276 majus
1019 5207 1120 5259 hoc
1144 5213 1412 5260 certamen
1440 5212 1537 5268 est,
1566 5219 1632 5259 eo
1661 5203 1819 5257 etiam

210 5316 430 5359 corona
487 5299 826 5370 praestantior
877 5298 1008 5362 erit,
1067 5297 1388 5367 pratmiaque
1440 5296 1818 5365 splendidiora.

208 5398 411 5464 Quare
437 5394 537 5449 hoc
561 5392 655 5448 tibi
677 5392 937 5448 tarditatis
962 5391 1030 5446 sit
1050 5391 1326 5457 solatium;
1352 5390 1582 5462 illudque
1604 5401 1822 5463 praeter-

210 5505 311 5549 ea,
360 5483 507 5557 quod
562 5482 953 5538 mercedcbinc
1007 5491 1258 5537 manante
1314 5481 1585 5551 refertam,
1620 5497 1819 5538 corona

210 5575 555 5640 redimitam,
583 5575 1033 5646 ampltssimisque
1058 5574 1301 5631 laudibus
1329 5574 1572 5632 affectam
1591 5586 1641 5632 te
1657 5575 1819 5632 visuri

207 5669 418 5741 cintus.
461 5664 645 5737 Neque
698 5666 840 5722 enim
885 5666 919 5721 ii
969 5665 1059 5737 qui
1089 5675 1289 5732 amant,
1318 5680 1384 5721 eo
1429 5666 1544 5723 solo
1583 5667 1818 5724 contenti

290 5784 313 5814 ι
356 5789 404 5829 tu
430 5781 581 5830 tribus
598 5787 701 5828 Mss.
727 5779 904 5830 desunt
930 5780 1097 5839 verba,
1123 5782 1359 5844 conjicere
1381 5790 1540 5847 atque.

541 5864 816 5925 PATBOL.
850 5865 969 5927 Gn.
1013 5866 1136 5929 LII.

1686 295 2060 358 EPISTOLE.

3411 335 3517 391 570

1927 427 2072 486 sunt,
2101 422 2242 515 quod
2268 424 2565 515 animorum
2590 430 2811 489 vinculis
2829 435 2965 492 inter
2983 444 3513 515 seconstringantur,

1929 522 2103 579 neque
2153 511 2255 568 hoc
2279 513 2345 568 ad
2376 519 2794 578 consolationem
2823 527 2923 581 sibi
2969 532 3098 583 satis
3134 546 3254 588 esse
3294 511 3515 602 ducunt,

1928 615 2109 656 verum
2138 605 2295 659 etiam
2323 612 2564 678 corporis
2608 619 2943 683 praesentiam
2988 625 3266 692 requirunt
3294 643 3307 679 :
3337 644 3439 697 qua
3469 632 3517 685 si

1927 704 2161 758 careant,
2212 697 2348 752 haud
2403 704 2591 773 exigua
2642 708 2930 779 voluptatis
2982 730 3106 783 pars
3159 720 3363 774 succisa
3411 734 3515 777 est.

1927 784 2101 853 Atque
2137 785 2237 841 hoc
2268 806 2496 858 rursum,
2526 795 2568 848 si
2600 796 2666 850 ad
2695 800 2930 856 caritatis
2956 804 3226 861 alumnum
3264 825 3360 865 uos
3387 826 3518 866 cou-

1930 876 2224 945 tulerimus,
2275 882 2345 935 ita
2384 898 2444 938 se
2470 884 2665 942 habere
2691 895 3105 961 cotnperientus.
3147 899 3202 954 lu
3253 917 3313 956 ea
3372 905 3514 959 enim

1930 967 2182 1038 Epistola,
2226 989 2385 1041 quam
2429 977 2495 1031 ad
2534 979 2851 1037 Macedonas
2897 988 3180 1052 scribebat,
3211 991 3292 1046 bis
3339 995 3519 1049 verbis

1928 1061 2174 1155 utebatur
2207 1081 2219 1117 :
2252 1064 2365 1120 Nos
2390 1079 2579 1135 autem,
2602 1075 2805 1141 fratres,
2830 1077 2990 1130 orbati
3015 1095 3046 1131 a
3072 1081 3205 1136 vobis
3229 1086 3297 1137 ad
3323 1094 3517 1155 tempus

1928 1152 2084 1219 Itone,
2139 1167 2361 1224 aspectu,
2414 1176 2514 1214 non
2552 1165 2738 1231 corde,
2786 1166 3124 1225 abundantius
3173 1152 3519 1241 festinavimus

1920 1244 2108 1311 facient
2136 1257 2350 1301 vestram
2389 1252 2557 1306 videre
2581 1269 2601 1307 :
2628 1270 2718 1325 ego
2772 1258 2975 1325 quidem
3035 1261 3229 1318 Paulus
3275 1258 3428 1321 semel
3469 1280 3520 1321 et

1927 1334 2106 1388 iterum
2141 1352 2159 1389 :
2187 1338 2277 1391 sed
2304 1339 2562 1409 impedivit
2608 1360 2697 1399 nos
2729 1357 2954 1403 satanas.
3006 1349 3228 1422 Propter
3251 1338 3387 1425 quod
3414 1373 3517 1412 non

1927 1428 2225 1484 sustinentes
2266 1433 2505 1502 amplius,
2562 1436 2751 1504 placuit
2790 1439 2931 1494 nobis
2976 1459 3234 1498 remanere
3275 1448 3515 1513 Athenis,

1925 1518 2047 1572 solis
2074 1536 2091 1573 :
2117 1530 2161 1573 et
2192 1521 2415 1576 misimus
2446 1522 2765 1581 Timotheum
2799 1530 2873 1599 (1.
2900 1530 3073 1586 Thess.
3096 1534 3148 1587 2.
3177 1536 3261 1590 17.
3288 1538 3369 1592 18.
3392 1549 3438 1593 et
3466 1558 3517 1595 c.

1926 1609 1978 1662 5.
2012 1626 2057 1663 v.
2091 1611 2141 1665 1.
2166 1612 2243 1682 2).
2280 1611 2324 1668 Ο
2350 1625 2545 1684 quanta
2569 1616 2621 1671 in
2648 1619 2869 1691 singulis
2890 1621 3211 1680 dictionibus
3237 1628 3316 1682 vis
3343 1629 3513 1686 inestl

1926 1703 2120 1757 ctenim
2154 1706 2421 1761 conditam
2454 1709 2504 1763 in
2553 1709 2718 1779 ipsius
2753 1714 2932 1769 animo
2960 1719 3198 1773 caritatis
3250 1721 3518 1780 flammam

1928 1810 2115 1865 magna
2170 1814 2290 1853 eum
2331 1803 2711 1871 perspicuitate
2760 1796 3177 1863 demonstrabat.
3222 1810 3337 1866 Non
3373 1816 3516 1869 enim

1924 1889 2076 1953 dixit,
2106 1890 2344 1959 Sejuncti
2385 1908 2414 1946 a
2446 1895 2612 1959 vobis,
2645 1906 2734 1949 aut
2768 1897 3056 1963 abstracti,
3100 1911 3191 1955 aut
3233 1903 3513 1971 distantes,

1925 1990 2016 2034 aut
2041 1980 2323 2048 absentes;
2354 1999 2536 2038 verum
2559 2028 2573 2053 ,
2613 1985 2790 2040 ()rbati
2814 2004 2845 2040 a
2870 1988 3026 2043 vobis.
3069 1990 3391 2048 Vocabulum
3434 1995 3518 2050 in-

1926 2072 2202 2141 vestigavit
2227 2074 2369 2143 quod
2393 2074 2715 2132 declarando
2740 2079 2902 2133 animi
2925 2081 3004 2134 sui
3028 2080 3198 2137 dolori
3222 2100 3318 2153 par
3348 2095 3511 2142 esset.

1923 2164 2055 2219 Nam
2090 2181 2209 2220 eum
2237 2166 2352 2236 ipse
2376 2169 2607 2238 parentis
2643 2170 2762 2225 loco
2788 2174 2993 2229 cunctis
3020 2185 3183 2241 esset,
3216 2185 3391 2234 tamen
3418 2193 3516 2249 pu-

1924 2257 2173 2327 pillorum
2200 2275 2487 2329 puerorum
2505 2301 2519 2327 ,
2551 2263 2637 2333 qui
2661 2263 2940 2320 immatura
2967 2276 3123 2323 :etate
3145 2277 3351 2339 patrem
3381 2272 3518 2327 ami-

1922 2350 2111 2417 serint,
2140 2351 2317 2406 verbis
2346 2352 2511 2406 utitur
2539 2370 2552 2411 :
2581 2368 2688 2423 quo
2710 2354 2955 2411 videlicet
2979 2358 3300 2428 singularem
3323 2376 3517 2431 quam-

1923 2439 2043 2494 dam
2074 2441 2235 2495 animi
2263 2443 2571 2498 mtestitiam
2603 2445 2867 2501 ostendat.
2908 2446 3091 2519 Neque
3114 2450 3255 2505 enim
3284 2466 3516 2520 praema-

1925 2540 2039 2587 tura
2069 2534 2299 2590 orbitate
2345 2536 2632 2607 quidquam
2681 2539 2926 2595 acerbius
2978 2542 3270 2613 excogitari
3319 2552 3514 2614 potest,

1922 2641 2043 2679 cum
2066 2640 2165 2680 nec
2186 2636 2313 2682 aetas
2339 2627 2406 2683 ad
2436 2643 2547 2684 rem
2574 2629 2733 2684 ullam
2762 2629 3005 2687 idoneam
3031 2633 3156 2703 ipsis
3182 2647 3336 2702 opem
3353 2634 3515 2690 all‘er-

1923 2734 1981 2773 re
2012 2714 2205 2789 potest,
2236 2735 2336 2775 nec
2365 2722 2455 2791 qui
2486 2737 2670 2778 eorum
2702 2738 2882 2778 curam
2912 2740 2975 2779 ac
3001 2724 3367 2783 defensionem
3398 2729 3512 2784 sin-

1922 2824 2049 2864 cero
2087 2810 2267 2865 animo
2303 2810 2628 2880 suscipiant,
2662 2823 2856 2883 prtesto
2883 2825 3027 2883 sunt,
3058 2825 3111 2871 et
3141 2818 3292 2872 tnulti
3335 2820 3514 2875 subito

1922 2902 2212 2970 exsistunt,
2246 2919 2274 2957 a
2304 2903 2498 2974 quibus
2520 2905 2726 2961 insidite
2758 2906 2891 2976 ipsis
2929 2918 3310 2979 comparantur
3340 2928 3353 2964 :
3388 2927 3513 2967 nam

1923 3002 2032 3048 tum
2059 2994 2205 3049 velut
2231 2995 2352 3066 agni
2383 2997 2518 3065 lupis
2537 2997 2589 3051 in
2608 2997 2839 3052 medium
2860 3010 3245 3069 proponuntur,
3271 3017 3300 3057 a
3322 3002 3512 3072 quibus

1921 3088 2064 3143 omni
2086 3104 2149 3142 ex
2182 3097 2332 3158 parte
2360 3088 2637 3144 caeduntur
2664 3099 2717 3145 et
2757 3090 3076 3146 lacerantur.
3118 3091 3283 3148 Nemo
3312 3102 3395 3149 est
3420 3096 3513 3165 qui

1922 3180 2239 3235 calamitatis
2264 3179 2420 3250 hujus
2450 3180 2868 3251 magnitudinem
2902 3183 3005 3238 ulla
3050 3184 3294 3239 oratione
3321 3199 3514 3240 conse-

1921 3273 2008 3343 qui
2027 3274 2214 3344 possit.
2256 3272 2513 3339 Quocirca
2540 3274 2755 3340 Paulus,
2781 3288 2902 3330 cum
2948 3276 2998 3330 in
3029 3291 3216 3331 omnes
3247 3286 3422 3347 partes
3450 3293 3508 3332 se

1923 3375 2208 3430 versasset,
2260 3373 2419 3435 atque
2462 3366 2725 3435 ejusmodi
2760 3382 2976 3434 vocem,
3007 3381 3111 3437 qua
3167 3367 3511 3422 solitudinem

1920 3457 2274 3526 acerbamque
2324 3457 2681 3513 calamitatem
2726 3457 2983 3514 indicaret
3007 3499 3023 3525 ,
3055 3457 3419 3528 quaesivisset,
3453 3467 3513 3512 ut

1920 3565 2026 3619 quo
2052 3549 2232 3603 animo
2257 3558 2419 3615 esset,
2450 3564 2570 3604 cum
2597 3550 2664 3603 ab
2692 3549 2756 3604 iis
2785 3564 2920 3619 quos
2949 3550 3160 3605 amabat
3185 3548 3513 3604 distrahere-

1924 3651 2030 3710 tur,
2056 3642 2269 3712 planum
2300 3640 2517 3708 faceret,
2551 3640 2651 3696 hac
2679 3641 2909 3697 dictione
2938 3656 3063 3696 usus
3091 3649 3174 3696 est
3203 3657 3216 3693 :
3245 3648 3299 3695 et
3318 3638 3513 3694 deinde

1921 3749 2017 3803 per
2064 3749 2126 3788 ea
2179 3749 2298 3803 qua:
2355 3744 2651 3804 sequuntur
2700 3732 2839 3789 hanc
2883 3747 3094 3787 rursum
3148 3731 3507 3801 exaggeravit.

1924 3824 2102 3879 Orbati
2129 3826 2270 3881 enim
2291 3867 2306 3892 ,
2333 3826 2497 3896 inquit
2521 3868 2535 3890 ,
2565 3840 2673 3879 non
2702 3824 2768 3879 ad
2795 3824 3101 3878 diuturnum
3131 3822 3344 3893 aliquod
3373 3832 3511 3877 tetu-

1921 3916 2068 3986 poris
2097 3916 2348 3987 spatium,
2373 3916 2464 3971 sed
2492 3915 2572 3967 Ad
2600 3925 2795 3985 tempus
2823 3914 2961 3968 hora:
2983 3914 3057 3983 (1.
3094 3913 3265 3969 Thess.
3297 3914 3353 3968 2.
3387 3914 3506 3986 i7):

1919 4023 1982 4064 ac
2004 4023 2111 4063 non
2136 4007 2336 4073 animo,
2365 4006 2459 4061 sed
2490 4005 2647 4060 Facie
2670 4007 2781 4060 sola
2802 4004 3049 4076 disiuncti
3067 4047 3083 4073 ,
3108 4020 3174 4062 ne
3199 4006 3277 4063 sic
3294 4005 3509 4077 quidem

1922 4109 2097 4155 tamen
2126 4099 2367 4155 dolorem
2415 4113 2536 4153 eum
2565 4140 2579 4165 ,
2615 4112 2772 4168 quem
2818 4097 2942 4152 hinc
2979 4097 3336 4171 concipimus,
3369 4097 3512 4154 ferre

1921 4204 2237 4261 possumus;
2281 4189 2526 4260 quamvis
2555 4204 2618 4244 ea
2660 4188 2815 4244 nobis
2837 4188 2967 4242 satis
2990 4188 3166 4259 ampla
3214 4189 3511 4245 consolatio

1920 4284 2011 4349 sit,
2039 4282 2181 4353 quod
2207 4281 2370 4336 animi
2397 4282 2560 4337 nostri
2587 4281 2725 4336 inter
2749 4296 2808 4336 se
2836 4281 3065 4337 devincti
3091 4281 3199 4336 sint
3222 4321 3237 4348 ,
3264 4281 3512 4352 quodque

1920 4390 2017 4430 vos
2046 4376 2099 4430 iu
2138 4374 2301 4430 corde
2345 4384 2529 4430 nostro
2566 4373 2810 4430 conditos
2839 4372 3148 4439 habeamus,
3172 4386 3236 4427 ac
3280 4372 3512 4442 denique

1923 4468 2076 4533 illud,
2100 4467 2245 4539 quod
2296 4466 2414 4523 heri
2438 4476 2491 4523 et
2533 4466 2917 4522 nudiustertius
2944 4480 3041 4521 vos
3058 4464 3348 4521 viderimus
3377 4486 3390 4521 :
3425 4474 3510 4519 ta-

1923 4578 2045 4617 men
2072 4561 2202 4616 nibil
2229 4576 2415 4616 eorum
2458 4574 2691 4615 mcerore
2718 4574 2817 4613 nos
2847 4558 3055 4613 liberat.
3087 4556 3223 4627 Quid
3252 4562 3380 4628 ergo
3402 4558 3510 4624 vis,

1923 4654 2011 4709 dic
2056 4652 2276 4725 quaeso?
2304 4651 2431 4723 quid
2456 4651 2684 4721 expetis,
2708 4651 2815 4707 imo
2842 4660 2947 4704 tam
2974 4649 3320 4705 vehementer
3341 4664 3507 4721 expe-

1924 4750 2024 4803 tis?
2055 4748 2226 4818 lpsam
2253 4761 2437 4802 eorum
2471 4745 2658 4801 faciem
2680 4760 2922 4800 cernere.
2964 4743 3314 4797 Abundantius
3339 4743 3507 4808 enim,

1924 4841 2112 4910 inquit,
2143 4839 2487 4911 festinavimus
2512 4839 2693 4908 facient
2722 4846 2935 4890 vestram
2954 4834 3120 4888 videre
3144 4834 3220 4906 (1.
3245 4832 3423 4889 Thess.
3451 4838 3507 4889 2.

1924 4932 2037 5001 17).
2070 4931 2204 4998 Quid
2230 4932 2308 4987 ais
2327 4972 2342 4996 ,
2373 4947 2406 4985 ο
2427 4944 2616 4999 magne
2649 4938 2807 4997 atque
2835 4926 3047 4982 excelse
3081 4926 3198 4980 vir?
3226 4926 3325 4995 Qui
3350 4942 3509 4981 mun-

1923 5026 2048 5081 dum
2092 5027 2144 5080 in
2177 5036 2229 5080 te
2280 5024 2589 5079 cruciﬁxum
2640 5021 2827 5087 babes,
2875 5020 2987 5093 ipse
3035 5019 3266 5075 vicissim
3310 5020 3512 5076 mundo

1923 5119 2227 5185 crucifixus,
2246 5116 2336 5188 qui
2356 5116 2423 5170 ab
2451 5113 2698 5169 omnibus
2733 5114 3033 5169 carnalibus
3061 5112 3221 5168 rebus
3249 5122 3301 5167 te
3329 5128 3509 5168 remo-

1923 5212 2067 5279 visti,
2096 5212 2184 5283 qui
2224 5224 2361 5281 pene
2399 5207 2640 5278 corporis
2688 5221 2880 5277 expers
2934 5205 3176 5270 effectus,
3218 5206 3415 5261 siccine
3460 5216 3513 5262 te

1923 5307 2189 5375 captivum
2235 5302 2433 5356 caritas
2479 5299 2667 5364 tenuit,
2700 5307 2759 5351 ut
2789 5298 2838 5350 in
2890 5298 3109 5363 luteam,
3146 5311 3209 5352 ac
3240 5304 3510 5351 terrenam

1921 5411 2082 5471 atque
2109 5398 2160 5452 in
2201 5410 2416 5452 sensum
2447 5393 2723 5448 cadentem
2764 5406 2978 5447 carnem
3037 5390 3345 5462 provolutus
3394 5390 3513 5445 sis!

1922 5493 2169 5550 Maxime.
2201 5490 2369 5560 inquit
2395 5506 2409 5544 :
2439 5502 2537 5542 nec
2578 5485 2627 5541 id
2658 5485 2838 5541 dicere
2878 5499 2964 5539 me
2989 5484 3170 5555 pudet,
3201 5482 3307 5536 imo
3346 5482 3511 5536 etiam

1923 5603 1990 5644 eo
2039 5584 2257 5642 nomine
2303 5582 2503 5657 glorior
2534 5597 2546 5634 :
2577 5595 2699 5636 nam
2748 5594 2869 5635 cum
2914 5578 3212 5640 caritatem,
3247 5575 3511 5630 bonorum

1922 5678 2158 5735 omnium
2187 5686 2449 5741 matretn,
2476 5674 2637 5729 inme
2657 5680 2950 5728 scatentem
2998 5668 3245 5733 habeam,
3277 5667 3385 5719 hac
3425 5679 3511 5718 re—

1873 5821 1895 5852 .
1926 5772 2097 5839 quiro.
2173 5766 2359 5840 Neque
2429 5767 2739 5837 simpliciter
2808 5775 3119 5832 corpoream
3175 5753 3513 5815 nrmscntiam

3099 5852 3171 5914 12
