4030 6206
423 322 521 378 571
1133 319 1187 373 S.
1232 319 1510 374 JOANNIS
1551 317 2013 380 ειιιιγδοεδτωιι
2055 316 2371 373 ARCIHEI’.
2416 318 2947 374 CONSTANTINOP.
3584 321 3687 374 57‘}

421 437 644 508 expetit,
674 450 856 492 verum
886 449 1069 489 eorum
1095 433 1281 488 faciem
1311 433 1499 489 intueri
1520 433 1698 503 gestit.
1730 433 2003 486 Abundan-

422 528 520 583 tius
546 528 707 594 enim,
733 527 906 597 inquit
932 568 945 592 ,
980 526 1323 598 festinavinms
1353 526 1533 596 facient
1561 535 1773 579 vestram
1816 525 1999 579 ridere.

422 617 778 688 Conspectum
822 617 979 687 igitur
1023 617 1250 686 expetis,
1293 615 1427 679 heus
1468 625 1542 683 tu,
1570 616 1849 686 vultusque
1886 630 2007 685 spe-

421 709 599 765 ctandi
645 708 930 778 cupiditate
979 708 1207 781 flagras?
1256 708 1324 763 Et
1373 709 1588 779 quidem
1639 709 2004 775 vehementer,

422 801 597 872 inquit
625 816 640 853 :
672 801 814 871 quod
843 801 951 856 illic
976 816 1227 857 sensuum
1252 801 1599 856 instrumenta
1624 801 1845 857 collecta
1875 803 2007 859 sint.

423 890 605 947 Nudus
635 892 776 947 enim
803 891 1014 946 animus
1037 906 1133 961 per
1159 905 1219 947 se
1244 906 1367 947 cum
1392 891 1563 947 altero
1582 892 1761 947 animo
1787 891 2011 962 conjun-

420 992 560 1051 ctus,
594 997 692 1038 nec
720 982 919 1050 dicere,
950 997 1050 1038 nec
1076 982 1258 1038 audire
1295 983 1578 1054 quidquam
1607 985 1804 1055 poterit
1844 1002 1857 1037 :
1884 993 1939 1039 at
1964 985 2009 1040 si

422 1074 553 1129 mihi
579 1088 838 1144 corporea
859 1075 1140 1145 praesentia
1167 1072 1267 1129 frui
1290 1075 1582 1145 contingat,
1600 1085 1653 1129 et
1674 1074 1873 1144 aliquid
1897 1076 2012 1144 ipse

422 1166 618 1231 dicam,
651 1172 705 1219 et
733 1164 800 1221 ab
822 1165 884 1220 iis
915 1179 1048 1236 quos
1063 1180 1184 1220 amo
1201 1164 1432 1220 vicissim
1457 1165 1689 1221 audiam.
1722 1165 2009 1235 Propterea

424 1255 615 1313 faciem
646 1265 876 1313 vestram
913 1257 1104 1314 intueri
1135 1273 1293 1325 aveo,
1326 1258 1380 1312 in
1416 1272 1523 1328 qua
1563 1258 1737 1328 lingua
1766 1267 1870 1324 est,
1891 1274 2011 1328 qua:

426 1362 610 1404 vocem
639 1348 854 1413 emittit,
873 1348 1143 1420 animique
1168 1362 1324 1404 sensa
1351 1347 1613 1415 enuntiat,
1642 1355 1699 1403 et
1717 1347 1865 1402 auris
1893 1362 2012 1418 qua!

428 1440 586 1496 verba
632 1440 861 1509 excipit,
886 1446 939 1497 et
963 1439 1102 1494 oculi
1126 1439 1215 1510 qui
1243 1439 1404 1495 animi
1436 1448 1611 1494 motus
1645 1439 1866 1509 pingunt
1898 1448 2014 1494 :et-

424 1531 567 1585 enim
594 1531 851 1585 adamata:
877 1531 1069 1585 animae
1098 1533 1371 1586 consortio
1415 1530 1606 1600 melius
1635 1545 1732 1601 per
1776 1530 1865 1584 illa
1912 1528 2013 1585 frui

428 1624 571 1677 licet.
1595 1685 1598 1688 .

500 1714 591 1770 l3.
632 1716 804 1784 Atque
834 1724 890 1770 ut
918 1715 1181 1791 intelligas
1209 1722 1462 1784 quantum
1490 1712 1650 1782 hujus
1693 1720 2014 1781 conspectus

429 1806 722 1876 rapiditate
769 1805 1003 1872 ardeat,
1055 1817 1400 1875 posteaquam
1440 1804 1612 1870 dixit,
1662 1803 2013 1858 Abundantius

429 1898 808 1965 festinavimus,
861 1899 961 1953 hac
1007 1896 1242 1952 dictione
1293 1896 1511 1951 minime
1556 1904 1836 1951 contentus
1874 1894 2010 1962 fuit,

431 2003 613 2042 verum
641 1988 933 2059 subjungit,
955 1987 1022 2043 In
1048 1989 1207 2043 multo
1235 1988 1502 2043 desiderio.
1540 1988 1619 2044 Ac
1652 2003 1776 2044 mox
1804 1987 2015 2043 cteteris

429 2095 550 2135 sese
593 2080 889 2137 admiscere
910 2096 1017 2136 non
1053 2082 1353 2147 sustinens,
1385 2096 1571 2137 verum
1619 2080 1908 2137 ostendens
1955 2094 2014 2135 se

429 2172 549 2233 aliis
590 2172 766 2227 acrius
808 2187 1011 2239 amare,
1042 2181 1326 2242 postquam
1371 2172 1459 2227 his
1505 2171 1682 2227 verbis
1727 2186 1858 2228 usus
1907 2178 2010 2238 est,

427 2262 781 2317 Abundantius
811 2263 1151 2333 festinavimus
1191 2278 1253 2316 ac
1280 2262 1558 2329 cupivintus
1581 2262 1750 2317 uenire
1787 2261 1856 2315 ad
1904 2277 2011 2328 vos,

430 2368 470 2421 ιι,
489 2353 708 2423 reliquis
740 2354 976 2423 seipsum
1002 2354 1336 2424 segregavit,
1362 2353 1648 2424 solumque
1676 2369 1737 2409 se
1774 2361 2014 2408 statuens

431 2443 587 2512 dixit,
611 2443 723 2516 Ego
751 2445 949 2515 quidem
972 2444 1170 2501 Paulus
1190 2446 1344 2501 semel
1362 2455 1409 2501 et
1429 2446 1609 2501 iterum
1631 2462 1650 2501 :
1673 2444 1799 2500 hinc
1822 2444 2012 2499 videli-

429 2546 517 2592 cet
544 2538 835 2594 ostendcns
858 2554 917 2593 se
940 2540 1361 2606 vehementiore,
1390 2555 1547 2610 quam
1570 2538 1703 2594 alios
1724 2580 1739 2603 ,
1763 2536 1940 2592 studio
1960 2537 2013 2592 in

430 2627 484 2683 id
508 2627 833 2684 incubuisse.
861 2628 1078 2698 Postea,
1104 2631 1354 2702 quoniam
1382 2629 1433 2685 id
1455 2629 1676 2684 minime
1699 2638 2016 2698 assequutus

427 2727 530 2787 est,
557 2720 725 2777 literis
746 2736 851 2778 non
880 2729 1161 2779 contentus
1177 2764 1201 2795 ,ν
1230 2724 1436 2778 socium
1455 2738 1612 2778 suum
1629 2722 2013 2792 Timotlteum‘,

430 2811 521 2880 qui
545 2810 819 2867 literarum
859 2813 1025 2868 instar
1058 2814 1157 2884 ipsi
1180 2815 1390 2869 futurus
1417 2823 1558 2870 esset
1577 2855 1593 2882 ,
1621 2815 1686 2870 ad
1714 2823 2013 2871 extremum

428 2900 590 2954 mittit
611 2916 627 2966 ;
656 2911 873 2972 propter
890 2903 1031 2974 quod
1055 2903 1269 2974 adjecit,
1299 2904 1425 2960 Ideo
1444 2922 1546 2961 non
1562 2906 1698 2961 ultra
1716 2907 2016 2961 sustinentes

431 2987 509 3061 (ι.
536 2988 709 3047 Thess.
743 2992 796 3048 3.
826 2992 897 3063 l).
926 2994 971 3048 Ο
990 2994 1237 3050 dictionis
1257 2996 1585 3052 nobilitatem
1610 3011 1674 3053 ac
1701 2997 1826 3063 vim,
1849 2997 2015 3068 ipsius

429 3081 726 3147 caritatem,
751 3098 869 3153 qua:
896 3084 1042 3140 nullo
1059 3085 1213 3142 freno
1240 3088 1473 3144 coerceri
1494 3102 1559 3143 ac
1578 3088 1791 3143 tolerari
1812 3096 2014 3158 posset,

429 3177 977 3231 commonstrantem!
1009 3175 1077 3231 Et
1128 3177 1269 3232 sicut
1313 3192 1434 3233 cum
1491 3178 1610 3250 quis
1642 3179 1778 3250 ignis
1825 3179 2017 3235 ardore

429 3262 730 3333 deﬂagrans
751 3306 766 3331 ,
794 3274 953 3336 atque
978 3267 1210 3323 incendii
1237 3268 1485 3324 solatium
1518 3268 1732 3340 aliquod
1768 3268 2017 3327 invenire

430 3355 670 3423 studens,
712 3357 916 3412 nullum
957 3372 1063 3414 non
1104 3360 1333 3430 lapidem
1373 3369 1595 3416 movet:
1627 3361 1816 3417 eodem
1855 3362 2015 3418 modo

431 3446 518 3503 hic
543 3462 774 3519 quoque,
805 3464 925 3505 cum
956 3450 1348 3520 incenderetur,
1370 3452 1771 3522 prmfocaretur,
1800 3451 2013 3509 iullam-

430 3548 685 3607 maretur,
709 3547 864 3608 prout
890 3540 1081 3596 licebat
1107 3551 1161 3598 et
1198 3541 1314 3598 fieri
1344 3551 1571 3612 poterat,
1596 3544 2013 3599 consolationem

427 3627 763 3697 excogitavit.
809 3627 932 3684 Non
956 3630 1096 3685 enim
1114 3632 1229 3701 jam
1267 3633 1565 3687 sustinentes
1587 3673 1604 3700 ,
1636 3632 1840 3703 inquit,
1869 3633 2014 3687 misi-

428 3732 541 3799 mus
566 3715 883 3772 Timotheum
902 3760 917 3787 ,
946 3721 1190 3791 evangelii
1214 3721 1498 3775 ministrant
1521 3763 1536 3789 ,
1577 3722 1765 3776 socium
1787 3732 1833 3776 et
1858 3724 2013 3792 adju-

428 3816 585 3860 torem
610 3818 836 3862 nostrum
855 3798 879 3873 ,’
901 3825 963 3864 ac
993 3810 1288 3866 membrum
1317 3811 1368 3865 iu
1392 3812 1576 3882 primis
1602 3813 1960 3869 necessarium
1984 3828 2013 3868 a

426 3908 615 3963 nostro
652 3910 795 3954 cmtu
823 3902 1143 3972 avellentes,
1171 3917 1235 3958 ac
1259 3918 1545 3960 munerem
1590 3920 1820 3961 maerore
1860 3920 2013 3961 com-

424 3997 712 4048 mutantcs.
752 3991 882 4045 Nam
932 3994 1074 4063 quod
1117 4009 1185 4051 ne
1235 3995 1399 4065 ipsius
1447 3996 1659 4067 quidem
1711 3998 2011 4053 absentiam

426 4081 582 4137 facile
618 4081 820 4150 ferret,
850 4099 1034 4138 verum
1081 4086 1318 4155 ipsorum
1347 4103 1507 4152 causa
1543 4089 1680 4144 hanc
1713 4091 2013 4145 molestiam

425 4174 740 4246 susciperet,
769 4176 873 4232 hoc
906 4191 1118 4246 quoque
1156 4178 1329 4248 ipsum
1372 4182 1455 4236 his
1499 4183 1675 4239 verbis
1714 4183 1962 4239 indicavit
1994 4201 2009 4237 :

425 4260 633 4329 Placuit
656 4264 796 4320 nobis
822 4281 1028 4322 manere
1050 4267 1190 4320 solis.
1215 4270 1260 4321 Ο
1281 4270 1514 4325 animum
1542 4271 1594 4325 in
1620 4272 1785 4340 ipsam
1822 4274 2015 4329 carita-

421 4362 531 4411 tem
560 4365 819 4423 mutatum
845 4359 859 4414 !
889 4360 1177 4432 Postquam
1207 4360 1347 4415 cnim
1377 4363 1445 4415 ah
1475 4378 1579 4418 uno
1617 4364 1777 4430 fratre
1804 4365 2010 4435 disjun-

422 4455 540 4504 ctus
560 4460 664 4520 est,
693 4451 865 4509 solum
886 4469 943 4510 sc
965 4470 1085 4511 esse
1108 4460 1200 4523 ait,
1227 4454 1385 4523 idque
1403 4470 1524 4511 cum
1557 4466 1634 4512 tot
1662 4457 1796 4512 alios
1830 4474 2009 4515 secum

422 4537 665 4597 haberet.

453 4704 461 4711 .
495 4633 767 4692 Patientia
795 4653 999 4694 merces.
1024 4639 1235 4696 -—-Hmc
1265 4643 1429 4711 igitur
1456 4640 1566 4710 ipsa
1600 4656 1810 4711 qmique
1836 4651 2009 4699 tecum

424 4738 685 4798 perpetuo
714 4730 997 4800 meditare,
1025 4744 1208 4805 etquo
1232 4750 1294 4789 ea
1326 4750 1412 4790 res
1432 4735 1729 4792 cruciatum
1771 4736 1862 4792 tibi
1891 4752 2007 4792 ma-

416 4822 589 4886 jorem
641 4823 818 4893 affert,
868 4840 935 4881 eo
979 4827 1139 4883 etiam
1167 4843 1284 4883 eam
1312 4870 1328 4896 ,
1358 4830 1401 4882 si
1444 4839 1600 4900 grato
1630 4828 1809 4884 animo
1842 4830 2007 4898 feras,

423 4914 682 4983 majorem
708 4916 937 4974 fructum
962 4920 1242 4977 allaturam
1270 4937 1390 4978 esse
1414 4924 1683 4978 existima.
1716 4921 1829 4978 Non
1865 4924 2008 4980 enim

421 5019 696 5075 corporea:
716 5010 993 5068 dumtaxat
1019 5016 1186 5086 plaga:
1217 5016 1394 5082 illatae,
1428 5016 1523 5073 sed
1544 5018 1702 5073 etiam
1731 5018 2011 5074 animido-

424 5094 506 5149 lor
530 5097 676 5152 onmi
707 5112 955 5158 sermone
985 5105 1326 5163 sublimiores
1348 5123 1577 5165 coronas
1596 5109 1781 5179 aliert,
1807 5118 1864 5167 et
1891 5109 2009 5179 qui-

422 5184 543 5240 dem
572 5187 734 5242 animi
761 5189 917 5246 dolor
943 5195 1109 5263 magis
1152 5212 1308 5267 quam
1337 5201 1599 5267 corporis,
1629 5216 1747 5255 cum
1779 5202 1867 5270 qui
1921 5197 2006 5255 fe-

425 5275 654 5345 riuntur,
684 5295 806 5336 cum
854 5285 1143 5354 gratiarum
1173 5279 1385 5343 actione
1415 5289 1609 5343 ferunt.
1641 5290 2002 5358 Quemadmo-

421 5367 548 5422 dum
580 5370 738 5438 igitur
762 5372 805 5427 si
826 5388 1052 5445 corpore
1078 5377 1307 5433 lacerata
1335 5380 1750 5451 verberibusque
1766 5384 2000 5449 concisa,

422 5458 544 5545 forti
570 5475 633 5516 ac
652 5476 913 5532 generoso
933 5467 1112 5521 animo
1139 5468 1190 5522 id
1221 5468 1406 5537 ferres,
1438 5471 1635 5542 Deique
1657 5473 1878 5543 gloriam
1904 5473 2006 5530 hoc

417 5554 637 5610 nomine
666 5555 1009 5626 prmdicares,
1043 5559 1309 5630 ingentem
1342 5563 1465 5619 hinc
1487 5566 1788 5622 mercedem
1817 5581 2006 5623 consc-

479 5687 495 5717 ¹
529 5684 751 5749 tioislin.,
774 5697 916 5753 caput
936 5689 1175 5742 sociorum
1189 5705 1385 5746 suorum
1414 5697 1715 5751 Timotheum.
1739 5698 1860 5751 ιιιἹά
1876 5700 2005 5753 idem

427 5751 513 5802 bas
537 5766 699 5818 voces,
716 5758 774 5808 ad
805 5751 1091 5817 canentum,
1115 5757 1309 5806 omittit.

2109 434 2356 503 quereris
2390 452 2400 487 :
2431 434 2622 490 eodem
2663 435 2825 492 modo
2845 476 2863 502 ,
2892 449 3012 490 cum
3043 434 3158 491 haec
3195 436 3405 492 animus
3435 446 3555 492 tuus
3597 454 3693 508 pa-

2112 524 2292 591 tiatur,
2319 539 2506 594 ntagua
2533 524 2658 579 hinc
2683 525 2900 595 prtemia
2927 534 3197 594 exspecta.
3226 525 3518 595 Exspectes
3540 530 3695 583 velim

2112 614 2271 667 etiam
2324 613 2440 669 fore
2490 615 2708 670 omnino
2736 656 2749 683 ,
2808 624 2869 672 ut
2909 629 3123 670 rursum
3163 631 3261 670 nos
3291 615 3494 682 videas,
3540 626 3698 687 atque

2114 704 2216 760 hoc
2253 705 2442 767 dolore
2494 707 2761 773 libereris,
2811 708 3155 780 amplumque
3197 708 3497 764 etubercm
3543 710 3700 778 hujus

2112 795 2315 851 doloris
2331 807 2615 867 qumstum,
2639 808 2695 853 et
2715 800 2939 868 posthac
2958 807 3013 854 et
3034 813 3198 866 nunc,
3228 799 3510 868 percipias.
3527 799 3700 867 Atque

2116 889 2233 943 lane
2259 890 2351 945 tibi
2403 889 2471 945 ad
2520 891 2774 947 mmroris
2802 891 3044 947 levamen
3077 891 3389 947 sufficiunt:
3422 893 3532 946 imo
3568 908 3696 948 vero
3750 926 3759 954 λ

2115 995 2221 1034 non
2253 980 2346 1035 tibi
2394 980 2710 1051 dumtaxat,
2744 997 2935 1039 verum
2959 982 3121 1038 etiam
3150 982 3320 1038 cuivis
3341 1022 3356 1049 ,
3407 983 3699 1053 quamlibet

2115 1072 2317 1143 alioqui
2345 1074 2561 1129 vecordi
2590 1089 2655 1131 ac
2688 1089 2848 1131 saxea
2870 1084 3056 1131 mente
3087 1073 3335 1146 praedito.
3359 1075 3534 1131 Atubi
3557 1083 3699 1131 tanta

2116 1165 2395 1235 prudentia
2420 1174 2504 1222 est
2525 1206 2542 1234 ,
2576 1174 2842 1238 tantasque
2881 1167 3095 1239 pietatis
3129 1164 3347 1234 divitia,
3380 1174 3596 1238 tamque
3615 1184 3701 1224 suo

2117 1255 2296 1312 blimis
2317 1257 2675 1328 philosophia,
2699 1268 2863 1331 atque
2888 1260 3103 1316 animus
3140 1274 3321 1315 rerum
3340 1259 3561 1329 hujusce
3580 1260 3701 1315 vita:

2117 1361 2365 1416 pompam
2410 1350 2768 1419 proculcans,
2820 1350 2933 1406 illic
2982 1365 3197 1422 quoque
3249 1350 3457 1407 facilior
3480 1350 3699 1407 curandi

2118 1438 2289 1493 morbi
2325 1440 2463 1495 ratio
2497 1450 2600 1495 est.
2628 1440 2888 1508 Quocirca
2925 1441 2979 1496 in
3017 1440 3122 1496 hoc
3146 1457 3361 1513 quoque
3390 1452 3535 1498 tuam
3577 1457 3700 1511 erga

2118 1544 2217 1589 nos
2241 1529 2517 1585 caritatem
2546 1530 2793 1598 ostende,
2816 1531 2960 1602 quod
2986 1546 3252 1602 magnam,
3278 1533 3440 1587 etiam
3462 1534 3700 1589 scriben-

2118 1628 2217 1687 tes,
2251 1620 2389 1691 apud
2413 1630 2468 1677 te
2490 1623 2863 1679 auctoritatem
2893 1623 3261 1690 obtineamus,
3307 1639 3407 1680 nec
3434 1626 3697 1680 minorem

2117 1728 2276 1783 quant
2318 1716 2363 1769 si
2414 1724 2711 1785 praesentes
2763 1730 3027 1773 essemus.
3055 1715 3190 1771 Illud
3216 1726 3393 1772 autem
3426 1718 3701 1791 perspicue

2119 1802 2535 1870 demonstrabis,
2558 1804 2603 1859 si
2627 1805 2809 1861 literas
2839 1815 3051 1863 nostras
3073 1796 3273 1877 aliquid
3294 1806 3591 1878 profecisse
3618 1807 3699 1862 in-

2120 1895 2441 1967 telligamus,
2475 1912 2574 1953 nec
2599 1896 2797 1967 aliquid
2829 1906 3061 1966 tantum,
3103 1898 3199 1953 sed
3245 1908 3500 1969 quantum
3549 1900 3699 1969 cupi-

2117 2002 2261 2042 mus.
2288 1985 2545 2057 Cupimus
2594 2003 2756 2058 porro
2783 1997 2834 2044 te
2864 1988 2918 2043 in
2943 1988 3132 2043 eadem
3158 1989 3321 2044 animi
3370 1989 3553 2045 lmtitia
3578 2006 3700 2045 vcr-

2120 2076 2247 2143 sari,
2294 2077 2475 2147 inqua
2506 2086 2592 2144 te,
2638 2093 2759 2134 cum
2811 2079 2931 2135 istic
2983 2093 3261 2146 essemus,
3328 2080 3699 2136 cernebamus.

2118 2170 2270 2237 Quod
2295 2171 2339 2225 si
2372 2170 2512 2226 istud
2538 2171 2894 2242 intelligamus
2913 2213 2929 2239 ,
2952 2171 3092 2226 haud
3124 2186 3336 2241 parvam
3369 2186 3469 2227 nos
3492 2187 3704 2243 quoque

2119 2261 2428 2317 solitudinis
2454 2262 2631 2332 hujus,
2659 2263 2712 2318 in
2739 2278 2841 2334 qua
2874 2278 3018 2318 nunc
3045 2277 3252 2331 sumus,
3282 2262 3702 2318 consolationem

2116 2353 2414 2423 capiemus.
2439 2353 2621 2425 Itaque
2649 2354 2693 2409 si
2726 2354 2820 2409 tibi
2850 2353 3017 2408 nosin
3045 2354 3234 2424 majori
3262 2355 3426 2409 animi
3445 2354 3703 2426 tranquil-

2119 2444 2269 2499 litate
2296 2445 2626 2501 constituerc
2647 2445 2795 2501 cordi
2822 2454 2937 2513 est;
2967 2446 3081 2502 scio
3103 2454 3280 2502 autem
3314 2458 3366 2502 te
3396 2446 3447 2501 id
3478 2447 3615 2502 velle
3651 2456 3704 2502 et

2120 2551 2442 2609 magnopere
2494 2552 2727 2593 curare:
2764 2537 2894 2593 illud
2932 2540 3016 2594 t‘ac
3051 2540 3289 2594 sciamus
3313 2578 3329 2606 ,
3388 2549 3440 2595 te
3487 2554 3702 2594 omnem

2119 2626 2366 2683 maeroris
2402 2627 2686 2685 colluviem
2731 2627 2828 2684 abs
2858 2637 2911 2684 te
2954 2629 3287 2685 submovisse
3311 2671 3327 2696 ,
3362 2639 3584 2700 tuasque
3614 2645 3705 2686 res

2121 2719 2408 2789 tranquillo
2434 2719 2485 2774 in
2515 2727 2655 2774 statu
2682 2734 2804 2775 csse
2831 2738 2845 2774 :
2875 2734 2937 2775 ac
2965 2719 3120 2776 nobis
3164 2721 3301 2775 hanc
3340 2726 3534 2774 nostrae
3578 2735 3702 2791 erga

2120 2819 2175 2866 te
2217 2808 2599 2875 benevolentia
2643 2811 2949 2866 mercedem
2998 2810 3252 2880 repende.
3306 2809 3420 2864 Non
3471 2812 3615 2865 enim
3653 2818 3707 2865 te

2120 2902 2268 2972 fugit,
2300 2916 2406 2956 non
2443 2901 2656 2971 inquam
2700 2899 2940 2972 profecto
2987 2911 3037 2957 te
3089 2902 3240 2972 fugit,
3269 2909 3632 2972 quantopere,
3658 2899 3708 2955 si

2121 2992 2223 3049 hoc
2251 2993 2583 3063 praestiteris,
2615 2993 2684 3049 de
2710 3008 2883 3064 eoque
2935 3009 3034 3049 nos
3080 3008 3176 3063 per
3220 2994 3401 3049 literas
3448 2994 3705 3049 certiores

2120 3080 2333 3148 feceris,
2366 3082 2601 3138 animum
2623 3090 2863 3140 nostrum
2888 3094 3190 3140 recreatura
3225 3084 3319 3139 sis.

2512 3218 2593 3272 Ad
2621 3218 2847 3273 eamdem
2876 3218 3022 3288 epist.
3062 3215 3160 3271 Ill
3206 3216 3310 3287 (α).

2192 3356 2245 3411 1.
2267 3355 2379 3412 Νεε
2416 3370 2640 3427 corpora
2666 3371 2751 3424 ea,
2781 3371 2901 3427 quae
2929 3371 3051 3413 cum
3076 3355 3223 3427 gravi
3245 3354 3398 3412 febre
3424 3355 3703 3412 colluctata

2121 3455 2264 3513 sunt,
2311 3456 2643 3503 contractum
2668 3463 2733 3504 ex
2774 3447 2928 3503 febre
2956 3447 3360 3510 detrimentum,
3391 3463 3489 3503 nec
3540 3450 3705 3505 maris

2119 3552 2271 3609 aqum
2296 3579 2312 3604 ,
2344 3540 2537 3609 quibus
2558 3555 2678 3595 cum
2706 3540 2863 3596 smvis
2890 3540 3064 3595 ventis
3090 3547 3363 3595 certamen
3393 3538 3510 3606 fuit,
3541 3555 3657 3596 eam
3685 3582 3702 3607 ,

2118 3646 2278 3700 quam
2321 3630 2512 3687 ﬂuctus
2565 3632 2889 3696 attulerunt,
2922 3639 3291 3701 tempestatem
3347 3629 3526 3686 subito
3546 3630 3706 3699 depo-

2120 3729 2272 3784 nunt,
2303 3735 2486 3775 verum
2507 3721 2705 3776 sensim
2733 3736 2797 3776 ac
2825 3721 3102 3792 paulatim.
3133 3718 3268 3775 Nam
3294 3728 3350 3775 et
3388 3719 3704 3790 corporibus

2120 3813 2360 3885 longiore
2407 3814 2661 3884 temporis
2706 3814 2879 3883 spatio
2905 3813 2972 3867 ad
3020 3812 3121 3867 hoc
3170 3828 3304 3883 opus
3328 3822 3446 3879 est,
3482 3823 3539 3866 ut
3585 3823 3705 3882 post

2117 3904 2365 3974 depulsus
2395 3904 2567 3960 febres
2587 3904 2653 3960 ad
2678 3905 2939 3975 integram
2967 3904 3248 3959 sanitatem
3283 3903 3523 3969 redeant,
3551 3919 3701 3959 eam-

2116 4013 2222 4069 que
2251 4012 2409 4068 quam
2432 3998 2562 4069 ipsis
2583 3997 2800 4055 morbus
2829 3996 3089 4068 reliquam
3112 3996 3254 4063 fecit,
3284 3996 3700 4051 imbecillitatem

2117 4088 2463 4158 abstergant:
2492 4097 2546 4142 et
2587 4102 2757 4159 aquae,
2819 4087 3021 4143 sedatis
3071 4088 3232 4144 etiam
3278 4089 3471 4154 ventis,
3502 4086 3704 4142 diutius

2117 4179 2292 4235 adhuc
2316 4181 2583 4249 agitantur
2623 4190 2676 4236 ct
2706 4181 3015 4248 incitantur,
3046 4197 3347 4252 magnoque
3377 4182 3576 4251 impetu
3621 4180 3702 4236 fe-

2117 4282 2306 4328 runtur
2325 4288 2389 4329 ac
2412 4275 2747 4344 reciprocant
2769 4316 2784 4339 ,
2816 4283 2976 4345 atque
3000 4274 3273 4345 aliquanto
3299 4284 3536 4343 tempore
3565 4273 3704 4327 indi-

2115 4373 2271 4434 gent,
2317 4374 2376 4418 ut
2419 4364 2486 4419 ad
2521 4366 2783 4435 integram
2813 4365 3250 4435 tranquillitatem
3299 4363 3538 4420 redeant.
3592 4364 3706 4419 lloc
3800 4382 3807 4387 ·

2116 4469 2276 4523 porro
2311 4455 2550 4525 praeludii
2580 4472 2775 4527 genere
2819 4472 2924 4511 non
2959 4464 3160 4512 temere
3191 4457 3255 4511 ad
3285 4466 3335 4512 te
3361 4472 3488 4510 usus
3534 4472 3649 4510 sum
3685 4475 3699 4510 :

2114 4564 2300 4605 verum
2332 4558 2390 4604 ut
2427 4551 2711 4623 intelligas,
2742 4568 2839 4609 nos
2885 4555 3204 4610 necessitate
3230 4554 3489 4609 adductos
3528 4570 3646 4609 esse
3682 4596 3700 4620 ,

2116 4653 2172 4698 ut
2201 4643 2338 4698 hanc
2363 4644 2641 4715 epistolam
2673 4646 2738 4701 ad
2766 4655 2817 4701 te
2844 4647 3197 4702 mitteremus.
3229 4647 3357 4701 Nam
3403 4648 3501 4701 etsi
3551 4663 3688 4702 mte-

2118 4736 2259 4792 roris
2317 4737 2664 4810 tyrannidem
2729 4739 3095 4809 superioribus
3144 4739 3314 4793 literis
3351 4739 3700 4804 susmlimus,

2115 4827 2385 4901 ipsiusque
2412 4844 2591 4884 arcem
2645 4830 2969 4885 evertimus:
2999 4838 3174 4883 tamen
3227 4830 3450 4883 orationi
3502 4839 3703 4885 nostra:

2114 4919 2314 4992 ingenti
2344 4920 2519 4975 adhuc
2539 4919 2849 4976 assiduitate
2867 4934 2998 4989 opus
3010 4930 3113 4986 est,
3134 4930 3189 4973 ut
3215 4919 3374 4973 altam
3398 4919 3492 4973 tibi
3516 4934 3700 4988 pacem

2119 5013 2388 5080 conciliet,
2418 5027 2481 5068 ac
2503 5011 2679 5067 deleta
2708 5010 3164 5082 perturbationum
3188 5011 3451 5076 omnium,
3480 5026 3597 5080 qua:
3625 5027 3696 5063 ev

2116 5103 2209 5157 illo
2255 5119 2453 5174 angore
2501 5104 2803 5170 fluxerunt,
2835 5103 3129 5168 memoria,
3183 5102 3463 5158 candidam
3516 5102 3603 5155 tibi
3639 5116 3706 5154 ac

2113 5203 2317 5245 certam
2349 5193 2785 5262 tranquillitatem
2813 5192 3077 5257 ostendat,
3106 5202 3265 5263 atque
3296 5194 3346 5247 in
3379 5191 3703 5263 magnaani-

2115 5282 2185 5334 mi
2209 5283 2482 5336 alacritate
2509 5293 2560 5337 te
2591 5284 2837 5339 coliocet.
2872 5284 2926 5340 Id
2958 5284 3098 5340 enim
3133 5301 3272 5339 nunc
3293 5300 3413 5355 ago,
3435 5294 3591 5354 atque
3647 5285 3703 5337 in

2110 5368 2178 5428 c0
2204 5370 2443 5439 elabora,
2481 5382 2536 5426 ut
2562 5389 2668 5428 non
2715 5373 2876 5429 modo
2916 5375 3124 5429 tristitia
3164 5384 3213 5429 te
3242 5374 3486 5438 liberem,
3509 5389 3701 5427 verum

2111 5464 2271 5520 etiam
2302 5464 2499 5534 ingenti
2540 5480 2603 5521 ac
2634 5477 2884 5537 perpetua
2913 5469 3183 5538 voluptate
3213 5466 3547 5537 perfundant.
3582 5465 3699 5519 lloc

2110 5557 2253 5611 enim
2288 5555 2398 5609 fieri
2451 5566 2662 5626 potest,
2694 5559 2738 5613 si
2768 5559 2981 5629 quidem
3016 5560 3171 5616 velis.
3202 5560 3314 5614 Non
3335 5559 3477 5614 enim
3508 5559 3558 5611 in
3590 5570 3698 5612 na-

2113 5659 2244 5705 turae
2271 5647 2496 5721 legibus,
2518 5663 2651 5719 quas
2678 5649 2936 5706 revellere
2957 5660 3116 5723 atque
3140 5652 3428 5708 immutare
3443 5662 3552 5703 non
3569 5661 3697 5717 pos-

2178 5762 2251 5827 (a)
2283 5765 2463 5828 Scripta
2484 5767 2681 5826 Cucuso,
2699 5772 2825 5814 anno
2843 5762 2951 5814 404.
