4030 6206
252 363 349 419 571

249 497 437 566 τέρως
484 495 614 570 γάρ,
664 497 864 569 φησὶν,
906 498 1379 571 ἐσπουδάσαμεν
1412 500 1481 554 τὸ
1518 501 1846 569 πρόσωπον

247 583 422 655 ὑμῶν
453 583 625 641 ιδεῑν.
657 584 873 655 Ὄψεως
915 580 1009 639 οὖν
1039 587 1190 658 ἐρᾷς,
1227 588 1347 641 εἰπέ
1400 605 1513 659 μοι,
1538 588 1633 641 καὶ
1672 605 1846 660 προσ·

246 672 406 727 ὠπου
431 671 665 743 θεωρίας
700 672 1029 744 ἐπιθυμεῖς;
1083 674 1195 728 Καὶ
1236 674 1462 747 σφόδρα,
1496 675 1682 747 φησὶν,
1720 674 1849 729 ἔνθα

248 759 361 814 τῶν
407 758 780 831 αἰσθητηρίων
836 762 871 832 ἡ
919 762 1235 833 συναγωγή.
1284 761 1450 834 Ψυχὴ
1496 761 1607 835 γὰρ
1662 763 1845 835 γυμνὴ

250 845 379 902 καθ’
430 847 632 919 ἑαυτὴν
668 847 835 920 ἑτέρᾳ
875 847 1021 920 ψυχῇ
1065 850 1464 921 συγγενομένη,
1500 849 1627 904 οὐτε
1673 853 1844 905 εἰπεῖν

249 953 326 1001 τι,
354 933 479 989 οὐτε
518 935 752 990 ἀκοῦσαι
788 935 1110 1007 δυνήσεται·
1142 932 1477 1009 σωματικῆς
1498 938 1555 992 δὲ
1594 939 1661 993 ἂν
1704 938 1843 992 ἀπο-

250 1022 440 1078 λαύσω
467 1023 797 1095 παρουσίας,
828 1023 925 1078 καὶ
963 1024 1076 1096 ἐρῶ
1114 1042 1192 1091 τι,
1232 1026 1326 1081 καὶ
1353 1023 1660 1097 ἀκούσομαι
1695 1025 1846 1097 παρά

250 1112 366 1166 τῶν
404 1112 807 1195 ἀγαπωμένων.
844 1115 945 1167 Διά
983 1113 1143 1168 τοῦτο
1170 1114 1423 1185 ἐπιθυμῶ
1448 1114 1509 1168 τὸ
1552 1114 1844 1186 πρόσωπον

253 1199 411 1272 ὑμῶν
441 1194 619 1267 ίδεῖν,
650 1194 785 1256 ἔνθα
817 1201 912 1256 καὶ
956 1200 1177 1271 γλῶττά
1211 1202 1328 1257 ἐστι
1378 1202 1562 1275 φωνὴν
1593 1203 1841 1273 ἀφιεῖσα,

254 1289 352 1344 καὶ
386 1288 459 1342 τά
503 1288 651 1343 ἔνδον
698 1292 832 1361 ἡμῖν
874 1288 1030 1363 [551]
1070 1290 1526 1360 ἀπαγγέλλουσα,
1572 1290 1670 1344 καὶ¹
1706 1289 1845 1361 ἀκοὴ

258 1379 481 1449 ῥήματα
520 1377 786 1450 δεχομένη
809 1417 827 1443 ,
877 1380 975 1432 καὶ
1027 1378 1298 1450 ὀφθαλμοὶ
1336 1379 1615 1450 κινήματα
1664 1378 1845 1449 ψυχῆς

256 1465 795 1538 διαζωγραφοῦντες’
842 1467 940 1520 καὶ
983 1465 1094 1538 γάρ
1134 1466 1237 1537 τῆς
1277 1464 1622 1537 ποθουμένης
1662 1466 1844 1538 ψυχῆς

258 1555 344 1610 διὰ
382 1556 590 1610 τούτων
628 1556 1022 1629 ἀκριϐέστερον
1048 1557 1150 1628 τῆς
1200 1556 1490 1613 συνουσίας
1524 1555 1672 1609 ἐστιν
1709 1557 1844 1609 ἀπο-

259 1642 478 1699 λαῦσαι.

328 1731 400 1801 ιγ’
406 1775 421 1788 .
442 1732 554 1787 Καὶ
574 1733 660 1786 ἵνα
689 1730 867 1803 μάθῃς
898 1730 1016 1795 πῶς
1050 1730 1331 1785 ἐκκαίεται
1364 1733 1445 1795 εἰς
1476 1730 1576 1803 τὴν
1609 1730 1844 1803 θεωρίαν

259 1822 494 1891 ταύτην,
532 1819 725 1887 εἰπὼν,
752 1818 1201 1889 Περισσοτέρωςέ
1214 1818 1708 1890 ἐσπουδάσαμεν,
1742 1821 1843 1874 οὐκ

258 1907 501 1982 ἠρκέσθη
534 1910 600 1980 τῇ
630 1906 775 1973 λέξει
797 1905 993 1979 ταύτῃ,
1023 1907 1141 1961 ἀλλ’
1168 1908 1468 1980 ἐπήγαγεν,
1505 1908 1609 1961 Ἔν
1636 1907 1843 1976 πολλῇ

256 1997 541 2066 ἐπιθυμίᾳ
567 2007 618 2048 ι.
652 1990 788 2050 Εἶτα
819 1995 920 2048 οὐκ
954 1993 1282 2066 ἀνεχόμενος
1324 1996 1516 2049 ἐαυτὸν
1552 1994 1692 2067 μετά
1733 1994 1843 2048 τῶν

256 2083 436 2141 ἄλλων
473 2082 837 2154 ἐγκαταμίξαι
860 2122 874 2148 ,
911 2081 1048 2137 ἀλλά
1075 2082 1325 2147 δεικνὺς,
1368 2083 1451 2137 ὅτι
1487 2081 1844 2154 σφοδρότερον

254 2170 367 2226 τῶν
387 2170 566 2226 ἄλλων
593 2170 757 2241 φιλεῖ,
792 2169 984 2235 είπὼν,
1010 2169 1093 2224 ὅτι
1137 2168 1586 2238 Περισσοτέρως
1620 2169 1844 2223 ἐσπου-

254 2258 567 2330 δάσαμεν,
615 2258 717 2313 καί
762 2256 1150 2327 ἠθελήσαμεν
1200 2256 1404 2313 ἐλθεῖν
1463 2255 1615 2327 πρὸς
1647 2255 1840 2327 ὑμᾶς,

253 2347 571 2419 ἀπέρρηξεν
613 2346 807 2399 ἐαυτὸν
854 2344 961 2398 τῶν
998 2344 1202 2399 λοιπῶν
1226 2386 1241 2411 ,
1274 2346 1370 2398 καὶ
1413 2344 1574 2416 μόνον
1613 2346 1841 2417 στήσας,

252 2437 573 2509 ἐπήγαγεν·
617 2432 758 2504 Ἐγὼ
795 2433 912 2503 μὲν
955 2433 1198 2500 Παῦλος
1232 2431 1331 2487 καὶ
1370 2432 1532 2498 ἅπαξ
1572 2433 1671 2487 καὶ
1726 2432 1842 2499 δὶς,

250 2524 473 2587 δεικνὺς
493 2522 576 2576 ὅτι
606 2522 767 2576 πλέον
793 2520 902 2576 τῶν
926 2520 1102 2575 ἄλλων
1125 2519 1477 2587 ἐσπούδαζεν.
1500 2516 1632 2574 Εἶτα
1655 2520 1843 2592 ἐπειδὴ

252 2611 356 2663 οὐκ
386 2609 618 2679 ἐπέτυχε
651 2606 876 2673 τούτου,
908 2607 1009 2661 οὐκ
1040 2610 1291 2681 ἀρκεῖται
1329 2610 1445 2671 τοῖς
1488 2609 1841 2679 γράμμασιν,

253 2696 395 2751 ἀλλά
419 2699 628 2767 πέμπει
648 2695 710 2749 τὸ
732 2695 1048 2766 κεφάλαιον,
1075 2694 1167 2748 τὸν
1219 2696 1316 2749 σὺν
1338 2693 1485 2765 αὐτῷ
1505 2695 1533 2734 b
1558 2696 1842 2766 Τιμόθεον,

253 2785 347 2841 τὸν
377 2787 501 2841 ἀντὶ
528 2785 880 2857 γραμμάτων
914 2784 1174 2855 ἐσόμενον
1207 2783 1358 2856 αὐτῷ
1379 2800 1392 2812 ·
1420 2784 1500 2837 διὸ
1530 2785 1623 2838 xa‘l
1648 2784 1845 2854 ἐπάγει

251 2874 467 2944 λέγων·
503 2873 603 2928 Διὸ
630 2872 847 2944 μηκέτι
874 2871 1217 2943 στέγοντες.
1235 2872 1298 2924 ’Ὤ
1335 2871 1498 2925 πάλιν
1524 2871 1719 2937 λέξεως
1752 2873 1845 2926 εὐ-

252 2963 477 3031 γένειαι
522 2961 570 3015 ὣ
606 2963 818 3033 ρήσεως
875 2959 1135 3031 δύναμις,
1196 2958 1293 3030 τὴν
1333 2958 1638 3013 ἀκάθεκτον
1678 2959 1845 3013 αὐτοῦ

252 3049 352 3104 καὶ⁵
394 3049 774 3121 ἀκαρτέρητον
813 3049 1037 3119 ἀγάπην
1091 3047 1343 3121 δηλοῦσαῐ
1398 3049 1509 3103 Καὶ
1551 3047 1626 3112 ὡς
1665 3047 1730 3103 ἄν
1762 3063 1847 3111 τις

252 3138 719 3210 ἐμπυριζόμενος,
766 3140 860 3192 καὶ
898 3138 1077 3210 ζητῶν
1104 3149 1126 3177 ο
1158 3137 1253 3192 τοῦ
1285 3136 1634 3209 ἐμπυρισμοῦ
1666 3154 1846 3209 παρα-

253 3226 467 3295 μυθίαν
506 3225 627 3280 τινά
684 3226 901 3296 εὑρεῖν,
942 3229 1120 3281 πάντα
1136 3229 1338 3280 ικινεῖσ
1388 3223 1529 3279 οὕτω
1575 3225 1642 3297 δὴ
1693 3220 1848 3286 οὗτος

251 3316 654 3387 ἀναπτόμενος,
686 3316 1010 3386 ἀγχόμενος,
1050 3316 1361 3387 καιόμενος,
1399 3315 1542 3370 κατά
1574 3315 1634 3369 τὸ
1671 3316 1846 3385 ἐγχω-

253 3403 392 3477 ροῦν
435 3403 536 3476 τὴν
585 3402 819 3475 δυνατὴν
871 3404 1136 3476 ἐπενόησε
1188 3403 1570 3476 παραμυθίαν.
1618 3401 1845 3471 Μηκέτι

254 3494 369 3566 7&9
404 3491 748 3563 στέγοντες,
795 3493 983 3563 φησὶν,
1033 3491 1388 3563 ἐπέμψαμεν
1423 3492 1701 3561 Τιμόθεον
1743 3492 1850 3545 τὸν

250 3585 548 3642 διάκονον
589 3588 696 3643 τοῦ
730 3587 1132 3659 Εῠατγελίου,
1180 3586 1279 3641 καί
1322 3586 1624 3656 συνεργὸν
1656 3584 1846 3656 ἡμῶν,

251 3681 314 3736 τὸ
341 3680 781 3750 ἀναγκαιότατον
806 3681 966 3752 μέλος
985 3681 1385 3745 διασπάσαντες
1414 3681 1571 3753 ήμῶν
1596 3681 1696 3753 τῆς
1725 3698 1850 3736 συν-

249 3772 476 3838 ουσίας,
505 3773 599 3827 καὶ
626 3772 805 3844 λύπην
838 3772 1200 3845 ἀλλαξάμενοι
1230 3772 1431 3845 λύπης.
1450 3773 1574 3826 Ὅτι
1597 3773 1706 3845 γὰρ
1730 3772 1851 3827 οὐδὲ

251 3864 477 3921 ἐκείνου
513 3864 784 3919 ἀπουσίαν
815 3864 1053 3929 εὐκόλως
1082 3864 1297 3937 ἔφερεν,
1329 3863 1465 3918 ἀλλά
1504 3864 1595 3918 διά
1628 3864 1851 3927 τούτους

247 3957 439 4013 ιῖλιτο
462 3955 528 4011 τὺ
558 3956 863 4029 βαρύτατον
895 3956 1076 4022 τοῦτο,
1106 3957 1203 4012 καὶ
1232 3955 1393 4010 τοῦτο
1422 3957 1553 4010 αὐτὸ
1582 3955 1851 4028 ἐδήλωσεν

247 4048 456 4107 ιίττών·
483 4049 925 4119 Ηῠόοκήσαμεν
944 4047 1419 4118 καταλειφθῆναι
1446 4049 1644 4118 μόνοι.
1664 4048 1728 4101 Ὦ
1750 4048 1852 4118 ψυ-

250 4143 362 4216 κῆς
401 4142 537 4214 μετά
568 4142 854 4216 ἀκριὸείας
884 4144 1019 4215 πρὸς
1043 4142 1573 4215 αὐτὴνποιωθείσης
1596 4142 1693 4214 τὴν
1714 4142 1853 4211 ἀγά-

252 4235 412 4307 πηνί
449 4234 669 4306 Ἐπειδὴ
694 4234 804 4308 γάρ
839 4234 1069 4304 ἀδελφοῦ
1109 4235 1380 4307 ἐχωρίσθη
1416 4235 1567 4300 ἐνὸς,
1606 4234 1853 4308 μεμονῶ-

254 4327 395 4382 σθαί
416 4343 571 4398 φησι,
604 4329 889 4382 καὶταῦτα
909 4327 1196 4393 τοσούτους
1220 4328 1357 4400 ἐχων
1392 4328 1510 4401 μεθ’
1538 4329 1755 4384 ἐαυτοῦ.

322 4420 527 4475 Ταῦτα
562 4420 627 4492 δὴ
667 4418 907 4490 συνεχῶς
936 4418 1131 4491 μελέτα
1165 4417 1261 4473 καὶ
1296 4418 1454 4492 αὐτὴ,
1485 4421 1579 4475 καὶ
1614 4421 1725 4493 ὅσῳ
1771 4438 1854 4475 σοι

249 4515 317 4570 «οδ
359 4515 597 4585 πρᾶγμα
622 4512 901 4585 ὀδυνηρὸν,
937 4510 1179 4583 τοσούτῳ
1229 4511 1666 4586 κερδαλεώτερον
1711 4509 1854 4568 εἶναι

255 4603 457 4677 νόμιζε
491 4602 824 4675 εὐχαρίστως
847 4602 1107 4674 φερούσῃ.
1140 4601 1213 4656 Οὐ
1239 4601 1349 4674 γάρ
1376 4601 1440 4675 δὴ
1468 4603 1630 4674 μόνον
1664 4622 1856 4675 σωμα-

254 4693 420 4749 τικαὶ
470 4692 677 4764 πληγαὶ⁸
727 4692 1091 4764 ἐπαγόμεναι,
1133 4691 1268 4746 ἀλλά
1316 4693 1408 4746 καὶ
1454 4692 1633 4764 ψυχῆς
1694 4694 1853 4768 ὀδύνη

254 4787 513 4858 ἀφάτους
572 4784 730 4857 φέρει
778 4785 905 4849 τούς
944 4783 1243 4853 στεφάνους
1267 4825 1282 4851 ,
1330 4784 1425 4839 καὶ
1464 4785 1646 4857 ψυχῆς
1687 4786 1856 4859 ὀδύνη

258 4873 477 4947 μᾶλλον
512 4876 548 4948 ἢ
586 4872 876 4945 σώματος,
929 4874 1058 4927 ὅταν
1102 4874 1153 4927 οἱ
1196 4873 1561 4946 πληττόμενοι
1613 4876 1857 4948 φέρωσιν

253 4966 628 5041 εὐχαρίστως.
667 4966 878 5039 Ὥσπερ
910 4961 1003 5021 οὖν
1041 4966 1090 5019 εί
1134 4965 1569 5039 καταξαινομένη
1596 4966 1659 5021 τὺ
1695 4968 1853 5041 σῶμα

255 5061 366 5117 καὶ
399 5058 829 5131 μαστιγουμένη,
857 5058 1121 5128 γενναίως
1153 5057 1364 5131 ἔφερες,
1410 5059 1500 5113 τὸν
1528 5059 1661 5114 Θεὸν
1708 5061 1853 5133 ὑπὲρ

252 5153 480 5206 τούτων
504 5149 823 5218 δοξάζουσα,
846 5149 1048 5219 πολλὴν
1069 5148 1135 5203 ἀν
1161 5149 1432 5215 ἀπέλαϐες
1458 5150 1556 5223 τὴν
1578 5152 1815 5226 ἀμοιϐήν
1839 5169 1853 5185 ⁸

250 5245 414 5300 οὕτω
441 5243 620 5316 ψυχῆς
665 5242 839 5299 ταῦτα
885 5241 1201 5314 πασχούσης
1229 5242 1324 5297 νῦν
1364 5243 1564 5309 πολλὰς
1609 5246 1853 5319 ἀνάμενε

247 5338 369 5400 τὶς
404 5335 725 5401 ἀντιδόσεις.
772 5336 1057 5408 Προσδόκα
1102 5336 1159 5390 δέ
1200 5336 1297 5389 καὶ
1346 5336 1408 5389 τὸ
1440 5338 1661 5403 πάντως
1706 5342 1856 5411 ἡμᾶς

338 5499 367 5563 εξ
399 5497 412 5544 l
441 5516 461 5563 ι,
484 5495 656 5546 ϐηρςο
691 5495 826 5563 Νυνὶ
857 5497 1165 5563 Τεει-οιιιοηιί
1210 5502 1349 5563 leflu
1393 5496 1577 5559 legitur
1615 5499 1664 5563 ἐν
1704 5501 1855 5563 πολλῇ

247 5559 514 5620 inﬁxa-.12,
536 5567 687 5620 atque
726 5560 793 5607 ita
818 5560 943 5617 legit
968 5559 1159 5620 Dillius.
1185 5566 1240 5607 ιιι
1258 5558 1507 5620 Ιιηιιει,“ει
1539 5562 1612 5607 sic
1642 5558 1858 5611 habebal

246 5618 426 5695 ciale}
457 5618 789 5669 Perrdnianus
816 5626 945 5669 teste
970 5618 1218 5669 Frontone
1242 5618 1442 5669 Du’czeo.
1464 5619 1598 5670 Edit.
1626 5623 1673 5671 ἐν
1701 5626 1854 5688 πολλῇ

323 5717 588 5806 ξᾙῖειὶη.
612 5744 669 5792 τὸ
691 5743 947 5806 κεφάλαιον
963 5745 1060 5791 τῶν
1083 5744 1169 5792 σὺν
1191 5744 1343 5806 αὐτῷ,
1372 5755 1471 5792 non
1494 5743 1643 5794 male.

327 5805 359 5832 ‘
398 5805 499 5854 Alii
521 5805 881 5871 ἐμωριζόμενος
900 5807 964 5860 ὡς
983 5806 1041 5853 ἄν
1059 5822 1129 5860 τις
1152 5805 1416 5869 καιόμενος,
1438 5807 1519 5856 καὶ
1541 5809 1707 5865 ζητῶν.

1712 358 2097 423 EPISTOLE.

3436 377 3543 434 57!

1954 484 2179 555 ὄψεσθαι
2206 486 2386 554 πάλιν,
2424 488 2515 541 καὶ
2546 491 2643 560 τῆς
2673 489 2867 560 ὀδύνης
2895 489 3383 564 ἀπαλλαγήσεσθαι
3414 494 3548 550 ταῦτ

1953 603 2081 658 της,
2125 588 2219 642 καὶ
2264 588 2362 660 τὴν
2414 590 2478 642 ἐκ
2532 589 2629 660 τῆς
2665 590 2860 663 ὀδύνης
2918 593 3223 664 γενομένην
3270 593 3547 668 ἐμπορίαν

1953 688 2153 762 πολλὴν
2172 690 2573 761 ἀπολήψεσθαι,
2602 691 2699 746 καὶ
2722 691 2866 758 τότε,
2894 692 2988 745 καὶ
3011 692 3127 747 νῦν.
3164 695 3351 766 ’Ᾱρκεῖ
3370 696 3550 752 ταῦτά

1953 807 2035 843 σοι
2068 790 2206 862 πρὸς
2251 791 2610 864 παραμυθίαν
2636 830 2652 855 ,
2690 794 2891 865 μᾶλλον
2938 794 2995 849 δὲ
3045 794 3169 866 οὐχὶ
3216 797 3307 850 σοὶ
3351 798 3538 868 μόνον,

1950 888 2083 944 ἀλλά
2113 891 2209 945 καὶ
2257 893 2311 945 εί
2361 907 2445 956 τις
2498 892 2729 964 ἀνόητος
2758 892 2868 965 είη,
2926 895 3023 948 καὶ
3070 894 3404 961 αὐτολίθινος
3443 896 3543 969 τήν

1946 988 2144 1061 ψυχήν.
2174 990 2351 1045 Ὅπου
2391 991 2449 1045 δὲ
2484 991 2699 1057 σύνεσις
2741 992 2893 1066 [552]
2941 994 3205 1067 τοσαύτη,
3251 996 3346 1049 καὶ
3378 996 3539 1052 εὐλα-

1949 1089 2099 1154 ϐείας
2140 1090 2370 1156 πλοῦτος
2415 1094 2509 1148 καὶ
2558 1094 2876 1165 φιλοσοφίας
2921 1095 3085 1166 ὕψος,
3118 1097 3215 1151 καὶ
3256 1097 3398 1169 ψυχή
3431 1098 3543 1154 τῶν

1949 1187 2221 1258 βιωτικῶν
2251 1190 2351 1261 τὴν
2395 1195 2702 1262 φαντασίαν
2735 1198 3219 1268 καταπατήσασα,
3263 1196 3462 1251 πλείων
3506 1201 3543 1268 ἠ

1947 1292 2168 1347 εὐκολία
2218 1295 2320 1366 τῆς
2350 1295 2670 1369 θεραπείας.
2717 1298 2903 1364 Δεῖξον
2946 1299 3013 1371 δὴ
3071 1300 3176 1355 κάν
3227 1301 3404 1372 τούτῳ
3439 1302 3543 1373 τὴν

1948 1393 2168 1465 ἀγάπην
2197 1397 2296 1469 τὴν
2330 1398 2460 1469 περὶ
2505 1400 2670 1471 ἡμᾶς,
2704 1400 2787 1454 ὅτι
2823 1401 2917 1454 καὶ
2951 1400 3197 1472 μεγάλην
3232 1403 3542 1473 γράφοντες

1947 1494 2143 1567 ἔχομεν
2181 1497 2334 1571 παρά
2361 1501 2444 1553 σοὶ
2478 1500 2732 1573 δύναμιν,
2774 1503 2868 1557 καὶ
2896 1503 3191 1575 τοσαύτην,
3233 1504 3366 1575 ὅσην
3401 1520 3542 1579 παρ-

1945 1598 2118 1662 όντες.
2147 1598 2351 1665 Δείξεις
2380 1600 2439 1654 δὲ
2463 1602 2676 1672 σαφῶς,
2705 1602 2772 1658 ἂν
2799 1603 3084 1676 μάθωμεν,
3115 1605 3199 1659 ὅτι
3230 1623 3314 1659 σοι
3343 1603 3539 1676 γέγονέ

1946 1716 1997 1751 τι
2026 1700 2188 1756 πλέον
2206 1701 2316 1756 ἀπὸ
2344 1702 2453 1758 τῶν
2477 1706 2825 1777 γραμμάτων
2853 1706 2963 1761 τῶν
2986 1708 3274 1779 ἡμετέρων
3295 1724 3310 1737 ·
3336 1708 3542 1780 μᾶλλον

1944 1787 2003 1841 δὲ
2027 1789 2150 1860 οὐχὶ
2192 1791 2355 1845 πλέον
2406 1793 2587 1863 μόνον,
2642 1793 2780 1848 ἀλλά
2833 1797 2926 1849 καὶ
2956 1796 3236 1863 τοσοῦτον,
3268 1796 3391 1852 ὅσον
3417 1796 3541 1850 ἐπι-

1947 1887 2247 1962 θυμοῦμεν.
2294 1892 2706 1965 Ἐπιθυμοῦμεν
2738 1894 2795 1947 δὲ
2827 1896 2886 1947 ἐν
2931 1897 3000 1966 τῇ
3052 1896 3192 1966 αὐτῇ
3226 1896 3539 1969 εὐφροσύνῃ

1944 1984 2085 2048 εἷναί
2112 2011 2171 2047 σε
2195 1994 2313 2059 νῦν,
2338 1991 2450 2068 ἐν
2482 1995 2577 2049 καὶ
2598 1994 2789 2049 αὐτόθι
2812 1995 3181 2068 διατρίϐοντες
3208 1996 3536 2068 ἐϐλέπομεν.

1946 2094 2066 2149 Κᾶν
2091 2095 2250 2150 τοῦτο
2284 2096 2567 2168 μάθωμεν,
2612 2098 2672 2151 οὐ
2711 2097 2917 2169 μικράν
2949 2098 3045 2152 καλ⁸
3086 2098 3240 2153 αὐτοὶ
3271 2098 3373 2169 τῆς
3404 2099 3537 2170 ἐρη-

1946 2196 2097 2267 μίας,
2111 2198 2171 2251 ἐν
2250 2196 2345 2253 νῦν
2372 2199 2562 2270 ἐσμεν,
2592 2198 3010 2271 καρπωσόμεθα
3037 2199 3139 2271 τὴν
3163 2198 3530 2271 παράκλησιν.

1948 2297 2113 2351 Ὥστε
2164 2298 2213 2350 εί
2274 2296 2449 2368 βούλει
2502 2299 2598 2352 καὶ
2630 2300 2778 2370 ἡμᾶς
2815 2301 2873 2353 ἐν
2924 2298 3163 2372 εὐθυμία
3196 2301 3538 2370 καταστῆσαι

1947 2396 2154 2451 πλείονι
2183 2393 2331 2468 (οἶδα
2354 2397 2409 2449 δέ
2444 2399 2525 2451 ὅτι
2552 2398 2751 2469 βούλει,
2784 2398 2878 2452 καὶ
2905 2398 3110 2471 σφόδρα
3137 2399 3532 2470 ἐσπούδακας),

1946 2498 2187 2570 δήλωσον
2216 2500 2298 2553 ὅτι
2330 2498 2506 2553 πάντα
2532 2500 2632 2572 τῆς
2663 2499 2900 2572 ἀθυμίας
2924 2500 3215 2573 ἀπήλασας
3246 2501 3339 2554 τὸν
3371 2517 3537 2573 φορυ-

1945 2599 2059 2667 τδν,
2087 2601 2181 2654 καὶ
2218 2602 2277 2655 ἐν
2311 2602 2519 2674 γαλήνῃ
2554 2602 2622 2656 τά
2663 2600 2753 2669 σά,
2786 2604 2882 2655 καὶ
2909 2601 2995 2665 δὸς
3025 2602 3157 2674 ἡμῖν
3188 2601 3397 2673 ταύτην
3437 2601 3535 2673 τῆς

1949 2701 2077 2771 περὶ
2134 2701 2195 2753 σὲ
2234 2701 2450 2766 εὐνοίας
2490 2702 2584 2756 καὶ
2617 2703 2840 2774 ἀγάπης
2886 2702 3146 2772 ἀμοιϐήν.
3186 2698 3357 2769 Οἷσυα
3401 2701 3532 2772 7&9,

1944 2796 2102 2854 οἶσθα
2149 2800 2366 2871 σαφῶς,
2426 2802 2576 2866 ὅπως
2608 2803 2756 2873 ἡμᾶς
2800 2803 3085 2878 ἀνακτήσῃ
3136 2803 3536 2876 κατορθώσασα

1945 2900 2123 2967 τοῦτο,
2161 2903 2252 2954 καὶ
2281 2901 2417 2973 μετά
2447 2900 2704 2972 ἀληθείας
2749 2902 3039 2973 δηλώσασα
3066 2903 3155 2958 διά
3187 2904 3534 2976 γραμμάτων

1946 2998 2098 3070 ἡμῖν.

2256 3107 2415 3175 Πρὸς
2448 3107 2562 3176 τὴν
2589 3107 2784 3177 αὐτὴν
2813 3109 3107 3179 ἐπιστολὴ
3138 3116 3219 3179 τ’.

2016 3225 2085 3274 α’.
2101 3221 2212 3274 Καὶ
2226 3219 2295 3274 τά
2311 3220 2537 3292 σώματα
2554 3222 2621 3276 τά
2639 3220 2887 3294 σφοδροῖς
2903 3222 3242 3277 παλαίσαντα
3259 3226 3539 3292 πυρετοῖς,

1948 3317 2045 3372 καὶ
2076 3318 2145 3371 τά
2176 3318 2385 3390 πελάγη
2431 3318 2501 3372 τά
2541 3319 2757 3391 ἀγρίοις
2788 3318 3171 3373 πυκτεύσαντα
3200 3316 3539 3390 πνεύμασιν,

1950 3416 2048 3469 οὐκ
2068 3415 2270 3487 ἀθρόαν
2296 3413 2421 3468 οὔτε
2445 3416 2628 3469 ἐκεῖνα
2647 3415 2745 3487 τὴν
2764 3414 2870 3469 ἀπὸ
2898 3415 3005 3470 τῶν
3030 3415 3281 3487 πυρετῶν
3304 3414 3539 3488 βλάϐην,

1953 3509 2077 3564 οὐτε
2099 3508 2269 3565 ταῦτα
2287 3509 2386 3583 τὴν
2412 3510 2520 3564 ἀπὸ
2551 3510 2660 3564 τῶν
2686 3512 2944 3583 κυμάτων
2970 3513 3320 3567 ἀποτίθενται
3343 3511 3537 3583 ζάλην,

1950 3608 2065 3662 ἀλλ’
2114 3608 2296 3680 ἡρέμα
2343 3608 2438 3662 καί⁹
2495 3607 2637 3663 κατά
2668 3609 2884 3679 μικρόν.
2914 3610 3024 3664 Καὶ
3066 3610 3175 3681 γὰρ
3205 3610 3275 3664 τὰ
3307 3610 3534 3679 σώματα

1951 3705 2195 3770 πλείονος
2229 3706 2399 3759 δεῖται
2433 3706 2651 3777 χρόνου,
2688 3704 2829 3759 ὥστε
2858 3705 3001 3777 μετά
3027 3706 3124 3777 τὴν
3151 3706 3260 3759 τῶν
3283 3705 3541 3768 πυρετῶν

1951 3802 2272 3876 ἀπαλλαγὴν
2298 3806 2377 3868 είς
2400 3803 2647 3879 καθαρὰν
2670 3802 2990 3856 ἐπανελθεῖν
3018 3802 3247 3871 ὑγίειαν,
3274 3802 3367 3856 καὶ
3395 3804 3535 3857 ἀπο·

1950 3899 2207 3971 νίψασθαι
2234 3899 2327 3953 τὸν
2351 3900 2459 3953 ἀπὸ
2483 3900 2582 3972 τῆς
2616 3898 2930 3970 ἀρρωστίας
2968 3897 3403 3969 ἐναπομείναντα
3437 3899 3536 3952 αὐ-

1951 4000 2063 4062 τοῖς
2099 3996 2473 4069 μαλακισμόν·
2509 3996 2578 4049 τά
2620 3996 2677 4048 δὲ
2709 3994 2897 4058 ὕδατα,
2933 3994 3164 4050 καὶτῶν
3206 3996 3534 4067 πνευμάτων

1955 4093 2344 4166 παυσαμένων,
2368 4092 2599 4146 ἐπιπολύ
2624 4091 2965 4163 σαλευόμενα
2991 4092 3086 4148 κα)⁸
3114 4092 3409 4165 κινούμενα
3441 4094 3540 4166 μὲ-

1952 4209 2068 4257 νει,
2104 4190 2381 4263 φερόμενά
2427 4206 2489 4243 τε
2535 4190 2631 4244 καὶ
2679 4188 2848 4261 πολλῇ
2901 4189 3064 4246 πάλιν
3114 4191 3432 4263 ἐπαγόμενα
3466 4195 3536 4264 τῇ

1955 4288 2124 4361 ῥύμῃ,
2148 4288 2242 4343 καὶ
2267 4288 2439 4341 δεῖται
2467 4288 2561 4341 καὶ
2591 4285 2733 4340 αὐτά
2761 4286 2975 4359 χρόνου,
3003 4285 3145 4340 ὥστε
3177 4288 3257 4350 είς
3290 4286 3538 4359 καθαράν

1954 4383 2267 4439 ἐπανελθεῖν
2292 4384 2553 4456 γαλήνην.
2586 4382 2774 4437 Ταῦτα
2818 4383 2876 4436 δέ
2909 4400 2998 4454 μοι
3033 4382 3248 4455 εἴρηται
3277 4383 3537 4455 προοίμια

1956 4483 2096 4556 πρὸς
2119 4484 2220 4557 τήν
2252 4482 2351 4555 σὴν
2379 4481 2667 4536 εὐλάϐειαν
2694 4480 2794 4552 οὐχ
2828 4480 3035 4549 ἁπλῶς,
3062 4479 3176 4534 ἀλλ’
3202 4479 3290 4535 ἴνα
3333 4480 3535 4553 μάθῃς,

1955 4582 2038 4636 ὅτι
2063 4582 2155 4637 καὶ
2181 4579 2383 4653 ταύτην
2405 4580 2719 4649 ἀναγκαίως
2752 4595 2834 4632 σοι
2872 4578 3165 4650 πέμπομεν
3196 4577 3296 4652 τὴν
3326 4578 3540 4631 ἐπιστο-

1956 4678 2074 4750 λήν.
2092 4679 2155 4733 Εἰ
2181 4682 2291 4750 γὰρ
2310 4678 2404 4730 καὶ
2432 4675 2528 4748 τὴν
2557 4674 2847 4748 τυραννίδα
2876 4674 3254 4746 κατελύσαμεν
3286 4672 3387 4745 τῆς
3409 4672 3540 4727 ἀθυ-

1960 4778 2111 4851 μίας,
2147 4778 2242 4833 καὶ
2274 4777 2373 4848 τὴν
2408 4775 2706 4846 ἀκρόπολιν
2746 4774 2948 4846 ταύτης
2984 4772 3410 4844 κατεσκάψαμεν
3449 4772 3544 4828 διὰ

1958 4876 2067 4929 τῶν
2103 4873 2410 4946 ἔμπροσθεν
2443 4873 2788 4944 γραμμάτων
2808 4889 2820 4901 ·
2855 4870 2971 4924 ἀλλ’
2999 4871 3149 4942 ὅμως
3184 4869 3389 4941 πολλῆς
3421 4870 3541 4925 ἐστι

1961 4971 2119 5044 χρεία
2150 4971 2227 5043 τῷ
2254 4971 2400 5042 λόγῳ
2447 4971 2548 5040 τῆς
2572 4967 2918 5041 προσεδρίας,
2959 4967 3048 5021 ἴνα
3076 4985 3157 5022 σοι
3187 4967 3281 5023 καὶ
3317 4967 3541 5039 βαθεῖαν

1960 5069 2260 5142 ἐργάσηται
2282 5066 2380 5137 τὴν
2417 5067 2657 5137 εἰρήνην,
2679 5065 2771 5119 καὶ
2803 5064 2901 5136 τὴν
2935 5065 3155 5137 μνήμην
3189 5064 3405 5120 πάντων
3432 5065 3543 5120 τῶν

1961 5165 2020 5232 ἐξ
2052 5164 2266 5235 ἐκείνης
2293 5162 2599 5232 γενομένων
2632 5160 2962 5233 ἐξαλείψασα
2983 5160 3011 5200 ά
3041 5161 3306 5234 θορύϐων,
3339 5161 3542 5235 λευκήν

1965 5280 2045 5316 σοι
2070 5263 2166 5317 καὶ
2190 5260 2395 5331 παγίαν
2417 5261 2565 5333 δείξῃ
2599 5261 2862 5335 γαλήνην,
2884 5265 2978 5317 καὶ
3010 5264 3067 5316 ἐν
3091 5261 3260 5337 πολλῇ
3287 5280 3348 5317 σε
3372 5279 3545 5318 κατα·

1964 5360 2138 5431 στήσῃ
2175 5362 2241 5431 τῇ
2281 5359 2537 5430 εὐθυμία.
2570 5359 2741 5412 Τοῦτο
2768 5359 2876 5431 7&9
2908 5361 3039 5431 ἡμῖν
3071 5360 3133 5413 τὸ
3180 5358 3547 5431 σπουδαζόμε-

1963 5475 2074 5526 νον,
2104 5459 2206 5513 οὐκ
2236 5456 2476 5529 ἀθυμίας
2509 5474 2570 5510 σε
2599 5455 2907 5521 ἀπαλλάξαι
2944 5456 3124 5529 μόνον,
3160 5457 3297 5513 ἀλλά
3324 5460 3420 5514 καὶ
3449 5460 3547 5514 εύ-

1963 5554 2238 5628 φροσύνης
2282 5552 2562 5626 ἐμπλῆσαι
2602 5553 2801 5625 πολλῆς
2836 5553 2929 5609 καὶ
2964 5553 3265 5626 διηνεκοῦς.
3310 5554 3548 5612 Δυνατὺν

1961 5652 2071 5724 γάρ
2099 5652 2195 5706 ἐάν
2224 5650 2408 5723 θέλῃς.
2430 5650 2505 5705 Οὐ
2534 5653 2644 5724 γάρ
2670 5652 2729 5705 ἐν
2760 5653 2873 5715 τοῖς
2896 5652 3170 5726 ἀκινήτοις
3202 5652 3301 5724 τῆς
3328 5650 3547 5721 φύσεως

2025 5804 2053 5845 δ
2078 5805 2161 5857 Sic
2182 5818 2302 5861 mss.
2324 5807 2454 5859 Edili
2478 5807 2740 5875 ἐξαλείψας,
2763 5809 2907 5859 male.
