4058 6218
281 330 388 386 575

282 458 495 507 sumus,
530 442 624 501 sed
671 443 724 499 in
751 441 936 498 liberis
962 441 1251 497 voluntatis
1274 441 1714 512 cOgitationibus,
1743 450 1875 509 quas

281 542 513 589 tractare
534 548 598 589 ac
629 532 895 589 moderari
924 531 1080 588 nobis
1108 531 1262 588 facile
1288 542 1373 587 est
1394 568 1412 597 ,
1443 530 1687 585 alacritas
1712 527 1876 583 animi

278 625 548 681 eoitsistit.
572 630 750 694 Atque
778 624 891 693 ipsa
918 624 1043 689 scis,
1076 622 1122 677 si
1165 620 1324 677 modo
1364 620 1674 685 meministi,
1707 618 1870 688 pluri-

273 733 397 773 nios
428 731 492 772 ac
519 717 705 786 longos
739 716 805 770 de
831 715 914 770 his
941 715 1100 769 rebus
1128 729 1299 784 nuper
1325 712 1451 784 (nec
1486 712 1629 767 enim
1670 709 1876 766 diutur-

278 827 407 864 uutn
436 819 647 880 tempus
698 809 901 863 interea
957 806 1125 878 fluxit)
1153 821 1431 861 sermones
1476 821 1507 860 a
1537 804 1688 860 nobis
1735 818 1867 859 con-

277 912 528 974 sumptos
555 901 719 956 fuisse
749 919 762 955 :
796 915 917 955 eum
946 899 1149 954 scilicet
1172 897 1425 953 historias
1452 895 1681 951 subinde
1719 894 1872 949 colli-

275 1010 463 1065 geretn
486 1005 648 1065 atque
675 994 727 1047 in
760 991 991 1047 medium
1015 990 1334 1062 proferrem.
1376 988 1491 1043 Non
1518 987 1659 1043 enitn
1690 995 1793 1040 tam
1820 986 1870 1040 iu

280 1101 467 1142 rerum
519 1095 728 1152 natura,
784 1099 942 1154 quam
979 1083 1033 1137 iu
1079 1082 1355 1137 hominum
1403 1080 1673 1136 voluntate
1714 1088 1873 1147 atque

275 1178 546 1234 sententia
575 1175 935 1246 tranquillitas
960 1173 1124 1227 animi
1150 1173 1253 1227 sita
1277 1180 1379 1227 est.
1411 1170 1675 1239 Quoniam
1710 1168 1870 1239 igitur

277 1267 395 1324 haec
424 1269 495 1323 ita
525 1283 585 1323 se
618 1266 853 1333 habent,
905 1280 968 1319 ac
994 1262 1149 1319 multi
1202 1262 1392 1333 opibus
1442 1258 1871 1317 circumfluentes

277 1361 441 1416 vitam
467 1360 715 1415 acerbam
748 1372 870 1414 esse
896 1357 1186 1423 duxerunt,
1224 1354 1379 1410 multi
1405 1360 1591 1410 contra
1618 1352 1672 1407 in
1695 1336 1872 1407 extre-

279 1468 365 1507 ma
418 1459 733 1522 paupertate
780 1457 1059 1505 versantes
1111 1446 1437 1502 curriculum
1482 1446 1605 1500 vita:
1631 1444 1868 1500 omnium

285 1542 730 1614 tranquillissime
758 1540 1140 1605 confecerunt;
1169 1548 1329 1608 atque
1352 1537 1440 1592 alii
1463 1535 1677 1608 quidem
1705 1536 1868 1590 satel-

278 1636 413 1702 litio,
444 1634 609 1704 gloria
640 1642 694 1689 et
722 1633 926 1687 honore
947 1632 1203 1695 fruentes,
1236 1632 1394 1684 vitam
1418 1643 1569 1683 suam
1586 1626 1716 1682 diris
1741 1642 1867 1697 per-

282 1741 429 1796 saepe
457 1726 829 1791 devoverant,
885 1722 973 1777 alii
1004 1731 1183 1777 autem
1210 1720 1423 1776 obscuri
1452 1729 1611 1789 atque
1636 1717 1867 1773 obscuro

277 1837 475 1893 genere
496 1822 627 1888 nati,
656 1820 1010 1890 omnibusque
1034 1818 1217 1890 ignoti,
1246 1816 1426 1872 multis
1454 1829 1573 1869 sese
1601 1812 1867 1869 beatiores

278 1926 399 1966 esse
429 1918 790 1975 censuerunt;
822 1925 995 1980 neque
1044 1909 1186 1964 enim
1215 1917 1322 1962 tam
1353 1907 1405 1960 in
1435 1918 1614 1960 rerum
1645 1912 1829 1957 natura
1848 1943 1862 1968 ,

276 2020 435 2076 quam
462 2005 517 2060 in
558 2005 832 2059 hominum
865 2012 1045 2058 tuente
1068 2018 1131 2058 ac
1176 2001 1378 2072 judicio
1418 1999 1588 2070 posita
1615 2006 1697 2053 est
1722 2006 1867 2051 tran-

273 2098 509 2167 quillitas
542 2096 671 2169 (non
694 2097 834 2152 enim
862 2096 1004 2152 istud
1029 2095 1243 2151 assidue
1262 2094 1529 2150 inculcare
1550 2090 1810 2160 desinam)
1846 2106 1863 2145 :

274 2203 407 2244 cave
437 2189 674 2243 animum
700 2188 939 2258 dejicias,
962 2203 1149 2243 verum
1182 2195 1233 2243 te
1268 2185 1441 2241 excita
1476 2193 1636 2255 atque
1667 2182 1813 2252 erige
1843 2219 1863 2249 ,

279 2294 609 2349 manumque
654 2280 889 2335 sermoni
939 2288 1123 2334 nostro
1162 2279 1415 2348 porrige,
1451 2291 1514 2331 ac
1555 2274 1863 2345 prazclaram

272 2369 412 2425 hanc
438 2371 592 2427 nobis
619 2386 774 2441 opem
802 2371 999 2442 prtebe,
1032 2381 1088 2426 ut
1105 2380 1157 2426 te
1177 2386 1241 2427 ex
1262 2370 1454 2426 acerba
1483 2368 1863 2439 cogitationum

268 2461 583 2531 captivitate
630 2477 849 2532 prorsus
878 2462 1240 2516 extrahamus.
1276 2460 1409 2515 Nam
1441 2459 1538 2513 nisi
1590 2459 1702 2528 ipsa
1748 2467 1865 2513 tau-

271 2563 386 2607 tum
442 2554 602 2609 studii
645 2552 902 2609 adhibere
933 2553 1164 2609 volueris
1188 2594 1204 2620 ,
1231 2560 1485 2623 quantum
1515 2566 1614 2605 nos
1641 2549 1863 2605 adhibe-

270 2660 415 2713 mus,
462 2646 659 2701 nullam
703 2646 856 2701 nobis
906 2646 1114 2700 curatio
1157 2645 1443 2699 utilitatem
1492 2642 1714 2697 allatum
1758 2650 1858 2696 est.

268 2737 409 2805 Quid
431 2748 608 2793 autem
636 2738 851 2805 mirum,
884 2738 928 2794 si
959 2738 1060 2793 hoc
1090 2738 1143 2793 in
1191 2736 1344 2793 nobis
1372 2735 1686 2806 contingat?
1728 2733 1862 2789 Nam

266 2830 453 2897 etiam,
482 2847 601 2886 cum
632 2848 812 2888 rerum
842 2832 1080 2887 omnium
1133 2840 1433 2902 praepotens
1480 2831 1619 2885 Deus
1664 2830 1861 2901 aliquid

268 2932 453 2977 monet
480 2938 544 2978 ac
572 2923 777 2991 suadet,
809 2935 969 2995 atque
1003 2924 1218 2979 auditor
1240 2924 1406 2994 ipsius
1429 2924 1605 2979 verbis
1641 2923 1862 2978 minime

268 3015 643 3085 obtemperat,
676 3016 811 3071 nihil
853 3016 997 3072 aliud
1026 3017 1149 3071 hinc
1192 3017 1369 3071 evenit
1396 3057 1412 3083 ,
1442 3030 1600 3085 quam
1626 3013 1771 3085 quod
1808 3014 1861 3069 id

270 3107 535 3177 majorem
579 3108 627 3162 ei
680 3124 893 3179 poenam
938 3109 1214 3175 accersit,
1266 3108 1353 3179 qui
1385 3107 1530 3163 dicto
1557 3107 1860 3163 audientem

268 3210 378 3252 non
406 3213 467 3252 se
493 3199 735 3268 prmbuit.
765 3200 917 3266 Quod
947 3201 1110 3255 etiam
1140 3199 1387 3255 Christus
1413 3199 1497 3255 his
1519 3199 1697 3255 verbis
1724 3198 1862 3254 indi-

267 3288 460 3342 cabat:
490 3286 609 3342 Nisi
636 3290 879 3344 vertissem
900 3300 945 3344 et
966 3291 1202 3361 loquutus
1224 3291 1428 3363 fuissem
1455 3291 1525 3344 eis
1544 3331 1559 3357 ,
1601 3299 1863 3359 peccatum

270 3395 371 3432 non
393 3378 635 3433 haberent
672 3395 691 3433 :
715 3397 851 3434 nunc
881 3390 1051 3434 autem
1080 3382 1451 3436 excusationem
1472 3396 1570 3435 non
1594 3381 1775 3435 habent
1799 3381 1863 3435 de

268 3480 474 3545 peccato
503 3486 596 3524 suo
624 3470 800 3544 (Joan.
836 3471 921 3527 l5.
954 3469 1068 3543 22).
1096 3470 1177 3526 Ob
1225 3487 1449 3542 eamque
1478 3486 1692 3526 causam
1740 3487 1859 3526 cum

265 3561 567 3619 Jerusalem
607 3562 712 3619 hoc
761 3565 878 3634 ipso
906 3565 1121 3621 nomine
1150 3565 1390 3636 lugeret,
1421 3564 1504 3620 his
1530 3565 1708 3621 verbis
1748 3576 1862 3621 ute-

264 3656 427 3713 batur
456 3674 470 3711 ε
500 3656 810 3724 Jerusalem,
832 3657 1141 3726 Jerusalem,
1164 3675 1278 3730 qua:
1293 3659 1479 3713 occidis
1498 3659 1790 3729 prophetas,
1816 3668 1863 3714 et

264 3751 472 3823 lepidas
498 3768 583 3807 eos
608 3752 696 3823 qui
740 3753 807 3806 ad
836 3762 884 3807 te
908 3752 1046 3807 missi
1076 3761 1214 3820 sunt,
1244 3753 1436 3821 quoties
1479 3752 1617 3805 volui
1652 3768 1864 3822 congre-

266 3862 394 3915 gare
424 3845 560 3914 ﬁlios
588 3854 795 3909 vestros,
825 3855 871 3899 et
888 3844 1121 3899 noluistis
1143 3844 1168 3897 Ξ)
1193 3843 1327 3897 Ecce
1351 3842 1657 3913 relinquetur
1679 3842 1860 3897 domus

262 3947 435 3993 vestra
460 3938 661 3993 deserta
708 3937 918 4009 (Matth.
948 3935 1039 3991 23.
1073 3935 1161 3990 57.
1185 3935 1298 4004 58).

340 4032 397 4084 2.
425 4031 669 4102 Amidam
697 4031 1024 4094 consolatur;
1065 4028 1290 4083 maeroris
1330 4037 1564 4081 naturam
1602 4027 1820 4096 explicat
1842 4042 1862 4090 ;

258 4138 455 4177 mceror
468 4123 591 4178 Eva:
611 4139 777 4193 paena.
802 4120 1299 4191 -—-llazcigiturcum
1325 4117 1416 4173 tibi
1432 4126 1711 4191 pempecta
1734 4117 1863 4184 sint,

257 4214 488 4269 domina
520 4230 638 4269 mea
662 4213 1086 4285 religiosissima,
1110 4210 1315 4277 labora,
1344 4209 1542 4279 tibique
1573 4210 1677 4263 vim
1709 4209 1861 4263 adhi-

259 4309 360 4371 be,
387 4317 542 4379 atque
564 4323 750 4362 eorum
773 4322 935 4377 qurea
955 4306 1107 4361 nobis
1136 4313 1555 4360 commemorata
1585 4312 1731 4371 sunt,
1760 4319 1863 4374 ope

258 4412 337 4453 ac
362 4398 601 4454 subsidio
628 4397 852 4463 munita,
881 4398 933 4450 in
978 4396 1030 4451 id
1060 4398 1287 4461 enitere,
1317 4403 1374 4449 ut
1392 4395 1740 4464 cogitationes
1769 4410 1864 4450 eas

264 4505 390 4558 qua:
419 4488 769 4559 perturbant,
793 4503 856 4543 ac
884 4496 1059 4542 tantos
1103 4496 1277 4543 motus
1305 4496 1612 4557 tantamque
1652 4495 1859 4556 tempc~

262 4591 459 4638 statetn
486 4582 653 4648 cient,
684 4596 875 4651 magno
900 4596 1020 4636 cum
1053 4581 1248 4650 impetu
1271 4580 1521 4635 extrudas
1551 4594 1613 4634 ac
1641 4580 1859 4649 propulo

264 4690 378 4730 ses.
403 4676 601 4730 Verum
628 4675 756 4746 quin
802 4674 853 4729 id
886 4675 1106 4737 factura,
1140 4674 1475 4743 consilioque
1506 4683 1690 4727 nostro
1720 4672 1861 4742 pari-

264 4776 387 4821 tura
413 4767 522 4833 sis,
560 4767 759 4821 nemini
788 4764 1139 4821 dubitandum
1172 4780 1290 4820 esse
1320 4764 1569 4819 arbitror.
1600 4763 1715 4818 Jam
1767 4762 1859 4817 tibi

262 4858 494 4929 gladios,
526 4860 735 4922 hastas,
764 4874 921 4913 arcus
951 4867 1004 4913 et
1028 4857 1266 4927 sagittas,
1301 4855 1593 4920 thoracem,
1616 4856 1861 4925 clypeum

262 4960 331 5005 et
372 4950 573 5007 tibialia
622 4964 994 5019 comparemus
1042 4955 1250 5017 oportet
1279 4963 1293 5000 :
1321 4961 1427 5015 quo
1458 4944 1649 5014 partim
1694 4943 1778 4998 his
1810 4953 1861 4999 te

261 5043 501 5109 munias,
532 5040 721 5111 partim
752 5055 865 5104 eas,
907 5054 1025 5109 quae
1056 5047 1109 5092 te
1140 5035 1537 5119 perturbatione
1564 5034 1803 5088 afficiunt
1838 5073 1852 5098 ,

257 5132 624 5201 cogitationes
645 5138 976 5199 prosternas,
1000 5136 1157 5196 atque
1181 5125 1468 5180 obtrunces
1488 5132 1541 5179 ct
1562 5124 1687 5178 inter
1704 5124 1858 5179 imas.

262 5223 553 5279 Undenam
582 5224 741 5293 igitur
772 5221 1045 5275 machinas
1077 5222 1205 5273 istas
1236 5234 1297 5272 ac
1349 5216 1537 5270 fundas
1564 5215 1656 5269 tibi
1690 5216 1859 5269 conli-

257 5315 477 5369 ciemus
496 5353 509 5374 ,
544 5322 601 5367 ιιι
627 5330 693 5367 ηε
720 5313 901 5367 hostes
928 5311 1141 5381 quidem
1174 5308 1393 5378 propius
1412 5305 1670 5362 accedere
1691 5307 1857 5371 sinas,

258 5420 456 5460 verum
484 5420 577 5460 eos
603 5419 759 5474 quam
787 5402 1093 5471 longissime
1119 5414 1182 5453 ac
1208 5398 1352 5452 nullo
1403 5396 1615 5466 negotio
1642 5395 1861 5450 submo-

257 5498 438 5552 veas?
472 5496 553 5551 Ab
575 5496 691 5566 ipso
718 5509 950 5550 mwrore
978 5511 991 5546 :
1022 5490 1268 5546 nimirum
1298 5488 1342 5542 si
1372 5488 1439 5543 de
1472 5503 1537 5543 eo
1575 5504 1680 5543 non
1728 5486 1858 5542 nihil

258 5588 602 5643 disseramus
625 5629 637 5651 ,
683 5599 947 5656 quamque
975 5583 1149 5655 gravis
1176 5596 1238 5636 ac
1267 5578 1486 5634 molesta
1512 5594 1598 5634 res
1628 5580 1717 5645 sit,
1767 5578 1858 5634 dc-

258 5689 655 5735 monstremus.
689 5678 883 5732 llmror
909 5676 1052 5733 enim
1080 5688 1239 5744 grave
1286 5671 1586 5727 animorum
1617 5679 1854 5727 tormen-

251 5777 386 5819 tum
412 5776 511 5829 cst.
546 5770 697 5826 dolor
730 5784 938 5825 omnem
959 5768 1225 5825 sermonis
1284 5764 1387 5820 Vim
1441 5762 1743 5832 ῡκωάειιδν
1798 5779 1859 5817 ευ

1739 320 2110 380 ενιετοιλε.

3464 331 3565 388 574

1984 435 2299 506 supplicium
2325 436 2469 491 omni
2499 437 2758 508 supplicio
2807 449 2860 493 et
2908 439 3143 494 cruciatu
3182 440 3441 496 acerbius.
3482 444 3567 498 Si-

1984 526 2197 596 quidem
2242 527 2551 596 pestiferum
2596 544 2831 584 vermem
2878 530 3145 596 imitatur,
3198 546 3303 586 non
3352 547 3567 590 carnem

1984 617 2279 686 dumtaxat,
2312 620 2407 676 sed
2434 621 2594 676 etiam
2618 622 2849 678 animam
2877 626 3242 695 perstringens
3272 644 3284 680 :
3313 642 3376 682 ac
3427 626 3565 683 tinea

1982 721 2065 768 est
2089 754 2103 778 ,
2136 729 2239 769 non
2269 715 2469 769 ossium
2524 723 2757 781 tantum,
2795 733 2978 773 verum
3031 718 3191 773 etiam
3240 722 3433 775 utentis
3467 738 3481 776 :
3514 732 3567 777 et

1983 816 2272 874 perpetuus
2300 806 2560 872 carnifex,
2594 823 2698 861 non
2733 808 2870 863 latus
2897 808 3136 874 fodiens,
3187 826 3369 865 verum
3400 812 3565 868 animi

1983 894 2120 948 vires
2146 894 2505 951 labefactans:
2536 906 2589 952 ct
2614 907 2866 967 perpetua
2889 914 3017 963 nox,
3048 909 3102 954 et
3128 908 3278 955 tetra:
3307 902 3565 969 tertehrw,

1980 994 2035 1037 et
2090 995 2376 1055 tempestas
2407 1002 2471 1042 ac
2501 989 2733 1057 procella
2755 1031 2769 1056 ,
2800 999 2854 1044 et
2900 991 3130 1046 obscura
3163 990 3344 1056 febris,
3377 996 3566 1064 quavis

1981 1074 2193 1129 (latntua
2228 1077 2595 1134 vehementius
2629 1095 2859 1136 exurens
2886 1100 2897 1135 :
2927 1090 2979 1136 et
3007 1083 3203 1138 bellqu
3231 1085 3560 1142 induciarum

1978 1184 2172 1239 expers
2202 1188 2214 1224 :
2245 1181 2299 1225 et
2349 1172 2589 1239 morbus,
2620 1189 2799 1229 rerum
2832 1190 3015 1229 earum
3038 1218 3052 1243 ,
3099 1192 3218 1247 qua:
3249 1178 3419 1234 oculis
3444 1195 3563 1234 εει-ο

1980 1267 2195 1325 nuntur,
2231 1271 2567 1333 prospectum
2601 1280 2790 1335 magna
2820 1282 2883 1321 ex
2912 1275 3062 1336 parte
3089 1268 3403 1339 impediens.
3427 1270 3559 1325 Nam

1977 1359 2030 1404 et
2056 1351 2134 1405 sol
2157 1392 2170 1417 ,
2200 1362 2251 1407 et
2281 1352 2465 1423 liquidi
2495 1354 2649 1425 hujus
2670 1357 2812 1411 aeris
2842 1367 3030 1411 natura
3055 1359 3140 1423 iis,
3171 1360 3261 1429 qui
3290 1365 3358 1415 ita
3381 1360 3560 1417 allecti

1975 1450 2118 1508 sunt,
2152 1442 2449 1498 molestiam
2492 1446 2746 1503 exhibere
2799 1448 3044 1515 videtur,
3097 1460 3255 1519 atque
3310 1452 3361 1506 in
3402 1454 3563 1509 meri-

1974 1529 2128 1585 diana
2155 1532 2271 1588 lucc
2294 1534 2611 1604 profundam
2635 1546 2844 1593 noctem
2863 1538 3078 1592 imitari.
3110 1540 3288 1609 anue
3314 1542 3380 1598 de
3398 1557 3559 1597 causa

1974 1621 2202 1677 eximius
2229 1624 2317 1679 ille
2345 1625 2605 1696 propheta
2640 1626 2872 1695 dicebat,
2906 1628 3113 1684 Occidet
3144 1631 3245 1684 illis
3270 1633 3348 1685 sol
3375 1632 3426 1686 in
3453 1650 3561 1688 me-

1972 1712 2101 1767 ridie
2134 1714 2308 1787 (Amos
2337 1717 2390 1772 8.
2423 1717 2496 1786 9)
2530 1737 2544 1772 :
2574 1735 2681 1774 non
2710 1720 2852 1790 quod
2896 1721 3043 1776 sidus
3089 1722 3217 1778 illud
3247 1722 3558 1791 delitescat,

1972 1814 2062 1857 aut
2091 1817 2376 1862 consuetus
2405 1808 2575 1878 ipsius
2617 1825 2804 1866 cursus
2829 1812 3246 1884 interrumpatur
3265 1832 3278 1869 :
3298 1816 3391 1872 sed
3417 1818 3558 1888 quod

1971 1905 2164 1952 πλαδδιο
2194 1914 2255 1953 ac
2282 1901 2530 1955 maerenti
2559 1903 2740 1958 animo
2765 1903 3065 1960 clarissimo
3097 1906 3184 1963 die
3213 1909 3389 1964 noctis
3430 1926 3559 1980 spe-

1971 1987 2083 2042 cies
2108 2003 2227 2044 sesc
2256 1989 2493 2059 objieiat.
2517 1991 2703 2063 Neque
2731 1995 2872 2050 enim
2923 2004 3082 2052 tanta;
3110 2000 3282 2054 noctis
3323 2002 3559 2056 tenebree

1969 2088 2115 2147 sunt,
2155 2091 2350 2151 quanta
2377 2086 2626 2141 mmroris
2652 2102 2758 2141 nox
2789 2098 2871 2143 est
2903 2107 2916 2142 :
2952 2105 3055 2144 non
3087 2090 3301 2161 quidem
3338 2092 3426 2147 illa
3458 2110 3558 2148 tta-

1973 2179 2105 2226 turte
2149 2172 2265 2243 lege
2304 2174 2567 2230 accedens
2592 2218 2607 2243 ,
2638 2192 2821 2233 verum
2878 2195 2973 2251 per
3012 2181 3233 2236 rationis
3274 2198 3335 2238 ac
3362 2186 3557 2239 mentis

1970 2262 2400 2321 obscurationem
2431 2266 2655 2322 conﬂata
2684 2287 2696 2322 :
2722 2268 2991 2325 horrenda
3019 2286 3152 2327 sane
3205 2283 3367 2344 atque
3406 2276 3551 2329 into-

1968 2353 2182 2410 leranda
2204 2398 2219 2425 ,
2250 2360 2607 2414 truculentum
2629 2361 2833 2416 vultum
2858 2360 3080 2430 habens,
3104 2364 3290 2433 quovis
3330 2374 3557 2437 tyranno

1968 2447 2259 2518 crudelior,
2299 2450 2498 2505 nemini
2527 2466 2716 2507 eorum
2736 2495 2751 2521 ,
2785 2454 2875 2525 qui
2906 2470 3023 2509 eam
3055 2454 3323 2513 discutere
3351 2472 3555 2513 conan-

1969 2547 2076 2607 tur,
2100 2540 2259 2597 facile
2293 2543 2509 2609 cedens,
2543 2558 2727 2600 verum
2756 2546 2989 2602 animam
3015 2562 3154 2614 eam,
3182 2564 3340 2618 quam
3381 2552 3557 2605 carri-

1967 2631 2145 2701 puit,'
2178 2632 2460 2689 adamante
2505 2635 2706 2691 firmius
2746 2637 3061 2708 plerumque
3111 2639 3369 2706 retinens,
3426 2657 3546 2696 cum

1968 2724 2215 2781 videlicet
2233 2740 2295 2781 ea
2324 2742 2428 2782 non
2461 2728 2688 2783 multum
2730 2729 3005 2799 sapientia
3044 2730 3309 2786 adhibuit.

2039 2816 2094 2870 5.
2124 2817 2261 2884 Quid
2312 2829 2489 2874 autem
2512 2820 2668 2890 longa
2695 2820 2938 2875 oratione
2984 2836 3118 2891 opus
3147 2831 3249 2889 est,
3300 2831 3355 2877 ut
3383 2823 3449 2878 de
3487 2840 3555 2879 eo

1968 2907 2080 2977 ipse
2105 2910 2488 2978 pronuntiem,
2516 2926 2637 2966 cum
2666 2911 2734 2967 ad
2782 2927 2899 2981 eos,
2943 2913 3035 2984 qui
3077 2915 3168 2969 illo
3197 2916 3338 2985 capti
3387 2925 3548 2983 sunt,

1970 2999 2171 3068 venire,
2219 3010 2382 3071 atque
2428 3001 2555 3057 hinc
2583 3004 2885 3060 universam
2917 3005 3083 3076 ipsius
3108 3006 3214 3061 vim
3246 3009 3557 3079 perspicere

1970 3090 2126 3147 liceat
2152 3092 2174 3146 ?
2204 3092 2318 3149 ltno
2346 3110 2474 3150 vero
2504 3095 2681 3163 liceat,
2711 3096 2755 3150 si
2786 3096 2961 3165 lubet,
2994 3113 3111 3153 eam
3146 3099 3361 3155 aliunde
3409 3102 3555 3169 prius

1967 3183 2418 3241 demonstremus.
2449 3187 2581 3242 Nam
2606 3203 2729 3242 cum
2761 3188 2995 3245 Adamus
3024 3205 3185 3261 grave
3212 3191 3335 3245 illud
3366 3207 3558 3261 pecca—

1969 3284 2076 3330 tum
2108 3276 2452 3345 admisisset,
2487 3288 2646 3349 atque
2674 3295 2957 3337 commune
2998 3281 3272 3336 hominum
3316 3283 3555 3338 omnium

1966 3384 2134 3440 genus
2158 3370 2589 3437 condemnasset,
2615 3372 2796 3428 labore
2837 3381 2948 3427 tum
2976 3373 3262 3429 mulctatus
3288 3382 3371 3429 cst
3402 3373 3553 3446 (Gen.

1967 3461 2022 3531 5)
2050 3478 2064 3528 ;
2097 3478 2156 3517 ea
2212 3473 2388 3517 autem
2410 3505 2423 3528 ,
2452 3479 2570 3533 qua:
2599 3466 2814 3534 gravius
2852 3476 3201 3534 peccaverat,
3233 3475 3287 3520 et
3335 3466 3548 3536 quidem

1968 3568 2137 3623 usque
2169 3568 2234 3609 eo
2260 3556 2493 3624 gravius,
2529 3564 2585 3609 ut
2607 3554 2747 3610 illius
2775 3565 3073 3626 peccatum,
3102 3573 3222 3613 cum
3252 3559 3407 3629 hujus
3428 3574 3555 3629 pec-

1967 3652 2088 3698 cato
2130 3645 2381 3700 collatum
2409 3687 2423 3711 ,
2481 3661 2550 3701 ne
2580 3655 2857 3716 peccatum
2908 3647 3123 3719 quidem
3176 3648 3550 3703 existimetur:

1967 3736 2133 3790 Adam
2157 3737 2298 3793 enim
2322 3778 2337 3803 ,
2377 3738 2546 3808 inquit
2578 3737 2873 3808 Scriptura,
2923 3756 3021 3792 non
3059 3749 3132 3793 est
3161 3739 3394 3793 seductus
3423 3780 3437 3804 ,
3467 3741 3557 3793 sed

1968 3832 2147 3884 ntulier
2175 3831 2379 3885 seducta
2414 3832 2466 3884 in
2505 3832 2913 3901 pra’varicatione
2943 3832 3037 3901 fuit
3067 3831 3142 3901 (l.
3171 3830 3300 3884 Tim.
3330 3831 3384 3884 2.
3416 3831 3504 3901 ﬂ)
3539 3850 3552 3885 :

1970 3922 2116 3989 luce,
2153 3923 2368 3993 inquam
2398 3965 2411 3986 ,
2450 3940 2567 3993 qua:
2619 3924 2843 3993 decepta
2900 3924 3107 3991 fuerat,
3137 3938 3201 3978 ac
3242 3924 3333 3979 Dei
3385 3924 3555 3996 legem

1970 4012 2279 4081 violaverat,
2311 4023 2472 4082 atque
2501 4022 2556 4068 et
2582 4013 2702 4079 sibi,
2734 4022 2787 4068 et
2815 4013 3006 4068 marito
3041 4023 3358 4069 venenatum
3390 4031 3557 4086 pocu-

1970 4103 2077 4158 lum
2109 4112 2515 4174 temperaverat,
2558 4103 2805 4173 ampliori
2835 4105 3055 4160 mmrori
3085 4106 3371 4175 addicitur,
3414 4108 3556 4178 quod

1971 4195 2220 4252 videlicet
2270 4196 2358 4252 ille
2388 4197 2643 4267 majorem
2683 4197 2749 4253 ad
2794 4197 3141 4268 premendum
3173 4200 3281 4254 vim
3318 4201 3511 4256 habeat
3542 4244 3557 4267 ,

1969 4303 2126 4358 quam
2179 4288 2346 4344 labor.
2388 4287 2738 4358 Multiplicans
2767 4289 2909 4343 enini
2936 4330 2950 4353 ,
2981 4289 3171 4360 inquit,
3203 4292 3555 4361 multiplicabo

1969 4381 2168 4435 dolores
2198 4391 2331 4448 tuos,
2356 4390 2404 4435 et
2447 4383 2685 4452 gemitum
2713 4391 2875 4436 tuum.
2913 4380 2975 4435 In
3005 4382 3265 4437 doloribus
3295 4385 3461 4452 paries
3493 4386 3556 4452 ﬁ-

1969 4472 2064 4527 lios
2092 4471 2243 4542 (Gen.
2273 4474 2326 4528 5.
2360 4473 2472 4542 l6).
2504 4473 2773 4543 Nusquam
2800 4472 2886 4528 hic
2910 4473 3079 4537 labor,
3110 4490 3368 4544 nusquam
3392 4476 3557 4531 sudor

1969 4574 2279 4621 etmrumna
2309 4582 2321 4618 :
2354 4581 2539 4621 verum
2578 4565 2829 4620 muastitia
2858 4573 2913 4619 et
2939 4566 3187 4635 gemitus,
3220 4576 3382 4635 atque
3430 4566 3555 4622 hinc

1971 4672 2195 4713 nascens
2212 4658 2500 4725 cruciatus,
2530 4665 2810 4712 sexcentas
2833 4667 3032 4713 mortes
3078 4657 3396 4727 adchuaus,
3443 4659 3551 4715 imo

1970 4749 2128 4803 etiam
2166 4748 2321 4819 longe
2342 4749 2574 4818 gravior.

2042 4839 2207 4894 Morte
2229 4838 2356 4893 nihil
2379 4840 2579 4910 gravius
2598 4849 2684 4893 aut
2713 4839 2980 4893 terribilius
3010 4855 3115 4893 esse
3138 4840 3461 4895 demonstrat.
3488 4874 3555 4882 —

1969 4934 2298 5004 Quamquam
2330 4933 2456 5004 quid
2496 4942 2667 4989 morte
2700 4932 2953 5004 gravius?
2978 4950 3154 4988 annon
3201 4933 3551 4988 humanorum

1969 5025 2229 5081 malorum
2256 5033 2413 5096 caput
2432 5026 2550 5080 est?
2571 5040 2748 5080 annon
2774 5039 2837 5080 ea
2865 5024 3128 5080 horrenda
3152 5032 3206 5079 et
3226 5025 3553 5079 intoleranda

1970 5116 2365 5187 iununterisque
2390 5116 2617 5172 luctibus
2637 5116 2793 5187 digna
2820 5130 2939 5172 esse
2965 5117 3211 5173 videtur?
3234 5133 3411 5171 annon
3436 5132 3553 5171 eam

1969 5208 2286 5263 atrocissitui
2325 5208 2544 5263 sceleris
2584 5222 2796 5279 pmuam
2827 5223 2947 5263 esse
2981 5208 3114 5262 dixit
3158 5208 3392 5262 Paulus?
3421 5206 3552 5261 Nam

1969 5315 2062 5355 eos
2080 5342 2094 5365 ,
2122 5300 2210 5369 qui
2241 5309 2573 5356 sacrosancta
2601 5301 2851 5372 mysteria
2886 5300 3097 5369 indigne
3122 5301 3417 5369 attingunt,
3446 5311 3555 5354 tre-

1969 5393 2280 5462 menda-quc
2309 5405 2507 5446 incusat
2536 5391 2817 5461 participes
2847 5391 2999 5458 fiunt,
3031 5391 3165 5444 hanc
3192 5405 3401 5460 poenam
3427 5406 3559 5459 peu-

1968 5484 2097 5540 dcrc
2127 5484 2207 5538 his
2233 5482 2407 5538 verbis
2433 5483 2695 5538 asseruit:
2728 5481 3006 5553 Pr0ptcrea
3035 5482 3161 5535 inter
3188 5498 3273 5536 vos
3299 5481 3557 5535 multiim-

1971 5576 2166 5631 becilles
2193 5585 2238 5628 ct
2270 5574 2479 5643 t'n/irmi,
2506 5586 2551 5629 et
2581 5575 2834 5630 dormiunt
2862 5573 3045 5645 multi(
3074 5575 3120 5629 ι.
3152 5573 3269 5628 Cor.
3300 5573 3385 5628 ll.
3419 5572 3490 5627 50
3512 5581 3553 5641 ).

1970 5670 2157 5726 Annon
2189 5668 2517 5737 lcgislalores
2538 5682 2726 5722 omnes
2754 5666 2854 5723 hoc
2880 5664 3141 5735 supplicio
3162 5681 3256 5720 eos
3275 5664 3555 5728 mulctant,

1966 5762 2057 5829 qui
2080 5759 2411 5817 atrocissima
2434 5759 2635 5815 scelera
2651 5756 3021 5817 committunt?
3036 5771 3212 5812 annon
3231 5756 3388 5813 etiam
3411 5752 3556 5806 Dens
