4058 6218
507 319 619 376 675

505 439 805 486 extremam
837 426 975 480 hanc
998 424 1050 478 in
1075 422 1192 492 lege
1215 431 1429 488 pteuam
1459 415 1524 470 iis
1549 409 1842 475 constituit,
1865 408 1953 478 qui
1979 421 2090 461 ma-

503 522 624 592 gnis
652 517 964 575 criminibus
1006 528 1126 570 sese
1153 506 1504 567 devinciunt?
1532 518 1711 560 annon
1751 500 1908 572 hujus
1947 508 2092 554 metu

507 611 804 680 patriarcha
825 607 916 662 ille
942 602 1276 676 perterritus,
1303 613 1368 654 eo
1395 595 1653 652 adductus
1673 602 1772 658 est,
1799 600 1874 657 ut,
1903 600 2091 644 natura

505 703 666 757 etiam
692 701 805 770 ipsa
833 703 1078 767 superata
1105 735 1122 762 ,
1161 705 1380 747 uxorem
1417 703 1567 744 suam
1607 685 1898 744 barbaricae
1933 681 2090 738 lasci-

503 793 636 858 viae,
665 799 826 861 atque
849 786 1174 858 Egyptiaca:
1201 780 1465 856 tyrannidi
1489 779 1743 843 dederet,
1773 784 1933 846 atque
1959 774 2095 829 hanc

504 882 793 956 petulantis
820 879 1058 936 libidinis
1083 877 1313 933 fabulam
1337 883 1391 930 et
1426 874 1538 944 ipse
1575 879 1847 936 strueret,
1875 877 1928 923 et
1959 882 2091 921 uxo-

505 990 641 1042 rem,
669 982 726 1029 ut
748 986 965 1044 gravem
993 970 1134 1024 hunc
1159 977 1212 1024 et
1237 966 1494 1037 tragicum
1520 970 1726 1033 gestum
1753 974 1936 1016 secum
1967 972 2091 1028 age-

507 1077 608 1134 ret,
636 1063 984 1122 obsecraret?
1024 1064 1199 1132 Atque
1239 1057 1373 1114 adeo
1419 1072 1486 1110 ne
1531 1050 1834 1124 hujusmodi
1877 1048 2090 1120 quidem

504 1172 777 1231 tamquam
806 1157 1031 1214 scenicae
1059 1151 1411 1208 simulationis
1428 1162 1644 1206 causam
1673 1144 1866 1200 afferre
1892 1141 2093 1213 pudore

505 1254 805 1308 deterretur
835 1267 848 1304 :
881 1247 996 1302 Erit
1021 1246 1162 1301 enim
1189 1285 1204 1307 ,
1234 1243 1402 1312 inquit
1425 1281 1441 1306 ,
1469 1256 1582 1294 cum
1607 1237 1823 1293 viderint
1853 1243 1900 1290 te
1923 1232 2096 1304 Egy-

506 1344 598 1412 pn'i
615 1341 822 1411 egregia
844 1338 1011 1393 forma
1036 1332 1331 1406 praeditam,
1351 1341 1507 1400 atque
1527 1327 1678 1383 faciei
1702 1323 2095 1398 pulchritudine

507 1440 870 1502 praestantem,
897 1426 1197 1496 interﬁcieut
1223 1439 1320 1488 me,
1349 1431 1398 1476 et
1425 1429 1472 1474 te
1499 1419 1785 1475 servabunt.
1813 1414 1912 1470 Dic
1941 1414 2096 1486 igitur

504 1522 638 1593 quod
659 1537 802 1576 soror
827 1534 937 1572 mea
961 1517 1060 1583 sis,
1087 1525 1142 1570 ut
1167 1514 1289 1569 bene
1315 1513 1379 1570 sit
1403 1511 1528 1566 mihi
1558 1517 1762 1580 propter
1791 1515 1858 1573 te,
1890 1514 1937 1561 et
1964 1504 2095 1559 vivat

505 1615 679 1669 anima
719 1628 829 1666 mea
863 1609 924 1664 ob
958 1609 1175 1680 gratiam
1218 1606 1292 1661 tui
1322 1603 1476 1675 (Gen.
1507 1601 1592 1656 12.
1625 1600 1711 1656 12.
1745 1601 1812 1656 15
1836 1600 1877 1668 ).
1905 1596 2096 1652 Vidisti

509 1715 706 1762 metum
723 1748 739 1777 ,
765 1703 939 1758 vidisti
974 1711 1284 1764 tremorem,
1312 1696 1580 1754 excelsum
1604 1693 1749 1750 illum
1775 1705 1838 1748 ac
1861 1689 2096 1760 philoso-

510 1800 726 1870 pbicnm
753 1797 992 1851 atiimum
1017 1789 1387 1864 quatientem?
1414 1787 1588 1843 vidisti
1618 1784 1956 1840 adamantem
1990 1781 2098 1836 for-

511 1894 710 1948 midine
738 1889 1012 1945 fractum?
1041 1886 1224 1942 Genus
1251 1881 1528 1946 mentitur,
1561 1887 1721 1948 atque
1748 1875 1972 1932 alteram
2000 1887 2096 1944 pro

507 1987 676 2040 altera
707 1997 990 2054 personam
1020 1977 1174 2034 uxori
1201 1991 1312 2032 suae
1341 1972 1566 2044 imponit
1590 2011 1606 2035 ,
1635 1983 1935 2041 agnamque
1959 1966 2098 2036 lupis

509 2078 562 2132 in
591 2074 822 2146 priedam
848 2071 1068 2142 exponit
1093 2087 1107 2124 :
1139 2067 1388 2138 quodque
1416 2064 1544 2120 viris
1569 2062 1832 2118 malorum
1859 2058 2096 2115 omnium

508 2166 912 2224 acerbissimum
939 2172 1022 2219 eSt
1039 2204 1054 2227 ,
1079 2174 1272 2228 nempe
1294 2163 1694 2225 constupratam
1725 2166 1947 2206 uxorem
1977 2164 2097 2206 cera

510 2275 641 2316 nere
665 2301 680 2327 ,
713 2257 822 2312 imo
848 2256 1009 2311 etiam
1036 2253 1118 2306 vel
1147 2247 1403 2320 suspicari
1429 2287 1445 2313 ,
1477 2246 1578 2302 hoc
1601 2286 1615 2309 ,
1647 2253 1704 2300 et
1731 2240 1872 2314 quod
1913 2241 2012 2296 hac
2039 2256 2098 2296 re

509 2350 677 2404 multo
720 2346 961 2402 acerbius
988 2352 1068 2397 est
1099 2341 1235 2414 (non
1266 2339 1408 2394 enim
1450 2335 1682 2406 suspicio
1710 2340 1914 2388 tantum
1941 2341 2055 2388 erat
2081 2373 2095 2396 ,

509 2439 603 2496 sed
629 2448 869 2508 stuprum
893 2434 1063 2504 reipsa
1091 2428 1447 2499 tentabatur),
1475 2442 1580 2482 non
1604 2423 1763 2481 modo
1783 2423 1974 2490 cernit,
2002 2421 2098 2478 sed

509 2529 691 2594 etiam,
723 2535 781 2582 ut
808 2531 1162 2597 perpetretur.
1196 2521 1440 2576 laborat:
1474 2516 1633 2587 idque
1659 2515 1757 2585 ipsi
1788 2514 1902 2570 leve
1925 2528 1991 2569 ac
2019 2513 2099 2570 fe-

511 2621 734 2678 rendum
765 2619 990 2674 videtur.
1023 2615 1230 2670 Etenim
1260 2610 1482 2667 afi‘eCtus
1511 2607 1759 2664 affectum
1789 2606 2096 2676 superabat,

510 2726 724 2782 gravem
746 2709 996 2765 nimirum
1023 2705 1263 2778 gravior,
1289 2717 1352 2759 ac
1377 2701 1564 2758 mortis
1585 2708 1759 2755 terror
1783 2697 2098 2769 zelotypiam

512 2803 776 2859 vincebat.
810 2800 1028 2870 Magnus
1054 2810 1264 2868 quoque
1297 2793 1386 2850 ille
1416 2791 1560 2848 Elias
1589 2791 1657 2847 ob
1683 2791 1871 2846 mortis
1900 2796 2099 2844 metum

513 2896 656 2952 solas
685 2892 984 2948 libidinosae
1007 2905 1070 2945 ac
1095 2887 1312 2944 nefaria:
1338 2883 1575 2942 mulieris
1598 2882 1769 2938 minas
1793 2880 2017 2947 veritus,
2047 2879 2099 2934 in

513 2987 690 3056 fugam
716 3000 776 3038 se
803 2981 1026 3037 contulit
1049 3022 1064 3046 ,
1097 2993 1160 3036 ac
1186 2978 1360 3034 solum
1389 2975 1547 3030 vertit
1575 2975 1667 3046 (5.
1698 2973 1828 3042 Reg.
1859 2971 1968 3044 l9)
2003 2991 2016 3026 :
2049 2980 2102 3027 et

513 3076 603 3148 qui
629 3075 816 3131 caalum
837 3072 1120 3138 clauserat,
1147 3077 1202 3127 et
1227 3076 1304 3123 tot
1331 3066 1581 3123 miracula
1613 3072 1866 3136 patrarat,
1898 3077 2102 3119 sermo-

514 3171 597 3224 nis
645 3178 902 3224 terrorem
944 3162 1164 3220 minime
1207 3161 1370 3218 tulit:
1402 3173 1586 3215 verum
1629 3157 1903 3212 excelsum
1951 3156 2099 3213 illum

514 3269 677 3330 atque
713 3257 780 3312 ad
807 3256 968 3312 caelos
1006 3267 1174 3323 usque
1215 3251 1497 3308 sublimem
1545 3249 1780 3304 animum
1822 3261 1984 3316 pavor
2029 3245 2100 3303 ita

515 3351 760 3423 perculit,
805 3358 863 3406 nt
899 3359 1021 3420 post
1058 3348 1202 3404 illam
1247 3344 1492 3400 fiduciam
1513 3385 1528 3408 ,
1558 3349 1679 3413 post
1707 3349 1903 3396 tantam
1937 3341 1987 3395 in
2019 3340 2101 3396 lo-

513 3443 726 3514 quendo
746 3441 1065 3504 libertatem,
1087 3447 1206 3508 post
1227 3444 1429 3492 tantum
1458 3433 1665 3488 virtutis
1693 3431 1962 3502 specimen
2025 3430 2102 3486 di-

517 3543 648 3601 tum,
681 3541 734 3590 et
762 3531 1012 3602 patriam,
1039 3538 1095 3585 et
1123 3538 1326 3584 tantum
1359 3525 1633 3596 populum,
1662 3522 1814 3593 cujus
1836 3537 1996 3578 causa
2027 3531 2105 3578 tot

517 3624 752 3696 pericula
779 3621 952 3678 audax
982 3621 1204 3684 adierat,
1236 3627 1457 3687 repente
1484 3615 1768 3684 linqueret,
1795 3622 1850 3669 et
1878 3612 2105 3682 quadra-

512 3719 658 3790 ginta
686 3716 894 3772 dierum
924 3715 1027 3770 iter
1054 3712 1202 3768 solus
1225 3709 1399 3768 obiret
1434 3714 1489 3764 et
1526 3707 1580 3761 in
1616 3707 1792 3761 locum
1835 3704 2103 3761 desertum

515 3809 788 3881 migraret.
825 3805 1186 3863 Vehementer
1223 3801 1365 3858 enim
1408 3797 1674 3855 horrenda
1704 3795 1861 3868 hujus
1889 3797 1968 3852 rei
2005 3811 2101 3851 na-

516 3914 632 3958 tura
655 3907 738 3957 est
757 3941 772 3965 ,
801 3912 864 3954 ac
894 3906 1172 3968 propterea
1198 3893 1435 3966 quotidie
1461 3891 1512 3946 in
1541 3903 1710 3960 genus
1738 3896 1977 3944 nostrum
2007 3887 2104 3944 im-

515 4005 696 4065 petum
721 3993 943 4058 faciens,
973 3990 1040 4046 ad
1067 3999 1498 4058 unumquemque
1523 3990 1790 4039 mortuum
1819 3995 1917 4036 nos
1937 3995 2105 4051 usque

515 4085 652 4141 adeo
680 4083 919 4152 percellit
947 4091 1105 4151 atque
1145 4085 1493 4142 consternat,
1534 4083 1788 4144 metuque
1831 4073 2106 4144 perturbat

515 4185 569 4230 ct
593 4171 893 4237 contrahit,
922 4181 980 4227 ut
1016 4186 1136 4240 quae
1177 4185 1275 4225 nec
1297 4169 1514 4238 opinato
1540 4173 1811 4236 appareat.
1843 4164 1953 4219 Nec
1979 4178 2104 4219 vero

515 4267 584 4322 ad
609 4264 1028 4322 consolationem
1056 4261 1220 4318 ullam
1247 4261 1352 4315 vim
1383 4258 1566 4313 habuit
1593 4267 1683 4312 aut
1713 4255 1967 4326 temporis
1993 4271 2104 4311 me-

517 4356 742 4424 ditatio,
773 4363 865 4411 aut
900 4352 1207 4424 quotidiana
1249 4349 1303 4406 in
1347 4349 1448 4412 hac
1489 4349 1939 4418 contemplatione
1975 4363 2104 4404 con-

516 4447 744 4506 suetudo
765 4456 817 4503 et
845 4445 1156 4503 exercitatio
1185 4461 1198 4499 :
1229 4456 1328 4498 nec
1350 4441 1606 4512 temporis
1632 4440 1980 4495 diuturnitate
2007 4439 2106 4494 hu-

514 4539 746 4612 jusmodi
774 4552 974 4594 maeror
999 4545 1278 4605 terrorque
1304 4533 1604 4600 consenuit,
1633 4547 1815 4588 verum
1845 4539 2105 4602 perpetuo

513 4630 814 4701 juvenescit
838 4644 903 4683 ac
930 4628 1092 4697 viget,
1121 4635 1500 4693 recentemque
1525 4638 1588 4679 ac
1617 4622 1896 4678 florentem
1927 4622 2106 4692 quoti-

517 4725 605 4780 die
633 4733 830 4780 metum
859 4720 1030 4777 affert.
1062 4719 1169 4774 Nec
1197 4733 1326 4772 sane
1354 4716 1645 4772 immerito.
1673 4716 1803 4782 Quis
1827 4715 1969 4770 enim
1999 4729 2102 4771 non

520 4815 861 4884 perturbetur
888 4822 942 4870 ct
969 4821 1362 4874 consternetur,
1395 4823 1514 4864 cum
1546 4824 1669 4863 eum
1691 4849 1704 4872 ,
1734 4807 1824 4878 qui
1856 4807 2106 4862 hesterno

517 4910 624 4972 die,
642 4919 733 4964 aut
747 4907 928 4978 paucis
943 4916 1066 4962 ante
1085 4906 1274 4962 diebus
1302 4903 1626 4970 ambulabat,
1645 4911 1895 4958 sexcenta
1916 4900 2107 4958 domus

519 4998 726 5069 negotia
751 4997 986 5068 gerebat,
1010 4997 1216 5060 uxoris,
1248 4995 1474 5052 filiorum
1493 5037 1507 5058 ,
1539 4993 1942 5064 mancipiorum,
1965 5008 2107 5064 saepe

517 5092 677 5146 etiam
695 5090 1014 5160 integrarum
1031 5090 1302 5144 civitatum
1319 5104 1499 5144 curam
1518 5086 1858 5158 suscipiebat,
1873 5087 2106 5142 minaba-

520 5191 625 5247 tur,
646 5179 899 5246 terrebat,
917 5180 1174 5249 supplicia
1195 5181 1383 5250 partim
1407 5179 1667 5246 solvebat,
1687 5178 1877 5248 partim
1911 5178 2105 5232 inferc—

518 5270 628 5336 hat,
649 5271 924 5326 innumera
940 5277 1049 5325 tum
1068 5271 1120 5324 in
1138 5270 1377 5334 urbibus,
1395 5279 1504 5325 tum
1523 5271 1574 5324 in
1592 5269 1895 5338 regionibus
1911 5267 2108 5322 efﬁcie-

519 5361 631 5426 hat,
654 5372 874 5430 repente
897 5363 1174 5432 plusquam
1199 5359 1426 5431 lapidem
1443 5369 1646 5416 mutum
1667 5369 1721 5414 et
1739 5359 2004 5430 jacentem
2026 5359 2107 5414 vi-

519 5451 610 5527 det
627 5453 651 5505 ?
670 5467 897 5521 cumque
919 5452 1333 5507 immmerabilcs
1349 5450 1592 5506 homines
1617 5449 1862 5518 plorent,
1891 5457 1944 5503 et
1971 5450 2107 5503 ami-

519 5543 717 5600 cissimi
747 5544 940 5613 quique
966 5543 1214 5611 lugeant,
1242 5549 1295 5598 et
1324 5557 1456 5597 uxor
1483 5541 1667 5598 dolore
1689 5540 2104 5610 distorqueatur,

520 5651 683 5708 genas
708 5634 876 5692 caedat
905 5635 921 5666 ¹
939 5675 956 5702 ,
985 5647 1191 5688 comam
1219 5633 1399 5700 vellat,
1426 5647 1727 5704 magnoque
1756 5647 1878 5689 cum
1907 5631 2106 5688 ululatu

585 5750 603 5785 ⁸
637 5757 689 5802 tn
709 5749 860 5814 adito,
882 5748 962 5802 lue
984 5758 1148 5809 voces,
1172 5758 1319 5810 genas
1344 5745 1518 5809 cadat,
1542 5747 1768 5801 deerant.

1280 305 1339 362 S.
1378 299 1655 360 JOANNIS
1692 289 2170 353 CllRYSOS‘t‘OMl
2206 291 2521 348 ARCHIEP.
2565 290 3096 347 CONSTANTINOP.

3675 293 3775 351 576

2202 404 2508 460 ancillarum
2537 419 2725 476 greges
2768 401 2968 460 circum
3012 420 3071 460 se
3110 405 3333 460 collocet
3360 448 3374 472 ,
3409 407 3576 477 ipsum
3610 422 3774 469 tamen

2200 495 2329 548 nihil
2359 510 2542 549 eorum
2572 496 2886 550 sentientem
2908 496 2932 549 ?
2951 510 3072 550 cum
3099 495 3243 552 videt
3271 500 3448 552 omnia
3476 510 3690 569 repente
3713 505 3777 559 de

2200 585 2378 639 medio
2410 585 2615 640 sublata
2655 602 2772 641 esse
2797 627 2812 651 ,
2841 587 3104 642 rationem
3126 628 3140 652 ,
3173 588 3440 658 ingenium
3463 630 3477 655 ,
3506 591 3734 648 animam
3763 636 3776 660 ,

2200 676 2308 730 oris
2335 676 2522 732 florem
2553 692 2614 732 ac
2639 687 3000 744 venustatem,
3032 680 3394 736 membrorum
3427 686 3672 738 motum?
3697 686 3776 742 in-

2197 766 2431 836 jucunda
2459 779 2635 839 autem
2681 769 2744 824 iis
2787 771 3111 827 successisse
3135 812 3149 836 ,
3193 771 3444 828 nimirum
3473 774 3740 831 silentium
3762 819 3778 845 ,

2201 867 2470 927 stuporem
2492 901 2508 924 ,
2541 860 2937 930 corruptionem
2960 902 2974 926 ,
3004 863 3205 916 saniem
3225 904 3239 928 ,
3271 878 3501 932 vermes,
3530 864 3778 936 cinerem,

2201 949 2490 1020 pulverem,
2525 951 2769 1008 faetorem
2796 996 2811 1022 ,
2840 954 3108 1011 inti-ritum
3151 957 3412 1027 integrum
3435 997 3451 1026 ,
3492 972 3783 1032 corpusque

2203 1049 2367 1097 totum
2385 1058 2450 1099 eo
2465 1059 2780 1115 properans,
2807 1046 2936 1102 utin
2958 1047 3079 1102 vilia
3106 1057 3157 1103 et
3177 1047 3434 1104 deformia
3461 1059 3619 1122 atque
3642 1053 3781 1124 igno-

2201 1131 2327 1187 bilia
2349 1147 2468 1187 ossa
2495 1134 2745 1190 desinat?

2272 1225 2326 1278 4.
2351 1223 2492 1278 Mors
2513 1242 2722 1281 maerore
2738 1226 2912 1282 levior.
2930 1259 3001 1268 —-
3016 1230 3080 1284 Et
3095 1239 3268 1286 tamen
3287 1231 3449 1300 istud,
3468 1234 3608 1304 quod
3625 1245 3678 1291 et
3694 1251 3780 1306 per

2201 1321 2289 1370 res
2321 1314 2462 1386 ipsas
2486 1357 2501 1381 ,
2531 1325 2586 1372 et
2620 1332 2714 1387 per
2741 1327 3048 1374 sanctorum
3077 1321 3288 1376 illorum
3318 1323 3552 1379 virorum
3596 1325 3778 1382 formi-

2201 1403 2381 1462 dinem
2413 1407 2735 1463 horrendum
2765 1424 2885 1466 esse
2913 1422 3145 1478 constat,
3173 1428 3406 1471 maerore
3435 1417 3592 1488 longe
3620 1419 3782 1476 levius

2201 1504 2300 1552 est.
2331 1497 2464 1553 Nam
2493 1498 2661 1569 ipsius
2685 1515 2844 1557 causa
2870 1501 3024 1574 longa
3052 1504 3165 1560 hanc
3189 1520 3497 1562 sermonum
3523 1510 3782 1565 curricula

2202 1603 2450 1648 emensus
2472 1605 2610 1659 sum,
2635 1601 2691 1648 ut
2716 1608 2782 1649 ex
2810 1609 2898 1650 me
2921 1595 3114 1663 discas,
3137 1608 3388 1668 quantam
3415 1615 3626 1670 ptenam
3658 1617 3786 1674 pen-

2202 1677 2299 1736 das
2321 1722 2336 1749 ,
2367 1695 2430 1736 ac
2458 1696 2642 1752 parem
2665 1683 2766 1754 ipsi
2789 1726 2805 1753 ,
2830 1687 2938 1742 imo
2963 1702 3091 1742 vero
3120 1690 3300 1744 multis
3333 1693 3571 1760 partibus
3616 1695 3783 1765 majo-

2201 1785 2314 1826 rem
2339 1813 2355 1837 ,
2387 1771 2648 1829 bonorum
2683 1777 2985 1834 mercedem
3024 1789 3320 1849 exspectes.
3362 1783 3534 1853 Atque
3575 1793 3635 1839 ut
3679 1787 3784 1842 lure

2203 1861 2274 1916 ita
2301 1877 2359 1918 se
2385 1862 2584 1920 habere
2610 1865 2888 1938 intelligas,
2904 1869 3014 1939 jam
3041 1869 3107 1925 ad
3131 1886 3225 1926 eos
3240 1873 3328 1942 qui
3349 1888 3414 1928 eo
3434 1875 3628 1932 atl'ectu
3650 1879 3784 1947 capti

2203 1961 2326 2008 sunt
2345 1994 2362 2022 ,
2391 1954 2692 2027 confugiam
2712 2000 2727 2026 ,
2761 1974 2868 2030 quo
2897 1961 3100 2018 scilicet
3126 1964 3270 2033 prius
3297 1977 3478 2022 nostra
3509 1967 3788 2025 festinabat

2204 2044 2396 2101 oratio.
2425 2046 2584 2103 Plebs
2608 2047 2974 2118 l-Iebrteorum,
3003 2052 3148 2108 Mose
3177 2055 3450 2125 veniente,
3480 2071 3544 2112 ac
3568 2058 3786 2116 liberta-

2205 2145 2310 2192 tem
2349 2146 2403 2194 et
2437 2138 2765 2212 Egyptiacre
2809 2144 3128 2215 captivitatis
3168 2146 3328 2203 finem
3377 2150 3658 2206 nuntiante
3683 2193 3699 2218 ,
3729 2168 3790 2210 ne

2203 2230 2389 2286 audire
2417 2232 2631 2304 quidem
2675 2235 2847 2304 ipsum
2894 2237 3248 2294 sustinebant.
3277 2238 3607 2312 Causamque
3636 2244 3789 2299 etiam

2205 2339 2478 2395 exponens
2495 2325 2766 2399 legislator
2788 2328 3031 2385 dicebat:
3059 2330 3319 2402 Loqztutus
3345 2343 3415 2388 est
3434 2343 3603 2389 autem
3629 2335 3790 2396 Moses

2203 2416 2272 2469 ad
2287 2418 2534 2486 populum
2552 2429 2626 2473 :et
2642 2437 2743 2474 non
2763 2420 2953 2475 audivit
2966 2423 3183 2492 papulas
3201 2422 3395 2479 Mosam
3407 2441 3514 2494 pra:
3527 2427 3793 2496 pusillani-

2204 2507 2376 2562 mitate
2393 2505 2585 2581 (Exod.
2606 2509 2658 2565 6.
2682 2510 2760 2581 9).
2775 2510 3074 2578 Quinetiam
3096 2529 3217 2568 cum
3236 2513 3374 2569 Deus
3390 2529 3578 2586 graves
3595 2505 3792 2573 Judzeis

2205 2598 2275 2654 ob
2298 2599 2464 2655 multa
2487 2599 2684 2673 ﬂagitia
2713 2603 2885 2658 minas
2913 2602 3159 2672 intendit,
3186 2614 3304 2675 post
3327 2606 3693 2676 captivitatem
3717 2619 3793 2664 at-

2205 2705 2309 2760 que
2346 2691 2399 2746 in
2443 2691 2616 2747 aliena
2658 2693 2876 2765 regione
2910 2696 3382 2753 commorationem
3407 2738 3423 2764 ,
3462 2709 3584 2770 post
3626 2700 3793 2756 servi-

2207 2793 2372 2840 tutem
2402 2825 2417 2851 ,
2459 2783 2656 2841 famem
2683 2827 2698 2853 ,
2743 2795 2950 2856 pestem
2980 2796 3142 2858 atque
3172 2789 3528 2845 humanarum
3554 2793 3794 2848 carnium

2203 2893 2357 2935 esum
2384 2878 2520 2935 hanc
2547 2895 2763 2950 poenam
2790 2880 3081 2951 subjunxit,
3113 2881 3197 2937 his
3220 2883 3398 2939 verbis
3423 2893 3576 2939 utens
3608 2902 3624 2939 :
3656 2884 3794 2939 Dabo

2206 2972 2278 3027 eis
2319 2989 2406 3028 cor
2442 2989 2654 3028 mwrens
2679 3015 2693 3042 ,
2734 2983 2778 3029 et
2817 2975 3102 3044 deficientes
3142 2976 3316 3032 oculos
3339 3017 3354 3040 ,
3391 2987 3437 3031 et
3465 2977 3795 3034 tabescentem

2206 3065 2430 3120 animam
2463 3065 2652 3138 (Deut.
2686 3067 2773 3122 28.
2803 3067 2930 3138 65).
2959 3067 3097 3134 Quid
3137 3079 3313 3125 autem
3353 3069 3568 3126 Judtcos
3596 3113 3612 3135 ,
3647 3081 3794 3142 petu-

2207 3156 2406 3212 lantem
2431 3166 2485 3212 et
2513 3155 2796 3230 ingratum,
2826 3159 3106 3230 carnisque
3131 3160 3372 3215 servituti
3400 3161 3676 3216 addictum
3700 3177 3792 3234 po-

2207 3247 2408 3319 pulum,
2439 3264 2537 3304 nec
2559 3249 2917 3320 phil050phari
2946 3251 3223 3318 scientem,
3247 3268 3615 3308 commemoro
3639 3273 3656 3308 :
3677 3269 3794 3310 cum

2208 3339 2338 3396 mihi
2366 3355 2396 3394 a
2423 3342 2628 3412 magnis
2655 3350 2709 3396 et
2737 3341 2962 3398 excelsis
2987 3343 3113 3398 viris
3143 3343 3296 3413 lmjns
3322 3344 3397 3398 rei
3425 3354 3796 3414 argumentum

2208 3449 2399 3504 capere
2426 3435 2620 3490 liceat?
2649 3435 2857 3490 Etenim
2891 3435 3252 3505 apostolorum
3279 3434 3473 3490 chorus
3496 3477 3512 3496 .
3543 3451 3673 3491 cum
3704 3437 3796 3494 tri-

2208 3524 2423 3578 ennium
2456 3525 2566 3594 jam
2597 3539 2716 3579 cum
2747 3525 2961 3580 Christo
2990 3524 3430 3580 consuetudinem
3463 3517 3796 3586 ltabuisseni.

2208 3615 2479 3684 multaque
2507 3616 2572 3669 de
2603 3615 2996 3671 immortalitate
3024 3615 3247 3686 aliisque
3289 3617 3497 3672 arcanis
3541 3619 3708 3674 rebus
3735 3635 3797 3674 ex

2208 3705 2325 3775 ipso
2351 3705 2698 3772 didicissent,
2741 3707 2994 3779 signaque
3033 3707 3341 3762 admiranda
3367 3719 3423 3763 et
3449 3709 3517 3764 ab
3547 3709 3798 3766 humanis

2208 3795 2452 3852 sensibus
2481 3807 2682 3852 remota
2709 3797 3002 3853 edidissent
3026 3840 3041 3865 ,
3075 3798 3355 3869 ipsumque
3381 3807 3529 3854 tanto
3555 3808 3800 3873 tempore

2209 3887 2342 3941 mira
2374 3898 2763 3958 perpetrantem
2805 3890 3214 3960 conSpexissent
3236 3932 3251 3956 ,
3282 3890 3632 3962 ejusdemque
3676 3907 3794 3947 cum

2209 3995 2275 4036 eo
2301 3994 2517 4048 mensze,
2549 3988 2603 4036 et
2628 3981 2896 4052 colloquii,
2925 3997 2987 4037 ac
3015 3991 3121 4037 tam
3150 3982 3464 4037 cximiorum
3490 3997 3797 4038 sermonum

2211 4071 2493 4142 participes
2521 4072 2852 4128 exstitissent
2876 4111 2892 4138 ,
2933 4082 3092 4143 atque
3129 4072 3272 4127 omni
3303 4071 3560 4127 doctrina:
3601 4087 3801 4143 genere

2211 4163 2400 4219 eruditi
2431 4164 2652 4221 fuissent
2677 4205 2692 4231 ,
2723 4173 3067 4235 posteaquam
3108 4164 3268 4220 verba
3294 4207 3308 4230 ,
3340 4179 3459 4235 qua:
3505 4178 3799 4220 maerorem

2211 4253 2523 4322 offerebant,
2551 4255 2854 4321 audierunt,
2881 4255 2970 4325 qui
3000 4255 3144 4324 prius
3172 4269 3294 4310 eum
3324 4261 3578 4323 perpetuo
3604 4255 3800 4308 retine-

2213 4344 2356 4409 bant,
2383 4344 2554 4414 deque
2581 4344 2698 4416 ipso
2723 4346 2870 4400 velut
2899 4345 3152 4401 lactentes
3182 4345 3327 4415 pueri
3353 4344 3682 4415 pendebant,
3707 4360 3804 4400 nec

2212 4439 2514 4506 percontari
2539 4437 2893 4507 desinebant,
2924 4438 3041 4507 Quo
3067 4437 3262 4494 vadis?
3293 4437 3456 4492 iidem
3487 4454 3676 4494 rursus
3709 4437 3803 4492 bu-

2206 4528 2295 4599 jus
2324 4529 2568 4585 mteroris
2600 4530 2876 4600 tyrannide
2907 4531 2976 4585 ita
3002 4531 3243 4600 Oppressi
3269 4537 3393 4584 sunt
3423 4569 3436 4594 ,
3464 4544 3634 4598 seque
3665 4538 3805 4584 totos

2211 4620 2394 4690 angori
2423 4619 2777 4687 dediderunt,
2809 4630 2866 4675 ut
2889 4621 2998 4691 jam
3036 4621 3105 4675 ab
3140 4621 3256 4691 ipso
3286 4618 3400 4674 haec
3427 4619 3650 4675 minime
3676 4634 3798 4688 per-

2210 4721 2571 4769 contarentur.
2590 4713 2706 4782 Quo
2726 4714 2884 4770 etiam
2901 4715 3115 4769 nomine
3132 4713 3373 4769 Christus
3392 4727 3486 4767 eos
3507 4713 3802 4778 insectans,

2211 4804 2419 4862 dicebat
2449 4822 2463 4859 :
2501 4806 2719 4860 Audistis
2733 4806 2852 4877 quia
2874 4806 3002 4860 vado
3023 4805 3090 4858 ad
3116 4822 3227 4860 eum
3250 4805 3335 4875 qui
3367 4804 3498 4858 misit
3517 4820 3618 4870 me,
3648 4815 3697 4858 et
3718 4819 3799 4857 ve-

2213 4899 2296 4952 nio
2323 4899 2391 4952 ad
2415 4915 2520 4963 vos,
2549 4910 2594 4953 et
2624 4914 2768 4953 nemo
2793 4915 2854 4953 ea:
2881 4897 3016 4952 vobis
3041 4899 3315 4968 interrogat
3342 4913 3438 4962 me,
3473 4896 3587 4965 Quo
3610 4897 3756 4951 vadis
3779 4895 3802 4948 .’

2216 4990 2320 5046 Sed
2347 4993 2464 5062 quia
2489 4993 2595 5046 Itazc
2623 4990 2853 5062 loquutus
2881 5007 2992 5044 sum
3027 4990 3162 5044 vobis
3183 5031 3198 5055 ,
3226 4989 3428 5043 tristitia
3462 4989 3689 5056 implevit
3721 5002 3806 5041 cor

2214 5092 2427 5137 vestrum
2458 5083 2652 5156 (Joan.
2683 5082 2769 5137 l6.
2797 5083 2848 5137 5.
2875 5081 2910 5136 6
2931 5080 2975 5152 ).
3005 5079 3237 5136 Videsne
3262 5079 3530 5150 quomodo
3555 5079 3807 5134 maeroris

2216 5178 2456 5250 tyrannis
2481 5178 2650 5231 amori
2677 5175 2921 5231 tenebras
2947 5173 3198 5230 oil‘uderit
3217 5214 3232 5239 ,
3266 5187 3465 5240 eosque
3495 5171 3546 5224 in
3574 5169 3801 5239 captivi-

2216 5280 2372 5324 tatem
2420 5271 2518 5325 sibi
2562 5268 2862 5334 addixerit,
2909 5267 3096 5336 suique
3135 5265 3269 5335 juris
3314 5262 3539 5319 fecerit?
3568 5262 3803 5315 Rursum

2217 5362 2360 5416 Elias
2391 5361 2480 5415 ille
2509 5359 2652 5431 (nam
2680 5375 2747 5414 ne
2773 5373 2914 5413 nunc
2935 5356 3148 5427 quidem
3175 5354 3244 5409 ab
3267 5369 3332 5410 eo
3356 5350 3662 5422 abscedam)
3685 5358 3805 5421 post

2217 5452 2385 5522 fugam
2427 5466 2488 5504 ac
2522 5450 2880 5504 secessionem
2907 5463 2937 5502 a
2969 5447 3248 5503 Palaestina
3274 5487 3286 5510 ,
3320 5443 3565 5500 maeroris
3593 5439 3800 5495 acerbi-

2216 5551 2375 5596 tatem
2408 5556 2511 5596 non
2542 5542 2715 5597 ferens
2749 5541 2811 5611 (si
2841 5541 3053 5611 quidem
3081 5540 3132 5594 in
3161 5554 3352 5608 magno
3383 5551 3611 5594 mtrrorc-
3639 5545 3803 5602 atque

2214 5649 2411 5705 angore
2441 5635 2746 5690 versabalur
2773 5654 2784 5688 :
2815 5633 2952 5704 quod
2980 5635 3136 5687 etiam
3168 5633 3232 5697 is,
3266 5632 3351 5701 qui
3378 5646 3493 5685 eam
3524 5627 3799 5682 historiam

2221 5729 2386 5787 literis
2415 5727 2701 5795 mandavit,
2737 5725 2818 5782 his
2850 5726 3024 5783 verbis
3050 5723 3284 5781 declarat
3307 5765 3322 5793 ,
3351 5722 3481 5777 Abiit
3501 5721 3650 5790 juxta
3683 5719 3801 5773 ani-
