4058 6218
264 288 368 347 575

261 406 414 472 ζουσι
441 404 519 477 τῷ
549 407 841 481 ἐπιτιμίῳ;
880 412 975 466 καὶ
1005 412 1035 466 ὀ
1065 411 1196 478 Θεός
1223 412 1280 466 δὲ
1307 412 1369 466 οὑ
1394 413 1602 483 ταύτην
1642 414 1840 488 ἐπέθη-

260 516 356 553 κεν
383 498 624 570 ἐσχάτην
646 501 920 572 τιμωρίαν
945 503 1005 556 ἐν
1030 502 1111 573 τῷ
1134 504 1283 575 νόμῳ
1305 505 1418 568 τοῖς
1440 504 1649 576 μεγάλα
1670 505 1842 577 πλημ-

264 589 554 660 μελοῦσιν;
608 590 669 643 οὑ
719 591 807 647 διὰ
849 593 942 647 τὸν
986 592 1176 648 τούτου
1220 595 1384 664 φόϐον
1423 598 1452 648 ὀ
1502 597 1843 669 πατριάρχης

259 682 465 743 ἐκεῖνος
488 680 517 731 ὀ
548 681 644 735 καὶ
677 682 775 750 τὴν
814 682 974 754 φύσιν
1005 685 1177 754 αὑτὴν
1207 687 1457 758 νικήσας,
1485 686 1582 759 τὴν
1613 691 1841 755 γυναῖκα

258 771 356 842 τὴν
383 771 577 824 ἑαυτοῦ
613 773 936 840 κατεδέξατο
962 776 1322 846 ἡδυπαθείαις
1345 776 1596 833 ἐκδοῦναι
1637 778 1842 851 βαρϐα-

262 866 466 935 ρικαῖς,
496 866 592 918 xal
613 866 960 938 Αἰγυπτιακῇ
992 868 1287 940 τυραννίδι,
1327 871 1421 923 καὶ
1447 869 1511 923 τὸ
1536 870 1719 942 δρᾶμα
1745 872 1843 943 τῆς

263 953 475 1025 ὕϐρεως
502 954 665 1018 αὑτός
704 971 760 1009 τε
790 956 1182 1022 κατεσκεύαζε,
1206 958 1299 1012 καὶ
1328 958 1426 1031 τὴν
1452 962 1686 1029 γυναῖκα
1709 979 1845 1033 παρ-

263 1044 448 1097 εκάλει
476 1045 576 1114 τὴν
607 1045 848 1116 χαλεπὴν
870 1047 1076 1120 ταύτην
1126 1052 1623 1122 συνυποκρίνασθαι
1666 1070 1841 1126 τραγ-

262 1135 427 1207 ῳδίαν
448 1136 624 1207 αὑτῷ;
646 1137 750 1192 Kal
764 1140 883 1192 οὑδὲ
895 1141 996 1212 τήν
1011 1142 1190 1195 αἰτίαν
1215 1143 1525 1215 αἰσχύνεται
1553 1147 1722 1212 τιθεὶς
1744 1148 1841 1219 τῆς

264 1226 520 1297 τοιαύτης
560 1229 767 1298 σκηνῆς
786 1245 801 1259 ·
836 1231 1045 1285 Ἔσται
1077 1231 1208 1304 γάρ,
1241 1235 1424 1304 φησὶν,
1457 1236 1538 1302 ὡς
1566 1235 1643 1291 ἂν
1670 1238 1846 1293 ἴδωσί

265 1332 337 1372 σε
366 1317 522 1371 οὕτω
554 1317 629 1387 τῇ
657 1318 780 1388 ὥρᾳ
810 1319 1198 1390 λάμπουσαν,
1229 1325 1329 1378 καί
1373 1325 1454 1391 τῷ
1497 1326 1705 1382 κάλλει
1734 1326 1844 1397 τῆς

267 1408 461 1477 ὄψεως
487 1411 854 1478 κρατοῦσαν,
897 1414 1306 1470 ἀποκτενοῦσί
1330 1434 1428 1486 με,
1463 1418 1539 1471 σὲ
1576 1418 1646 1472 δὲ
1687 1434 1843 1489 περι-

269 1502 641 1568 κοιήσονται.
672 1503 823 1559 Εἰπὲ
846 1500 962 1560 οὖν
994 1504 1085 1559 ὅτι
1110 1505 1344 1576 ἀδελφή
1369 1524 1489 1577 μου
1537 1506 1609 1575 εἴ,
1644 1511 1743 1565 ἵνα
1771 1507 1841 1568 εὖ

266 1608 363 1661 μοι
404 1592 648 1662 γένηται
699 1594 797 1648 διὰ
842 1594 939 1661 σὲ,
990 1595 1091 1650 καί
1141 1595 1379 1663 ζήσεται
1427 1601 1466 1669 ἠ
1508 1601 1679 1671 ψυχή
1723 1620 1842 1672 μου

268 1680 476 1736 ἕνεκεν
500 1682 638 1738 σοῦ.
666 1679 819 1749 Εἶδες
837 1684 1032 1755 φόϐον,
1062 1682 1202 1752 εἶδες
1245 1690 1449 1761 τρόμον
1489 1692 1846 1749 κατασείοντα

269 1772 365 1846 τήν
396 1773 608 1847 ὑψηλήν
637 1776 853 1847 ἐκείνην
884 1777 978 1831 καὶ
1005 1775 1295 1849 φιλόσοφον
1324 1780 1536 1853 ψυχήν;
1581 1778 1720 1848 εἶδες
1757 1786 1844 1839 τὸν

269 1863 552 1936 ἀδάμαντα
570 1865 890 1921 διαλυθέντα
907 1870 974 1940 τῇ
998 1869 1210 1941 ἀγωνίᾳ
1232 1887 1247 1937 ;
1276 1869 1546 1926 Ψεύδεται
1578 1872 1639 1925 τὸ
1666 1873 1842 1941 γένος,

270 1955 361 2010 καὶ
411 1956 598 2029 ἕτερον
645 1956 762 2011 ἀνθ’
785 1958 973 2029 ἐτέρου
1024 1960 1361 2032 παρατίθησι
1408 1965 1476 2033 τῇ
1526 1963 1744 2031 γυναικὶ
1785 1964 1846 2017 τὸ

271 2046 560 2117 πρόσωπον
572 2061 623 2111 ιι,
674 2049 771 2102 καὶ
830 2051 944 2112 τοῖς
1004 2050 1188 2115 λύκοις
1243 2051 1513 2108 εὐάλωτον
1554 2059 1698 2109 ποιεί
1748 2056 1846 2129 τήν

271 2136 488 2208 ἀμνάδα
507 2156 520 2168 ·
558 2138 653 2192 καὶ⁵
674 2140 703 2193 δ
728 2140 946 2195 πάντων
975 2142 1122 2196 ἐστὶν
1141 2142 1399 2214 ἀνδράσιν
1426 2146 1846 2218 ἀφορητότερον,

271 2230 506 2295 γυναῖκα
542 2227 667 2283 ἰδεῖν
698 2229 1082 2303 ὑϐριζομένην,
1115 2232 1316 2303 μᾶλλον
1337 2234 1395 2288 δὲ
1426 2236 1519 2290 καὶ
1549 2237 1849 2291 ὑποπτευο-

273 2317 444 2387 μένην
470 2318 650 2389 μόνον,
690 2318 847 2374 τοῦτο
875 2322 967 2374 καὶ¹
996 2322 1058 2375 τὸ
1086 2322 1276 2378 τούτου
1301 2326 1679 2400 χαλεπώτερον
1705 2328 1849 2399 (οὑδὲ

271 2406 378 2478 γάρ
412 2408 616 2478 ὑποψία
648 2406 736 2481 ἦν,
775 2412 891 2465 ἀλλ’
925 2412 1084 2485 ὕϐρις
1108 2414 1257 2487 ἔργῳ
1283 2416 1627 2489 τολμωμένη)
1657 2417 1719 2471 οὑ
1750 2418 1852 2489 μό-

271 2514 360 2550 νον
407 2500 530 2569 ὀρᾷ,
561 2500 699 2554 ἀλλά
744 2502 839 2556 καὶ
883 2504 1032 2568 ὅπως
1076 2504 1373 2577 τολμηθείη
1427 2507 1848 2574 κατασκευάζει,

273 2591 368 2642 καὶ
405 2590 605 2659 κοῦφον
628 2592 777 2664 αὑτῷ
791 2594 1056 2664 ,φαίνεται
1102 2595 1262 2650 τοῦτο
1305 2596 1400 2651 καὶ
1445 2598 1699 2669 φορητόν.
1741 2600 1852 2653 Καὶ

272 2680 380 2751 γάρ
413 2681 583 2746 πάθος
608 2684 830 2755 ἐκράτει
870 2685 1094 2752 πάθους,
1122 2685 1214 2741 τοῦ
1240 2687 1476 2758 χαλεποῦ
1507 2688 1571 2741 τὸ
1602 2687 1850 2760 χαλεπώ-

271 2788 450 2844 τερον,
476 2775 570 2827 καί
612 2773 944 2845 ζηλοτυπίας
983 2778 1330 2850 περιεγένετο
1369 2779 1542 2833 δειλία
1593 2780 1849 2838 θανάτου.

273 2864 383 2917 Kal
412 2866 443 2917 ὀ
469 2866 642 2936 μέγας
676 2867 733 2922 δὲ
772 2868 958 2933 Ἠλίας
1003 2871 1208 2937 ἐκεῖνος
1235 2870 1323 2925 διὰ
1349 2871 1441 2925 τὸν
1469 2872 1658 2926 τούτου
1690 2872 1853 2942 φόϐον

273 2952 549 3027 δραπέτης
586 2958 680 3010 καὶ
720 2958 900 3027 φυγάς
930 2961 1024 3014 καὶ
1057 2961 1396 3031 μετανάστης
1429 2962 1663 3030 ἐγένετο,
1689 2963 1853 3017 ἀπει-

276 3043 374 3118 λήν
407 3045 568 3118 μόνον
606 3048 790 3112 δείσας
821 3051 1224 3123 πορνευομένης
1260 3052 1355 3105 καὶ
1400 3052 1628 3122 ἐναγοῦς
1671 3070 1855 3122 γυναι-

274 3134 370 3201 κός
395 3153 413 3169 ο
440 3137 533 3193 καὶ
553 3141 582 3193 ὀ
599 3139 690 3193 τὸν
709 3140 936 3210 οὐρανὸν
960 3141 1313 3207 ἀποκλείσας,
1344 3143 1440 3196 καὶ
1458 3142 1696 3199 τοσαῦτα
1723 3143 1859 3201 θαύ.

275 3246 427 3301 ματα
478 3233 873 3304 ἐργασάμενος,
929 3233 1189 3306 ῥημάτων
1235 3235 1397 3306 φόϐον
1441 3236 1542 3291 οὑκ
1589 3236 1816 3307 ήνεγκεν
1835 3252 1850 3266 ·

275 3322 391 3377 ἀλλ’
413 3322 556 3377 οὕτω
587 3324 685 3395 τὴν
712 3325 1062 3398 οὐρανομήκη
1105 3326 1282 3397 ψυχὴν
1319 3326 1534 3398 ἐκείνην
1573 3326 1853 3381 κατέσειεν

275 3414 310 3483 ἡ
335 3413 567 3482 ἀγωνία,
604 3414 680 3479 ὡς
723 3415 816 3470 καὶ
858 3416 1090 3488 πατρίδα
1122 3416 1217 3471 καὶ
1260 3416 1431 3487 δῆμον
1476 3417 1751 3485 τοσοῦτον,
1784 3416 1854 3471 δι’

274 3502 331 3556 δν
357 3502 599 3557 τοσαῦτα
628 3503 1107 3576 παρεκινδύνευσε,
1137 3502 1462 3558 καταλιπεῖν
1494 3503 1712 3576 ἀθρόον,
1760 3503 1854 3558 καὶ

277 3595 442 3665 μόνον
479 3595 885 3666 τεσσαράκοντα
913 3593 1135 3666 ἡμερῶν
1178 3592 1391 3648 ὁδεῦσαι
1415 3592 1555 3662 ὁδὸν,
1586 3593 1682 3647 καί
1719 3593 1857 3668 πρὸς

274 3686 374 3756 τήν
427 3686 662 3757 ἐρημίαν
716 3684 1148 3757 μετοικισθῆναι,
1203 3684 1342 3755 μετά
1388 3683 1487 3758 τὴν
1543 3686 1855 3759 παρρησίαν

273 3776 515 3847 ἐκείνην,
550 3775 690 3846 μετά
722 3776 822 3849 τήν
867 3775 1139 3847 τοσαύτην
1177 3774 1683 3849 ἐλευθεροστομίαν,
1717 3775 1857 3849 μετά

272 3866 374 3939 τὴν
404 3866 673 3937 τοσαύτην
704 3868 802 3938 τῆς
849 3867 1103 3940 ἀνδρείας
1149 3867 1428 3933 ἐπίδειξιν.
1470 3868 1583 3923 Kal
1619 3868 1729 3940 γὰρ
1761 3885 1856 3937 φο-

274 3958 419 4032 ϐερά
448 3960 652 4031 σφόδρα
685 3959 779 4013 τοῦ
825 3959 1149 4031 πράγματος
1182 3960 1217 4030 ἡ
1241 3959 1400 4028 φύσις
1419 3976 1433 3991 ·
1471 3959 1561 4013 διά
1586 3975 1668 4012 τοι
1699 3957 1856 4012 τοῦτο

273 4052 404 4107 καθ’
435 4053 668 4124 ἐκάστην
698 4052 906 4124 ἡμέραν
941 4050 1171 4105 ἐπιοῦσα
1213 4051 1370 4123 ἡμῶν
1403 4050 1465 4103 τὸ
1509 4051 1684 4120 γένος,
1714 4049 1856 4104 οὕτω

274 4144 405 4199 καθ’
432 4144 657 4199 ἕκαστον
677 4145 824 4215 ἡμᾶς
849 4143 1138 4215 ἐκπλήττει
1167 4142 1359 4216 νεκρὸν
1391 4143 1487 4196 καὶ
1519 4142 1736 4214 συγχέει
1761 4141 1856 4195 καὶ

276 4232 584 4299 συστέλλει,
638 4226 725 4297 ὡς’
761 4231 956 4303 ἀθρόον
1004 4231 1126 4286 τότε
1170 4230 1493 4303 φαινομένη.
1542 4231 1653 4285 Καὶ
1705 4231 1856 4285 οὐδὲν

277 4324 504 4394 ἴσχυσεν
549 4325 629 4387 εἰς
672 4322 1024 4395 παραμυθίαν
1061 4323 1096 4394 ἡ
1130 4320 1224 4375 τοῦ
1255 4320 1448 4393 χρόνου
1479 4319 1698 4391 μελέτη,
1735 4320 1856 4374 οὑδὲ

272 4414 341 4467 τὸ
374 4413 498 4468 καθ’
522 4413 760 4482 ἑκάστην
796 4414 854 4466 ἐν
883 4411 1054 4484 ταύτῃ
1093 4410 1468 4482 γυμνάζεσθαι
1513 4410 1580 4482 τῇ
1614 4408 1817 4481 θεωρίᾳ
1837 4426 1851 4440 ο

276 4503 411 4558 οὑδὲ
440 4500 749 4571 ἐπαλαιώθη
786 4499 866 4571 τῷ
905 4499 1083 4572 χρόνῳ
1128 4497 1196 4552 τά
1232 4497 1329 4569 τῆς
1355 4495 1591 4567 ἀθυμίας
1632 4495 1727 4548 καὶ
1757 4495 1857 4565 τῆς

277 4593 602 4664 ἐκπλήξεως
634 4592 862 4663 ταύτης,
883 4589 1021 4645 ἀλλὰ
1060 4589 1153 4644 καὶ
1188 4586 1367 4653 νεάζει
1400 4589 1493 4642 καὶ
1517 4586 1753 4658 ἀκμάζει
1778 4586 1858 4640 δι-

276 4684 518 4755 ηνεκῶς,
548 4685 641 4738 xal
667 4683 758 4736 τὸν
791 4681 953 4752 φόϐον
989 4681 1263 4754 ἀκραιφνῆ
1298 4679 1391 4733 καὶ
1412 4678 1677 4733 ἀνθοῦντα
1699 4678 1856 4750 ἔρχε-

278 4793 382 4830 ται
411 4778 528 4830 καθ’
555 4775 792 4846 ἐκάστην
821 4775 1061 4846 φέρουσα
1081 4772 1178 4843 τὴν
1201 4770 1413 4843 ἡμέραν
1437 4788 1450 4801 ·
1487 4771 1578 4824 καὶ
1617 4770 1760 4840 μάλα
1781 4772 1858 4824 εἰ-

279 4869 480 4934 κότως.
510 4869 608 4932 Τίς
637 4868 748 4938 γὰρ
771 4869 872 4921 οὑκ
909 4865 977 4921 ἂν
1009 4862 1323 4934 αἰσχυνθείη
1368 4862 1462 4916 καὶ
1490 4862 1855 4925 καταπέσοιδ,

280 4958 443 5031 [556]
480 4960 612 5012 ὅταν
640 4958 725 5028 ῐδῃ
746 4954 836 5009 τὸν
868 4953 993 5024 χθὲς
1017 4952 1112 5007 καὶ
1140 4949 1248 5021 πρὸ
1279 4949 1473 5018 ὀλίγων
1501 4948 1724 5020 ἡμερῶν
1757 4948 1857 5018 βα-

275 5047 519 5113 δίζοντα,
550 5047 774 5115 άγοντα,
806 5043 1039 5115 φέροντα
1081 5038 1246 5111 μυρία
1293 5037 1614 5111 πράγματα,
1661 5036 1854 5102 οἰκίας,

274 5143 564 5212 γυναικὸς,
596 5139 827 5203 παίδων,
860 5134 1108 5201 οἰκετῶν,
1151 5133 1413 5197 πολλάκις
1443 5132 1501 5186 δὲ
1533 5132 1627 5186 καὶ
1655 5131 1860 5185 πόλεων

272 5233 598 5304 ὁλοκλήρων
652 5229 1048 5304 προϊστάμενον
1070 5267 1086 5290 ,
1139 5224 1464 5279 ἀπειλοῦντα
1486 5262 1503 5290 ,
1557 5221 1824 5291 φοϐοῦντα
1844 5263 1859 5288 ,

270 5324 483 5380 λύοντα
530 5324 815 5387 κολάσεις,
867 5321 1139 5389 ἐπάγοντα
1186 5316 1456 5381 κολάσεις,
1506 5315 1676 5385 μυρία
1720 5314 1861 5368 κατά

351 5458 382 5486 ⁸
404 5459 540 5509 Unus
581 5454 897 5520 προσωπεῖον.
938 5450 1068 5499 Infra
1090 5449 1188 5497 duo
1213 5444 1526 5519 manuscripli
1564 5443 1746 5520 μᾶλλονῖ
1780 5444 1861 5517 καὶ

351 5518 586 5560 matrima;
619 5518 778 5560 μόνον-
796 5513 939 5560 τοῦτο
962 5511 1117 5560 καὶτὸ
1138 5508 1306 5558 τούτου
1325 5508 1671 5560 χαλεπωτερον,
1700 5521 1754 5552 ου
1776 5522 1861 5560 μο-

271 5521 586 5568 ὒποπτεῦσοιι
666 5521 675 5526 ’
734 5534 778 5573 ν,
796 5521 939 5562 τοῦτο
962 5521 1042 5561 και
1060 5528 1117 5559 το
1138 5524 1306 5558 τουτου
1325 5521 1671 5569 χαλεπωτερον,
1700 5521 1754 5552 ου
1776 5522 1861 5575 μο-

272 5599 371 5629 νον
394 5582 519 5639 ὀρᾷν,
562 5534 804 5626 ἀλςένοκαὶ
839 5575 968 5639 ὅπως
1006 5568 1257 5639 τολμηθείη
1292 5564 1695 5639 κατασκευάζειν..
1723 5564 1862 5639 Alfi}:

277 5721 371 5759 ην.
407 5718 501 5747 αλλ’
525 5718 673 5759 υῡρις,
697 5718 768 5747 δια
801 5718 1026 5759 μυΙΙυυυίι
1069 5718 1233 5742 Ιυυιιυι
1260 5718 1486 5745 νυιωυδ,
1513 5718 1718 5737 υιιυιιιιιι
1742 5718 1856 5736 luas}.

281 5764 585 5823 οιςιιξτίιθιθ
607 5761 812 5823 fultus.‘
885 5820 890 5823 Α
1022 5817 1067 5823 μ
1163 5816 1173 5823 _
1373 5811 1384 5823 .

359 5822 398 5865 ll
422 5821 522 5871 D70
547 5836 655 5872 mss;
681 5820 769 5869 οὑκ
792 5820 846 5867 ἂν
872 5817 1075 5880 συγχυθῆ
1100 5816 1177 5863 καὶ
1204 5816 1479 5869 καταπέσοι,

1708 298 2095 357 EPISTOLJS.

3403 317 3505 373 578

1940 415 2122 482 πόλεις
2151 437 2242 475 και
2269 423 2451 495 χώρας
2479 424 2873 496 ἐργασάμενον,
2898 424 3093 494 ἀθρόον
3121 424 3280 481 λίθων
3303 428 3513 498 ἀφωνό-

1938 515 2094 569 τερον
2139 503 2416 573 κείμενον;
2464 507 2556 560 καὶ
2604 507 2814 578 μυρίων
2864 508 3202 569 κωκυόντων.
3256 510 3349 563 καὶ
3399 510 3508 565 τῶν

1941 583 2208 652 φιλτάτων
2242 590 2754 660 κατακοπτομένων,
2800 591 2892 644 καὶ
2921 591 3022 661 τῆς
3053 592 3309 659 γυναικὸς
3338 611 3507 648 κατα-

1940 666 2337 741 θρυπτομένης,
2371 674 2604 741 παρειάς
2634 672 2918 744 Εαινούτης
2936 684 2983 738 ο,
3014 674 3325 744 πλοκάμους
3349 676 3507 730 λυού-

1941 767 2060 822 σης,
2090 754 2282 824 χοροὺς
2315 756 2671 827 περιιστάσης
2699 756 3094 829 θεραπαινίδων
3133 757 3269 828 μετά
3310 759 3511 828 πολλῆς

1938 835 2039 905 τῆς
2064 836 2340 907 ὀλολυγῆς,
2368 840 2579 903 οὐδενὸς
2626 840 3043 910 αἰσθανόμενονς
3084 840 3178 893 καὶ
3222 840 3397 894 πάντα
3423 842 3511 908 ἐξ.

1940 917 2137 989 αίφνης
2169 919 2431 987 ἐκποδὼν,
2461 923 2554 975 καὶ
2588 922 2843 992 λογισμὸν
2878 921 2969 974 καὶ
2998 921 3232 975 διάνοιαν
3273 922 3365 975 καὶ
3408 923 3509 993 ψυ-

1941 1002 2059 1073 χὴν,
2090 1005 2181 1057 καὶ
2212 1004 2386 1073 ὅψεως
2418 1005 2595 1071 ἄνθος,
2641 1005 2736 1058 καὶ
2787 1003 2963 1075 μελῶν
3012 1005 3252 1075 κίνησιν;
3302 1007 3395 1059 καὶ¹
3443 1006 3511 1060 τά

1941 1085 2149 1156 ἀτερπῆ
2171 1086 2541 1158 διαδεχόμενα,
2577 1087 2820 1156 ἀφωνίαν
2851 1088 2945 1141 καὶ
2975 1088 3351 1159 ἀναισθησίαν,
3383 1088 3515 1158 φθο-

1945 1167 2061 1239 ρὰν,
2114 1170 2306 1242 ἰχῶρα,
2356 1170 2680 1241 σκώληκας,
2729 1171 2953 1242 τέφραν,
3012 1170 3178 1233 κόνιν,
3224 1171 3508 1233 δυσωδίαν,

1940 1252 2243 1321 ἀφανισμὸν
2270 1254 2526 1325 παντελῆ,
2552 1253 2645 1307 καὶ
2670 1254 2831 1309 ὀστέα
2861 1254 3075 1325 εἰδεχθῆ
3110 1256 3201 1309 καὶ
3232 1256 3419 1327 άσημα
3448 1254 3512 1311 τὸ

1941 1336 2050 1388 πᾶν
2080 1336 2432 1407 ἐπειγόμενον
2465 1327 2765 1391 καταλῦσαι
2793 1336 2987 1408 σῶμα;

2009 1417 2070 1471 6'.
2108 1418 2247 1471 Ἀλλ’
2269 1420 2418 1490 ὅμως
2450 1419 2509 1474 τὸ
2547 1420 2775 1492 φοϐερὸν
2798 1420 2975 1487 τοῦτο,
2997 1421 3090 1474 καὶ
3117 1420 3205 1475 διά
3232 1421 3341 1475 τῶν
3370 1440 3511 1493 πρα-

1942 1499 2167 1570 γμάτων
2199 1502 2568 1573 δεικνύμενον,
2603 1504 2697 1558 καὶ
2727 1503 2815 1557 διὰ
2844 1503 3070 1573 τῆςτῶν
3096 1503 3267 1571 ἁγίων
3288 1505 3513 1559 ἐκείνων

1939 1582 2176 1648 δειλίας,
2233 1585 2467 1656 ἀθυμίας
2529 1587 2663 1640 πολὺ
2726 1586 3072 1658 κουφότερον.
3123 1586 3340 1658 Ταύτης
3405 1588 3515 1660 γάρ

1940 1667 2125 1721 ἕνεκεν
2176 1669 2299 1732 τοὺς
2348 1670 2591 1741 μακροὺς
2633 1669 2856 1735 τούτους
2903 1669 3010 1724 τῶν
3058 1669 3230 1739 λόγων
3267 1669 3516 1737 διαύλους

1942 1749 2217 1820 ἀνήλωσα.
2241 1750 2325 1804 ἵνα
2348 1769 2406 1804 σε
2436 1751 2648 1818 διδάξω,
2676 1753 2793 1805 οἵαν
2819 1753 2983 1816 τίνεις
3007 1751 3183 1825 δίκην,
3207 1752 3298 1808 καὶ
3332 1754 3517 1825 ἀντίῤ⁴

1945 1833 2107 1900 ροπον
2137 1833 2327 1904 αὑτῆς,
2355 1834 2553 1904 μᾶλλον
2582 1834 2639 1887 δὲ
2674 1835 2767 1888 καὶ
2788 1834 2967 1905 πολλῷ
2997 1834 3218 1906 μείζονα
3248 1835 3357 1890 τῶν
3379 1836 3516 1905 ἀγα-

1944 1913 2051 1967 θῶν
2082 1914 2368 1986 ἀναμένεις
2388 1916 2486 1986 τήν
2511 1915 2762 1986 ἀμοιϐήν.
2789 1916 2899 1970 Kal
2928 1916 3013 1969 ἵνα
3040 1916 3216 1988 μάθῃς
3243 1919 3325 1971 ὅτι
3345 1917 3515 1973 ταῦτα

1943 1995 2128 2050 τοῦτον
2158 1997 2270 2066 ἔχει
2298 1997 2390 2051 τὸν
2419 1996 2639 2069 τρόπον,
2671 1997 2765 2050 ἐπὶ
2796 2000 2922 2062 τοὺς
2949 1998 3177 2062 ἁλόντας
3203 1998 3385 2054 λοιπὸν
3411 2017 3515 2054 κα-

1944 2077 2299 2150 ταφεύξομαι,
2318 2080 2396 2143 εἰς
2418 2081 2446 2133 ὃ
2470 2079 2775 2151 ἔμπροσθεν
2795 2079 3102 2151 ἠπειγόμην
3116 2080 3310 2136 ἐλθεῖν.
3327 2082 3385 2135 '0
3407 2082 3516 2153 γὰρ

1944 2161 2055 2215 τῶν
2086 2161 2351 2236 Ἑϐραίων
2393 2162 2581 2233 δῆμος,
2616 2162 2861 2226 Μωσέως
2891 2161 3138 2227 ἐλθόντος
3174 2164 3270 2217 καὶ
3309 2163 3519 2218 ἐλευθε-

1951 2242 2068 2313 ρίαν
2101 2243 2608 2315 εὐαγγελιζομένου,
2641 2245 2736 2299 καὶ
2771 2245 2879 2299 τῶν
2918 2245 3304 2314 Αἰγυπτιακῶν
3331 2247 3516 2300 κακῶν

1948 2325 2285 2397 ἀπαλλαγὴν,
2314 2326 2436 2379 οὑδὲ
2476 2326 2706 2381 ἀκοῦσαι
2739 2326 3016 2397 ἠνέσχετο,
3051 2328 3144 2381 καὶ
3196 2328 3294 2398 τὴν
3341 2328 3518 2382 αἰτίαν

1946 2408 2117 2481 τιθεὶς
2155 2410 2188 2481 ὀ
2234 2409 2741 2481 νομοθέτηςέλεγεν
2762 2424 2773 2437 ·
2822 2409 3116 2481 Ἐλὰλησε
3148 2408 3217 2464 δὲ
3262 2409 3522 2479 Μωῢσῆς

1949 2477 2029 2544 τῷ
2061 2474 2205 2547 λαῷ,
2241 2474 2339 2533 κάι
2376 2474 2496 2534 σῦκ’
2517 2474 2788 2549 ῆκούσεν
2816 2482 2849 2535 ὁ
2876 2474 3036 2546 λαὸς(
3067 2480 3364 2546 Μωῠσέως
3402 2474 3524 2537 ἀρ’ὶὸ

1950 2560 2060 2630 τῆς
2113 2562 2530 2632 ὀλιγοψυχίας.
2580 2563 2691 2616 Kal
2735 2564 2863 2616 ὅταν
2912 2564 3152 2635 μεγάλας
3184 2565 3378 2635 ἀπειλῇ
3410 2569 3521 2629 τοῖς

1963 2645 2232 2709 Ἰουδαίοις
2277 2648 2305 2700 ὀ
2350 2645 2550 2718 Κύριος
2594 2646 2822 2710 ἀπειλάς
2858 2647 2998 2717 ὑπὲρ
3032 2647 3257 2717 ἀνομίας
3299 2648 3518 2717 πολλῆς,

1954 2727 2092 2798 μετά
2124 2730 2221 2800 τὴν
2254 2728 2648 2799 αἰχμαλωσίαν,
2677 2729 2769 2782 καὶ
2796 2727 2896 2799 τὴν
2938 2728 2998 2782 ἐν
3037 2729 3291 2800 ἀλλοτρίᾳ
3318 2730 3519 2801 διατριο

1951 2809 2051 2881 ϐὴν
2100 2810 2233 2883 γῇά,
2266 2813 2358 2865 καὶ
2389 2811 2651 2872 δουλείαν.
2703 2811 2798 2864 καί⁵
2845 2812 2971 2875 τοὺς
3000 2811 3210 2882 λιμοὺς,
3260 2814 3349 2867 καὶ
3397 2817 3526 2879 τοὺς

1950 2894 2190 2963 λοιμοὺς,
2220 2894 2315 2947 καὶ
2342 2894 2440 2967 τὴν
2470 2893 2949 2964 ἀνθρωποφαγίαν,
2971 2894 3065 2949 καὶ
3091 2894 3296 2966 ταύτην
3325 2897 3523 2966 ἐπάγει

1950 2978 2050 3049 τὴν
2076 2976 2233 3048 δίκην
2262 2976 2462 3045 λέγων’
2500 2976 2676 3032 Δώσω
2713 2977 2917 3042 αὐτοῖς
2964 2977 3218 3046 καρδίαν
3262 2980 3523 3049 ἀθυμοῦ-

1951 3074 2092 3123 σαν,
2121 3059 2218 3113 καί
2249 3059 2641 3125 ἐκλείποντας
2661 3059 3026 3128 ὀφθαλμοὺς,
3060 3060 3157 3114 καί
3188 3063 3528 3131 τηκομένην

1952 3140 2361 3211 ψυχήν.Ἀλλά
2395 3140 2448 3195 τί
2482 3141 2588 3212 χρὴ
2624 3140 2803 3209 λέγειν
2847 3141 3154 3206 Ἰουδαίους,
3191 3143 3362 3215 δῆμον
3393 3145 3526 3200 ἄτα-

1952 3240 2100 3289 κτον,
2130 3223 2441 3295 ἀγνώμονα.
2477 3224 2570 3277 καὶ
2597 3225 2661 3294 τῇ
2690 3224 2853 3295 σαρκὶ
2874 3222 3288 3296 δεδουλωμένον,
3314 3227 3409 3280 καὶ
3438 3245 3527 3296 φι-

1956 3308 2201 3379 λοσοφεῖν
2247 3307 2345 3361 οὑκ
2392 3306 2591 3373 εἰδότα,
2621 3307 2793 3375 παρὸν
2839 3307 2948 3380 ἀπὸ
2997 3307 3103 3361 τῶν
3150 3309 3399 3380 μεγάλων
3432 3312 3529 3366 καὶ

1955 3377 2171 3459 ὑψηλῶν
2216 3388 2427 3459 ἀνδρῶν
2475 3388 2660 3444 λαϐεῖν
2690 3387 2789 3460 τήν
2825 3377 3101 3455 ἀπόδειξιν
3123 3377 3241 3455 ;-Ὀ
3286 3392 3393 3464 γὰρ
3418 3394 3527 3447 τῶν

1954 3472 2263 3529 ἀποστόλων
2290 3472 2451 3545 χορὸς
2484 3473 2664 3543 τρίτον
2698 3471 2815 3535 ἔτος
2844 3474 3235 3543 συγγενόμενος
3274 3475 3351 3545 τῷ
3394 3476 3528 3544 Χρι-

1956 3555 2088 3627 στῷ,
2121 3556 2215 3609 καὶ
2253 3554 2421 3609 πολλὰ
2451 3554 2579 3626 περὶ
2606 3553 2907 3618 ἀθανασίας
2933 3555 3262 3619 παιδευθεὶς,
3293 3559 3388 3609 καὶ
3416 3557 3527 3612 τῶν

1954 3639 2128 3694 ἀλλων
2152 3639 2495 3711 ἀπορρήτων,
2528 3638 2730 3708 σημεῖά
2756 3654 2815 3691 τε
2850 3637 3209 3709 ἐργασάμενοι
3242 3637 3528 3709 θαυμαστά

1954 3724 2049 3777 καὶ
2075 3721 2377 3793 παράδοξα,
2402 3722 2497 3776 καὶ
2518 3721 2680 3775 αὑτὸν
2703 3721 2794 3774 ἐπὶ
2828 3721 3080 3775 τοσοῦτον
3100 3723 3289 3792 χρόνον
3321 3722 3528 3793 θαυμα-

1953 3805 2286 3878 τουργοῦντα
2318 3804 2665 3875 θεασάμενοι,
2687 3804 2781 3858 καὶ
2808 3804 3086 3874 τραπέζης
3114 3804 3260 3875 αὑτῷ
3287 3805 3380 3858 καὶ
3404 3808 3528 3875 ὀμι-

1954 3888 2074 3951 λίας
2105 3888 2199 3941 καὶ
2227 3886 2402 3955 λόγων
2430 3888 2688 3940 τοιούτων
2734 3888 3177 3956 κοινωνήσαντες,
3205 3888 3300 3941 καὶ
3350 3888 3526 3942 πάντα

1955 3969 2330 4033 παιδευθέντες
2358 3968 2578 4040 τρόπον,
2610 3966 2797 4038 ἐπειδὴ
2829 3967 3088 4037 ῥημάτων
3122 3970 3360 4039 ἡκουσαν
3396 3970 3527 4025 aeu.

1958 4052 2085 4123 μίαν
2109 4051 2291 4115 αὐτοῖς
2321 4050 2712 4121 ἐμποιούντων,
2745 4043 2981 4121 συνεχῶς
3013 4051 3174 4105 αὑτὸν
3205 4053 3528 4124 κατέχοντες

1955 4135 2050 4188 κα)⁵
2097 4133 2501 4205 ἐκκρεμάμενοι
2553 4131 2801 4203 καθάπερ
2856 4132 3133 4206 ὑπομάζια
3180 4134 3390 4198 παιδία,
3433 4134 3529 4189 καὶ

1953 4217 2215 4289 διηνεκῶς
2256 4216 2415 4270 αὑτὸν
2460 4214 2792 4288 ἐρωτῶντες,
2823 4214 2933 4268 Ποῦ
2961 4216 3225 4285 ὑπάγεις;
3284 4216 3427 4272 οὕτω
3459 4220 3524 4289 τῇ

1954 4300 2228 4371 τυραννίδι
2259 4299 2360 4369 τῆς
2394 4298 2629 4370 ἀθυμίας
2656 4297 2992 4370 ἐσϐέσθησαν
3028 4300 3253 4370 ταύτης,
3280 4302 3375 4354 καὶ
3414 4301 3529 4355 ὅλοι

1957 4382 2058 4453 τῆς
2105 4381 2279 4448 λύπης
2321 4381 2584 4449 ἐγένοντο,
2612 4380 2688 4443 ὡς
2736 4380 2931 4451 μηκέτι
2961 4380 3113 4452 [557]
3142 4381 3306 4435 αὑτοῦ
3356 4383 3530 4438 ταῦτα

1957 4464 2342 4520 πυνθάνεσθαι.
2371 4464 2481 4517 Kal
2505 4462 2661 4516 τοῦτο
2689 4463 2961 4527 ὀνειδίζων
3003 4463 3185 4526 αὐτοῖς
3221 4464 3250 4516 ό
3296 4465 3528 4535 Χριστὸς

1958 4549 2141 4618 ἔλεγεν
2159 4563 2174 4578 °
2219 4548 2557 4610 Ἠκούσατε,
2586 4546 2674 4600 ὅτι
2699 4545 2905 4615 ὑπάτω
2935 4547 3084 4615 .1ng-
3117 4546 3225 4599 τὸν
3258 4546 3530 4616 πέμψαν-

1956 4632 2030 4687 τά
2053 4648 2150 4701 με,
2183 4630 2282 4684 καὶ
2318 4628 2563 4698 ἔρχομαι
2590 4627 2739 4696 πρὸς
2767 4628 2943 4696 ὑμᾶς,
2982 4628 3080 4681 καὶ
3106 4627 3320 4697 ξοὺδείς
3364 4628 3531 4697 ὑμῶν

1956 4712 2143 4783 ἐρωτᾷ
2174 4730 2271 4782 με,
2309 4711 2434 4765 Ποῦ
2476 4709 2755 4780 ὑπάγεις;
2796 4708 2969 4764 Ἀλλὰ
2999 4709 3090 4762 ὅτι
3129 4709 3315 4763 ταῦτα
3353 4710 3533 4765 λελάο

1958 4802 2117 4866 ληκα
2143 4796 2305 4867 ὑμῖν,
2334 4795 2373 4862 ἠ
2414 4793 2580 4861 λύπη
2610 4791 3005 4859 πεπλήρωκεν
3038 4791 3204 4861 ὑμῶν
3242 4792 3357 4861 τ’ὴν
3393 4811 3531 4861 gap.

1958 4882 2115 4935 δίαν.
2156 4876 2306 4942 Εἶδες
2352 4877 2530 4948 ἔρωτα
2582 4875 2700 4938 πῶς
2740 4874 3145 4943 ἐπεσκότησενθ
3177 4874 3410 4945 ἀθυμίας
3437 4892 3533 4928 τυο

1962 4965 2165 5037 ραννὶς,
2191 4962 2287 5017 καὶ
2318 4961 2435 5024 πῶς
2462 4956 2837 5030 αἰχμαλώτους
2873 4955 3185 5027 εἰργάσατο,
3229 4959 3323 5012 καὶ
3364 4959 3532 5030 αὐτῆς

1960 5045 2096 5102 εἶναι
2121 5048 2451 5115 πεποίηκεν;
2489 5045 2548 5096 Ὀ
2584 5041 2642 5094 δὲ
2680 5038 2863 5102 Ἠλίας
2893 5039 3053 5093 πάλιν
3082 5041 3286 5105 ἐκεῖνος
3315 5042 3397 5110 (οὑ
3423 5042 3533 5114 γὰρ

1961 5130 2335 5199 ἀποστήσομαι
2363 5123 2526 5179 αὑτοῦ
2552 5122 2670 5177 οὑδὲ
2709 5120 2859 5186 νῦν),
2897 5121 3035 5191 μετὰ
3079 5125 3177 5193 τήν
3226 5124 3400 5195 φυγὴν
3437 5125 3534 5179 καὶ

1959 5213 2057 5285 τὴν
2082 5210 2428 5282 ἀναχώρησιν
2458 5205 2555 5277 τὴν
2580 5205 2689 5259 ἀπὸ
2723 5203 3102 5275 Παλαιστίνης,
3130 5206 3192 5259 ού
3223 5206 3402 5278 φέρων
3436 5207 3536 5277 τῆς

1962 5295 2198 5364 ἀθυμίας
2238 5292 2336 5363 τὴν
2382 5289 2673 5361 τυραννίδα
2720 5288 2852 5357 (καὶ⁵
2886 5287 2995 5358 γάρ
3047 5289 3251 5361 σφόδρα
3293 5289 3493 5363 ἡθύμει
3518 5308 3532 5322 ·

1960 5377 2117 5430 τοῦτο
2146 5374 2276 5445 γοῦν
2306 5374 2334 5426 ὀ
2366 5372 2464 5443 τὴν
2495 5370 2734 5442 ἱστορίαν
2762 5368 2978 5440 γράψας
3008 5369 3196 5441 ἐδήλου
3226 5369 3421 5441 λέγων,
3452 5372 3536 5427 ὅτι

2027 5524 2049 5551 ε
2077 5520 2161 5570 Sic
2181 5518 2329 5568 iidem
2354 5529 2469 5578 mss.
2493 5520 2643 5578 atque
2663 5515 2731 5565 lla
2758 5513 2884 5578 legit
2905 5514 3172 5576 interpres.
3207 5514 3261 5565 In
3283 5515 3418 5565 edito
3438 5531 3534 5563 πα-

1964 5578 2350 5645 ρειάςξαινούσης
2370 5577 2602 5645 (ἰιξοηιέΔ
2649 5636 2688 5645 _
2982 5636 2995 5645 ‘
3072 5637 3082 5645 _
3148 5637 3162 5645 .
3224 5637 3288 5645 ___
3356 5610 3357 5613 η

2026 5643 2055 5687 d
2076 5635 2191 5691 Duo
2230 5635 2365 5701 11153.,
2392 5644 2448 5690 ut
2472 5641 2609 5689 notat
2649 5636 2885 5699 Ducam,
2918 5636 3000 5686 καὶ
3037 5637 3092 5685 τὸ
3142 5637 3192 5686 ἐν
3214 5637 3333 5699 ἄλλῃ
3359 5635 3541 5701 διατρί-

1996 5721 2060 5749 ειν
2083 5708 2163 5749 vii.

1996 5721 2013 5741 ί
2112 5708 2163 5749 --

1963 5706 2060 5795 6.ιὲ
2080 5719 2189 5813 Rm
2212 5775 2328 5812 mss.
2356 5764 2473 5818 εἶδες
2516 5762 2652 5825 ἔρωτι
2694 5760 2833 5821 πόσῳ
2860 5758 3179 5808 ἐπεσκότισεν.
3209 5759 3348 5811 Alius
3386 5758 3539 5817 ἔρωτα

1966 5827 2112 5876 πόσον
2134 5825 2457 5877 ἐπεσκότισεν,
