4058 6218
332 263 438 321 577

329 398 470 436 mam
508 375 723 449 suam),
751 374 877 447 qnld
902 376 953 430 in
979 391 1074 431 sua
1102 375 1170 433 ad
1213 376 1374 432 Deum
1416 379 1723 446 precatione
1748 379 1926 445 dicat,

329 472 519 531 audias
540 472 699 526 velim
720 468 818 524 :Et
833 469 1044 541 suﬁiciat
1061 486 1216 537 nunc,
1241 469 1476 525 Domine.
1499 470 1683 542 Accipe
1706 475 1929 527 animam

329 574 496 613 meam
535 572 568 609 a
609 571 687 608 me
717 570 736 608 :
761 570 864 608 non
895 554 1029 607 enim
1072 570 1185 608 sum
1221 552 1401 608 melior
1433 571 1587 625 quam
1624 567 1795 626 putres
1832 559 1931 611 mei

329 651 352 720 (
371 653 422 706 5.
452 649 584 719 Reg.
622 648 707 701 ll).
741 647 794 701 5.
827 645 861 700 4
885 646 926 715 ).
959 643 1032 700 Ita
1059 644 1189 700 illud
1215 645 1355 716 quod
1381 646 1767 703 formidabilius
1790 660 1925 716 erat,

328 744 480 798 illum
509 739 754 811 supplicii
778 738 1156 809 colaphonem,
1188 737 1315 794 illud
1343 741 1604 795 malorum
1634 750 1795 811 caput
1816 784 1831 808 ,
1865 742 1927 796 il-

325 834 432 890 lam
463 831 681 888 sceleris
706 831 882 885 omnis
906 844 1116 900 ptenam
1142 838 1379 901 exoptat,
1411 840 1571 901 atque
1601 832 1653 886 in
1682 832 1924 888 beneﬁcii

324 925 450 980 loco
488 924 640 995 petit.
687 921 868 992 Usque
908 920 1047 977 adeo
1075 930 1245 977 morte
1276 921 1565 977 terribilior
1591 933 1674 978 est
1702 938 1923 980 mceror.

327 1018 398 1074 Ut
428 1017 571 1073 enim
598 1015 741 1071 hunc
764 1013 1022 1085 effugeret
1044 1053 1060 1080 ,
1087 1012 1154 1069 ad
1182 1013 1325 1069 illam
1352 1012 1603 1084 perfugit.

398 1111 455 1165 5.
498 1108 595 1163 llic
624 1117 803 1161 autem
832 1106 1183 1177 qumstionem
1213 1105 1497 1176 quamdam
1528 1105 1624 1161 tibi
1655 1107 1923 1176 explicare

322 1203 471 1258 volo.
496 1200 607 1257 Nec
626 1201 766 1255 enim
789 1214 877 1254 me
903 1198 1059 1263 fallit,
1077 1207 1333 1268 quantum
1356 1197 1658 1268 hujusmodi
1678 1203 1924 1269 qumstio-

323 1307 422 1348 nes
452 1291 543 1346 tibi
566 1289 785 1346 dissolvi
813 1289 1015 1359 cupias.
1045 1289 1299 1356 Quarnam
1349 1289 1510 1359 igitur
1563 1289 1678 1345 luce
1701 1294 1925 1360 qtttestio

322 1384 450 1441 est?
476 1382 533 1439 Si
562 1389 787 1438 mortem
829 1396 1064 1437 maerore
1102 1380 1358 1437 leviorem
1387 1395 1507 1437 esse
1535 1382 1878 1438 existimabat
1903 1425 1920 1450 ,

323 1474 452 1547 quid
477 1489 653 1530 causre
680 1481 783 1541 est,
811 1487 909 1527 cur
934 1471 1164 1527 vitandae
1191 1472 1377 1527 mortis
1405 1487 1566 1528 causa
1592 1472 1780 1529 relicto
1807 1475 1923 1530 solo

325 1568 499 1638 patrio
523 1582 588 1622 ac
610 1565 953 1637 popularibus
975 1564 1086 1620 suis
1110 1564 1443 1635 profugerit?
1467 1573 1521 1621 et
1544 1579 1641 1621 cur
1659 1567 1746 1636 qui
1779 1566 1923 1636 prius

322 1676 445 1716 eam
477 1658 749 1729 fugiebat,
779 1671 922 1712 nunc
947 1670 1063 1712 eam
1092 1656 1353 1727 expetat?
1392 1655 1653 1712 Nimirum
1696 1667 1754 1712 ut
1799 1656 1924 1713 hinc

323 1753 411 1808 vel
457 1751 727 1816 maxime,
774 1757 1030 1820 quantum
1074 1749 1327 1805 mmstitia
1358 1758 1587 1805 mortem
1625 1753 1920 1807 acerbitate

323 1852 567 1914 superet,
598 1841 878 1913 intelligas.
909 1839 1043 1895 Nam
1072 1855 1194 1895 cum
1226 1840 1414 1896 mortis
1438 1840 1716 1896 dumtaxat
1744 1851 1919 1898 metus

321 1951 450 1995 eum
479 1943 740 2007 quateret,
773 1948 879 1987 non
904 1932 1002 1987 abs
1029 1947 1090 1988 re
1114 1931 1324 2002 quidvis
1350 1929 1636 2000 efficiebat,
1668 1948 1775 2003 quo
1800 1948 1919 1988 eam

321 2028 600 2101 eﬁ‘ugeret.
632 2024 702 2081 At
722 2033 1066 2095 posteaquam
1092 2038 1294 2079 maeror
1319 2023 1373 2079 in
1399 2023 1567 2094 ipsius
1595 2032 1811 2095 pectore
1837 2024 1924 2079 in-

321 2117 509 2173 sidens
532 2123 775 2170 naturam
799 2128 949 2168 suam
970 2112 1221 2178 ostendit,
1250 2127 1373 2168 eum
1399 2112 1645 2168 videlicet
1665 2113 1917 2181 exedens,

322 2208 615 2264 absumens
638 2247 652 2271 ,
680 2204 929 2260 dentibus
955 2201 1246 2258 conﬁciens
1271 2245 1286 2270 ,
1333 2214 1494 2274 atque
1523 2203 1918 2259 intolerandum

324 2301 380 2356 in
406 2299 624 2355 modum
653 2297 999 2362 excrucians,
1027 2303 1138 2350 tum
1162 2294 1393 2365 denique
1419 2295 1471 2350 id
1501 2294 1644 2366 quod
1672 2296 1922 2352 omnibus

319 2394 489 2449 rebus
513 2391 727 2463 gravius
751 2399 806 2446 et
831 2389 1075 2446 acerbius
1114 2397 1199 2444 est
1221 2430 1237 2456 ,
1279 2387 1451 2444 levius
1484 2403 1605 2444 esse
1644 2387 1920 2458 judicavit.

322 2484 636 2555 Eodemque
673 2480 833 2537 modo
860 2480 1024 2537 Jonas
1047 2481 1206 2535 etiam
1247 2494 1534 2535 maerorem
1564 2478 1770 2550 fugiens
1806 2521 1824 2548 ,
1853 2478 1921 2535 ad

319 2586 553 2635 mortem
582 2574 818 2647 confugit
844 2591 860 2629 :
890 2583 1226 2646 mortemque
1251 2574 1363 2645 ipse
1388 2587 1600 2643 quoque
1628 2570 1711 2627 his
1740 2571 1920 2628 verbis

320 2686 355 2726 a
387 2671 499 2726 Deo
523 2668 708 2740 petivit
735 2686 751 2724 :
778 2666 964 2739 Accipe
990 2666 1213 2720 animam
1241 2681 1404 2719 meam
1428 2682 1460 2719 a
1488 2681 1568 2720 me
1595 2680 1616 2720 :
1643 2665 1824 2720 melius
1847 2675 1924 2721 est

322 2764 463 2819 enim
489 2762 613 2816 mihi
640 2760 773 2815 mori
789 2803 804 2825 ,
835 2776 987 2832 quant
1014 2759 1175 2812 vivere
1232 2756 1423 2825 (J0me
1449 2757 1502 2812 4.
1528 2759 1564 2813 3
1581 2756 1626 2828 ).
1657 2757 1925 2826 Davidque

323 2855 479 2919 item,
510 2851 627 2907 sive
651 2866 719 2906 ex
750 2865 868 2915 sua,
892 2849 1004 2904 sive
1029 2864 1092 2904 ex
1114 2848 1339 2903 alii-rum
1361 2848 1711 2919 quorumdam
1738 2847 1924 2918 lugen-

324 2945 459 3001 tium
485 2958 712 3015 persona
742 2941 1002 3012 psalmum
1031 2938 1373 2995 conscribeus
1397 2981 1414 3005 ,
1444 2939 1547 2994 hoc
1571 2940 1746 3009 ipsum
1778 2938 1918 2995 indi-

320 3048 434 3096 cat.
466 3037 591 3092 Cum
616 3036 909 3091 consisteret
935 3076 948 3098 ,
992 3033 1162 3103 inquit
1189 3074 1204 3097 ,
1246 3042 1480 3103 peccator
1504 3031 1772 3087 adversum
1802 3048 1882 3086 me
1901 3072 1919 3099 ,

322 3127 555 3190 obmutui
576 3169 591 3190 ,
616 3136 664 3181 et
695 3125 994 3180 humiliatus
1022 3140 1134 3178 sum
1158 3164 1173 3188 ,
1203 3133 1249 3177 et
1277 3121 1400 3177 silui
1430 3139 1462 3176 a
1490 3123 1631 3177 bonis
1654 3164 1668 3187 ,
1700 3132 1747 3177 et
1776 3123 1923 3177 dolor

322 3238 468 3276 meus
494 3227 757 3275 renovatus
783 3226 871 3272 est.
900 3214 1166 3272 Concaluit
1195 3198 1472 3268 cornicum
1500 3213 1632 3268 intra
1655 3231 1765 3278 me,
1797 3222 1845 3267 et
1869 3213 1921 3268 in

321 3311 651 3366 meditatione
675 3324 782 3363 mea
805 3305 1094 3361 exardeseet
1121 3304 1251 3376 ignis
1286 3302 1456 3375 (Psal.
1488 3303 1576 3359 58.
1608 3301 1750 3376 2-4)
1781 3321 1793 3356 :
1830 3319 1924 3372 per

324 3402 505 3474 ignem
547 3399 698 3454 illum
741 3397 946 3453 scilicet
983 3394 1230 3451 maeroris
1273 3394 1554 3461 affectum,
1598 3394 1689 3465 qui
1735 3396 1922 3464 quovis

324 3494 451 3565 igne
491 3490 732 3547 acerbior
777 3496 899 3554 est,
940 3486 1248 3558 designans.
1280 3485 1401 3541 Ideo
1444 3485 1625 3556 plagas
1667 3485 1831 3555 ipsius
1857 3501 1922 3541 ac

322 3586 542 3642 dolores
585 3583 804 3638 minime
843 3580 953 3649 jam
1000 3579 1179 3635 ferens
1202 3620 1219 3648 ,
1253 3579 1334 3634 his
1364 3579 1540 3634 verbis
1571 3578 1775 3633 utitur:
1816 3578 1920 3632 Lo-

321 3688 512 3747 quatus
531 3694 646 3733 sum
675 3677 726 3731 in
747 3675 921 3748 lingua
947 3690 1077 3729 mea.
1136 3672 1271 3741 Quid
1300 3683 1477 3728 autem
1526 3673 1763 3743 loqueris
1787 3714 1804 3739 ,
1835 3672 1921 3729 die

321 3769 548 3841 quaeso?
570 3768 792 3825 Mortem
818 3781 1029 3837 quoque
1059 3764 1147 3820 hic
1177 3764 1328 3835 petit,
1359 3764 1542 3820 dicens
1571 3781 1585 3819 :
1616 3763 1811 3819 Notum
1839 3769 1923 3837 [ac

320 3862 475 3928 mihi,
499 3860 731 3925 Domine,
748 3861 901 3929 finem
926 3875 1089 3913 meum
1118 3868 1164 3913 et
1191 3875 1453 3913 numerum
1475 3859 1670 3914 dierum
1691 3875 1921 3914 meorum

319 3953 439 4024 quis
464 3961 557 4020 est,
586 3961 643 4005 ut
667 3952 824 4006 sciam
853 3968 943 4005 cur
969 3966 1136 4005 morer
1159 3966 1250 4021 ego
1280 3947 1405 4021 (Ib.
1437 3966 1485 4005 υ.
1513 3949 1613 4022 5).
1647 3951 1777 4018 Qua:
1806 3951 1923 4022 qui-

319 4044 451 4099 dem
480 4042 641 4097 verba
667 4040 877 4096 tametsi
904 4040 972 4094 ab
991 4039 1124 4094 Elia:
1140 4038 1317 4095 verbis
1334 4038 1660 4109 discrepent,
1678 4039 1921 4095 eamdem

323 4146 506 4191 tamen
536 4133 853 4190 sententiam
884 4131 1100 4187 habent.
1126 4129 1260 4186 Nam
1291 4130 1432 4202 quod
1473 4130 1567 4185 ille
1598 4130 1766 4198 dixit,
1800 4129 1923 4186 Non

320 4242 442 4280 sum
466 4224 643 4280 melior
665 4240 815 4295 quam
840 4232 1010 4294 patres
1035 4221 1134 4276 mei
1151 4261 1168 4288 ,
1201 4220 1302 4276 hoc
1326 4221 1426 4277 iste
1451 4221 1535 4277 liis
1560 4219 1735 4277 verbis
1760 4222 1923 4293 signi-

324 4316 507 4372 licavit
538 4332 552 4368 :
583 4313 779 4370 Notum
822 4315 905 4384 [ac
949 4313 1073 4367 milii
1093 4354 1109 4379 ,
1140 4310 1361 4367 Domine
1387 4353 1403 4379 ,
1441 4313 1594 4382 finem
1631 4328 1835 4379 meum,
1869 4321 1924 4367 ut

320 4409 485 4465 sciam
509 4405 633 4478 quid
658 4422 826 4461 morer
851 4420 963 4477 ego.
994 4403 1104 4460 lluc
1129 4413 1231 4471 est,
1259 4403 1372 4472 Qua
1398 4403 1466 4460 de
1484 4418 1643 4460 causa
1668 4419 1768 4476 ego
1797 4406 1923 4461 reli-

322 4510 448 4557 ctus
484 4514 602 4556 sum
628 4540 646 4567 ,
687 4499 965 4569 acriusque
997 4497 1133 4553 abeo
1163 4512 1179 4550 :
1209 4512 1312 4567 qua
1337 4496 1405 4552 de
1439 4510 1596 4553 causa
1623 4536 1642 4564 ,
1678 4511 1800 4553 cum
1830 4498 1921 4553 alii

321 4593 435 4664 iam
465 4606 497 4646 e
524 4591 630 4647 vita
655 4591 1019 4658 discesserint,
1047 4592 1161 4660 ipse
1186 4598 1362 4645 tamen
1383 4604 1659 4657 remaneo,
1682 4598 1842 4662 atque
1868 4589 1923 4644 in

323 4682 582 4751 ιιι-πεπειιὶ
618 4681 728 4737 'vita
770 4681 1155 4737 diuturniorem
1187 4695 1392 4736 moram
1424 4679 1620 4736 traho?
1656 4681 1736 4736 Ac
1780 4689 1925 4736 tanta

325 4774 519 4831 mortis
541 4773 828 4845 cupiditate
855 4783 1085 4840 tenetur,
1113 4774 1226 4829 sive
1256 4773 1391 4843 ipse,
1420 4773 1535 4829 sive
1570 4772 1666 4841 illi,
1694 4789 1921 4845 quorum

325 4865 547 4922 nomine
591 4866 844 4937 loquitur,
899 4867 1178 4933 utetiam,
1222 4881 1287 4921 ea
1334 4865 1570 4921 nondum
1615 4876 1924 4937 praesente,

325 4960 636 5031 praesentia:
680 4967 891 5029 tempus
929 4959 1068 5013 scire
1104 4967 1277 5013 aveat.
1327 4956 1541 5022 Notum,
1592 4957 1800 5028 inquit,
1846 4960 1929 5028 {ac

326 5049 479 5116 mihi,
500 5046 739 5115 Domine,
766 5049 919 5119 linem
946 5064 1135 5115 meum,
1161 5063 1268 5120 quo
1292 5047 1539 5104 videlicet
1569 5048 1693 5104 hinc
1717 5063 1929 5120 quoque

325 5140 621 5197 maximam
648 5140 976 5212 voluptatem
1007 5140 1202 5211 capiat.
1232 5141 1309 5197 Ita
1346 5139 1398 5195 id
1427 5140 1570 5211 quod
1603 5141 1926 5196 horrendum

324 5240 419 5288 est
438 5272 455 5298 ,
500 5243 719 5303 propter
754 5230 1148 5287 intolerandum
1182 5230 1431 5286 maeroris
1459 5230 1700 5286 dolorem
1727 5274 1741 5300 ,
1769 5242 1928 5303 atque

329 5326 515 5397 ignem
542 5325 598 5381 in
627 5340 807 5380 amato
832 5322 1273 5380 exardescentem
1301 5364 1315 5388 ,
1359 5323 1714 5392 expetendum
1754 5326 1931 5380 reddi-

330 5426 444 5472 tur.
472 5413 539 5469 In
560 5416 881 5471 nteditatione
906 5415 1049 5471 enim
1078 5431 1213 5482 mea,
1244 5414 1435 5485 inquit,
1467 5415 1755 5471 exardescet
1775 5417 1927 5489 ignis.

404 5504 686 5562 ﬁrmante
708 5523 920 5562 coronas
974 5506 1197 5577 pariunt.
1226 5535 1300 5547 —
1332 5505 1593 5575 Quocirca
1646 5524 1768 5564 cum
1817 5517 1931 5563 tan-

332 5611 450 5656 tam
474 5611 686 5666 (mnam
731 5594 867 5663 luas,
919 5612 1163 5669 magnam
1206 5596 1333 5654 hinc
1374 5597 1674 5656 mercedem
1698 5639 1715 5667 ,
1766 5600 1929 5657 multa

335 5688 584 5762 pruinis,
616 5691 1072 5751 rcmunerationes
1099 5691 1503 5765 inenarrabiles,
1534 5691 1840 5766 splendidas
1864 5708 1929 5752 ac

1815 268 2190 328 EPISTOL/E.

3518 300 3635 359 578

2041 386 2195 441 valde
2233 386 2488 448 florentes
2520 389 2825 464 ltujusmodi
2868 405 3218 461 certaminum
3262 422 3488 467 coronas
3528 430 3626 469 ex»

2034 489 2239 545 specta.
2289 481 2403 537 Non
2447 486 2588 541 enim
2632 488 2806 544 solum
2850 491 3050 563 aliquid
3092 495 3217 551 boni
3263 499 3500 569 efﬁcere,
3530 505 3623 559 scd

2032 569 2192 663 etiam
2220 571 2419 643 aliquid
2446 577 2567 630 mali
2597 581 2820 649 perpeti,
2845 598 3089 652 magnam
3124 589 3428 645 mercedem
3458 601 3621 663 atque

2032 660 2209 730 ampla
2232 665 2447 731 pra'mia
2470 666 2693 723 obtinet.
2725 672 2899 742 Atque
2919 674 2984 727 ad
3012 676 3148 730 hanc
3176 679 3471 736 orationem
3510 660 3622 754 jam

2034 763 2120 803 me
2146 755 2386 818 confero,
2420 768 2476 811 ut
2491 773 2610 827 quae
2628 769 2682 814 et
2706 760 2822 828 tibi,
2852 775 2907 818 et
2925 766 3133 822 cunctis
3162 783 3487 839 magnopere
3513 775 3622 830 uti-

2031 844 2098 895 lis
2117 843 2207 909 sit,
2235 845 2534 917 animisque
2552 849 2619 904 ad
2654 852 2955 920 patientiam
2981 858 3496 929 acuendissufﬁciat,
3521 878 3621 922 nec

2031 949 2126 989 eos
2152 935 2217 990 ad
2248 937 2609 995 calamitatum
2634 942 2857 999 sudores
2874 946 3140 1004 debilitari
3164 949 3327 1006 sinat.

2104 1026 2158 1081 6.
2200 1027 2353 1091 Quod
2384 1029 2544 1099 igitur
2568 1033 2929 1090 calamitatum
2959 1041 3194 1094 omnium
3236 1043 3570 1102 atrocissima
3599 1089 3616 1113 ,

2029 1129 2093 1170 ac
2124 1118 2382 1173 malorum
2410 1122 2672 1192 c030phon
2695 1133 2750 1180 et
2767 1136 2944 1195 caput,
2976 1131 3226 1186 mmstitia
3255 1135 3343 1199 sit,
3375 1137 3504 1191 satis
3534 1136 3619 1192 fu-

2027 1219 2087 1260 se
2113 1220 2144 1259 a
2169 1206 2323 1263 nobis
2349 1219 2428 1263 est
2457 1210 2881 1269 demonstratum
2908 1232 2922 1270 :
2951 1230 3195 1288 superest
3213 1220 3324 1290 jam
3368 1233 3424 1279 ut
3452 1225 3620 1280 virtu-

2029 1304 2108 1353 tes
2123 1307 2176 1352 et
2195 1298 2554 1355 calamitatum
2586 1305 2954 1374 perpessiones
2975 1307 3113 1364 inter
3137 1325 3197 1366 se
3216 1326 3611 1383 comparemus,

2028 1398 2085 1444 ut
2103 1391 2381 1461 perspicue
2406 1392 2673 1465 intelligas
2692 1412 2798 1452 non
2821 1399 3108 1457 virtutibus
3125 1403 3322 1472 solum,
3349 1406 3442 1461 sed
3456 1407 3619 1464 etiam

2028 1481 2424 1538 calamitatibus
2444 1486 2744 1542 mercedem
2766 1490 3108 1545 constitutam
3126 1508 3268 1561 esse,
3319 1504 3375 1550 et
3398 1497 3617 1568 quidem

2027 1571 2315 1628 admodum
2346 1576 2575 1647 amplam
2603 1593 2618 1631 :
2652 1593 2752 1634 nec
2779 1580 3171 1638 calamitatibus
3211 1586 3407 1654 minus,
3459 1603 3621 1659 quam

2026 1666 2339 1734 virtutibus;
2370 1667 2477 1724 imo
2505 1670 2736 1740 amplius
2764 1672 3030 1729 interdum
3057 1677 3466 1735 calamitatibus.
3500 1683 3579 1738 Ae
3599 1723 3616 1750 ,

2026 1756 2071 1811 si
2098 1755 2265 1825 lubet,
2299 1774 2546 1829 magnum
2577 1763 2845 1831 patientim
2881 1766 3112 1836 pugilem
3153 1768 3457 1826 inmedium
3488 1787 3619 1842 pro-

2026 1848 2300 1915 ducamus,
2328 1866 2473 1917 eum,
2502 1852 2750 1923 inquam,
2808 1857 2900 1926 qui
2945 1866 3170 1928 utroque
3210 1860 3382 1917 laudis
3419 1879 3617 1933 genere

2025 1937 2317 2008 splenduit,
2345 1940 2684 1999 adamantem
2711 1944 2883 2011 illum,
2917 1954 3124 2015 petram
3150 1949 3291 2005 illam
3315 1992 3332 2017 ,
3382 1968 3505 2009 eum
3527 1955 3618 2025 qui

2027 2031 2081 2086 in
2115 2032 2357 2087 Ausitide
2378 2032 2591 2104 quidem
2619 2037 2837 2105 regione
2861 2039 3085 2104 exstitit,
3141 2056 3326 2096 verum
3360 2042 3616 2113 singulari

2027 2123 2258 2194 quadam
2274 2124 2493 2181 virtutis
2513 2141 2625 2182 sua:
2647 2128 3008 2198 magnitudine
3026 2130 3335 2186 universum
3355 2142 3619 2190 terrarum

2025 2215 2214 2270 orbem
2244 2215 2577 2272 collustravit
2600 2259 2617 2284 ,
2674 2229 2836 2288 atque
2863 2219 3029 2288 ipsius
3056 2231 3167 2276 tum
3199 2222 3422 2279 virtutes
3444 2265 3461 2290 ,
3509 2234 3620 2280 tum

2026 2306 2359 2362 calamitates
2385 2322 2739 2377 exponamus,
2758 2317 2837 2376 ut,
2859 2324 2961 2378 qua
2988 2324 3054 2365 ex
3082 2320 3233 2380 parte
3262 2314 3432 2383 magis
3457 2313 3616 2369 eﬁ‘ul-

2025 2400 2173 2465 serit,
2222 2410 2555 2470 compertum
2588 2400 2807 2456 habeas.
2838 2401 3095 2469 Quaenam
3127 2403 3284 2473 igitur
3321 2405 3487 2475 ipsius
3512 2406 3621 2461 vir-

2028 2501 2169 2548 tutes
2193 2493 2387 2548 erant?
2434 2490 2633 2547 Domus
2686 2492 2820 2548 enim
2848 2509 2981 2561 mea,
3027 2494 3217 2565 inquit,
3245 2496 3383 2550 οηιηὶ
3410 2498 3624 2552 venienti

2029 2584 2213 2653 patuit,
2241 2586 2618 2653 communisque
2663 2593 2769 2638 erat
2824 2583 3098 2640 riatoribus
3142 2597 3317 2657 portus
3360 2585 3481 2657 (Job
3530 2590 3619 2644 3i.

2027 2677 2141 2747 52).
2173 2676 2310 2745 Quin
2330 2677 2468 2731 bona
2499 2692 2591 2731 sua
2615 2677 2683 2731 ita
2708 2676 3014 2746 possidebat
3060 2686 3203 2733 utea
3259 2694 3394 2748 pene
3443 2681 3622 2736 omnia

2026 2782 2133 2821 nun
2150 2766 2272 2834 sibi,
2302 2766 2398 2822 sed
2425 2766 2742 2836 pauperibus
2758 2765 2996 2822 haberet.
3023 2765 3214 2823 Oculus
3230 2768 3397 2834 enim,
3429 2770 3619 2839 inquit,

2026 2857 2104 2927 fui
2132 2873 2418 2923 ca'corutn,
2461 2866 2509 2912 et
2565 2873 2651 2928 pes
2703 2857 3001 2912 claudorum
3047 2859 3181 2931 (Job
3222 2859 3313 2914 29.
3352 2861 3483 2917 15-
3508 2860 3619 2934 17).

2026 2948 2186 3004 Pater
2206 2966 2347 3003 eram
2372 2948 2697 3003 imbecillium
2724 2965 2744 3004 :
2773 2958 2818 3004 et
2845 2966 3071 3019 causam,
3098 2968 3249 3024 qnam
3287 2954 3567 3008 nesciebam
3591 2995 3607 3021 ,

2029 3040 2433 3111 inuestigabam:
2459 3040 2772 3094 conterebant
2803 3041 2964 3096 molas
2990 3043 3275 3114 iniquorum
3302 3060 3322 3098 :
3348 3054 3394 3098 et
3417 3044 3481 3100 de
3505 3046 3621 3099 den-

2026 3134 2160 3188 tibus
2180 3133 2386 3187 illorum
2405 3133 2695 3203 auferebam
2716 3134 2964 3205 predum.
3006 3132 3291 3191 Imbecilles
3338 3147 3527 3203 autem,
3575 3138 3623 3193 si

2024 3242 2124 3296 qua
2151 3242 2206 3279 re
2232 3241 2359 3294 aptis
2382 3224 2651 3292 habebant,
2679 3226 2881 3281 minime
2896 3225 3150 3298 repulsam
3171 3227 3395 3299 ferebant
3421 3244 3442 3284 :
3462 3246 3621 3299 neque

2024 3317 2289 3386 quisquam
2342 3331 2406 3369 ea:
2446 3314 2639 3369 aedibus
2667 3317 2790 3370 meis
2812 3332 3050 3385 animiam
3070 3334 3226 3371 vacuo
3249 3318 3363 3372 sinu
3390 3335 3620 3391 egressas

2025 3416 2096 3461 est
2130 3404 2250 3476 (Job
2303 3406 2392 3461 5i.
2421 3405 2634 3477 “5.34).
2667 3405 2828 3462 Vides
2856 3407 2998 3461 varia
3032 3406 3378 3466 humanitatis
3396 3427 3614 3480 genera,

2026 3506 2081 3553 et
2111 3496 2288 3552 varios
2317 3496 2674 3567 cleemosynre
2708 3511 2911 3567 portus,
2938 3515 3169 3570 eumque
3194 3503 3384 3571 quavis
3414 3504 3621 3559 ratione

2024 3603 2180 3658 opem
2220 3588 2286 3643 iis
2323 3629 2340 3655 ,
2388 3588 2791 3657 quibusinjuria
2821 3589 3024 3658 ﬁebat,
3072 3591 3422 3648 aﬁ‘erentcm?
3474 3596 3619 3651 vides

2024 3693 2147 3735 cum
2214 3688 2504 3749 egestatem
2576 3679 2943 3736 sublevantem
2976 3724 2992 3750 ,
3066 3683 3254 3737 viduas
3327 3683 3617 3752 foventem,

2026 3772 2178 3827 l:esis
2234 3770 2584 3841 opitulantem
2617 3812 2633 3835 ,
2697 3772 3013 3828 Ledentibus
3077 3783 3337 3828 terrorem
3418 3776 3615 3831 incuti-

2024 3862 2238 3918 entem?
2261 3861 2444 3931 Neque
2462 3862 2606 3917 enim
2626 3877 2694 3917 eo
2708 3863 2880 3916 solum
2928 3862 3160 3917 studium
3204 3880 3358 3918 suum
3399 3865 3622 3922 demun-

2029 3951 2269 4018 strabat,
2324 3950 2465 4021 quod
2520 3954 2628 4015 iis,
2688 3952 2777 4022 qui
2834 3951 3180 4019 lmdebantur,
3210 3965 3405 4024 pnesto
3427 3967 3614 4025 esset,

2024 4052 2185 4113 atque
2203 4043 2459 4097 auxilium
2502 4041 2668 4097 ferret
2717 4043 2898 4114 (quod
2932 4045 3303 4102 multilaciunt
3330 4050 3381 4118 ),
3432 4066 3618 4108 verum

2027 4135 2189 4190 etiam
2210 4149 2279 4190 eo
2308 4148 2475 4204 usque
2503 4134 2799 4200 laborabat,
2846 4137 3021 4206 quoad
3050 4138 3318 4208 negotium
3346 4140 3616 4197 confecis-

2030 4234 2136 4294 set,
2168 4235 2224 4282 et
2249 4226 2468 4298 quidem
2506 4241 2696 4298 magna
2723 4243 2844 4283 cum
2875 4229 3235 4284 vehementia.
3290 4230 3618 4289 Conterebam

2028 4317 2194 4382 enim,
2231 4317 2420 4387 inquit,
2455 4316 2619 4372 molas
2673 4317 2956 4387 iniquorum
3005 4316 3125 4390 (Job
3152 4319 3244 4376 29.
3276 4323 3359 4391 l7)
3389 4339 3403 4375 :
3433 4340 3619 4380 eortun

2029 4409 2278 4466 videlicet
2306 4409 2588 4476 conatibus
2637 4409 3023 4480 providentiam
3073 4426 3223 4464 suam
3275 4414 3409 4467 inuri
3455 4415 3623 4469 instar

2028 4515 2325 4571 opponens.
2354 4499 2466 4557 Nec
2492 4515 2623 4556 vero
2650 4499 2925 4555 hominum
2977 4508 3183 4555 tantum
3237 4502 3446 4571 injuriis
3468 4545 3484 4569 ,
3525 4504 3620 4559 sed

2029 4591 2189 4647 etiam
2219 4600 2423 4647 naturae
2452 4589 2663 4645 insidiis
2689 4604 2871 4645 curam
2903 4604 3055 4644 suam
3105 4605 3170 4647 ac
3209 4591 3622 4649 sollicitudinem

2030 4683 2310 4754 objiciens,
2344 4684 2513 4754 ipsius
2543 4682 2793 4737 nimirum
2819 4682 2946 4737 vitia
2994 4683 3249 4751 singulari
3299 4684 3480 4739 auxilii
3537 4687 3623 4742 sui

2031 4776 2395 4848 magnitudine
2417 4776 2709 4846 corrigens.
2733 4773 2864 4829 Nam
2886 4774 3008 4845 quia
3037 4774 3274 4828 membra
3305 4774 3433 4844 ipsis
3457 4778 3618 4831 resti—

2033 4876 2185 4923 tuere
2215 4867 2432 4922 minime
2458 4874 2687 4936 poterat,
2716 4864 2818 4920 hoc
2857 4874 2940 4921 est
2964 4867 3124 4921 etscis
3144 4865 3332 4923 oculos
3350 4908 3366 4933 ,
3415 4867 3620 4926 claudis

2031 4958 2218 5030 pedes,
2246 4958 2608 5014 membrorum
2639 4958 2806 5013 instar
2849 4957 2978 5027 ipsis
3019 4968 3136 5014 erat
3176 4976 3192 5013 :
3237 4970 3400 5032 atque
3453 4962 3623 5032 ipsius

2032 5065 2193 5120 opera
2220 5050 2254 5104 ii
2291 5048 2379 5120 qui
2409 5048 2578 5103 oculis
2601 5048 2741 5118 capti
2784 5059 2978 5114 erant.
3023 5049 3308 5115 videbant;
3353 5062 3409 5107 et
3453 5053 3489 5107 ii
3533 5055 3623 5123 qui

2032 5141 2277 5197 cruribus
2301 5138 2483 5194 obl-arsi
2510 5139 3016 5205 acmutilatieraut,
3069 5140 3437 5197 ambulabant.
3485 5142 3625 5211 Quid

2032 5251 2152 5293 cum
2180 5234 2281 5290 hac
2316 5233 2645 5288 humanitate
2669 5233 2966 5301 comparari
3008 5242 3171 5304 queat
3203 5235 3227 5289 ἲ
3276 5236 3423 5292 Alias
3464 5237 3625 5291 etiam

2035 5329 2199 5398 ipsius
2228 5326 2457 5381 virtutes
2486 5327 2795 5396 exploratas
2823 5324 2989 5381 habes
3027 5341 3044 5392 ;
3100 5342 3168 5381 ne
3196 5328 3372 5381 omnia
3403 5342 3628 5385 enumco

2034 5434 2161 5475 rans
2181 5418 2480 5475 orationem
2507 5417 2817 5489 protraham
2843 5436 2858 5475 :
2890 5433 3100 5473 morum
3124 5417 3455 5488 facilitatem,
3486 5420 3624 5478 leni-

2036 5521 2219 5577 tatem,
2250 5526 2515 5567 summam
2543 5510 2862 5568 modestiam
2895 5525 2959 5566 ac
2996 5511 3438 5583 temperantiam;
3491 5531 3627 5586 quo-

2035 5620 2157 5661 nam
2185 5614 2364 5675 pacto,
2392 5620 2516 5662 cum
2541 5605 2595 5659 in
2621 5618 2718 5661 eos
2738 5604 2830 5675 qui
2861 5601 3113 5674 iniuriam
3137 5603 3257 5660 aliis
3283 5604 3559 5660 inferebat-

2036 5694 2330 5754 vehemens
2359 5704 2504 5756 esset
2555 5694 2717 5767 (nam
2765 5695 2866 5754 hoc
2894 5708 3022 5752 sane
3048 5694 3412 5766 mirandum),
3440 5697 3619 5755 suavis
