4058 6218
449 283 555 342 b79

444 414 620 462 tamen
645 414 700 462 et
725 414 1058 474 mansuetus,
1109 414 1268 476 atque
1295 403 1411 473 Ipso
1436 403 1596 458 etiam
1631 401 1792 457 melle
1816 401 2023 456 dulcior

439 509 580 565 erat,
609 515 730 554 cum
760 514 885 569 erga
907 513 1096 554 omnes
1121 498 1274 563 alios,
1311 505 1421 550 tum
1450 509 1574 566 erga
1598 494 1824 549 famulos
1851 509 1974 549 suos
2005 535 2018 559 ,

436 589 526 658 qui
544 604 792 658 magnum
809 589 888 643 sui
905 603 1026 658 erga
1050 588 1220 656 ipsum
1241 586 1440 641 amoris
1455 594 1826 656 argumentum
1855 585 2021 639 eden-

438 688 542 741 tes,
569 677 817 733 dicebant
841 696 854 731 :
888 677 1014 744 Quis
1041 677 1122 730 det
1145 677 1305 742 nobis,
1333 686 1388 728 ut
1403 677 1466 729 de
1490 676 1722 729 carnibus
1739 677 1846 744 ejus
1874 683 2021 728 satu-

434 785 606 822 rentur
648 767 769 840 (Job
797 769 887 822 5|.
916 768 1043 838 ειη
1087 767 1240 835 Quod
1287 767 1333 820 si
1383 765 1595 821 famulis
1644 766 1715 819 ita
1767 779 1923 819 carus
1967 772 2023 819 et

429 860 680 916 .amabilis
707 869 843 924 erat,
867 859 1062 929 quibus
1090 874 1234 929 sa-pe
1263 858 1455 914 terrori
1488 872 1607 912 esse
1636 871 1858 912 necesse
1901 862 1984 910 est
2003 895 2018 919 ,

434 961 632 1021 quanto
661 953 828 1022 magis
857 953 1065 1007 cunctis
1091 952 1211 1006 aliis
1251 950 1596 1006 hominibus?

505 1045 558 1097 7.
602 1043 728 1099 llaec
759 1045 937 1115 igitur,
966 1055 1124 1115 atque
1144 1045 1227 1099 his
1250 1045 1420 1114 plura,
1453 1060 1574 1099 cum
1603 1043 1742 1113 apud
1771 1052 1823 1098 te
1851 1043 2020 1099 colle-

429 1137 594 1207 geris,
622 1153 720 1208 age
743 1139 853 1208 jam
880 1138 946 1193 ad
968 1139 1364 1204 calamitatum,
1419 1151 1552 1208 quas
1581 1151 1865 1206 perpessus
1891 1143 1974 1190 est
2003 1176 2017 1200 ,

433 1243 716 1283 numerum
746 1229 1151 1284 subducendum
1205 1243 1414 1284 mecum
1469 1238 1520 1283 te
1567 1226 1753 1282 confer
1796 1245 1809 1280 :
1861 1237 2020 1296 atque

428 1321 787 1390 comparando
806 1321 1081 1376 videamus
1101 1337 1206 1391 quo
1233 1329 1474 1390 tempore
1518 1319 1719 1374 clarior
1755 1325 1906 1380 erat,
1950 1333 2017 1371 an

426 1427 549 1468 cum
573 1413 674 1466 illis
691 1413 896 1468 virtutis
914 1413 1224 1468 muneribus
1243 1412 1574 1482 fungebatur,
1596 1427 1662 1465 an
1681 1426 1804 1466 cum
1825 1409 2018 1464 acerba

425 1514 700 1575 pateretur
720 1522 838 1576 qua:
856 1522 1103 1576 magnum
1125 1506 1225 1576 ipsi
1246 1520 1529 1561 maerorem
1551 1502 1870 1558 inarebant?
1890 1502 2018 1558 Utro

417 1598 596 1667 igitur
619 1607 860 1669 tempore
901 1599 1159 1653 illustrior
1187 1605 1303 1652 erat
1328 1597 1472 1652 Job?
1517 1606 1698 1651 tumnc
1748 1611 1867 1650 ctua
1923 1593 2018 1648 do-

429 1705 576 1744 mum
601 1705 750 1745 snam
773 1692 1021 1747 omnibus
1053 1692 1140 1762 qui
1169 1706 1233 1747 eo
1264 1691 1364 1745 iter
1411 1689 1677 1745 faciebant
1703 1731 1718 1754 ,
1775 1696 2013 1759 apertam

437 1783 683 1849 habebat,
718 1800 783 1839 an
815 1801 934 1840 cum
955 1801 1016 1840 ea
1048 1792 1314 1854 prostrata
1341 1784 1543 1838 nullum
1591 1782 1841 1837 acerbum
1889 1796 2017 1835 ver—

425 1874 549 1928 bum
580 1875 960 1943 pronuntiavit,
985 1875 1081 1931 sed
1106 1877 1272 1930 Deum
1304 1875 1549 1929 laudibus
1579 1873 1795 1928 affecit?
1850 1871 2010 1934 Atqui

425 1967 553 2022 illud
578 1969 784 2022 virtutis
805 1985 1000 2024 munus
1026 1977 1161 2035 erat,
1211 1968 1312 2023 hoc
1358 1966 1655 2037 perpessio.
1697 1965 1831 2021 Utro
1881 1974 2014 2018 tem-

424 2075 553 2128 pore
593 2059 1021 2133 insigniorerat,
1052 2060 1137 2115 die
1167 2073 1368 2129 qumso,
1418 2074 1539 2114 cum
1580 2057 1808 2112 ﬁliorum
1855 2070 2014 2111 causa

423 2150 743 2205 sacriﬁcium
773 2151 1051 2217 olfcrebat,
1079 2167 1278 2219 eosque
1309 2151 1448 2205 inter
1475 2165 1534 2204 se
1559 2149 1902 2212 conciliabat,
1945 2163 2010 2202 an

423 2255 546 2296 cum
576 2241 705 2308 ipsis
729 2241 921 2296 domus
951 2243 1102 2295 ruina
1134 2241 1358 2307 obrutis,
1384 2241 1834 2307 acerbissin‘toquc
1864 2255 2011 2292 mor-

423 2331 491 2383 tis
515 2345 712 2399 genere
741 2331 808 2384 de
831 2330 1008 2385 medio
1023 2330 1265 2394 sublatis,
1298 2346 1553 2400 perquam
1575 2332 1847 2400 sapienter
1870 2331 2010 2385 hunc

428 2433 614 2473 casum
641 2419 792 2473 tulit?
822 2419 952 2475 Utro
999 2429 1238 2489 tempore
1268 2422 1435 2490 magis
1474 2421 1726 2484 emicuit,
1776 2437 1898 2475 cum
1943 2422 2010 2476 de

420 2510 598 2563 ovium
629 2509 796 2579 ipsius
820 2509 1106 2566 velleribus
1133 2510 1397 2566 nudortnn
1429 2511 1636 2567 humeri
1667 2512 2004 2579 caleticbant,

419 2615 489 2654 an
511 2615 634 2655 cum
664 2601 824 2656 allato
844 2602 1034 2656 nuntio
1074 2603 1248 2673 ignem
1299 2603 1366 2658 de
1413 2604 1547 2658 cado
1594 2605 1894 2670 cecidisse,
1954 2615 2009 2661 ct

422 2690 733 2746 universum
758 2708 972 2763 gregem
1004 2709 1104 2747 una
1135 2709 1258 2749 cum
1283 2695 1584 2764 pastoribus
1604 2695 1962 2764 absumpsisse
1985 2737 2000 2763 ,

418 2783 638 2838 minime
658 2795 955 2840 commotus
984 2801 1046 2842 ac
1076 2787 1416 2856 perturbatus
1437 2797 1540 2854 est,
1583 2803 1768 2843 verum
1795 2789 2010 2843 calami-

421 2881 584 2927 tatem
616 2874 753 2930 hanc
775 2891 928 2946 aequo
953 2879 1135 2932 animo
1161 2878 1317 2933 tulit?
1363 2877 1494 2934 Utro
1543 2888 1784 2948 tempore
1836 2880 2008 2950 major

419 2973 552 3026 erat,
585 2980 705 3019 cum
732 2966 882 3021 ﬁrma
908 2969 1149 3038 corporis
1168 2969 1473 3024 valetudine
1500 2968 1785 3037 frueretur,
1814 2985 1914 3039 qua
1939 2971 2005 3025 ad

416 3067 606 3109 eorum
632 3056 720 3125 qui
754 3056 1002 3126 injuriam
1029 3068 1369 3129 acceperant,
1413 3059 1780 3116 defensionem
1813 3062 2004 3116 uteba-

416 3152 525 3210 tur,
547 3155 600 3201 et
629 3147 927 3217 iniquorum
959 3151 1129 3206 molas
1149 3153 1476 3217 conterebat,
1520 3161 1680 3222 atque
1721 3168 1786 3206 ex
1814 3154 2005 3207 mediis

419 3237 656 3306 ipsorum
701 3238 947 3295 dentibus
1000 3241 1232 3311 praedam
1281 3241 1573 3312 eripiebat,
1627 3243 2004 3312 Oppressisque

417 3334 602 3396 portus
623 3339 736 3381 erat
754 3345 768 3383 :
787 3344 852 3382 an
865 3343 985 3384 cum
1002 3345 1198 3401 corpus
1213 3345 1389 3396 suum,
1411 3332 1656 3387 laesorum
1675 3333 1998 3402 praesidium,

416 3432 447 3471 a
481 3418 747 3474 vermibus
771 3421 979 3475 corrodi
1007 3421 1387 3492 conspiciebat,
1416 3431 1572 3492 atque
1603 3423 1654 3478 in
1672 3425 2002 3494 sterquilinio

415 3507 629 3572 sedens,
669 3518 884 3579 accepta
917 3520 1051 3567 testa
1081 3512 1209 3567 illud
1238 3513 1351 3584 ipse
1381 3513 1640 3568 radebat?
1660 3515 1840 3570 Glebas
1857 3517 1998 3571 cnim

416 3609 563 3652 terrae
584 3600 777 3667 mollia,
808 3602 997 3673 inquit,
1029 3606 1220 3658 saniem
1249 3606 1432 3659 radens
1482 3605 1604 3676 (Job
1633 3608 1684 3660 7.
1728 3609 1804 3678 5).
1838 3610 1998 3679 Atqui

416 3690 592 3743 omnia
626 3691 715 3744 illa
748 3693 954 3747 virtutis
975 3708 1135 3762 opera
1161 3704 1312 3749 erant
1341 3713 1355 3748 :
1384 3707 1567 3750 contra
1592 3737 1607 3763 ,
1657 3696 1771 3751 [nec
1819 3699 1997 3752 omnia

417 3781 788 3850 perpessiones
817 3799 830 3836 :
863 3791 918 3837 et
943 3792 1118 3840 tamen
1143 3783 1257 3839 haec
1280 3783 1381 3856 ipsi
1408 3785 1682 3855 majorem,
1702 3801 1859 3857 quam
1883 3789 1995 3856 illa,

413 3870 754 3939 Splendorem
793 3873 1104 3928 attulerunt.
1152 3874 1264 3929 Hoc
1289 3875 1430 3929 enim
1461 3875 1802 3931 acerbissima
1831 3876 1998 3947 praalii

417 3977 539 4030 pars
566 3971 699 4028 erat,
733 3967 1097 4035 maioremque
1138 3965 1501 4022 fortitudinem
1529 3968 1798 4038 animique
1827 3969 1994 4024 ﬁrmi-

416 4060 601 4117 tatem,
631 4061 685 4107 et
713 4055 906 4108 mentis
924 4056 1244 4125 sapientiam
1264 4097 1278 4122 ,
1332 4066 1491 4128 atque
1534 4059 1844 4128 ampliorem
1870 4075 1994 4130 erga

416 4141 580 4194 Deum
603 4142 877 4196 caritatem
907 4145 1232 4212 requirebat.
1261 4147 1443 4216 anue
1463 4147 1530 4202 de
1555 4164 1735 4215 causa,
1765 4165 1884 4204 cum
1908 4151 1994 4206 illa

415 4230 626 4297 ﬁerent,
686 4231 1023 4300 impudenter
1053 4234 1266 4303 quidem
1297 4251 1359 4290 ac
1401 4251 1657 4306 perquam
1707 4239 1946 4310 improbe
1976 4280 1992 4306 ,

413 4323 507 4377 sed
534 4331 709 4378 tamen
736 4323 1108 4380 obluctabatur
1134 4327 1377 4383 diabolus
1403 4369 1416 4392 ,
1465 4329 1547 4384 his
1589 4333 1765 4387 verbis
1797 4341 1952 4388 utens
1976 4354 1990 4389 :

415 4413 681 4485 Numquid
699 4413 798 4468 Job
828 4420 1017 4486 frustra
1037 4417 1156 4470 colit
1179 4415 1346 4471 Deum
1399 4419 1520 4488 (Job
1548 4421 1598 4474 1.
1628 4420 1729 4492 9)?
1759 4422 1828 4477 At
1871 4438 1992 4477 cum

413 4506 528 4560 luce
551 4506 888 4573 accidissent,
914 4508 1118 4577 pudore
1144 4509 1377 4565 sulfusus
1405 4520 1550 4582 terga
1568 4511 1732 4580 dedit,
1790 4529 1853 4569 ac
1907 4530 1994 4570 se-

411 4597 592 4662 cessit,
621 4598 785 4669 utqui
811 4614 878 4654 ne
903 4599 1226 4668 impudentis
1255 4601 1466 4670 quidem
1497 4602 1653 4657 ullius
1679 4604 1992 4674 objectionis

411 4688 653 4742 umbram
681 4689 909 4759 aliquam
941 4688 1198 4754 haberet,
1247 4705 1406 4759 quam
1455 4691 1827 4760 praetenderet.
1878 4694 1991 4750 [loc

411 4780 552 4833 enim
579 4795 898 4836 coronarum
926 4780 1188 4850 colophon
1217 4789 1298 4836 est
1321 4822 1335 4846 ,
1391 4782 1492 4837 hoc
1517 4799 1757 4839 summus
1783 4786 1990 4842 virtutis

410 4884 567 4938 apex,
597 4869 700 4925 hoc
725 4873 1064 4942 perSpicnum
1097 4871 1422 4927 fortitudinis
1441 4884 1832 4943 argumentum,
1886 4877 1990 4932 hoc

409 4975 635 5015 sunmus:
662 4962 1012 5033 philosophia:
1051 4965 1283 5019 culmen.
1317 4965 1449 5019 Illud
1495 4966 1655 5020 etiam
1700 4969 1989 5024 ostendens

411 5050 495 5106 hic
544 5050 683 5106 idem
735 5052 922 5108 beatus
968 5053 1091 5120 Job,
1123 5065 1323 5125 quanto
1349 5055 1594 5112 acerbior
1636 5057 1705 5112 sit
1742 5060 1990 5115 maeroris

411 5142 672 5210 tyrannis,
728 5158 888 5212 quam
934 5159 1119 5210 mors,
1177 5145 1314 5200 hanc
1356 5147 1596 5216 requiem
1649 5149 1984 5218 appeilabat:

411 5230 555 5285 Mors
584 5233 747 5300 enim,
773 5233 1099 5303 inquit,v.’ro
1150 5236 1342 5302 requies
1392 5237 1534 5307 (Job
1573 5241 1626 5292 5.
1657 5239 1785 5308 25);
1828 5251 1988 5308 atque

408 5335 528 5374 eam
559 5323 745 5391 gratia:
773 5323 894 5379 loco
921 5324 1156 5394 petebat,
1187 5334 1243 5380 ut
1287 5341 1316 5380 a
1363 5343 1593 5384 ttimrore
1623 5328 1937 5384 liberaretur
1968 5371 1983 5397 ,

408 5409 590 5465 dicens
613 5428 625 5464 :
651 5414 772 5477 Quis
792 5415 874 5466 det
897 5425 948 5466 ut
964 5416 1126 5467 veniat
1152 5416 1323 5484 petitio
1346 5433 1476 5480 mea,
1502 5429 1547 5472 et
1572 5420 1707 5486 quod
1728 5433 1982 5488 exspecto,

408 5499 592 5553 tribuat
623 5503 744 5554 milli
771 5501 941 5555 Deus?
971 5503 1037 5556 Et
1073 5504 1160 5570 qui
1187 5507 1373 5574 coepit,
1417 5508 1524 5576 ipse
1568 5525 1646 5562 me
1669 5520 1910 5578 conterat,
1941 5522 1986 5566 et

408 5592 628 5647 sttccidat
656 5610 733 5648 me
762 5610 913 5663 usque
933 5595 985 5648 in
1019 5595 1218 5663 finem:
1265 5609 1308 5650 ct
1352 5601 1467 5654 urbs
1514 5618 1592 5665 ca,
1639 5619 1791 5673 super
1842 5607 1986 5675 cujus

409 5694 581 5735 muros
631 5684 896 5756 saltabam,
946 5686 1227 5757 sepulcrum
1268 5691 1390 5746 mihi
1433 5694 1495 5748 sit
1541 5693 1762 5766 (Idem,
1795 5696 1848 5753 6.
1896 5700 1983 5754 8.-

1307 290 1362 347 S.
1403 289 1637 347 JOANN.
1675 287 2142 344 Cllﬁ‘SOSTOMl
2173 290 3024 350 ΑΒΕΙΙΙΕΙ“.ΕΟΝ5ΤΑΝΤΙΝΟΡ.

3612 303 3712 362 580

2131 400 2241 472 10).
2294 403 2368 457 ita
2416 405 2652 458 omnium
2695 420 2870 459 rerum
2919 406 3228 475 gravissima
3279 417 3360 464 est
3408 425 3652 467 lliu‘SlllM
3696 432 3710 445 ·

2129 506 2289 558 porro
2319 509 2427 561 quo
2451 495 2663 564 gravior
2684 535 2698 560 ,
2759 509 2825 549 eo
2867 510 3079 566 quoque
3109 498 3364 566 majorem
3411 505 3710 559 mercedem

2130 579 2307 635 habet.

2203 673 2257 727 8.
2304 673 2537 740 Quantus
2563 692 2623 730 ea:
2647 677 3018 732 calamitatibus
3047 683 3243 750 [ructus
3287 681 3502 738 oriatur.
3551 681 3710 741 Nulla

2126 766 2284 818 virtus
2321 765 2428 819 sine
2466 766 2637 820 labore
2662 785 2896 838 magnam
2921 769 3122 825 laudem
3151 774 3322 842 refert.
3349 804 3421 814 —-
3442 773 3511 830 Ut
3534 786 3708 834 autem

2127 856 2346 911 aliunde
2372 873 2584 928 quoque
2632 860 2898 932 intelligas
2925 873 3154 932 quantus
3204 881 3268 920 ex
3321 868 3710 929 calamitatibus

2127 947 2330 1003 fruetus
2358 961 2653 1020 promanet,
2687 955 2892 1010 etiamsi
2923 972 3028 1010 non
3061 958 3152 1013 Dei
3175 974 3333 1015 causa
3359 963 3477 1031 quis
3520 982 3706 1036 perpe-

2127 1041 2286 1096 t7atur
2317 1043 2512 1110 (nemo
2534 1060 2620 1099 me
2647 1045 2747 1100 hoc
2792 1047 2908 1101 loco
2955 1049 3294 1120 hyperbolice
3341 1053 3483 1124 loqui
3529 1061 3708 1113 existi-

2126 1132 2266 1203 met)
2287 1175 2301 1200 ,
2355 1136 2514 1188 modo
2554 1147 2774 1192 strenuo
2799 1154 2861 1192 ac
2889 1139 3095 1208 placido
3120 1144 3297 1196 animo
3324 1145 3491 1214 ferat,
3543 1150 3704 1205 Deum

2127 1223 2180 1276 in
2209 1226 2454 1280 omnibus
2479 1227 2644 1296 gloria
2683 1229 2954 1285 alliciens'
2985 1249 2998 1284 :
3030 1232 3170 1288 idem
3215 1234 3330 1300 hic,
3383 1253 3442 1293 se
3494 1253 3706 1310 propter

2129 1313 2296 1368 Deum
2323 1314 2438 1370 hzec
2464 1318 2592 1386 pati,
2623 1319 2843 1376 minime
2870 1331 3044 1388 norat,
3077 1332 3134 1378 et
3165 1334 3339 1380 tamen
3359 1328 3479 1383 ideo
3508 1347 3700 1386 corona

2123 1406 2441 1474 donabatur,
2466 1410 2606 1480 quod
2626 1412 2724 1467 etsi
2756 1427 2968 1468 causam
2998 1430 3102 1471 non
3132 1426 3341 1482 nosset,
3373 1428 3591 1475 strenuo
3620 1433 3699 1476 ta-

2122 1513 2244 1552 men
2285 1498 2465 1554 animo
2512 1502 2839 1560 calamitates
2881 1506 3200 1576 perferebat.
3231 1509 3461 1567 Lazarus
3490 1529 3701 1585 quoque

2122 1589 2230 1655 ille,
2257 1591 2308 1644 in
2337 1593 2582 1648 morbum
2614 1596 2893 1665 prolapsus
2941 1598 3084 1671 (hoc
3115 1616 3273 1670 porro
3304 1619 3404 1658 non
3436 1617 3548 1660 erat
3577 1625 3699 1676 pro-

2123 1686 2239 1748 pter
2270 1681 2435 1736 Deum
2466 1685 2644 1755 pati),
2691 1695 2866 1743 tamen
2908 1688 3028 1758 quia
3084 1690 3314 1761 inopiam
3354 1698 3648 1751 curantium
3680 1742 3695 1767 ,

2120 1788 2515 1846 mmroremque
2544 1777 2719 1845 illum,
2749 1796 2904 1850 quem
2929 1791 2980 1836 et
3011 1782 3209 1850 ulcera,
3243 1795 3296 1840 et
3323 1785 3510 1854 fames,
3535 1799 3584 1844 et
3611 1791 3694 1844 dio

2118 1865 2245 1920 vitis
2288 1877 2622 1939 contemptus
2683 1881 2842 1942 atque
2889 1875 3174 1931 crudelitas
3239 1878 3523 1944 all‘erebat,
3577 1882 3695 1939 forti

2118 1955 2299 2011 animo
2332 1959 2470 2024 tulit,
2513 1976 2644 2031 quas
2670 1977 2896 2018 coronas
2917 1977 3274 2036 renscquutus
3299 1971 3386 2037 sit,
3411 1987 3516 2026 non
3540 1982 3590 2028 te
3611 1972 3700 2029 fu-

2117 2048 2211 2117 git.
2241 2050 2398 2120 Atqui
2430 2052 2630 2107 nullum
2664 2055 2806 2109 illius
2835 2057 3154 2126 praeclarum
3184 2076 3316 2130 opus
3358 2063 3651 2122 invenimus
3677 2085 3700 2134 ι

2118 2157 2222 2194 non
2247 2141 2386 2211 quod
2418 2159 2678 2214 pauperes
2706 2147 3066 2204 misericordia
3093 2163 3450 2223 prosequutus
3477 2158 3566 2224 sit,
3587 2173 3697 2215 non

2117 2233 2257 2301 quod
2287 2233 2427 2290 lmsis
2457 2251 2610 2307 opem
2635 2237 2832 2305 tulerit,
2867 2250 2956 2294 aut
2979 2239 3120 2297 aliud
3158 2245 3408 2314 quiddam
3454 2248 3691 2318 ejusdem

2113 2324 2327 2391 generis
2353 2341 2472 2379 cum
2504 2327 2697 2382 virtute
2722 2330 2978 2399 gesserit;
3012 2347 3195 2387 verum
3219 2335 3346 2389 illud
3373 2335 3643 2392 dumtaxat
3670 2379 3688 2405 ,

2113 2411 2253 2480 quod
2273 2428 2368 2481 pro
2396 2414 2572 2469 divitis
2597 2417 2800 2472 foribus
2823 2419 3071 2489 jacuerit,
3115 2423 3256 2493 quod
3287 2425 3506 2482 adversa
3553 2429 3692 2484 vale-

2113 2502 2295 2558 tudine
2316 2505 2586 2576 laborarit,
2616 2510 2754 2578 quod
2783 2512 2948 2581 ipsius
2974 2515 3276 2572 vulneribus
3301 2534 3460 2575 canes
3485 2521 3689 2591 linguas

2112 2594 2474 2666 admoverim,
2501 2616 2563 2656 ac
2585 2601 2815 2674 denique
2852 2607 2992 2676 quod
3022 2607 3171 2664 dives
3192 2626 3312 2665 cum
3344 2613 3412 2666 sit
3437 2628 3688 2682 asperna-

2113 2697 2216 2758 tus,
2248 2709 2364 2763 qua:
2391 2696 2567 2750 omnia
2596 2697 2660 2751 ad
2689 2703 3086 2771 perpessionem
3117 2705 3449 2774 spectabant.
3494 2707 3560 2762 Et
3611 2717 3688 2762 ta-

2111 2801 2254 2854 men,
2285 2788 2410 2842 licet
2440 2790 2583 2844 nullo
2609 2791 2713 2845 alio
2730 2795 2942 2864 egregio
2973 2795 3183 2851 virtutis
3214 2814 3436 2854 munere
3464 2800 3679 2870 perfun-

2109 2886 2247 2945 ctus,
2271 2881 2391 2949 quia
2419 2882 2588 2936 solum
2617 2882 2919 2954 bujusmodi
2947 2889 3251 2943 maestitiam
3269 2899 3488 2946 strenuo
3509 2893 3697 2947 animo

2109 2969 2249 3036 tulit,
2273 2971 2514 3026 eamdem
2538 2989 2693 3043 quam
2727 2977 3047 3045 patriarcha,
3074 2981 3163 3049 qui
3203 2988 3278 3034 tot
3299 2996 3385 3036 res
3413 2997 3533 3036 cum
3575 2983 3685 3037 vir-

2111 3071 2219 3116 tute
2243 3074 2499 3133 gesserat,
2550 3076 2750 3121 sortem
2783 3079 2863 3124 est
2891 3083 3269 3142 consequutus.
3328 3074 3504 3128 Dicam
3551 3091 3693 3144 prce.

2110 3162 2253 3209 terea
2284 3155 2576 3227 quidpiam,
2605 3159 2744 3228 quod
2775 3162 2872 3215 elsi
2898 3163 2964 3218 ab
2995 3163 3268 3219 hominum
3285 3167 3532 3234 opinione
3553 3166 3686 3222 alie-

2110 3258 2232 3298 num
2294 3245 2566 3313 videatur,
2617 3258 2791 3304 tamen
2844 3266 3028 3306 verum
3084 3263 3199 3308 est:
3232 3270 3425 3324 nempe
3475 3257 3684 3312 etiamsi

2105 3337 2368 3406 quispiam
2393 3354 2638 3410 magnum
2668 3343 2882 3411 aliquod
2909 3353 2964 3398 et
3000 3345 3206 3402 illustre
3247 3362 3381 3417 opus
3420 3348 3681 3414 ediderit,

2105 3425 2198 3480 sed
2228 3428 2344 3482 sine
2367 3429 2570 3495 labore,
2603 3433 2851 3500 periculis
2871 3442 2924 3488 et
2949 3434 3357 3499 calamitatibus,
3387 3453 3509 3492 eum
3544 3437 3682 3492 haud

2105 3535 2351 3590 magnam
2378 3522 2500 3576 hinc
2545 3524 2846 3579 mercedem
2875 3525 3100 3580 laturum
3147 3542 3301 3583 esse:
3335 3526 3685 3600 Unusquisque

2103 3612 2245 3665 enim
2289 3613 2548 3681 propriam
2573 3614 2845 3668 mercedem
2862 3616 3070 3684 accipiet
3083 3617 3232 3686 juxta
3249 3619 3508 3688 proprium
3539 3619 3679 3672 labo-

2104 3716 2208 3752 rem
2237 3702 2321 3770 (l.
2356 3699 2473 3754 Cor.
2502 3701 2554 3754 5.
2583 3700 2638 3766 8)
2671 3721 2683 3756 :
2718 3719 2821 3757 non
2852 3705 3141 3759 secundmn
3188 3722 3366 3762 rerum
3393 3723 3456 3763 ex
3492 3708 3681 3764 virtute

2103 3800 2370 3860 gestarum
2395 3793 2831 3862 magnitudinem,
2865 3797 2957 3850 sed
2988 3812 3083 3867 pro
3110 3798 3493 3867 calamitatum,
3548 3816 3679 3871 quas

2103 3883 2399 3951 pertulerit,
2423 3884 2586 3938 mole.
2620 3885 2878 3951 Quocirca
2918 3888 3111 3944 Paulus
3139 3891 3298 3945 etiam
3326 3906 3386 3947 se
3425 3893 3634 3962 jactans
3660 3936 3675 3957 .

2100 3989 2205 4027 non
2236 3975 2306 4029 ob
2347 3974 2398 4028 id
2451 3985 2652 4030 tantum
2705 3978 2983 4048 gloriatur,
3016 3982 3156 4051 quod
3203 3983 3325 4038 boni
3374 3985 3571 4054 aliquid
3615 4001 3678 4041 ac

2102 4067 2339 4136 praeclari
2360 4070 2618 4138 gesserit,
2647 4070 2737 4124 sed
2772 4073 2929 4126 etiam
2967 4073 3108 4144 quod
3137 4075 3291 4131 malis
3336 4075 3556 4132 allectus
3585 4078 3672 4133 sit.

2100 4158 2232 4212 Cum
2263 4161 2404 4213 enim
2424 4161 2665 4226 dixisset,
2700 4162 2924 4218 Ministri
2938 4163 3125 4219 Christi
3150 4176 3286 4236 sunt,
3325 4178 3378 4222 ut
3398 4170 3560 4225 minus
3586 4186 3673 4223 sa-

2102 4250 2242 4319 piens
2259 4251 2454 4322 loquar,
2489 4253 2602 4322 plus
2627 4270 2714 4324 ego
2741 4253 2824 4326 (2.
2848 4254 2964 4310 Cor.
2997 4257 3083 4311 ll.
3105 4258 3195 4330 25)
3223 4273 3237 4311 :
3271 4269 3447 4330 atque,
3478 4270 3674 4332 quanto

2098 4338 2175 4393 eis
2191 4344 2526 4408 praestantior
2540 4352 2700 4410 esset,
2721 4359 2841 4398 cum
2857 4359 2922 4400 ex
2938 4348 3333 4416 comparatione
3354 4349 3674 4406 demonstra-

2098 4443 2157 4484 re
2176 4429 2430 4494 studeret,
2455 4448 2562 4486 non
2580 4434 2728 4500 dixit,
2748 4435 2849 4490 Tot
2871 4446 2923 4492 et
2941 4446 3017 4491 tot
3034 4438 3332 4495 hominibus
3351 4441 3630 4510 prtedicavi
3653 4459 3666 4495 :

2100 4535 2286 4575 verum
2313 4522 2524 4577 omissis
2554 4523 2617 4578 iis
2657 4541 2775 4595 qua:
2796 4542 2865 4581 ex
2895 4528 3090 4584 virtute
3113 4541 3370 4600 gesserat,
3403 4533 3536 4586 mala
3563 4549 3625 4588 ea
3655 4577 3668 4599 ,

2096 4626 2216 4680 qua:
2240 4627 2525 4682 perpessus
2553 4622 2656 4682 est,
2674 4630 2971 4685 enumerat,
3025 4620 3107 4676 his
3136 4623 3312 4677 verbis
3343 4641 3356 4675 :
3383 4623 3450 4677 In
3478 4625 3670 4679 labori-

2095 4700 2186 4755 bus
2211 4701 2568 4772 abundantius,
2597 4706 2648 4759 in
2679 4707 2843 4777 plagis
2870 4726 3026 4780 supra
3074 4713 3296 4779 modum,
3350 4715 3403 4767 in
3448 4716 3665 4768 carceri-

2097 4793 2191 4847 bus
2245 4794 2604 4862 abundantius,
2652 4799 2705 4851 in
2754 4801 2996 4856 mortibus
3046 4805 3346 4872 frequenter.
3394 4805 3668 4876 Quinquies

2095 4885 2445 4957 quadragenas
2466 4904 2565 4942 una
2591 4890 2756 4944 minus
2781 4907 2811 4943 a
2836 4889 3032 4947 Judwis
3057 4895 3266 4964 accepi;
3291 4905 3364 4948 ter
3392 4897 3542 4966 virgis
3576 4912 3672 4950 ca:-

2094 4991 2180 5030 sus
2205 4995 2336 5045 sum,
2366 4981 2519 5034 semel
2548 4982 2801 5052 lapidatus
2821 5000 2952 5051 sum,
2988 4995 3061 5039 ter
3090 4989 3417 5058 naufragium
3447 4991 3561 5060 feci,
3593 4989 3672 5043 die

2091 5079 2307 5124 “nocte
2323 5072 2375 5125 in
2400 5075 2652 5145 profundo
2674 5077 2828 5130 maris
2844 5077 2918 5146 [ui
2929 5077 3012 5130 :in
3029 5077 3286 5132 itineribus
3302 5096 3454 5150 serpe,
3476 5081 3669 5151 pericu-

2093 5159 2155 5213 lis
2171 5163 2457 5228 ﬂuminum,
2481 5167 2720 5233 periculis
2745 5168 3032 5235 latronum,
3083 5171 3318 5240 periculis
3360 5189 3426 5226 ea:
3471 5190 3667 5244 genere,

2092 5254 2327 5321 periculis
2358 5272 2419 5308 ea:
2438 5258 2662 5325 gentibus
2691 5300 2705 5324 ,
2751 5261 2987 5330 periculis
3012 5263 3063 5315 in
3084 5263 3300 5328 civitate,
3348 5267 3582 5334 periculis
3617 5281 3671 5320 ta

2090 5346 2382 5410 solitudine,
2417 5350 2653 5417 periculis
2683 5352 2734 5405 in
2761 5354 2909 5419 arari,
2944 5355 3179 5425 periculis
3207 5357 3259 5410 in
3302 5356 3447 5426 falsis
3493 5358 3667 5426 fram-

2093 5434 2182 5488 bus
2209 5452 2229 5490 :
2258 5438 2309 5489 in
2337 5438 2507 5493 labore
2533 5450 2576 5494 et
2595 5458 2842 5509 aerumna,
2865 5446 2918 5499 in
2941 5446 3121 5518 vigiliis
3144 5449 3333 5511 multis,
3362 5451 3418 5503 in
3439 5451 3592 5518 fatue,
3617 5451 3670 5503 in

2089 5527 2192 5588 siti,
2214 5528 2263 5578 in
2287 5529 2541 5593 nuditate;
2571 5544 2812 5600 praeterea
2837 5553 2948 5603 quia
2973 5538 3280 5592 extrinsecus
3309 5555 3444 5602 sunt,
3472 5541 3667 5593 instan-

2092 5617 2161 5669 tia
2191 5634 2298 5671 mea
2325 5621 2620 5688 quotidiana
2645 5623 2751 5694 (Ib.
2784 5640 2828 5678 υ.
2858 5626 2929 5682 25
2954 5657 2976 5668 -
3002 5627 3115 5698 28).

2156 5733 2168 5762 ¹
2197 5733 2329 5781 δίῃ-ῆι.
2359 5731 2646 5796 post,gloria
2661 5732 2888 5799 alliciens,
2901 5737 3048 5798 addit,
3074 5733 3463 5802 magnaslaudrs
3479 5741 3664 5791 olttt'nct.
