4058 6218
362 258 465 315 579

360 376 495 449 ηνὴς
515 375 609 428 καὶ
630 373 834 445 ἥμερος
859 368 945 445 ἦν,
971 372 1063 427 καὶ
1087 372 1252 427 αὑτοῦ
1278 373 1372 427 τοῦ
1401 375 1614 445 μέλιτος
1637 375 1800 448 ἡδίων
1821 378 1933 436 τοῖς

358 484 418 522 τε
448 466 630 529 ἄλλοις
671 466 840 520 ἂπασι
881 468 972 519 καὶ
1004 469 1114 530 τοῖς
1145 468 1381 529 οἰκέταις
1411 469 1521 530 τοῖς
1549 466 1736 532 αὑτοῦ,
1763 468 1812 521 οἴ
1842 466 1935 520 τοῦ

360 557 561 629 ἔρωτος
592 556 652 612 ὃν
684 558 830 628 ἥρων
853 556 1061 611 ἐκείνου
1092 557 1232 627 μέγα
1263 558 1583 629 ἐκφέροντες
1608 559 1801 630 δεῖγμα
1823 559 1937 612 ἔλε-

358 666 483 720 γοϊ
524 650 619 716 Τίς
650 648 728 703 ἂν
750 648 873 718 δῴη
906 649 1050 719 ἡμῖν
1078 649 1195 703 τῶν
1224 648 1469 719 σαρκῶν
1491 651 1680 705 αὑτοῦ
1705 652 1935 720 ἐμπλη-

356 740 579 811 σθῆναι
584 758 614 809 ;
640 741 704 794 EE
735 740 790 793 δὲ
818 741 1054 805 οἰκέταις
1082 740 1223 796 οὕτω
1249 742 1493 807 ποθεινὸς
1525 737 1614 815 ἦν,
1642 741 1812 805 οὕτως
1840 744 1937 794 ἐπ-

357 833 606 905 έραστος,
651 828 734 896 οἷς
779 833 990 904 ἀνάγκη
1040 833 1298 899 πολλάκις
1349 835 1444 888 καὶ
1496 833 1725 905 φοϐερὸν
1774 831 1932 901 εἶναι,

359 925 544 997 mm;
579 925 780 996 μᾶλλον
805 927 917 989 τοῖς
947 924 1126 990 ἄλλοις
1158 926 1361 980 ἅπασιν
1393 925 1720 998 ἀνθρώποις.

432 1018 498 1083 ζ’.
524 1016 710 1073 Ταῦτα
729 1017 793 1090 δὴ
816 1013 909 1072 οῦν
926 1016 1019 1070 καὶ
1044 1017 1112 1072 τά
1133 1016 1341 1074 τούτων
1370 1017 1589 1071 πλείονα
1614 1016 1933 1086 συλλέξασα,

357 1109 516 1181 δεῦρο
541 1109 720 1180 βάδιζε
744 1113 863 1181 μετ’
881 1107 1016 1182 ἐμοῦ
1048 1110 1140 1165 ἐπὶ
1161 1110 1254 1165 τὸν
1283 1111 1391 1166 τῶν
1415 1111 1751 1183 παθημάτων
1774 1108 1934 1165 αὑτοῦ

360 1203 680 1273 κατάλογον,
706 1202 800 1256 καὶ
825 1201 1020 1274 ἴδωμεν
1048 1204 1439 1275 συγκρίναντες
1472 1204 1605 1261 πότε
1627 1203 1935 1275 λαμπρότε-

361 1309 453 1362 ρος
472 1287 562 1364 ἦν,
581 1282 670 1347 ὅτε
695 1294 876 1347 ἐκεῖνα
898 1293 1253 1366 κατώρθου,ἢ
1277 1295 1365 1350 ὅτε
1387 1294 1591 1366 ἔπασχε
1612 1296 1682 1350 τὰ
1702 1294 1937 1370 ὀδυνηρά

358 1383 453 1435 καὶ
485 1382 685 1455 πολλὴν
732 1383 1007 1438 ἐντιθέντα
1048 1384 1199 1457 αὐτῷ
1244 1387 1344 1459 τὴν
1382 1387 1644 1459 ἀθυμίαν.
1680 1387 1819 1441 Πότε
1841 1382 1935 1441 οὖν

355 1474 733 1548 λαμπρότερος
748 1470 817 1548 ἦν
836 1478 865 1530 ό
880 1473 1028 1543 ἰώϐς
1059 1478 1148 1532 ὅτε
1179 1478 1275 1550 τὴν
1302 1478 1479 1533 οἰκίαν
1491 1478 1655 1534 αὑτοῦ
1673 1480 1807 1533 πᾶσι
1825 1481 1935 1544 τοῖς
1955 1492 1959 1498 ·

357 1566 645 1636 παριοῦσιν
682 1567 944 1639 ἀνέῳγεν,
967 1568 1000 1640 ἢ
1031 1569 1121 1624 ὅτε
1149 1571 1566 1643 κατενεχθείσης
1590 1572 1761 1644 αὐτῆς
1783 1572 1935 1627 οὐδὲν

356 1656 657 1726 ἐφθέγξατο
676 1658 831 1730 ῥῆμα
857 1660 1071 1733 πικρὸν,
1083 1662 1496 1735 ἀλλἐὑφήμησε
1512 1663 1605 1717 τὸν
1621 1663 1782 1732 Θεόν;
1802 1664 1936 1719 Καί-

353 1767 439 1804 τοι
455 1752 515 1804 τὸ
534 1751 635 1822 μὲν
653 1752 985 1825 κατόρθωμα
1005 1751 1092 1827 ἦν,
1111 1757 1173 1810 τὸ
1190 1756 1247 1810 δέ
1276 1757 1526 1829 πάθημα.
1553 1758 1690 1811 Πότε
1721 1759 1938 1830 φαιδρό·

355 1861 413 1897 τε
421 1840 610 1915 ρος¹ἦν,
626 1845 748 1899 εἰπέ
762 1863 872 1917 μοι,
889 1847 977 1900 ὅτε
994 1846 1150 1900 ἔθυεν
1163 1848 1303 1920 ὑπὲρ
1313 1847 1422 1902 τῶν
1432 1848 1680 1916 παιδίων,
1694 1849 1936 1921 καὶπρὸς

355 1936 613 2006 ὁμόνοιαν
641 1938 836 2002 αὐτοὺς
868 1940 1120 2010 συνῆγεν,
1148 1941 1180 2012 ἢ
1222 1941 1313 1995 ὅτε
1345 1941 1805 2013 καταχωσθέντων
1840 1942 1937 1996 καὶ

358 2029 438 2100 τῷ
470 2030 787 2102 πικροτάτῳ
829 2031 1018 2102 τρόπῳ
1057 2034 1160 2103 τῆς
1210 2033 1469 2105 τελευτῆς
1512 2034 1936 2089 καταλυσάντων

354 2122 451 2174 τὸν
494 2122 631 2192 βίον,
685 2123 825 2194 μετά
868 2124 1072 2194 πολλῆς
1118 2126 1220 2195 τῆς
1255 2126 1575 2195 φιλοσοφίας
1623 2126 1823 2197 ἤνεγκε
1874 2125 1937 2178 τὸ

359 2213 611 2282 συμϐάν;
648 2215 784 2268 Πότε
837 2214 1037 2286 μᾶλλον
1076 2215 1406 2287 ἐξέλαμψεν,
1454 2218 1544 2270 ὅτε
1591 2217 1700 2270 ἀπὸ
1732 2219 1936 2289 κουρᾶς

355 2304 468 2358 τῶν
495 2304 679 2376 ἀρνῶν
724 2307 889 2360 αὐτοῦ
920 2307 1340 2384 ἐθερμάνθησαν
1369 2308 1593 2379 γυμνῶν
1624 2312 1675 2363 οἰ
1706 2304 1868 2380 ὦμοι,
1900 2310 1934 2381 ἢ

351 2396 443 2449 ὅτε
479 2396 719 2460 ἀκούσας
743 2397 823 2451 ὅτι
847 2397 958 2471 πῦρ
983 2397 1045 2463 ἐξ
1063 2398 1295 2470 οὐρανοῦ
1327 2398 1510 2464 ἔπεσε,
1542 2401 1635 2454 καὶ
1660 2402 1937 2471 κατέφαγε

352 2490 456 2557 τὴν
486 2489 691 2560 ἀγέλην
727 2489 913 2560 μετάι
954 2490 1063 2543 τῶν
1123 2491 1411 2561 ποιμένων,
1468 2492 1530 2545 οὑ
1577 2492 1934 2565 διεταράχθη,

351 2581 478 2633 οἰοδέ
515 2581 845 2653 ἐθορυϐήθη,
883 2582 1022 2636 ἀλλὰ
1054 2583 1243 2654 πράως
1269 2584 1467 2656 ἤνεγκε
1489 2585 1589 2656 τὴν
1625 2586 1932 2658 συμφοράν;

354 2672 493 2726 Πότε
528 2674 728 2743 μείζων
756 2668 844 2747 ἦν,
873 2674 963 2727 ὅτε
1001 2676 1066 2745 τῇ
1097 2672 1256 2745 ὑγεία
1277 2673 1373 2727 τοῦ
1406 2672 1658 2746 σώματος
1679 2675 1709 2715 ι)
1733 2677 1813 2739 εἰς
1836 2675 1934 2747 τὴν

351 2765 465 2818 τῶν
501 2764 873 2836 ἀδικουμένων
923 2765 1259 2837 προστασίαν
1309 2766 1596 2837 ἐκέχρητο.
1632 2766 1934 2838 συντρίϐων

356 2858 533 2929 μύλας
573 2857 795 2923 ἀδίκων,
855 2857 951 2911 καὶ
999 2858 1064 2912 ἐκ
1113 2858 1281 2929 μέσου
1331 2857 1441 2911 τῶν
1484 2858 1713 2912 ὀδόντων
1754 2858 1934 2914 αὐτῶν

352 2948 678 3024 ἐξαρπάζων
698 2949 1057 3023 ἁρπάγματα,
1085 2949 1178 3003 καὶ
1192 2948 1357 3021 λιμὴν
1382 2950 1563 3014 αὐτοῖς
1583 2950 1885 3022 γινόμενος,
1898 2950 1933 3022 ἢ

351 3044 444 3096 ὅτε
466 3042 531 3094 τὸ
550 3040 712 3112 σῶμα
738 3038 926 3104 αὑτοῦ,
952 3038 1013 3091 τὸ
1034 3038 1144 3092 τῶν
1176 3037 1546 3108 ἀδικουμένων
1576 3038 1759 3106 ὅπλον,
1788 3036 1936 3110 ἐώρα

356 3133 777 3205 κατεσθιόμενον
793 3130 898 3185 ὑπὸ
916 3130 1232 3202 σκωλήκων,
1256 3131 1350 3183 καὶ
1383 3129 1692 3202 καθήμενος
1721 3130 1814 3184 ἐπὶ⁵
1834 3130 1936 3201 τῆς

353 3225 609 3297 κοπρίας,
626 3224 720 3278 καὶ
735 3222 898 3287 αὐτὸς
917 3222 1050 3277 αὐτὸ
1074 3221 1354 3287 κατέξαινε
1370 3221 1549 3277 λαϐὼν
1562 3218 1719 3296 [560]
1741 3222 1937 3296 δστρα-

354 3335 483 3384 κον;
527 3316 691 3386 Τήκω
727 3314 838 3384 γὰρ
880 3313 1166 3381 ,βώλακας
1196 3312 1311 3384 τῆς
1347 3314 1464 3369 ἀπὸ
1496 3312 1711 3383 ίχῶρος
1760 3314 1932 3381 ξέων,

354 3412 512 3485 φησί.
546 3411 739 3465 Καίτοι
768 3412 953 3464 ἐκεῖνα
976 3409 1076 3478 μὲν
1102 3409 1280 3464 πάντα
1312 3407 1737 3479 κατορθώματα,
1762 3409 1936 3464 ταῦτα

352 3506 413 3559 δὲ
441 3504 619 3557 πάντα
645 3501 946 3573 παθήματα
965 3496 1062 3572 ἦν·
1088 3499 1204 3553 ἀλλ’
1220 3500 1370 3570 ὅμως
1398 3499 1572 3554 ταῦτα
1599 3500 1762 3555 αὐτὸν
1794 3501 1936 3555 ἐκεί-

356 3613 467 3649 νων
507 3594 890 3666 λαμπρότερον
929 3591 1202 3662 ἀπέφηνε.
1242 3590 1414 3645 Τοῦτο
1456 3590 1567 3663 γάρ
1606 3592 1842 3663 μάλιστα
1868 3595 1932 3648 τὸ

356 3687 687 3760 πικρότατον
714 3686 815 3757 τῆς
848 3683 1207 3755 παρατάξεως
1242 3683 1408 3755 μέρος
1440 3678 1530 3755 ἦν,
1563 3684 1658 3738 καὶ
1692 3686 1937 3755 μείζονος

353 3782 614 3853 δεόμενον
645 3779 745 3851 τῆς
772 3776 1045 3850 ἀνδρείας,
1077 3777 1172 3829 καὶ
1215 3777 1582 3848 εὐτονωτέρας
1604 3777 1805 3850 ψυχῆς,
1840 3780 1936 3833 καὶ

355 3872 699 3946 ὑψηλοτέρας
756 3870 992 3933 διανοίας
1009 3880 1058 3936 ο,
1108 3869 1203 3922 καὶ
1249 3867 1471 3922 πλείονα
1516 3871 1645 3940 περὶ
1667 3872 1760 3924 τὸν
1801 3872 1935 3927 Θεὸν

357 3965 595 4039 ἐχούσης
632 3962 873 4035 ἀγάπην.
906 3961 1007 4015 Διά
1022 3978 1105 4015 τοι
1124 3959 1302 4026 τοῦτο,
1327 3960 1552 4015 ἐκείνων
1578 3961 1678 4032 μὲν
1698 3962 1935 4034 γινομέ-

357 4077 489 4125 νων,
517 4060 568 4112 εἰ
594 4056 691 4111 καὶ
716 4053 1087 4124 ἀναισχύντως
1108 4051 1202 4106 καὶ
1229 4051 1437 4124 σφόδρα
1465 4051 1793 4125 λῃστρικῶς,
1818 4054 1934 4109 ἀλλ’

357 4151 513 4221 ὅμως
541 4148 795 4202 ἀντεῖπεν
814 4147 844 4200 ό
866 4143 1110 4207 διάϐολος
1129 4159 1144 4175 ·
1162 4141 1257 4210 Μὴ
1292 4140 1519 4210 δωρεὰν
1538 4141 1773 4198 σέϐεται
1807 4144 1940 4199 Ἰὼϐ

357 4244 469 4297 τόν
498 4240 647 4294 Θεόν
660 4255 682 4304 ;
727 4235 943 4292 Τούτων
997 4233 1056 4287 δὲ
1105 4231 1444 4304 συμϐάντων,
1491 4232 1936 4304 ἐγκαλυψάμενος

357 4330 676 4403 ἀνεχώρησε
731 4327 877 4383 νῶτα
914 4326 1059 4394 δοὺς,
1092 4324 1187 4379 καὶ
1230 4323 1351 4377 οὑδὲ
1384 4324 1741 4395 ἀναισχύντου
1787 4326 1933 4391 τινὸς

357 4424 668 4493 ἀντιλογίας
701 4420 860 4475 σκιὰν
886 4418 1016 4488 γοῦν
1046 4417 1186 4489 ἔχων
1218 4415 1601 4488 προϐαλέσθαι.
1633 4417 1802 4473 Τοῦτο
1826 4419 1935 4491 γὰρ

357 4515 655 4586 ὁκολοφὼν
703 4512 797 4569 τοῦ
846 4512 1137 4583 στεφάνου,
1170 4508 1327 4563 τοῦτο
1347 4509 1382 4580 ἡ
1410 4509 1637 4581 κορωνὶς
1675 4510 1773 4582 τῆς
1803 4513 1936 4583 ἀρε..

361 4609 486 4681 τῆς,
519 4605 679 4660 τοῦτο
700 4607 734 4675 ή
771 4601 949 4674 σαφὴς
996 4601 1096 4673 τῆς
1139 4600 1391 4672 ἀνδρείας
1426 4601 1722 4669 ἀπόδειξις,
1774 4603 1933 4659 τοῦτο

362 4702 396 4772 ἡ
453 4695 818 4770 ἀκριϐεστάτη
845 4694 945 4765 τῆς
974 4692 1289 4763 φιλοσοφίας
1333 4693 1603 4758 ἐπίτασις,
1646 4694 1831 4765 Δηλῶν
1878 4696 1936 4751 δὲ

362 4791 459 4845 καὶ
484 4788 648 4851 αὐτὸς
675 4780 828 4849 οὗτος
859 4787 888 4839 ὁ
913 4784 1183 4856 μακάριος
1222 4781 1366 4847 Ἰὼϐ,
1399 4784 1523 4837 ὅσον
1540 4784 1933 4858 χαλεπώτερον

357 4880 618 4954 τυραννὶς
667 4877 903 4949 ἀθυμίας
936 4876 1189 4939 θανάτου,
1220 4875 1529 4930 ἀνάπαυσιν
1558 4875 1720 4930 αὐτὸν
1753 4876 1931 4932 καλεῖ.

360 4969 629 5036 Θάνατος
662 4967 852 5036 ἀνδρί,
915 4966 1100 5037 φησὶν,
1165 4962 1528 5031 ἀνάπαυσις,
1591 4965 1687 5019 καὶ
1731 4967 1792 5019 ἐν
1837 4967 1938 5037 χά-

358 5078 507 5133 ριτο;
548 5059 712 5116 αὐτὸν
760 5061 989 5114 αἰτεῖται
1018 5056 1195 5129 μέρει,
1231 5054 1372 5109 ὥστε
1426 5054 1641 5126 ἐκείνης
1690 5056 1937 5110 ἀπαλλα-

357 5155 549 5225 γῆναι,
578 5152 779 5221 λέγων·
817 5154 883 5205 ιιι
928 5153 1040 5220 γὰρ
1092 5148 1212 5217 δῴη
1251 5148 1350 5203 καί
1373 5148 1538 5202 ἔλθοι
1566 5165 1686 5217 μου
1722 5149 1759 5216 ἡ
1781 5148 1937 5217 arm.

355 5265 482 5311 σις,
510 5247 611 5301 καὶ
638 5246 751 5314 τὴν
770 5245 989 5301 ἐλπίδα
1031 5262 1153 5315 μου
1181 5243 1349 5311 δῴηό
1377 5244 1542 5309 Θεός.
1583 5242 1936 5313 Ἀρξάμενος

421 5377 450 5407 ⁸
478 5375 802 5433 Πυοῐηεςπὴν
818 5376 1017 5438 ποίμνην
1038 5375 1168 5437 μετά.

422 5437 452 5477 1»
474 5437 571 5511 Hic
596 5438 762 5511 ᾏορις.
790 5440 1065 5511 ίιιεςι-υετιιι
1086 5433 1290 5511 ίὸηηιιοιι
1314 5436 1646 5510 expupx'imus
1665 5449 1773 5511 cu'm
1797 5435 1937 5511 ςξηξ-

358 5502 445 5549 ιίυ.
474 5499 648 5546 Morel.
674 5499 822 5547 habet
874 5501 953 5547 ὅτε
977 5501 1062 5555 τήν
1085 5497 1260 5557 ὑγίειαν
1283 5513 1321 5543 τ.
1352 5512 1398 5542 σ.
1441 5499 1685 5555 ἐκέκτητο,
1707 5497 1738 5557 ἦ
1767 5536 1777 5546 .
1830 5499 1937 5546 ἐκέ-

356 5577 533 5624 χρητο,
570 5573 715 5620 quam
742 5562 1003 5624 Ioctinrncm
1027 5559 1523 5624 reddidiliinlorpwg
1556 5559 1685 5624 ἰεζιιιτ.

425 5624 453 5684 ἦ
467 5617 714 5684 Duo—mss.
737 5624 814 5669 καὶ
840 5622 1213 5684 φιλοσοφωτέρας
1242 5617 1459 5678 διανοίας.
1488 5621 1638 5670 l’auln
1661 5627 1768 5683 [ψει
1789 5617 1936 5669 iidem

357 5699 391 5730 σ
402 5680 551 5744 φμὸδρα
570 5683 762 5744 ἰταμῶς.

1787 260 2165 320 ΕΡΙδἸὈΙΛΕ.

3502 278 3610 335 ατο

2042 380 2075 431 ό
2099 379 2310 448 Κύριος
2366 381 2644 450 τρωσσίτω
2663 400 2760 452 με,
2790 383 2904 439 καί-
2923 387 3005 449 εἰς
3026 384 3195 451 τέλος
3225 404 3303 456 με
3326 388 3604 446 ἀνελέτω.

2036 468 2148 534 Εἶη
2204 467 2272 523 δέ
2311 487 2411 540 μοι
2457 472 2494 539 ἠ
2540 474 2719 539 πόλις
2777 472 2983 543 τάφος,
3024 477 3116 546 ἐφ’
3144 472 3219 546 ἧς
3257 478 3357 531 ἐπὶ
3398 481 3612 550 τειχῶν

2037 556 2314 626 ἠλλόμην
2337 560 2430 613 ἐπ’
2460 562 2669 632 αὐτῆς.
2702 562 2859 618 Οὓτω
2898 566 3114 620 πάντων
3156 568 3452 640 βαρύτερον
3482 572 3613 627 ἀθυ-

2040 648 2171 718 μία·
2197 650 2309 720 ὂσῳ
2353 651 2411 704 δὲ
2456 652 2775 726 βαρύτερον,
2805 656 3047 728 τοσούτῳ
3090 659 3185 713 καὶ
3247 659 3466 732 μείζους
3498 663 3610 736 ἔχει

2034 738 2135 802 τάς
2164 740 2477 806 ἀντιδόσεις.

2107 832 2177 902 η’.
2197 832 2380 887 Ἴναδέ
2396 834 2487 890 καὶ
2509 834 2770 906 ἑτέρωθεν
2790 837 2986 910 μάθῃς,
3000 840 3125 893 ὅσον
3143 839 3417 911 τῶνξπαθη
3426 839 3613 911 μάτων

2035 920 2097 975 τὸ
2149 923 2359 994 κέρδος,
2398 924 2500 979 κᾶν
2537 927 2611 997 μὴ
2664 926 2753 981 διὰ
2792 928 2926 981 Θεόν
2978 947 3062 994 τις
3118 930 3267 1003 πάθῃ
3293 931 3410 1001 (καὶ
3436 932 3612 997 οὐδεὶς

2037 1012 2341 1087 ὑπερϐολὴν
2367 1014 2525 1071 τοῦτο
2548 1018 2855 1091 νομιζέτω),
2887 1021 3034 1092 πάθῃ
3064 1020 3121 1073 δέ
3150 1022 3320 1091 ὅμως,
3365 1023 3461 1079 καὶ
3483 1039 3612 1092 γεν-

2036 1102 2200 1167 ναίως
2217 1106 2415 1179 ἐνέγκῃ
2435 1108 2530 1162 καὶ
2557 1110 2767 1180 πράως,
2781 1111 2872 1163 τὸν
2890 1112 3021 1165 Θεὸν
3043 1113 3138 1166 ἐπὶ
3169 1115 3302 1167 πᾶσι
3328 1115 3565 1182 δοξάζων
3579 1115 3607 1155 ἀ

2036 1194 2197 1257 αὐτὸς
2215 1187 2369 1259 οὗτος
2393 1196 2494 1250 οὐκ
2522 1198 2658 1270 ᾔδει,
2680 1200 2760 1253 ὅτι
2783 1198 2871 1254 διά
2894 1201 2986 1254 τὸν
3006 1202 3136 1255 Θεὸν
3155 1201 3328 1257 ταῦτα
3349 1203 3606 1274 ἔπασχεν·

2036 1286 2185 1357 ὅμως
2222 1287 2312 1341 διὰ
2359 1289 2516 1343 τοῦτο
2564 1292 2940 1363 ἐστεφανοῦτο,
2983 1295 3067 1349 ὅτι
3109 1296 3228 1350 οὐδὲ
3284 1297 3384 1368 τὴν
3432 1296 3610 1351 αἰτίαν

2036 1378 2396 1452 ἐπιστάμενος
2442 1382 2732 1456 ἐκαρτέρει
2768 1387 3052 1455 γενναίως.
3105 1389 3216 1459 Καὶ
3267 1391 3297 1443 ὁ
3363 1390 3611 1461 Λάζαρος

2035 1470 2239 1536 ἐκεῖνος
2261 1473 2514 1546 ἀσθενείᾳ
2545 1474 2759 1544 φύσεως
2785 1478 3098 1549 περιπεσὼν
3130 1479 3308 1550 (τοῦτο
3332 1480 3390 1534 δὲ
3419 1481 3519 1535 οὐκ
3542 1477 3612 1552 ἦν

2035 1560 2205 1632 δήπου
2228 1564 2315 1617 διὰ
2341 1565 2432 1619 τὸν
2472 1565 2603 1620 Θεὸν
2651 1567 2889 1637 παθεῖν),
2919 1569 3107 1641 ἐπειδὴ
3132 1571 3269 1635 ὅλως
3302 1570 3493 1639 ἔπαθε,
3519 1573 3614 1627 καὶ

2035 1654 2398 1725 ἐκαρτέρησε,
2427 1655 2523 1709 καὶ
2549 1658 2815 1724 γενναίως
2848 1659 3046 1730 ἤνεγκε
3089 1661 3189 1732 τὴν
3227 1663 3465 1734 ἐρημίαν
3503 1661 3613 1716 τῶν

2038 1743 2450 1816 θεραπευόντων
2476 1757 2526 1812 θ,
2560 1746 2660 1819 τὴν
2709 1748 2818 1803 ἀπὸ
2865 1749 2976 1804 τῶν
3008 1750 3182 1805 ἐλκῶν
3229 1751 3488 1823 ἀθυμίαν,
3512 1753 3614 1824 τὴν

2037 1836 2145 1889 ἀπὸ
2178 1836 2270 1889 τοῦ
2320 1837 2505 1907 λιμοῦ,
2546 1837 2645 1910 τὴν
2690 1839 2798 1894 ἀπὸ
2830 1841 2929 1911 τῆς
2967 1842 3269 1915 ὑπεροψίας
3316 1842 3411 1897 τοῦ
3458 1844 3615 1898 πλουε

2038 1923 2155 1977 σίου
2185 1926 2276 1979 καὶ
2309 1927 2407 1995 τῆς
2441 1926 2744 1997 ὠμότητος,
2774 1926 2929 1981 οἶσθα
2954 1930 3158 2000 ήλίκων
3188 1931 3466 1985 ἀπέλαυσε
3493 1949 3614 1986 στε-

2037 2015 2237 2083 φάνων.
2268 2016 2460 2070 Καίτοι
2499 2033 2563 2085 γε
2589 2017 2755 2070 αὐτοῦ
2805 2018 3140 2091 κατόρθωμα
3184 2019 3335 2074 οὐδὲν
3378 2019 3613 2091 εὕρομεν

2036 2108 2241 2160 εἰπεῖν·
2269 2108 2369 2178 οὐχ
2406 2108 2487 2162 ὄτι
2527 2108 2767 2180 πένητας
2798 2110 3041 2181 ἐλέησεν,
3073 2111 3172 2183 οὐχ
3198 2113 3280 2166 ὅτι
3319 2112 3611 2182 ἀδικουμέ-

2036 2214 2147 2260 νοις
2187 2197 2458 2270 παρέστη,
2485 2200 2584 2270 οὑχ
2623 2200 2705 2253 ὅτι
2726 2200 2929 2271 ἀγαθόν
2951 2219 3003 2256 τι
3023 2203 3264 2257 τοιοῦτον
3293 2203 3610 2275 εἰργάσατο,

2037 2288 2172 2343 ἀλλά
2194 2290 2291 2359 τὴν
2319 2292 2376 2344 ἐν
2401 2290 2479 2361 τῷ
2508 2290 2716 2345 πυλῶνι
2740 2292 2834 2347 τοῦ
2862 2294 3121 2348 πλουσίου
3146 2295 3491 2360 κατάκλισιν,
3518 2295 3613 2349 καὶ

2034 2383 2132 2455 τὴν
2155 2383 2488 2455 ἀρρωστίαν,
2519 2384 2613 2438 καὶ
2638 2385 2746 2439 τῶν
2767 2387 2944 2441 κυνῶν
2966 2386 3066 2451 τὰς
3097 2386 3366 2457 γλώττας,
3396 2388 3491 2443 καὶ
3513 2388 3613 2458 τὴν

2035 2474 2129 2528 τοῦ
2159 2476 2412 2530 πλουσίου
2446 2477 2567 2530 κατ’
2594 2477 2759 2531 αὑτοῦ
2786 2479 3087 2551 γενομένην
3114 2479 3430 2551 ὑπεροψίαν,
3470 2480 3614 2554 ἅπερ

2035 2565 2128 2620 τοῦ
2161 2568 2387 2638 πάσχειν
2428 2568 2615 2632 κακῶς
2653 2567 2868 2623 ἅπαντα
2914 2565 3005 2641 ἦν.
3046 2570 3184 2624 Ἀλλ’
3227 2571 3378 2643 ὅμως
3424 2573 3605 2626 καίτοι

2039 2656 2206 2727 μηδὲν
2228 2660 2472 2724 γενναῖον
2517 2658 2771 2728 ποιήσας,
2806 2658 2992 2729 ἐπειδὴ
3025 2659 3184 2729 μόνον
3202 2658 3301 2730 τὴν
3333 2660 3397 2714 ἐκ
3417 2659 3607 2715 τούτου

2034 2747 2272 2818 ἀθυμίαν
2289 2749 2488 2819 ’ήνεγκε
2517 2749 2802 2818 γενναίως,
2831 2748 2908 2820 τῷ
2943 2749 3179 2804 τοσαῦτα
3224 2751 3612 2822 κατωρθωκότι

2036 2840 2349 2910 πατριάρχῃ
2388 2838 2488 2906 τῆς
2522 2838 2692 2910 αὐτῆς
2721 2838 2879 2909 ἔτυχε
2910 2839 3135 2911 λήξεως.
3171 2842 3324 2895 Εἴπω
3368 2842 3431 2914 δὴ
3470 2846 3613 2914 μετά

2034 2928 2192 2984 τοῦτο
2220 2929 2314 2983 καὶ
2337 2929 2547 3000 ἐτερον,
2582 2931 2883 3003 παράδοξον
2909 2934 3007 3004 μὲν
3055 2930 3194 3006 εἶναι
3235 2935 3612 3010 δοκοῦν,·ἀλη-

2036 3020 2127 3083 θὲς
2158 3019 2215 3072 δέ
2238 3036 2251 3050 ·
2281 3018 2397 3073 Κᾶν
2413 3020 2616 3090 ἀγαθόν
2632 3039 2715 3085 τις
2738 3023 3038 3095 ἐργάσηται
3071 3026 3213 3095 μέγα
3234 3026 3328 3081 καὶ
3343 3014 3609 3096 γενναῖον,

2038 3111 2113 3185 μὴ
2131 3111 2279 3185 [561]
2300 3112 2434 3184 μετά
2452 3114 2613 3167 πόνου
2651 3113 2708 3167 δὲ
2739 3115 2833 3168 καὶ
2860 3115 3104 3170 κινδύνου
3135 3118 3229 3174 καὶ
3248 3119 3609 3193 παθημάτων,

2035 3204 2096 3257 ού
2128 3203 2296 3257 πολύν
2324 3222 2446 3259 τινα
2474 3204 2704 3276 λήψεται
2741 3206 2964 3277 μισθόν·
3001 3208 3303 3279 Ἕκαστος
3337 3215 3446 3286 γάρ
3506 3216 3613 3270 τὸν

2036 3297 2192 3352 ἴδιον
2222 3298 2447 3368 μισθὸν
2476 3297 2740 3368 λήψεται
2777 3300 2929 3354 κατὰ
2970 3301 3078 3355 τὸν
3116 3303 3271 3357 ῑδιον
3292 3307 3514 3361 κόπον·
3545 3310 3609 3364 οὑ

2036 3390 2174 3445 κατά
2207 3390 2268 3444 τὸ
2304 3390 2532 3460 μέγεθος
2555 3390 2649 3443 τοῦ
2692 3390 3141 3463 κατορθώματος,
3171 3394 3313 3450 ἀλλά
3348 3398 3489 3452 κατά
3515 3401 3609 3455 τὸν

2035 3480 2196 3549 ὄγκον
2244 3480 2337 3533 τοῦ
2394 3479 2739 3551 παθήματος.
2788 3482 2889 3537 Διά
2923 3501 3006 3538 τοι
3039 3484 3199 3540 τοῦτο
3251 3491 3347 3543 καὶ
3399 3491 3611 3558 Παῦλος

2036 3571 2408 3647 καυχώμενος.
2439 3571 2539 3638 οὐκ
2570 3574 2663 3626 ἐπὶ
2686 3573 2764 3646 τῷ
2793 3575 3137 3648 κατορθῶσαι
3178 3580 3338 3648 μόνον
3370 3583 3462 3636 καὶ
3483 3601 3608 3651 γεν-

2035 3665 2182 3719 ναῖόν
2210 3683 2264 3719 τι
2295 3666 2518 3736 ποιῆσαι
2552 3668 2846 3737 καυχᾶται,
2891 3668 3029 3723 ἀλλά
3061 3671 3155 3724 καὶ
3184 3672 3278 3725 ἐπὶ
3303 3673 3381 3743 τῷ
3417 3675 3611 3731 παθεῖν

2036 3755 2242 3820 κακῶς.
2279 3756 2462 3809 Εἰπὼν
2491 3754 2620 3828 γὰρ,
2654 3756 2924 3813 Διὰκονοι
2951 3761 3208 3827 Χριστοῦ
3251 3764 3390 3826 εισι,
3424 3777 3612 3834 παρα-

2037 3844 2276 3916 φρονῶν
2296 3840 2482 3910 λαλῶ,
2520 3847 2671 3915 ὑπὲρ
2693 3846 2808 3917 ἐγώ
2827 3864 2842 3881 ·
2875 3848 2968 3901 καὶ
3007 3848 3105 3919 τὴν
3148 3850 3290 3905 κατά
3322 3851 3612 3925 σύγκρισιν

2038 3935 2345 4009 ὑπερϐολὴν
2400 3937 2640 4006 ὑφαίνων
2670 3937 2708 3998 ί,
2742 3938 2844 3992 οὐκ
2885 3933 3029 4000 εἷπε,
3079 3940 3270 4006 Τόσοις
3312 3943 3407 3997 καὶ
3434 3946 3612 4012 τόσοις

2037 4029 2298 4101 ἐκήρυξα,
2328 4028 2441 4082 ἀλλ’
2468 4027 2630 4096 ἀφεὶς
2657 4028 2800 4099 άπερ
2843 4027 3228 4100 κατώρθωσεν,
3264 4032 3410 4106 άπερ
3439 4035 3610 4092 ἔπαθε

2039 4119 2244 4184 κακῶς,
2272 4118 2447 4173 ταῦτα
2471 4118 2841 4191 ἐξαριθμεῖται
2868 4119 3011 4174 οὕτω
3039 4121 3212 4192 λέγων
3229 4139 3243 4153 ·
3275 4125 3377 4178 Ἐν
3401 4128 3612 4195 κόποις

2037 4209 2494 4281 περισσοτέρως,
2544 4209 2614 4262 ἐν
2659 4209 2918 4280 πληγαῖς
2974 4211 3493 4283 ὑπερϐαλλόντως,
3539 4218 3613 4271 ἐν

2037 4300 2337 4372 φυλακαῖς
2386 4299 2845 4369 περισσοτέρως,
2884 4300 2957 4354 ἐν
2988 4302 3262 4369 θανάτοις
3291 4306 3609 4374 πολλάκις.

2036 4391 2328 4456 Πεντάκις
2374 4389 2833 4459 τεσσαράκοντα
2885 4391 3044 4458 παρὰ
3093 4393 3242 4460 μίαν
3290 4394 3408 4448 ὑπὸ
3458 4396 3607 4451 Ἰου-

2037 4485 2224 4539 δαίων
2279 4484 2520 4548 ἕλαϐον,
2578 4481 2706 4550 τρὶς
2760 4481 3179 4551 ἐρραϐδισθην,
3208 4482 3370 4547 ἅπαξ
3414 4485 3611 4541 ἐλιθιί-

2038 4578 2214 4644 σθην,
2247 4574 2371 4643 τρὶς
2415 4571 2789 4642 ἐναυάγησα,
2833 4571 3213 4642 νυχθήμερον
3244 4574 3315 4627 ἐν
3334 4573 3413 4641 τῷ
3436 4575 3610 4643 ,βυθῷ

2038 4666 2363 4733 πεποίηκα·
2393 4662 2758 4730 ὁδοιπορίαις
2803 4661 3122 4729 πολλάκις,
3163 4663 3468 4731 κινδύνοις
3503 4679 3611 4720 πο-

2038 4755 2259 4827 ταμῶν,
2295 4753 2601 4818 κινδύνοις
2625 4750 2894 4823 λῃστῶν,
2924 4752 3227 4818 κινδύνοις
3260 4754 3329 4806 ἐκ
3372 4754 3606 4825 γένους,

2038 4846 2344 4912 κινδύνοις
2373 4844 2444 4909 ἐξ
2484 4842 2695 4909 ἐθνῶν,
2744 4841 3047 4908 κινδύνοις
3084 4842 3154 4896 ἐν
3183 4844 3377 4907 πόλει,
3404 4846 3607 4901 κινδύ-

2036 4955 2165 5002 νοις
2199 4936 2267 4990 ὲν
2293 4935 2525 5005 ἐρημίᾳ,
2567 4933 2873 4999 κινδύνοις
2922 4933 2992 4986 ἐν
3041 4934 3349 5003 θαλάσση,
3400 4936 3601 4991 κινδύ.

2036 5044 2165 5093 νοις
2214 5025 2283 5079 ἐν
2331 5024 2811 5094 ψευδαδέλφοις·
2868 5023 2939 5077 ἐν
2988 5025 3176 5091 κόπῳ,
3202 5025 3272 5078 ἐν
3292 5027 3518 5095 μόχθῳ,
3539 5028 3610 5081 ὲν

2036 5117 2398 5190 ἀγρυπνίαις
2454 5113 2778 5180 πολλάκις,
2832 5115 2901 5168 ἐν
2950 5115 3105 5185 λιμῷ
3158 5116 3255 5170 καί
3303 5116 3468 5186 δίψει
3509 5118 3609 5172 και

2038 5208 2391 5280 γυμνότητι·
2424 5205 2602 5273 χωρίς
2628 5204 2747 5260 τῶν
2784 5206 3080 5276 παρεκτὸς
3123 5207 3162 5276 ἡ
3204 5207 3611 5279 ἐπισύστασίς

2030 5316 2151 5368 μου
2175 5297 2213 5364 ἡ
2239 5297 2368 5350 καθ’
2390 5295 2640 5365 ἡμέραν.

2098 5497 2124 5536 d
2149 5498 2267 5563 Post
2303 5495 2506 5563 δοξάζων
2534 5493 2866 5563 _$9Yi|:_a(ld_it_
2885 5515 2896 5543 :
2941 5496 3156 5563 μεγάλων
3179 5499 3287 5563 Δτῶν
3309 5498 3612 5563 ἀναῤῥήσιων

2038 5560 2269 5622 τυγχάνει’
2297 5558 2397 5622 ἐπεὶ
2421 5557 2506 5603 καί
2534 5555 2658 5605 Ἰὼϐ.
2687 5556 2793 5622 Mox
2821 5558 2885 5605 id.
2914 5555 2993 5622 καὶ
3014 5555 3151 5622 ὅμως
3175 5559 3268 5606 διά.

2106 5612 2503 5681 ἱξῬει-ιιοιίἱιιηυε,
2536 5626 2664 5681 ιρειθ
2686 5619 2887 5681 Ducam,
2908 5620 3003 5681 τῶν
3018 5612 3422 5681 γθὲραάιευσόντων.

2110 5679 2128 5720 ί
2158 5680 2265 5730 Duo
2286 5693 2399 5730 mss.
2421 5680 2655 5742 ὑπεροχὴν
2679 5680 2930 5742 ἐμφαίνων.
2958 5677 3088 5729 Ed":
3111 5682 3372 5742 ὑπερϐολὴν
3388 5677 3615 5737 ὑςαίνωνο
