4058 6218
297 303 394 360 εει

366 415 421 471 9.
447 411 678 468 Videsne
701 410 1104 482 perpessionem
1129 409 1342 473 seriem,
1371 421 1432 461 ac
1453 404 1710 477 gloriandi
1735 419 1884 461 occa-

289 503 526 558 siones?
575 499 695 556 Mox
735 509 913 555 autem
961 515 1080 569 quae
1128 499 1289 554 etiam
1335 497 1589 567 praeclare
1634 499 1880 566 gesserit,

291 595 568 666 subjungit
594 611 608 647 :
636 602 796 664 atque
822 592 873 648 in
904 591 968 647 iis
993 605 1201 646 rursum
1227 589 1599 661 perpessiones
1625 587 1884 657 majorem

291 691 431 754 sibi,
474 704 633 760 quam
676 703 764 744 res
808 687 1065 759 praeclare
1109 696 1308 756 gestae,
1357 694 1563 757 partem
1595 684 1882 740 vindicant.

293 779 430 834 Nam
459 795 580 834 cum
607 779 864 845 dixisset,
895 775 1146 832 Instantia
1183 794 1294 832 mea
1320 775 1618 848 quotidiana
1637 818 1652 842 ,
1683 776 1888 830 scilicet

293 871 567 926 continuae
607 870 955 926 abductiones
979 911 995 936 ,
1037 869 1292 924 tumultus
1315 909 1331 934 ,
1376 876 1534 937 atque
1559 866 1888 922 calamitates

295 967 450 1032 (nam
476 961 579 1016 hoc
601 960 864 1032 signiﬁcat
891 958 1231 1029 ἕπεσὺστασις),
1261 957 1552 1026 subjunxit,
1582 955 1888 1012 Sollicitudo

295 1053 527 1107 omnium
555 1051 894 1106 Ecclesiarum
923 1049 1030 1122 (Ib.
1053 1065 1104 1108 ι’.
1125 1047 1242 1121 28).
1269 1049 1386 1103 Non
1411 1048 1562 1113 dixit,
1594 1047 1886 1114 Correctio,

296 1143 396 1198 sed
425 1141 751 1206 Sollicitudo,
781 1157 899 1212 quae
926 1140 994 1196 ad
1021 1141 1416 1211 perpessionem
1444 1140 1611 1210 magis
1639 1154 1796 1209 quam
1822 1137 1889 1191 ad

298 1247 391 1288 res
417 1248 483 1288 ex
508 1233 701 1287 virtute
729 1241 905 1302 gestas
934 1239 1180 1300 pertinet.
1216 1231 1284 1286 Et
1319 1246 1438 1302 quae
1478 1239 1773 1301 sequuntur
1801 1243 1892 1283 eo-

298 1323 427 1378 dem
459 1323 618 1377 modo
651 1340 664 1376 :
692 1322 834 1389 Quis,
871 1322 1060 1393 inquit,
1082 1321 1392 1392 inﬁrmatur,
1423 1330 1467 1381 et
1491 1337 1583 1392 ego
1611 1337 1710 1374 non
1741 1320 1890 1388 inﬁr-

301 1432 416 1468 mor
435 1415 461 1469 ?
489 1414 602 1469 Non
634 1414 804 1479 dixit,
839 1413 1069 1484 'Corrigo
1095 1421 1147 1467 et
1175 1413 1395 1468 medeor
1422 1431 1436 1467 :
1466 1411 1579 1476 sed,
1610 1410 1891 1479 inﬁt-mor.

305 1521 367 1559 ac
397 1520 609 1559 rursum
641 1521 656 1558 :
688 1504 812 1570 Quis
838 1504 1232 1569 scandalizatur,
1267 1513 1314 1558 et
1341 1519 1431 1574 ego
1457 1519 1555 1556 non
1585 1520 1704 1557 uror
1731 1501 1890 1572 (Ibid.

307 1615 356 1652 υ.
376 1596 469 1665 29)
491 1595 516 1649 ?
542 1594 655 1649 Non
688 1595 842 1659 dixit,
872 1594 1007 1649 Eum
1039 1587 1534 1650 scandalo'liberavi
1567 1611 1579 1645 :
1613 1593 1740 1657 sed,
1768 1591 1896 1646 Mte.

308 1689 446 1743 roris
491 1686 758 1756 particeps
808 1685 902 1741 fui.
936 1686 1128 1742 Postea
1157 1685 1446 1740 ostendens
1473 1685 1569 1738 ista
1600 1684 1892 1753 praesertim

307 1778 557 1835 mercede
581 1778 788 1844 donari,
810 1779 920 1832 ait:
954 1776 1016 1832 Si
1040 1777 1247 1848 gloriari
1272 1785 1487 1846 oportet,
1508 1777 1570 1828 'iu
1594 1777 1654 1829 iis
1683 1790 1796 1845 quae
1817 1774 1898 1827 iu-

309 1873 565 1940 ﬁrmitatis
592 1886 714 1924 mete
740 1879 878 1937 sunt,
910 1869 1167 1940 gloriabor
1193 1867 1214 1941 (
1236 1866 1319 1922 Ib.
1345 1884 1394 1922 υ.
1417 1867 1487 1922 50
1509 1867 1549 1939 ).
1582 1868 1658 1920 Ac
1675 1880 1895 1920 rursum

308 1963 454 2017 aliud
486 1963 725 2032 ejusdem
752 1962 963 2031 generis
984 1960 1272 2026 subnectit,
1302 1959 1550 2013 nimirum
1571 1956 1752 2027 ‘l'ugam
1781 1973 1897 2011 eam

309 2071 470 2123 quam
505 2071 597 2124 per
629 2053 914 2109 fenestram
946 2063 999 2107 et
1025 2061 1260 2122 sportam
1285 2066 1347 2104 ac
1373 2065 1580 2104 murum
1608 2047 1895 2118 corripuit:

313 2147 417 2199 hoc
451 2162 609 2216 porro
654 2161 717 2200 ex
764 2144 1166 2216 pcrpessionum
1213 2157 1410 2213 genere
1455 2149 1588 2196 erat.
1640 2139 1697 2195 Si
1744 2138 1902 2210 igitur

312 2251 566 2289 aerumna!
598 2250 787 2304 magna
830 2234 1076 2288 mercede
1109 2232 1408 2296 donantur,
1439 2244 1901 2299 aerumnarumque

311 2328 624 2397 gravissima
666 2337 749 2382 est
789 2341 1008 2392 mmror,
1053 2325 1226 2396 cogita
1271 2333 1465 2394 quanta
1507 2323 1615 2377 sint
1656 2321 1903 2378 maeroris

315 2419 560 2488 praemia.
607 2417 791 2488 Neque
834 2418 974 2472 enim
1020 2416 1156 2471 hanc
1202 2415 1294 2470 tibi
1343 2415 1659 2470 cantilenam
1710 2428 1904 2468 canere

313 2509 560 2562 desinam
590 2525 604 2562 :
637 2515 727 2573 ut,
768 2506 912 2578 quod
951 2506 1103 2561 initio
1142 2506 1408 2576 pollicitus
1435 2519 1589 2572 sum,
1625 2504 1725 2559 hoc
1763 2517 1905 2559 nunc

316 2609 567 2668 praestem
587 2641 601 2664 ,
632 2613 825 2668 nempe
850 2605 908 2652 ut
931 2597 999 2651 ab
1025 2596 1248 2668 ipsamct
1275 2595 1526 2651 maestitia
1552 2595 1785 2651 rationes
1811 2608 1906 2650 eas

315 2704 521 2757 texam,
550 2708 668 2764 quae
700 2691 792 2746 tibi
822 2691 1092 2747 mtestitiae
1121 2689 1536 2746 consolationem
1564 2688 1786 2758 pariant.

391 2786 602 2854 Aliquid
631 2785 865 2856 praeclari
893 2799 1042 2856 agere
1068 2799 1183 2837 cum
1212 2783 1528 2853 perpessione
1551 2777 1722 2851 aliqua
1749 2779 1906 2836 multo

318 2879 488 2950 majus
515 2888 590 2933 est
614 2895 767 2946 quam
792 2878 901 2932 sine
927 2875 1095 2930 labore
1117 2876 1251 2930 idem
1281 2885 1541 2945 praestare.
1559 2903 1633 2914 —
1653 2875 1826 2944 Atque
1850 2881 1909 2928 ut

315 2971 538 3027 aliunde
573 2971 748 3027 discas
775 2978 970 3042 quanta
1006 2983 1095 3024 res
1132 2967 1236 3033 sit,
1265 2981 1384 3022 eum
1416 2966 1538 3020 mali
1569 2967 1910 3036 perpessione

320 3064 524 3136 aliquid
554 3063 796 3134 praeclari
840 3078 1032 3134 agere,
1077 3069 1131 3118 et
1176 3069 1370 3132 quanto
1419 3058 1639 3114 inferius
1683 3059 1753 3114 sit
1794 3059 1911 3116 sine

319 3159 508 3214 labore
532 3157 584 3213 id
621 3157 795 3228 ipsum
827 3163 1084 3228 praestare
1103 3196 1118 3221 ,
1150 3152 1472 3226 Babylonius
1511 3152 1598 3207 ille
1625 3151 1909 3208 Nabucho-

320 3251 560 3307 donosor
578 3291 592 3315 ,
639 3249 692 3304 iu
723 3247 948 3318 sceptris
975 3262 1040 3302 ac
1066 3244 1455 3302 diadematibus
1482 3244 1667 3299 vivens
1686 3285 1702 3310 ,
1745 3258 1909 3299 evan-

323 3342 497 3413 gelica
540 3340 808 3412 quondam
858 3353 1079 3394 munere
1129 3338 1341 3392 functus
1383 3344 1484 3390 est.
1528 3335 1748 3389 Etenim
1793 3343 1914 3404 post

323 3433 558 3488 fornacis
600 3432 873 3486 historiam
901 3445 964 3485 ac
989 3427 1300 3483 miraculum
1331 3426 1429 3479 hoc
1457 3424 1693 3479 muneris
1726 3438 1908 3479 susce-

325 3526 445 3596 pit,
493 3533 553 3580 ut
590 3525 842 3580 universo
888 3522 1004 3579 orbi
1048 3519 1477 3576 concionatorcm
1521 3530 1580 3572 se
1630 3515 1912 3585 praeberet,

324 3631 436 3672 non
479 3631 576 3687 per
616 3617 849 3686 linguam
893 3611 1091 3677 modo,
1135 3610 1230 3665 sed
1259 3609 1418 3664 etiam
1462 3623 1557 3679 per
1599 3607 1819 3674 literas,
1861 3607 1913 3661 in

325 3722 520 3762 omnes
547 3717 702 3762 terrae
732 3713 910 3777 partes
936 3703 1001 3759 ad
1029 3702 1171 3758 hunc
1196 3701 1410 3757 modum
1437 3700 1714 3756 scribens:
1744 3697 1918 3753 Nabu-

325 3799 647 3853 chodonosor
673 3814 764 3852 rex
792 3796 1020 3851 omnibus
1065 3793 1268 3865 populis
1291 3835 1306 3860 ,
1354 3793 1579 3847 tribubus
1621 3801 1666 3844 et
1707 3790 1913 3862 linguis,

327 3889 418 3958 qui
447 3888 675 3942 habitant
698 3888 751 3941 in
775 3887 1008 3940 universa
1038 3893 1173 3938 terra
1192 3925 1208 3951 ,
1241 3899 1345 3951 pax
1370 3883 1506 3936 vobis
1533 3882 1914 3951 multiplicetur.

329 3979 499 4050 Signa
544 3988 591 4032 et
631 3979 863 4049 prodigia
904 3992 1016 4047 quae
1039 3975 1178 4029 Deus
1217 3974 1440 4028 excelsus
1479 3973 1618 4042 apud
1660 3989 1739 4027 me
1779 3973 1917 4043 fecit,

331 4070 530 4138 placuit
554 4069 858 4123 annuntiare
897 4069 1053 4122 vobis.
1098 4065 1290 4137 Magna
1323 4065 1455 4119 enim
1498 4073 1613 4118 sunt
1654 4073 1701 4118 et
1728 4064 1920 4135 fortia:

331 4175 552 4232 regnum
576 4160 688 4231 ejus
716 4175 925 4230 regnum
969 4157 1342 4227 sempiternum,
1389 4164 1437 4210 et
1473 4163 1690 4225 potestas
1732 4155 1840 4225 ejus
1870 4155 1922 4209 in

331 4251 706 4323 generationem
755 4259 802 4304 et
843 4248 1213 4320 generationem
1259 4245 1435 4317 (Dan.
1466 4246 1518 4300 5.
1547 4242 1817 4312 98-100).
1857 4243 1925 4298 Et

333 4342 513 4398 edicto
554 4341 770 4405 sanxit,
818 4347 875 4394 ut
912 4338 1087 4393 omnis
1117 4337 1379 4408 populus,
1415 4335 1580 4389 tribus
1623 4345 1678 4389 et
1722 4333 1921 4403 lingua,

335 4448 460 4504 quae
499 4433 717 4504 loquuta
747 4431 907 4486 fuerit
933 4441 1117 4485 contra
1153 4430 1316 4483 Deum
1359 4425 1578 4482 Sidrach
1600 4467 1615 4494 ,
1645 4424 1843 4480 Misach
1870 4433 1926 4480 et

335 4523 652 4594 Abdenago,
681 4521 986 4591 dispereat,
1014 4530 1066 4576 et
1091 4519 1281 4574 domus
1307 4518 1422 4587 ejus
1463 4517 1533 4571 sit
1577 4517 1630 4570 in
1669 4515 1925 4586 direptio-

338 4630 488 4670 nem.
517 4613 782 4684 Additque
810 4630 825 4666 :
850 4609 1030 4677 Neque
1057 4611 1190 4665 enim
1215 4609 1348 4663 alius
1377 4619 1448 4662 est
1474 4606 1633 4670 Deus,
1661 4607 1747 4676 qui
1769 4607 1928 4677 possit

338 4706 412 4759 ita
438 4703 636 4758 salvere
659 4700 778 4772 (Ib.
804 4717 852 4757 υ.
876 4701 1007 4773 96).
1034 4699 1196 4756 Vides
1240 4700 1413 4754 minas
1451 4698 1505 4752 in
1534 4696 1744 4753 literis?
1779 4695 1929 4752 vides

342 4795 653 4852 terrorem?
706 4793 857 4850 vides
901 4793 1181 4850 sublimem
1209 4799 1510 4862 praeconem
1539 4791 1592 4856 ¹,
1636 4804 1701 4845 ac
1747 4789 1929 4844 literas

343 4901 772 4960 quaquaversum
800 4885 1060 4942 diffusas?
1101 4884 1238 4954 Quid
1271 4883 1463 4954 igitur,
1503 4881 1588 4938 dic
1613 4880 1786 4937 mihi?
1833 4896 1929 4951 pa-

345 4995 534 5035 remne
580 4980 837 5050 apostolis
883 4978 1184 5035 mercedem
1231 4983 1630 5045 consequetur,
1680 4973 1930 5044 quoniam

346 5071 448 5128 Dei
484 5073 773 5142 potentiam
813 5073 883 5124 ita
925 5069 1231 5140 prxdicavit
1255 5108 1270 5135 ,
1317 5075 1628 5137 tantumque
1668 5064 1829 5120 studii
1871 5078 1934 5120 ac

346 5162 638 5232 diligentiae
687 5161 966 5227 adhibuit,
1019 5169 1077 5215 ut
1121 5158 1260 5214 hanc
1306 5158 1602 5214 doctrinam
1650 5165 1760 5211 toto
1805 5155 1935 5211 orbe

345 5254 662 5310 nuntiaret?
707 5253 865 5308 Certe
908 5268 1014 5307 non
1047 5267 1289 5322 magnam
1333 5251 1448 5320 ejus
1475 5258 1700 5320 partem,
1751 5262 1934 5302 verum

347 5345 573 5400 mﬁnitis
614 5344 849 5413 partibus
879 5343 1202 5397 inferiorem.
1250 5341 1408 5410 Atqui
1435 5339 1622 5394 eodem
1644 5377 1659 5403 ,
1691 5351 1796 5407 quo
1836 5335 1932 5401 illi,

345 5449 574 5492 munere
603 5433 813 5490 functus
850 5443 950 5490 est.
1002 5432 1108 5488 Sed
1148 5433 1269 5504 quia
1301 5431 1476 5485 nullus
1508 5430 1592 5486 hic
1633 5429 1803 5493 labor,
1836 5441 1938 5484 nec

346 5530 515 5587 ullius
553 5526 678 5581 mali
723 5525 996 5596 perpessio
1039 5523 1286 5594 adjuncta
1327 5531 1448 5587 est,
1499 5521 1697 5577 idcirco
1731 5531 1938 5575 merces

343 5618 629 5676 minuitur.
657 5617 753 5673 llic
777 5618 919 5674 enim
946 5633 1011 5674 ex
1040 5626 1320 5688 potestate,
1347 5631 1408 5671 ac
1432 5617 1546 5673 sine
1573 5615 1677 5672 ullo
1703 5610 1940 5689 periculo

417 5732 435 5764 ⁸
466 5732 802 5792 t'erronisnns,
823 5729 959 5782 rides
983 5727 1397 5794 pra'diratimtcm.

1743 291 2127 349 'EPIS'I’OLA‘S.

3469 320 3575 375 58:!

1994 405 2096 462 hoc
2123 406 2312 476 agebat
2343 425 2355 460 :
2388 423 2508 463 cum
2539 410 2612 466 illi
2643 423 2826 470 contra
2856 417 3285 492 prohiberentur,
3315 428 3577 497 pelleren-

1993 507 2114 566 tur,
2163 501 2545 569 tundcrentur,
2597 505 2777 577 ﬂagris
2818 511 3187 583 caederentur,
3222 520 3274 574 in
3319 527 3575 581 aerumnis

1993 601 2349 658 versarentur,
2399 593 2450 647 in
2484 611 2720 668 praeceps
2747 613 3028 671 agerentur
3051 649 3065 671 ,
3101 609 3152 663 in
3186 627 3332 668 mare
3361 615 3557 674 demer-

1992 693 2274 750 gerentur,
2311 683 2448 740 fame
2492 688 2913 758 conﬁcerentur,
2958 699 3318 766 quotidianam
3351 719 3577 765 mortem

1995 781 2347 866 oppeterent,
2393 777 2555 831 animi
2605 780 2765 835 etiam
2808 787 3042 841 cruciatu
3087 789 3464 866 afﬁcerentur,
3511 802 3579 856 ad

1994 862 2250 960 cujusque
2302 865 2664 925 inﬁrmitatem
2723 873 3156 944 inlirmarentur,
3205 884 3271 938 ad
3322 862 3582 960 cujusque

1995 954 2345 1050 oﬁensionem
2378 967 2432 1014 et
2470 963 2776 1018 scandalum
2819 979 3118 1026 urerentur.
3169 974 3346 1047 Itaque
3375 954 3470 1050 pro
3495 954 3584 1038 his

1995 1045 2303 1115 laboribus,
2348 1064 2411 1104 ac
2452 1055 2749 1120 praesertim
2797 1072 2893 1126 pro
2945 1075 3208 1130 maerore,
3253 1045 3477 1138 amplior
3505 1073 3585 1128 eis

1998 1151 2204 1192 merces
2232 1149 2314 1195 est
2340 1144 2626 1211 persoluta.
2659 1145 3012 1222 Unusquisque
3064 1155 3204 1208 enim
3223 1198 3237 1220 ,
3270 1158 3441 1229 inquit
3470 1163 3580 1229 ille,

1997 1231 2257 1297 propriam
2291 1234 2572 1287 mercedem
2614 1238 2826 1308 accipiet
2859 1241 3016 1308 juxta
3059 1248 3320 1313 proprium
3365 1251 3584 1308 laborem

1998 1321 2073 1392 (l.
2093 1319 2213 1377 Cor.
2235 1323 2288 1377 5.
2314 1323 2371 1391 8)
2398 1342 2410 1377 :
2438 1341 2543 1380 non
2565 1328 2708 1381 enim
2735 1329 2784 1382 id
2811 1331 3022 1386 assidue
3049 1347 3293 1404 repetere
3318 1340 3578 1398 desinam.

2001 1411 2126 1468 Ideo
2155 1414 2414 1484 benignus
2441 1418 2603 1482 Deus,
2629 1436 2753 1476 cum
2787 1424 2980 1481 Paulus
3004 1442 3148 1497 saepe
3175 1446 3412 1501 rogasset
3437 1453 3495 1491 se
3520 1454 3586 1493 ex

1999 1504 2393 1560 calamitatibus
2421 1516 2474 1562 et
2505 1526 2736 1567 maerore
2759 1555 2774 1580 ,
2805 1514 2989 1572 dolore
3015 1528 3174 1589 atque
3211 1525 3459 1592 periculis
3484 1531 3590 1583 eri-

2005 1605 2180 1664 peret,
2213 1597 2264 1652 id
2293 1599 2392 1669 ipsi
2423 1601 2643 1658 minime
2673 1608 2956 1660 concessit.
2989 1609 3094 1663 Pro
3127 1611 3256 1679 hoc,
3293 1616 3488 1687 inquit,
3516 1631 3592 1674 ter

2005 1687 2278 1744 Dominum
2310 1694 2486 1762 ragan
2528 1695 2625 1765 (9...
2651 1694 2771 1752 Cor.
2802 1699 2888 1754 12.
2919 1700 2994 1768 8)
3033 1719 3047 1756 :
3086 1719 3186 1760 nec
3234 1716 3406 1763 tamen
3448 1713 3590 1780 quod
3621 1698 3704 1744 ’ί

2001 1780 2268 1849 petebam,
2303 1783 2603 1854 impetravi.
2635 1787 2700 1842 Et
2725 1803 2870 1854 sane,
2903 1807 2998 1847 cur
3019 1798 3341 1866 amplissima
3373 1804 3590 1870 praemia

2002 1872 2263 1938 caperet?
2293 1874 2374 1927 An
2406 1876 2546 1942 quod
2591 1878 2706 1933 sine
2752 1880 2934 1937 labore
2975 1887 3355 1956 praedicasset,
3387 1893 3594 1949 deliciis

2003 1960 2320 2054 indulgens,
2352 1975 2512 2036 atque
2543 1968 2594 2021 in
2643 1972 3022 2041 tranquillitate
3067 1977 3311 2047 degens?
3353 1999 3418 2037 an
3451 1988 3590 2054 quod

2004 2049 2148 2105 domi
2175 2051 2369 2108 sedens
2396 2069 2457 2109 os
2482 2055 2773 2115 diduxisset
2797 2101 2811 2126 ,
2845 2077 2908 2117 ae
2933 2063 3167 2135 linguam
3200 2049 3497 2128 movisseti
3525 2077 3596 2130 At

2006 2143 2109 2236 hoc
2153 2147 2319 2236 cuivis
2366 2147 2523 2205 facile
2552 2162 2703 2221 erat,
2737 2158 3029 2224 quamlibet
3071 2164 3228 2217 etiam
3276 2167 3463 2236 ignaro
3487 2212 3500 2233 ,
3533 2186 3597 2225 ac

2005 2233 2263 2331 dissolute
2297 2245 2352 2292 et
2390 2238 2617 2299 delicate
2648 2245 2864 2302 viventi.
2898 2249 3047 2306 Nunc
3078 2264 3252 2308 autem
3293 2233 3594 2331 vulnerum,

2009 2325 2278 2382 variorum
2308 2331 2499 2387 mortis
2526 2348 2812 2404 generum,
2842 2353 3094 2398 cursuum
3128 2355 3228 2400 tam
3265 2325 3598 2408 terrenos-um

2007 2432 2165 2511 quam
2229 2419 2600 2511 marinorum,
2648 2425 2816 2494 ipsius
2865 2434 3150 2501 maeroris,
3205 2437 3597 2511 lacrymarum,

2009 2507 2254 2564 dolorum
2284 2509 2620 2581 (Triennium
2649 2519 2792 2574 enim
2817 2562 2832 2586 ,
2874 2521 3076 2593 inquit,
3119 2527 3204 2582 die
3227 2546 3287 2582 ac
3315 2507 3460 2586 nocte
3483 2507 3600 2589 cum

2010 2596 2250 2693 lacrgmis
2287 2617 2390 2656 non
2415 2605 2635 2672 cessavi,
2670 2624 2878 2665 monens
2907 2629 3307 2688 unumquemque
3346 2627 3598 2693 vestrum)

2013 2687 2032 2760 (
2055 2690 2166 2743 Act.
2189 2690 2278 2746 20.
2310 2693 2372 2748 51
2403 2694 2422 2764 )
2447 2698 2666 2764 praemia
2709 2709 2764 2755 et
2790 2716 3017 2760 coronas
3044 2687 3232 2778 magna
3260 2725 3382 2766 cum
3410 2687 3598 2769 ﬁducia

2013 2791 2362 2853 percepturus
2391 2793 2494 2840 est.

2085 2871 2174 2928 £0.
2221 2871 2547 2932 Calamitates
2587 2878 2921 2951 Olympiadis.
2952 2884 3144 2958 Ioseph
3187 2893 3248 2944 ob
3292 2893 3602 2950 calamitates

2013 2961 2204 3016 clarus.
2227 2993 2298 3003 —
2338 2963 2464 3020 Hac
2510 2967 2670 3039 igitur
2694 2972 2874 3028 animo
2915 2985 2969 3030 et
3009 2979 3328 3048 cogitatione
3368 2985 3601 3055 comple-

2012 3061 2194 3118 ctens,
2239 3065 2496 3126 quantum
2546 3060 2746 3117 scilicet
2789 3066 3000 3121 acerbae
3045 3083 3108 3124 ae
3156 3070 3435 3128 laboriosae
3480 3078 3603 3131 vitae

2014 3147 2220 3204 lucrum
2246 3150 2337 3217 sit,
2361 3151 2530 3222 gaude
2552 3161 2608 3208 et
2636 3155 2816 3212 laetare
2837 3177 2855 3213 :
2885 3167 3046 3230 utque
3076 3162 3421 3234 fructuosam,
3444 3177 3604 3239 atque

2017 3239 2312 3295 innumeris
2336 3242 2554 3298 coronis
2597 3245 2810 3315 dignam
2851 3248 2961 3318 jam
3007 3251 3134 3306 inde
3169 3269 3199 3308 a
3239 3255 3406 3323 prima
3447 3267 3605 3314 aetate

2016 3329 2155 3385 viam
2187 3334 2444 3400 tenueris,
2472 3335 2676 3391 crebris
2701 3347 2754 3392 et
2780 3341 3048 3396 continuis
3077 3354 3266 3400 vexata
3291 3348 3606 3405 calamitati-

2018 3422 2137 3477 bus.
2167 3423 2379 3478 Etenim
2407 3427 2584 3481 varius
2608 3437 2662 3482 et
2687 3432 2964 3498 multiplex
2989 3475 3004 3500 ,
3033 3438 3415 3508 scxcentisque
3461 3455 3606 3496 mor-

2021 3513 2161 3568 tibus
2186 3515 2402 3585 gravior
2428 3519 2668 3587 corporis
2709 3520 2929 3577 morbus
2951 3540 3239 3596 numquam
3280 3537 3330 3584 te
3360 3530 3607 3588 obsidere

2021 3605 2262 3675 destitit;
2290 3610 2650 3666 conviciorum
2673 3613 2832 3669 etiam
2856 3623 2910 3670 et
2931 3618 3369 3674 contumeliarum
3390 3635 3603 3691 agmen,

2020 3707 2075 3752 et
2116 3699 2394 3755 calumniae
2443 3701 2494 3756 in
2546 3710 2599 3758 te
2643 3703 2768 3759 l‘erri
2816 3705 3038 3762 minime
3080 3707 3386 3776 desierunt;
3433 3711 3609 3768 crebri

2023 3787 2270 3859 denique,
2297 3790 2404 3847 imo
2423 3793 2623 3848 assidui
2644 3809 2925 3862 maerores,
2947 3811 3011 3850 ac
3037 3797 3388 3870 lacrymarntn
3413 3800 3606 3870 fontes,

2026 3896 2119 3947 per
2146 3896 2305 3936 oume
2335 3883 2456 3936 vitae
2489 3893 2694 3953 tempus
2741 3885 3038 3939 molestiam
3083 3887 3174 3940 tibi
3223 3888 3605 3947 exhibuerunt.

2026 3969 2226 4024 Horum
2269 3971 2474 4042 singula
2503 3973 2584 4027 vel
2629 3973 2740 4026 sola
2768 3989 2885 4028 eam
2917 3975 3022 4029 vim
3055 3975 3391 4045 habuerunt,
3424 3991 3481 4036 ut
3524 3984 3608 4037 in-

2025 4070 2238 4129 gentem
2265 4060 2351 4126 iis,
2378 4061 2466 4131 qui
2508 4079 2569 4116 ea
2597 4063 2992 4132 sustinuissent,
3025 4067 3303 4124 utilitatem
3332 4070 3604 4129 aﬁ‘errent.

2026 4150 2158 4204 Nam
2185 4160 2238 4206 ct
2281 4150 2514 4208 Lazarus
2557 4154 2628 4209 ob
2670 4154 2842 4209 solum
2888 4158 3129 4214 morbum
3167 4162 3411 4218 eamdem
3452 4182 3611 4235 quam

2032 4241 2331 4310 patriarcha
2396 4243 2580 4299 sedem
2636 4258 2997 4318 consequutus
3043 4260 3128 4306 est
3173 4269 3186 4305 :
3233 4263 3287 4308 et
3331 4254 3613 4324 publicano

2029 4335 2327 4390 convicium
2353 4335 2610 4394 Pharisaei
2634 4353 2750 4394 eam
2789 4339 3045 4410 justitiam
3072 4345 3266 4408 attulit,
3293 4361 3410 4415 quae
3435 4346 3613 4402 Phari-

2030 4426 2124 4480 saei
2169 4425 2428 4495 justitiam
2487 4439 2765 4498 superaret
2809 4448 2824 4484 :
2874 4440 2928 4486 et
2973 4431 3205 4504 denique
3251 4435 3612 4503 apostolorum

2031 4517 2283 4588 princeps
2306 4519 2481 4588 gravis
2521 4519 2664 4573 illius
2689 4520 2910 4575 sceleris
2938 4522 3085 4577 ulcus
3112 4523 3358 4594 lacrymis
3385 4527 3612 4581 sanavit.

2034 4607 2164 4664 Cum
2217 4607 2377 4679 igitur
2420 4608 2612 4664 horum
2662 4611 2946 4682 unicuique
2994 4628 3154 4667 unam
3217 4615 3615 4684 perpessionem

2035 4699 2309 4755 sulfeeisse
2354 4709 2599 4767 constet,
2646 4703 2919 4773 perpende
2955 4704 3067 4774 jam
3115 4715 3242 4775 quot
3284 4716 3618 4777 quantasque

2037 4792 2149 4863 ipsa
2179 4793 2456 4851 mercedes
2483 4805 2800 4865 perceptura
2843 4796 2916 4850 sis
2939 4838 2954 4863 ,
2997 4806 3052 4851 ut
3080 4813 3198 4866 quae
3227 4797 3405 4851 omnia
3435 4799 3616 4866 simul,

2039 4893 2094 4941 et
2133 4884 2349 4956 quidem
2394 4900 2517 4940 cum
2564 4886 2765 4956 ingenti
2813 4887 3101 4941 acerbitate
3149 4887 3410 4952 subieris,
3461 4889 3620 4960 idque

2039 4992 2136 5047 per
2179 4993 2340 5033 omne
2366 4978 2491 5034 vitae
2520 4987 2747 5047 tempus.
2793 4977 2974 5048 Neque
3021 4979 3163 5034 enim
3205 4981 3308 5035 ulla
3354 4997 3440 5037 res
3468 4997 3620 5052 aeque

2039 5068 2348 5138 splendidos
2387 5077 2443 5125 et
2470 5068 2816 5125 admirandos
2858 5072 3104 5126 homines
3129 5072 3323 5138 reddit,
3368 5082 3621 5145 tantoque

2041 5159 2300 5214 bonorum
2328 5173 2523 5214 acervo
2547 5160 2804 5225 cumulat,
2837 5170 2894 5216 ut
2922 5163 3273 5217 tentationnm
3301 5162 3620 5234 frequentia,

2042 5252 2297 5322 pericula,
2328 5251 2556 5318 labores,
2591 5268 2869 5316 mcerores.
2902 5264 2956 5310 et
2987 5266 3255 5325 perpetuac
3285 5257 3487 5310 insidiae
3508 5301 3522 5322 ,
3556 5259 3625 5312 ab

2045 5344 2143 5411 iis,
2176 5359 2205 5398 a
2233 5343 2426 5414 quibus
2455 5345 2678 5398 minime
2706 5344 2958 5411 decebat,
3004 5355 3220 5400 structa:
3252 5365 3263 5400 :
3293 5348 3418 5400 dum
3451 5357 3622 5404 tamen

2042 5435 2221 5491 omnia
2242 5449 2396 5505 aequo
2415 5435 2594 5496 animo
2617 5434 2872 5491 ferantur.
2895 5435 3102 5507 Quippe
3128 5453 3193 5493 ne
3219 5439 3381 5492 lilium
3412 5439 3625 5509 quidem

2043 5526 2210 5583 Jacob
2238 5527 2524 5598 quidquam
2554 5527 2774 5602 perinde
2799 5527 3003 5584 clarum
3031 5544 3094 5583 ac
3121 5529 3332 5586 beatum
3368 5531 3628 5599 reddidit,

2047 5631 2106 5678 ut
2132 5621 2218 5676 illa
2248 5629 2360 5676 tum
2402 5621 2454 5676 in
2496 5635 2618 5676 eum
2660 5631 2859 5676 structa
2904 5621 3191 5689 calumnia,
3237 5635 3290 5678 et
3331 5638 3530 5685 career,
3577 5631 3626 5677 et

2051 5719 2273 5779 catena,
2315 5722 2369 5768 et
2413 5710 2537 5767 hinc
2581 5721 2852 5768 contracta
2901 5725 3157 5768 aerumna.
3205 5712 3389 5784 Magna
3417 5710 3630 5782 quidem
