4058 6218
462 345 479 375 ἢ

449 461 715 534 pudicitiae
745 460 910 532 ipsius
940 459 1108 513 virtus
1153 466 1268 510 erat
1293 496 1307 521 ,
1340 469 1459 510 cum
1493 452 1860 524 Egyptiacam
1905 451 2028 506 libi-

448 553 628 608 dinem
658 550 965 621 superavit,
997 561 1060 602 ac
1085 545 1338 601 miseram
1371 544 1515 598 illam
1545 542 1791 596 feminam
1819 539 1884 594 ad
1913 555 2030 594 sce—

452 648 675 701 leratum
704 641 1040 699 concubitum
1066 655 1188 694 eum
1212 647 1490 694 vocantem
1519 633 1848 706 pr0pulsavit
1874 630 2028 701 (Gen.

447 737 538 805 '59)
571 757 583 790 :
614 744 670 790 at
694 735 794 789 hoc
821 743 998 788 tamen
1028 745 1137 785 non
1177 730 1249 784 ita
1281 743 1555 798 magnum,
1591 733 1648 780 ut
1675 740 1736 780 ea
1763 739 1881 794 qua:
1907 738 2030 793 per-

449 845 632 898 pessus
657 838 760 883 est.
791 825 1045 894 Qnmnam
1073 823 1213 877 enim
1245 822 1360 876 laus
1386 829 1485 884 est,
1507 819 1612 886 die,
1644 831 1845 888 qumso,
1874 813 2030 869 adul-

449 923 640 977 terium
670 919 888 974 minima
921 925 1282 987 perpetrasse,
1316 928 1412 967 nec
1439 912 1672 966 alienum
1713 919 1885 964 torum
1913 907 2029 962 vio-

450 1013 604 1075 lasse,
633 1025 728 1064 nec
751 1009 944 1063 lectum
968 1006 1095 1061 nihil
1117 1004 1183 1060 ad
1205 1019 1263 1060 se
1282 1003 1594 1058 attincntem
1617 999 2026 1063 contaminasse,

447 1118 546 1158 nec
576 1100 778 1157 homini
825 1099 962 1155 bene
1006 1097 1074 1152 de
1119 1111 1179 1153 se
1225 1095 1419 1151 merito
1465 1092 1716 1162 iniuriam
1763 1089 2026 1156 intulisse,

448 1207 548 1248 nec
576 1190 782 1261 patroni
812 1190 892 1243 sui
923 1187 1140 1242 domum
1169 1186 1222 1240 in
1252 1184 1502 1255 probrum
1528 1189 1581 1238 et
1609 1181 1877 1236 infamiam
1903 1195 2029 1234 con~

443 1285 679 1358 iecisse?
704 1287 772 1340 At
794 1283 935 1356 quod
956 1298 1076 1338 eum
1105 1281 1368 1335 illustrem
1391 1277 1639 1344 reddidit,
1665 1274 1794 1330 illud
1814 1273 2028 1329 demum

447 1384 552 1442 est,
599 1377 849 1430 nimirum
901 1372 1236 1443 periculum,
1285 1367 1527 1434 insidiae,
1579 1367 1726 1422 furor
1766 1364 2024 1431 mulieris,

443 1483 602 1537 quam
637 1465 798 1522 libido
823 1464 1086 1532 captivam
1115 1461 1352 1526 tenebat,
1381 1459 1536 1513 allata
1565 1458 1646 1514 vis
1665 1499 1680 1525 ,
1710 1454 2028 1512 inevitabilis

447 1557 664 1612 thalami
707 1569 926 1618 carcer,
971 1567 1130 1623 quem
1169 1550 1410 1605 adultera
1458 1549 1556 1620 ipsi
1601 1554 2024 1616 comparaverat,

445 1646 605 1709 retia,
653 1659 772 1714 qua:
816 1643 964 1698 omni
1009 1657 1080 1697 ex
1128 1650 1280 1711 parte
1323 1639 1688 1709 expanderat,
1735 1637 2024 1703 accusatio,

444 1736 712 1791 calumnia
739 1777 755 1802 ,
803 1749 1027 1800 carcer,
1077 1742 1285 1798 catena,
1333 1729 1459 1785 illud
1501 1729 1662 1784 etiam
1709 1729 1851 1799 quod
1895 1726 2027 1782 nihil

442 1829 578 1898 aequi
609 1828 924 1897 impetraris,
951 1836 1068 1892 post
1095 1832 1298 1879 tantum
1325 1831 1618 1889 certamen,
1649 1819 1718 1875 ob
1739 1819 1880 1890 quod
1901 1835 2023 1874 eum

441 1935 636 1976 corona
679 1917 867 1974 donari
913 1932 1008 1987 par
1054 1924 1203 1982 erat,
1251 1923 1520 1984 tamquam
1567 1928 1690 1968 reus
1731 1927 1931 1968 nocens
1971 1912 2024 1966 in

442 2010 650 2064 vincula
678 2008 992 2073 ducebatur,
1020 2022 1082 2061 ac
1121 2021 1241 2061 cum
1285 2005 1349 2059 iis
1375 2005 1464 2076 qui
1491 2004 1801 2075 gravissima
1830 2003 2025 2074 ﬂagitia

441 2114 902 2174 perpetraverant,
928 2101 1318 2167 includebatur,
1344 2100 1558 2171 squalor
1579 2101 1704 2154 item
1726 2109 1779 2154 et
1801 2099 2020 2165 ferrum,

438 2195 672 2250 carceris
716 2193 950 2248 afﬂictio.
1000 2193 1134 2247 Tum
1188 2191 1392 2246 scilicet
1436 2207 1558 2246 eum
1610 2189 2022 2260 splendidiorem

438 2301 624 2347 cerno,
656 2299 816 2355 quam
842 2299 961 2337 cum
992 2284 1042 2336 in
1065 2281 1282 2353 Egypti
1308 2281 1442 2335 solio
1466 2280 1660 2336 sedens
1702 2281 2020 2335 frumentum

439 2373 721 2445 egentibus
767 2371 1062 2438 tribuebat,
1105 2372 1300 2426 famem
1342 2371 1587 2440 pellebat,
1633 2379 1685 2425 et
1726 2371 2022 2426 communis

436 2466 686 2522 omnibus
713 2474 896 2535 portus
937 2473 1075 2518 erat.
1122 2463 1281 2527 Tum,
1325 2463 1560 2533 inquam,
1591 2478 1713 2517 eum
1741 2463 2020 2518 clariorem

438 2573 637 2622 cerno,
679 2572 799 2612 cum
843 2570 964 2610 eum
1005 2554 1290 2625 compedes
1335 2563 1388 2608 et
1434 2553 1656 2608 manicae
1701 2553 2018 2619 vinciebant,

437 2668 596 2722 quam
641 2665 761 2705 cum
803 2651 854 2704 in
899 2649 1180 2704 luculentis
1205 2650 1443 2705 vestibus
1483 2659 1681 2703 tantam
1727 2649 2017 2719 potentiam

437 2743 730 2799 obtinebat.
788 2743 996 2796 Etenim
1033 2741 1162 2796 illud
1209 2741 1438 2796 carceris
1483 2749 1731 2810 tempus,
1779 2740 2018 2810 negotia-

437 2834 597 2889 tionis
623 2845 781 2904 atque
808 2835 1035 2902 ingentis
1055 2842 1289 2904 quaestus
1311 2843 1426 2888 erat
1450 2850 1463 2886 :
1492 2833 1594 2887 hoc
1617 2841 1815 2896 autem,
1841 2833 2016 2897 luxus,

434 2925 873 2995 remiSsinnisque
901 2926 1094 2991 animi,
1121 2935 1280 2997 atque
1310 2926 1548 2992 honoris,
1583 2927 1776 2982 multas
1805 2927 2017 2997 quidem

437 3016 738 3086 voluptates
768 3016 998 3082 habens,
1042 3025 1098 3069 at
1143 3032 1246 3070 non
1291 3018 1517 3071 multum
1547 3017 1702 3072 lucri.
1752 3016 1871 3071 Ideo
1915 3032 2018 3071 non

431 3121 542 3167 tam
571 3127 692 3166 cum
720 3112 959 3180 suspicio
986 3152 998 3174 ,
1043 3125 1167 3164 cum
1215 3111 1384 3165 honor
1428 3110 1475 3164 ei
1512 3125 1539 3163 a
1579 3120 1729 3179 patre
1773 3111 2014 3176 habetur,

430 3216 598 3272 quam
639 3215 760 3256 cum
793 3200 1020 3254 fraterna
1060 3199 1251 3253 invidia
1285 3201 1580 3268 exagitatur
1603 3241 1617 3265 ,
1646 3210 1804 3269 atque
1833 3210 2020 3254 contu-

435 3292 685 3346 bernales
731 3290 911 3345 hostes
955 3288 1133 3345 habet.
1178 3291 1310 3344 Nam
1349 3289 1492 3344 domi
1541 3290 1640 3360 ipsi
1681 3292 1792 3360 iam
1837 3291 1958 3346 inde
1987 3306 2016 3344 a

433 3383 621 3453 primis
669 3383 824 3437 annis
865 3398 1024 3452 grave
1064 3382 1263 3437 bellum
1313 3383 1686 3437 excitabatur:
1722 3383 2015 3453 etquidem

433 3473 504 3528 ab
547 3474 612 3528 iis
654 3471 900 3528 hostibus
941 3473 1032 3544 qui
1059 3513 1072 3537 ,
1117 3473 1256 3544 quod
1300 3474 1398 3544 ipsi
1443 3485 1839 3541 succenserent,
1887 3475 2017 3530 nihil

439 3564 744 3629 habebant;
790 3580 973 3618 verum
1016 3580 1133 3618 eam
1171 3564 1241 3618 ob
1285 3580 1501 3619 causam
1547 3566 1918 3632 tabescebant,
1955 3583 2019 3623 ac

435 3657 621 3712 dolore
662 3655 1160 3726 disrumpebantur,
1208 3655 1349 3724 quod
1394 3655 1648 3725 majorem
1696 3656 1810 3726 ipse
1856 3658 2016 3726 patris

437 3749 864 3804 benevolentiam
891 3747 1178 3804 obtineret.
1208 3746 1373 3801 Porro
1395 3747 1665 3818 legislator
1687 3747 1857 3802 Moses
1881 3749 2018 3804 hanc

433 3839 542 3894 vim
575 3838 794 3901 amoris,
827 3854 931 3892 non
961 3853 989 3890 a
1023 3837 1176 3908 pueri
1203 3838 1419 3904 virtute,
1451 3836 1544 3892 sed
1571 3838 1635 3891 ab
1662 3853 1726 3892 eo
1754 3847 2014 3908 tempore,

433 3943 539 3999 quo
567 3939 876 3999 procreatus
899 3936 1002 3996 est,
1033 3937 1206 3983 ortum
1237 3927 1452 3983 duxisse
1481 3930 1690 3984 asserit.
1724 3929 1854 3984 Nam
1883 3945 2015 4000 quo-

436 4021 576 4074 niam
605 4020 776 4074 serius
803 4035 958 4088 quam
986 4020 1072 4073 alii
1105 4021 1155 4074 in
1185 4020 1354 4074 lucem
1386 4019 1558 4074 editus
1586 4020 1791 4087 fuerat,
1826 4023 2009 4092 inquit,

433 4122 594 4181 atque
635 4109 689 4164 in
740 4121 976 4165 extrema
1024 4121 1294 4166 senectute
1337 4110 1520 4185 (cordi
1564 4122 1740 4169 autem
1786 4117 2016 4172 maxime

435 4195 563 4256 sunt
603 4199 902 4270 huiusmodi
949 4200 1063 4265 filii,
1110 4200 1250 4269 quod
1297 4211 1491 4270 pra'ter
1531 4219 1679 4272 spem
1710 4205 1810 4258 orti
1854 4206 2012 4275 sint),

438 4289 636 4346 idcirco
684 4291 818 4361 patri
861 4305 1017 4344 carus
1061 4298 1194 4344 erat.
1240 4289 1492 4361 Diligebat
1522 4295 1662 4347 enim
1707 4311 1817 4349 eum
1849 4305 2010 4365 pater,

435 4382 625 4454 inquit,
654 4382 789 4452 quod
815 4398 925 4435 eum
956 4397 1105 4436 senex
1131 4382 1381 4452 genuisset
1406 4379 1554 4454 (Gen.
1585 4385 1671 4438 57.
1696 4385 1771 4456 5).

456 4483 460 4487 ”
507 4476 592 4531 Η.
639 4475 762 4529 llzec
806 4483 1004 4535 autem,
1051 4488 1168 4527 mea
1199 4471 1411 4543 quidem
1459 4475 1757 4539 sententia,
1802 4477 2014 4546 scripsit

433 4568 705 4637 legislator
725 4607 740 4631 ,
771 4580 876 4619 non
904 4563 954 4618 id
996 4563 1137 4634 quod
1167 4578 1254 4618 res
1282 4573 1396 4618 erat
1427 4579 1676 4628 narrans,
1706 4580 1888 4618 verum
1918 4583 2011 4636 pa-

435 4661 532 4714 tris
560 4666 870 4728 pra-textum
917 4665 970 4709 et
1012 4654 1308 4708 obtentum.
1360 4655 1619 4722 Quoniam
1663 4657 1804 4710 enim
1834 4659 2014 4714 adole-

433 4759 670 4806 scentem
701 4748 838 4819 apud
866 4748 1055 4803 fratres
1083 4747 1274 4801 invidia
1308 4746 1528 4817 ﬂagrare
1558 4748 1925 4818 pchpicicbat,
1956 4760 2013 4806 ut

437 4843 560 4897 huic
605 4859 788 4898 eormn
819 4840 1004 4896 morbo
1044 4839 1364 4906 mederetur,
1410 4855 1526 4894 eam
1573 4841 1768 4895 amoris
1797 4857 2008 4897 causam

432 4933 642 4987 effluxit
667 4973 680 4997 ,
711 4949 828 5002 qum
859 4948 962 4986 non
1010 4948 1255 5003 magnum
1299 4933 1396 5002 ipsi
1435 4932 1652 4988 livorem
1687 4945 2008 5003 procrearet.

430 5011 566 5080 Nam
596 5023 732 5090 quad
760 5023 952 5092 alioqui
984 5039 1087 5077 non
1118 5038 1180 5077 ea
1210 5024 1407 5077 amoris
1435 5037 1591 5077 causa
1623 5033 1792 5090 esset,
1827 5041 2007 5080 verum

432 5115 780 5168 efﬂorescens
820 5113 980 5167 animi
1026 5115 1192 5168 virtus
1233 5124 1391 5184 atque
1437 5124 1592 5169 aetate
1637 5117 1911 5183 maturior,
1945 5133 2013 5172 ex

435 5205 710 5273 Beniamin
759 5204 955 5274 liquido
1001 5205 1226 5274 perSpici
1273 5215 1466 5275 potest.
1514 5207 1646 5261 Nam
1693 5209 1736 5262 si
1783 5225 1897 5262 eam
1942 5209 2010 5261 ob

428 5310 645 5351 causam
670 5295 756 5350 ille
776 5294 1072 5359 amabatur,
1096 5295 1262 5349 multo
1282 5297 1464 5366 utique
1489 5298 1652 5366 magis
1677 5297 1818 5351 hunc
1843 5295 2010 5350 amari

427 5402 478 5452 οε
499 5386 740 5450 ortebat,
771 5386 859 5454 qui
891 5397 1012 5439 natu
1053 5388 1227 5439 minor
1255 5395 1389 5442 erat.
1427 5387 1698 5456 Siquidem
1735 5388 2006 5456 Beniamin

433 5484 551 5546 post
576 5472 862 5542 Joscphum
895 5484 1040 5528 satus
1063 5483 1147 5528 est
1166 5517 1181 5541 ,
1209 5486 1366 5545 atque
1394 5492 1421 5528 a
1450 5477 1660 5530 seniore
1701 5487 1848 5547 patre
1888 5492 2012 5546 pro-

429 5576 660 5622 ενι-ςιιιιε.
696 5563 925 5629 Verum,
955 5573 1013 5617 ut
1033 5564 1142 5634 iam
1171 5580 1200 5617 a
1227 5581 1313 5620 me
1339 5566 1537 5620 dictum
1566 5576 1647 5622 est
1666 5609 1680 5632 ,
1715 5569 1876 5637 patris
1907 5566 2010 5622 hoc

431 5665 740 5726 figmentum
771 5663 904 5719 erat,
936 5655 1230 5712 fraternum
1258 5657 1454 5713 bellum
1482 5650 2008 5729 reprimere'studen-

426 5765 497 5811 tis
521 5771 534 5808 :
564 5765 624 5809 ac
652 5765 717 5808 nc
737 5749 814 5805 sic
839 5749 1052 5822 quidem
1079 5749 1129 5805 id
1157 5751 1364 5821 assequi
1385 5753 1554 5823 potuit
1579 5771 1591 5807 :
1621 5768 1805 5808 verum
1832 5756 2007 5809 acrius

459 343 561 398 585
1081 342 1138 398 S.
1179 341 1458 399 JOANNIS
1481 339 1950 396 CllRYSOSTOMl
1992 336 2307 392 AliillllEP.
2349 337 2875 393 CONSTANTINOP.

3615 334 3719 391 ὕὸι

2140 449 2348 504 ﬂamma
2375 448 2771 504 cxardescebat.
2805 449 2872 503 Et
2893 451 3011 519 quia
3045 449 3176 503 nihil
3207 449 3346 504 aliud
3378 461 3484 506 tum
3507 453 3719 509 efficere

2138 548 2420 610 poterant,
2466 539 2657 595 foedam
2692 541 2862 595 labem
2909 541 3005 610 ipsi
3037 552 3419 611 asperserunt,
3465 560 3526 598 ac
3568 556 3718 615 turpe

2137 630 2342 684 Crimen
2374 630 2424 684 in
2449 645 2569 684 eum
2610 631 2987 701 coniecerunt,
3026 633 3302 687 barbaram
3331 634 3580 689 videlicet
3609 653 3720 690 mn-

2140 721 2325 777 licrem
2353 721 2545 777 fratres
2583 733 3007 789 antevertentes,
3049 739 3112 779 ac
3153 727 3320 780 multo
3349 727 3719 782 sceleratiores

2139 827 2201 868 ea
2231 828 2291 868 se
2319 813 2635 882 praebentes.
2675 814 2768 868 llla
2793 815 2934 868 enim
2961 815 3011 869 in
3043 815 3308 881 alienum,
3343 816 3393 870 hi
3427 818 3476 871 in
3506 818 3717 873 fratrem

2139 903 2366 973 improbi
2403 913 2460 959 et
2487 905 2733 960 scelerati
2772 914 2942 967 erant,
2976 905 3053 960 Ac
3084 923 3150 960 ne
3181 906 3262 960 bis
3288 907 3500 977 quidem
3530 908 3719 963 finibus

2139 995 2532 1066 improbitatem
2559 1011 2708 1050 suam
2736 996 3264 1070 circumscripserant
3292 1013 3305 1050 :
3338 1013 3543 1063 verum,
3574 1007 3630 1052 ut
3653 1000 3716 1054 ad

2138 1087 2316 1157 priora
2343 1102 2558 1158 semper
2586 1087 2785 1158 aliquid
2811 1087 3088 1155 adderent,
3133 1089 3276 1143 omni
3307 1089 3482 1145 studio
3511 1091 3717 1146 labora.

2136 1179 2301 1236 bant:
2328 1196 2558 1252 eumque
2581 1181 2632 1235 in
2656 1181 2871 1237 deserto
2897 1181 3012 1237 loco
3031 1183 3202 1236 solum
3226 1183 3364 1237 nacti
3386 1185 3712 1254 jugularunt,

2137 1281 2191 1328 et
2218 1272 2574 1328 vendiderunt
2600 1283 2760 1344 atque
2790 1287 2859 1328 ex
2891 1273 3059 1329 libero
3087 1290 3299 1329 servum
3327 1275 3634 1342 cﬂ‘eccrunt,
3663 1287 3716 1331 et

2135 1365 2348 1434 quidem
2397 1366 2744 1420 acerbissimo
2787 1366 3054 1421 servitutis
3101 1382 3317 1437 genere.
3362 1366 3544 1436 Neque
3571 1369 3712 1423 enim

2134 1458 2373 1528 eiusdem
2407 1459 2637 1514 nationis
2668 1457 2994 1540 hominibus,
3027 1476 3210 1514 verum
3242 1459 3500 1527 barbaris,
3543 1462 3711 1516 aliena

2133 1548 2310 1618 lingua
2338 1548 2628 1613 utentibus,
2661 1548 2894 1619 ipsisque
2925 1551 3083 1605 etiam
3117 1551 3170 1604 in
3212 1550 3490 1605 barbaram
3537 1552 3713 1621 regio-

2135 1655 2255 1695 nem
2282 1641 2598 1696 abeuntibus
2627 1639 2844 1695 fratrem
2885 1641 3202 1698 dediderunt
3234 1661 3246 1696 :
3279 1644 3418 1698 Deus
3443 1660 3569 1699 vero
3596 1645 3710 1700 cla-

2134 1731 2329 1786 riorem
2357 1746 2478 1786 eum
2525 1740 2583 1786 ut
2612 1731 2897 1798 redderet,
2930 1733 3227 1802 patiebatur
3257 1751 3316 1790 ea
3349 1752 3466 1806 quae
3495 1736 3704 1800 fiebant,

2133 1831 2188 1876 et
2211 1838 2332 1878 cum
2366 1823 2617 1892 periculis
2661 1824 3010 1880 succederent
3051 1827 3306 1897 pericula,
3340 1828 3707 1898 longanimiter

2135 1913 2417 1972 tolerabat.
2445 1914 2698 1970 invidiam
2721 1918 2861 1971 enim
2888 1933 2952 1974 ac
2978 1917 3171 1974 fmdam
3194 1921 3510 1977 calumniam
3535 1923 3708 1979 cmch

2131 2005 2360 2072 excepit,
2385 2015 2437 2060 et
2459 2005 2606 2061 οωόο
2634 2007 2862 2062 atrocior
2882 2009 3124 2064 servitus.
3151 2009 3333 2080 Neque
3358 2013 3497 2067 enim
3525 2013 3709 2068 leviter

2130 2113 2159 2152 a
2194 2107 2244 2153 te
2273 2097 2324 2152 id
2350 2098 2487 2168 quod
2519 2098 2632 2154 dixi
2662 2100 3085 2171 prmtereundum
3121 2119 3134 2156 :
3163 2119 3346 2157 verum
3382 2104 3434 2158 in
3475 2115 3703 2159 mentem

2131 2187 2222 2242 tibi
2248 2189 2440 2254 veniat,
2477 2199 2729 2258 quantum
2757 2201 2869 2245 erat
2889 2233 2904 2258 ,
2937 2191 3168 2248 nobilem
3209 2193 3620 2259 adolescentem,
3651 2195 3704 2249 in

2131 2290 2350 2350 paterna
2397 2280 2558 2336 domo
2605 2299 2724 2337 cum
2756 2284 2901 2338 omni
2948 2284 3194 2340 libertate
3236 2301 3299 2340 ac
3347 2296 3490 2341 tanto
3539 2288 3704 2357 patris

2128 2385 2310 2426 amore
2353 2372 2654 2439 educatum,
2701 2374 2877 2428 subito
2917 2390 2946 2428 a
2988 2375 3259 2443 fratribus,
3293 2379 3380 2448 qui
3410 2377 3536 2432 nihil
3563 2379 3704 2449 quod

2132 2463 2230 2532 ipsi
2279 2463 2571 2533 obiicerem
2615 2464 2902 2529 habebant,
2932 2467 3106 2532 vcndi,
3157 2477 3314 2540 atque
3359 2469 3592 2524 barbaris
3619 2471 3703 2526 di-

2128 2571 2280 2610 versa
2314 2555 2490 2626 lingua
2519 2557 2809 2621 utentibus,
2840 2558 3180 2624 immanibus,
3207 2560 3504 2631 bellnisque
3531 2563 3704 2632 potius

2127 2663 2284 2717 quam
2319 2647 2621 2703 hominibus
2665 2649 2821 2716 dedi,
2871 2659 2923 2704 et
2953 2662 3218 2705 extorrem
3257 2661 3414 2722 atque
3443 2653 3701 2717 exsulem,

2126 2754 2190 2793 ac
2219 2755 2431 2793 servum
2477 2750 2529 2794 et
2577 2742 2917 2811 peregrinum
2967 2742 3238 2797 liberalem
3265 2744 3513 2812 iuvenem
3540 2744 3701 2810 effici,

2125 2844 2189 2883 ac
2230 2838 2346 2900 pOst
2391 2838 2592 2884 tantam
2625 2830 2954 2899 felicitatem,
2996 2833 3062 2887 ad
3101 2842 3394 2889 extremam
3438 2835 3706 2890 seriitutis

2126 2918 2481 2974 Calamitatem
2505 2963 2520 2988 ,
2562 2923 2714 2989 cuius
2758 2938 2974 2992 prorsus
3006 2923 3240 2978 insolens
3279 2933 3431 2991 erat,
3475 2925 3704 2993 devolvi,

2125 3009 2630 3082 crudelissimosque
2656 3012 2897 3066 dominos
2927 3014 3189 3083 accipere,
3216 3023 3374 3085 atque
3400 3017 3453 3071 in
3479 3017 3702 3072 alienam

2125 3111 2178 3156 et
2207 3102 2485 3156 barbaram
2520 3112 2716 3158 terram
2744 3104 2956 3160 abduci.
2985 3105 3122 3172 Quin
3151 3121 3216 3161 ne
3244 3107 3327 3161 bic
3355 3107 3567 3176 quidem
3594 3124 3706 3164 ma-

2126 3193 2294 3246 lorum
2323 3192 2445 3247 finis
2469 3203 2603 3260 erat,
2629 3210 2810 3250 verum
2837 3204 2956 3266 post
2975 3196 3283 3251 admiranda
3307 3198 3392 3252 illa
3420 3199 3704 3268 insomnia,

2124 3299 2241 3353 qnze
2269 3285 2697 3353 prtenuntiabant
2739 3284 2852 3340 fore
2880 3296 2936 3341 ut
2975 3289 3085 3356 ipse
3111 3303 3140 3341 a
3170 3287 3422 3343 fratribus
3451 3289 3703 3346 adorare-

2126 3385 2240 3442 tur,
2291 3377 2496 3433 insidiis
2541 3394 2752 3434 rursum
2798 3379 3004 3434 insidiae
3054 3380 3428 3436 succedebant.
3479 3381 3608 3436 Nam
3638 3397 3706 3438 ne

2124 3471 2224 3540 ipsi
2249 3471 2462 3541 quidem
2491 3482 2816 3527 mercatores
2843 3473 2930 3542 qui
2956 3484 3292 3543 acceperant,
3324 3489 3444 3528 eum
3475 3475 3705 3531 retinue-

2124 3573 2270 3628 runt,
2305 3578 2490 3618 verum
2520 3564 2929 3633 improbioribus
2949 3580 3160 3619 rursum
3190 3565 3430 3622 barbaris
3457 3567 3706 3622 vendide-

2123 3663 2264 3708 runt.
2310 3652 2427 3708 Non
2471 3663 2519 3707 te
2548 3652 2700 3725 fugit,
2745 3655 2928 3726 quanti
2959 3656 3026 3710 ad
3053 3656 3410 3712 calamitatem
3453 3658 3702 3712 momenti

2123 3745 2212 3811 sit,
2257 3745 2389 3800 tales
2429 3745 2677 3801 dominos
2709 3748 2901 3802 talibus
2945 3748 3174 3803 dominis
3203 3758 3553 3805 commutare.
3594 3750 3702 3805 lloc

2121 3835 2263 3889 enim
2309 3835 2668 3891 molestiorem
2713 3838 3024 3892 servitutem
3076 3839 3287 3905 reddit,
3335 3856 3454 3895 cum
3500 3842 3702 3896 externi

2121 3940 2334 3980 rursum
2356 3934 2481 3980 sunt
2509 3927 2596 3996 qui
2625 3937 2829 3993 emunt,
2861 3944 2924 3984 ac
2948 3930 3214 3998 prioribus
3241 3931 3551 3985 atrociores.
3579 3931 3704 3985 Post

2122 4017 2173 4072 in
2199 4017 2488 4090 Egyptum
2521 4019 2834 4090 ingreditur,
2871 4031 2978 4076 tum
3011 4038 3130 4078 cum
3160 4024 3268 4078 Deo
3293 4023 3486 4077 bellum
3515 4038 3702 4094 geren-

2124 4117 2252 4172 tem,
2297 4118 2351 4164 et
2395 4109 2575 4165 furore
2623 4111 2987 4178 laborantem,
3035 4115 3174 4169 unde
3217 4114 3540 4184 impudentia
3583 4129 3698 4182 ora,

2122 4199 2261 4254 unde
2296 4201 2472 4271 impiae
2496 4202 2686 4272 lingua!
2717 4204 3101 4273 promanabant
3123 4204 3198 4280 (a)
3223 4224 3235 4259 :
3265 4209 3401 4276 apud
3428 4206 3701 4278 [Egyptios

2122 4289 2252 4357 fuit,
2282 4307 2508 4360 quorum
2535 4294 2618 4347 vel
2649 4309 2785 4348 unus
2815 4296 2984 4364 potuit
3011 4312 3257 4366 magnum
3285 4297 3482 4353 Mosem
3524 4297 3700 4368 fugiti-

2119 4395 2243 4433 vum
2281 4389 2334 4434 et
2360 4381 2596 4437 exsulem
2629 4383 2874 4439 reddere.
2901 4386 2979 4440 Ac
3005 4395 3348 4456 posteaquam
3376 4387 3698 4457 aliquantum

2121 4471 2233 4526 illic
2261 4473 2574 4542 respiravit;
2617 4476 2759 4546 quod
2792 4477 3037 4533 videlicet
3067 4480 3324 4549 benignus
3354 4480 3494 4534 Deus
3523 4496 3608 4536 res
3632 4481 3700 4535 ab

2121 4562 2398 4618 hominum
2428 4566 2679 4634 Opinione
2710 4579 2943 4624 remotas
2970 4569 3345 4625 administrans
3369 4612 3382 4637 ,
3415 4571 3698 4625 immanem

2121 4652 2266 4706 illam
2313 4653 2501 4723 feram,
2543 4673 2662 4727 qua:
2703 4658 2874 4728 ipsum
2916 4670 3138 4725 emerat,
3179 4662 3232 4715 in
3277 4677 3429 4716 ovem
3473 4677 3703 4717 conver»

2122 4746 2274 4802 tisset
2309 4765 2321 4800 :
2361 4749 2638 4804 confestim
2681 4750 2778 4821 ipsi
2825 4768 3032 4806 rursum
3074 4767 3232 4806 arena
3273 4754 3698 4822 comparabatur,

2118 4855 2330 4894 rursum
2374 4841 2640 4908 stadium,
2687 4858 2896 4898 rursum
2937 4859 3127 4914 pugna:
3169 4859 3233 4898 ac
3276 4845 3566 4900 certamina
3591 4884 3609 4909 ,
3649 4853 3698 4899 et

2119 4931 2344 4988 sudores
2398 4933 2664 5002 prioribus
2708 4934 2965 4989 acriores.
3009 4933 3295 4989 Sceleratts
3338 4935 3480 4988 enim
3531 4935 3700 4989 oculis

2119 5038 2241 5078 eum
2273 5024 2398 5079 hera
2443 5025 2768 5095 conspicata,
2814 5026 3084 5096 ipsiusque
3129 5025 3519 5095 pulchritudine
3544 5034 3702 5094 atque

2119 5114 2384 5184 elegantia
2431 5125 2698 5185 superata,
2747 5132 3071 5186 prorsusque
3118 5117 3317 5169 amoris
3345 5115 3533 5169 affectu
3576 5129 3697 5167 cor-

2118 5215 2287 5274 repta,
2329 5221 2438 5274 pra:
2482 5207 2745 5275 impudica
2774 5207 2870 5261 hac
2899 5207 3187 5276 cupiditate
3216 5208 3435 5261 lez'rnam
3465 5221 3581 5261 sese
3605 5219 3699 5274 pro

2119 5293 2313 5349 femina
2343 5296 2636 5364 pratbebat.
2665 5297 2738 5350 Ita
2771 5312 2980 5351 rursum
3019 5297 3339 5351 domesticus
3367 5297 3534 5350 hostis
3562 5302 3700 5357 erat,

2117 5385 2388 5437 contrario
2417 5393 2591 5438 tamen
2619 5395 2672 5439 et
2695 5386 2830 5453 alio,
2859 5402 3016 5456 quam
3045 5388 3270 5456 priores,
3299 5387 3477 5439 animo
3505 5384 3700 5454 prde-

2119 5484 2203 5528 tus
2228 5492 2242 5527 ε
2270 5475 2344 5528 illi
2371 5474 2516 5530 enim
2542 5476 2666 5530 odio
2696 5477 2910 5531 adducti
2942 5487 3086 5543 sunt,
3119 5487 3174 5530 ut
3200 5492 3322 5532 eum
3352 5477 3510 5529 domo
3539 5475 3705 5542 ejice-

2117 5575 2272 5631 rent;
2321 5563 2436 5619 hmc
2470 5574 2653 5620 contra
2683 5582 2890 5633 amans,
2933 5582 2994 5622 ac
3035 5570 3244 5636 juvenis
3289 5567 3574 5637 cupiditate
3619 5565 3702 5617 in-

2179 5698 2250 5765 (n_)
2282 5697 2456 5747 Fadem
2477 5697 2755 5765 fere_\'erba
2778 5710 2978 5762 usurpat
3000 5701 3359 5765 Chrysostomus
3390 5699 3520 5749 initio
3539 5698 3696 5746 [tomi-

2121 5759 2198 5808 λιιι»
2223 5761 2272 5811 in
2295 5768 2530 5824 martyres
2545 5760 2806 5826 :Egyptios,
2833 5759 2965 5812 't‘oin.
2993 5769 3045 5811 tt.
