4058 6218
286 294 391 351 585

289 420 405 496 ρία.
445 419 604 487 Μέγα
656 417 755 489 μὲν
783 415 890 492 γὰρ
938 420 1102 474 αὐτοῦ
1156 422 1247 476 καὶ
1285 421 1344 476 16
1392 423 1490 493 τῆς
1523 424 1875 495 σωφροσύνης

287 506 647 579 κατόρθωμα,
672 507 760 559 ὅτε
779 507 880 577 τῆς
905 506 1285 580 Αἰγυπτιακῆς
1307 510 1602 574 ἀκολασίας
1633 512 1879 584 περιεγέ-

284 612 429 659 νετο,
460 594 555 646 καὶ
584 593 684 665 τὴν
711 592 904 647 ἀθλίαν
930 597 1162 662 γυναῖκα
1200 596 1417 667 ἐκείνην
1455 598 1548 649 ἐπὶ
1574 599 1673 669 τὴν
1695 598 1878 652 ἄδικον

284 681 452 736 αὐτὸν
475 679 746 734 καλοῦσαν
770 681 989 751 ὁμιλίαν
1025 682 1397 755 διεκρούσατο·
1439 684 1552 738 ἀλλ’
1595 685 1692 756 οὐχ
1735 684 1879 738 οὕτω

287 770 438 841 μέγα
461 768 644 834 τοῦτο,
676 770 753 833 ὡς
782 769 852 823 τά
876 770 1197 842 παθήματα.
1250 773 1412 829 Ποῖον
1433 774 1542 844 γὰρ
1579 773 1876 845 ἐγκώμιον,

280 857 408 911 εἰπέ
433 874 548 929 μοι,
575 858 638 910 τὸ
669 856 743 928 μὴ
796 856 1104 928 μοιχεῦσαι,
1157 858 1293 929 μηδὲ
1321 859 1602 932 ἀλλότριον
1634 859 1878 932 διορύξαι

280 943 488 1014 γάμον,
533 943 669 1015 μηδὲ
711 945 901 1014 μιᾶναι
952 942 1112 1014 εὐνὴν
1164 944 1462 1016 οὐδαμόθεν
1509 947 1660 1018 αὐτῷ
1704 964 1876 1019 προσ-

282 1032 551 1101 ήκουσαν,
611 1030 746 1101 μηδέ
776 1030 1030 1102 ἀδικῆσαι
1085 1031 1177 1085 τὸν
1231 1034 1691 1105 εὐεργετήσαντα,
1739 1036 1876 1107 μηδέ

282 1120 522 1193 αἰσχύνῃ
549 1119 861 1191 περιϐαλεῖν
883 1119 979 1173 τοῦ
1014 1121 1318 1190 προστάτου
1345 1121 1442 1193 τὴν
1470 1123 1679 1189 οἰκίαν;
1716 1123 1877 1176 Ἀλλά

280 1207 349 1259 16
385 1208 618 1277 ποιῆσαν
640 1206 805 1260 αὐτὸν
841 1207 1015 1277 μέγαν
1041 1208 1218 1263 ἐκεῖνο
1240 1209 1477 1279 μάλιστά
1509 1211 1677 1277 ἐστιν,
1707 1211 1736 1263 6
1764 1210 1876 1264 κίν-

282 1292 460 1358 δυνος,
500 1297 535 1366 ἡ
570 1293 914 1366 ἐπιϐουλὴ,ή
953 1295 1120 1366 μανία
1161 1296 1264 1367 τῆς
1309 1298 1682 1369 αἰχμαλώτου,
1719 1298 1876 1369 ήέπ-

285 1381 574 1451 ενεχθεῖσα
603 1381 714 1451 βία,
739 1382 800 1435 τὸ
824 1382 1063 1451 ἄφυκτον
1088 1383 1459 1456 δεσμωτήριον
1478 1384 1572 1438 106
1610 1384 1872 1456 θαλάμου,

286 1473 426 1543 ὅπερ
457 1470 609 1541 αὐτῷ
662 1469 1067 1524 κατεσκεύασεν
1095 1472 1130 1542 ἡ
1166 1473 1437 1543 μοιχαλὶς,
1486 1473 1550 1527 τὰ
1594 1474 1805 1535 δίκτυα,
1838 1473 1876 1528 ἀ

290 1558 624 1629 πανταχόθεν
652 1559 1005 1622 ἀνεπέτασεν,
1028 1560 1061 1629 ή
1086 1560 1411 1632 κατηγορία,
1450 1562 1484 1631 ή
1522 1562 1873 1630 συκοφαντία,

287 1647 350 1700 16
396 1647 794 1717 δεσμωτήριον,
837 1647 871 1717 ή
902 1645 1109 1709 ἀλυσις,
1147 1646 1207 1700 16
1252 1647 1478 1718 μηδενὸς
1515 1649 1745 1718 τυχόντα
1765 1649 1874 1703 τῶν

286 1734 513 1787 δικαίων
542 1733 677 1803 μετά
700 1733 791 1786 τὸν
825 1732 1078 1786 τοσοῦτον
1113 1729 1294 1800 ἆθλον,
1334 1735 1472 1806 ὑπὲρ
1497 1726 1558 1788 οὗ
1583 1736 1877 1805 στεφανοῦ-

289 1820 415 1873 σθαι
454 1820 639 1891 ἐχρῆν,
674 1819 750 1883 ὡς
783 1819 1076 1873 κατάδικον
1106 1820 1202 1872 καὶ
1233 1820 1530 1875 ὑπεύθυνον
1549 1822 1642 1876 ἐπὶ
1660 1822 1721 1876 16
1746 1823 1874 1893 όχύ-

291 1927 454 1980 ρωμα
497 1908 746 1977 ἄγεσθαι,
774 1908 870 1962 καὶ
904 1908 1041 1979 μετά
1080 1908 1187 1962 τῶν
1221 1908 1292 1962 τά
1328 1909 1530 1980 ἔσχατα
1560 1912 1875 1982 ἡμαρτηκό-

286 2012 397 2048 των
429 1995 864 2059 κατακλείεσθαι,
901 1997 930 2049 6
955 1996 1185 2066 αὐχμὸς,
1225 1994 1287 2050 16
1316 1997 1575 2070 σιδήριον,
1601 1999 1635 2068 ή
1668 1997 1761 2051 τοῦ
1790 1999 1877 2052 δε-

282 2083 606 2155 σμωτηρίου
645 2082 1009 2155 ταλαιπωρία.
1051 2084 1183 2137 Τότε
1227 2084 1389 2140 αὐτὸν
1436 2085 1546 2156 ὁρῶ
1590 2085 1877 2156 λάμποντα

288 2170 576 2240 μειζόνως,
605 2170 639 2240 ἢ
673 2171 761 2224 ὅτε
799 2170 894 2223 ἐπὶ
919 2170 1014 2223 τοῦ
1044 2170 1235 2242 θρόνου
1265 2171 1364 2242 τῆς
1400 2171 1675 2240 Αἰγύπτου
1739 2172 1874 2227 καθ-

286 2260 323 2329 ή
331 2276 490 2329 μενος
510 2259 600 2312 τὸν
617 2261 762 2313 σῖτον
794 2259 1008 2330 διένεμε
1037 2261 1148 2323 τοῖς
1177 2259 1471 2330 δεομένοις,
1486 2260 1581 2314 καὶ
1607 2261 1698 2314 16v
1718 2261 1873 2332 λιμὸν

284 2346 434 2408 ἔλυε,
455 2347 548 2399 καὶ
585 2346 763 2411 κοινὸς
790 2345 955 2418 λιμὴν
985 2346 1187 2400 ἅπασιν
1212 2346 1440 2415 ἐγίνετο.
1474 2347 1607 2400 Τότε
1634 2347 1746 2417 όρῶ
1774 2348 1872 2401 αύ-

284 2436 380 2489 τὺν
408 2435 651 2503 φαιδρὸν,
675 2436 762 2489 ότε
790 2434 938 2506 αὐτῷ
967 2436 1024 2489 αἱ
1050 2436 1206 2489 πέδαι
1241 2435 1333 2490 καὶ
1357 2434 1666 2507 χειροπέδαι
1721 2453 1874 2511 περι-

285 2525 566 2594 έκειντο,ἢ
602 2525 689 2577 ὅτε
711 2525 768 2578 ἐν
801 2524 1037 2595 ίματίοις
1074 2524 1344 2596 λαμπροῖς
1360 2523 1458 2596 τὴν
1487 2524 1757 2595 τοσαύτην
1783 2525 1873 2578 δυο

282 2610 548 2664 ναστείαν
578 2610 989 2682 περιεϐέϐλητο.
1032 2611 1091 2662 ’0
1122 2611 1219 2682 μὲν
1248 2611 1356 2681 γὰρ
1394 2611 1779 2681 πραγματείας
1805 2607 1873 2682 ἦν

287 2696 482 2769 καιρὸς
504 2709 597 2751 και
622 2697 888 2769 ἐμπορίας
915 2696 1134 2769 πολλῆς,
1187 2699 1215 2750 6
1245 2698 1340 2751 106
1380 2697 1754 2769 δεσμωτηρίου
1788 2697 1876 2752 λέ-

282 2800 399 2853 γον
424 2786 454 2837 6
479 2784 536 2837 δέ
563 2787 775 2857 τρυφῆς
801 2785 896 2838 καὶ
924 2784 1163 2848 ἀνέσεως
1196 2783 1289 2838 καὶ
1320 2784 1505 2854 τιμῆς,
1534 2779 1732 2856 πολλήν
1776 2786 1875 2856 μὲν

286 2872 434 2941 ἔχων
462 2870 561 2941 τὴν
575 2870 788 2942 ἡδονὴν,
821 2870 882 2923 οὐ
913 2870 1045 2924 πολὺ
1085 2869 1141 2923 δὲ
1160 2870 1220 2922 16
1250 2870 1459 2941 κέρδος.
1482 2870 1582 2924 Διά
1607 2869 1765 2925 τοῦτο
1785 2872 1873 2925 οὐ·

282 2956 348 3011 δὲ
379 2957 552 3021 οὕτως
573 2957 735 3013 αὐτὸν
752 2957 1038 3030 μακαρίζω
1059 2955 1366 3028 τιμώμενον
1391 2957 1496 3010 ὑπὸ
1526 2957 1619 3010 106
1652 2957 1874 3029 πατρὸς,

284 3045 369 3110 ὡς
407 3044 769 3116 φθονούμενον
800 3046 906 3100 ὐπὸ
935 3045 1042 3099 τῶν
1076 3044 1342 3115 ἀδελφῶν,
1378 3046 1471 3099 καὶ
1508 3044 1660 3118 564]
1699 3046 1876 3100 συνοί-

289 3152 424 3198 κους
448 3134 635 3205 ἔχοντα
664 3137 789 3201 τοὺς
810 3134 1120 3204 πολεμίους.
1154 3134 1264 3188 Kal
1296 3134 1406 3205 γάρ
1434 3136 1500 3188 ἐκ
1528 3134 1753 3207 πρώτης
1771 3136 1880 3206 ἡλι-

290 3224 420 3285 κίας
436 3221 644 3276 οἴκοθεν
661 3223 897 3294 χαλεπὸς
922 3222 1070 3293 αὐτῷ
1093 3222 1467 3295 ἀνερριπίζετο
1501 3223 1754 3294 πόλεμος,
1772 3223 1878 3278 τῶν

290 3311 677 3380 πολεμούντων
704 3311 956 3379 ἐγκαλεῖν
987 3310 1085 3381 μὲν
1112 3309 1342 3379 ἐχόντων
1368 3309 1540 3377 οὐδὲν,
1562 3309 1880 3380 τηκομένων

289 3395 352 3448 δὲ
403 3397 500 3451 καὶ
531 3397 1017 3469 διαρρηγνυμένων
1051 3394 1141 3449 διὰ
1187 3395 1249 3448 16
1293 3395 1536 3458 πλείονος
1586 3395 1880 3450 ἀπολαύειν

290 3483 458 3535 αὐτὸν
487 3483 640 3554 παρά
662 3483 757 3537 106
787 3483 990 3555 πατρὸς
1010 3482 1323 3546 διαθέσεως.
1351 3482 1544 3535 Καίτοι
1580 3498 1643 3549 γε
1671 3485 1733 3535 τὸ
1760 3482 1882 3552 φίλ-

289 3587 423 3640 τρον
447 3573 474 3623 6
498 3570 794 3641 νομοθέτης
836 3572 1038 3642 Μωσῆς
1075 3571 1174 3624 οὐκ
1210 3570 1411 3641 ἔφησεν
1442 3570 1502 3635 ἐξ
1538 3571 1738 3642 ἀρετῆς
1786 3572 1880 3625 106

291 3658 489 3722 παιδὸς
533 3658 676 3729 ἔχειν
728 3659 826 3730 τὴν
877 3659 1068 3729 ἀρχὴν.
1108 3656 1222 3711 ἀλλ’
1257 3656 1366 3710 ἀπὸ
1403 3657 1498 3710 τού
1545 3656 1735 3728 καιροῦ
1773 3657 1883 3711 τῶν

288 3746 524 3799 ὠδίνων.
575 3746 792 3816 Ἐπειδὴ
834 3745 942 3816 γάρ
985 3745 1209 3815 ὕστερον
1250 3743 1358 3797 τῶν
1403 3745 1577 3800 ἄλλων
1611 3757 1636 3785 α
1664 3745 1882 3817 ἐτέχθη,

292 3833 397 3886 καὶ
424 3833 483 3885 ἐν
536 3832 750 3903 ἐσχάτῳ
795 3833 941 3903 γήρα
973 3830 1218 3901 (ποθεινὰ
1245 3830 1301 3884 δὲ
1331 3831 1402 3884 τά
1426 3831 1647 3884 τοιαῦτα
1677 3831 1884 3895 παιδία,

289 3921 395 3974 ὅτε
452 3920 577 3991 παρ’
629 3919 818 3972 ἐλπίδα
867 3917 1237 3989 γεννώμενα),
1291 3917 1381 3970 διὰ
1423 3918 1581 3971 106:0
1629 3918 1879 3988 ἐφιλεῖτο.

308 4004 536 4075 Ὴγτίπα
565 4006 673 4075 γὰρ
692 4005 880 4059 αὑτὸν
899 4008 931 4059 ὁ
962 4003 1179 4072 πατὴρ,
1201 4005 1386 4075 φησὶν,
1421 4005 1509 4058 ὅτι
1536 4004 1666 4071 υἱός
1694 4004 1886 4075 γήρως

291 4089 381 4164 ἦν
396 4091 577 4158 αὐτῷ.

374 4179 467 4235 ια’.
490 4180 671 4233 Ταῦτα
693 4179 751 4233 δὲ
772 4180 800 4232 6
823 4179 1117 4251 νομοθέτης
1134 4178 1391 4250 ἔγραψεν,
1415 4179 1490 4244 ώς
1509 4179 1683 4249 ἔγωγε
1708 4172 1890 4251 οἴμαι,

293 4269 365 4322 οὐ
389 4267 452 4321 16
465 4266 524 4320 ὃν
547 4266 917 4337 διηγούμενος,
942 4265 1077 4319 ἀλλὰ
1096 4265 1189 4319 106
1225 4266 1427 4337 πατρὸς
1442 4267 1541 4338 τὴν
1572 4266 1769 4338 σκῆψιν
1792 4268 1887 4321 καὶ

296 4356 405 4425 τὴν
463 4354 758 4426 πρόφασιν.
813 4354 1031 4425 Ἐπειδὴ
1086 4353 1193 4425 γὰρ
1242 4353 1389 4425 ἐώρα
1425 4352 1785 4425 φθονούμενον
1828 4354 1889 4407 16

306 4442 616 4513 μειράκιον,
661 4441 1161 4513 παραμυθήσασθαι
1199 4441 1259 4493 16
1300 4439 1470 4503 πάθος
1510 4440 1616 4495 τῶν
1647 4440 1890 4510 ἀδελφῶν

306 4529 655 4601 βουλόμενος,
673 4528 907 4581 ἔπλασεν
937 4528 1155 4598 ἀγάπης
1176 4528 1354 4581 αἰτίαν
1383 4527 1443 4581 οὐ
1477 4527 1643 4580 πολὺν
1670 4529 1891 4582 τίκτου-

307 4635 415 4673 σαν
454 4617 602 4690 αὐτῷ
654 4618 742 4672 τὸν
770 4618 984 4688 φθόνον.
1038 4617 1161 4670 Ὅτι
1189 4617 1296 4688 γάρ
1343 4619 1398 4670 οὐ
1433 4617 1589 4671 τοῦτο
1620 4618 1791 4672 αἴτιον
1823 4612 1891 4690 ἦν

306 4706 407 4760 106
452 4705 699 4779 φίλτρου,
742 4704 878 4759 ἀλλά
912 4706 945 4774 ή
991 4702 1313 4774 ἀκμάζουσα
1361 4704 1459 4776 τῆς
1487 4704 1665 4775 ψυχῆς
1697 4706 1890 4777 ἀρετὴ,

309 4794 409 4848 καὶ
454 4794 553 4864 τῆς
607 4793 825 4864 ἡλικίας
871 4791 1209 4863 ἀκμαιοτέρα
1256 4786 1423 4857 οὖσα,
1482 4792 1638 4863 δῆλον
1687 4795 1750 4846 ἐκ
1799 4793 1893 4847 τοῦ

313 4880 599 4950 Βενιαμίν.
653 4880 717 4932 El
744 4878 852 4952 γὰρ
887 4878 975 4932 διά
1007 4877 1166 4931 10610
1198 4880 1402 4942 ἐκεῖνος
1431 4879 1683 4948 ἐφιλεῖτο,
1714 4878 1893 4950 πολλῷ

315 4967 519 5039 μᾶλλον
557 4968 648 5021 τὸν
690 4967 953 5040 νεώτερον
987 4965 1149 5019 αὐτοῦ
1205 4966 1474 5035 φιλεῖσθαι
1512 4966 1699 5039 ἐχρῆν.
1740 4966 1897 5020 Μετά

314 5060 429 5132 γὰρ
449 5058 539 5113 τὸν
561 5059 759 5129 Ἰωσὴφ
790 5060 994 5121 ἐκεῖνος
1022 5057 1236 5129 ἐτέχθη,
1266 5056 1360 5111 καὶ
1384 5048 1540 5120 οὗτος
1570 5056 1768 5127 μᾶλλον
1784 5055 1896 5122 υίὸς

312 5148 509 5219 γήρως
537 5143 606 5218 ῆν
634 5146 802 5217 αὐτῷ.
851 5146 1013 5211 Ἀλλ’,
1046 5146 1185 5217 ὅπερ
1204 5144 1360 5215 ἔφην,
1389 5142 1483 5197 τοῦ
1519 5145 1722 5216 πατρδς
1742 5138 1810 5213 ἦν
1837 5142 1899 5196 16

314 5235 569 5305 πλάσμα,
601 5234 926 5305 βουλομένου
970 5233 1273 5287 καταλῦσαι
1307 5232 1398 5285 τὸν
1431 5230 1714 5301 ἀδελφικὸν
1741 5230 1899 5284 πόλε-

316 5339 448 5396 μον·
474 5322 588 5376 ἀλλ’
615 5323 739 5376 οὐδέ
766 5323 937 5387 οὕτως
964 5324 1203 5392 ἴσχυσεν,
1241 5320 1353 5373 ἀλλ’
1381 5319 1656 5384 ἐξεκαίετο
1680 5319 1903 5389 σφοδρο-

313 5415 455 5481 τέρα
486 5411 520 5481 ἠ
562 5409 715 5480 φλόξ.
742 5410 851 5464 Kal
878 5408 1064 5480 ἐπειδὴ
1098 5408 1247 5461 οὐδὲν
1281 5407 1463 5476 ἴσχυον
1494 5406 1713 5477 ποιῆσαι
1742 5406 1899 5469 τέως,

315 5501 676 5569 κατήνεγκαν
699 5497 846 5567 αὐτῷ
876 5497 1044 5567 ψόγον
1073 5495 1327 5567 πονηρὸν,
1358 5496 1559 5566 αἰσχρᾷ
1586 5493 1905 5565 περιέϐαλον

316 5587 499 5660 αἰτία,
530 5587 627 5657 τὴν
658 5587 930 5660 βάρϐαρον
957 5588 1191 5657 γυναῖκα
1227 5586 1640 5657 προφθάσαντες
1676 5585 1725 5638 οἱ
1750 5582 1895 5639 ἀδελ-

394 5759 428 5792 ⁸
444 5756 600 5809 Iidem
612 5770 726 5808 mss.
747 5759 945 5823 ὕστερος
961 5757 1056 5806 τῶν
1098 5756 1268 5805 ἀλλων.

1733 306 1837 361 ιηη
1846 305 2093 362 STOLLIE
2105 348 2117 361 .

3456 307 3563 368 εει

1981 425 2093 494 φοὶ,
2124 424 2218 478 καὶ
2247 422 2425 495 πολλῷ
2456 423 2670 496 χείρους
2711 423 2966 494 φανέντες
2993 422 3184 494 αὐτῆς.
3224 422 3290 477 Ἦ
3325 423 3424 495 μέν
3456 426 3563 497 γὰρ

1980 521 2061 584 εἰς
2091 519 2392 592 ἀλλότριον,
2411 522 2458 574 οἱ
2488 521 2544 575 δέ
2570 522 2648 585 εἰς
2671 520 2900 591 ἀδελφὸν
2925 520 3166 589 ἐγίνοντο
3197 519 3567 593 πονηροί.Καὶ

1976 617 2097 670 οὐδὲ
2122 616 2355 671 ἐνταῦθα
2388 615 2621 689 ἔστησαν
2652 616 2750 687 τῆς
2777 616 2991 680 κακίας
3029 616 3144 670 ἀλλ’
3168 617 3568 686 ἐπηγωνίζοντο

1975 714 2088 775 τοῖς
2115 711 2404 784 προτέροις
2428 712 2536 778 ἀεὶ,
2565 713 2659 767 καὶ
2689 711 2945 777 λαϐόντες
2973 715 3134 784 μόνον
3153 713 3209 767 ἐν
3240 712 3448 784 ἐρημίᾳ
3472 711 3568 765 καὶ

1976 807 2237 878 ἔσφαξαν,
2254 807 2350 862 καὶ
2361 808 2640 873 ἀπέδοντο,
2661 808 2756 862 καὶ
2767 807 2950 862 δοῦλον
2963 808 3079 862 ἀντ’
3093 806 3376 877 ἐλευθέρου
3387 807 3567 878 ἐποίη-

1979 919 2101 970 σαν,
2137 903 2233 957 καὶ
2265 902 2509 958 δουλείαν
2538 903 2637 975 τὴν
2670 904 2906 975 ἐσχάτην
2954 903 3006 958 δ.
3057 901 3194 956 Οὐτε
3233 901 3341 973 γὰρ
3367 902 3568 972 ὀμοφύ·

1977 997 2091 1063 λοις
2129 999 2293 1065 τισὶν,
2334 998 2474 1052 ἀλλά
2513 997 2813 1071 βαρϐάροις
2862 995 3301 1070 ἑτερογλώσσοις,
3333 996 3565 1060 καὶτοῖς

1981 1095 2060 1159 εἰς
2083 1092 2358 1167 βάρϐαρον
2379 1094 2604 1149 ἀπιοῦσι
2631 1094 2815 1167 χώραν
2835 1093 3104 1162 ἐξέδωκαν
3141 1093 3231 1146 τὸν
3258 1091 3506 1161 ἀδελφόνο
3534 1092 3565 1144 6

1973 1187 2029 1243 δὲ
2078 1188 2212 1253 Θεὸς
2256 1188 2637 1262 λαμπρότερον
2693 1189 2856 1243 αὐτὸν
2917 1186 3110 1252 ποιῶν,
3159 1186 3405 1257 ἠνείχετο
3453 1183 3565 1239 τῶν

1973 1284 2293 1355 γινομένων,
2322 1285 2418 1339 καὶ
2449 1283 2849 1357 ἐμακροθύμει,
2877 1282 3140 1338 κινδύνων
3162 1280 3439 1344 κινδύνους
3458 1279 3566 1333 δια-

1971 1378 2295 1451 δεχομένων.
2330 1379 2493 1435 Μετὰ
2541 1380 2653 1452 γὰρ
2706 1379 2799 1433 16v
2831 1378 3027 1449 φθόνον
3074 1378 3171 1432 καὶ
3203 1377 3303 1449 τὴν
3330 1376 3564 1448 αἰσχράν

1972 1474 2222 1546 διαϐολὴν
2247 1479 2430 1549 σφαγῇ
2465 1475 2811 1546 παρέδωκαν,
2838 1475 2933 1528 καὶ
2976 1473 3194 1544 δουλείᾳ
3226 1472 3439 1542 σφαγῆς
3462 1488 3563 1543 χα-

1972 1568 2274 1640 λεπωτέρᾳ.
2309 1570 2403 1641 Μὴ
2446 1570 2556 1639 γάρ
2590 1587 2680 1640 μοι
2720 1569 3091 1641 παραδράμῃς
3125 1567 3311 1633 ἁπλῶς
3329 1568 3394 1622 16
3413 1568 3567 1639 εἰρη-

1976 1664 2154 1735 μένοψ
2179 1665 2293 1719 ἀλλ’
2323 1665 2577 1736 ἐννόησον
2609 1664 2797 1736 ἡλίκον
2814 1660 2883 1736 ἦν
2912 1663 3195 1735 μειράκιον
3223 1662 3462 1731 εὐγενὲς,
3507 1663 3567 1715 ἐν

1972 1762 2118 1833 οἰκίξι
2148 1766 2385 1835 πατρικῇ
2409 1762 2618 1834 τραφὲν
2646 1763 2785 1835 μετὰ
2815 1762 3128 1834 ἐλευθερίας
3154 1761 3393 1831 ἀπάσης,
3427 1757 3567 1831 μετά

1971 1858 2193 1927 ἀγάπης
2218 1857 2427 1929 πατρὸς
2460 1857 2751 1929 τοσαύτης,
2770 1857 2969 1929 ἀθρόον
2986 1856 3091 1909 6116
3110 1855 3355 1925 ἀδελφῶν
3383 1854 3564 1925 ἀπεμ-

1972 1952 2293 2025 ποληθῆναι,
2330 1952 2485 2007 οὐδὲν
2532 1953 2765 2023 ἐχόντων
2794 1951 3071 2021 ἐγκαλεῖν,
3122 1951 3218 2005 καὶ
3266 1949 3568 2022 βαρϐάροις

1969 2053 2256 2125 ἐκδοθῆναι
2278 2051 2722 2124 ἑτερογλώσσοις,
2758 2052 2857 2106 καὶ
2884 2050 3073 2123 ήθεσιν
3103 2049 3436 2116 ἀλλοκότοις,
3470 2045 3566 2102 καὶ

1971 2153 2317 2226 αύτοθηρίοις
2371 2153 2591 2225 μᾶλλον,
2624 2153 2659 2224 ἢ
2700 2150 3028 2223 ἀνθρώποις⁹
3090 2149 3187 2204 καὶ
3234 2147 3447 2214 ἄπολιν,
3469 2145 3567 2201 καὶ

1973 2253 2338 2326 μετανάστην,
2390 2255 2485 2307 καὶ
2515 2252 2755 2322 οἰκέτην,
2815 2250 2910 2306 καὶ
2945 2249 3094 2315 ξένον
3136 2249 3247 2304 ἀντ’
3279 2246 3564 2317 ἐλευθέρου

1972 2355 2068 2408 καὶ
2097 2353 2312 2407 πολίτου
2349 2352 2625 2422 γενέσθαι,
2648 2353 2743 2406 καλ⁸
2774 2350 3041 2422 τοσαύτης
3067 2348 3448 2404 ἀπολαύσαντα
3468 2346 3566 2415 τῆς

1971 2457 2293 2529 εὐημερίας,
2335 2455 2472 2527 πρὸς
2515 2454 2615 2526 τὴν
2670 2454 2907 2525 ἐσχάτην
2949 2450 3344 2523 κατενεχθῆναι
3382 2448 3567 2502 ταλαι-

1974 2557 2188 2627 πωρίαν
2220 2555 2465 2619 δουλείας
2496 2555 2639 2627 ἀήθη
2675 2553 2804 2607 δντα
2834 2552 2952 2625 μεθ’
2993 2549 3299 2623 ὑπερϐολῆς
3322 2547 3567 2618 ἀπάσης,

1978 2655 2129 2730 [565]
2164 2658 2255 2711 καὶ
2312 2656 2677 2728 πικροτάτους
2734 2653 2920 2707 λαϐεῖν
2967 2651 3256 2713 δεσπότας,
3303 2647 3399 2701 καὶ
3432 2646 3568 2717 πρὸς

1973 2760 2260 2832 ἀλλοτρίαν
2288 2758 2383 2812 καὶ
2422 2757 2696 2829 βάρϐαρον
2760 2752 3149 2825 μετενεχθῆναι
3182 2762 3204 2789 ε
3259 2750 3381 2819 γῆν.
3426 2745 3568 2802 Ἀλλ’

1980 2862 2102 2916 οὐδέ
2126 2860 2363 2914 ἐνταῦθα
2394 2861 2582 2913 ἵστατο
2625 2858 2695 2911 τά
2722 2856 2891 2919 δεινὰ,
2937 2854 3051 2908 ἀλλ’
3086 2851 3371 2906 ἐπιϐουλαὶ
3400 2850 3566 2915 πάλιν

1975 2961 2266 3025 ἐπιϐουλὰς
2302 2960 2597 3030 διεδέχοντο
2621 2958 2759 3026 μετὰ
2786 2957 2858 3010 τὰ
2882 2956 3135 3025 ὀνείρατα
3164 2955 3346 3006 ἐκεῖνα
3360 2951 3429 3005 τά
3446 2950 3571 3005 θαυ-

1984 3061 2164 3133 μαστὰ
2213 3061 2309 3114 καὶ
2348 3061 2450 3131 τὴν
2505 3058 2615 3112 τῶν
2666 3055 2915 3126 ἀδελφῶν
2968 3053 3138 3108 αὐτοῦ
3195 3050 3572 3124 προσκύνησιν

1980 3161 2493 3233 προαναφωνοῦντα.
2523 3157 2793 3221 Λαϐόντες
2826 3155 2936 3227 γὰρ
2960 3154 3123 3208 αὐτὸν
3149 3147 3295 3208 οὗτοι
3318 3153 3368 3206 οί
3408 3150 3574 3222 ἔμπο-

1981 3279 2064 3333 ροι
2110 3260 2171 3315 οὐ
2210 3260 2497 3330 κατέσχον,
2551 3252 2666 3311 ἀλλ’
2705 3257 2913 3328 ἐτέροις
2948 3254 3110 3308 αὐτὸν
3139 3252 3303 3307 πάλιν
3330 3252 3573 3323 χείροσιν

1979 3360 2239 3415 ἀπέδοντο
2265 3358 2582 3431 βαρϐάροις.
2619 3351 2791 3409 Οἶσθα
2833 3354 2891 3407 δὲ
2923 3352 3111 3423 ἡλίκον
3141 3349 3301 3403 τοῦτο
3323 3350 3403 3413 εἰς
3429 3365 3571 3419 συμ-

1982 3461 2154 3530 φορᾶς
2170 3458 2348 3527 λόγον,
2370 3457 2431 3510 16
2454 3454 2719 3516 δεσπότας
2746 3451 3020 3519 τοιούτους
3049 3451 3113 3503 ἐκ
3141 3447 3396 3501 τοιούτων
3411 3434 3573 3517 ἀμεί-

1982 3561 2117 3614 ϐειν.
2173 3559 2344 3612 Τοῦτο
2382 3557 2492 3630 γὰρ
2535 3555 2945 3626 δυσκολωτέραν
2997 3554 3143 3605 ποιεῖ
3178 3551 3277 3621 τὴν
3309 3549 3571 3613 δουλείαν,

1980 3660 2108 3714 ὃταν
2136 3660 2230 3715 καὶ
2252 3660 2394 3724 ξένοι
2432 3656 2594 3711 πάλιν
2626 3656 2676 3709 οἰ
2711 3655 3001 3726 κτώμενοι,
3035 3652 3129 3706 καὶ
3153 3651 3260 3705 τῶν
3290 3649 3573 3721 προτέρων

1980 3760 2080 3817 ὦσι
2101 3760 2491 3831 χαλεπώτεροι.
2522 3758 2632 3811 Kal
2671 3757 2883 3826 γίνεται
2932 3755 2992 3806 ἐν
3034 3751 3295 3821 Αἰγύπτῳ
3319 3752 3410 3820 »τῇ
3451 3748 3574 3802 θεο-

1989 3862 2145 3932 μάχῳ
2178 3858 2302 3911 τότε
2331 3857 2518 3928 ἐκείνῃ
2546 3857 2641 3909 καὶ
2669 3853 2987 3926 μαινομένῃ,
3011 3851 3133 3904 ὅθεν
3162 3849 3230 3903 τά
3246 3848 3574 3918 ἀναίσχυντα

1982 3956 2245 4026 στόματα,
2278 3955 2401 4008 ὅθεν
2430 3957 2486 4008 αἰ
2523 3954 2832 4024 βλάσφημοι
2848 3951 3091 4020 γλῶσσαι
3122 3949 3173 4003 ἀ.
3208 3948 3319 4003 Kal
3347 3948 3557 4017 γίνεται

1988 4058 2117 4128 παρ’
2149 4055 2489 4125 Αἰγυπτίοις,
2519 4049 2593 4107 ὧν
2620 4052 2715 4106 καὶ
2748 4047 2827 4116 εἷς
2856 4052 3057 4122 ήρκεσε
3096 4047 3257 4118 μόνος
3281 4046 3373 4100 16v
3402 4046 3575 4118 μέγαν

1988 4158 2227 4215 Μωῦσέα
2250 4155 2529 4229 δραπέτην
2563 4153 2658 4208 καὶ
2686 4151 2902 4224 φυγάδα
2933 4152 3178 4221 ποιῆσαι.
3219 4147 3332 4201 Kal
3385 4146 3575 4219 ἐπειδὴ

1993 4257 2187 4330 μικρὸν
2221 4256 2549 4310 ἀνέπνευσεν
2588 4254 2723 4318 ἐκεῖ,
2752 4251 2846 4305 106
2882 4249 3264 4321 φιλανθρώπου
3299 4248 3456 4313 Θεοῦ,
3480 4247 3575 4302 106

1986 4361 2056 4414 τὶ
2108 4358 2385 4429 παράδοξα
2435 4355 2867 4427 οἰκονομοῦντος,
2922 4353 3016 4406 τὸν
3056 4352 3247 4421 ἄγριον
3294 4351 3436 4419 θῆρα
3482 4350 3576 4401 τὸν

1988 4460 2338 4532 ὠνησάμενον
2377 4457 2540 4512 αὐτὸν
2566 4457 2891 4528 ποιήσαντος
2919 4451 3213 4525 πρόϐατον,
3240 4449 3442 4510 εὐθέως
3472 4448 3575 4501 αὐ-

1990 4561 2071 4634 τῷ
2100 4562 2399 4632 σκάμματα
2430 4554 2869 4628 παρεσκευάζετο
2898 4554 3080 4614 πάλιν,
3113 4551 3207 4606 καὶ
3237 4549 3467 4609 στάδιον,
3482 4546 3578 4600 καὶ

1994 4660 2367 4731 παλαίσματα,
2419 4657 2513 4711 καὶ
2558 4657 2789 4725 ἀγῶνες,
2843 4654 2938 4707 καὶ
2967 4651 3187 4724 ἱδρῶτες
3232 4647 3577 4718 σφοδρότεροι

1994 4763 2102 4817 τῶν
2128 4760 2429 4832 προτέρων.
2476 4755 2680 4811 Ἰδοῦσα
2713 4755 2821 4826 γὰρ
2852 4754 3015 4807 αὐτὸν
3057 4751 3261 4813 ἀδίκοις
3278 4747 3577 4817 ὀφθαλμοῖς

1996 4862 2031 4932 ἠ
2053 4860 2387 4932 κεκτημένη.
2417 4858 2512 4913 καὶ
2539 4856 2618 4927 τῷ
2648 4855 2834 4910 κάλλει
2866 4853 2967 4923 τῆς
2987 4852 3162 4921 ὅψεως
3188 4848 3349 4904 αὐτοῦ
3382 4865 3579 4919 χειρω-

1995 4961 2169 5026 θεῖσα,
2192 4961 2287 5014 καὶ
2319 4958 2461 5013 κατά
2483 4956 2684 5029 κράτος
2711 4954 2915 5009 ἁλοῦσα
2947 4952 3026 5023 τῷ
3047 4951 3229 5012 πάθει,
3252 4950 3437 5003 λέαινα
3459 4949 3580 5002 ἀντὶ

1997 5060 2256 5132 γυναικὸς
2292 5058 2398 5113 ὑπὸ
2438 5057 2539 5127 τῆς
2578 5054 2876 5109 ἀκολάστου
2910 5051 3112 5122 ταύτης
3139 5049 3433 5119 ἐπιθυμίας
3458 5047 3580 5116 ἐγέ-

1998 5177 2139 5215 νετο.
2175 5159 2286 5212 Kal
2331 5156 2496 5211 πάλιν
2547 5153 2795 5218 σύνοικος
2846 5156 2876 5208 ὁ
2922 5152 3186 5222 πολέμιος
3233 5146 3301 5221 ἦν
3333 5146 3581 5202 ἐναντίαν

1998 5262 2112 5324 τοῖς
2143 5258 2429 5331 προτέροις
2482 5256 2581 5327 τὴν
2626 5254 2880 5309 ὑπόθεσιν
2919 5251 3075 5322 ἔχων
3112 5250 3307 5303 ἐκεῖνοι
3353 5246 3461 5316 γὰρ
3494 5263 3583 5318 μι-

2002 5358 2220 5422 σοῦντες
2254 5356 2416 5410 αὐτὸν
2467 5354 2564 5426 τῆς
2591 5354 2769 5417 οἰκίας
2829 5350 3103 5415 ἐξέϐαλον·
3138 5346 3274 5418 αὓτη
3318 5346 3373 5398 δὲ
3403 5344 3585 5417 ἐρῶσα

2062 5502 2092 5542 ιι
2122 5500 2272 5552 [idem
2294 5500 2375 5547 καὶ
2396 5498 2577 5548 δούλων
2597 5494 2809 5544 δουλείαν
2830 5494 2915 5551 τήν
2935 5488 3221 5555 πικροτάτην
3244 5486 3489 5544 ἐποίησαν.

2069 5567 2092 5594 ε
2119 5563 2267 5612 [idem
2290 5562 2618 5622 ἀπενεχθῆναι.
2847 5614 2884 5623 _
2993 5614 3025 5623 _,
3142 5611 3172 5623 ,.
3216 5611 3225 5621 .

2067 5622 2094 5663 d
2119 5602 2795 5675 ἱξῖᾗόιῦῐιζἬ·ὦρνιθες
2830 5614 3088 5676 Egyplios
3138 5610 3293 5676 (ἱιιὶί.)
3340 5602 3587 5676 Tom-“"-

2004 5666 2582 5755 1164:1631
2617 5666 2855 5755 δεδεκου
2876 5666 3346 5755 ίὲῑίιιξνξξὲξτάτθλςν
3381 5668 3464 5716 παι
3483 5666 3592 5717 ιοεν

2006 5739 2069 5796 τὰ
2092 5747 2206 5796 ἄθεα
2228 5739 2468 5810 στόματα,
2492 5744 2595 5792 ὅθεν
2616 5744 2662 5789 αἰ
2687 5739 2955 5804 βλάσφημοι
2972 5739 3208 5797 γλῶσσαι.
