4058 6218
373 279 477 337 585

371 406 569 458 censa;
613 399 669 446 et
694 389 906 461 quidem
942 389 1160 460 duplex,
1193 389 1300 446 imo
1328 388 1538 460 triplex,
1581 403 1644 443 ac
1683 387 1960 457 multiplex

372 485 474 540 bon
511 481 714 539 bellum
757 490 891 536 erat.
923 481 1107 551 Neque
1132 481 1275 536 enim
1305 480 1426 551 quia
1458 479 1592 534 retia
1634 478 1773 533 saltu
1798 493 1962 547 supe-

373 580 532 646 ravit,
581 593 646 634 ac
669 577 820 633 brevi
852 576 1112 647 temporis
1155 583 1354 646 puncto
1397 575 1644 644 laqueum
1687 571 1960 636 dissecuit,

370 671 574 727 idcirco
622 685 746 726 eum
791 667 895 724 hoc
937 677 1210 723 certamen
1260 667 1379 722 sine
1439 665 1625 720 labore
1669 662 1964 720 confecisse

369 762 653 820 existimes
701 778 716 816 :
762 759 1027 831 siquidem
1077 760 1347 830 ingentem
1396 749 1650 812 sudorem
1697 757 1750 811 in
1796 769 1859 810 ea
1904 769 1965 809 re

370 855 558 911 subiit.

449 946 541 1002 i2.
583 945 660 1001 Ac
684 945 729 1000 si
768 943 822 1000 id
863 943 1144 1014 perspicue
1171 942 1310 998 scire
1333 940 1429 996 tibi
1456 939 1605 996 cordi
1633 947 1735 1004 est,
1762 939 1964 1009 cogites

369 1040 533 1096 velim
571 1036 870 1108 cujusmodi
907 1051 998 1091 res
1027 1036 1096 1090 sit
1116 1034 1389 1104 juventus,
1416 1047 1480 1088 ac
1503 1021 1800 1103 iuventutis
1840 1028 1959 1083 llos.

368 1131 504 1188 Nam
547 1140 656 1186 tum
699 1129 754 1184 in
786 1129 902 1198 ipso
926 1126 1224 1197 juventutis
1248 1124 1378 1180 flore
1406 1133 1556 1180 erat:
1589 1137 1694 1193 quo
1724 1130 1964 1191 tempore

369 1221 549 1278 acrior
575 1229 778 1275 natum
806 1218 1020 1273 ï¬‚amma
1047 1217 1335 1282 excitatur,
1372 1230 1479 1285 quo
1515 1215 1701 1283 ingens
1731 1212 1962 1268 libidinis

370 1321 685 1383 tempestas,
729 1324 837 1380 quo
880 1307 1110 1378 denique
1157 1317 1399 1378 tempore
1451 1303 1768 1360 imbecillior
1803 1303 1960 1358 ratio.

368 1404 632 1460 Juvenum
670 1401 812 1457 enim
843 1399 1009 1454 animi
1051 1413 1158 1453 non
1188 1391 1474 1453 admodum
1501 1409 1696 1464 magno
1723 1394 1960 1464 pruden-

372 1500 460 1554 tize
503 1495 758 1568 praesidio
797 1493 1129 1561 muniuntur,
1156 1507 1257 1548 nec
1298 1507 1551 1562 magnum
1598 1489 1805 1545 virtutis
1844 1497 1961 1544 stu-

370 1589 518 1645 dium
545 1595 737 1660 gerunt
763 1604 777 1640 :
808 1601 994 1642 verum
1025 1594 1078 1640 et
1107 1583 1388 1640 affectuum
1422 1593 1708 1652 tempestas
1732 1581 1963 1636 atrocior

371 1689 474 1745 est,
502 1688 560 1735 et
596 1679 755 1744 ratio,
779 1692 900 1749 quae
927 1691 1019 1732 eas
1046 1676 1310 1746 gubernat
1351 1689 1412 1730 ac
1452 1673 1780 1740 moderatur,
1809 1672 1960 1728 infir-

370 1775 530 1829 mior.
564 1773 644 1827 Ad
673 1781 918 1827 naturam
947 1778 1124 1825 autem
1163 1777 1220 1824 et
1258 1776 1467 1824 aetatem
1509 1767 1638 1823 illud
1678 1767 1837 1824 etiam
1867 1782 1959 1821 ac-

371 1866 617 1930 cedebat,
653 1864 794 1936 quod
838 1865 1028 1934 ingens
1064 1862 1306 1918 mulieris
1344 1861 1668 1931 impudicitia
1713 1869 1848 1916 erat.
1893 1859 1964 1915 Et

370 1959 510 2014 sicut
536 1957 768 2012 Persica:
802 1955 906 2010 illa;
929 1969 1116 2009 manus
1143 1952 1522 2024 Babylonicam
1549 1951 1817 2006 fornacem
1844 1965 1960 2004 ma-

371 2065 478 2122 gno
521 2047 700 2104 studio
737 2045 1132 2112 accendebant,
1173 2044 1443 2113 copiosam
1495 2041 1603 2114 igni
1653 2040 1958 2097 alimoniam

368 2141 694 2212 prazbentcs,
741 2153 805 2195 ac
855 2139 1031 2194 varios
1069 2137 1298 2192 flammas
1329 2134 1542 2190 fomites
1581 2135 1960 2190 admoventes:

371 2233 564 2288 eodem
601 2246 815 2302 quoque
844 2230 1004 2285 modo
1035 2239 1161 2285 tunc
1201 2228 1388 2284 infelix
1430 2227 1518 2283 illa
1563 2235 1619 2283 et
1659 2241 1959 2282 aerumnosa

370 2325 571 2380 mulier
597 2323 863 2380 flammam
893 2323 1110 2377 fornace
1135 2320 1223 2376 illa
1261 2320 1561 2392 graviorem
1587 2334 1650 2375 ac
1690 2319 1958 2390 periculo-

369 2416 570 2470 siorem
610 2412 958 2475 accendebat,
989 2419 1259 2482 unguenta
1297 2411 1547 2466 nimirum
1595 2410 1766 2478 olens,
1793 2423 1960 2482 gena-

371 2524 494 2562 rum
522 2505 824 2577 pigmentis,
853 2505 1127 2560 oculorum
1164 2503 1403 2574 picturis,
1435 2503 1599 2559 fracta
1625 2514 1680 2558 et
1707 2513 1960 2559 enervata

369 2613 526 2664 voce,
557 2596 809 2661 motibus,
848 2595 1174 2667 ingressibus
1221 2595 1523 2663 lasciviens,
1554 2595 1701 2651 molli
1743 2595 1958 2662 vestitu,

368 2705 487 2744 aurt
514 2688 738 2756 ambitu,
765 2703 829 2743 ac
871 2687 1137 2743 sexcentis
1177 2687 1296 2742 aliis
1333 2687 1574 2756 ejusdem
1603 2687 1814 2759 generis
1842 2687 1960 2744 ille-

369 2782 550 2837 cebris
578 2790 632 2836 et
660 2779 966 2850 imposturis
995 2777 1386 2834 adolescentem
1408 2793 1439 2833 a
1465 2788 1644 2834 mente
1666 2777 1958 2835 deducens.

371 2874 440 2930 Et
465 2873 911 2944 quemadmodum
942 2871 1143 2943 peritus
1169 2870 1381 2942 quidam
1399 2881 1642 2936 venator,
1662 2871 1772 2927 fera
1802 2881 1962 2942 captu

367 2965 575 3021 difficili
620 2964 775 3035 potiri
804 2964 1045 3028 studens,
1077 2963 1255 3018 omnia
1297 2963 1429 3017 artis
1470 2962 1823 3018 instrumenta
1860 2962 1961 3018 ad-

369 3066 592 3112 movet:
625 3058 703 3112 sic
730 3057 862 3126 ipsa,
890 3054 1104 3125 juvenis
1145 3053 1453 3124 pudicitiam
1493 3063 1826 3124 perspectam
1866 3052 1963 3108 Ita-

370 3147 506 3201 bens
533 3145 672 3216 (nec
697 3145 836 3200 enim
865 3159 926 3200 ea
964 3144 1062 3214 ipsi
1090 3152 1237 3199 tanto
1267 3152 1507 3214 tempore
1536 3144 1805 3214 incognita
1841 3159 1961 3201 esse

370 3237 657 3308 poterat),
699 3236 896 3306 ingenti
937 3235 1039 3290 sibi
1089 3234 1156 3290 ad
1195 3235 1446 3305 juvenem
1497 3235 1550 3290 in
1600 3237 1958 3306 captivitatem

372 3326 720 3398 redigendum
742 3335 996 3396 apparatu
1033 3340 1166 3396 opus
1191 3339 1312 3381 esse
1340 3325 1614 3396 judicavit,
1641 3328 1710 3382 ob
1737 3341 1962 3398 eamque

370 3433 589 3474 causam
612 3417 757 3471 nulla
802 3416 1035 3472 libidinis
1078 3416 1324 3472 machina
1354 3425 1470 3472 erat
1505 3432 1663 3487 quam
1691 3433 1796 3473 non
1841 3433 1959 3473 mo-

371 3517 543 3564 veret.
576 3508 656 3563 Ac
695 3523 764 3563 ne
793 3507 909 3562 haec
932 3507 1147 3577 quidem
1188 3509 1318 3563 satis
1342 3523 1463 3564 esse
1497 3508 1722 3573 ducens,
1753 3518 1961 3581 tempus

371 3601 594 3671 insuper
619 3608 674 3655 et
706 3600 879 3655 locum
925 3599 992 3653 ad
1038 3598 1270 3669 praedam
1307 3612 1606 3670 apposuum
1637 3600 1956 3670 requirebat.

371 3690 733 3760 Quamobrem
766 3690 905 3745 haud
935 3689 1112 3744 statim
1155 3700 1314 3760 atque
1355 3705 1415 3745 se
1454 3691 1622 3761 ipsius
1663 3706 1848 3747 amore
1875 3707 1963 3747 ca-

375 3791 525 3852 ptam
551 3796 671 3836 esse
707 3782 896 3848 sensit,
925 3795 1044 3835 eum
1073 3779 1258 3835 adorta
1288 3789 1369 3835 est
1395 3798 1410 3835 :
1439 3796 1622 3836 verum
1647 3781 1738 3836 diu
1766 3796 1959 3854 exspe-

371 3873 558 3935 ctavit,
586 3872 880 3942 improbam
913 3871 1052 3926 hanc
1080 3871 1423 3942 cupiditatem
1463 3873 1782 3941 parturiens,
1805 3887 1868 3928 ac
1903 3887 1963 3931 se

373 3981 697 4038 comparans
726 3984 739 4020 :
772 3965 914 4036 quod
953 3974 1251 4031 vereretur,
1286 3979 1372 4028 ne,
1393 3965 1440 4018 si
1461 3965 1785 4020 celeritatem
1811 3965 1962 4021 adbi-

370 4057 547 4124 beret,
570 4071 633 4112 ac
660 4055 998 4111 tumultuarie
1040 4054 1258 4109 insidias
1298 4054 1592 4123 moliretur,
1623 4055 1801 4126 praeda
1827 4057 1961 4111 effu-

371 4157 548 4219 geret.
575 4147 708 4203 Cum
738 4155 913 4202 autem
943 4146 1226 4216 aliquando
1255 4159 1377 4201 eum
1405 4146 1550 4201 domi
1589 4148 1760 4203 solum
1811 4147 1962 4203 inve-

373 4239 546 4293 uisset
574 4236 742 4292 solitis
784 4246 1059 4292 vacantem
1108 4237 1289 4303 rebus,
1317 4235 1522 4291 foveam
1563 4236 1960 4306 profundiorem

368 4330 484 4400 jam
529 4328 682 4396 fodit,
714 4343 777 4384 ac
824 4327 1111 4398 voluptatis
1165 4327 1354 4398 pennis
1406 4325 1639 4398 undique
1691 4328 1960 4398 expansis,

373 4437 648 4496 tamquam
689 4423 881 4480 mediis
920 4424 1122 4479 retibus
1169 4423 1524 4492 interceptum
1567 4420 1816 4489 juvenem
1865 4421 1962 4474 ha-

374 4519 535 4586 bens,
565 4519 768 4589 irrepit,
799 4533 862 4573 ac
904 4517 1017 4573 sola
1060 4517 1232 4572 solum
1278 4525 1466 4579 nacta;
1515 4515 1622 4570 imo
1665 4528 1771 4569 non
1811 4513 1960 4569 sola:

376 4627 502 4666 nam
531 4618 586 4666 et
612 4621 821 4666 astatem
862 4619 918 4665 et
953 4617 1199 4664 naturam
1243 4621 1307 4662 ac
1342 4605 1572 4677 denique
1619 4620 1744 4661 suas
1795 4605 1965 4675 ipsius

375 4702 658 4760 machinas
700 4703 872 4758 socias
901 4699 1164 4765 habebat;
1215 4712 1535 4769 generosum
1580 4696 1727 4751 illum
1779 4695 1964 4752 adole-

376 4806 618 4853 scentem
641 4793 707 4850 ad
737 4793 999 4849 nefarium
1030 4791 1234 4847 facinus
1253 4803 1349 4858 per
1369 4789 1475 4843 vim
1502 4787 1758 4856 deinceps
1779 4784 1962 4841 trahit.

375 4887 518 4955 Quid
561 4886 660 4941 hac
705 4884 998 4940 tentatione
1038 4879 1292 4954 gravius?
1339 4879 1464 4950 quid
1499 4877 1602 4932 hac
1641 4876 1858 4932 fornace
1901 4891 1966 4932 ac

373 4979 595 5034 flamma
635 4975 1003 5033 vehementius
1043 4981 1100 5030 et
1143 4973 1336 5038 acrius,
1377 4971 1627 5039 juvenem
1675 4969 1962 5038 vigentem,

372 5083 622 5135 servum,
657 5067 990 5132 destitutum,
1018 5063 1149 5119 urbe
1177 5069 1472 5126 carentem,
1503 5069 1836 5125 extraneum,
1868 5075 1964 5114 ex-

375 5158 575 5224 sulem,
601 5157 670 5212 ab
696 5159 824 5212 hera
854 5170 1021 5226 usque
1049 5153 1183 5208 adeo
1209 5150 1491 5208 libidinosa
1511 5157 1566 5204 et
1592 5148 1820 5214 furente,
1849 5157 1967 5204 tan-

377 5251 453 5305 tis
478 5248 669 5318 opibus
709 5254 959 5316 tantaque
986 5243 1222 5315 potentia
1267 5239 1690 5306 circumfluente,
1722 5238 1775 5293 in
1821 5248 1965 5294 tanta

372 5341 669 5398 solitudine
716 5339 868 5411 (nam
897 5339 1000 5392 hoc
1028 5349 1240 5407 quoque
1272 5333 1339 5387 ad
1365 5331 1667 5402 hujusmodi
1694 5340 1966 5400 capturam

371 5431 685 5504 conducit),
717 5439 1022 5499 correptum
1053 5425 1224 5482 teneri
1250 5433 1411 5494 atque
1455 5420 1719 5476 illecebris
1757 5421 1964 5476 deliniri

373 5538 434 5584 et
475 5526 540 5580 ad
565 5525 786 5580 herilem
814 5523 1010 5578 lectum
1039 5519 1183 5582 duci,
1214 5517 1373 5586 idque
1409 5521 1528 5585 post
1554 5523 1629 5568 tot
1655 5512 1888 5583 pericula
1915 5521 1964 5567 et

376 5617 646 5673 insidias?
691 5614 806 5670 Non
845 5613 987 5670 enim
1033 5620 1087 5667 te
1115 5609 1246 5680 fugit
1293 5609 1578 5679 plerosque
1623 5617 1966 5675 p05teaquam

377 5707 774 5766 calamitatibus
804 5719 865 5758 ac
890 5717 1066 5758 rerum
1094 5697 1473 5755 acerbitatibus
1501 5695 1728 5753 confecti
1753 5704 1896 5764 sunt,
1920 5695 1966 5750 si

710 5805 976 5865 Î¡Î‘Ï„Î¹Î¹Î¿Î¹..
1025 5803 1141 5867 Gn.
1192 5805 1318 5870 LII.

1833 271 2206 330 EPISTOLE.

3555 285 3623 342 58
3633 285 3666 337 Ï

2075 386 2141 441 ad
2170 387 2348 442 luxum
2375 387 2643 460 animique
2682 390 3070 460 remissionem,
3100 403 3155 450 et
3193 394 3353 452 molle
3386 407 3452 451 ac
3483 396 3654 452 disso-

2072 479 2237 534 lutum
2266 481 2387 535 vita:
2409 497 2577 552 genus
2611 492 2886 551 vocentur,
2928 487 3223 557 promptius
3263 502 3546 545 accurrere
3573 505 3659 544 sn-

2073 569 2206 625 lere.
2241 571 2310 625 At
2338 588 2444 627 non
2475 573 2564 628 ille
2594 589 2608 628 :
2638 588 2822 629 verum
2874 576 3205 632 tolerantiam
3252 587 3560 635 constanter
3603 580 3658 635 in

2071 661 2320 716 omnibus
2347 662 2509 718 rebus
2535 679 2644 734 pra:
2668 664 2727 720 se
2753 665 2888 720 tulit.
2919 666 3180 737 Equidem
3203 668 3347 726 hunc
3363 669 3656 726 thalamum

2070 761 2124 806 et
2151 753 2523 824 Babylonicaut
2554 757 2844 821 fornacem,
2871 766 2925 812 et
2951 759 3182 815 Danielis
3207 761 3377 816 lacum
3418 762 3657 830 leonum,

2069 853 2125 898 et
2151 847 2370 900 mat-inre
2399 847 2593 902 belluze
2619 860 2880 916 ventrem,
2904 851 2959 905 in
2980 866 3137 922 quem
3162 855 3420 924 preplieta
3449 857 3654 924 incidit,

2069 936 2339 1005 appellare
2385 937 2526 993 haud
2557 939 2796 995 dubitem
2831 957 2846 994 :
2891 942 2999 998 imo
3023 943 3182 998 etiam
3209 944 3295 1000 bis
3338 946 3495 1018 longe
3536 964 3657 1019 gra-

2071 1025 2295 1081 viorem.
2319 1027 2430 1082 Illic
2451 1029 2593 1083 enim
2612 1031 2855 1099 corporis
2881 1032 3125 1088 interitus
3151 1035 3461 1093 insidiarum
3489 1040 3656 1094 victo-

2072 1115 2149 1170 ria
2177 1126 2291 1172 erat
2324 1135 2336 1172 :
2367 1117 2453 1173 hic
2477 1128 2655 1175 autem
2683 1122 2877 1177 animae
2906 1124 3148 1189 exitium,
3174 1136 3228 1182 et
3268 1144 3411 1184 mors
3455 1131 3657 1202 sempi-

2071 1218 2240 1272 terna,
2264 1217 2319 1264 et
2342 1210 2618 1266 calamitas
2650 1214 2828 1268 omnis
2863 1215 3245 1272 coztsolationis
3299 1235 3509 1288 expers.
3551 1221 3660 1278 Nec

2067 1314 2196 1354 vero
2220 1299 2494 1356 dumtaxat
2521 1301 2626 1357 hoc
2653 1305 2869 1360 nomine
2894 1309 3070 1377 gravis
3099 1323 3163 1364 ac
3201 1311 3535 1380 periculosus
3573 1312 3661 1369 hic

2067 1389 2214 1445 lacus
2240 1398 2375 1459 erat,
2407 1392 2502 1448 sed
2529 1394 2690 1449 etiam
2720 1395 2840 1464 quia
2869 1405 3068 1466 praeter
3111 1399 3214 1453 vim
3253 1416 3316 1456 ac
3363 1401 3543 1458 dolum
3572 1405 3657 1458 in-

2072 1479 2219 1548 genti
2245 1495 2456 1551 quoque
2485 1481 2707 1540 libidine
2736 1485 2926 1555 plenus
2960 1496 3094 1554 erat,
3126 1490 3404 1562 multoque
3431 1508 3498 1549 ac
3525 1496 3664 1550 mul-

2067 1570 2234 1639 tiplici
2256 1571 2396 1642 igne,
2430 1587 2535 1628 non
2565 1589 2762 1644 corpus
2788 1587 2998 1647 urente,
3033 1595 3213 1635 verum
3236 1583 3468 1652 attimam
3491 1586 3660 1656 ipsam

2067 1662 2450 1725 inflammante.
2502 1667 2560 1722 ld
2604 1668 2743 1738 quod
2793 1670 2953 1726 etiam
3005 1672 3289 1742 Salomon,
3336 1677 3461 1747 qui,
3501 1695 3660 1748 quam

2068 1755 2429 1824 periculosum
2471 1759 2692 1815 sitcum
2731 1761 2956 1818 muliere
2997 1764 3337 1822 matrimonio
3378 1782 3499 1823 cum
3545 1771 3662 1824 viro

2071 1847 2316 1916 c0pulata
2340 1849 2615 1920 congredi,
2649 1851 2881 1907 maxime
2905 1864 3246 1925 perspectum
3292 1856 3543 1925 habebat,
3578 1860 3662 1917 his

2065 1937 2243 1992 verbis
2282 1948 2507 1995 testatur
2553 1959 2566 1996 :
2615 1942 2740 2009 Quis
2770 1944 2998 2016 alligabit
3042 1947 3208 2017 ignem
3239 1947 3290 2002 in
3331 1951 3445 2003 sinu
3474 1967 3584 2016 suo,
3612 1962 3663 2007 et

2065 2029 2357 2085 vestimenta
2399 2033 2509 2102 ejus
2552 2049 2655 2087 non
2698 2034 2988 2088 ardebunt?
3032 2037 3144 2107 quis
3186 2038 3464 2094 ambulabit
3507 2058 3662 2112 super

2068 2136 2280 2188 prunas,
2309 2129 2358 2176 et
2385 2123 2534 2192 pedes
2559 2124 2670 2193 ejus
2698 2140 2799 2178 non
2824 2125 3223 2183 comburantur?
3264 2130 3354 2185 Sic
3381 2133 3544 2186 omnis
3569 2134 3660 2203 qui

2065 2208 2349 2279 ingreditur
2373 2211 2441 2264 ad
2466 2211 2729 2268 mulierem
2773 2217 2993 2285 proximi
3021 2217 3121 2285 sui,
3150 2234 3252 2273 non
3295 2221 3389 2274 erit
3419 2223 3656 2290 mundus,

2066 2315 2183 2352 cum
2212 2301 2426 2372 tetigerit
2455 2318 2565 2356 eam
2596 2303 2777 2376 (Prov.
2820 2305 2873 2361 6.
2901 2306 3117 2380 27-29).
3159 2309 3312 2376 Quod
3354 2323 3534 2369 autem
3563 2317 3658 2380 ait,

2066 2387 2205 2444 haue
2252 2393 2572 2448 sententiam
2605 2394 2793 2450 habet:
2821 2395 3278 2464 Quemadmodum
3307 2402 3420 2458 fieri
3457 2407 3659 2475 nequit,

2068 2488 2125 2534 ut
2147 2481 2235 2550 qui
2267 2481 2319 2536 in
2352 2483 2475 2553 igne
2495 2492 2760 2552 versatur,
2793 2502 2899 2543 non
2928 2490 3244 2546 exardescat
3271 2509 3285 2546 :
3312 2493 3390 2549 sic
3419 2509 3517 2550 nec
3548 2496 3660 2552 fieri

2067 2579 2264 2640 petest,
2290 2579 2348 2627 ut
2386 2573 2476 2644 qui
2504 2577 2945 2633 consuetudinem
2987 2595 3108 2635 cum
3139 2580 3353 2640 feminis
3381 2585 3557 2654 habet,
3582 2590 3661 2643 in-

2065 2660 2311 2716 cendium
2342 2664 2482 2733 quod
2511 2665 2636 2720 hinc
2666 2668 2840 2723 oritur
2874 2667 3111 2740 eï¬‚'ugiat.
3145 2671 3242 2727 Hic
3293 2683 3470 2731 autem
3516 2681 3656 2750 quod

2065 2753 2233 2808 multo
2262 2755 2476 2824 gravius
2505 2766 2623 2812 erat
2666 2758 2935 2815 sustinuit.
2963 2761 3080 2818 Non
3107 2764 3248 2819 enim
3279 2781 3397 2822 eam
3430 2769 3544 2840 ipse
3573 2783 3658 2826 at-

2065 2845 2202 2915 tigit,
2230 2861 2415 2902 verum
2460 2848 2528 2903 ab
2575 2864 2639 2905 ea
2677 2849 3038 2921 detinebatur,
3082 2855 3231 2912 solus
3274 2872 3303 2911 a
3350 2859 3464 2915 sola
3506 2877 3657 2917 com-

2067 2938 2359 3006 prehensus
2384 2957 2398 2994 :
2423 2940 2602 3012 idque,
2635 2958 2756 2998 cum
2795 2944 2904 3015 jam
2933 2955 3012 3002 tot
3048 2949 3436 3008 calamitatibus
3477 2957 3660 3012 confe-

2064 3037 2201 3095 ctus,
2227 3040 2304 3086 tot
2327 3031 2532 3089 insidiis
2560 3032 2792 3092 afflictus
2815 3047 2978 3106 esset,
3006 3054 3068 3095 ac
3097 3043 3354 3113 requietis
3378 3055 3431 3100 et
3457 3048 3660 3104 securi-

2067 3119 2189 3174 tatis
2213 3121 2501 3192 cupiditate
2533 3132 2830 3181 teneretur.

2137 3213 2224 3268 15.
2265 3213 2328 3268 Î•Î¹
2370 3222 2570 3283 tamen,
2611 3230 2735 3271 cum
2774 3218 2915 3274 inter
2944 3227 3023 3274 tot
3063 3221 3197 3278 retia
3243 3236 3566 3295 versaretur,
3592 3245 3658 3286 ac

2066 3306 2412 3377 multiplicem
2442 3308 2612 3366 feram
2639 3310 2899 3382 impetum
2940 3315 2992 3370 in
3020 3330 3078 3371 se
3107 3315 3307 3384 facere,
3339 3331 3395 3376 et
3415 3324 3560 3377 omni
3591 3341 3658 3380 ex

2065 3407 2216 3466 parte
2243 3412 2303 3454 se
2322 3398 2524 3454 laniare
2551 3401 2910 3472 conspiceret,
2941 3420 3036 3475 per
3065 3415 3284 3477 tactum,
3317 3426 3416 3482 per
3447 3429 3656 3483 vocem,

2067 3503 2162 3559 per
2181 3489 2388 3557 oculos,
2416 3505 2512 3560 per
2536 3489 2718 3547 fucum
2757 3501 2812 3548 et
2848 3494 3142 3565 pigmenta,
3171 3513 3268 3569 per
3293 3516 3455 3558 aurea
3496 3519 3658 3559 orna-

2067 3590 2268 3648 menta,
2297 3595 2393 3651 per
2420 3592 2711 3653 unguenta,
2739 3599 2835 3655 per
2863 3586 3193 3654 indumenta,
3219 3606 3314 3660 per
3338 3609 3536 3662 mores,
3565 3613 3657 3666 per

2069 3673 2253 3739 verba,
2292 3688 2390 3743 per
2415 3675 2673 3731 mundum
2705 3678 3018 3735 muliebrem
3060 3697 3218 3752 quem
3257 3685 3520 3754 gestabat,
3565 3705 3655 3756 per

2067 3760 2410 3819 solitudinem
2443 3779 2562 3836 quae
2591 3765 2643 3821 id
2683 3767 2939 3825 afferebat
2981 3780 3042 3825 ut
3090 3788 3248 3827 nemo
3277 3775 3328 3829 id
3357 3777 3496 3832 scire
3537 3794 3662 3848 pos-

2067 3863 2169 3920 set,
2196 3869 2292 3924 per
2317 3870 2466 3925 opes,
2495 3873 2594 3927 per
2617 3859 2908 3926 p0tentiam
2933 3877 2950 3926 ;
2978 3876 3041 3915 ac
3088 3873 3284 3932 prazter
3326 3881 3389 3921 ea
3434 3869 3567 3939 ipsa,
3601 3881 3658 3926 ut

2067 3945 2311 4012 superius
2338 3960 2369 3999 a
2404 3961 2491 4001 me
2516 3947 2717 4001 dictum
2740 3957 2841 4014 est,
2873 3958 3108 4020 aetatem,
3141 3963 3403 4022 naturam,
3425 3961 3658 4015 servitu-

2069 4044 2197 4098 tem.
2225 4038 2458 4107 atquein
2488 4037 2660 4093 aliena
2687 4040 2904 4110 regione
2930 4046 3427 4116 commorationem,
3459 4052 3536 4106 rei
3565 4069 3658 4123 ge-

2067 4127 2248 4183 renda:
2273 4128 2447 4185 socias
2471 4128 2691 4185 haberet
2724 4148 2739 4185 :
2775 4145 2990 4188 omnem
3019 4135 3163 4190 illam
3194 4135 3460 4196 ï¬‚ammam
3491 4159 3655 4216 supe-

2067 4217 2222 4270 ravit.
2255 4217 2368 4287 Ego
2394 4233 2522 4274 vero
2547 4217 2687 4274 hanc
2715 4221 3066 4279 tentationem
3093 4233 3148 4280 et
3177 4226 3399 4284 fratrum
3428 4231 3653 4300 invidia.

2068 4318 2122 4364 et
2150 4310 2568 4381 propinquorum
2593 4311 2742 4378 odio,
2770 4321 2826 4368 et
2864 4314 3187 4384 venditione,
3216 4329 3270 4374 et
3306 4320 3654 4381 barbarorum

2069 4400 2369 4470 dominatur,
2397 4411 2451 4458 et
2495 4404 2653 4474 longa
2683 4406 3136 4476 peregrinatione,
3168 4417 3223 4463 et
3260 4410 3312 4464 in
3355 4412 3527 4467 aliena
3573 4433 3660 4471 re-

2067 4493 2225 4564 gione
2244 4495 2684 4562 commoratione,
2704 4505 2758 4550 et
2777 4511 3014 4566 carcere,
3033 4507 3086 4553 et
3108 4507 3314 4566 catena,
3332 4512 3384 4556 et
3404 4502 3658 4562 diuturno

2069 4595 2330 4658 tempore,
2361 4596 2417 4643 et
2452 4587 2701 4643 omnibus
2729 4590 3001 4655 aerumnis,
3030 4591 3224 4662 quibus
3253 4593 3358 4650 illic
3383 4597 3660 4653 conflicta-

2070 4688 2154 4734 tus
2184 4687 2287 4748 est,
2310 4680 2479 4734 multo
2507 4680 2806 4751 graviorem
2838 4695 2958 4736 esse
2977 4682 3274 4738 confirmo:
3303 4686 3565 4757 siquidem
3590 4691 3658 4746 de

2069 4773 2324 4825 extremis
2368 4771 2659 4841 periculum
2700 4771 2801 4841 ipsi
2844 4773 3145 4828 creabatur.
3179 4776 3528 4847 Posteaquam
3560 4797 3658 4837 au-

2072 4871 2178 4918 tem
2219 4863 2322 4918 hoc
2365 4878 2576 4934 quoque
2619 4863 2818 4919 bellum
2859 4864 3098 4935 elfugitâ€˜,
3142 4877 3301 4940 atque
3348 4871 3435 4928 hic
3470 4876 3655 4945 etiam,

2071 4965 2182 5011 tum
2235 4955 2331 5011 Dei
2381 4958 2570 5026 gratia,
2617 4965 2726 5010 tum
2775 4957 2989 5026 juvenis
3020 4959 3232 5026 virtute,
3275 4961 3362 5020 hic
3414 4968 3658 5026 roscidus

2070 5048 2288 5117 Spiritus
2313 5047 2541 5117 perflans
2562 5045 2698 5101 fuit:
2729 5056 2871 5102 tanta
2906 5050 3050 5104 enim
3081 5050 3132 5106 in
3160 5067 3226 5108 eo
3257 5057 3658 5127 tranquillitatis

2073 5140 2236 5193 animi
2263 5149 2317 5194 et
2338 5137 2604 5209 pudicitiae
2625 5139 2777 5209 copia
2807 5149 2943 5207 erat,
2974 5151 3030 5195 ut
3056 5143 3214 5198 etiam
3257 5145 3396 5202 illius
3419 5148 3654 5206 furorem

2073 5233 2426 5302 comprimere
2463 5239 2518 5287 et
2562 5231 2905 5302 exstinguere
2946 5233 3241 5300 studuerit;
3289 5249 3655 5312 posteaquam,

2074 5324 2312 5393 inquam,
2341 5323 2455 5391 ipse
2496 5323 2727 5378 intactus
2765 5324 3026 5393 excessit,
3056 5341 3161 5380 non
3216 5343 3370 5383 secus
3413 5333 3662 5390 videlicet

2073 5423 2232 5484 atque
2259 5413 2627 5469 adolescentes
2673 5414 2749 5469 illi
2790 5417 2880 5486 qui
2931 5416 3198 5474 Persicam
3227 5419 3494 5479 ï¬‚ammam
3520 5427 3657 5481 effu-

2074 5515 2267 5578 gerunt
2295 5504 2510 5577 (Neque
2556 5507 2729 5570 enim,
2759 5507 2948 5578 inquit,
2989 5510 3120 5581 ignis
3161 5514 3289 5568 odor
3331 5516 3381 5569 in
3412 5516 3514 5570 illis
3553 5529 3660 5572 erat

2140 5643 2155 5714 Î¾
2193 5647 2327 5714 unus
2339 5647 2444 5714 3.13.,
2484 5646 2814 5714 Quanquam
2839 5649 3002 5714 autem
3045 5643 3132 5696 hoc
3166 5659 3350 5712 quoque
3387 5647 3660 5712 periculum

2078 5701 2258 5767 effugit,
2283 5707 2327 5752 et
2345 5701 2454 5755 huic
2481 5701 2602 5755 bello
2623 5701 2675 5755 se
2693 5702 2941 5757 subduxit.

3248 5793 3320 5851 13
