4058 6218
405 265 512 321 ῐὶὃί)

403 377 511 430 ἰῶν
532 377 842 448 Δίγυπτίων
861 379 923 435 τὸ
951 383 1148 453 γένος),
1175 386 1203 437 ὁ
1237 385 1491 458 θυμώδης
1511 388 1604 442 καὶ
1629 387 1844 459 ὀργίλος
1867 387 1980 459 (καὶ

403 487 512 559 γὰρ
533 489 692 544 τοῦτο
721 493 840 562 μεθ’
861 495 1163 566 ὑπερϐολῆς
1183 496 1365 561 αὐτοῖς
1386 498 1646 569 πρόσεστι
1674 498 1736 552 τὸ
1767 499 1979 568 πάθος),

401 602 461 656 ὃν
494 603 808 660 ἐπίστευσεν
857 601 994 662 εἶναι
1045 609 1230 681 μοιχὸν
1260 611 1354 665 καὶ
1380 615 1615 681 γυναῖκα
1658 613 1982 686 ἠδικηκέναι

402 716 505 788 τὴν
535 717 720 783 αὐτοῦ,
745 719 843 772 οὐκ
873 720 1148 792 ἀπέτεμεν
1171 723 1393 791 εὐθέως,
1429 725 1550 802 οὐδέ
1579 727 1714 800 πυρὶ
1739 730 1983 803 παρέδω-

402 844 519 893 κεν,
565 829 680 882 ἀλλ’
719 828 891 895 οὕτως
932 833 1214 903 ἀλόγιστος
1257 835 1363 904 ὢν,
1399 839 1475 903 ὡς
1514 840 1580 894 ἐκ
1624 843 1756 912 μιᾶς
1791 842 1984 914 μοίρας

402 919 804 989 ἀποφήνασθαι,
841 925 934 977 καὶ
967 925 1101 996 μηδὲ
1154 927 1316 996 λόγου
1356 931 1677 1001 μεταδοῦναι
1706 935 1785 1006 τῷ
1813 938 1982 1004 ἐγκα-

401 1029 669 1105 λουμένῳ,
715 1037 772 1089 ἐν
803 1037 880 1109 τῷ
911 1041 1085 1111 καιρῷ
1117 1043 1214 1114 τῆς
1259 1046 1528 1116 τιμωρίας
1566 1047 1766 1120 πολλὴν
1811 1051 1983 1104 ἐπιεί-

402 1161 558 1201 κειαν
586 1149 914 1218 ἐπεδείξατο,
943 1155 1037 1207 καὶ
1067 1155 1260 1224 ταῦτα,
1289 1158 1433 1230 ὁρῶν
1463 1160 1560 1233 τήν
1587 1165 1820 1231 γυναῖκα
1855 1183 1984 1236 μαι-

401 1259 635 1333 νομένην
662 1303 676 1330 ,
724 1263 875 1338 [570]
921 1266 1219 1336 λυττῶσαν,
1277 1271 1398 1343 βίαν
1440 1275 1871 1350 ἀποδυρομένην,
1914 1281 1984 1335 τὰ

408 1371 595 1442 ἱμάτια
619 1376 947 1450 διερρωγότα
981 1385 1381 1456 περιφέρουσαν
1401 1426 1416 1452 ,
1452 1390 1548 1442 καὶ
1593 1391 1857 1460 μειζόνως
1889 1395 1984 1447 καὶ

405 1485 656 1540 ἐντεῦθεν
700 1487 1080 1564 ἐκκαιομένην,
1115 1494 1212 1548 καὶ
1253 1497 1556 1568 θρηνοῦσαν
1600 1503 1694 1556 καὶ
1726 1503 1984 1576 ὀλοφυρο-

411 1597 615 1670 μένην;
667 1601 806 1655 Ἀλλ’
851 1603 1001 1674 ὅμως
1028 1606 1233 1662 τούτων
1264 1610 1417 1665 οὐδὲν
1459 1612 1621 1667 αὐτὸν
1651 1617 1732 1680 είς
1769 1619 1984 1691 σφαγὴν

407 1708 591 1783 ἐξῆψε.
619 1715 810 1782 Πόθεν,
828 1718 948 1771 είπέ
983 1737 1108 1791 μοι;
1137 1723 1250 1777 Οὐκ
1279 1723 1496 1797 εὔδηλον
1521 1728 1601 1782 ὃτι
1627 1731 1656 1782 ό
1686 1731 1813 1795 τοὺς
1831 1731 1982 1786 λέον-

405 1838 504 1887 τας
534 1825 831 1894 χαλινώσας
854 1869 869 1893 ,
904 1831 999 1884 καὶ
1042 1833 1140 1904 τὴν
1171 1835 1401 1907 κάμινον
1443 1843 1791 1913 καταψύξας,
1830 1841 1984 1911 οὗτος

406 1938 501 1992 καὶ
529 1938 718 2010 θηρίου
744 1941 933 1997 τούτου
959 1946 1050 2000 τδν
1075 1948 1312 2022 ἀμετρον
1329 1953 1529 2026 ἐπέσχε
1551 1955 1744 2028 θυμὸν,
1770 1962 1864 2014 καὶ
1884 1961 1983 2034 τὴν

407 2049 613 2120 ἄφατον
655 2056 822 2128 ὀργὴν
867 2057 1108 2126 ἔσϐεσεν,
1157 2063 1233 2128 ὡς
1274 2069 1607 2140 κερασθῆναι
1657 2073 1986 2147 συμμέτρως

405 2162 505 2236 τὴν
533 2168 840 2238 τιμωρίαν;
871 2171 1041 2225 Τοῦτο
1069 2173 1162 2228 καί⁵
1191 2177 1249 2232 ἐν
1272 2177 1350 2248 τῷ
1369 2177 1726 2254 δεσμωτηρίῳ
1757 2185 1972 2255 συμϐάν

409 2272 506 2327 ἴδοι
533 2293 616 2340 τις
647 2278 730 2332 ἀν.
764 2281 994 2352 Λεϐήναι
1028 2284 1125 2354 μὲν
1151 2286 1262 2358 γάρ
1296 2289 1459 2345 αὐτὸν
1485 2293 1848 2368 συνεχώρησε,
1887 2299 1982 2352 καὶ

409 2386 546 2455 μετά
575 2388 684 2442 τῶν
710 2391 1015 2447 καταδίκων
1040 2390 1202 2463 εἶναι,
1230 2399 1331 2470 τῆς
1359 2401 1416 2454 δὲ
1450 2402 1543 2456 τοῦ
1576 2403 1984 2476 δεσμοφύλακος

403 2507 672 2578 ἀπηνείας
710 2509 1033 2584 ἐξήρπασεν.
1069 2516 1238 2573 Οἶσθα
1277 2521 1385 2594 γὰρ
1419 2520 1529 2579 οἷόν
1563 2526 1678 2581 ἐστι
1716 2528 1984 2602 δεσμοφύο

403 2624 535 2692 λαξο
585 2629 700 2683 ἀλλ’
729 2632 925 2704 ἐκείνῳ
954 2637 1076 2690 τότε
1109 2642 1282 2712 πρᾶος
1315 2646 1408 2699 καὶ
1434 2647 1640 2720 ἥμερος
1672 2644 1762 2722 ἦν,
1791 2653 1885 2706 καὶ
1917 2655 1980 2708 οὐ

408 2744 566 2815 μόνον
605 2747 705 2802 οὐκ
737 2751 1021 2809 ἀπέτεινεν
1064 2758 1228 2814 αὐτὸν
1268 2762 1450 2827 πόνοις
1492 2765 1657 2834 τισὶν,
1706 2769 1843 2825 ἀλλά
1887 2774 1984 2828 καὶ

403 2867 640 2941 ἄρχοντα
668 2874 882 2929 πάντων
917 2877 1139 2948 ἐποίησε
1181 2881 1290 2936 τῶν
1315 2884 1537 2952 αὐτόθι,
1566 2888 1662 2943 καὶ
1696 2891 1870 2948 ταῦτα
1907 2894 1984 2958 ὡς

409 2991 595 3061 μοιχὸν
627 2993 952 3066 δεξάμενος,
986 3000 1295 3070 κατάδικον,
1334 3007 1428 3059 καὶ
1463 3007 1651 3080 μοιχὸν
1689 3012 1977 3086 ἐπίσημον.

405 3111 482 3164 υύ
527 3114 636 3186 γάρ
682 3119 763 3180 είς
807 3120 983 3173 οἰκίαν
1031 3124 1256 3197 εὐτελῆ,
1298 3127 1412 3181 ἀλλ’
1462 3132 1545 3193 εἰς
1595 3137 1838 3209 μεγάλην
1889 3141 1984 3195 καὶ

400 3231 664 3306 λαμπρὰν
683 3239 744 3293 τὸ
764 3239 948 3312 δρᾶμα
964 3243 1120 3298 τοῦτο
1137 3247 1504 3321 τετολμῆσθαι
1525 3254 1824 3328 ἐνομίζετο.
1843 3261 1982 3316 Ἀλλ’

402 3355 556 3428 δμως
596 3361 746 3415 οὐδὲν
777 3363 978 3420 τούτων
1023 3368 1227 3424 ἐκεῖνον
1276 3373 1544 3446 ἐφόϐησεν
1566 3417 1581 3442 ,
1611 3377 1733 3432 οὐδὲ
1767 3379 1984 3439 ἔπεισεν

403 3476 603 3549 ἐκείνῳ
633 3480 875 3548 γίνεσθαι
906 3486 1158 3557 χαλεπόν.
1190 3492 1353 3547 Ἀλλά
1383 3495 1476 3549 καὶ
1502 3497 1552 3550 οί
1589 3499 1842 3569 στέφανοι
1873 3505 1985 3559 ἀπὸ

409 3600 520 3656 τῶν
549 3603 891 3675 παθημάτων
923 3611 1215 3669 ἐπλέκοντο
1233 3633 1248 3647 °
1286 3619 1437 3691 καὶὴ
1465 3621 1560 3675 τοῦ
1588 3625 1722 3678 Θεοῦ
1765 3645 1985 3699 συμμα-

405 3723 499 3794 χία
536 3727 673 3796 μετὰ
711 3730 912 3802 πολλῆς
938 3734 1162 3807 ἐπέρρει
1197 3739 1296 3809 τῆς
1317 3739 1614 3811 δαψιλείας.
1654 3748 1984 3822 Ἐϐουλόμην

405 3847 501 3900 καί⁵
520 3847 705 3919 ἕτερον
733 3852 1046 3922 προσθεῖναι
1074 3859 1139 3928 τῇ
1169 3858 1425 3933 ἐπιστολῇ
1458 3863 1632 3934 μῆκος
1652 3882 1666 3895 ο
1694 3866 1808 3920 ἀλλ’
1829 3867 1980 3922 ἐπει-

405 3966 470 4036 δὴ
513 3969 609 4023 καὶ
641 3971 800 4025 τοῦτο
838 3974 975 4044 μετά
1015 3976 1219 4048 πολλῆς
1246 3979 1342 4051 τῆς
1387 3984 1702 4054 περιουσίας
1733 3980 1884 4058 οἶμαι
1922 3989 1985 4043 τὸ

411 4087 608 4157 μέτρον
643 4090 1117 4164 ὑπερϐεϐηκέναι,
1159 4099 1392 4155 ἐνταῦθα
1426 4104 1738 4170 καταλύσας
1770 4107 1861 4161 τὸν
1902 4108 1984 4163 λό-

407 4222 525 4275 γον,
564 4208 738 4262 ἐκεῖνο
783 4213 1086 4282 παρακαλῶ
1119 4233 1212 4270 σου
1245 4219 1345 4288 τὴν
1381 4217 1686 4291 εὐλάϐειαν,
1729 4225 1863 4298 ὅπερ
1896 4227 1983 4283 ἀεὶ

406 4327 683 4383 διετέλεσα
716 4332 1071 4402 παρακαλῶν,
1119 4336 1355 4408 ἀθυμίας
1385 4340 1486 4410 μὲν
1524 4343 1980 4419 ἀπαλλάττεσθαι,

405 4445 651 4513 δοξάζειν
700 4449 758 4504 δὲ
802 4452 898 4505 τὸν
947 4454 1108 4520 Θεὸν,
1159 4457 1296 4530 ὅπερ
1354 4461 1443 4514 ἀεὶ
1496 4465 1836 4537 πεποίηκας,
1889 4473 1982 4525 καὶ

409 4571 636 4628 ποιοῦσα
669 4573 951 4641 διατελεῖς,
983 4579 1213 4650 χάριτας
1235 4580 1570 4654 ὁμολογοῦσα
1599 4587 1738 4660 ὑπὲρ
1763 4590 1982 4648 πάντων

407 4691 558 4766 αὐτῷ
594 4693 702 4749 τῶν
731 4696 984 4766 χαλεπῶν
1008 4701 1210 4755 τούτων
1233 4703 1329 4758 καὶ
1358 4705 1653 4780 ὀδυνηρῶν.
1689 4711 1846 4767 Οὕτω
1875 4715 1982 4788 γὰρ

409 4816 504 4870 καὶ
530 4817 671 4890 αὐτὴ
699 4819 766 4873 τά
813 4821 1045 4892 μέγιστα
1076 4823 1257 4893 ἀγαθά
1297 4827 1564 4902 καρπώσῃ
1591 4872 1605 4897 ,
1637 4834 1730 4887 καὶ
1758 4833 1836 4907 τῷ
1861 4836 1980 4891 δια-

409 4935 550 5007 ϐόλῳ
582 4938 801 5010 καιρίαν
827 4942 1016 5010 δώσεις
1044 4946 1279 5022 πληγὴν,
1319 4953 1412 5006 καὶ
1441 4953 1640 5028 πολλὴν
1667 4958 1798 5030 ἡμῖν
1830 4979 1975 5035 παρ-

408 5058 551 5124 έξεις
591 5062 959 5134 παράκλησιν,
1010 5069 1104 5124 καὶ
1136 5072 1234 5142 τῆς
1267 5073 1504 5148 ἀθυμίας
1541 5078 1605 5134 τὸ
1649 5079 1810 5154 νέφος
1844 5087 1983 5156 μετά

412 5176 613 5248 πολλῆς
647 5179 905 5250 ἀφανίσαι
941 5185 1140 5260 δυνήσῃ
1170 5193 1268 5262 τῆς
1300 5195 1583 5266 εὐκολίας,
1619 5202 1711 5257 καὶ
1739 5202 1984 5277 καθαρᾶς

413 5294 716 5354 ἀπολαῦσαι
744 5302 1003 5378 γαλήνης.
1037 5308 1127 5381 Μὴ
1157 5309 1223 5384 δὴ
1249 5318 1717 5388 καταμαλακίζου,
1740 5323 1857 5379 ἀλλ’
1884 5326 1982 5382 ἀν·-

412 5417 708 5484 ενεγκοῦσα
733 5420 840 5475 ἀπὸ
863 5423 959 5477 τοῦ
998 5428 1208 5482 καπνοῦ
1243 5432 1434 5488 τούτου
1476 5437 1707 5508 (καπνοῦ
1729 5441 1859 5515 γάρ,
1888 5445 1984 5500 ἐὰν

414 5538 603 5611 θέλῃς,
641 5542 822 5614 ῥᾴδιον
851 5544 1222 5616 διασκεδάσεις
1248 5557 1426 5613 πᾶσαν
1453 5561 1551 5631 τὴν
1581 5562 1817 5635 ἀθυμίαν
1849 5565 1982 5621 ταύ-

413 5662 557 5736 την),
591 5664 751 5740 δῆλον
793 5667 952 5726 τοῦτο
976 5672 1137 5729 πάλιν
1165 5677 1392 5749 ποίησον
1422 5681 1575 5752 ἡμῖν,
1618 5683 1702 5738 ἵνα
1727 5687 1821 5742 καὶ
1849 5690 1985 5761 πόρο

1107 269 1164 326 S.
1205 269 1488 328 JOANNIS
1525 267 2006 328 CIIRYSOSTOMI
2043 269 2362 333 ARCIIIEP.
2402 277 2952 338 CONSTANTI‘NOP.

3557 281 3658 339 590

2085 393 2257 463 έωθεν
2281 393 2460 462 ὄντες,
2489 398 2691 470 πολλὴν
2724 398 2832 452 ἀπὸ
2869 397 2978 451 τῶν
3025 394 3284 449 τοιούτων
3314 395 3657 467 γραμμάτων

2086 512 2510 585 καρπωσώμεθα
2529 514 2628 587 τὴν
2650 512 3008 586 εὐφροσύνην.

2381 722 2540 794 Πρὸς
2566 723 2681 794 τὴν
2705 722 2900 792 αὐτὴν
2925 721 3219 792 ἐπιστολὴ
3245 727 3323 780 Δν.

2155 895 2224 951 α’.
2259 895 2372 967 Τῆς
2401 896 2761 970 σφοδρότητος
2787 896 2972 950 ἕνεκεν
2996 894 3090 948 τοῦ
3113 893 3400 966 χειμῶνος,
3433 895 3530 948 καὶ
3560 895 3656 967 τῆς

2082 1007 2177 1062 τοῦ
2221 1009 2491 1080 στομάχου
2535 1009 2693 1081 ἡμῶν
2731 1007 3033 1072 ἀσθενείας,
3071 1006 3169 1060 καὶ
3201 1005 3309 1059 τῶν
3333 1005 3655 1079 Ἰσαυρικῶν

2089 1120 2465 1193 καταδρομῶν,
2523 1123 2690 1193 μηδὲν
2734 1122 2921 1176 ἕνεκεν
2963 1121 3170 1191 ήμῶνο
3212 1118 3470 1191 μερίμνα,
3525 1119 3658 1192 μηδέ

2091 1232 2374 1287 κατάτεινε
2406 1235 2609 1306 σαυτὴν
2643 1233 2937 1308 φροντίσιν.
2974 1234 3035 1288 '0
3064 1233 3165 1304 μὲν
3188 1233 3297 1305 γάρ
3338 1233 3542 1305 χειμὼν
3567 1235 3656 1304 γέ⁶

2088 1361 2245 1412 γονεν
2283 1340 2397 1400 οἷον
2434 1347 2580 1410 εἰκὸς
2629 1346 2688 1399 ἐν
2721 1345 2981 1417 ’Δρμενίᾳ
3014 1339 3190 1400 εἶναι’
3226 1346 3380 1401 οὐδὲν
3423 1347 3530 1418 γάρ
3579 1347 3656 1402 δεῑ

2087 1460 2251 1514 πλέον
2280 1462 2456 1516 εἰπεῖν
2474 1479 2486 1490 ·
2506 1463 2655 1533 ἡμᾶς
2669 1462 2725 1516 δέ
2739 1462 2799 1515 οὐ
2827 1461 2970 1533 μέγα
2983 1479 3036 1515 τι
3059 1461 3458 1532 παραϐλάπτει.
3476 1459 3660 1516 Ταῦτα

2084 1577 2198 1649 γάρ
2252 1579 2617 1651 προορῶντες,
2666 1541 2840 1634 πολλά
2882 1578 3252 1651 μηχανώμεθα
3290 1578 3426 1651 πρός
3457 1580 3518 1633 τδ
3560 1580 3661 1651 τὴν

2084 1699 2335 1754 ἐντεῦθεν
2367 1699 2789 1772 διακρούσασθαι
2820 1699 3058 1774 βλάϐην,
3113 1700 3210 1756 καὶ
3241 1700 3352 1774 πῦρ
3377 1701 3660 1755 ἀνακαίον-

2083 1841 2178 1888 τες
2209 1823 2448 1895 συνεχῶς
2469 1863 2485 1890 ,
2515 1825 2610 1878 καὶ
2646 1825 2706 1880 τὸ
2751 1825 3048 1896 δωμάτιον,
3095 1822 3224 1878 ἔνθα
3260 1824 3658 1894 καταμένομεν,

2085 1943 2424 2014 πανταχόθεν
2445 1943 2598 2017 [571]
2620 1945 3098 2016 περιφράττοντες,
3113 1943 3208 1997 καὶ
3227 1943 3422 2014 ἐπιϐλή
3432 1960 3562 2016 μασι
3580 1960 3665 1996 κει

2081 2064 2348 2136 χρημένοι
2365 2065 2593 2130 πλείοσι,
2613 2065 2708 2119 καὶ
2723 2065 2811 2119 διά
2829 2065 3024 2129 παντὸς
3040 2064 3188 2119 ἔνδον
3207 2063 3663 2136 μένοντες.’οπερ

2083 2179 2203 2233 ἐστὶ
2221 2180 2319 2250 μὲν
2334 2181 2468 2251 ἡμῖν
2484 2179 2740 2250 ἐπαχθὲς,
2769 2179 2909 2250 πλὴν
2923 2178 3011 2232 διά
3024 2178 3084 2232 τὸ
3107 2177 3356 2232 ἐντεῦθεν
3372 2176 3558 2248 κέρδος
3575 2192 3666 2244 φο-

2083 2300 2270 2372 ρητόν.
2285 2300 2436 2365 Ἐως
2467 2301 2566 2372 μὲν
2584 2300 2693 2371 γάρ
2720 2300 2864 2355 ἔνδον
2897 2300 3168 2371 μένωμεν,
3189 2299 3250 2352 οὐ
3275 2298 3480 2370 σφόδρα
3495 2314 3661 2350 κατα-

2080 2419 2372 2490 τεινόμεθα
2395 2420 2474 2491 τῷ
2504 2420 2699 2492 κρυμῷ
2719 2437 2734 2451 ·
2772 2420 2867 2474 ἐὰν
2895 2420 2951 2474 δὲ
2985 2419 3417 2491 ἀναγκασθῶμεν
3467 2417 3664 2491 μικρὸν

2085 2539 2382 2609 προελθεῖν,
2401 2540 2496 2594 καὶ⁵
2523 2539 2601 2612 τῷ
2616 2540 2720 2608 ἔξω
2732 2540 2987 2612 ὁμιλῆσαι
3009 2539 3152 2612 ἀέρι,
3169 2539 3230 2593 οὐ
3255 2538 3460 2610 μικράν
3487 2555 3660 2610 1:90:-

2081 2660 2379 2734 τριϐόμεθα
2401 2661 2625 2734 βλάϐην.
2657 2662 2750 2716 Διὸ
2779 2664 2872 2716 καὶ
2893 2662 2990 2734 τὴν
3024 2662 3321 2734 τιμιότητά
3353 2679 3450 2716 σου
3481 2679 3662 2733 m9:-

2083 2782 2252 2849 καλῶ,
2293 2783 2390 2838 καὶ
2418 2785 2475 2837 ἐν
2527 2785 2802 2860 μέγιστηςγ
2823 2785 2958 2839 αἰτῶ
2995 2784 3216 2856 χάριτος
3249 2784 3426 2856 μέρει,
3459 2784 3663 2854 πολλὴν

2084 2905 2353 2961 ποιεῖσθαι
2371 2907 2706 2980 ἐπιμέλειαν,
2722 2906 2862 2961 ὥστε
2882 2907 2980 2980 τὴν
2994 2908 3092 2962 τοῦ
3118 2907 3370 2980 σώματός
3409 2924 3502 2960 σου
3516 2907 3663 2978 διορ-

2085 3027 2211 3082 θοῦν
2238 3028 2540 3084 ἀσθένειαν.
2561 3032 2713 3085 Ποιεῖ
2730 3032 2828 3103 μὲν
2845 3031 2953 3104 γάρ
2965 3031 3121 3085 νόσον
3147 3031 3242 3085 καὶ
3268 3031 3476 3102 ἀθυμία
3495 3048 3509 3062 ο
3527 3032 3658 3084 ὅταν

2081 3149 2140 3204 δέ
2169 3151 2264 3205 καὶ
2290 3152 2448 3222 σῶμα
2479 3149 2843 3224 πεπονηκδςῇ
2879 3152 2974 3206 καὶ
2999 3152 3449 3224 ἐξησθενημένον,
3483 3152 3576 3205 καὶ
3601 3152 3660 3204 ἐν

2083 3271 2312 3344 ἀμελείᾳ
2333 3271 2654 3344 διακέηταιδ
2677 3273 2866 3346 πολλῇ,
2880 3275 2977 3328 καὶ
2998 3275 3134 3346 μήτε
3169 3274 3368 3345 ίατρῶν
3388 3272 3656 3345 ἀπολαύῃ.

2087 3392 2224 3464 μήτε
2267 3392 2446 3463 ἀέρων
2486 3394 2817 3465 εὐκρασίας,
2856 3396 2992 3466 μήτε
3039 3395 3140 3465 τῆς
3179 3393 3287 3448 τῶν
3337 3393 3658 3465 ἐπιτηδείων

2084 3508 2365 3579 ἀφθονίας,
2395 3511 2669 3582 ἐννόησον,
2692 3513 2775 3564 δτι
2796 3513 2857 3565 οὐ
2885 3512 3056 3585 μικρά
3094 3513 3343 3567 ἐντεῦθεν
3376 3513 3657 3585 προσθήκη

2083 3635 2293 3701 γίνεται
2323 3631 2415 3685 τοῦ
2432 3633 2632 3688 δεινοῦ.
2659 3634 2750 3687 Διὸ
2780 3634 3084 3705 παρακαλῶ
3102 3651 3198 3688 σου
3226 3633 3323 3707 τὴν
3352 3632 3658 3705 τιμιότητα,

2083 3754 2180 3807 καὶ
2229 3756 2436 3826 ἰατροῖς
2485 3756 2763 3829 διαφόροις
2789 3757 2886 3811 καὶ
2915 3757 3199 3829 ἐμπείροις
3231 3758 3326 3811 καὶ
3349 3756 3660 3828 φαρμάκοις

2084 3875 2340 3946 χρῆσθαι,
2363 3877 2475 3940 τοῖς
2497 3875 2567 3930 τά
2591 3878 2815 3932 τοιαῦτα
2843 3878 3088 3950 διορθοῦν
3123 3878 3457 3950 δυναμένοις.
3504 3879 3659 3931 Ἐπεὶ

2085 3993 2180 4047 καὶ
2204 3995 2364 4065 ἡμεῖς
2391 3995 2497 4068 πρὸ
2527 3995 2732 4051 τούτων
2749 3997 2856 4051 τῶν
2881 3997 3076 4067 ὀλίγων
3102 3997 3347 4071 ἡμερῶν,
3370 3996 3658 4068 εὐεμπτῶ-

2083 4130 2192 4176 τως
2220 4115 2353 4184 ἡμῖν
2379 4112 2595 4183 ἔχοντος
2630 4113 2721 4168 τοῦ
2775 4113 3048 4185 στομάχου
3085 4114 3226 4184 πρὸς
3251 4115 3376 4178 τοὺς
3409 4113 3652 4184 ἐμέτους,

2084 4233 2148 4285 ἐκ
2175 4230 2277 4302 τῆς
2299 4230 2394 4284 τοῦ
2421 4231 2584 4304 ἀέρος
2611 4233 3019 4301 καταστάσεως,
3043 4235 3110 4304 τῇ
3131 4249 3189 4286 τε
3208 4232 3344 4304 mn
3371 4231 3658 4302 ἐπιμελείᾳ

2083 4355 2439 4426 χρησάμενοι,
2462 4355 2557 4410 καὶ
2581 4355 2659 4428 τῷ
2685 4355 2962 4429 φαρμάκῳ
2987 4356 3066 4429 τῷ
3091 4354 3483 4426 ἀπεσταλμένῳ
3507 4353 3666 4424 παρὰ

2082 4476 2183 4548 τῆς
2223 4478 2415 4548 κυρίας
2451 4495 2552 4549 μου
2600 4479 2699 4549 τῆς
2736 4479 3116 4550 κοσμιωτάτης
3149 4476 3482 4548 Συγκλητίου
3505 4513 3524 4539 ,
3561 4475 3663 4528 καὶ

2082 4599 2143 4653 οὐ
2165 4599 2449 4671 δεηθέντες
2483 4599 2644 4654 πλέον
2676 4601 2710 4673 ἢ
2741 4601 2909 4672 τριῶν
2939 4599 3178 4674 ἡμερῶν·
3209 4599 3338 4654 αὐτὸ
3365 4597 3659 4660 ἐπιθεῖναι,

2081 4719 2471 4792 διωρθώσαμεν
2501 4719 2666 4774 αὐτοῦ
2693 4720 2791 4793 τὴν
2813 4719 3118 4775 ἀσθένειαν.
3147 4719 3454 4792 Παρακαλῶ
3481 4719 3662 4773 τοίνυν

2084 4840 2179 4894 καὶ
2204 4839 2374 4910 αὐτὴν
2405 4839 2466 4892 σὲ
2496 4837 2803 4910 χρήσασθαι
2847 4838 3044 4909 τούτῳ,
3095 4839 3192 4891 καὶ
3238 4837 3660 4908 παρασκευάσαι

2085 4962 2248 5018 πάλιν
2270 4963 2402 5034 ἡμῖν
2440 4960 2500 5027 ἐξ
2527 4960 2692 5016 αὐτοῦ
2718 4960 3052 5032 πεμφθῆναι.
3081 4961 3192 5014 Καὶ
3217 4960 3326 5032 γάρ
3370 4961 3465 5014 καὶ
3494 4961 3660 5016 πάλιν

2083 5084 2463 5156 αισθανόμενοί
2487 5101 2631 5149 τινος
2661 5069 2990 5155 ἀνατροπῆς,
3026 5083 3186 5138 πάλιν
3219 5082 3368 5156 αὐτῷ
3417 5084 3659 5158 ἐχρησά-

2087 5205 2248 5276 μεθα,
2279 5204 2374 5259 καὶ
2403 5204 2463 5258 τὸ
2491 5205 2598 5257 πᾶν
2627 5202 3033 5276 διωρθώσαμεν.
3076 5201 3186 5256 Καὶ¹
3213 5201 3322 5274 γάρ
3346 5203 3656 5273 φλεγμονὰς

2083 5325 2434 5381 καταστέλλει
2462 5325 2562 5390 τὰς
2601 5325 2660 5380 ἐν
2688 5326 2767 5398 τῷ
2817 5326 2990 5397 βάθει,
3025 5327 3203 5381 νοτίδα
3239 5328 3523 5399 ἀνιμᾶται,
3557 5330 3654 5384 καὶ

2087 5447 2415 5520 συμμέτρως
2454 5447 2573 5500 ἐστὶ
2598 5445 2820 5519 θερμὸν,
2851 5447 2948 5501 καὶ
2985 5446 3134 5502 τόνον
3169 5448 3440 5521 ἐντίθησιν
3467 5449 3526 5502 οὐ
3553 5449 3652 5519 τὸν

2145 5655 2171 5684 ι
2197 5643 2278 5705 δίε
2299 5653 2468 5690 omnes
2496 5654 2612 5690 mss.
2639 5641 2693 5691 In
2719 5641 2867 5693 edilis
2886 5639 3008 5693 illud
3031 5641 3184 5692 ινικεν
3208 5643 3345 5705 ἡμῶν
3367 5642 3523 5692 deesL

2146 5705 2176 5746 δ
2200 5703 2323 5756 Tres
2342 5715 2454 5754 mss.
2481 5705 2667 5764 κέηται.
