4058 6218
371 341 468 397 δυι

362 457 596 527 vigorem
629 458 768 516 haud
798 462 1065 533 vulgarem
1094 465 1280 533 alTerl,
1310 474 1365 523 et
1387 465 1630 522 ciborum
1657 469 1947 539 appetitum

367 554 566 606 excitat
613 569 629 608 :
676 564 839 625 atque
880 556 1069 612 harum
1110 559 1349 614 omnium
1377 576 1559 615 rerum
1591 562 1746 617 nobis
1774 564 1955 632 paucis

368 642 558 698 dichns
604 647 1029 715 experimentum
1072 650 1322 719 przebuit.
1364 651 1473 709 Fac
1516 642 1675 724 igitur
1708 654 1956 710 dominus

374 747 525 788 meus
547 748 669 789 cum
689 737 876 805 primis
898 742 1231 796 venerandus
1256 742 1581 814 Theophilus
1609 745 1802 801 Comes
1828 762 1957 802 exo-

371 832 521 879 retur
536 865 551 890 ,
580 835 637 879 ut
657 826 811 881 nobis
832 844 1042 884 rursum
1065 831 1205 887 idem
1224 833 1671 889 medicamentum
1689 836 1954 901 conﬁciat,

372 928 531 985 atque
556 916 622 971 ad
658 932 757 973 nos
787 916 983 974 mittat.
1009 920 1119 977 Nec
1147 938 1276 980 vero
1302 923 1403 980 hoc
1430 925 1646 982 nomine
1670 926 1961 983 discrucio-

373 1009 446 1062 ris
469 1046 488 1075 ,
529 1010 671 1079 quod
716 1026 815 1067 nos
854 1011 943 1069 hic
985 1013 1281 1071 hiememus
1320 1033 1336 1071 :
1376 1017 1547 1073 multo
1572 1020 1711 1075 enim
1740 1020 1962 1079 meliore

374 1116 516 1157 nunc
539 1112 702 1174 atque
735 1106 1122 1176 commodiore,
1154 1124 1313 1179 quam
1340 1113 1599 1181 superiori
1622 1127 1783 1178 anno,
1813 1114 1963 1169 vale-

374 1192 558 1249 tudine
593 1209 782 1251 sumus
828 1214 843 1253 :
888 1213 1055 1269 quare
1078 1201 1121 1255 si
1163 1210 1219 1255 tu
1255 1217 1472 1273 quoque
1494 1244 1512 1271 ,
1541 1218 1701 1275 quam
1731 1219 1827 1275 par
1845 1214 1959 1273 est,

374 1298 559 1339 curam
604 1285 912 1357 adhiberes,
956 1292 1124 1346 multo
1168 1292 1364 1348 melius
1390 1294 1620 1351 valeres.
1649 1295 1801 1364 Quod
1826 1296 1871 1350 si
1896 1311 1963 1351 ex

381 1376 547 1430 animi
575 1379 830 1434 mmstitia
851 1382 1071 1439 morbos
1091 1392 1210 1441 tuos
1229 1393 1407 1441 ortum
1420 1386 1636 1444 duxisse
1656 1389 1755 1454 ais,
1775 1388 1966 1459 ecquid

378 1481 566 1521 rursus
608 1484 639 1522 a
686 1469 842 1525 nobis
882 1471 1140 1540 epistolas
1169 1477 1427 1546 requiris,
1459 1492 1580 1533 cum
1611 1478 1736 1533 hinc
1762 1478 1830 1533 ad
1857 1479 1968 1533 ala-

378 1557 624 1613 critatem
652 1559 815 1615 animi
842 1562 978 1618 nihil
1007 1565 1210 1621 fruetus
1237 1568 1447 1637 ceperis
1464 1610 1479 1635 ,
1510 1584 1694 1625 verum
1720 1571 1968 1627 mteroris

382 1647 539 1703 undis
567 1649 636 1704 ita
658 1650 904 1708 demersa
932 1654 1006 1710 sis
1030 1696 1045 1721 ,
1076 1664 1133 1710 ut
1162 1672 1303 1713 nunc
1322 1659 1483 1714 etiam
1512 1675 1577 1715 ex
1608 1660 1709 1716 hac
1728 1662 1834 1717 vita
1863 1662 1966 1716 mi-

383 1754 543 1807 grare
595 1741 835 1811 cupias?
884 1745 967 1800 An
1023 1748 1235 1820 ignoras
1282 1763 1476 1821 quanta
1530 1752 1724 1809 anima:
1772 1755 1969 1824 gratias

382 1831 559 1899 agenti
582 1841 802 1901 prepter
826 1835 1071 1892 morbum
1094 1855 1307 1911 quoque
1330 1857 1539 1898 merces
1557 1846 1843 1900 constituta
1864 1848 1970 1902 sit?

382 1925 575 1978 Annon
603 1924 669 1980 de
695 1925 795 1982 hac
815 1943 875 1984 re
893 1938 948 1985 et
966 1945 1147 1987 coram
1169 1958 1192 2001 ,·
1224 1944 1279 1989 et
1312 1950 1408 2005 per
1440 1937 1623 1993 literas
1648 1954 1889 2011 porsmpe
1904 1941 1970 1998 ad

386 2024 438 2071 te
480 2016 754 2076 disserui?
794 2023 865 2078 At
909 2026 1160 2095 quoniam
1197 2037 1250 2085 te
1278 2029 1505 2088 fortasse
1528 2033 1614 2089 vel
1639 2034 1970 2104 negotiorum

385 2110 535 2164 turba
557 2152 573 2177 ,
602 2112 686 2168 vel
708 2112 819 2183 ipsa
849 2116 1019 2172 morbi
1052 2128 1269 2185 natura,
1296 2131 1351 2177 et
1376 2123 1579 2179 crebra:
1598 2124 1971 2192 adversitates,

383 2216 568 2258 eorum
608 2220 727 2275 quze
768 2222 797 2261 a
834 2209 991 2266 nobis
1013 2210 1153 2266 dicta
1180 2224 1306 2268 sunt
1330 2215 1642 2271 memoriam
1670 2218 1852 2273 animo
1880 2228 1970 2272 tuo

385 2306 643 2365 perpetuo
691 2298 1013 2357 insidentem
1052 2303 1252 2360 habere
1296 2321 1405 2362 non
1446 2308 1663 2377 sinunt,
1711 2309 1835 2363 audi
1876 2324 1973 2363 nos

384 2402 601 2442 rursum
649 2393 901 2447 maeroris
950 2394 1026 2449 tui
1072 2395 1336 2454 ulceribus
1380 2399 1565 2454 eadem
1612 2399 1915 2456 accinentes
1954 2416 1968 2454 :

386 2478 584 2536 Eadem
604 2484 737 2537 enim
758 2484 990 2553 scribere,
1019 2488 1146 2543 mihi
1165 2490 1367 2560 quidem
1396 2508 1497 2547 non
1520 2493 1742 2566 pigrum,
1765 2494 1970 2566 inquit,

386 2574 523 2628 vobis
550 2585 717 2629 autem
746 2587 908 2632 tutum
935 2588 1008 2633 est
1028 2578 1284 2653 (Philipp.
1312 2583 1365 2640 3.
1398 2584 1474 2653 l).

455 2665 510 2721 2.
569 2666 823 2724 Patientia
882 2672 1012 2726 nihil
1060 2672 1375 2744 gloriosius;
1414 2676 1588 2732 morbo
1642 2678 1773 2732 nihil
1830 2694 1972 2733 acer-

387 2757 514 2812 bius.
535 2789 607 2802 —
626 2759 764 2829 Quid
808 2760 967 2833 igitur
1008 2764 1126 2832 aio,
1161 2780 1225 2820 ac
1252 2766 1420 2822 literis
1447 2767 1675 2823 mando?
1702 2768 1840 2823 Nihil
1867 2779 1969 2837 est,

389 2850 693 2922 Olympias,
746 2855 888 2924 quod
932 2856 999 2911 ad
1059 2858 1267 2915 laudem
1308 2870 1363 2916 et
1401 2862 1623 2931 gloriam
1672 2863 1970 2933 adipiscen-

387 2942 509 2996 dam
534 2958 656 2998 cum
680 2946 931 3014 patientia
954 2950 1005 3002 in
1025 2948 1299 3006 doloribus
1319 2951 1650 3020 perferendis
1672 2954 1973 3024 comparari

388 3036 575 3104 possit.
606 3035 738 3091 Nam
764 3053 828 3093 ea
850 3042 1145 3109 praesertim
1165 3042 1420 3098 virtutum
1443 3044 1648 3115 regina,
1671 3053 1725 3100 et
1748 3060 1974 3101 corona-

388 3140 507 3179 rum
547 3142 682 3197 apex
725 3137 924 3184 est:et
951 3131 1401 3200 quemadmodum
1440 3149 1504 3189 ea
1536 3134 1818 3192 virtutibus
1851 3136 1973 3193 aliis

390 3224 642 3285 praestat,
687 3219 758 3273 ita
794 3220 848 3275 in
886 3236 949 3277 ea
984 3222 1085 3277 hoc
1122 3222 1454 3293 potissimum
1482 3241 1651 3295 genus
1675 3227 1795 3282 aliis
1821 3237 1973 3284 ante-

389 3306 555 3361 cellit.
598 3307 887 3366 Obscurius
930 3311 1204 3384 aliquanto
1254 3314 1480 3373 fortasse
1526 3325 1608 3372 est
1646 3317 1788 3388 quod
1828 3318 1968 3387 dico,

390 3398 588 3457 idcirco
622 3402 829 3472 planius
860 3420 925 3460 ac
962 3406 1245 3464 dilucidius
1282 3408 1422 3464 istud
1462 3409 1675 3465 faciam.
1707 3410 1970 3479 Quidnam

389 3495 547 3565 igitur
588 3504 671 3551 est
715 3495 859 3567 quod
903 3498 1029 3553 aio?
1065 3498 1185 3555 Non
1230 3500 1421 3572 opibus
1467 3502 1716 3573 spoliari,
1762 3503 1971 3559 etiamsi

388 3589 636 3644 omnibus
669 3604 887 3659 prorsus
912 3590 1251 3649 facultatibus
1280 3596 1537 3665 quispiam
1568 3595 1827 3663 nudetur,
1864 3612 1971 3654 non

388 3679 593 3736 honore
616 3680 794 3751 dejici,
825 3697 933 3738 non
960 3684 1145 3753 patriis
1172 3684 1388 3741 sedibus
1416 3686 1708 3753 exturbari,
1732 3697 1891 3757 atque
1917 3688 1971 3742 in

388 3772 633 3829 exsilium
662 3774 886 3843 abduci,
917 3790 1021 3831 non
1050 3776 1323 3833 laboribus
1366 3792 1430 3833 ac
1470 3777 1753 3834 sudoribus
1775 3780 1971 3835 distor-

389 3866 571 3932 queri,
604 3880 709 3921 non
739 3881 1011 3923 carcerem
1038 3868 1273 3926 incolere
1298 3884 1362 3925 ac
1390 3870 1593 3925 catenis
1614 3870 1833 3938 vinciri,
1862 3887 1970 3927 non

389 3958 603 4026 probra,
634 3969 691 4014 et
720 3962 978 4029 convicia,
1011 3970 1066 4017 et
1092 3972 1416 4029 scommata;
1461 3978 1634 4034 neque
1677 3965 1822 4021 enim
1852 3980 1973 4036 par-

388 4065 509 4102 vum
541 4051 838 4106 tolerantiae
884 4068 1053 4123 genus
1095 4068 1216 4111 esse
1259 4055 1539 4110 existimes
1578 4071 1664 4111 res
1710 4056 1970 4125 ejusmodi

389 4150 610 4197 strenuo
644 4143 824 4199 animo
867 4143 1041 4213 ferre,
1085 4147 1245 4218 idque
1286 4149 1523 4205 ostendit
1558 4149 1845 4219 Jeremias,
1892 4152 1974 4206 vir

388 4241 567 4288 tantus
596 4244 808 4305 tamque
832 4236 1061 4292 eximius
1082 4238 1172 4307 qui
1198 4237 1299 4293 bac
1325 4240 1617 4295 tentatione
1640 4256 1745 4295 non
1770 4241 1973 4297 medio-

388 4325 553 4379 criter
591 4334 894 4381 commotus
930 4341 995 4382 ac
1036 4326 1381 4397 perturbatus
1417 4339 1501 4384 est
1539 4328 1670 4399 (Jer.
1704 4330 1832 4401 l5);
1865 4346 1971 4386 non

388 4416 677 4472 liberorum
717 4418 935 4474 amissio
959 4459 976 4485 ,
1014 4418 1224 4475 etiamsi
1268 4433 1455 4474 omnes
1492 4422 1770 4489 repentina
1799 4431 1973 4478 morte

388 4508 753 4578 abripiantur,
786 4524 892 4565 non
938 4508 1121 4566 hostes
1160 4509 1468 4581 frequenter
1497 4510 1831 4578 insultantes,
1865 4528 1971 4568 non

385 4600 530 4655 aliud
555 4601 826 4672 quidpiam
850 4601 1133 4672 ejusmodi,
1158 4617 1263 4658 non
1286 4602 1513 4673 denique
1536 4617 1682 4657 mors
1701 4604 1830 4673 ipsa,
1852 4619 1971 4674 quae

387 4708 566 4749 rerum
595 4695 832 4751 omnium
856 4736 873 4763 ,
901 4711 1020 4766 quae
1045 4695 1304 4751 molestiae
1329 4705 1383 4751 et
1407 4696 1710 4752 acerbitatis
1736 4696 1969 4766 speciem

386 4782 616 4855 habent,
648 4797 807 4858 caput
831 4798 935 4855 est,
963 4798 1124 4859 atque
1152 4803 1319 4860 usque
1363 4788 1499 4844 adeo
1543 4788 1890 4844 formidabilis
1918 4799 1972 4845 et

386 4874 653 4932 horrenda
680 4888 782 4943 est,
823 4895 975 4950 atque
1002 4882 1180 4952 gravis
1207 4890 1263 4937 et
1284 4881 1497 4949 acerba,
1525 4889 1584 4938 ut
1604 4881 1823 4937 adversa
1846 4896 1971 4938 cor-

388 4968 531 5035 poris
552 4968 821 5026 valetudo.
855 4971 953 5027 Cui
975 4972 1052 5028 rei
1073 4973 1379 5029 testimonio
1398 4983 1482 5029 est
1499 4989 1739 5029 summus
1760 4973 1850 5030 ille
1873 4990 1968 5045 pa—

386 5058 587 5113 tientize
613 5060 757 5130 pugil
788 5060 957 5131 (Job),
977 5064 1067 5134 qui
1090 5074 1369 5136 postquam
1390 5065 1442 5121 in
1465 5066 1705 5136 corporis
1724 5068 1969 5123 morbum

386 5147 599 5216 incidit,
640 5152 994 5219 prementium
1042 5155 1304 5210 malorum
1333 5155 1703 5228 depulsionem
1743 5172 1971 5217 mortem

382 5253 504 5296 esse
523 5239 813 5309 judicavit;
842 5252 894 5299 et
924 5244 1159 5314 quidem,
1184 5261 1306 5303 eum
1330 5260 1522 5304 cuncta
1540 5251 1643 5305 alia
1661 5262 1972 5322 perpetere-

383 5339 491 5397 tur,
523 5330 746 5389 minime
770 5334 1057 5405 sentiebat,
1077 5338 1317 5408 quamvis
1341 5339 1501 5396 etiam
1527 5342 1744 5399 crebras
1762 5344 1971 5415 sibique

383 5420 612 5476 invicem
642 5423 990 5482 succedentes
1020 5428 1201 5499 plagas
1226 5430 1522 5500 accipiens.
1553 5447 1617 5488 ac
1642 5443 1969 5503 postremam

380 5512 780 5570 acerbissimam
803 5525 857 5570 et
881 5516 1116 5574 letalem.
1139 5519 1321 5591 Neque
1340 5523 1481 5577 enim
1513 5522 1616 5579 hoc
1639 5525 1818 5595 exigui
1848 5541 1968 5581 mo-

384 5606 549 5664 menti
587 5621 709 5664 esse
752 5608 1041 5679 putandum
1080 5621 1198 5677 est,
1241 5628 1427 5669 verum
1472 5627 1724 5673 extremae
1759 5634 1971 5691 quoque

383 5704 533 5775 ejus,
578 5699 671 5774 qui
709 5701 907 5759 bellum
938 5702 1037 5774 ipsi
1078 5703 1357 5769 inferebat,
1390 5706 1744 5779 improbitatis
1768 5720 1822 5766 et
1845 5727 1967 5767 vcr-

386 5796 560 5864 sullae,
597 5794 741 5868 quod
770 5809 876 5853 non
917 5794 1118 5854 recenti
1162 5803 1216 5853 et
1259 5805 1479 5868 vegeto,
1512 5814 1575 5855 ac
1601 5809 1709 5855 tum
1736 5803 1967 5871 primum

1074 350 1130 405 S.
1170 347 1448 407 JOANNIS
1482 350 1960 408 CllRYSOSTOMl
1998 352 2316 411 ARCHIEP.
2356 354 2887 416 CONSTANTINOP.

3529 360 3641 418 59‘)

2060 470 2114 526 in
2139 480 2411 528 certamen
2449 473 2813 542 descendenti,
2847 476 2940 531 sed
2966 477 3074 547 jam
3102 477 3479 533 continuormn
3510 480 3645 535 telo-

2060 580 2177 619 rum
2226 566 2372 621 mole
2417 568 2679 632 confecto,
2725 581 2836 624 tum
2882 569 3112 640 denique
3157 570 3494 625 mortiferum
3547 572 3646 628 hoc

2062 656 2276 720 vulnus,
2320 656 2549 713 ﬁliorum
2593 675 2784 729 nempe
2828 661 3135 725 interitum,
3183 660 3441 728 inferret,
3489 662 3650 733 idque

2064 755 2170 800 tam
2196 747 2429 817 graviter
2465 758 2521 804 et
2558 750 2785 818 acerbe,
2833 760 2889 805 ut
2930 765 2995 806 ex
3037 762 3263 821 utroque
3301 768 3436 808 sexu
3462 768 3651 810 omnes

2062 838 2259 907 subito,
2290 849 2347 895 et
2380 840 2661 896 immatura
2700 851 2884 910 aetate,
2914 850 2969 897 et
3011 842 3238 899 violenta
3273 854 3447 899 morte
3473 846 3653 914 oppri-

2063 938 2251 995 meret,
2275 945 2338 985 ac
2358 932 2547 987 mortis
2567 931 2781 986 modum
2808 942 3281 1003 extemporaneum
3312 935 3441 1004 ipsis
3470 943 3652 989 tumu-

2065 1021 2175 1077 lum
2217 1022 2477 1079 efticeret.
2523 1024 2706 1095 Neque
2753 1024 2895 1080 enim
2944 1036 3095 1096 pater
3131 1026 3373 1097 jacentes
3417 1028 3470 1082 in
3516 1028 3651 1084 lecto

2067 1111 2219 1179 vidit,
2252 1129 2350 1169 nec
2379 1129 2570 1170 manus
2597 1115 2935 1173 exosculatus
2961 1128 3063 1185 est,
3091 1132 3193 1173 nec
3220 1128 3463 1173 extrema
3491 1120 3651 1174 verba

2066 1205 2312 1275 excepit,
2348 1220 2447 1261 nec
2476 1206 2640 1277 pedes
2664 1219 2717 1264 et
2740 1224 2913 1280 genua
2954 1209 3148 1280 tetigit,
3172 1224 3273 1266 nec
3302 1211 3651 1265 moribundo-

2066 1311 2186 1351 rum
2225 1310 2317 1351 ora
2359 1299 2657 1363 contraxit,
2697 1300 2988 1370 oculosque
3030 1300 3249 1365 clausit;
3285 1317 3403 1371 qua:
3438 1301 3651 1372 quidem

2069 1388 2397 1459 parentibus,
2422 1403 2546 1443 cum
2572 1405 2601 1443 a
2630 1390 2753 1446 [iliis
2778 1391 3124 1459 divelluntur,
3148 1407 3253 1447 non
3282 1406 3499 1462 parvam
3527 1406 3655 1448 con-

2068 1478 2383 1534 solationem
2430 1478 2691 1547 all'erunt;
2741 1496 2839 1537 nec
2882 1481 3006 1537 aliis
3052 1482 3119 1537 ad
3171 1484 3471 1552 sepulcrum
3518 1499 3654 1553 pra:-

2069 1569 2250 1625 missis
2276 1570 2409 1626 alios
2434 1570 2576 1627 domi
2609 1571 2843 1639 invenit,
2869 1588 2934 1628 ex
2959 1588 3184 1644 quorum
3210 1585 3429 1644 aspectu
3458 1589 3653 1629 mmro-

2071 1676 2208 1730 rem,
2240 1678 2400 1733 quem
2428 1664 2463 1718 ii
2491 1665 2580 1734 qui
2608 1681 2638 1720 e
2662 1667 2769 1720 vita
2798 1675 3175 1732 excesserant,
3200 1668 3299 1737 ipsi
3331 1668 3649 1733 atl‘ercbnnt,

2072 1754 2336 1810 minueret
2361 1772 2376 1810 :
2400 1771 2586 1811 verum
2630 1758 2863 1812 convivii
2894 1767 3155 1828 tempore,
3186 1768 3242 1813 et
3278 1759 3490 1829 quidem
3521 1775 3653 1813 con-

2072 1842 2218 1911 vivii,
2251 1860 2356 1899 non
2385 1846 2728 1914 temulentis,
2773 1848 2865 1902 sed
2902 1849 3125 1903 caritate
3149 1849 3411 1917 conferti,
3457 1849 3508 1903 in
3553 1850 3648 1902 fra-

2075 1936 2212 1991 terni
2258 1936 2457 1992 amoris
2492 1952 2710 2005 mensa,
2750 1952 2912 2009 super
2948 1948 3123 1994 torum
3164 1940 3426 2010 jacentes,
3470 1955 3656 1994 omnes

2073 2027 2314 2084 defossos
2343 2038 2503 2099 atque
2534 2030 2758 2086 obrutos
2787 2046 2907 2088 esse
2931 2032 3171 2098 audivit,
3202 2036 3491 2103 omniaque
3519 2034 3657 2087 inter

2075 2134 2134 2178 se
2158 2123 2320 2177 mixta
2346 2122 2513 2178 fuisse
2532 2166 2547 2191 ,
2574 2124 2825 2179 nimirum
2853 2140 3098 2181 cruorem
3120 2168 3134 2193 ,
3163 2126 3402 2192 domum,
3434 2126 3619 2195 pocula
3638 2168 3655 2191 ,

2074 2221 2272 2270 tectum
2298 2254 2313 2282 ,
2358 2230 2633 2280 mensam,
2680 2216 2991 2287 pulverem,
3033 2217 3269 2272 membra
3313 2216 3560 2271 ﬁliorum.
3592 2217 3659 2271 Et

2076 2314 2253 2363 tamen
2278 2323 2399 2362 cum
2427 2308 2541 2363 hare
2567 2308 2854 2375 audiisset,
2881 2324 2944 2364 ac
2972 2310 3118 2380 prius
3143 2310 3300 2364 etiam
3328 2310 3430 2363 alia
3460 2325 3577 2379 quae
3605 2318 3660 2364 et

2077 2398 2189 2467 ipsa
2216 2400 2396 2469 gravia
2422 2408 2477 2455 et
2501 2401 2690 2455 acerba
2723 2410 2907 2467 erant;
2952 2417 3072 2455 nam
3113 2411 3167 2456 et
3204 2402 3278 2455 illi
3319 2402 3420 2455 alia
3466 2403 3660 2457 misere

2076 2491 2377 2559 perierant;
2426 2491 2686 2561 pecudum
2739 2506 2960 2562 greges,
3009 2500 3062 2546 et
3101 2491 3345 2545 universa
3385 2498 3657 2554 armenta,

2075 2582 2268 2651 partim
2298 2582 2419 2653 igne
2447 2582 2654 2638 cmlitus
2687 2584 2836 2653 lapso
2861 2582 3138 2653 absumpta
3157 2625 3171 2650 ,
3213 2583 3406 2652 partim
3435 2598 3465 2635 a
3492 2583 3657 2636 variis

2076 2673 2318 2729 hostibus
2360 2685 2580 2745 repente
2622 2677 2878 2746 abrepta,
2919 2684 2975 2731 et
3014 2690 3134 2730 cum
3176 2676 3303 2745 ipsis
3348 2675 3649 2745 pastoribus

2074 2768 2289 2823 concisa
2312 2777 2368 2823 et
2386 2768 2698 2823 obtruncata
2726 2767 2889 2823 fuisse
2915 2768 3188 2838 improbus
3211 2766 3365 2836 hujus
3389 2765 3659 2836 tragmdize

2075 2860 2295 2916 nuntius
2340 2858 2632 2924 referebat;
2685 2873 2840 2924 cum,
2871 2859 3122 2928 inquam,
3152 2866 3353 2912 tantam
3398 2857 3449 2911 in
3488 2856 3657 2926 agris,

2074 2950 2259 3017 domi,
2302 2952 2355 3005 in
2399 2950 2723 3021 pecudibus,
2772 2953 2825 3005 ln
2869 2949 3051 3004 liberis
3099 2956 3468 3017 tempestatem
3513 2945 3659 3001 brevi

2077 3043 2335 3114 temporis
2377 3051 2651 3098 momento
2697 3043 3017 3107 excitatam,
3070 3039 3370 3110 ﬂuctusque
3414 3038 3660 3093 ﬂuctibus

2075 3134 2458 3198 succedentes,
2500 3140 2558 3189 et
2596 3134 2884 3188 continuos
2925 3131 3193 3201 scopulos,
3247 3141 3302 3186 et
3342 3128 3659 3201 profundam

2075 3225 2355 3296 caliginem
2376 3267 2391 3291 ,
2430 3232 2487 3281 et
2529 3222 2892 3279 intolerandos
2926 3222 3117 3276 fluetus
3161 3222 3531 3290 conspiceret:
3561 3234 3661 3273 nec

2076 3331 2309 3373 maerore
2351 3316 2719 3388 premebatur,
2771 3329 2872 3371 nec
2914 3328 2977 3369 ea
3015 3329 3136 3385 qua:
3178 3311 3482 3368 acciderant
3525 3325 3661 3380 pene

2075 3408 2360 3474 sentiebat,
2376 3407 2477 3464 hoc
2493 3416 2594 3477 est,
2612 3408 2871 3463 hactenus
2889 3406 3181 3471 dumtaxat,
3197 3412 3457 3474 quatenus
3476 3402 3657 3466 homo,

2075 3512 2129 3556 et
2158 3511 2311 3573 pater
2337 3512 2471 3557 erat.
2504 3503 2574 3556 At
2618 3509 2961 3571 posteaquam
2998 3498 3185 3553 morbo
3210 3507 3368 3567 atque
3395 3495 3662 3551 ulceribus

2076 3592 2288 3649 deditus
2331 3602 2432 3660 est,
2480 3601 2590 3647 tum
2638 3606 2769 3647 vero
2804 3601 2858 3647 et
2902 3599 3130 3645 mortem
3168 3587 3481 3659 exoptabat,
3512 3596 3567 3641 et
3606 3586 3660 3640 in

2077 3684 2223 3739 luctu
2253 3699 2316 3738 ac
2346 3684 2593 3738 lamentis
2616 3683 2947 3737 versabatur.
2981 3681 3054 3735 Ex
3085 3696 3192 3752 quo
3221 3680 3487 3750 intelligas
3515 3678 3659 3748 licet,

2077 3776 2180 3832 hoc
2200 3776 2449 3832 omnibus
2477 3775 2635 3831 rebus
2660 3776 2898 3831 adversis
2918 3776 3132 3843 gravius
3151 3788 3289 3837 esse,
3309 3790 3372 3827 ac
3393 3788 3657 3827 summum

2076 3867 2344 3939 patientiae
2363 3881 2551 3938 genus.
2574 3868 2750 3937 Atque
2779 3866 2882 3920 hoc
2908 3881 2975 3920 ne
3001 3880 3285 3936 perversus
3312 3864 3525 3935 quidem
3551 3863 3661 3917 da:-

2077 3977 2202 4016 mon
2231 3960 2539 4032 ignorabat;
2568 3975 2629 4015 ac
2657 3959 2905 4030 proinde,
2936 3974 3059 4014 cum
3090 3959 3337 4013 omnibus
3367 3958 3471 4012 illis
3501 3957 3660 4011 rebus

2078 4054 2293 4109 tentatis
2318 4052 2547 4123 pugilem
2579 4052 2919 4123 tranquillum
2958 4060 3013 4106 et
3054 4065 3083 4104 a
3123 4048 3518 4120 perturbatione
3560 4047 3661 4101 imo

2079 4160 2297 4201 munem
2328 4159 2550 4199 manere
2571 4143 2914 4213 perspiceret,
2940 4143 3006 4198 ad
3061 4140 3161 4196 hoc
3184 4150 3486 4203 certamen,
3519 4148 3659 4191 lam-

2076 4250 2235 4307 qnam
2260 4235 2498 4291 omnium
2517 4233 2828 4301 maximum,
2858 4248 2918 4289 se
2937 4232 3182 4299 contulit,
3205 4239 3392 4286 cmtera
3416 4229 3661 4285 videlicet

2077 4329 2251 4383 omnia
2290 4324 2583 4382 tolerabilia
2610 4339 2732 4381 esse
2768 4324 3006 4391 ducens,
3047 4323 3256 4379 etiamsi
3283 4323 3400 4392 quis
3426 4322 3657 4385 liberos,

2075 4417 2285 4471 etiamsi
2316 4417 2576 4482 fortunas,
2607 4416 2818 4470 etiamsi
2847 4414 3135 4486 quidquam
3176 4413 3317 4467 aliud
3348 4413 3553 4466 amittat
3583 4407 3659 4480 (id

2076 4510 2220 4564 enim
2249 4509 2331 4564 his
2359 4510 2536 4564 verbis
2560 4508 2897 4580 designatur,
2930 4508 3123 4563 Pellem
3154 4524 3246 4577 pro
3272 4505 3404 4577 pelle
3431 4504 3549 4579 [Job
3600 4503 3657 4558 2.

2076 4600 2190 4674 4]),
2235 4610 2290 4657 at
2328 4614 2448 4655 eam
2490 4599 2707 4655 demum
2751 4599 3078 4656 mortiferam
3109 4598 3318 4669 plagam
3359 4611 3513 4658 esse,
3537 4610 3659 4649 cum

2078 4694 2343 4763 quispiam
2373 4692 2426 4745 in
2454 4706 2684 4762 corpore
2710 4691 2925 4748 dolores
2966 4692 3197 4762 excepit.
3238 4690 3498 4757 Quocirca
3540 4697 3661 4757 post

2077 4785 2181 4841 hoc
2216 4794 2491 4841 certamen
2535 4795 2847 4855 superatus,
2888 4800 2959 4842 ne
2999 4786 3207 4840 hiscere
3249 4782 3458 4855 quidem
3501 4795 3663 4835 ausus

2074 4889 2161 4937 est
2190 4893 2355 4936 zeum
2393 4878 2591 4951 alioqui
2638 4877 2783 4950 prius
2826 4877 3283 4949 impudentissime
3329 4876 3667 4930 obniteretur

2074 4989 2138 5030 ac
2163 4983 2351 5030 contra
2377 4982 2656 5045 pugnaret.
2704 4972 2800 5026 llic
2819 5014 2833 5038 ,
2866 4974 3118 5041 inquam,
3146 4971 3253 5040 jam
3284 4985 3352 5024 ne
3381 4968 3667 5039 impudens

2075 5068 2289 5139 quidem
2316 5066 2517 5138 aliquid
2542 5066 2779 5136 reperire
2804 5066 2993 5135 potuit,
3015 5064 3157 5136 quod
3187 5064 3413 5134 lingeret
3440 5080 3453 5115 :
3479 5076 3666 5117 verum

2077 5160 2280 5230 pudore
2306 5159 2538 5214 suffusus
2566 5158 2755 5229 pedem
2784 5158 2984 5214 retulit.

2146 5254 2202 5308 5.
2232 5252 2427 5307 Verum
2456 5268 2523 5306 ne
2551 5250 2653 5306 hoc
2681 5251 2775 5306 tibi
2813 5250 2883 5305 ad
2924 5248 3283 5305 excusandum
3311 5246 3499 5300 mortis
3520 5242 3665 5299 desi-

2080 5344 2285 5399 derium
2326 5343 2576 5399 idoneum
2615 5358 2735 5399 esse
2762 5343 2925 5398 ducas
2948 5385 2964 5409 ,
3000 5342 3142 5412 quod
3173 5339 3257 5395 ille
3277 5338 3519 5394 dolorum
3550 5335 3662 5388 vim

2075 5444 2129 5491 et
2148 5435 2492 5490 acerbitatem
2516 5449 2622 5489 non
2645 5434 2844 5500 ferens,
2866 5443 3089 5487 mortem
3112 5439 3409 5501 exoptaret.
3436 5429 3489 5483 in
3512 5441 3662 5479 incn-

2075 5535 2181 5581 tem
2212 5524 2354 5579 enim
2386 5524 2481 5579 tibi
2510 5524 2724 5592 veniat,
2753 5538 2984 5593 quonam
3016 5522 3105 5577 ille
3136 5532 3377 5590 tempore
3401 5558 3418 5586 ,
3449 5529 3661 5586 quoque

2075 5633 2253 5673 rerum
2282 5624 2420 5670 statu
2444 5632 2561 5672 eam
2584 5616 2868 5686 expetebat
2889 5633 2902 5669 :
2922 5614 3023 5669 hoc
3046 5625 3288 5678 est,cum
3313 5626 3409 5665 nec
3431 5611 3514 5663 lex
3538 5607 3656 5660 data

2076 5718 2239 5774 esset,
2260 5724 2360 5764 nec
2382 5707 2657 5779 propheta:
2677 5708 3028 5770 exstitissent,
3057 5721 3155 5761 nec
3183 5704 3348 5775 gratia
3371 5702 3438 5756 ita
3468 5697 3661 5754 diffusa

2079 5810 2245 5870 esset,
2274 5816 2370 5858 nec
2400 5800 2513 5870 ipse
2540 5798 2640 5854 alia
2671 5797 2861 5856 divina:
2886 5796 3236 5869 philosophiae
3258 5807 3452 5867 genera
3478 5802 3664 5865 peree-

1920 6176 1925 6179 .
1990 6110 2119 6185 ’ἱ
