4058 6218
393 265 492 325 59!

391 381 649 453 τυχόντα,
679 382 774 437 καὶ
794 380 975 469 δρεξιν
995 380 1253 453 διεγείρει
1289 382 1389 459 τήν
1420 383 1556 454 πρὸς
1587 380 1653 436 τά
1686 380 1848 445 σιτία,
1874 382 1972 438 καὶ

393 491 427 527 τ
461 474 604 531 ύτων
662 473 919 529 ἀπάντων
970 474 1106 543 ἡμῖν
1138 474 1196 533 ἐν
1248 472 1458 549 ὀλίγαις
1501 471 1737 546 ἡμέραις
1776 473 1973 544 πεῖραν

397 563 700 637 παρέσχεν.
732 564 967 636 Ποίησον
988 565 1167 621 τοίνυν
1205 564 1623 637 παρακληθῆναι
1664 564 1753 619 τὸν
1782 562 1975 617 δεσπό-

396 671 498 728 την
518 672 620 727 μου
640 654 732 709 τὸν
751 653 1177 727 αἰδεσιμώτατον
1195 654 1452 727 Θεόφιλον
1466 655 1558 709 τὸν
1580 655 1817 729 κόμητα,
1833 655 1976 710 ὥστε

398 745 562 800 πάλιν
594 744 655 810 ἐξ
679 745 845 811 αὑτοῦ
894 747 1303 809 κατασκευάσαι
1336 748 1469 819 ἡμῖν
1510 746 1605 807 καὶ
1635 745 1975 811 ἀποστεῖλαι.

398 834 512 889 Καὶ
548 835 623 908 μή
653 851 713 887 σε
733 834 974 889 λυπείτω
1003 835 1064 890 τὸ
1099 836 1335 903 ἐνταῦθα
1358 838 1506 910 ἡμᾶς
1534 835 1843 909 χειμάζειν·
1881 835 1977 893 καὶ

398 927 511 999 7&9
538 926 719 1000 πολλῷ
753 929 883 1000 ῥᾷον
914 928 1008 993 καὶ
1051 928 1412 1002 ὑγιεινότερον
1440 929 1535 987 νῦν
1568 931 1602 1011 ή
1637 930 1834 1011 πέρυσι
1865 929 1981 995 δια-

400 1016 667 1089 κείμεθα*
698 1018 841 1073 ὥστε
862 1020 912 1072 εί
937 1019 1033 1087 καὶ
1076 1018 1218 1093 αὐτὴ
1248 1019 1349 1093 τὴν
1378 1021 1761 1092 προσήκουσαν
1783 1018 1980 1091 ἐπιμέ-

398 1109 551 1166 λειαν
576 1106 785 1181 ἐποιοῦ,
820 1104 1000 1181 πολλῷ
1046 1109 1111 1164 ἂν
1140 1110 1365 1183 ἄμεινον
1405 1111 1670 1184 διετέθης.
1724 1112 1789 1166 Et
1836 1110 1893 1181 δὲ
1922 1108 1983 1176 ἐξ

399 1201 640 1274 ἀθυμίας
687 1202 793 1273 φῂς
821 1201 1071 1273 τετέχθαι
1117 1219 1198 1256 σοι
1226 1202 1296 1257 τά
1335 1203 1636 1275 νοσήματα,
1669 1200 1787 1269 πῶς
1819 1201 1982 1263 πάλιν

401 1294 697 1358 ἐπιστολάς
730 1291 914 1364 ζητεῖς
944 1294 1077 1365 παρ’
1110 1294 1288 1366 ἡμῶν,
1321 1294 1488 1367 μηδὲν
1510 1293 1762 1349 ἐντεῦθεν
1785 1295 1865 1359 εἰς
1889 1293 1982 1346 εύ-

402 1385 608 1457 θυμίαν
652 1383 1088 1459 καρπωσαμένη,
1115 1384 1231 1439 ἀλλ’
1262 1384 1406 1442 οὕτω
1448 1387 1516 1458 τῇ
1574 1386 1850 1458 τυραννίδι
1880 1385 1983 1456 τῆς

402 1476 645 1547 ἀθυμίας
662 1474 1042 1546 βαπτισθεῖσα,
1062 1474 1138 1540 ώς
1163 1475 1258 1541 καὶ
1288 1475 1578 1547 ἐπιθυμεῖν
1597 1476 1692 1531 νῦν
1714 1475 1817 1547 τῆς
1834 1473 1983 1549 [5Ἱ2]

408 1564 658 1620 ἐντεῦθεν
687 1563 1025 1635 άποδημίαςς
1052 1563 1167 1619 οὐκ
1198 1559 1355 1627 οἶσθα
1392 1565 1517 1629 ὅσος
1553 1565 1648 1621 καὶ
1674 1563 1986 1639 ἀρρωστίας

406 1660 588 1729 κεῖται
622 1656 812 1728 μισθὸς
846 1658 904 1710 ἐν
937 1656 1245 1729 εὐχαρίστῳ
1289 1657 1465 1729 ψυχῇ;
1501 1657 1577 1712 Οὐ
1612 1656 1868 1723 πολλάκις
1904 1675 1987 1714 σοι

404 1751 501 1807 καί
529 1749 721 1821 παρὼν
743 1750 837 1804 καὶ.
862 1749 929 1803 δι’
945 1748 1246 1803 ἐπιστολῶν
1269 1734 1474 1822 ταύτης
1491 1748 1657 1808 ἐνεκα
1682 1749 1986 1821 διείλεγμαι

401 1843 505 1914 τῆς
535 1839 1031 1907 ύποθέσεωςςἈλΥ
1064 1840 1251 1913 ἐπειδὴ
1300 1838 1430 1905 ἴσως
1455 1840 1490 1913 ἢ
1519 1842 1550 1895 6
1576 1839 1686 1895 τῶν
1733 1840 1989 1913 πραγμά-

402 1949 515 1988 των
555 1930 792 2009 ἤχλος,ῆ
825 1930 965 2002 αὐτὴ
1017 1930 1116 2003 τῆς
1142 1930 1456 2003 ἀρρωστίας
1487 1932 1522 2001 ἡ
1564 1916 1764 2001 φύσις,
1799 1934 1895 1986 καὶ
1930 1933 1987 1987 αἱ

404 2023 699 2095 ἐπάλληλοι
731 2023 1083 2094 περιστάσεις
1104 2035 1132 2063 ι
1156 2022 1259 2076 οὐκ
1284 2020 1416 2075 ἐῶσί
1446 2037 1506 2075 σε
1534 2021 1801 2095 διηνεκῶς
1836 2023 1989 2077 ἐναυ-

403 2116 501 2170 λον
533 2114 677 2187 ἐχειν
704 2114 813 2169 τῶν
841 2114 1151 2188 εἰρημένων
1184 2112 1283 2185 τὴν
1316 2114 1564 2187 μνήμην,
1610 2113 1776 2169 ἄκουε
1826 2115 1987 2171 πάλιν

403 2208 477 2263 τά
508 2206 650 2262 αὑτά
683 2206 993 2280 ἐπᾳδόντων
1025 2205 1184 2278 ήμῶν
1220 2207 1334 2270 τοῖς
1357 2204 1541 2259 ἐλκεσί
1576 2223 1671 2260 σου
1716 2207 1816 2278 τῆς
1855 2207 1989 2263 ἀθυ-

402 2298 543 2370 λμίας
561 2316 576 2331 ο
617 2297 693 2353 Τὰ
719 2296 833 2367 τὰρ
863 2295 1017 2352 αὐτὰ
1048 2296 1318 2368 τράφειν,
1357 2297 1543 2370 φησὶν,
1562 2297 1694 2370 ἐμοὶ
1727 2298 1846 2370 μὲν
1875 2300 1988 2365 οὐκ

404 2390 692 2460 ὀκνηρὸν,
730 2389 876 2460 ὑμῖν
902 2388 972 2444 δέ
994 2388 1292 2460 ἀσφαλές.

484 2480 552 2551 β’.
585 2481 651 2534 Τί
672 2476 767 2535 οὖν
797 2481 894 2534 καὶ
920 2479 1065 2550 λέγω
1087 2479 1182 2534 καὶ
1202 2478 1434 2552 γράφω;
1458 2480 1646 2548 Οὐδὲν,
1661 2481 1987 2554 Ὀλυμπιάς,

406 2571 513 2642 τῆς
536 2574 596 2627 ἐν
623 2573 912 2644 ἀλγηδόσιν
946 2573 1225 2645 ὑπομονῆς
1272 2574 1353 2638 είς
1402 2573 1808 2647 εὐδοκιμήσεως
1835 2574 1991 2645 λόγον

402 2666 550 2720 τσον.
590 2665 653 2719 Ἦ
680 2666 790 2737 7&9
818 2664 1030 2737 βασιλὶς
1053 2665 1163 2721 τῶν
1193 2665 1436 2737 ἀγαθῶν,
1468 2666 1564 2722 καὶ
1584 2666 1693 2721 τῶν
1713 2667 1992 2737 στεφάνων

407 2760 448 2828 ἡ
474 2757 707 2829 κορωνὶς
738 2756 874 2829 αῦτη
931 2757 1171 2828 μάλιστά
1221 2759 1374 2813 ἐστι’
1405 2760 1500 2815 καὶ
1551 2760 1805 2833 καθάπερ
1851 2761 1990 2837 αὕτη

403 2848 522 2904 τῶν
564 2848 739 2903 ἄλλων
771 2853 962 2921 κρατεῖ
995 2850 1440 2924 κατορθωμάτων
1462 2892 1478 2920 ,
1537 2852 1712 2918 οὕτως
1761 2855 1820 2909 ἐν
1853 2855 1992 2928 αὐτῇ

406 2940 573 2999 τοῦτο
591 2941 825 3011 μάλιστα
850 2941 913 2996 τὸ
943 2938 1083 3007 εἶδος
1108 2942 1216 2998 τῶν
1234 2943 1413 2999 ἀλλων
1447 2945 1566 2999 ἐστὶ
1589 2944 1991 3019 λαμπρότερον.

407 3035 569 3107 Τάχα
603 3034 810 3104 ἀσαφὲς
830 3034 893 3105 τὸ
922 3033 1243 3106 εἰρημένον·
1277 3035 1472 3099 οὐκοῦν
1496 3036 1630 3095 αὐτὸ
1656 3040 1866 3110 ποιήσω
1898 3055 1997 3096 σα.-

408 3126 697 3197 φέστερον.
717 3126 783 3179 Τί
812 3120 904 3180 οὖν
937 3126 1128 3181 ἐστινὸ
1153 3142 1331 3198 φημι;
1360 3128 1439 3181 Οὐ
1465 3128 1528 3182 τὸ
1551 3129 1810 3202 χρήματα
1834 3131 1997 3203 69m..-

411 3216 662 3289 ρεθῆναι,
685 3214 786 3270 κᾶν
816 3216 1034 3270 πάντων
1062 3232 1147 3280 τις
1175 3216 1439 3290 γυμνωθῇ
1467 3218 1576 3273 τῶν
1607 3219 1800 3288 όντων,
1824 3222 1891 3279 οὐ
1932 3221 1996 3276 τὸ

405 3310 580 3380 τιμῆς
606 3311 878 3391 ἐκπεσεῖν,
909 3309 971 3364 ού
988 3309 1050 3364 τὸ
1077 3308 1334 3382 πατρίδος
1360 3311 1715 3383 ἐκϐληθῆναι,
1746 3314 1996 3386 καὶπρὸς

406 3404 515 3475 τὴν
549 3403 847 3476 ὑπερορίαν
879 3402 1276 3475 ἀπενεχθῆναι,
1317 3406 1379 3458 οὐ
1418 3405 1481 3459 τὸ
1504 3408 1651 3477 πόνῳ
1679 3408 1774 3462 καὶ
1813 3408 1998 3482 ίδρῶτι

410 3493 867 3561 κατατείνεσθαι,
885 3495 946 3547 οὐ
975 3495 1036 3551 τὸ
1069 3494 1442 3567 δεσμωτήριον
1470 3498 1661 3566 οἰκεῖν,
1693 3500 1789 3555 καὶ
1808 3500 2000 3556 ἅλυσιν

406 3587 783 3659 περικεῖσθαι,
814 3587 915 3641 οὐκ
946 3587 1260 3660 ὀνειδισμοὶ,
1287 3591 1382 3643 καὶ
1402 3590 1660 3663 λοιδορίαι
1684 3592 1777 3647 καὶ
1809 3592 1999 3667 σκὼμτ

414 3696 606 3755 ματαο
637 3680 711 3753 μὴ
738 3681 846 3752 7&9
866 3681 1001 3753 μηδὲ
1029 3679 1187 3736 τοῦτο
1215 3683 1410 3756 μικρὸν
1438 3685 1667 3758 νομίσῃς
1695 3681 1835 3742 εἶναι
1860 3674 1997 3760 καρ-

410 3774 610 3848 τερίας
660 3771 820 3839 εἶδος,
849 3772 910 3829 τὸ
938 3773 1200 3846 γενναίως
1230 3775 1296 3830 τά
1332 3777 1558 3833 τοιαῦτα
1610 3780 1876 3847 ἐνεγκεῖν,
1906 3778 2001 3833 καὶ

412 3868 693 3925 δείκνυσιν
744 3867 1010 3939 Ἱερεμίας
1038 3869 1067 3922 6
1094 3868 1345 3934 τοσοῦτος
1368 3871 1462 3924 καὶ
1492 3870 1809 3943 τηλικοῦτος
1838 3871 1999 3944 ἀνὴρ,

413 3963 519 4034 οὐχ
564 3961 639 4024 ώς
676 3960 868 4032 ἔτυχεν
903 3960 1009 4015 ὑπὸ
1058 3959 1249 4016 τούτου
1289 3961 1611 4034 θορυϐηθεὶς
1666 3961 1761 4017 τοῦ
1809 3981 2001 4037 πειρα-

402 4050 595 4124 ’σμοῐν
656 4053 771 4107 ἀλλ’
829 4054 951 4108 ούδέ
1004 4052 1184 4121 τοῦτο,
1214 4054 1276 4108 ού
1325 4054 1531 4109 παίδων
1580 4055 1841 4127 ἀποϐολὴ,
1898 4056 2001 4113 κᾶν

400 4141 620 4219 ’ἀθρόον
654 4146 854 4211 πάντες
902 4146 1327 4219 ἀναρπασθῶσιν
1351 4188 1367 4214 ,
1399 4147 1500 4201 οὐκ
1535 4147 1721 4221 ἐχθροὶ
1764 4150 2003 4221 συνεχῶς

416 4236 872 4317 ἐπεμϐαίνοντες,
932 4238 1034 4291 οὐκ
1081 4235 1211 4292 ἀλλο
1240 4237 1350 4292 τῶν
1397 4237 1656 4293 τοιούτων
1686 4239 1857 4307 οὐδὲν,
1903 4241 2005 4295 οὐκ

417 4329 587 4394 αὐτὸς
617 4332 646 4385 6
678 4329 923 4399 κολοφὼν
978 4330 1089 4384 τῶν
1143 4330 1442 4387 δοκούντων
1500 4328 1640 4388 εἰναι
1674 4332 1952 4406 λυπηρῶν,
1975 4336 2005 4392 6

419 4423 677 4488 θάνατος,
710 4424 740 4477 6
789 4420 1019 4494 φοϐερὸς
1049 4421 1192 4476 οὕτω
1226 4424 1320 4477 καὶ
1348 4422 1649 4496 φρικώδης,
1679 4424 1853 4489 οὕτως
1879 4423 1997 4479 ἐστὶ

422 4516 621 4589 βαρὺς,
642 4516 718 4581 ώς
743 4514 994 4587 σώματος
1019 4515 1320 4588 ἀρρωστία.
1348 4517 1458 4571 Καὶ
1480 4515 1653 4571 ταῦτα
1681 4518 1954 4581 δείκνυσιν
1978 4522 2007 4577 6

423 4606 687 4677 μέγιστος
706 4605 805 4677 τῆς
834 4604 1113 4676 ὑπομονῆς
1135 4604 1390 4678 ἀθλητὴς,
1415 4606 1476 4671 ὃς
1502 4607 1693 4682 ἐπειδὴ
1719 4613 2005 4687 σωματικῇ

419 4696 724 4768 περιέπεσε
751 4695 915 4767 νόσῳ,
962 4694 1284 4769 άπαλλαγῆν
1316 4698 1425 4754 τῶν
1455 4700 1794 4773 κατεχόντων
1819 4701 2009 4771 δεινῶν

421 4790 525 4861 τὴν
541 4788 797 4863 τελευτὴν
822 4783 963 4847 εἶναι
992 4787 1207 4861 ἐνόμιζε
1228 4807 1241 4821 ·
1267 4790 1362 4844 καὶ
1382 4791 1471 4844 ὅτε
1499 4792 1597 4862 μὲν
1622 4792 1692 4846 τά
1718 4792 1853 4848 ἀλλα
1874 4793 2010 4850 ἐπα-

424 4899 559 4952 σχεν
585 4881 822 4948 ἅπαντα,
874 4880 995 4935 οὐδὲ
1019 4880 1302 4953 ᾐσθάνετο,
1330 4883 1506 4937 καίτοι
1538 4883 1876 4955 ἐπαλλήλους
1920 4885 2008 4941 δε-

423 4972 657 5044 χόμενος
714 4971 815 5035 τάς
852 4971 1087 5042 πληγὰς,
1142 4972 1236 5027 καὶ
1284 4972 1600 5029 τελευταίαν
1637 4972 1736 5047 τὴν
1768 4976 2008 5049 καιρίαν.

426 5063 569 5119 Οὐδέ
593 5064 704 5137 γάρ
729 5065 886 5119 τοῦτο
925 5065 1119 5136 μικρὸν
1141 5106 1157 5135 ,
1189 5064 1327 5121 ἀλλά
1359 5065 1452 5119 καὶ
1481 5064 1583 5138 τῆς
1620 5065 2013 5144 χαλεπωτάτης

425 5157 526 5213 τοῦ
566 5157 931 5228 πολεμοῦντος
958 5158 1106 5230 αύτῷ
1143 5157 1497 5230 κακουργίας,
1530 5160 1593 5213 τὸ
1631 5160 1707 5235 μὴ
1745 5161 2010 5228 νεάζοντι,

430 5249 573 5323 μηδὲ
599 5248 693 5302 νῦν
716 5250 797 5313 είς
830 5249 956 5314 τοὺς
975 5248 1193 5319 ἀγῶνας
1226 5248 1469 5305 καθιέντι
1503 5251 1740 5324 πρῶτον,
1774 5251 1886 5306 ἀλλ’
1914 5252 2011 5326 ἤδη

426 5343 498 5413 τῇ
532 5341 828 5412 πυκνότητι
858 5340 969 5394 τῶν
1000 5340 1316 5412 ἐπαλλήλων
1344 5341 1513 5411 βελῶν
1538 5343 2009 5415 κατειργασμένῳ,

429 5434 554 5487 τότε
585 5432 688 5506 τὴν
715 5433 935 5506 καιρίαν
974 5430 1158 5486 δοῦναι
1182 5430 1282 5503 τὴν
1308 5431 1401 5485 ἐπὶ
1446 5434 1559 5496 τοῖς
1584 5434 1741 5489 παισὶ
1776 5434 2010 5508 πληγήν,

432 5525 532 5580 καὶ
556 5523 761 5596 ταύτην
785 5524 930 5579 οὔτω
967 5522 1239 5595 χαλεπῶς,
1280 5523 1367 5588 ώς
1398 5525 1493 5578 καὶ
1517 5524 1578 5591 ἐξ
1615 5527 1880 5600 ἑκατέρας
1914 5529 2013 5599 τῆς

438 5615 674 5685 φύσεως,
715 5616 807 5670 καὶ
842 5616 1049 5681 πάντας
1081 5615 1297 5688 ἀθρόον,
1332 5616 1427 5671 καὶ
1478 5618 1539 5673 ἐν
1593 5616 1758 5694 ἀώρῳ
1804 5619 2011 5693 ἡλικίᾳ,

502 5727 531 5758 ⁸
561 5726 750 5781 Omnes
773 5742 887 5782 mss.
910 5732 989 5781 καὶ
1008 5734 1056 5782 αἰ
1080 5732 1249 5783 πολλαί
1267 5733 1578 5799 περιστάσεις.

1818 268 2207 341 ΕΡΙδτριθΕ.

3540 268 3648 325 899

2077 382 2171 436 καὶ
2205 381 2357 455 βιαία
2400 382 2628 455 τελευτῇ
2675 381 3001 453 διαφθεῖραι,
3060 376 3270 436 καὶτοῦ
3303 378 3530 435 θανάτου
3562 380 3653 437 τὸν

2073 490 2277 561 τρόπον
2294 490 2712 562 ἐσχεδιασμένον
2740 490 2924 555 αὐτοῖς
2955 487 3296 561 ἐργάσασθαι
3315 487 3507 557 τάφον.
3521 487 3657 561 Οὐδ)

2074 598 2185 671 γὰρ
2217 595 2356 654 εἶδεν
2393 598 2452 653 ἐν
2484 598 2639 671 κλίνῃ
2676 596 2992 670 κειμένους,
3032 596 3153 650 ούδέ
3189 595 3412 668 ἐφίλησε
3443 596 3654 667 χεῖρας,

2076 708 2195 762 οὐδὲ
2250 708 2494 780 ἐσχάτων
2531 708 2731 780 ήκουσε
2777 708 3072 782 ῥημάτων,
3125 706 3246 775 οὐδέ
3283 704 3459 761 ποδῶν
3504 704 3655 781 [575]

2076 814 2252 887 ἥψατο
2282 817 2379 871 καὶ
2416 816 2682 887 γονάτων,
2710 816 2771 869 ού
2804 814 2979 886 στόμα
3005 813 3246 867 συνεῖλεν
3267 854 3282 880 ,
3316 811 3378 868 ού
3408 812 3661 871 καθεῖλεν

2078 926 2390 999 ὀφθαλμοὺς
2417 926 2717 999 μελλόντων
2755 924 2935 983 αὐτῶν
2962 924 3218 995 τελευτᾷν
3241 963 3258 988 ,
3298 923 3442 995 άπερ
3471 921 3533 977 ού
3568 939 3661 993 μιν

2082 1039 2191 1111 κρά
2217 1039 2297 1102 είς
2329 1035 2684 1109 παραμυθίαν
2710 1037 2824 1099 τοῖς
2862 1033 3068 1089 παίδων
3109 1031 3496 1107 χωριζομένοις
3551 1048 3661 1086 πα·-

2082 1145 2274 1217 τράσιν
2296 1159 2312 1176 ·
2359 1143 2481 1197 οὐδὲ
2508 1144 2637 1208 τοὺς
2691 1143 2790 1215 μὲν
2818 1142 3175 1214 προέπεμψεν
3203 1142 3296 1197 ἐπὶ
3331 1141 3424 1196 τὸν
3467 1141 3660 1212 τάφον,

2083 1256 2209 1320 τοὺς
2249 1254 2307 1309 δὲ
2348 1252 2658 1309 ἐπανελθὼν
2696 1246 2823 1324 εὗρε
2868 1251 3222 1325 παραμυθίαν
3257 1251 3366 1317 τῶν
3405 1248 3659 1305 ἀπελθόνο

2086 1380 2193 1418 των
2212 1380 2225 1394 ·
2261 1362 2375 1419 ἀλλ’
2399 1364 2458 1416 ἐν
2487 1360 2664 1435 καιρῷ
2686 1363 3011 1434 συμποσίου,
3046 1359 3348 1433 συμποσίου
3382 1360 3441 1414 οὐ
3470 1359 3666 1433 μέθην,

2086 1468 2202 1523 ἀλλ’
2222 1467 2442 1541 ἀγάπην
2470 1468 2746 1541 βρύοντος,
2778 1470 2837 1524 ἐν
2869 1468 3117 1542 τραπέζῃ
3163 1468 3534 1539 φιλαδελφίας,
3574 1468 3671 1522 ἐπὶ.

2090 1577 2336 1644 στιϐάδος
2391 1577 2677 1649 κειμένους
2715 1578 2916 1649 ἤκουσε
2967 1578 3177 1642 πάντας
3231 1575 3670 1648 κατακεχῶσθαι,

2088 1687 2184 1741 καὶ
2215 1687 2394 1742 πάντα
2420 1686 2557 1758 ὁμοῦ
2587 1687 2834 1759 μιγῆναι,
2856 1685 2920 1740 τὸ
2943 1680 3105 1759 αἷμα,
3135 1686 3228 1741 τὸν
3253 1681 3414 1753 οἶνον,
3449 1684 3550 1749 τάς
3572 1682 3676 1738 κύ-

2088 1796 2268 1862 λικας,
2299 1795 2393 1849 τὸν
2420 1795 2644 1867 ὄροφον,
2671 1797 2772 1868 τὴν
2803 1794 3105 1866 τράπεζαν,
3126 1795 3225 1870 τὴν
3248 1797 3418 1862 κόνιν,
3435 1793 3506 1849 τὰ
3537 1793 3675 1865 μέλη

2087 1904 2198 1958 τῶν
2229 1903 2456 1967 παίδων.
2515 1904 2655 1958 Ἀλλ’
2687 1905 2837 1976 ὅμως
2870 1905 3034 1987 ήνίκα
3089 1906 3188 1978 μὲν
3239 1904 3414 1960 ταῦτα
3450 1904 3674 1977 ήκουσε,

2089 2013 2183 2067 καὶ
2217 2011 2322 2085 πρὸ
2341 2011 2548 2067 τούτων
2578 2011 2653 2067 τὰ
2684 2013 2843 2079 ἄλλα,
2882 2015 2977 2071 καὶ
3008 2012 3149 2069 αύτά
3177 2012 3389 2084 χαλεπά
3407 2028 3421 2043 ·
3446 2011 3542 2066 καὶ
3568 2009 3677 2081 7&9

2089 2122 2320 2177 κάκεῖνα
2347 2120 2599 2194 χαλεπῶς
2629 2121 2896 2176 ἀπολώλει
2919 2137 2933 2151 ⁶
2958 2123 3030 2176 τά
3063 2139 3121 2176 τε
3145 2121 3373 2193 ποίμνια
3390 2161 3406 2186 ,
3437 2119 3532 2177 καὶ⁵
3555 2118 3676 2174 ὁλο-

2101 2230 2341 2302 κλήρους
2374 2228 2579 2300 ἀγέλας
2599 2272 2616 2299 ,
2661 2230 2761 2294 τάς
2802 2230 2902 2302 μὲν
2933 2228 3040 2285 ὑπὸ
3082 2229 3257 2302 πυρὸς
3299 2228 3504 2288 ἀνωθεν
3548 2242 3680 2281 κατο

2095 2338 2407 2411 ενεχθέντος
2451 2339 2763 2411 ἀνηλῶσθαι
2814 2340 2998 2408 ἔλεγεν
3026 2340 3056 2393 ό
3110 2336 3346 2410 πονηρὸς
3382 2337 3482 2407 τῆς
3508 2351 3681 2408 τραγ·-

2091 2447 2258 2520 ῳδίας
2289 2447 2493 2520 ταύτης
2507 2448 2755 2520 ἄγγελος,
2772 2448 2870 2513 τὰς
2891 2448 2947 2502 δὲ
2979 2447 3085 2501 ὑπὸ
3107 2446 3381 2518 πολεμίων
3408 2445 3681 2518 διαφόρων

2094 2557 2287 2632 ἀθρόον
2339 2556 2519 2623 πάσας
2570 2558 2977 2632 ἀναρπαγῆναι,
3011 2556 3105 2611 καὶ
3143 2554 3524 2625 κατακοπῆναι
3584 2555 3680 2611 σὺν

2095 2666 2279 2732 αὐτοῖς
2305 2669 2419 2733 τοῖς
2465 2665 2715 2738 ποιμέσιν
2740 2684 2754 2699 ο
2784 2665 2899 2720 ἀλλ’
2933 2665 3082 2737 ὅμως
3126 2663 3396 2735 τοσαύτην
3428 2662 3598 2735 ζάλην
3623 2663 3684 2716 ἐν

2098 2778 2331 2850 βραχείᾳ
2385 2777 2580 2849 καιροῦ
2624 2779 2763 2849 ῥοπῇ
2820 2774 3197 2846 διεγερθεῖσαν
3242 2772 3387 2846 ὁρῶν
3435 2771 3529 2826 ἐπὶ
3572 2768 3684 2825 τῶν

2096 2881 2304 2952 ἀγρῶν,
2336 2880 2429 2934 ἐπὶ
2456 2881 2555 2951 τῆς
2576 2883 2781 2948 οἰκίας,
2806 2880 2899 2935 ἐπὶ
2927 2880 3037 2936 τῶν
3064 2879 3419 2952 θρεμμάτων,
3454 2879 3548 2933 ἐπὶ
3571 2878 3684 2933 τῶν

2096 2986 2323 3053 παίδων,
2385 2986 2666 3058 ἐπάλληλα
2717 2986 2784 3042 τὰ
2841 2984 3061 3057 κύματα
3083 3025 3097 3052 ,
3133 2985 3228 3040 καὶ
3275 2984 3377 3049 τάς
3420 2983 3685 3047 σπιλάδας

2098 3094 2364 3164 συνεχεῖς,
2402 3093 2497 3147 καὶ
2531 3094 2622 3147 τὸν
2673 3090 2835 3163 ζόφον
2902 3091 3092 3165 βαθὺν,
3122 3092 3218 3149 καὶ
3271 3091 3334 3145 τὸ
3392 3090 3686 3146 κλυδώνιον

2097 3174 2390 3273 ἀφόρητον,
2442 3198 2565 3256 οὔτε
2598 3198 2808 3272 ἀθυμία
2858 3198 3219 3267 κατετείνετο,
3268 3194 3394 3251 οὔτε
3426 3195 3691 3271 ᾐσθάνετο

2101 3306 2291 3379 σχεδὸν
2310 3306 2418 3362 τῶν
2446 3306 2856 3381 γεγενημένων,
2885 3304 3027 3378 πλὴν
3051 3303 3305 3359 τοσοῦτον
3332 3304 3455 3359 ὅσον
3485 3303 3692 3377 ἀνθρω-

2101 3428 2200 3476 πος
2228 3406 2297 3483 ἦν
2326 3412 2421 3466 καὶ
2460 3412 2665 3484 πατήρ.
2723 3409 2945 3483 Ἐπειδὴ
2973 3410 3032 3465 δὲ
3077 3410 3219 3482 νόσῳ
3273 3408 3545 3484 παρεδόθη
3595 3406 3691 3465 καὶ

2099 3515 2305 3582 ἕλκεσι,
2338 3515 2467 3581 τότε⁵
2487 3516 2583 3570 καὶ
2611 3514 2841 3586 θάνατον
2871 3514 3149 3586 ἐπεζήτει,
3172 3513 3299 3568 τότε
3341 3514 3439 3568 καὶ
3469 3512 3690 3567 ἀπωδύ-

2104 3638 2251 3695 ρετο,
2283 3622 2379 3678 καὶ
2405 3620 2646 3695 ἐθρήνει,
2682 3582 2770 3675 Iv;
2801 3620 2981 3695 μάθῃς
3011 3582 3307 3686 ¹ιιιῶςτοῦτο
3328 3619 3546 3673 πάντων
3572 3617 3689 3670 ἐστὶ

2101 3727 2499 3801 χαλεπώτερον,
2536 3728 2633 3781 καὶ
2668 3727 2769 3799 τῆς
2791 3727 3070 3799 ὑπομονῆς
3100 3726 3162 3780 τὸ
3194 3724 3364 3797 ἄκρον
3395 3718 3563 3789 εἶδος.
3580 3724 3691 3778 Καὶ

2100 3832 2261 3897 τοῦτο
2317 3830 2439 3885 οὐδὲ
2497 3831 2661 3894 αὐτὸς
2694 3831 2723 3884 6
2756 3828 2989 3900 πονηρὸς
3043 3830 3230 3897 ἀγνοεῖ
3276 3826 3520 3898 δαίμων·
3575 3826 3692 3881 ἀλλ’

2104 3934 2291 4008 ἐπειδὴ
2315 3934 2491 3989 πάντα
2514 3935 2696 3987 ἐκεῖνα
2728 3933 2975 4004 κινήσας,
3000 3929 3147 4002 ἐώρα
3172 3930 3264 3985 τὸν
3292 3928 3534 4003 ἀθλητὴν
3557 3929 3691 3986 ἀτά-

2102 4056 2270 4112 ραχον
2298 4039 2529 4117 μένοντα
2560 4037 2655 4091 καὶ
2683 4034 2971 4108 ἀθόρυϐον,
3004 4035 3081 4098 ώς
3114 4036 3207 4091 ἐπὶ
3242 4035 3499 4109 μέγιστον
3526 4033 3691 4092 ἆθλον

2104 4141 2292 4196 τοῦτον
2320 4139 2569 4213 ὥρμησε,
2602 4141 2796 4211 λέγων,
2827 4141 2911 4197 ὅτι
2937 4141 3006 4196 τά
3050 4141 3157 4213 μὲν
3191 4142 3328 4199 ἀλλα
3368 4143 3544 4199 πάντα
3596 4160 3692 4212 φο-

2106 4246 2269 4321 ρητά,
2315 4246 2422 4315 κᾶν
2471 4246 2640 4302 παῖδά
2674 4222 2770 4311 ’τις
2802 4246 3076 4318 ἀποϐάλῃ,
3117 4247 3220 4303 κᾶν
3268 4248 3551 4319 κτήματα,
3589 4247 3693 4302 κᾶν

2104 4352 2388 4408 ἀλλοτιοῦν
2432 4349 2629 4422 ’(τοῦτο
2657 4350 2765 4422 γάρ
2795 4352 2933 4415 ἐστι,
2966 4351 3158 4422 Δέρμα
3180 4350 3334 4420 ὑπὲρ
3351 4350 3689 4421 δέρματος),

2108 4462 2143 4533 ή
2171 4460 2228 4514 δέ
2260 4460 2450 4533 καιρία
2474 4458 2681 4535 πληγὴ,
2708 4460 2838 4513 ὅταν
2871 4459 2928 4512 ἐν
2961 4456 3174 4529 σώματί
3220 4475 3305 4520 τις
3330 4457 3551 4528 δέξηται
3594 4457 3693 4517 τὰς

2109 4564 2321 4637 όδύνας.
2369 4563 2469 4633 Διά
2495 4581 2577 4617 τοι
2605 4563 2765 4617 τοῦτο
2791 4563 2929 4634 μετά
2970 4561 3063 4617 τὸν
3101 4558 3262 4616 ἆθλον
3294 4559 3483 4615 τοῦτον
3522 4562 3692 4633 ήττη-

2113 4669 2246 4738 θεὶς,
2279 4670 2400 4724 οὐδὲ
2434 4667 2631 4741 γρῦξαι
2662 4667 2842 4741 ἔσχεν,
2880 4668 2929 4723 εί
2957 4666 3051 4721 καὶ
3098 4664 3167 4720 τά
3217 4665 3451 4738 μάλιστα
3499 4664 3593 4719 καὶ
3623 4663 3693 4719 τά

2114 4776 2354 4847 πρότερα
2396 4772 2769 4848 ἀναισχύντως
2822 4772 3128 4843 ἀντέλεγεν.
3195 4769 3459 4825 Ἐνταῦθα
3509 4769 3693 4841 μέντοι

2112 4882 2232 4936 οὐδὲ
2252 4880 2610 4953 ἀναίσχυντον
2649 4878 2854 4944 πλάσαι
2884 4893 2936 4932 τι
2960 4876 3146 4933 λοιπὸν
3168 4870 3349 4951 εὗρεν,
3381 4876 3496 4932 ἀλλ’
3527 4879 3693 4947 ἐγκα-

2108 4986 2424 5059 λυψάμενος
2451 4987 2828 5056 ἀνεχώρησεν.

2105 5119 2111 5123 >
2182 5102 2252 5164 γ’.
2278 5092 2443 5148 Ἀλλά
2461 5091 2536 5163 μὴ
2563 5090 2752 5162 νόμιζέ
2775 5107 2858 5145 σοι
2878 5089 3037 5146 τοῦτο
3062 5090 3356 5159 ἀπολογίαν
3377 5084 3611 5154 εἶναιτίς
3631 5088 3695 5147 τὸ

2114 5198 2212 5255 καὶ
2253 5197 2423 5269 αὐτῆς
2476 5196 2766 5267 ἐπιθυμεῖν
2791 5195 3070 5269 τελευτῆς,
3111 5197 3160 5250 εἰ
3188 5197 3393 5259 ἐκεῖνος
3428 5193 3693 5265 ἐπεθύμει

2115 5304 2367 5369 θανάτου,
2404 5303 2503 5364 τάς
2532 5299 2724 5365 ὀδύνας
2767 5300 2830 5355 οὐ
2866 5300 3067 5374 φέρων.
3113 5300 3395 5370 Ἐννόησον
3427 5299 3534 5371 γὰρ
3564 5299 3696 5352 πότε

2116 5412 2321 5474 ἐκεῖνος
2353 5408 2640 5481 ἐπεθύμει,
2662 5408 2757 5464 καὶ
2781 5408 2898 5474 πῶς
2922 5408 3032 5463 τῶν
3048 5408 3389 5481 πραγμάτων
3418 5407 3696 5480 διακειμέα

2116 5537 2243 5585 νων,
2271 5518 2331 5572 οὐ
2368 5518 2539 5590 νόμου
2564 5517 2811 5581 δοθέντος
2831 5556 2847 5583 ,
2883 5516 2942 5570 ού
2973 5515 3268 5588 προφητῶν
3301 5515 3597 5586 φανέντων,
3635 5514 3697 5567 ού

2115 5627 2214 5696 τῆς
2241 5622 2461 5694 χάριτος
2488 5620 2663 5701 οὕτως
2694 5620 3017 5703 ἐκχυθείσης
3041 5660 3057 5685 ,
3114 5620 3235 5674 οὐδὲ
3280 5619 3448 5690 ἀλλης
3486 5615 3699 5703 φιλοσο-

2124 5731 2248 5796 φίας
2296 5725 2598 5800 μετασχών.
2638 5726 2759 5783 Ὅτι
2801 5726 2909 5799 γάρ
2934 5727 3096 5797 ἡμεῖς
3121 5726 3229 5781 τῶν
3261 5726 3381 5781 τότε
3423 5718 3701 5776 πολιτευο-
