  <div class='ocr_page' id='page_1' title='image "/cluster/home/n/w/nwhite01/storage/ocr_20150623/52/hvd.32044073501918/213.png"; bbox 0 0 4058 6218; ppageno 0'>
   <div class='ocr_carea' id='block_1_1' title="bbox 416 284 525 341">
    <p class='ocr_par' dir='ltr' id='par_1_1' title="bbox 416 284 525 341">
     <span class='ocr_line' id='line_1_1' title="bbox 416 284 525 341; baseline -0.028 0"><span class='ocrx_word' id='word_1_1' title='bbox 416 284 525 341; x_wconf 75' lang='lat'><em>593</em></span> 
     </span>
    </p>
   </div>
   <div class='ocr_carea' id='block_1_2' title="bbox 420 399 1984 474">
    <p class='ocr_par' dir='ltr' id='par_1_2' title="bbox 420 399 1984 474">
     <span class='ocr_line' id='line_1_2' title="bbox 420 399 1984 474; baseline 0.003 -22"><span class='ocrx_word' id='word_1_2' title='bbox 420 409 596 469; x_wconf 67' lang='grc' dir='ltr'><em>μενων</em></span> <span class='ocrx_word' id='word_1_3' title='bbox 625 399 842 454; x_wconf 78' lang='grc' dir='ltr'><em>πλείονα</em></span> <span class='ocrx_word' id='word_1_4' title='bbox 877 400 1107 454; x_wconf 83' lang='grc' dir='ltr'><em>άπαιτού</em></span> <span class='ocrx_word' id='word_1_5' title='bbox 1117 401 1273 472; x_wconf 85' lang='grc' dir='ltr'><em>μεθα,</em></span> <span class='ocrx_word' id='word_1_6' title='bbox 1293 404 1388 456; x_wconf 73' lang='grc' dir='ltr'><em>καὶ</em></span> <span class='ocrx_word' id='word_1_7' title='bbox 1415 403 1636 474; x_wconf 76' lang='grc' dir='ltr'><em>μείζονα</em></span> <span class='ocrx_word' id='word_1_8' title='bbox 1655 405 1787 474; x_wconf 81' lang='grc' dir='ltr'><em>ἡμῖν</em></span> <span class='ocrx_word' id='word_1_9' title='bbox 1809 405 1984 457; x_wconf 88' lang='grc' dir='ltr'><em>κεῖται</em></span> 
     </span>
    </p>
   </div>
   <div class='ocr_carea' id='block_1_3' title="bbox 415 493 1988 564">
    <p class='ocr_par' dir='ltr' id='par_1_3' title="bbox 415 493 1988 564">
     <span class='ocr_line' id='line_1_3' title="bbox 415 493 1988 564; baseline 0.002 -19"><span class='ocrx_word' id='word_1_10' title='bbox 415 495 486 546; x_wconf 75' lang='grc' dir='ltr'><em>τά</em></span> <span class='ocrx_word' id='word_1_11' title='bbox 518 493 838 564; x_wconf 83' lang='grc' dir='ltr'><em>σκάμματα,</em></span> <span class='ocrx_word' id='word_1_12' title='bbox 866 494 1094 548; x_wconf 81' lang='grc' dir='ltr'><em>ἄκουσον</em></span> <span class='ocrx_word' id='word_1_13' title='bbox 1125 493 1219 548; x_wconf 90' lang='grc' dir='ltr'><em>τοῦ</em></span> <span class='ocrx_word' id='word_1_14' title='bbox 1253 495 1488 564; x_wconf 78' lang='grc' dir='ltr'><em>Χριστοῦ</em></span> <span class='ocrx_word' id='word_1_15' title='bbox 1525 493 1800 564; x_wconf 84' lang='grc' dir='ltr'><em>λέγοντος·</em></span> <span class='ocrx_word' id='word_1_16' title='bbox 1847 495 1988 550; x_wconf 82' lang='grc' dir='ltr'><em>Ἐὰν</em></span> 
     </span>
    </p>
   </div>
   <div class='ocr_carea' id='block_1_4' title="bbox 413 583 1988 656">
    <p class='ocr_par' dir='ltr' id='par_1_4' title="bbox 413 583 1988 656">
     <span class='ocr_line' id='line_1_4' title="bbox 413 583 1988 656; baseline 0 -18"><span class='ocrx_word' id='word_1_17' title='bbox 413 583 499 654; x_wconf 79' lang='grc' dir='ltr'><em>μὴ</em></span> <span class='ocrx_word' id='word_1_18' title='bbox 546 586 916 656; x_wconf 79' lang='grc' dir='ltr'><em>περισσεύσῃ</em></span> <span class='ocrx_word' id='word_1_19' title='bbox 965 586 1003 652; x_wconf 82' lang='grc' dir='ltr'><strong><em>ή</em></strong></span> <span class='ocrx_word' id='word_1_20' title='bbox 1036 584 1385 653; x_wconf 83' lang='grc' dir='ltr'><em>δικαιοσύνη</em></span> <span class='ocrx_word' id='word_1_21' title='bbox 1433 583 1602 655; x_wconf 81' lang='grc' dir='ltr'><em>ὑμῶν</em></span> <span class='ocrx_word' id='word_1_22' title='bbox 1635 585 1826 640; x_wconf 80' lang='grc' dir='ltr'><em>πλέον</em></span> <span class='ocrx_word' id='word_1_23' title='bbox 1854 585 1988 656; x_wconf 75' lang='grc' dir='ltr'><em>[τῶν</em></span> 
     </span>
    </p>
   </div>
   <div class='ocr_carea' id='block_1_5' title="bbox 417 676 1986 748">
    <p class='ocr_par' dir='ltr' id='par_1_5' title="bbox 417 676 1986 748">
     <span class='ocr_line' id='line_1_5' title="bbox 417 676 1986 748; baseline -0.001 -18"><span class='ocrx_word' id='word_1_24' title='bbox 417 677 798 748; x_wconf 55' lang='grc' dir='ltr'><em>γραμματέων</em></span> <span class='ocrx_word' id='word_1_25' title='bbox 831 677 928 730; x_wconf 79' lang='grc' dir='ltr'><em>καί</em></span> <span class='ocrx_word' id='word_1_26' title='bbox 949 677 1300 744; x_wconf 81' lang='grc' dir='ltr'><em>Φαρισαίων,</em></span> <span class='ocrx_word' id='word_1_27' title='bbox 1335 678 1407 730; x_wconf 86' lang='grc' dir='ltr'><em>οὐ</em></span> <span class='ocrx_word' id='word_1_28' title='bbox 1435 676 1520 745; x_wconf 73' lang='grc' dir='ltr'><em>μὴ</em></span> <span class='ocrx_word' id='word_1_29' title='bbox 1548 676 1855 744; x_wconf 76' lang='grc' dir='ltr'><em>εἰσέλθητε</em></span> <span class='ocrx_word' id='word_1_30' title='bbox 1898 678 1986 742; x_wconf 86' lang='grc' dir='ltr'><em>είς</em></span> 
     </span>
    </p>
   </div>
   <div class='ocr_carea' id='block_1_6' title="bbox 417 766 1987 841">
    <p class='ocr_par' dir='ltr' id='par_1_6' title="bbox 417 766 1987 841">
     <span class='ocr_line' id='line_1_6' title="bbox 417 766 1987 841; baseline -0.003 -18"><span class='ocrx_word' id='word_1_31' title='bbox 417 768 531 839; x_wconf 76' lang='grc' dir='ltr'><em>τὴν</em></span> <span class='ocrx_word' id='word_1_32' title='bbox 563 769 715 841; x_wconf 65' lang='grc'><em>[574]</em></span> <span class='ocrx_word' id='word_1_33' title='bbox 745 769 1074 832; x_wconf 80' lang='grc' dir='ltr'><em>βασιλείαν</em></span> <span class='ocrx_word' id='word_1_34' title='bbox 1103 767 1224 822; x_wconf 84' lang='grc' dir='ltr'><em>τῶν</em></span> <span class='ocrx_word' id='word_1_35' title='bbox 1277 767 1564 836; x_wconf 79' lang='grc' dir='ltr'><em>οὐρανῶν.</em></span> <span class='ocrx_word' id='word_1_36' title='bbox 1597 766 1688 839; x_wconf 85' lang='grc' dir='ltr'><em>Μὴ</em></span> <span class='ocrx_word' id='word_1_37' title='bbox 1716 767 1895 820; x_wconf 77' lang='grc' dir='ltr'><em>τοίνυν</em></span> <span class='ocrx_word' id='word_1_38' title='bbox 1927 767 1987 819; x_wconf 77' lang='grc' dir='ltr'><em>τὸ</em></span> 
     </span>
    </p>
   </div>
   <div class='ocr_carea' id='block_1_7' title="bbox 416 859 1990 932">
    <p class='ocr_par' dir='ltr' id='par_1_7' title="bbox 416 859 1990 932">
     <span class='ocr_line' id='line_1_7' title="bbox 416 859 1990 932; baseline -0.001 -17"><span class='ocrx_word' id='word_1_39' title='bbox 416 861 666 932; x_wconf 72' lang='grc' dir='ltr'><em>εὔχεσθαι</em></span> <span class='ocrx_word' id='word_1_40' title='bbox 687 860 778 913; x_wconf 86' lang='grc' dir='ltr'><em>νῦν</em></span> <span class='ocrx_word' id='word_1_41' title='bbox 794 860 890 932; x_wconf 79' lang='grc' dir='ltr'><em>τὴν</em></span> <span class='ocrx_word' id='word_1_42' title='bbox 906 859 1177 928; x_wconf 81' lang='grc' dir='ltr'><em>τελευτὴν,</em></span> <span class='ocrx_word' id='word_1_43' title='bbox 1199 860 1536 931; x_wconf 81' lang='grc' dir='ltr'><em>ἀπηλλάχθαι</em></span> <span class='ocrx_word' id='word_1_44' title='bbox 1551 861 1716 932; x_wconf 84' lang='grc' dir='ltr'><em>ἐγκλή</em></span> <span class='ocrx_word' id='word_1_45' title='bbox 1726 877 1890 931; x_wconf 82' lang='grc' dir='ltr'><em>ματος</em></span> <span class='ocrx_word' id='word_1_46' title='bbox 1908 861 1990 914; x_wconf 87' lang='grc' dir='ltr'><em>νό-</em></span> 
     </span>
    </p>
   </div>
   <div class='ocr_carea' id='block_1_8' title="bbox 417 952 1982 1025">
    <p class='ocr_par' dir='ltr' id='par_1_8' title="bbox 417 952 1982 1025">
     <span class='ocr_line' id='line_1_8' title="bbox 417 952 1982 1025; baseline -0.001 -18"><span class='ocrx_word' id='word_1_47' title='bbox 417 954 562 1025; x_wconf 77' lang='grc' dir='ltr'><em>μιζε,</em></span> <span class='ocrx_word' id='word_1_48' title='bbox 594 953 710 1007; x_wconf 80' lang='grc' dir='ltr'><em>ἀλλ’</em></span> <span class='ocrx_word' id='word_1_49' title='bbox 727 954 886 1008; x_wconf 78' lang='grc' dir='ltr'><em>ἄκουε</em></span> <span class='ocrx_word' id='word_1_50' title='bbox 911 953 1009 1024; x_wconf 91' lang='grc' dir='ltr'><em>τῆς</em></span> <span class='ocrx_word' id='word_1_51' title='bbox 1033 953 1126 1007; x_wconf 92' lang='grc' dir='ltr'><em>τοῦ</em></span> <span class='ocrx_word' id='word_1_52' title='bbox 1145 953 1354 1008; x_wconf 82' lang='grc' dir='ltr'><em>Παύλου</em></span> <span class='ocrx_word' id='word_1_53' title='bbox 1379 955 1559 1024; x_wconf 88' lang='grc' dir='ltr'><em>φωνῆς</em></span> <span class='ocrx_word' id='word_1_54' title='bbox 1573 953 1672 1024; x_wconf 89' lang='grc' dir='ltr'><em>τῆς</em></span> <span class='ocrx_word' id='word_1_55' title='bbox 1690 952 1982 1023; x_wconf 80' lang='grc' dir='ltr'><em>λεγούσης·</em></span> 
     </span>
    </p>
   </div>
   <div class='ocr_carea' id='block_1_9' title="bbox 421 1041 1988 1114">
    <p class='ocr_par' dir='ltr' id='par_1_9' title="bbox 421 1041 1988 1114">
     <span class='ocr_line' id='line_1_9' title="bbox 421 1041 1988 1114; baseline -0.001 -14"><span class='ocrx_word' id='word_1_56' title='bbox 421 1046 493 1100; x_wconf 83' lang='grc' dir='ltr'><em>Τὸ</em></span> <span class='ocrx_word' id='word_1_57' title='bbox 517 1045 818 1100; x_wconf 76' lang='grc' dir='ltr'><em>ἀναλῦσαι</em></span> <span class='ocrx_word' id='word_1_58' title='bbox 843 1045 938 1100; x_wconf 77' lang='grc' dir='ltr'><em>καί</em></span> <span class='ocrx_word' id='word_1_59' title='bbox 960 1045 1081 1100; x_wconf 81' lang='grc' dir='ltr'><em>σὺν</em></span> <span class='ocrx_word' id='word_1_60' title='bbox 1098 1043 1328 1114; x_wconf 83' lang='grc' dir='ltr'><em>Χριστῷ</em></span> <span class='ocrx_word' id='word_1_61' title='bbox 1354 1041 1504 1100; x_wconf 74' lang='grc' dir='ltr'><em>εἶναι</em></span> <span class='ocrx_word' id='word_1_62' title='bbox 1526 1045 1734 1110; x_wconf 69' lang='grc' dir='ltr'><em>πολλῷ</em></span> <span class='ocrx_word' id='word_1_63' title='bbox 1747 1044 1988 1114; x_wconf 76' lang='grc' dir='ltr'><em>μᾶλλον</em></span> 
     </span>
    </p>
   </div>
   <div class='ocr_carea' id='block_1_10' title="bbox 415 1136 1984 1207">
    <p class='ocr_par' dir='ltr' id='par_1_10' title="bbox 415 1136 1984 1207">
     <span class='ocr_line' id='line_1_10' title="bbox 415 1136 1984 1207; baseline -0.001 -15"><span class='ocrx_word' id='word_1_64' title='bbox 415 1139 725 1207; x_wconf 86' lang='grc' dir='ltr'><em>κρεῖσσον,</em></span> <span class='ocrx_word' id='word_1_65' title='bbox 760 1138 822 1191; x_wconf 84' lang='grc' dir='ltr'><em>τὸ</em></span> <span class='ocrx_word' id='word_1_66' title='bbox 858 1137 926 1191; x_wconf 83' lang='grc' dir='ltr'><em>δὲ</em></span> <span class='ocrx_word' id='word_1_67' title='bbox 953 1137 1245 1206; x_wconf 78' lang='grc' dir='ltr'><em>ἐπιμεῖναι</em></span> <span class='ocrx_word' id='word_1_68' title='bbox 1272 1136 1349 1205; x_wconf 77' lang='grc' dir='ltr'><em>τῇ</em></span> <span class='ocrx_word' id='word_1_69' title='bbox 1385 1137 1564 1206; x_wconf 75' lang='grc' dir='ltr'><em>σαρκί</em></span> <span class='ocrx_word' id='word_1_70' title='bbox 1600 1137 1984 1206; x_wconf 71' lang='grc' dir='ltr'><em>ἀναγκαιότε-</em></span> 
     </span>
    </p>
   </div>
   <div class='ocr_carea' id='block_1_11' title="bbox 409 1227 1985 1301">
    <p class='ocr_par' dir='ltr' id='par_1_11' title="bbox 409 1227 1985 1301">
     <span class='ocr_line' id='line_1_11' title="bbox 409 1227 1985 1301; baseline -0.003 -17"><span class='ocrx_word' id='word_1_71' title='bbox 409 1249 523 1300; x_wconf 88' lang='grc' dir='ltr'><em>ρον</em></span> <span class='ocrx_word' id='word_1_72' title='bbox 540 1231 612 1283; x_wconf 83' lang='grc' dir='ltr'><em>δι’</em></span> <span class='ocrx_word' id='word_1_73' title='bbox 644 1229 817 1298; x_wconf 82' lang='grc' dir='ltr'><em>ὑμᾶς.</em></span> <span class='ocrx_word' id='word_1_74' title='bbox 849 1229 1002 1300; x_wconf 87' lang='grc' dir='ltr'><em>Ὀσῳ</em></span> <span class='ocrx_word' id='word_1_75' title='bbox 1033 1230 1140 1301; x_wconf 74' lang='grc' dir='ltr'><em>γὰρ</em></span> <span class='ocrx_word' id='word_1_76' title='bbox 1175 1230 1240 1283; x_wconf 80' lang='grc' dir='ltr'><em>ἂν</em></span> <span class='ocrx_word' id='word_1_77' title='bbox 1278 1229 1606 1301; x_wconf 89' lang='grc' dir='ltr'><em>ἐπιτείνηται</em></span> <span class='ocrx_word' id='word_1_78' title='bbox 1651 1228 1720 1282; x_wconf 73' lang='grc' dir='ltr'><em>τὰ</em></span> <span class='ocrx_word' id='word_1_79' title='bbox 1745 1229 1844 1299; x_wconf 87' lang='grc' dir='ltr'><em>τῆς</em></span> <span class='ocrx_word' id='word_1_80' title='bbox 1876 1227 1985 1280; x_wconf 53' lang='grc' dir='ltr'><em>θλίκ-</em></span> 
     </span>
    </p>
   </div>
   <div class='ocr_carea' id='block_1_12' title="bbox 413 1319 1987 1391">
    <p class='ocr_par' dir='ltr' id='par_1_12' title="bbox 413 1319 1987 1391">
     <span class='ocr_line' id='line_1_12' title="bbox 413 1319 1987 1391; baseline -0.003 -16"><span class='ocrx_word' id='word_1_81' title='bbox 413 1322 582 1391; x_wconf 72' lang='grc' dir='ltr'><em>ψεως,</em></span> <span class='ocrx_word' id='word_1_82' title='bbox 609 1321 844 1388; x_wconf 83' lang='grc' dir='ltr'><em>τοσούτῳ</em></span> <span class='ocrx_word' id='word_1_83' title='bbox 873 1320 1153 1383; x_wconf 77' lang='grc' dir='ltr'><em>πλεονάζει</em></span> <span class='ocrx_word' id='word_1_84' title='bbox 1181 1322 1275 1375; x_wconf 62' lang='grc' dir='ltr'><em>καὶ</em></span> <span class='ocrx_word' id='word_1_85' title='bbox 1307 1320 1374 1374; x_wconf 70' lang='grc' dir='ltr'><em>τὰ</em></span> <span class='ocrx_word' id='word_1_86' title='bbox 1401 1319 1508 1373; x_wconf 88' lang='grc' dir='ltr'><em>τῶν</em></span> <span class='ocrx_word' id='word_1_87' title='bbox 1539 1321 1816 1390; x_wconf 86' lang='grc' dir='ltr'><em>στεφάνων</em></span> <span class='ocrx_word' id='word_1_88' title='bbox 1839 1335 1851 1348; x_wconf 89' lang='grc'><strong>·</strong></span> <span class='ocrx_word' id='word_1_89' title='bbox 1877 1319 1987 1389; x_wconf 80' lang='grc' dir='ltr'><em>ὅσῳ</em></span> 
     </span>
    </p>
   </div>
   <div class='ocr_carea' id='block_1_13' title="bbox 417 1410 1983 1484">
    <p class='ocr_par' dir='ltr' id='par_1_13' title="bbox 417 1410 1983 1484">
     <span class='ocr_line' id='line_1_13' title="bbox 417 1410 1983 1484; baseline -0.003 -17"><span class='ocrx_word' id='word_1_90' title='bbox 417 1413 484 1467; x_wconf 84' lang='grc' dir='ltr'><em>ἂν</em></span> <span class='ocrx_word' id='word_1_91' title='bbox 516 1432 586 1467; x_wconf 84' lang='grc' dir='ltr'><em>πυ</em></span> <span class='ocrx_word' id='word_1_92' title='bbox 597 1412 740 1484; x_wconf 84' lang='grc' dir='ltr'><em>ρωθῇ</em></span> <span class='ocrx_word' id='word_1_93' title='bbox 768 1413 828 1466; x_wconf 81' lang='grc' dir='ltr'><em>τὸ</em></span> <span class='ocrx_word' id='word_1_94' title='bbox 855 1413 1094 1484; x_wconf 88' lang='grc' dir='ltr'><em>χρυσίον,</em></span> <span class='ocrx_word' id='word_1_95' title='bbox 1115 1412 1351 1484; x_wconf 88' lang='grc' dir='ltr'><em>τοσούτῳ</em></span> <span class='ocrx_word' id='word_1_96' title='bbox 1375 1412 1734 1484; x_wconf 89' lang='grc' dir='ltr'><em>καθαρότερον</em></span> <span class='ocrx_word' id='word_1_97' title='bbox 1754 1410 1983 1480; x_wconf 86' lang='grc' dir='ltr'><em>γίνεται·</em></span> 
     </span>
    </p>
   </div>
   <div class='ocr_carea' id='block_1_14' title="bbox 416 1503 1986 1576">
    <p class='ocr_par' dir='ltr' id='par_1_14' title="bbox 416 1503 1986 1576">
     <span class='ocr_line' id='line_1_14' title="bbox 416 1503 1986 1576; baseline -0.001 -20"><span class='ocrx_word' id='word_1_98' title='bbox 416 1505 526 1573; x_wconf 83' lang='grc' dir='ltr'><em>ὅσῳ</em></span> <span class='ocrx_word' id='word_1_99' title='bbox 560 1504 892 1575; x_wconf 85' lang='grc' dir='ltr'><em>μακρότερον</em></span> <span class='ocrx_word' id='word_1_100' title='bbox 913 1504 978 1558; x_wconf 86' lang='grc' dir='ltr'><em>ἂν</em></span> <span class='ocrx_word' id='word_1_101' title='bbox 1000 1503 1204 1576; x_wconf 78' lang='grc' dir='ltr'>πλεύσῃ</span> <span class='ocrx_word' id='word_1_102' title='bbox 1230 1505 1461 1572; x_wconf 87' lang='grc' dir='ltr'><em>πέλαγος</em></span> <span class='ocrx_word' id='word_1_103' title='bbox 1477 1503 1736 1575; x_wconf 75' lang='grc' dir='ltr'><em>ἔμπορος,</em></span> <span class='ocrx_word' id='word_1_104' title='bbox 1751 1504 1986 1574; x_wconf 85' lang='grc' dir='ltr'><em>τοσούτῳ</em></span> 
     </span>
    </p>
   </div>
   <div class='ocr_carea' id='block_1_15' title="bbox 419 1594 1987 1668">
    <p class='ocr_par' dir='ltr' id='par_1_15' title="bbox 419 1594 1987 1668">
     <span class='ocr_line' id='line_1_15' title="bbox 419 1594 1987 1668; baseline 0.001 -21"><span class='ocrx_word' id='word_1_105' title='bbox 419 1594 636 1648; x_wconf 77' lang='grc' dir='ltr'><em>πλείονα</em></span> <span class='ocrx_word' id='word_1_106' title='bbox 667 1595 888 1663; x_wconf 79' lang='grc' dir='ltr'><em>συνάγει</em></span> <span class='ocrx_word' id='word_1_107' title='bbox 909 1594 977 1648; x_wconf 76' lang='grc' dir='ltr'><em>τὰ</em></span> <span class='ocrx_word' id='word_1_108' title='bbox 998 1596 1208 1666; x_wconf 81' lang='grc' dir='ltr'><em>φορτία.</em></span> <span class='ocrx_word' id='word_1_109' title='bbox 1234 1595 1319 1667; x_wconf 80' lang='grc' dir='ltr'><em>Μὴ</em></span> <span class='ocrx_word' id='word_1_110' title='bbox 1338 1596 1516 1649; x_wconf 91' lang='grc' dir='ltr'><em>τοίνυν</em></span> <span class='ocrx_word' id='word_1_111' title='bbox 1535 1596 1762 1668; x_wconf 75' lang='grc' dir='ltr'><em>νομίσῃς</em></span> <span class='ocrx_word' id='word_1_112' title='bbox 1793 1596 1987 1666; x_wconf 82' lang='grc' dir='ltr'><em>μικρόν</em></span> 
     </span>
    </p>
   </div>
   <div class='ocr_carea' id='block_1_16' title="bbox 419 1681 1986 1758">
    <p class='ocr_par' dir='ltr' id='par_1_16' title="bbox 419 1681 1986 1758">
     <span class='ocr_line' id='line_1_16' title="bbox 419 1681 1986 1758; baseline 0.001 -21"><span class='ocrx_word' id='word_1_113' title='bbox 419 1703 502 1739; x_wconf 90' lang='grc' dir='ltr'><em>σοι</em></span> <span class='ocrx_word' id='word_1_114' title='bbox 533 1685 850 1755; x_wconf 86' lang='grc' dir='ltr'><em>προκεῖσθαι</em></span> <span class='ocrx_word' id='word_1_115' title='bbox 871 1685 964 1739; x_wconf 88' lang='grc' dir='ltr'><em>νῦν</em></span> <span class='ocrx_word' id='word_1_116' title='bbox 983 1683 1164 1750; x_wconf 86' lang='grc' dir='ltr'><em>ἆθλον,</em></span> <span class='ocrx_word' id='word_1_117' title='bbox 1193 1687 1326 1740; x_wconf 87' lang='grc' dir='ltr'><em>ἀλλά</em></span> <span class='ocrx_word' id='word_1_118' title='bbox 1355 1687 1570 1742; x_wconf 90' lang='grc' dir='ltr'><em>πάντων</em></span> <span class='ocrx_word' id='word_1_119' title='bbox 1599 1681 1674 1742; x_wconf 84' lang='grc' dir='ltr'><em>ὧν</em></span> <span class='ocrx_word' id='word_1_120' title='bbox 1703 1685 1986 1758; x_wconf 82' lang='grc' dir='ltr'><em>ὑπομεμέ-</em></span> 
     </span>
    </p>
   </div>
   <div class='ocr_carea' id='block_1_17' title="bbox 421 1777 1986 1851">
    <p class='ocr_par' dir='ltr' id='par_1_17' title="bbox 421 1777 1986 1851">
     <span class='ocr_line' id='line_1_17' title="bbox 421 1777 1986 1851; baseline 0.001 -21"><span class='ocrx_word' id='word_1_121' title='bbox 421 1794 588 1847; x_wconf 86' lang='grc' dir='ltr'><em>νηκας</em></span> <span class='ocrx_word' id='word_1_122' title='bbox 624 1778 714 1831; x_wconf 75' lang='grc' dir='ltr'><em>τὸν</em></span> <span class='ocrx_word' id='word_1_123' title='bbox 750 1777 1098 1851; x_wconf 69' lang='grc' dir='ltr'><em>ὑψηλότερον,</em></span> <span class='ocrx_word' id='word_1_124' title='bbox 1131 1779 1220 1834; x_wconf 77' lang='grc' dir='ltr'><em>τὸν</em></span> <span class='ocrx_word' id='word_1_125' title='bbox 1248 1781 1340 1834; x_wconf 71' lang='grc' dir='ltr'><em>ἐπὶ</em></span> <span class='ocrx_word' id='word_1_126' title='bbox 1378 1783 1444 1850; x_wconf 81' lang='grc' dir='ltr'><em>τῇ</em></span> <span class='ocrx_word' id='word_1_127' title='bbox 1479 1781 1572 1834; x_wconf 89' lang='grc' dir='ltr'><em>τοῦ</em></span> <span class='ocrx_word' id='word_1_128' title='bbox 1613 1779 1862 1850; x_wconf 83' lang='grc' dir='ltr'><em>σώματος</em></span> <span class='ocrx_word' id='word_1_129' title='bbox 1885 1780 1986 1850; x_wconf 77' lang='grc' dir='ltr'><em>ἀρ-</em></span> 
     </span>
    </p>
   </div>
   <div class='ocr_carea' id='block_1_18' title="bbox 421 1867 1989 1943">
    <p class='ocr_par' dir='ltr' id='par_1_18' title="bbox 421 1867 1989 1943">
     <span class='ocr_line' id='line_1_18' title="bbox 421 1867 1989 1943; baseline 0.002 -23"><span class='ocrx_word' id='word_1_130' title='bbox 421 1868 624 1940; x_wconf 71' lang='grc' dir='ltr'><em>ρωστίᾳ</em></span> <span class='ocrx_word' id='word_1_131' title='bbox 661 1867 822 1938; x_wconf 78' lang='grc' dir='ltr'><em>λέγω.</em></span> <span class='ocrx_word' id='word_1_132' title='bbox 869 1871 975 1923; x_wconf 77' lang='grc' dir='ltr'><em>Καὶ</em></span> <span class='ocrx_word' id='word_1_133' title='bbox 1017 1869 1124 1943; x_wconf 85' lang='grc' dir='ltr'><em>γὰρ</em></span> <span class='ocrx_word' id='word_1_134' title='bbox 1153 1871 1245 1924; x_wconf 72' lang='grc' dir='ltr'><em>καὶ</em></span> <span class='ocrx_word' id='word_1_135' title='bbox 1276 1871 1352 1942; x_wconf 77' lang='grc' dir='ltr'><em>τῷ</em></span> <span class='ocrx_word' id='word_1_136' title='bbox 1388 1870 1623 1941; x_wconf 82' lang='grc' dir='ltr'><em>Λαζάρῳ</em></span> <span class='ocrx_word' id='word_1_137' title='bbox 1652 1869 1733 1939; x_wconf 89' lang='grc' dir='ltr'><em>(εί</em></span> <span class='ocrx_word' id='word_1_138' title='bbox 1763 1869 1872 1941; x_wconf 88' lang='grc' dir='ltr'><em>γὰρ</em></span> <span class='ocrx_word' id='word_1_139' title='bbox 1893 1871 1989 1924; x_wconf 73' lang='grc' dir='ltr'><em>καὶ</em></span> 
     </span>
    </p>
   </div>
   <div class='ocr_carea' id='block_1_19' title="bbox 419 1960 1988 2034">
    <p class='ocr_par' dir='ltr' id='par_1_19' title="bbox 419 1960 1988 2034">
     <span class='ocr_line' id='line_1_19' title="bbox 419 1960 1988 2034; baseline 0.001 -22"><span class='ocrx_word' id='word_1_140' title='bbox 419 1961 678 2024; x_wconf 78' lang='grc' dir='ltr'><em>πολλάκις</em></span> <span class='ocrx_word' id='word_1_141' title='bbox 700 1960 858 2014; x_wconf 85' lang='grc' dir='ltr'><em>τοῦτο</em></span> <span class='ocrx_word' id='word_1_142' title='bbox 885 1961 1081 2034; x_wconf 73' lang='grc' dir='ltr'><em>εἴρηκα</em></span> <span class='ocrx_word' id='word_1_143' title='bbox 1109 1963 1244 2034; x_wconf 80' lang='grc' dir='ltr'><em>πρὸς</em></span> <span class='ocrx_word' id='word_1_144' title='bbox 1271 1963 1350 2026; x_wconf 82' lang='grc' dir='ltr'><em>σὲ,</em></span> <span class='ocrx_word' id='word_1_145' title='bbox 1379 1963 1531 2016; x_wconf 80' lang='grc' dir='ltr'><em>οὐδὲν</em></span> <span class='ocrx_word' id='word_1_146' title='bbox 1559 1962 1755 2016; x_wconf 79' lang='grc' dir='ltr'><em>κωλύει</em></span> <span class='ocrx_word' id='word_1_147' title='bbox 1784 1961 1877 2015; x_wconf 79' lang='grc' dir='ltr'><em>καὶ</em></span> <span class='ocrx_word' id='word_1_148' title='bbox 1895 1961 1988 2014; x_wconf 88' lang='grc' dir='ltr'><em>νῦν</em></span> 
     </span>
    </p>
   </div>
   <div class='ocr_carea' id='block_1_20' title="bbox 418 2051 1989 2125">
    <p class='ocr_par' dir='ltr' id='par_1_20' title="bbox 418 2051 1989 2125">
     <span class='ocr_line' id='line_1_20' title="bbox 418 2051 1989 2125; baseline 0 -21"><span class='ocrx_word' id='word_1_149' title='bbox 418 2052 630 2123; x_wconf 73' lang='grc' dir='ltr'><em>εἰπεῖν)</em></span> <span class='ocrx_word' id='word_1_150' title='bbox 663 2054 862 2124; x_wconf 70' lang='grc' dir='ltr'><em>ἤρκεσε</em></span> <span class='ocrx_word' id='word_1_151' title='bbox 916 2053 1072 2107; x_wconf 87' lang='grc' dir='ltr'><em>τοῦτο</em></span> <span class='ocrx_word' id='word_1_152' title='bbox 1103 2055 1182 2117; x_wconf 84' lang='grc' dir='ltr'><em>είς</em></span> <span class='ocrx_word' id='word_1_153' title='bbox 1219 2055 1486 2125; x_wconf 85' lang='grc' dir='ltr'><em>σωτηρίαν</em></span> <span class='ocrx_word' id='word_1_154' title='bbox 1510 2071 1522 2084; x_wconf 88' lang='grc'><strong>·</strong></span> <span class='ocrx_word' id='word_1_155' title='bbox 1555 2052 1766 2108; x_wconf 78' lang='grc' dir='ltr'><em>καὶτοῦ</em></span> <span class='ocrx_word' id='word_1_156' title='bbox 1808 2051 1989 2123; x_wconf 79' lang='grc' dir='ltr'><em>κοινὴν</em></span> 
     </span>
    </p>
   </div>
   <div class='ocr_carea' id='block_1_21' title="bbox 419 2142 1989 2216">
    <p class='ocr_par' dir='ltr' id='par_1_21' title="bbox 419 2142 1989 2216">
     <span class='ocr_line' id='line_1_21' title="bbox 419 2142 1989 2216; baseline 0.001 -22"><span class='ocrx_word' id='word_1_157' title='bbox 419 2142 518 2212; x_wconf 80' lang='grc' dir='ltr'><em>τὴν</em></span> <span class='ocrx_word' id='word_1_158' title='bbox 543 2143 715 2197; x_wconf 88' lang='grc' dir='ltr'><em>οίκίαν</em></span> <span class='ocrx_word' id='word_1_159' title='bbox 743 2147 854 2208; x_wconf 87' lang='grc' dir='ltr'><em>τοῖς</em></span> <span class='ocrx_word' id='word_1_160' title='bbox 882 2144 1136 2216; x_wconf 78' lang='grc' dir='ltr'><em>παριοῦσι</em></span> <span class='ocrx_word' id='word_1_161' title='bbox 1163 2144 1514 2214; x_wconf 83' lang='grc' dir='ltr'><em>κεκτημένου,</em></span> <span class='ocrx_word' id='word_1_162' title='bbox 1537 2145 1630 2198; x_wconf 79' lang='grc' dir='ltr'><em>καὶ</em></span> <span class='ocrx_word' id='word_1_163' title='bbox 1655 2145 1989 2216; x_wconf 89' lang='grc' dir='ltr'><em>μετανάστου</em></span> 
     </span>
    </p>
   </div>
   <div class='ocr_carea' id='block_1_22' title="bbox 423 2235 1990 2307">
    <p class='ocr_par' dir='ltr' id='par_1_22' title="bbox 423 2235 1990 2307">
     <span class='ocr_line' id='line_1_22' title="bbox 423 2235 1990 2307; baseline -0.001 -19"><span class='ocrx_word' id='word_1_164' title='bbox 423 2236 659 2306; x_wconf 86' lang='grc' dir='ltr'><em>συνεχῶς</em></span> <span class='ocrx_word' id='word_1_165' title='bbox 691 2237 974 2306; x_wconf 78' lang='grc' dir='ltr'><em>γινομένω</em></span> <span class='ocrx_word' id='word_1_166' title='bbox 1006 2237 1094 2290; x_wconf 81' lang='grc' dir='ltr'><em>διὰ</em></span> <span class='ocrx_word' id='word_1_167' title='bbox 1119 2235 1182 2289; x_wconf 82' lang='grc' dir='ltr'><em>τὸ</em></span> <span class='ocrx_word' id='word_1_168' title='bbox 1207 2235 1301 2290; x_wconf 91' lang='grc' dir='ltr'><em>τοῦ</em></span> <span class='ocrx_word' id='word_1_169' title='bbox 1331 2235 1466 2289; x_wconf 90' lang='grc' dir='ltr'><em>Θεοῦ</em></span> <span class='ocrx_word' id='word_1_170' title='bbox 1496 2236 1823 2307; x_wconf 84' lang='grc' dir='ltr'><em>πρόσταγμα</em></span> <span class='ocrx_word' id='word_1_171' title='bbox 1845 2274 1860 2300; x_wconf 94' lang='grc'><em>,</em></span> <span class='ocrx_word' id='word_1_172' title='bbox 1895 2235 1990 2290; x_wconf 77' lang='grc' dir='ltr'><em>καὶ</em></span> 
     </span>
    </p>
   </div>
   <div class='ocr_carea' id='block_1_23' title="bbox 423 2327 1988 2398">
    <p class='ocr_par' dir='ltr' id='par_1_23' title="bbox 423 2327 1988 2398">
     <span class='ocr_line' id='line_1_23' title="bbox 423 2327 1988 2398; baseline -0.001 -18"><span class='ocrx_word' id='word_1_173' title='bbox 423 2327 510 2380; x_wconf 75' lang='grc' dir='ltr'><em>τὸν</em></span> <span class='ocrx_word' id='word_1_174' title='bbox 535 2329 648 2380; x_wconf 83' lang='grc' dir='ltr'><em>υἱὸν</em></span> <span class='ocrx_word' id='word_1_175' title='bbox 679 2328 1120 2398; x_wconf 61' lang='grc' dir='ltr'><em>κατασφάξαντπ</em></span> <span class='ocrx_word' id='word_1_176' title='bbox 1145 2327 1235 2382; x_wconf 82' lang='grc' dir='ltr'><em>τὸν</em></span> <span class='ocrx_word' id='word_1_177' title='bbox 1287 2328 1526 2398; x_wconf 84' lang='grc' dir='ltr'><em>γνήσιον,</em></span> <span class='ocrx_word' id='word_1_178' title='bbox 1583 2329 1672 2381; x_wconf 80' lang='grc' dir='ltr'><em>τὸν</em></span> <span class='ocrx_word' id='word_1_179' title='bbox 1703 2327 1988 2398; x_wconf 80' lang='grc' dir='ltr'><em>μονογενῆ,</em></span> 
     </span>
    </p>
   </div>
   <div class='ocr_carea' id='block_1_24' title="bbox 420 2419 1991 2492">
    <p class='ocr_par' dir='ltr' id='par_1_24' title="bbox 420 2419 1991 2492">
     <span class='ocr_line' id='line_1_24' title="bbox 420 2419 1991 2492; baseline 0 -20"><span class='ocrx_word' id='word_1_180' title='bbox 420 2421 511 2472; x_wconf 78' lang='grc' dir='ltr'><em>τὸν</em></span> <span class='ocrx_word' id='word_1_181' title='bbox 534 2421 590 2472; x_wconf 91' lang='grc' dir='ltr'><em>ἐν</em></span> <span class='ocrx_word' id='word_1_182' title='bbox 613 2421 823 2490; x_wconf 81' lang='grc' dir='ltr'><em>ἐσχάτῳ</em></span> <span class='ocrx_word' id='word_1_183' title='bbox 845 2421 915 2490; x_wconf 82' lang='grc' dir='ltr'><em>γή</em></span> <span class='ocrx_word' id='word_1_184' title='bbox 925 2438 991 2491; x_wconf 76' lang='grc' dir='ltr'><em>ρα</em></span> <span class='ocrx_word' id='word_1_185' title='bbox 1005 2419 1247 2486; x_wconf 83' lang='grc' dir='ltr'><em>δοθέντα,</em></span> <span class='ocrx_word' id='word_1_186' title='bbox 1280 2423 1309 2476; x_wconf 83' lang='grc' dir='ltr'><em>ό</em></span> <span class='ocrx_word' id='word_1_187' title='bbox 1343 2422 1506 2492; x_wconf 88' lang='grc' dir='ltr'><em>μηδὲν</em></span> <span class='ocrx_word' id='word_1_188' title='bbox 1530 2421 1736 2474; x_wconf 89' lang='grc' dir='ltr'><em>τούτων</em></span> <span class='ocrx_word' id='word_1_189' title='bbox 1762 2437 1991 2489; x_wconf 86' lang='grc' dir='ltr'><em>πεποιη-</em></span> 
     </span>
    </p>
   </div>
   <div class='ocr_carea' id='block_1_25' title="bbox 422 2509 1991 2584">
    <p class='ocr_par' dir='ltr' id='par_1_25' title="bbox 422 2509 1991 2584">
     <span class='ocr_line' id='line_1_25' title="bbox 422 2509 1991 2584; baseline -0.001 -20"><span class='ocrx_word' id='word_1_190' title='bbox 422 2509 532 2574; x_wconf 77' lang='grc' dir='ltr'><em>κὼς</em></span> <span class='ocrx_word' id='word_1_191' title='bbox 561 2512 638 2575; x_wconf 87' lang='grc' dir='ltr'><em>είς</em></span> <span class='ocrx_word' id='word_1_192' title='bbox 674 2510 798 2574; x_wconf 78' lang='grc' dir='ltr'><em>τοὺς</em></span> <span class='ocrx_word' id='word_1_193' title='bbox 830 2511 1061 2574; x_wconf 84' lang='grc' dir='ltr'><em>κόλπους</em></span> <span class='ocrx_word' id='word_1_194' title='bbox 1089 2511 1275 2583; x_wconf 81' lang='grc' dir='ltr'><em>ἀπῄει,</em></span> <span class='ocrx_word' id='word_1_195' title='bbox 1305 2512 1486 2584; x_wconf 82' lang='grc' dir='ltr'><em>ἐπειδὴ</em></span> <span class='ocrx_word' id='word_1_196' title='bbox 1507 2512 1734 2584; x_wconf 69' lang='grc' dir='ltr'><em>ἤνεγκεν</em></span> <span class='ocrx_word' id='word_1_197' title='bbox 1759 2511 1991 2574; x_wconf 80' lang='grc' dir='ltr'><em>εὐκόλως</em></span> 
     </span>
    </p>
   </div>
   <div class='ocr_carea' id='block_1_26' title="bbox 421 2601 1991 2676">
    <p class='ocr_par' dir='ltr' id='par_1_26' title="bbox 421 2601 1991 2676">
     <span class='ocr_line' id='line_1_26' title="bbox 421 2601 1991 2676; baseline 0.001 -22"><span class='ocrx_word' id='word_1_198' title='bbox 421 2601 630 2667; x_wconf 85' lang='grc' dir='ltr'><em>πενίαν,</em></span> <span class='ocrx_word' id='word_1_199' title='bbox 681 2602 782 2656; x_wconf 66' lang='grc' dir='ltr'><em>καῖ’</em></span> <span class='ocrx_word' id='word_1_200' title='bbox 816 2603 1124 2675; x_wconf 71' lang='grc' dir='ltr'><em>ἀρρωστίαν</em></span> <span class='ocrx_word' id='word_1_201' title='bbox 1155 2604 1248 2657; x_wconf 78' lang='grc' dir='ltr'><em>καὶ</em></span> <span class='ocrx_word' id='word_1_202' title='bbox 1275 2603 1373 2676; x_wconf 81' lang='grc' dir='ltr'><em>τὴν</em></span> <span class='ocrx_word' id='word_1_203' title='bbox 1400 2605 1508 2658; x_wconf 85' lang='grc' dir='ltr'><em>τῶν</em></span> <span class='ocrx_word' id='word_1_204' title='bbox 1540 2603 1991 2676; x_wconf 86' lang='grc' dir='ltr'><em>προστησομένων</em></span> 
     </span>
    </p>
   </div>
   <div class='ocr_carea' id='block_1_27' title="bbox 422 2693 1992 2766">
    <p class='ocr_par' dir='ltr' id='par_1_27' title="bbox 422 2693 1992 2766">
     <span class='ocr_line' id='line_1_27' title="bbox 422 2693 1992 2766; baseline -0.002 -18"><span class='ocrx_word' id='word_1_205' title='bbox 422 2693 673 2764; x_wconf 76' lang='grc' dir='ltr'><em>ἐρημίαν.</em></span> <span class='ocrx_word' id='word_1_206' title='bbox 705 2695 966 2749; x_wconf 84' lang='grc' dir='ltr'><em>Τοσοῦτον</em></span> <span class='ocrx_word' id='word_1_207' title='bbox 995 2695 1104 2766; x_wconf 87' lang='grc' dir='ltr'><em>γάρ</em></span> <span class='ocrx_word' id='word_1_208' title='bbox 1136 2695 1284 2749; x_wconf 86' lang='grc' dir='ltr'><em>ἐστιν</em></span> <span class='ocrx_word' id='word_1_209' title='bbox 1320 2696 1522 2764; x_wconf 87' lang='grc' dir='ltr'><em>ἀγαθὸν</em></span> <span class='ocrx_word' id='word_1_210' title='bbox 1552 2696 1708 2750; x_wconf 87' lang='grc' dir='ltr'><em>τοῦτο</em></span> <span class='ocrx_word' id='word_1_211' title='bbox 1735 2698 1848 2759; x_wconf 86' lang='grc' dir='ltr'><em>τοῖς</em></span> <span class='ocrx_word' id='word_1_212' title='bbox 1871 2711 1992 2763; x_wconf 90' lang='grc' dir='ltr'><em>γεν-</em></span> 
     </span>
    </p>
   </div>
   <div class='ocr_carea' id='block_1_28' title="bbox 377 2782 1992 2864">
    <p class='ocr_par' dir='ltr' id='par_1_28' title="bbox 377 2782 1992 2864">
     <span class='ocr_line' id='line_1_28' title="bbox 377 2782 1992 2864; baseline 0.001 -29"><span class='ocrx_word' id='word_1_213' title='bbox 377 2855 386 2864; x_wconf 8' lang='grc' dir='ltr'><em>γ</em></span> <span class='ocrx_word' id='word_1_214' title='bbox 424 2782 586 2846; x_wconf 85' lang='grc' dir='ltr'><em>ναίως</em></span> <span class='ocrx_word' id='word_1_215' title='bbox 616 2783 840 2854; x_wconf 87' lang='grc' dir='ltr'><em>φέρουσί</em></span> <span class='ocrx_word' id='word_1_216' title='bbox 883 2801 955 2850; x_wconf 88' lang='grc' dir='ltr'><em>τι,</em></span> <span class='ocrx_word' id='word_1_217' title='bbox 993 2785 1076 2838; x_wconf 85' lang='grc' dir='ltr'><em>ὅτι</em></span> <span class='ocrx_word' id='word_1_218' title='bbox 1107 2784 1208 2839; x_wconf 81' lang='grc' dir='ltr'><em>κᾶν</em></span> <span class='ocrx_word' id='word_1_219' title='bbox 1251 2785 1320 2838; x_wconf 77' lang='grc' dir='ltr'><em>τὰ</em></span> <span class='ocrx_word' id='word_1_220' title='bbox 1359 2785 1589 2856; x_wconf 89' lang='grc' dir='ltr'><em>μέγιστα</em></span> <span class='ocrx_word' id='word_1_221' title='bbox 1637 2783 1992 2856; x_wconf 80' lang='grc' dir='ltr'><em>ἡμαρτηκότα</em></span> 
     </span>
    </p>
   </div>
   <div class='ocr_carea' id='block_1_29' title="bbox 423 2873 1993 2948">
    <p class='ocr_par' dir='ltr' id='par_1_29' title="bbox 423 2873 1993 2948">
     <span class='ocr_line' id='line_1_29' title="bbox 423 2873 1993 2948; baseline 0.002 -22"><span class='ocrx_word' id='word_1_222' title='bbox 423 2873 545 2927; x_wconf 82' lang='grc' dir='ltr'><em>τινὰ</em></span> <span class='ocrx_word' id='word_1_223' title='bbox 570 2873 726 2947; x_wconf 81' lang='grc' dir='ltr'><em>εὕρῃ,</em></span> <span class='ocrx_word' id='word_1_224' title='bbox 763 2875 1090 2930; x_wconf 84' lang='grc' dir='ltr'><em>ἀπαλλάττει</em></span> <span class='ocrx_word' id='word_1_225' title='bbox 1119 2876 1212 2930; x_wconf 87' lang='grc' dir='ltr'><em>τοῦ</em></span> <span class='ocrx_word' id='word_1_226' title='bbox 1248 2876 1546 2948; x_wconf 83' lang='grc' dir='ltr'><em>βαρυτάτου</em></span> <span class='ocrx_word' id='word_1_227' title='bbox 1571 2877 1680 2930; x_wconf 86' lang='grc' dir='ltr'><em>τῶν</em></span> <span class='ocrx_word' id='word_1_228' title='bbox 1707 2876 1993 2947; x_wconf 80' lang='grc' dir='ltr'><em>αμαρτιῶν</em></span> 
     </span>
    </p>
   </div>
   <div class='ocr_carea' id='block_1_30' title="bbox 327 2968 1993 3042">
    <p class='ocr_par' dir='ltr' id='par_1_30' title="bbox 327 2968 1993 3042">
     <span class='ocr_line' id='line_1_30' title="bbox 327 2968 1993 3042; baseline 0.001 -19"><span class='ocrx_word' id='word_1_229' title='bbox 327 2977 332 2982; x_wconf 87' lang='grc'><em>’</em></span> <span class='ocrx_word' id='word_1_230' title='bbox 425 2968 644 3040; x_wconf 77' lang='grc' dir='ltr'><em>φορτίου</em></span> <span class='ocrx_word' id='word_1_231' title='bbox 665 2985 680 3001; x_wconf 77' lang='grc' dir='ltr'><strong>ο</strong></span> <span class='ocrx_word' id='word_1_232' title='bbox 717 2968 821 3022; x_wconf 81' lang='grc' dir='ltr'><em>κᾶν</em></span> <span class='ocrx_word' id='word_1_233' title='bbox 848 2969 1248 3042; x_wconf 90' lang='grc' dir='ltr'><em>κατωρθωκότα</em></span> <span class='ocrx_word' id='word_1_234' title='bbox 1276 2969 1371 3025; x_wconf 78' lang='grc' dir='ltr'><em>καὶ</em></span> <span class='ocrx_word' id='word_1_235' title='bbox 1406 2970 1610 3025; x_wconf 91' lang='grc' dir='ltr'><em>δίκαιον</em></span> <span class='ocrx_word' id='word_1_236' title='bbox 1647 2971 1794 3036; x_wconf 83' lang='grc' dir='ltr'><em>δντα,</em></span> <span class='ocrx_word' id='word_1_237' title='bbox 1814 2971 1872 3024; x_wconf 78' lang='grc' dir='ltr'><em>οὑ</em></span> <span class='ocrx_word' id='word_1_238' title='bbox 1901 2988 1993 3042; x_wconf 75' lang='grc' dir='ltr'><em>μι⁸</em></span> 
     </span>
    </p>
   </div>
   <div class='ocr_carea' id='block_1_31' title="bbox 425 3061 1994 3137">
    <p class='ocr_par' dir='ltr' id='par_1_31' title="bbox 425 3061 1994 3137">
     <span class='ocr_line' id='line_1_31' title="bbox 425 3061 1994 3137; baseline 0 -19"><span class='ocrx_word' id='word_1_239' title='bbox 425 3067 583 3137; x_wconf 78' lang='grc' dir='ltr'><em>κρᾶς,</em></span> <span class='ocrx_word' id='word_1_240' title='bbox 613 3062 748 3118; x_wconf 79' lang='grc' dir='ltr'><em>ἀλλὰ</em></span> <span class='ocrx_word' id='word_1_241' title='bbox 779 3063 872 3116; x_wconf 77' lang='grc' dir='ltr'><em>καὶ</em></span> <span class='ocrx_word' id='word_1_242' title='bbox 900 3061 1104 3134; x_wconf 84' lang='grc' dir='ltr'><em>σφόδρα</em></span> <span class='ocrx_word' id='word_1_243' title='bbox 1137 3061 1396 3132; x_wconf 85' lang='grc' dir='ltr'><em>μεγίστης</em></span> <span class='ocrx_word' id='word_1_244' title='bbox 1429 3061 1739 3135; x_wconf 73' lang='grc' dir='ltr'><em>παρρησίας</em></span> <span class='ocrx_word' id='word_1_245' title='bbox 1784 3064 1994 3132; x_wconf 90' lang='grc' dir='ltr'><em>γίνεται</em></span> 
     </span>
    </p>
   </div>
   <div class='ocr_carea' id='block_1_32' title="bbox 425 3151 1996 3225">
    <p class='ocr_par' dir='ltr' id='par_1_32' title="bbox 425 3151 1996 3225">
     <span class='ocr_line' id='line_1_32' title="bbox 425 3151 1996 3225; baseline -0.001 -18"><span class='ocrx_word' id='word_1_246' title='bbox 425 3153 730 3225; x_wconf 74' lang='grc' dir='ltr'><em>προσθήκη.</em></span> <span class='ocrx_word' id='word_1_247' title='bbox 759 3152 868 3205; x_wconf 77' lang='grc' dir='ltr'><em>Καὶ</em></span> <span class='ocrx_word' id='word_1_248' title='bbox 890 3151 999 3223; x_wconf 79' lang='grc' dir='ltr'><em>γὰρ</em></span> <span class='ocrx_word' id='word_1_249' title='bbox 1029 3151 1124 3204; x_wconf 77' lang='grc' dir='ltr'><em>καὶ</em></span> <span class='ocrx_word' id='word_1_250' title='bbox 1156 3151 1414 3220; x_wconf 84' lang='grc' dir='ltr'><em>στέφανός</em></span> <span class='ocrx_word' id='word_1_251' title='bbox 1455 3153 1569 3205; x_wconf 86' lang='grc' dir='ltr'><em>ἐστι</em></span> <span class='ocrx_word' id='word_1_252' title='bbox 1603 3153 1854 3224; x_wconf 81' lang='grc' dir='ltr'><em>λαμπρὸς</em></span> <span class='ocrx_word' id='word_1_253' title='bbox 1902 3155 1996 3208; x_wconf 72' lang='grc' dir='ltr'><em>ἐπὶ</em></span> 
     </span>
    </p>
   </div>
   <div class='ocr_carea' id='block_1_33' title="bbox 425 3245 1995 3321">
    <p class='ocr_par' dir='ltr' id='par_1_33' title="bbox 425 3245 1995 3321">
     <span class='ocr_line' id='line_1_33' title="bbox 425 3245 1995 3321; baseline -0.001 -19"><span class='ocrx_word' id='word_1_254' title='bbox 425 3249 532 3302; x_wconf 83' lang='grc' dir='ltr'><em>τῶν</em></span> <span class='ocrx_word' id='word_1_255' title='bbox 564 3248 826 3312; x_wconf 87' lang='grc' dir='ltr'><em>δικαίων,</em></span> <span class='ocrx_word' id='word_1_256' title='bbox 876 3247 972 3301; x_wconf 82' lang='grc' dir='ltr'><em>καὶ</em></span> <span class='ocrx_word' id='word_1_257' title='bbox 1023 3246 1165 3317; x_wconf 81' lang='grc' dir='ltr'><em>ὑπὲρ</em></span> <span class='ocrx_word' id='word_1_258' title='bbox 1211 3245 1303 3300; x_wconf 76' lang='grc' dir='ltr'><em>τὸν</em></span> <span class='ocrx_word' id='word_1_259' title='bbox 1332 3246 1481 3316; x_wconf 76' lang='grc' dir='ltr'><em>ἥλιον</em></span> <span class='ocrx_word' id='word_1_260' title='bbox 1523 3248 1641 3318; x_wconf 89' lang='grc' dir='ltr'><em>μεθ’</em></span> <span class='ocrx_word' id='word_1_261' title='bbox 1691 3248 1995 3321; x_wconf 78' lang='grc' dir='ltr'><em>ὑπερϐολῆς</em></span> 
     </span>
    </p>
   </div>
   <div class='ocr_carea' id='block_1_34' title="bbox 425 3337 1996 3413">
    <p class='ocr_par' dir='ltr' id='par_1_34' title="bbox 425 3337 1996 3413">
     <span class='ocr_line' id='line_1_34' title="bbox 425 3337 1996 3413; baseline 0 -19"><span class='ocrx_word' id='word_1_262' title='bbox 425 3341 676 3413; x_wconf 81' lang='grc' dir='ltr'><em>λάμπων,</em></span> <span class='ocrx_word' id='word_1_263' title='bbox 701 3339 796 3395; x_wconf 74' lang='grc' dir='ltr'><em>καὶ</em></span> <span class='ocrx_word' id='word_1_264' title='bbox 825 3338 1118 3410; x_wconf 88' lang='grc' dir='ltr'><em>καθάρσιον</em></span> <span class='ocrx_word' id='word_1_265' title='bbox 1139 3337 1392 3408; x_wconf 85' lang='grc' dir='ltr'><em>μέγιστον</em></span> <span class='ocrx_word' id='word_1_266' title='bbox 1420 3339 1514 3392; x_wconf 77' lang='grc' dir='ltr'><em>ἐπὶ</em></span> <span class='ocrx_word' id='word_1_267' title='bbox 1543 3339 1650 3393; x_wconf 83' lang='grc' dir='ltr'><em>τῶν</em></span> <span class='ocrx_word' id='word_1_268' title='bbox 1676 3341 1996 3412; x_wconf 75' lang='grc' dir='ltr'><em>ἡμαρτηκό-</em></span> 
     </span>
    </p>
   </div>
   <div class='ocr_carea' id='block_1_35' title="bbox 424 3429 1996 3504">
    <p class='ocr_par' dir='ltr' id='par_1_35' title="bbox 424 3429 1996 3504">
     <span class='ocr_line' id='line_1_35' title="bbox 424 3429 1996 3504; baseline -0.003 -16"><span class='ocrx_word' id='word_1_269' title='bbox 424 3452 555 3488; x_wconf 85' lang='grc' dir='ltr'><em>των.</em></span> <span class='ocrx_word' id='word_1_270' title='bbox 593 3434 692 3488; x_wconf 86' lang='grc' dir='ltr'><em>Διά</em></span> <span class='ocrx_word' id='word_1_271' title='bbox 739 3451 820 3487; x_wconf 88' lang='grc' dir='ltr'><em>τοι</em></span> <span class='ocrx_word' id='word_1_272' title='bbox 861 3432 1018 3486; x_wconf 89' lang='grc' dir='ltr'><em>τοῦτο</em></span> <span class='ocrx_word' id='word_1_273' title='bbox 1047 3433 1137 3485; x_wconf 72' lang='grc' dir='ltr'><em>τὸν</em></span> <span class='ocrx_word' id='word_1_274' title='bbox 1167 3429 1485 3502; x_wconf 80' lang='grc' dir='ltr'><em>διορύξαντα</em></span> <span class='ocrx_word' id='word_1_275' title='bbox 1514 3432 1689 3504; x_wconf 83' lang='grc' dir='ltr'><em>γάμον</em></span> <span class='ocrx_word' id='word_1_276' title='bbox 1719 3433 1996 3504; x_wconf 80' lang='grc' dir='ltr'><em>πατρῷον.</em></span> 
     </span>
    </p>
   </div>
   <div class='ocr_carea' id='block_1_36' title="bbox 426 3523 1999 3598">
    <p class='ocr_par' dir='ltr' id='par_1_36' title="bbox 426 3523 1999 3598">
     <span class='ocr_line' id='line_1_36' title="bbox 426 3523 1999 3598; baseline -0.002 -16"><span class='ocrx_word' id='word_1_277' title='bbox 426 3529 520 3582; x_wconf 77' lang='grc' dir='ltr'><em>καὶ</em></span> <span class='ocrx_word' id='word_1_278' title='bbox 545 3527 644 3598; x_wconf 77' lang='grc' dir='ltr'><em>τὴν</em></span> <span class='ocrx_word' id='word_1_279' title='bbox 673 3525 831 3598; x_wconf 78' lang='grc' dir='ltr'><em>εὐνὴν</em></span> <span class='ocrx_word' id='word_1_280' title='bbox 850 3523 1234 3596; x_wconf 79' lang='grc' dir='ltr'><em>διαφθείραντα</em></span> <span class='ocrx_word' id='word_1_281' title='bbox 1264 3524 1364 3595; x_wconf 81' lang='grc' dir='ltr'><em>τὴν</em></span> <span class='ocrx_word' id='word_1_282' title='bbox 1409 3525 1641 3593; x_wconf 86' lang='grc' dir='ltr'><em>ἐκείνου,</em></span> <span class='ocrx_word' id='word_1_283' title='bbox 1672 3527 1752 3588; x_wconf 86' lang='grc' dir='ltr'><em>είς</em></span> <span class='ocrx_word' id='word_1_284' title='bbox 1779 3525 1999 3596; x_wconf 75' lang='grc' dir='ltr'><em>ὄλεθρον</em></span> 
     </span>
    </p>
   </div>
   <div class='ocr_carea' id='block_1_37' title="bbox 426 3614 1998 3688">
    <p class='ocr_par' dir='ltr' id='par_1_37' title="bbox 426 3614 1998 3688">
     <span class='ocr_line' id='line_1_37' title="bbox 426 3614 1998 3688; baseline -0.002 -17"><span class='ocrx_word' id='word_1_285' title='bbox 426 3619 523 3688; x_wconf 87' lang='grc' dir='ltr'><em>τῆς</em></span> <span class='ocrx_word' id='word_1_286' title='bbox 554 3616 754 3688; x_wconf 86' lang='grc' dir='ltr'><em>σαρκὸς</em></span> <span class='ocrx_word' id='word_1_287' title='bbox 779 3614 1140 3687; x_wconf 88' lang='grc' dir='ltr'><em>παραδίδωσιν</em></span> <span class='ocrx_word' id='word_1_288' title='bbox 1176 3617 1204 3669; x_wconf 79' lang='grc' dir='ltr'>ὁ</span> <span class='ocrx_word' id='word_1_289' title='bbox 1238 3615 1468 3680; x_wconf 85' lang='grc' dir='ltr'><em>Παῦλος,</em></span> <span class='ocrx_word' id='word_1_290' title='bbox 1506 3614 1680 3682; x_wconf 86' lang='grc' dir='ltr'><em>τούτῳ</em></span> <span class='ocrx_word' id='word_1_291' title='bbox 1725 3615 1998 3687; x_wconf 86' lang='grc' dir='ltr'><em>καθαίρων</em></span> 
     </span>
    </p>
   </div>
   <div class='ocr_carea' id='block_1_38' title="bbox 428 3702 1998 3780">
    <p class='ocr_par' dir='ltr' id='par_1_38' title="bbox 428 3702 1998 3780">
     <span class='ocr_line' id='line_1_38' title="bbox 428 3702 1998 3780; baseline -0.001 -18"><span class='ocrx_word' id='word_1_292' title='bbox 428 3709 588 3763; x_wconf 74' lang='grc' dir='ltr'><em>αὑτὸν</em></span> <span class='ocrx_word' id='word_1_293' title='bbox 614 3707 691 3780; x_wconf 83' lang='grc' dir='ltr'><em>τῷ</em></span> <span class='ocrx_word' id='word_1_294' title='bbox 712 3707 915 3780; x_wconf 88' lang='grc' dir='ltr'><em>τρόπῳ.</em></span> <span class='ocrx_word' id='word_1_295' title='bbox 945 3707 1068 3761; x_wconf 81' lang='grc' dir='ltr'><em>Ὅτι</em></span> <span class='ocrx_word' id='word_1_296' title='bbox 1095 3706 1204 3779; x_wconf 83' lang='grc' dir='ltr'><em>γὰρ</em></span> <span class='ocrx_word' id='word_1_297' title='bbox 1228 3707 1520 3779; x_wconf 87' lang='grc' dir='ltr'><em>καθάρσιον</em></span> <span class='ocrx_word' id='word_1_298' title='bbox 1547 3707 1608 3759; x_wconf 74' lang='grc' dir='ltr'><em>τὸ</em></span> <span class='ocrx_word' id='word_1_299' title='bbox 1630 3707 1910 3777; x_wconf 88' lang='grc' dir='ltr'><em>γινόμενον</em></span> <span class='ocrx_word' id='word_1_300' title='bbox 1929 3702 1998 3778; x_wconf 84' lang='grc' dir='ltr'><em>ἦν</em></span> 
     </span>
    </p>
   </div>
   <div class='ocr_carea' id='block_1_39' title="bbox 428 3797 2001 3872">
    <p class='ocr_par' dir='ltr' id='par_1_39' title="bbox 428 3797 2001 3872">
     <span class='ocr_line' id='line_1_39' title="bbox 428 3797 2001 3872; baseline -0.001 -17"><span class='ocrx_word' id='word_1_301' title='bbox 428 3802 526 3872; x_wconf 88' lang='grc' dir='ltr'><em>τῆς</em></span> <span class='ocrx_word' id='word_1_302' title='bbox 552 3799 818 3870; x_wconf 82' lang='grc' dir='ltr'><em>τοσαύτης</em></span> <span class='ocrx_word' id='word_1_303' title='bbox 845 3799 1078 3870; x_wconf 82' lang='grc' dir='ltr'><em>κηλῖδος,</em></span> <span class='ocrx_word' id='word_1_304' title='bbox 1107 3799 1337 3853; x_wconf 79' lang='grc' dir='ltr'><em>ἄκουσον</em></span> <span class='ocrx_word' id='word_1_305' title='bbox 1362 3797 1524 3851; x_wconf 85' lang='grc' dir='ltr'><em>αὑτοῦ</em></span> <span class='ocrx_word' id='word_1_306' title='bbox 1558 3797 1826 3866; x_wconf 89' lang='grc' dir='ltr'><em>λέγοντος,</em></span> <span class='ocrx_word' id='word_1_307' title='bbox 1875 3799 2001 3854; x_wconf 84' lang='grc' dir='ltr'><em>Ἵνα</em></span> 
     </span>
    </p>
   </div>
   <div class='ocr_carea' id='block_1_40' title="bbox 428 3887 2002 3960">
    <p class='ocr_par' dir='ltr' id='par_1_40' title="bbox 428 3887 2002 3960">
     <span class='ocr_line' id='line_1_40' title="bbox 428 3887 2002 3960; baseline -0.002 -14"><span class='ocrx_word' id='word_1_308' title='bbox 428 3890 496 3945; x_wconf 83' lang='grc' dir='ltr'><em>τὸ</em></span> <span class='ocrx_word' id='word_1_309' title='bbox 525 3890 760 3960; x_wconf 83' lang='grc' dir='ltr'><em>πνεῦμα</em></span> <span class='ocrx_word' id='word_1_310' title='bbox 791 3887 957 3957; x_wconf 78' lang='grc' dir='ltr'><em>σωθῇ</em></span> <span class='ocrx_word' id='word_1_311' title='bbox 1001 3889 1071 3942; x_wconf 87' lang='grc' dir='ltr'><em>ἐν</em></span> <span class='ocrx_word' id='word_1_312' title='bbox 1101 3887 1174 3958; x_wconf 79' lang='grc' dir='ltr'><em>τῇ</em></span> <span class='ocrx_word' id='word_1_313' title='bbox 1205 3888 1395 3958; x_wconf 75' lang='grc' dir='ltr'><em>ἡμέρᾳ</em></span> <span class='ocrx_word' id='word_1_314' title='bbox 1446 3887 1552 3942; x_wconf 82' lang='grc' dir='ltr'><em>τοῦ</em></span> <span class='ocrx_word' id='word_1_315' title='bbox 1577 3889 1798 3956; x_wconf 84' lang='grc' dir='ltr'><em>Κυρίου</em></span> <span class='ocrx_word' id='word_1_316' title='bbox 1830 3887 2002 3958; x_wconf 76' lang='grc' dir='ltr'><em>ἡμῶν</em></span> 
     </span>
    </p>
   </div>
   <div class='ocr_carea' id='block_1_41' title="bbox 442 3979 2003 4052">
    <p class='ocr_par' dir='ltr' id='par_1_41' title="bbox 442 3979 2003 4052">
     <span class='ocr_line' id='line_1_41' title="bbox 442 3979 2003 4052; baseline -0.003 -14"><span class='ocrx_word' id='word_1_317' title='bbox 442 3983 645 4051; x_wconf 86' lang='grc' dir='ltr'><em>Ἰησοῦ</em></span> <span class='ocrx_word' id='word_1_318' title='bbox 674 3981 952 4052; x_wconf 87' lang='grc' dir='ltr'><em>Χριστοῦ.</em></span> <span class='ocrx_word' id='word_1_319' title='bbox 984 3982 1094 4035; x_wconf 77' lang='grc' dir='ltr'><em>Καὶ</em></span> <span class='ocrx_word' id='word_1_320' title='bbox 1126 3981 1332 4052; x_wconf 85' lang='grc' dir='ltr'><em>ἐτέροις</em></span> <span class='ocrx_word' id='word_1_321' title='bbox 1363 3979 1420 4033; x_wconf 84' lang='grc' dir='ltr'><em>δὲ</em></span> <span class='ocrx_word' id='word_1_322' title='bbox 1451 3980 1698 4048; x_wconf 77' lang='grc' dir='ltr'><em>ἐγκαλῶν</em></span> <span class='ocrx_word' id='word_1_323' title='bbox 1743 3981 2003 4052; x_wconf 83' lang='grc' dir='ltr'><em>φρικωδε-</em></span> 
     </span>
    </p>
   </div>
   <div class='ocr_carea' id='block_1_42' title="bbox 433 4069 2003 4146">
    <p class='ocr_par' dir='ltr' id='par_1_42' title="bbox 433 4069 2003 4146">
     <span class='ocr_line' id='line_1_42' title="bbox 433 4069 2003 4146; baseline -0.002 -17"><span class='ocrx_word' id='word_1_324' title='bbox 433 4075 632 4146; x_wconf 88' lang='grc' dir='ltr'><em>στάτην</em></span> <span class='ocrx_word' id='word_1_325' title='bbox 679 4073 870 4145; x_wconf 77' lang='grc' dir='ltr'><em>ἑτέραν</em></span> <span class='ocrx_word' id='word_1_326' title='bbox 904 4072 1200 4144; x_wconf 84' lang='grc' dir='ltr'><em>ἁμαρτίαν,</em></span> <span class='ocrx_word' id='word_1_327' title='bbox 1245 4073 1358 4136; x_wconf 86' lang='grc' dir='ltr'><em>τοῖς</em></span> <span class='ocrx_word' id='word_1_328' title='bbox 1386 4071 1484 4144; x_wconf 89' lang='grc' dir='ltr'><em>τῆς</em></span> <span class='ocrx_word' id='word_1_329' title='bbox 1526 4072 1676 4144; x_wconf 77' lang='grc' dir='ltr'><em>ἱερᾶς</em></span> <span class='ocrx_word' id='word_1_330' title='bbox 1721 4069 2003 4145; x_wconf 82' lang='grc' dir='ltr'><em>τραπέζης</em></span> 
     </span>
    </p>
   </div>
   <div class='ocr_carea' id='block_1_43' title="bbox 431 4165 2001 4236">
    <p class='ocr_par' dir='ltr' id='par_1_43' title="bbox 431 4165 2001 4236">
     <span class='ocr_line' id='line_1_43' title="bbox 431 4165 2001 4236; baseline -0.001 -16"><span class='ocrx_word' id='word_1_331' title='bbox 431 4166 662 4231; x_wconf 78' lang='grc' dir='ltr'><em>ἀναξίως</em></span> <span class='ocrx_word' id='word_1_332' title='bbox 683 4165 1012 4219; x_wconf 79' lang='grc' dir='ltr'><em>ἀπολαύουσι</em></span> <span class='ocrx_word' id='word_1_333' title='bbox 1046 4165 1140 4217; x_wconf 80' lang='grc' dir='ltr'><em>καὶ</em></span> <span class='ocrx_word' id='word_1_334' title='bbox 1166 4165 1274 4218; x_wconf 83' lang='grc' dir='ltr'><em>τῶν</em></span> <span class='ocrx_word' id='word_1_335' title='bbox 1309 4165 1638 4236; x_wconf 70' lang='grc' dir='ltr'><em>ἀπορρήτων</em></span> <span class='ocrx_word' id='word_1_336' title='bbox 1687 4165 2001 4236; x_wconf 78' lang='grc' dir='ltr'><em>μυστηρίων</em></span> 
     </span>
    </p>
   </div>
   <div class='ocr_carea' id='block_1_44' title="bbox 431 4255 2002 4333">
    <p class='ocr_par' dir='ltr' id='par_1_44' title="bbox 431 4255 2002 4333">
     <span class='ocr_line' id='line_1_44' title="bbox 431 4255 2002 4333; baseline 0.001 -22"><span class='ocrx_word' id='word_1_337' title='bbox 431 4257 656 4333; x_wconf 76' lang='grc' dir='ltr'><em>ἐκείνων</em></span> <span class='ocrx_word' id='word_1_338' title='bbox 679 4297 694 4320; x_wconf 91' lang='grc'><em>,</em></span> <span class='ocrx_word' id='word_1_339' title='bbox 748 4256 842 4310; x_wconf 78' lang='grc' dir='ltr'><em>καὶ</em></span> <span class='ocrx_word' id='word_1_340' title='bbox 871 4255 1061 4319; x_wconf 76' lang='grc' dir='ltr'><em>εἰπὼν,</em></span> <span class='ocrx_word' id='word_1_341' title='bbox 1088 4256 1168 4308; x_wconf 79' lang='grc' dir='ltr'><em>ὅτι</em></span> <span class='ocrx_word' id='word_1_342' title='bbox 1198 4255 1226 4305; x_wconf 82' lang='grc' dir='ltr'><strong>ὀ</strong></span> <span class='ocrx_word' id='word_1_343' title='bbox 1267 4255 1506 4320; x_wconf 89' lang='grc' dir='ltr'><em>τοιοῦτος</em></span> <span class='ocrx_word' id='word_1_344' title='bbox 1535 4257 1790 4326; x_wconf 84' lang='grc' dir='ltr'><em>Ἔνοχος</em></span> <span class='ocrx_word' id='word_1_345' title='bbox 1831 4259 2002 4312; x_wconf 75' lang='grc' dir='ltr'><em>ἔσται</em></span> 
     </span>
    </p>
   </div>
   <div class='ocr_carea' id='block_1_45' title="bbox 433 4345 2005 4421">
    <p class='ocr_par' dir='ltr' id='par_1_45' title="bbox 433 4345 2005 4421">
     <span class='ocr_line' id='line_1_45' title="bbox 433 4345 2005 4421; baseline -0.003 -14"><span class='ocrx_word' id='word_1_346' title='bbox 433 4353 538 4408; x_wconf 81' lang='grc' dir='ltr'><em>τοῦ</em></span> <span class='ocrx_word' id='word_1_347' title='bbox 576 4348 848 4419; x_wconf 82' lang='grc' dir='ltr'><em>σώματος</em></span> <span class='ocrx_word' id='word_1_348' title='bbox 868 4345 968 4400; x_wconf 75' lang='grc' dir='ltr'><em>καὶ</em></span> <span class='ocrx_word' id='word_1_349' title='bbox 1013 4347 1119 4401; x_wconf 88' lang='grc' dir='ltr'><em>τοῦ</em></span> <span class='ocrx_word' id='word_1_350' title='bbox 1168 4348 1418 4416; x_wconf 82' lang='grc' dir='ltr'><em>αἵματος</em></span> <span class='ocrx_word' id='word_1_351' title='bbox 1461 4348 1568 4402; x_wconf 79' lang='grc' dir='ltr'><em>τοῦ</em></span> <span class='ocrx_word' id='word_1_352' title='bbox 1615 4351 1868 4418; x_wconf 84' lang='grc' dir='ltr'><em>Κυρίου·</em></span> <span class='ocrx_word' id='word_1_353' title='bbox 1903 4351 2005 4421; x_wconf 82' lang='grc' dir='ltr'><em>δρα</em></span> 
     </span>
    </p>
   </div>
   <div class='ocr_carea' id='block_1_46' title="bbox 433 4439 2002 4518">
    <p class='ocr_par' dir='ltr' id='par_1_46' title="bbox 433 4439 2002 4518">
     <span class='ocr_line' id='line_1_46' title="bbox 433 4439 2002 4518; baseline -0.006 -15"><span class='ocrx_word' id='word_1_354' title='bbox 433 4449 551 4513; x_wconf 85' lang='grc' dir='ltr'><em>πῶς</em></span> <span class='ocrx_word' id='word_1_355' title='bbox 580 4465 712 4518; x_wconf 87' lang='grc' dir='ltr'><em>φησι</em></span> <span class='ocrx_word' id='word_1_356' title='bbox 745 4446 838 4500; x_wconf 77' lang='grc' dir='ltr'><em>καὶ</em></span> <span class='ocrx_word' id='word_1_357' title='bbox 867 4443 1064 4508; x_wconf 77' lang='grc' dir='ltr'><em>αὐτοὺς</em></span> <span class='ocrx_word' id='word_1_358' title='bbox 1101 4439 1455 4512; x_wconf 86' lang='grc' dir='ltr'><em>καθαίρεσθαι</em></span> <span class='ocrx_word' id='word_1_359' title='bbox 1486 4439 1585 4511; x_wconf 89' lang='grc' dir='ltr'><em>τῆς</em></span> <span class='ocrx_word' id='word_1_360' title='bbox 1607 4440 1848 4511; x_wconf 84' lang='grc' dir='ltr'><em>χαλεπῆς</em></span> <span class='ocrx_word' id='word_1_361' title='bbox 1869 4440 2002 4494; x_wconf 77' lang='grc' dir='ltr'><em>ταύο</em></span> 
     </span>
    </p>
   </div>
   <div class='ocr_carea' id='block_1_47' title="bbox 431 4533 2004 4618">
    <p class='ocr_par' dir='ltr' id='par_1_47' title="bbox 431 4533 2004 4618">
     <span class='ocr_line' id='line_1_47' title="bbox 431 4533 2004 4618; baseline -0.006 -19"><span class='ocrx_word' id='word_1_362' title='bbox 431 4561 529 4615; x_wconf 86' lang='grc' dir='ltr'><em>της</em></span> <span class='ocrx_word' id='word_1_363' title='bbox 563 4542 797 4618; x_wconf 84' lang='grc' dir='ltr'><em>κηλῖδος,</em></span> <span class='ocrx_word' id='word_1_364' title='bbox 837 4539 980 4594; x_wconf 77' lang='grc' dir='ltr'><em>οὕτω</em></span> <span class='ocrx_word' id='word_1_365' title='bbox 1010 4537 1218 4605; x_wconf 77' lang='grc' dir='ltr'><em>λέγων’</em></span> <span class='ocrx_word' id='word_1_366' title='bbox 1251 4533 1355 4589; x_wconf 85' lang='grc' dir='ltr'><em>Διά</em></span> <span class='ocrx_word' id='word_1_367' title='bbox 1376 4533 1550 4588; x_wconf 86' lang='grc' dir='ltr'><em>τοῦτο</em></span> <span class='ocrx_word' id='word_1_368' title='bbox 1581 4534 1652 4588; x_wconf 84' lang='grc' dir='ltr'><em>ἐν</em></span> <span class='ocrx_word' id='word_1_369' title='bbox 1687 4534 1828 4604; x_wconf 84' lang='grc' dir='ltr'><em>ὑμῖν</em></span> <span class='ocrx_word' id='word_1_370' title='bbox 1857 4538 2004 4589; x_wconf 79' lang='grc' dir='ltr'><em>πολ-</em></span> 
     </span>
    </p>
   </div>
   <div class='ocr_carea' id='block_1_48' title="bbox 433 4623 2003 4699">
    <p class='ocr_par' dir='ltr' id='par_1_48' title="bbox 433 4623 2003 4699">
     <span class='ocr_line' id='line_1_48' title="bbox 433 4623 2003 4699; baseline -0.01 -6"><span class='ocrx_word' id='word_1_371' title='bbox 433 4637 531 4693; x_wconf 73' lang='grc' dir='ltr'><em>λοὶ</em></span> <span class='ocrx_word' id='word_1_372' title='bbox 568 4634 844 4699; x_wconf 81' lang='grc' dir='ltr'><em>ἀσθενεῖς</em></span> <span class='ocrx_word' id='word_1_373' title='bbox 881 4631 978 4685; x_wconf 79' lang='grc' dir='ltr'><em>καὶ</em></span> <span class='ocrx_word' id='word_1_374' title='bbox 1036 4629 1348 4698; x_wconf 78' lang='grc' dir='ltr'><em>ἇρῤωστοι.</em></span> <span class='ocrx_word' id='word_1_375' title='bbox 1387 4623 1518 4680; x_wconf 76' lang='grc' dir='ltr'><em>Εἶτα</em></span> <span class='ocrx_word' id='word_1_376' title='bbox 1573 4626 1786 4690; x_wconf 79' lang='grc' dir='ltr'><em>δεικνὺς</em></span> <span class='ocrx_word' id='word_1_377' title='bbox 1835 4626 1916 4678; x_wconf 68' lang='grc' dir='ltr'><em>ἂτι</em></span> <span class='ocrx_word' id='word_1_378' title='bbox 1941 4626 2003 4679; x_wconf 85' lang='grc' dir='ltr'><em>οὒ</em></span> 
     </span>
    </p>
   </div>
   <div class='ocr_carea' id='block_1_49' title="bbox 438 4709 2003 4800">
    <p class='ocr_par' dir='ltr' id='par_1_49' title="bbox 438 4709 2003 4800">
     <span class='ocr_line' id='line_1_49' title="bbox 438 4709 2003 4800; baseline -0.006 -18"><span class='ocrx_word' id='word_1_379' title='bbox 438 4709 730 4800; x_wconf 87' lang='grc' dir='ltr'><em>μέχρι</em></span> <span class='ocrx_word' id='word_1_380' title='bbox 775 4722 1042 4796; x_wconf 85' lang='grc' dir='ltr'><em>τιμωρίας</em></span> <span class='ocrx_word' id='word_1_381' title='bbox 1095 4719 1298 4791; x_wconf 87' lang='grc' dir='ltr'><em>ταύτης</em></span> <span class='ocrx_word' id='word_1_382' title='bbox 1358 4721 1614 4790; x_wconf 83' lang='grc' dir='ltr'><em>στήσεται</em></span> <span class='ocrx_word' id='word_1_383' title='bbox 1645 4719 1713 4773; x_wconf 84' lang='grc' dir='ltr'><em>τὰ</em></span> <span class='ocrx_word' id='word_1_384' title='bbox 1761 4717 2003 4783; x_wconf 86' lang='grc' dir='ltr'><em>ἐκείνων,</em></span> 
     </span>
    </p>
   </div>
   <div class='ocr_carea' id='block_1_50' title="bbox 435 4807 2007 4884">
    <p class='ocr_par' dir='ltr' id='par_1_50' title="bbox 435 4807 2007 4884">
     <span class='ocr_line' id='line_1_50' title="bbox 435 4807 2007 4884; baseline -0.006 -14"><span class='ocrx_word' id='word_1_385' title='bbox 435 4818 549 4870; x_wconf 80' lang='grc' dir='ltr'><em>ἀλλ’</em></span> <span class='ocrx_word' id='word_1_386' title='bbox 583 4817 735 4869; x_wconf 84' lang='grc' dir='ltr'><em>ἐσται</em></span> <span class='ocrx_word' id='word_1_387' title='bbox 769 4832 820 4868; x_wconf 90' lang='grc' dir='ltr'><em>τι</em></span> <span class='ocrx_word' id='word_1_388' title='bbox 857 4811 1044 4884; x_wconf 84' lang='grc' dir='ltr'><em>κέρδος</em></span> <span class='ocrx_word' id='word_1_389' title='bbox 1068 4807 1288 4863; x_wconf 84' lang='grc' dir='ltr'><em>ἀπὸτοῦ</em></span> <span class='ocrx_word' id='word_1_390' title='bbox 1322 4808 1666 4879; x_wconf 90' lang='grc' dir='ltr'><em>πράγματος,</em></span> <span class='ocrx_word' id='word_1_391' title='bbox 1700 4808 1760 4861; x_wconf 84' lang='grc' dir='ltr'><em>τὸ</em></span> <span class='ocrx_word' id='word_1_392' title='bbox 1783 4807 1890 4860; x_wconf 83' lang='grc' dir='ltr'><em>τῶν</em></span> <span class='ocrx_word' id='word_1_393' title='bbox 1920 4808 2007 4861; x_wconf 83' lang='grc' dir='ltr'><em>εὑ-</em></span> 
     </span>
    </p>
   </div>
   <div class='ocr_carea' id='block_1_51' title="bbox 437 4899 2008 4976">
    <p class='ocr_par' dir='ltr' id='par_1_51' title="bbox 437 4899 2008 4976">
     <span class='ocr_line' id='line_1_51' title="bbox 437 4899 2008 4976; baseline -0.006 -15"><span class='ocrx_word' id='word_1_394' title='bbox 437 4909 612 4962; x_wconf 84' lang='grc' dir='ltr'><em>θυνῶν</em></span> <span class='ocrx_word' id='word_1_395' title='bbox 639 4908 746 4961; x_wconf 81' lang='grc' dir='ltr'><em>τῶν</em></span> <span class='ocrx_word' id='word_1_396' title='bbox 773 4907 868 4960; x_wconf 74' lang='grc' dir='ltr'><em>ἐπὶ</em></span> <span class='ocrx_word' id='word_1_397' title='bbox 891 4907 958 4976; x_wconf 81' lang='grc' dir='ltr'><em>τῇ</em></span> <span class='ocrx_word' id='word_1_398' title='bbox 989 4901 1228 4975; x_wconf 77' lang='grc' dir='ltr'><em>ἁμαρτίᾳ</em></span> <span class='ocrx_word' id='word_1_399' title='bbox 1245 4900 1417 4972; x_wconf 81' lang='grc' dir='ltr'><em>ταύτῃ</em></span> <span class='ocrx_word' id='word_1_400' title='bbox 1462 4899 1858 4970; x_wconf 75' lang='grc' dir='ltr'><em>ἀπαλλαγῆναι,</em></span> <span class='ocrx_word' id='word_1_401' title='bbox 1910 4900 2008 4952; x_wconf 83' lang='grc' dir='ltr'><em>ἐπ-</em></span> 
     </span>
    </p>
   </div>
   <div class='ocr_carea' id='block_1_52' title="bbox 437 4992 2008 5073">
    <p class='ocr_par' dir='ltr' id='par_1_52' title="bbox 437 4992 2008 5073">
     <span class='ocr_line' id='line_1_52' title="bbox 437 4992 2008 5073; baseline -0.004 -19"><span class='ocrx_word' id='word_1_402' title='bbox 437 5004 643 5073; x_wconf 87' lang='grc' dir='ltr'><em>ήγαγεν</em></span> <span class='ocrx_word' id='word_1_403' title='bbox 662 5017 674 5030; x_wconf 95' lang='grc'><strong>·</strong></span> <span class='ocrx_word' id='word_1_404' title='bbox 707 5001 778 5052; x_wconf 84' lang='lat' dir='ltr'><em>El</em></span> <span class='ocrx_word' id='word_1_405' title='bbox 806 4999 914 5068; x_wconf 81' lang='grc' dir='ltr'><em>γὰρ</em></span> <span class='ocrx_word' id='word_1_406' title='bbox 942 4995 1192 5062; x_wconf 76' lang='grc' dir='ltr'><em>ἑαυτοὺς</em></span> <span class='ocrx_word' id='word_1_407' title='bbox 1214 4994 1603 5064; x_wconf 79' lang='grc' dir='ltr'><em>διεκρίνομεν,</em></span> <span class='ocrx_word' id='word_1_408' title='bbox 1627 4995 1738 5048; x_wconf 82' lang='grc' dir='ltr'><em>οὐκ</em></span> <span class='ocrx_word' id='word_1_409' title='bbox 1757 4992 1833 5047; x_wconf 85' lang='grc' dir='ltr'><em>ἂν</em></span> <span class='ocrx_word' id='word_1_410' title='bbox 1851 4992 2008 5061; x_wconf 82' lang='grc' dir='ltr'><em>ἐκρι-</em></span> 
     </span>
    </p>
   </div>
   <div class='ocr_carea' id='block_1_53' title="bbox 438 5085 2009 5162">
    <p class='ocr_par' dir='ltr' id='par_1_53' title="bbox 438 5085 2009 5162">
     <span class='ocr_line' id='line_1_53' title="bbox 438 5085 2009 5162; baseline -0.004 -15"><span class='ocrx_word' id='word_1_411' title='bbox 438 5095 676 5162; x_wconf 74' lang='grc' dir='ltr'><em>νόμεθα.</em></span> <span class='ocrx_word' id='word_1_412' title='bbox 708 5090 836 5146; x_wconf 83' lang='grc' dir='ltr'><em>Νῦν</em></span> <span class='ocrx_word' id='word_1_413' title='bbox 859 5089 927 5142; x_wconf 82' lang='grc' dir='ltr'><em>δὲ</em></span> <span class='ocrx_word' id='word_1_414' title='bbox 951 5089 1307 5158; x_wconf 83' lang='grc' dir='ltr'><em>κρινόμενοι,</em></span> <span class='ocrx_word' id='word_1_415' title='bbox 1331 5086 1450 5144; x_wconf 79' lang='grc' dir='ltr'><em>ὑπὸ</em></span> <span class='ocrx_word' id='word_1_416' title='bbox 1477 5087 1696 5156; x_wconf 90' lang='grc' dir='ltr'><em>Κυρίου</em></span> <span class='ocrx_word' id='word_1_417' title='bbox 1730 5085 2009 5141; x_wconf 77' lang='grc' dir='ltr'><em>παιδευό-</em></span> 
     </span>
    </p>
   </div>
   <div class='ocr_carea' id='block_1_54' title="bbox 433 5157 2011 5256">
    <p class='ocr_par' dir='ltr' id='par_1_54' title="bbox 433 5157 2011 5256">
     <span class='ocr_line' id='line_1_54' title="bbox 433 5157 2011 5256; baseline -0.006 -17"><span class='ocrx_word' id='word_1_418' title='bbox 433 5157 607 5256; x_wconf 59' lang='grc' dir='ltr'><em>μεθα,</em></span> <span class='ocrx_word' id='word_1_419' title='bbox 645 5184 746 5236; x_wconf 85' lang='grc' dir='ltr'><em>ἵνα</em></span> <span class='ocrx_word' id='word_1_420' title='bbox 771 5181 856 5252; x_wconf 80' lang='grc' dir='ltr'><em>μὴ</em></span> <span class='ocrx_word' id='word_1_421' title='bbox 883 5157 1003 5234; x_wconf 86' lang='grc' dir='ltr'><em>σὺν</em></span> <span class='ocrx_word' id='word_1_422' title='bbox 1051 5157 1131 5244; x_wconf 76' lang='grc' dir='ltr'>τῷ</span> <span class='ocrx_word' id='word_1_423' title='bbox 1159 5180 1364 5249; x_wconf 80' lang='grc' dir='ltr'><em>κόσμῳ</em></span> <span class='ocrx_word' id='word_1_424' title='bbox 1402 5178 1860 5248; x_wconf 81' lang='grc' dir='ltr'><em>κατακριθῶμεν.</em></span> <span class='ocrx_word' id='word_1_425' title='bbox 1887 5178 2011 5232; x_wconf 89' lang='grc' dir='ltr'><em>Ὅτι</em></span> 
     </span>
    </p>
   </div>
   <div class='ocr_carea' id='block_1_55' title="bbox 439 5269 2013 5344">
    <p class='ocr_par' dir='ltr' id='par_1_55' title="bbox 439 5269 2013 5344">
     <span class='ocr_line' id='line_1_55' title="bbox 439 5269 2013 5344; baseline -0.004 -11"><span class='ocrx_word' id='word_1_426' title='bbox 439 5278 497 5333; x_wconf 77' lang='grc' dir='ltr'><em>δὲ</em></span> <span class='ocrx_word' id='word_1_427' title='bbox 520 5277 612 5330; x_wconf 62' lang='grc' dir='ltr'><em>καὶ¹</em></span> <span class='ocrx_word' id='word_1_428' title='bbox 640 5277 688 5330; x_wconf 88' lang='grc' dir='ltr'><em>οί</em></span> <span class='ocrx_word' id='word_1_429' title='bbox 743 5274 814 5328; x_wconf 78' lang='grc' dir='ltr'><em>τὰ</em></span> <span class='ocrx_word' id='word_1_430' title='bbox 849 5271 1059 5344; x_wconf 82' lang='grc' dir='ltr'><em>μεγάλα</em></span> <span class='ocrx_word' id='word_1_431' title='bbox 1095 5270 1518 5340; x_wconf 88' lang='grc' dir='ltr'><em>κατωρθωκότες</em></span> <span class='ocrx_word' id='word_1_432' title='bbox 1569 5270 1815 5324; x_wconf 88' lang='grc' dir='ltr'><em>ἐντεῦθεν</em></span> <span class='ocrx_word' id='word_1_433' title='bbox 1843 5269 2013 5326; x_wconf 71' lang='grc' dir='ltr'><em>πολλὰ</em></span> 
     </span>
    </p>
   </div>
   <div class='ocr_carea' id='block_1_56' title="bbox 441 5360 2013 5440">
    <p class='ocr_par' dir='ltr' id='par_1_56' title="bbox 441 5360 2013 5440">
     <span class='ocr_line' id='line_1_56' title="bbox 441 5360 2013 5440; baseline -0.008 -15"><span class='ocrx_word' id='word_1_434' title='bbox 441 5369 832 5440; x_wconf 75' lang='grc' dir='ltr'><em>κερδαίνουσιν,</em></span> <span class='ocrx_word' id='word_1_435' title='bbox 862 5364 970 5420; x_wconf 85' lang='grc' dir='ltr'><em>ἀπό</em></span> <span class='ocrx_word' id='word_1_436' title='bbox 993 5383 1053 5418; x_wconf 91' lang='grc' dir='ltr'><em>τε</em></span> <span class='ocrx_word' id='word_1_437' title='bbox 1087 5362 1178 5417; x_wconf 91' lang='grc' dir='ltr'><em>τοῦ</em></span> <span class='ocrx_word' id='word_1_438' title='bbox 1220 5361 1340 5416; x_wconf 73' lang='grc' dir='ltr'><em>Ἰὼϐ</em></span> <span class='ocrx_word' id='word_1_439' title='bbox 1373 5363 1530 5434; x_wconf 89' lang='grc' dir='ltr'><em>δῆλον</em></span> <span class='ocrx_word' id='word_1_440' title='bbox 1556 5360 1815 5434; x_wconf 81' lang='grc' dir='ltr'><em>μειζόνως</em></span> <span class='ocrx_word' id='word_1_441' title='bbox 1833 5361 2013 5414; x_wconf 83' lang='grc' dir='ltr'><em>ἐντεῦ-</em></span> 
     </span>
    </p>
   </div>
   <div class='ocr_carea' id='block_1_57' title="bbox 443 5451 2013 5528">
    <p class='ocr_par' dir='ltr' id='par_1_57' title="bbox 443 5451 2013 5528">
     <span class='ocr_line' id='line_1_57' title="bbox 443 5451 2013 5528; baseline -0.006 -15"><span class='ocrx_word' id='word_1_442' title='bbox 443 5461 533 5514; x_wconf 88' lang='grc' dir='ltr'><em>θεν</em></span> <span class='ocrx_word' id='word_1_443' title='bbox 571 5457 900 5528; x_wconf 73' lang='grc' dir='ltr'><em>λάμψαντος,</em></span> <span class='ocrx_word' id='word_1_444' title='bbox 930 5456 1037 5509; x_wconf 87' lang='grc' dir='ltr'><em>ἀπό</em></span> <span class='ocrx_word' id='word_1_445' title='bbox 1061 5473 1120 5507; x_wconf 88' lang='grc' dir='ltr'><em>τε</em></span> <span class='ocrx_word' id='word_1_446' title='bbox 1150 5453 1243 5508; x_wconf 89' lang='grc' dir='ltr'><em>τοῦ</em></span> <span class='ocrx_word' id='word_1_447' title='bbox 1274 5455 1536 5525; x_wconf 85' lang='grc' dir='ltr'><em>Τιμοθέου</em></span> <span class='ocrx_word' id='word_1_448' title='bbox 1554 5493 1568 5518; x_wconf 98' lang='grc'><em>,</em></span> <span class='ocrx_word' id='word_1_449' title='bbox 1595 5453 1654 5516; x_wconf 77' lang='grc' dir='ltr'><em>ὃς</em></span> <span class='ocrx_word' id='word_1_450' title='bbox 1684 5453 1824 5505; x_wconf 82' lang='grc' dir='ltr'><em>οὑτω</em></span> <span class='ocrx_word' id='word_1_451' title='bbox 1855 5451 2013 5514; x_wconf 79' lang='grc' dir='ltr'><em>καλὸς</em></span> 
     </span>
    </p>
   </div>
   <div class='ocr_carea' id='block_1_58' title="bbox 442 5543 2016 5618">
    <p class='ocr_par' dir='ltr' id='par_1_58' title="bbox 442 5543 2016 5618">
     <span class='ocr_line' id='line_1_58' title="bbox 442 5543 2016 5618; baseline -0.006 -13"><span class='ocrx_word' id='word_1_452' title='bbox 442 5555 540 5618; x_wconf 78' lang='grc' dir='ltr'><em>ὢν,</em></span> <span class='ocrx_word' id='word_1_453' title='bbox 601 5551 694 5603; x_wconf 76' lang='grc' dir='ltr'><em>καὶ</em></span> <span class='ocrx_word' id='word_1_454' title='bbox 745 5545 996 5616; x_wconf 83' lang='grc' dir='ltr'><em>τοιαύτην</em></span> <span class='ocrx_word' id='word_1_455' title='bbox 1048 5545 1322 5600; x_wconf 84' lang='grc' dir='ltr'><em>διακονίαν</em></span> <span class='ocrx_word' id='word_1_456' title='bbox 1369 5545 1865 5616; x_wconf 82' lang='grc' dir='ltr'><em>ἐγκεχειρισμένος,</em></span> <span class='ocrx_word' id='word_1_457' title='bbox 1922 5543 2016 5595; x_wconf 75' lang='grc' dir='ltr'><em>καὶ</em></span> 
     </span>
    </p>
   </div>
   <div class='ocr_carea' id='block_1_59' title="bbox 449 5635 2108 5718">
    <p class='ocr_par' dir='ltr' id='par_1_59' title="bbox 449 5635 2108 5718">
     <span class='ocr_line' id='line_1_59' title="bbox 449 5635 2108 5718; baseline -0.007 -18"><span class='ocrx_word' id='word_1_458' title='bbox 449 5639 987 5718; x_wconf 82' lang='grc' dir='ltr'><em>συμπεριιπτᾶμενος</em></span> <span class='ocrx_word' id='word_1_459' title='bbox 1009 5636 1205 5709; x_wconf 83' lang='grc' dir='ltr'><em>Παύλῳ</em></span> <span class='ocrx_word' id='word_1_460' title='bbox 1224 5637 1322 5709; x_wconf 77' lang='grc' dir='ltr'><em>τὴν</em></span> <span class='ocrx_word' id='word_1_461' title='bbox 1350 5637 1700 5708; x_wconf 83' lang='grc' dir='ltr'><em>οἰκουμένην,</em></span> <span class='ocrx_word' id='word_1_462' title='bbox 1717 5637 1779 5690; x_wconf 89' lang='grc' dir='ltr'><em>οὑ</em></span> <span class='ocrx_word' id='word_1_463' title='bbox 1811 5635 1903 5690; x_wconf 87' lang='grc' dir='ltr'><em>δύο</em></span> <span class='ocrx_word' id='word_1_464' title='bbox 1924 5635 2015 5695; x_wconf 71' lang='grc' dir='ltr'><em>καὶ</em></span> <span class='ocrx_word' id='word_1_465' title='bbox 2106 5702 2108 5704; x_wconf 18' lang='grc' dir='ltr'><strong><em>ν</em></strong></span> 
     </span>
    </p>
   </div>
   <div class='ocr_carea' id='block_1_60' title="bbox 1117 266 3018 350">
    <p class='ocr_par' dir='ltr' id='par_1_60' title="bbox 1117 266 3018 350">
     <span class='ocr_line' id='line_1_60' title="bbox 1117 266 3018 350; baseline 0.004 -8"><span class='ocrx_word' id='word_1_466' title='bbox 1117 289 1173 342; x_wconf 87' lang='lat' dir='ltr'><em>S.</em></span> <span class='ocrx_word' id='word_1_467' title='bbox 1209 285 1493 344; x_wconf 75' lang='lat' dir='ltr'><em>JOANNIS</em></span> <span class='ocrx_word' id='word_1_468' title='bbox 1523 277 2013 346; x_wconf 71' lang='lat' dir='ltr'><em>CHRYSOSTOMI</em></span> <span class='ocrx_word' id='word_1_469' title='bbox 2048 289 2362 348; x_wconf 70' lang='lat' dir='ltr'><em>ARCIIIEP.</em></span> <span class='ocrx_word' id='word_1_470' title='bbox 2402 292 2941 350; x_wconf 80' lang='lat' dir='ltr'><em>CONSTANTINOP.</em></span> <span class='ocrx_word' id='word_1_471' title='bbox 3013 266 3018 269; x_wconf 24' lang='grc'><strong>⁷</strong></span> 
     </span>
    </p>
   </div>
   <div class='ocr_carea' id='block_1_61' title="bbox 3539 294 3644 354">
    <p class='ocr_par' dir='ltr' id='par_1_61' title="bbox 3539 294 3644 354">
     <span class='ocr_line' id='line_1_61' title="bbox 3539 294 3644 354; baseline 0.029 -5"><span class='ocrx_word' id='word_1_472' title='bbox 3539 294 3644 354; x_wconf 59' lang='grc'><em>594</em></span> 
     </span>
    </p>
   </div>
   <div class='ocr_carea' id='block_1_62' title="bbox 2081 394 3658 472">
    <p class='ocr_par' dir='ltr' id='par_1_62' title="bbox 2081 394 3658 472">
     <span class='ocr_line' id='line_1_62' title="bbox 2081 394 3658 472; baseline -0.003 -18"><span class='ocrx_word' id='word_1_473' title='bbox 2081 405 2227 472; x_wconf 81' lang='grc' dir='ltr'><em>τρεῖς</em></span> <span class='ocrx_word' id='word_1_474' title='bbox 2266 398 2502 472; x_wconf 76' lang='grc' dir='ltr'><em>ἡμέρας,</em></span> <span class='ocrx_word' id='word_1_475' title='bbox 2544 399 2666 454; x_wconf 85' lang='grc' dir='ltr'><em>οὑδὲ</em></span> <span class='ocrx_word' id='word_1_476' title='bbox 2701 399 2854 466; x_wconf 83' lang='grc' dir='ltr'><em>δέκα,</em></span> <span class='ocrx_word' id='word_1_477' title='bbox 2899 398 2995 453; x_wconf 69' lang='grc' dir='ltr'><em>καὶ</em></span> <span class='ocrx_word' id='word_1_478' title='bbox 3046 394 3241 464; x_wconf 79' lang='grc' dir='ltr'><em>εἴκοσι,</em></span> <span class='ocrx_word' id='word_1_479' title='bbox 3293 395 3388 452; x_wconf 76' lang='grc' dir='ltr'><em>καὶ</em></span> <span class='ocrx_word' id='word_1_480' title='bbox 3423 397 3658 465; x_wconf 79' lang='grc' dir='ltr'><em>ἑκατὸν,</em></span> 
     </span>
    </p>
   </div>
   <div class='ocr_carea' id='block_1_63' title="bbox 2083 487 3660 564">
    <p class='ocr_par' dir='ltr' id='par_1_63' title="bbox 2083 487 3660 564">
     <span class='ocr_line' id='line_1_63' title="bbox 2083 487 3660 564; baseline 0.001 -20"><span class='ocrx_word' id='word_1_481' title='bbox 2083 492 2217 545; x_wconf 85' lang='grc' dir='ltr'><em>ἀλλά</em></span> <span class='ocrx_word' id='word_1_482' title='bbox 2270 487 2470 558; x_wconf 78' lang='grc' dir='ltr'><em>πολλάς</em></span> <span class='ocrx_word' id='word_1_483' title='bbox 2529 495 2624 547; x_wconf 68' lang='grc' dir='ltr'><em>καλ⁸</em></span> <span class='ocrx_word' id='word_1_484' title='bbox 2681 493 2927 564; x_wconf 85' lang='grc' dir='ltr'><em>συνεχεῖς</em></span> <span class='ocrx_word' id='word_1_485' title='bbox 2976 492 3035 544; x_wconf 83' lang='grc' dir='ltr'><em>ἐν</em></span> <span class='ocrx_word' id='word_1_486' title='bbox 3079 489 3363 562; x_wconf 76' lang='grc' dir='ltr'><em>ἀρρωστίᾳ</em></span> <span class='ocrx_word' id='word_1_487' title='bbox 3397 489 3526 559; x_wconf 77' lang='grc' dir='ltr'><em>ἐζη,</em></span> <span class='ocrx_word' id='word_1_488' title='bbox 3562 491 3660 546; x_wconf 89' lang='grc' dir='ltr'><em>τοῦ</em></span> 
     </span>
    </p>
   </div>
   <div class='ocr_carea' id='block_1_64' title="bbox 2082 583 3666 660">
    <p class='ocr_par' dir='ltr' id='par_1_64' title="bbox 2082 583 3666 660">
     <span class='ocr_line' id='line_1_64' title="bbox 2082 583 3666 660; baseline -0.001 -22"><span class='ocrx_word' id='word_1_489' title='bbox 2082 583 2240 658; x_wconf 81' lang='grc'>[575]</span> <span class='ocrx_word' id='word_1_490' title='bbox 2280 583 2529 656; x_wconf 86' lang='grc' dir='ltr'><em>σώματος</em></span> <span class='ocrx_word' id='word_1_491' title='bbox 2581 585 2732 658; x_wconf 87' lang='grc' dir='ltr'><em>αὑτῷ</em></span> <span class='ocrx_word' id='word_1_492' title='bbox 2771 585 2911 660; x_wconf 82' lang='grc' dir='ltr'><em>μετά</em></span> <span class='ocrx_word' id='word_1_493' title='bbox 2938 583 3141 655; x_wconf 89' lang='grc' dir='ltr'><em>πολλῆς</em></span> <span class='ocrx_word' id='word_1_494' title='bbox 3169 583 3272 654; x_wconf 84' lang='grc' dir='ltr'><em>τῆς</em></span> <span class='ocrx_word' id='word_1_495' title='bbox 3303 583 3666 655; x_wconf 78' lang='grc' dir='ltr'><em>σφοδρότητος</em></span> 
     </span>
    </p>
   </div>
   <div class='ocr_carea' id='block_1_65' title="bbox 2083 675 3662 752">
    <p class='ocr_par' dir='ltr' id='par_1_65' title="bbox 2083 675 3662 752">
     <span class='ocr_line' id='line_1_65' title="bbox 2083 675 3662 752; baseline -0.002 -19"><span class='ocrx_word' id='word_1_496' title='bbox 2083 678 2543 752; x_wconf 76' lang='grc' dir='ltr'><em>ἐξησθενημένου.</em></span> <span class='ocrx_word' id='word_1_497' title='bbox 2566 679 2676 732; x_wconf 72' lang='grc' dir='ltr'><em>Καὶ</em></span> <span class='ocrx_word' id='word_1_498' title='bbox 2708 677 2866 732; x_wconf 88' lang='grc' dir='ltr'><em>τοῦτο</em></span> <span class='ocrx_word' id='word_1_499' title='bbox 2897 676 3075 748; x_wconf 84' lang='grc' dir='ltr'><em>δηλῶν</em></span> <span class='ocrx_word' id='word_1_500' title='bbox 3105 677 3134 730; x_wconf 88' lang='grc' dir='ltr'><em>ό</em></span> <span class='ocrx_word' id='word_1_501' title='bbox 3185 675 3397 740; x_wconf 87' lang='grc' dir='ltr'><em>Παῦλος</em></span> <span class='ocrx_word' id='word_1_502' title='bbox 3437 676 3622 746; x_wconf 71' lang='grc' dir='ltr'><em>ἔλεγεν</em></span> <span class='ocrx_word' id='word_1_503' title='bbox 3646 693 3662 708; x_wconf 66' lang='grc' dir='ltr'><strong><em>ν</em></strong></span> 
     </span>
    </p>
   </div>
   <div class='ocr_carea' id='block_1_66' title="bbox 2091 769 3670 842">
    <p class='ocr_par' dir='ltr' id='par_1_66' title="bbox 2091 769 3670 842">
     <span class='ocr_line' id='line_1_66' title="bbox 2091 769 3670 842; baseline -0.002 -15"><span class='ocrx_word' id='word_1_504' title='bbox 2091 772 2244 841; x_wconf 72' lang='grc' dir='ltr'><em>Οίνῳ</em></span> <span class='ocrx_word' id='word_1_505' title='bbox 2274 771 2458 842; x_wconf 78' lang='grc' dir='ltr'><em>ὀλίγῳ</em></span> <span class='ocrx_word' id='word_1_506' title='bbox 2498 771 2622 842; x_wconf 83' lang='grc' dir='ltr'><em>χρῶ</em></span> <span class='ocrx_word' id='word_1_507' title='bbox 2669 770 2770 825; x_wconf 86' lang='grc' dir='ltr'><em>διὰ</em></span> <span class='ocrx_word' id='word_1_508' title='bbox 2797 770 2907 826; x_wconf 84' lang='grc' dir='ltr'><em>τὸν</em></span> <span class='ocrx_word' id='word_1_509' title='bbox 2931 769 3241 840; x_wconf 78' lang='grc' dir='ltr'><em>στόμαχόν</em></span> <span class='ocrx_word' id='word_1_510' title='bbox 3264 784 3401 835; x_wconf 90' lang='grc' dir='ltr'><em>σου,</em></span> <span class='ocrx_word' id='word_1_511' title='bbox 3435 769 3533 822; x_wconf 78' lang='grc' dir='ltr'><em>καί</em></span> <span class='ocrx_word' id='word_1_512' title='bbox 3562 770 3670 836; x_wconf 79' lang='grc' dir='ltr'><em>τὰς</em></span> 
     </span>
    </p>
   </div>
   <div class='ocr_carea' id='block_1_67' title="bbox 2085 860 3667 933">
    <p class='ocr_par' dir='ltr' id='par_1_67' title="bbox 2085 860 3667 933">
     <span class='ocr_line' id='line_1_67' title="bbox 2085 860 3667 933; baseline -0.003 -13"><span class='ocrx_word' id='word_1_513' title='bbox 2085 864 2327 930; x_wconf 81' lang='grc' dir='ltr'><em>πυκνάς</em></span> <span class='ocrx_word' id='word_1_514' title='bbox 2365 881 2482 920; x_wconf 91' lang='grc' dir='ltr'><em>σου</em></span> <span class='ocrx_word' id='word_1_515' title='bbox 2532 865 2874 930; x_wconf 79' lang='grc' dir='ltr'><em>ἀσθενείας.</em></span> <span class='ocrx_word' id='word_1_516' title='bbox 2907 864 3017 919; x_wconf 75' lang='grc' dir='ltr'><em>Καὶ</em></span> <span class='ocrx_word' id='word_1_517' title='bbox 3044 863 3106 917; x_wconf 87' lang='grc' dir='ltr'><em>οὑ</em></span> <span class='ocrx_word' id='word_1_518' title='bbox 3145 860 3460 933; x_wconf 87' lang='grc' dir='ltr'><em>διώρθωσεν</em></span> <span class='ocrx_word' id='word_1_519' title='bbox 3501 863 3667 916; x_wconf 80' lang='grc' dir='ltr'><em>αὑτοῦ</em></span> 
     </span>
    </p>
   </div>
   <div class='ocr_carea' id='block_1_68' title="bbox 2083 955 3669 1030">
    <p class='ocr_par' dir='ltr' id='par_1_68' title="bbox 2083 955 3669 1030">
     <span class='ocr_line' id='line_1_68' title="bbox 2083 955 3669 1030; baseline -0.003 -18"><span class='ocrx_word' id='word_1_520' title='bbox 2083 957 2183 1030; x_wconf 81' lang='grc' dir='ltr'><em>τὴν</em></span> <span class='ocrx_word' id='word_1_521' title='bbox 2237 957 2524 1012; x_wconf 88' lang='grc' dir='ltr'><em>ἀσθένειαν</em></span> <span class='ocrx_word' id='word_1_522' title='bbox 2569 960 2600 1011; x_wconf 84' lang='grc' dir='ltr'><em>ό</em></span> <span class='ocrx_word' id='word_1_523' title='bbox 2659 957 2887 1030; x_wconf 74' lang='grc' dir='ltr'><em>νεκροὺς</em></span> <span class='ocrx_word' id='word_1_524' title='bbox 2945 956 3176 1028; x_wconf 87' lang='grc' dir='ltr'><em>ἐγείρων</em></span> <span class='ocrx_word' id='word_1_525' title='bbox 3208 996 3224 1023; x_wconf 95' lang='grc'><em>,</em></span> <span class='ocrx_word' id='word_1_526' title='bbox 3287 955 3403 1009; x_wconf 79' lang='grc' dir='ltr'><em>ἀλλ’</em></span> <span class='ocrx_word' id='word_1_527' title='bbox 3457 955 3669 1026; x_wconf 86' lang='grc' dir='ltr'><em>ἀφῆκεν</em></span> 
     </span>
    </p>
   </div>
   <div class='ocr_carea' id='block_1_69' title="bbox 2086 1047 3669 1125">
    <p class='ocr_par' dir='ltr' id='par_1_69' title="bbox 2086 1047 3669 1125">
     <span class='ocr_line' id='line_1_69' title="bbox 2086 1047 3669 1125; baseline 0 -21"><span class='ocrx_word' id='word_1_528' title='bbox 2086 1047 2228 1106; x_wconf 79' lang='grc' dir='ltr'><em>εῖναι</em></span> <span class='ocrx_word' id='word_1_529' title='bbox 2280 1053 2340 1106; x_wconf 89' lang='grc' dir='ltr'><em>ἐν</em></span> <span class='ocrx_word' id='word_1_530' title='bbox 2379 1055 2445 1125; x_wconf 79' lang='grc' dir='ltr'><em>τῇ</em></span> <span class='ocrx_word' id='word_1_531' title='bbox 2496 1051 2714 1124; x_wconf 85' lang='grc' dir='ltr'><em>καμίνῳ</em></span> <span class='ocrx_word' id='word_1_532' title='bbox 2783 1053 2884 1123; x_wconf 79' lang='grc' dir='ltr'><em>τῆς</em></span> <span class='ocrx_word' id='word_1_533' title='bbox 2942 1050 3121 1117; x_wconf 89' lang='grc' dir='ltr'><em>νόσου,</em></span> <span class='ocrx_word' id='word_1_534' title='bbox 3189 1047 3333 1102; x_wconf 80' lang='grc' dir='ltr'><em>ὥστε</em></span> <span class='ocrx_word' id='word_1_535' title='bbox 3412 1048 3669 1120; x_wconf 81' lang='grc' dir='ltr'><em>μέγιστον</em></span> 
     </span>
    </p>
   </div>
   <div class='ocr_carea' id='block_1_70' title="bbox 2088 1141 3670 1216">
    <p class='ocr_par' dir='ltr' id='par_1_70' title="bbox 2088 1141 3670 1216">
     <span class='ocr_line' id='line_1_70' title="bbox 2088 1141 3670 1216; baseline -0.001 -18"><span class='ocrx_word' id='word_1_536' title='bbox 2088 1144 2234 1216; x_wconf 87' lang='grc' dir='ltr'><em>αὑτῷ</em></span> <span class='ocrx_word' id='word_1_537' title='bbox 2277 1145 2373 1198; x_wconf 77' lang='grc' dir='ltr'><em>καὶ</em></span> <span class='ocrx_word' id='word_1_538' title='bbox 2425 1144 2675 1200; x_wconf 84' lang='grc' dir='ltr'><em>ἐντεῦθεν</em></span> <span class='ocrx_word' id='word_1_539' title='bbox 2744 1143 3079 1215; x_wconf 85' lang='grc' dir='ltr'><em>συναχθῆναι</em></span> <span class='ocrx_word' id='word_1_540' title='bbox 3141 1141 3454 1214; x_wconf 76' lang='grc' dir='ltr'><em>παρρησίας</em></span> <span class='ocrx_word' id='word_1_541' title='bbox 3505 1142 3670 1197; x_wconf 87' lang='grc' dir='ltr'><em>πλοῦ-</em></span> 
     </span>
    </p>
   </div>
   <div class='ocr_carea' id='block_1_71' title="bbox 2089 1232 3669 1311">
    <p class='ocr_par' dir='ltr' id='par_1_71' title="bbox 2089 1232 3669 1311">
     <span class='ocr_line' id='line_1_71' title="bbox 2089 1232 3669 1311; baseline -0.001 -19"><span class='ocrx_word' id='word_1_542' title='bbox 2089 1255 2201 1292; x_wconf 87' lang='grc' dir='ltr'><em>τον.</em></span> <span class='ocrx_word' id='word_1_543' title='bbox 2263 1232 2367 1292; x_wconf 83' lang='grc' dir='ltr'><em>Ὧν</em></span> <span class='ocrx_word' id='word_1_544' title='bbox 2434 1238 2542 1311; x_wconf 81' lang='grc' dir='ltr'><em>γὰρ</em></span> <span class='ocrx_word' id='word_1_545' title='bbox 2598 1238 2762 1303; x_wconf 77' lang='grc' dir='ltr'><em>αὐτὸς</em></span> <span class='ocrx_word' id='word_1_546' title='bbox 2817 1237 3162 1293; x_wconf 84' lang='grc' dir='ltr'><em>ἀπολέλαυκε</em></span> <span class='ocrx_word' id='word_1_547' title='bbox 3232 1235 3385 1306; x_wconf 87' lang='grc' dir='ltr'><em>παρά</em></span> <span class='ocrx_word' id='word_1_548' title='bbox 3430 1234 3526 1290; x_wconf 86' lang='grc' dir='ltr'><em>τοῦ</em></span> <span class='ocrx_word' id='word_1_549' title='bbox 3572 1240 3669 1290; x_wconf 81' lang='grc' dir='ltr'><em>Δε⁸</em></span> 
     </span>
    </p>
   </div>
   <div class='ocr_carea' id='block_1_72' title="bbox 2095 1329 3670 1404">
    <p class='ocr_par' dir='ltr' id='par_1_72' title="bbox 2095 1329 3670 1404">
     <span class='ocr_line' id='line_1_72' title="bbox 2095 1329 3670 1404; baseline 0 -21"><span class='ocrx_word' id='word_1_550' title='bbox 2095 1330 2317 1397; x_wconf 86' lang='grc' dir='ltr'><em>σπότου,</em></span> <span class='ocrx_word' id='word_1_551' title='bbox 2370 1331 2467 1386; x_wconf 72' lang='grc' dir='ltr'><em>καὶ</em></span> <span class='ocrx_word' id='word_1_552' title='bbox 2521 1331 2668 1404; x_wconf 73' lang='grc' dir='ltr'><em>ἅπερ</em></span> <span class='ocrx_word' id='word_1_553' title='bbox 2727 1330 3024 1403; x_wconf 86' lang='grc' dir='ltr'><em>ἐπαιδεύθη</em></span> <span class='ocrx_word' id='word_1_554' title='bbox 3062 1330 3193 1402; x_wconf 84' lang='grc' dir='ltr'><em>παρ’</em></span> <span class='ocrx_word' id='word_1_555' title='bbox 3224 1329 3458 1395; x_wconf 88' lang='grc' dir='ltr'><em>ἐκείνου,</em></span> <span class='ocrx_word' id='word_1_556' title='bbox 3494 1329 3670 1384; x_wconf 89' lang='grc' dir='ltr'><em>ταῦτα</em></span> 
     </span>
    </p>
   </div>
   <div class='ocr_carea' id='block_1_73' title="bbox 2093 1422 3674 1498">
    <p class='ocr_par' dir='ltr' id='par_1_73' title="bbox 2093 1422 3674 1498">
     <span class='ocr_line' id='line_1_73' title="bbox 2093 1422 3674 1498; baseline -0.001 -20"><span class='ocrx_word' id='word_1_557' title='bbox 2093 1422 2190 1478; x_wconf 66' lang='grc' dir='ltr'><em>καὶ</em></span> <span class='ocrx_word' id='word_1_558' title='bbox 2243 1423 2336 1478; x_wconf 79' lang='grc' dir='ltr'><em>τὸν</em></span> <span class='ocrx_word' id='word_1_559' title='bbox 2389 1424 2639 1498; x_wconf 86' lang='grc' dir='ltr'><em>μαθητὴν</em></span> <span class='ocrx_word' id='word_1_560' title='bbox 2693 1425 2995 1480; x_wconf 86' lang='grc' dir='ltr'><em>ἐδίδασκεν.</em></span> <span class='ocrx_word' id='word_1_561' title='bbox 3032 1425 3096 1477; x_wconf 70' lang='lat' dir='ltr'><em>El</em></span> <span class='ocrx_word' id='word_1_562' title='bbox 3145 1422 3254 1496; x_wconf 83' lang='grc' dir='ltr'><em>γὰρ</em></span> <span class='ocrx_word' id='word_1_563' title='bbox 3314 1423 3410 1478; x_wconf 74' lang='grc' dir='ltr'><em>καὶ</em></span> <span class='ocrx_word' id='word_1_564' title='bbox 3461 1422 3537 1494; x_wconf 83' lang='grc' dir='ltr'><em>μὴ</em></span> <span class='ocrx_word' id='word_1_565' title='bbox 3579 1425 3674 1496; x_wconf 74' lang='grc' dir='ltr'><em>ἀρ⁹</em></span> 
     </span>
    </p>
   </div>
   <div class='ocr_carea' id='block_1_74' title="bbox 2094 1515 3672 1591">
    <p class='ocr_par' dir='ltr' id='par_1_74' title="bbox 2094 1515 3672 1591">
     <span class='ocr_line' id='line_1_74' title="bbox 2094 1515 3672 1591; baseline -0.001 -21"><span class='ocrx_word' id='word_1_566' title='bbox 2094 1517 2301 1590; x_wconf 76' lang='grc' dir='ltr'><em>ρωστίᾳ</em></span> <span class='ocrx_word' id='word_1_567' title='bbox 2352 1518 2741 1590; x_wconf 88' lang='grc' dir='ltr'><em>περιέπιπτεν,</em></span> <span class='ocrx_word' id='word_1_568' title='bbox 2781 1518 2896 1573; x_wconf 80' lang='grc' dir='ltr'><em>ἀλλ’</em></span> <span class='ocrx_word' id='word_1_569' title='bbox 2928 1516 3242 1591; x_wconf 72' lang='grc' dir='ltr'><em>ἀρρωστίας</em></span> <span class='ocrx_word' id='word_1_570' title='bbox 3294 1517 3395 1569; x_wconf 89' lang='grc' dir='ltr'><em>οὑκ</em></span> <span class='ocrx_word' id='word_1_571' title='bbox 3449 1515 3672 1571; x_wconf 75' lang='grc' dir='ltr'><em>ἔλαττον</em></span> 
     </span>
    </p>
   </div>
   <div class='ocr_carea' id='block_1_75' title="bbox 2093 1609 3673 1682">
    <p class='ocr_par' dir='ltr' id='par_1_75' title="bbox 2093 1609 3673 1682">
     <span class='ocr_line' id='line_1_75' title="bbox 2093 1609 3673 1682; baseline 0.002 -21"><span class='ocrx_word' id='word_1_572' title='bbox 2093 1612 2393 1682; x_wconf 76' lang='grc' dir='ltr'><em>περιασμοὶ</em></span> <span class='ocrx_word' id='word_1_573' title='bbox 2445 1611 2608 1666; x_wconf 83' lang='grc' dir='ltr'><em>αὑτὸν</em></span> <span class='ocrx_word' id='word_1_574' title='bbox 2662 1609 3036 1681; x_wconf 80' lang='grc' dir='ltr'><em>κολαφίζουσι,</em></span> <span class='ocrx_word' id='word_1_575' title='bbox 3085 1609 3180 1664; x_wconf 78' lang='grc' dir='ltr'><em>καὶ</em></span> <span class='ocrx_word' id='word_1_576' title='bbox 3219 1609 3420 1681; x_wconf 76' lang='grc' dir='ltr'><em>πολλὴν</em></span> <span class='ocrx_word' id='word_1_577' title='bbox 3476 1610 3673 1680; x_wconf 77' lang='grc' dir='ltr'><em>ὀδύνην</em></span> 
     </span>
    </p>
   </div>
   <div class='ocr_carea' id='block_1_76' title="bbox 2093 1701 3670 1777">
    <p class='ocr_par' dir='ltr' id='par_1_76' title="bbox 2093 1701 3670 1777">
     <span class='ocr_line' id='line_1_76' title="bbox 2093 1701 3670 1777; baseline 0.001 -22"><span class='ocrx_word' id='word_1_578' title='bbox 2093 1701 2418 1774; x_wconf 82' lang='grc' dir='ltr'><em>ἐπιφέρουσι</em></span> <span class='ocrx_word' id='word_1_579' title='bbox 2476 1707 2542 1776; x_wconf 84' lang='grc' dir='ltr'><em>τῇ</em></span> <span class='ocrx_word' id='word_1_580' title='bbox 2615 1704 2800 1777; x_wconf 89' lang='grc' dir='ltr'><em>σαρκί.</em></span> <span class='ocrx_word' id='word_1_581' title='bbox 2857 1703 3071 1772; x_wconf 87' lang='grc' dir='ltr'><em>Ἐδόθη</em></span> <span class='ocrx_word' id='word_1_582' title='bbox 3129 1702 3235 1774; x_wconf 83' lang='grc' dir='ltr'><em>γάρ</em></span> <span class='ocrx_word' id='word_1_583' title='bbox 3288 1720 3426 1773; x_wconf 82' lang='grc' dir='ltr'><em>μοι,</em></span> <span class='ocrx_word' id='word_1_584' title='bbox 3495 1704 3670 1774; x_wconf 77' lang='grc' dir='ltr'><em>φησὶ,</em></span> 
     </span>
    </p>
   </div>
   <div class='ocr_carea' id='block_1_77' title="bbox 2094 1795 3672 1867">
    <p class='ocr_par' dir='ltr' id='par_1_77' title="bbox 2094 1795 3672 1867">
     <span class='ocr_line' id='line_1_77' title="bbox 2094 1795 3672 1867; baseline 0.001 -19"><span class='ocrx_word' id='word_1_585' title='bbox 2094 1796 2345 1866; x_wconf 74' lang='grc' dir='ltr'><em>σκόλοψ</em></span> <span class='ocrx_word' id='word_1_586' title='bbox 2394 1796 2470 1866; x_wconf 79' lang='grc' dir='ltr'><em>τῇ</em></span> <span class='ocrx_word' id='word_1_587' title='bbox 2513 1799 2694 1867; x_wconf 76' lang='grc' dir='ltr'><em>σαρκί</em></span> <span class='ocrx_word' id='word_1_588' title='bbox 2749 1798 3007 1867; x_wconf 74' lang='grc' dir='ltr'><em>ἅγγελος</em></span> <span class='ocrx_word' id='word_1_589' title='bbox 3050 1795 3269 1863; x_wconf 82' lang='grc' dir='ltr'><em>Σατᾶν,</em></span> <span class='ocrx_word' id='word_1_590' title='bbox 3321 1797 3422 1850; x_wconf 82' lang='grc' dir='ltr'><em>ἵνα</em></span> <span class='ocrx_word' id='word_1_591' title='bbox 3455 1814 3531 1867; x_wconf 83' lang='grc' dir='ltr'><em>με</em></span> <span class='ocrx_word' id='word_1_592' title='bbox 3569 1815 3672 1851; x_wconf 80' lang='grc' dir='ltr'><em>κο-</em></span> 
     </span>
    </p>
   </div>
   <div class='ocr_carea' id='block_1_78' title="bbox 2095 1886 3676 1961">
    <p class='ocr_par' dir='ltr' id='par_1_78' title="bbox 2095 1886 3676 1961">
     <span class='ocr_line' id='line_1_78' title="bbox 2095 1886 3676 1961; baseline 0.001 -19"><span class='ocrx_word' id='word_1_593' title='bbox 2095 1886 2313 1958; x_wconf 70' lang='grc' dir='ltr'><em>λαφίζῃ</em></span> <span class='ocrx_word' id='word_1_594' title='bbox 2348 1905 2360 1918; x_wconf 90' lang='grc'><strong>·</strong></span> <span class='ocrx_word' id='word_1_595' title='bbox 2387 1888 2489 1953; x_wconf 79' lang='grc' dir='ltr'><em>τὰς</em></span> <span class='ocrx_word' id='word_1_596' title='bbox 2532 1890 2750 1961; x_wconf 85' lang='grc' dir='ltr'><em>πληγὰς</em></span> <span class='ocrx_word' id='word_1_597' title='bbox 2788 1889 2985 1959; x_wconf 85' lang='grc' dir='ltr'><em>λέγων,</em></span> <span class='ocrx_word' id='word_1_598' title='bbox 3038 1889 3106 1944; x_wconf 74' lang='grc' dir='ltr'><em>τὰ</em></span> <span class='ocrx_word' id='word_1_599' title='bbox 3170 1889 3366 1961; x_wconf 85' lang='grc' dir='ltr'><em>δεσμὰ,</em></span> <span class='ocrx_word' id='word_1_600' title='bbox 3402 1888 3504 1954; x_wconf 82' lang='grc' dir='ltr'><em>τὰς</em></span> <span class='ocrx_word' id='word_1_601' title='bbox 3551 1889 3676 1944; x_wconf 84' lang='grc' dir='ltr'><em>ἀλύ-</em></span> 
     </span>
    </p>
   </div>
   <div class='ocr_carea' id='block_1_79' title="bbox 2099 1981 3676 2056">
    <p class='ocr_par' dir='ltr' id='par_1_79' title="bbox 2099 1981 3676 2056">
     <span class='ocr_line' id='line_1_79' title="bbox 2099 1981 3676 2056; baseline 0.001 -22"><span class='ocrx_word' id='word_1_602' title='bbox 2099 1997 2234 2046; x_wconf 90' lang='grc' dir='ltr'><em>σεις,</em></span> <span class='ocrx_word' id='word_1_603' title='bbox 2292 1981 2360 2036; x_wconf 81' lang='grc' dir='ltr'><em>τά</em></span> <span class='ocrx_word' id='word_1_604' title='bbox 2417 1983 2793 2056; x_wconf 87' lang='grc' dir='ltr'><em>δεσμωτήρια,</em></span> <span class='ocrx_word' id='word_1_605' title='bbox 2823 1983 2884 2037; x_wconf 79' lang='grc' dir='ltr'><em>τὸ</em></span> <span class='ocrx_word' id='word_1_606' title='bbox 2918 1983 3181 2052; x_wconf 79' lang='grc' dir='ltr'><em>ἄγεσθαι,</em></span> <span class='ocrx_word' id='word_1_607' title='bbox 3219 1983 3314 2038; x_wconf 71' lang='grc' dir='ltr'><em>καὶ</em></span> <span class='ocrx_word' id='word_1_608' title='bbox 3371 1983 3676 2054; x_wconf 83' lang='grc' dir='ltr'><em>σπαράττε-</em></span> 
     </span>
    </p>
   </div>
   <div class='ocr_carea' id='block_1_80' title="bbox 2100 2073 3678 2148">
    <p class='ocr_par' dir='ltr' id='par_1_80' title="bbox 2100 2073 3678 2148">
     <span class='ocr_line' id='line_1_80' title="bbox 2100 2073 3678 2148; baseline 0.001 -22"><span class='ocrx_word' id='word_1_609' title='bbox 2100 2073 2224 2130; x_wconf 82' lang='grc' dir='ltr'><em>σθαι</em></span> <span class='ocrx_word' id='word_1_610' title='bbox 2273 2075 2369 2129; x_wconf 77' lang='grc' dir='ltr'><em>καὶ</em></span> <span class='ocrx_word' id='word_1_611' title='bbox 2415 2075 2829 2130; x_wconf 88' lang='grc' dir='ltr'><em>κατατείνεσθαι</em></span> <span class='ocrx_word' id='word_1_612' title='bbox 2886 2076 3140 2148; x_wconf 82' lang='grc' dir='ltr'><em>μάστιξιν</em></span> <span class='ocrx_word' id='word_1_613' title='bbox 3203 2087 3230 2116; x_wconf 70' lang='grc' dir='ltr'>α</span> <span class='ocrx_word' id='word_1_614' title='bbox 3298 2075 3404 2129; x_wconf 86' lang='grc' dir='ltr'><em>ὑπὸ</em></span> <span class='ocrx_word' id='word_1_615' title='bbox 3464 2075 3678 2146; x_wconf 82' lang='grc' dir='ltr'><em>δημίων</em></span> 
     </span>
    </p>
   </div>
   <div class='ocr_carea' id='block_1_81' title="bbox 2097 2165 3678 2243">
    <p class='ocr_par' dir='ltr' id='par_1_81' title="bbox 2097 2165 3678 2243">
     <span class='ocr_line' id='line_1_81' title="bbox 2097 2165 3678 2243; baseline 0.003 -23"><span class='ocrx_word' id='word_1_616' title='bbox 2097 2165 2378 2232; x_wconf 87' lang='grc' dir='ltr'><em>πολλάκις.</em></span> <span class='ocrx_word' id='word_1_617' title='bbox 2412 2169 2504 2223; x_wconf 76' lang='grc' dir='ltr'><em>Διὸ</em></span> <span class='ocrx_word' id='word_1_618' title='bbox 2553 2171 2647 2224; x_wconf 63' lang='grc' dir='ltr'><em>καλ⁵</em></span> <span class='ocrx_word' id='word_1_619' title='bbox 2711 2170 2786 2242; x_wconf 83' lang='grc' dir='ltr'><em>μὴ</em></span> <span class='ocrx_word' id='word_1_620' title='bbox 2841 2171 3023 2243; x_wconf 86' lang='grc' dir='ltr'><em>φέρων</em></span> <span class='ocrx_word' id='word_1_621' title='bbox 3072 2170 3172 2236; x_wconf 84' lang='grc' dir='ltr'><em>τὰς</em></span> <span class='ocrx_word' id='word_1_622' title='bbox 3209 2170 3402 2234; x_wconf 85' lang='grc' dir='ltr'><em>ὀδύνας</em></span> <span class='ocrx_word' id='word_1_623' title='bbox 3449 2169 3549 2235; x_wconf 84' lang='grc' dir='ltr'><em>τὰς</em></span> <span class='ocrx_word' id='word_1_624' title='bbox 3586 2172 3678 2224; x_wconf 86' lang='grc' dir='ltr'><em>ἐν-</em></span> 
     </span>
    </p>
   </div>
   <div class='ocr_carea' id='block_1_82' title="bbox 2097 2257 3680 2336">
    <p class='ocr_par' dir='ltr' id='par_1_82' title="bbox 2097 2257 3680 2336">
     <span class='ocr_line' id='line_1_82' title="bbox 2097 2257 3680 2336; baseline 0.004 -25"><span class='ocrx_word' id='word_1_625' title='bbox 2097 2257 2290 2314; x_wconf 88' lang='grc' dir='ltr'><em>τεῦθεν</em></span> <span class='ocrx_word' id='word_1_626' title='bbox 2334 2264 2400 2333; x_wconf 80' lang='grc' dir='ltr'><em>τῇ</em></span> <span class='ocrx_word' id='word_1_627' title='bbox 2442 2263 2607 2335; x_wconf 78' lang='grc' dir='ltr'><em>σαρκὶ</em></span> <span class='ocrx_word' id='word_1_628' title='bbox 2656 2265 3132 2336; x_wconf 89' lang='grc' dir='ltr'><em>προσγινομένας,</em></span> <span class='ocrx_word' id='word_1_629' title='bbox 3189 2265 3374 2333; x_wconf 76' lang='grc' dir='ltr'><em>ἔλεγεν</em></span> <span class='ocrx_word' id='word_1_630' title='bbox 3404 2281 3419 2297; x_wconf 90' lang='grc'><strong>·</strong></span> <span class='ocrx_word' id='word_1_631' title='bbox 3496 2265 3680 2334; x_wconf 79' lang='grc' dir='ltr'><em>’Υπὲρ</em></span> 
     </span>
    </p>
   </div>
   <div class='ocr_carea' id='block_1_83' title="bbox 2099 2357 3680 2432">
    <p class='ocr_par' dir='ltr' id='par_1_83' title="bbox 2099 2357 3680 2432">
     <span class='ocr_line' id='line_1_83' title="bbox 2099 2357 3680 2432; baseline 0.003 -22"><span class='ocrx_word' id='word_1_632' title='bbox 2099 2357 2316 2413; x_wconf 83' lang='grc' dir='ltr'><em>τούτου</em></span> <span class='ocrx_word' id='word_1_633' title='bbox 2386 2359 2515 2426; x_wconf 80' lang='grc' dir='ltr'><em>τρίς</em></span> <span class='ocrx_word' id='word_1_634' title='bbox 2588 2359 2696 2414; x_wconf 81' lang='grc' dir='ltr'><em>τὸν</em></span> <span class='ocrx_word' id='word_1_635' title='bbox 2767 2362 2988 2430; x_wconf 87' lang='grc' dir='ltr'><em>Κύριον</em></span> <span class='ocrx_word' id='word_1_636' title='bbox 3055 2361 3444 2430; x_wconf 79' lang='grc' dir='ltr'><em>παρεκάλεσα</em></span> <span class='ocrx_word' id='word_1_637' title='bbox 3495 2361 3680 2432; x_wconf 73' lang='grc' dir='ltr'><em>(τρίς</em></span> 
     </span>
    </p>
   </div>
   <div class='ocr_carea' id='block_1_84' title="bbox 2101 2449 3680 2526">
    <p class='ocr_par' dir='ltr' id='par_1_84' title="bbox 2101 2449 3680 2526">
     <span class='ocr_line' id='line_1_84' title="bbox 2101 2449 3680 2526; baseline 0.003 -23"><span class='ocrx_word' id='word_1_638' title='bbox 2101 2449 2337 2504; x_wconf 80' lang='grc' dir='ltr'><em>ἐνταῦθα</em></span> <span class='ocrx_word' id='word_1_639' title='bbox 2389 2451 2450 2505; x_wconf 87' lang='grc' dir='ltr'><em>τὸ</em></span> <span class='ocrx_word' id='word_1_640' title='bbox 2505 2453 2766 2518; x_wconf 91' lang='grc' dir='ltr'><em>πολλάκις</em></span> <span class='ocrx_word' id='word_1_641' title='bbox 2829 2453 3085 2526; x_wconf 87' lang='grc' dir='ltr'><em>λέγων),</em></span> <span class='ocrx_word' id='word_1_642' title='bbox 3145 2452 3303 2509; x_wconf 86' lang='grc' dir='ltr'><em>ὥστε</em></span> <span class='ocrx_word' id='word_1_643' title='bbox 3356 2455 3680 2524; x_wconf 77' lang='grc' dir='ltr'><em>ἐλευθερω-</em></span> 
     </span>
    </p>
   </div>
   <div class='ocr_carea' id='block_1_85' title="bbox 2101 2540 3678 2620">
    <p class='ocr_par' dir='ltr' id='par_1_85' title="bbox 2101 2540 3678 2620">
     <span class='ocr_line' id='line_1_85' title="bbox 2101 2540 3678 2620; baseline 0.003 -23"><span class='ocrx_word' id='word_1_644' title='bbox 2101 2540 2279 2612; x_wconf 84' lang='grc' dir='ltr'><em>θῆναι</em></span> <span class='ocrx_word' id='word_1_645' title='bbox 2365 2545 2472 2600; x_wconf 83' lang='grc' dir='ltr'><em>τοῦ</em></span> <span class='ocrx_word' id='word_1_646' title='bbox 2554 2548 2869 2614; x_wconf 76' lang='grc' dir='ltr'><em>σκόλοπος</em></span> <span class='ocrx_word' id='word_1_647' title='bbox 2957 2547 3192 2603; x_wconf 79' lang='grc' dir='ltr'><em>τούτου.</em></span> <span class='ocrx_word' id='word_1_648' title='bbox 3269 2542 3407 2602; x_wconf 76' lang='grc' dir='ltr'><em>Εἶτα</em></span> <span class='ocrx_word' id='word_1_649' title='bbox 3491 2549 3678 2620; x_wconf 83' lang='grc' dir='ltr'><em>ἐπειδὴ</em></span> 
     </span>
    </p>
   </div>
   <div class='ocr_carea' id='block_1_86' title="bbox 2059 2636 3680 2713">
    <p class='ocr_par' dir='ltr' id='par_1_86' title="bbox 2059 2636 3680 2713">
     <span class='ocr_line' id='line_1_86' title="bbox 2059 2636 3680 2713; baseline 0.004 -23"><span class='ocrx_word' id='word_1_650' title='bbox 2059 2701 2064 2705; x_wconf 94' lang='lat'>_</span> <span class='ocrx_word' id='word_1_651' title='bbox 2100 2636 2202 2690; x_wconf 87' lang='grc' dir='ltr'><em>οὑκ</em></span> <span class='ocrx_word' id='word_1_652' title='bbox 2244 2636 2499 2708; x_wconf 85' lang='grc' dir='ltr'><em>ἐπέτυχε,</em></span> <span class='ocrx_word' id='word_1_653' title='bbox 2534 2638 2722 2710; x_wconf 88' lang='grc' dir='ltr'><em>μαθὼν</em></span> <span class='ocrx_word' id='word_1_654' title='bbox 2760 2639 2854 2693; x_wconf 83' lang='grc' dir='ltr'><em>τοῦ</em></span> <span class='ocrx_word' id='word_1_655' title='bbox 2909 2641 3235 2712; x_wconf 89' lang='grc' dir='ltr'><em>πράγματος</em></span> <span class='ocrx_word' id='word_1_656' title='bbox 3263 2641 3324 2694; x_wconf 83' lang='grc' dir='ltr'><em>τὺ</em></span> <span class='ocrx_word' id='word_1_657' title='bbox 3346 2641 3556 2713; x_wconf 87' lang='grc' dir='ltr'><em>κέρδος,</em></span> <span class='ocrx_word' id='word_1_658' title='bbox 3585 2645 3680 2696; x_wconf 78' lang='grc' dir='ltr'><em>καὶ</em></span> 
     </span>
    </p>
   </div>
   <div class='ocr_carea' id='block_1_87' title="bbox 2101 2727 3298 2805">
    <p class='ocr_par' dir='ltr' id='par_1_87' title="bbox 2101 2727 3298 2805">
     <span class='ocr_line' id='line_1_87' title="bbox 2101 2727 3298 2805; baseline 0.008 -23"><span class='ocrx_word' id='word_1_659' title='bbox 2101 2727 2367 2802; x_wconf 78' lang='grc' dir='ltr'><em>ἡσύχασε,</em></span> <span class='ocrx_word' id='word_1_660' title='bbox 2403 2730 2498 2784; x_wconf 74' lang='grc' dir='ltr'><em>καὶ</em></span> <span class='ocrx_word' id='word_1_661' title='bbox 2535 2731 2678 2804; x_wconf 79' lang='grc' dir='ltr'><em>ῆσθη</em></span> <span class='ocrx_word' id='word_1_662' title='bbox 2703 2732 2796 2786; x_wconf 80' lang='grc' dir='ltr'><em>ἐπὶ</em></span> <span class='ocrx_word' id='word_1_663' title='bbox 2821 2735 2934 2797; x_wconf 91' lang='grc' dir='ltr'><em>τοῖς</em></span> <span class='ocrx_word' id='word_1_664' title='bbox 2966 2734 3298 2805; x_wconf 82' lang='grc' dir='ltr'><em>γινομένοις.</em></span> 
     </span>
    </p>
   </div>
   <div class='ocr_carea' id='block_1_88' title="bbox 2171 2858 3679 2931">
    <p class='ocr_par' dir='ltr' id='par_1_88' title="bbox 2171 2858 3679 2931">
     <span class='ocr_line' id='line_1_88' title="bbox 2171 2858 3679 2931; baseline -0.001 -19"><span class='ocrx_word' id='word_1_665' title='bbox 2171 2858 2284 2912; x_wconf 78' lang='grc' dir='ltr'><em>Καὶ</em></span> <span class='ocrx_word' id='word_1_666' title='bbox 2331 2861 2397 2912; x_wconf 87' lang='grc' dir='ltr'><em>σὺ</em></span> <span class='ocrx_word' id='word_1_667' title='bbox 2451 2860 2633 2913; x_wconf 88' lang='grc' dir='ltr'><em>τοίνυν</em></span> <span class='ocrx_word' id='word_1_668' title='bbox 2689 2859 2794 2914; x_wconf 81' lang='grc' dir='ltr'><em>κᾶν</em></span> <span class='ocrx_word' id='word_1_669' title='bbox 2852 2859 2992 2914; x_wconf 87' lang='grc' dir='ltr'><em>οίκοι</em></span> <span class='ocrx_word' id='word_1_670' title='bbox 3042 2859 3234 2931; x_wconf 78' lang='grc' dir='ltr'><em>μένῃς,</em></span> <span class='ocrx_word' id='word_1_671' title='bbox 3264 2859 3361 2914; x_wconf 73' lang='grc' dir='ltr'><em>καὶ</em></span> <span class='ocrx_word' id='word_1_672' title='bbox 3411 2861 3477 2931; x_wconf 81' lang='grc' dir='ltr'><em>τῇ</em></span> <span class='ocrx_word' id='word_1_673' title='bbox 3522 2859 3679 2930; x_wconf 78' lang='grc' dir='ltr'><em>κλίνῃ</em></span> 
     </span>
    </p>
   </div>
   <div class='ocr_carea' id='block_1_89' title="bbox 2099 2949 3678 3027">
    <p class='ocr_par' dir='ltr' id='par_1_89' title="bbox 2099 2949 3678 3027">
     <span class='ocr_line' id='line_1_89' title="bbox 2099 2949 3678 3027; baseline 0.001 -23"><span class='ocrx_word' id='word_1_674' title='bbox 2099 2951 2497 3023; x_wconf 78' lang='grc' dir='ltr'><em>προσηλωμένη</em></span> <span class='ocrx_word' id='word_1_675' title='bbox 2566 2949 2672 3027; x_wconf 79' lang='grc' dir='ltr'><em>ᾖς,</em></span> <span class='ocrx_word' id='word_1_676' title='bbox 2731 2952 2806 3025; x_wconf 79' lang='grc' dir='ltr'><em>μὴ</em></span> <span class='ocrx_word' id='word_1_677' title='bbox 2874 2951 3062 3023; x_wconf 80' lang='grc' dir='ltr'><em>νόμιζε</em></span> <span class='ocrx_word' id='word_1_678' title='bbox 3118 2953 3288 3024; x_wconf 82' lang='grc' dir='ltr'><em>ἀργὸν</em></span> <span class='ocrx_word' id='word_1_679' title='bbox 3357 2951 3472 3022; x_wconf 85' lang='grc' dir='ltr'><em>βίον</em></span> <span class='ocrx_word' id='word_1_680' title='bbox 3534 2952 3633 3023; x_wconf 80' lang='grc' dir='ltr'><em>ζῇν</em></span> <span class='ocrx_word' id='word_1_681' title='bbox 3662 2969 3678 2986; x_wconf 77' lang='grc' dir='ltr'><strong>ο</strong></span> 
     </span>
    </p>
   </div>
   <div class='ocr_carea' id='block_1_90' title="bbox 2103 3044 3678 3118">
    <p class='ocr_par' dir='ltr' id='par_1_90' title="bbox 2103 3044 3678 3118">
     <span class='ocr_line' id='line_1_90' title="bbox 2103 3044 3678 3118; baseline 0.001 -20"><span class='ocrx_word' id='word_1_682' title='bbox 2103 3044 2214 3098; x_wconf 87' lang='grc' dir='ltr'><em>τῶν</em></span> <span class='ocrx_word' id='word_1_683' title='bbox 2265 3045 2373 3118; x_wconf 82' lang='grc' dir='ltr'><em>γὰρ</em></span> <span class='ocrx_word' id='word_1_684' title='bbox 2422 3046 2527 3100; x_wconf 85' lang='grc' dir='ltr'><em>ὑπὸ</em></span> <span class='ocrx_word' id='word_1_685' title='bbox 2558 3047 2770 3118; x_wconf 87' lang='grc' dir='ltr'><em>δημίων</em></span> <span class='ocrx_word' id='word_1_686' title='bbox 2825 3046 3135 3118; x_wconf 79' lang='grc' dir='ltr'><em>ἑλκομένων</em></span> <span class='ocrx_word' id='word_1_687' title='bbox 3196 3046 3678 3118; x_wconf 89' lang='grc' dir='ltr'><em>σπαραττομένων,</em></span> 
     </span>
    </p>
   </div>
   <div class='ocr_carea' id='block_1_91' title="bbox 2101 3138 3684 3211">
    <p class='ocr_par' dir='ltr' id='par_1_91' title="bbox 2101 3138 3684 3211">
     <span class='ocr_line' id='line_1_91' title="bbox 2101 3138 3684 3211; baseline 0.001 -19"><span class='ocrx_word' id='word_1_688' title='bbox 2101 3138 2429 3209; x_wconf 85' lang='grc' dir='ltr'><em>τεινομένων</em></span> <span class='ocrx_word' id='word_1_689' title='bbox 2456 3179 2472 3204; x_wconf 96' lang='grc'><em>,</em></span> <span class='ocrx_word' id='word_1_690' title='bbox 2535 3139 2647 3193; x_wconf 85' lang='grc' dir='ltr'><em>τῶν</em></span> <span class='ocrx_word' id='word_1_691' title='bbox 2719 3139 2790 3193; x_wconf 72' lang='grc' dir='ltr'><em>τὰ</em></span> <span class='ocrx_word' id='word_1_692' title='bbox 2864 3139 3070 3210; x_wconf 78' lang='grc' dir='ltr'><em>ἔσχατα</em></span> <span class='ocrx_word' id='word_1_693' title='bbox 3140 3141 3462 3211; x_wconf 85' lang='grc' dir='ltr'><em>πασχόντων</em></span> <span class='ocrx_word' id='word_1_694' title='bbox 3524 3140 3684 3211; x_wconf 79' lang='grc' dir='ltr'><em>χαλε-</em></span> 
     </span>
    </p>
   </div>
   <div class='ocr_carea' id='block_1_92' title="bbox 2106 3229 3683 3305">
    <p class='ocr_par' dir='ltr' id='par_1_92' title="bbox 2106 3229 3683 3305">
     <span class='ocr_line' id='line_1_92' title="bbox 2106 3229 3683 3305; baseline 0.002 -21"><span class='ocrx_word' id='word_1_695' title='bbox 2106 3229 2328 3303; x_wconf 85' lang='grc' dir='ltr'><em>πώτερα</em></span> <span class='ocrx_word' id='word_1_696' title='bbox 2385 3231 2696 3303; x_wconf 83' lang='grc' dir='ltr'><em>ὑπομένεις,</em></span> <span class='ocrx_word' id='word_1_697' title='bbox 2753 3231 2949 3304; x_wconf 88' lang='grc' dir='ltr'><em>δήμιον</em></span> <span class='ocrx_word' id='word_1_698' title='bbox 3002 3232 3222 3305; x_wconf 82' lang='grc' dir='ltr'><em>διηνεκῆ</em></span> <span class='ocrx_word' id='word_1_699' title='bbox 3278 3234 3375 3286; x_wconf 70' lang='grc' dir='ltr'><em>καὶ</em></span> <span class='ocrx_word' id='word_1_700' title='bbox 3436 3232 3683 3287; x_wconf 86' lang='grc' dir='ltr'><em>σύνοικον</em></span> 
     </span>
    </p>
   </div>
   <div class='ocr_carea' id='block_1_93' title="bbox 2101 3322 3686 3400">
    <p class='ocr_par' dir='ltr' id='par_1_93' title="bbox 2101 3322 3686 3400">
     <span class='ocr_line' id='line_1_93' title="bbox 2101 3322 3686 3400; baseline -0.014 -9"><span class='ocrx_word' id='word_1_701' title='bbox 2101 3322 2348 3395; x_wconf 74' lang='grc' dir='ltr'><em>ἔχουσα,</em></span> <span class='ocrx_word' id='word_1_702' title='bbox 2430 3325 2532 3397; x_wconf 79' lang='grc' dir='ltr'><em>τῆς</em></span> <span class='ocrx_word' id='word_1_703' title='bbox 2624 3325 2940 3398; x_wconf 68' lang='grc' dir='ltr'><em>ἀρρωστίας</em></span> <span class='ocrx_word' id='word_1_704' title='bbox 3027 3325 3234 3398; x_wconf 88' lang='grc' dir='ltr'><em>ταύτης</em></span> <span class='ocrx_word' id='word_1_705' title='bbox 3317 3324 3418 3398; x_wconf 79' lang='grc' dir='ltr'><em>τὴν</em></span> <span class='ocrx_word' id='word_1_706' title='bbox 3513 3326 3686 3400; x_wconf 78' lang='grc' dir='ltr'><em>ὑπερ..</em></span> 
     </span>
    </p>
   </div>
   <div class='ocr_carea' id='block_1_94' title="bbox 2103 3415 2286 3489">
    <p class='ocr_par' dir='ltr' id='par_1_94' title="bbox 2103 3415 2286 3489">
     <span class='ocr_line' id='line_1_94' title="bbox 2103 3415 2286 3489; baseline 0.022 -20"><span class='ocrx_word' id='word_1_707' title='bbox 2103 3415 2286 3489; x_wconf 76' lang='grc' dir='ltr'><em>ϐολήν.</em></span> 
     </span>
    </p>
   </div>
   <div class='ocr_carea' id='block_1_95' title="bbox 2172 3529 3685 3602">
    <p class='ocr_par' dir='ltr' id='par_1_95' title="bbox 2172 3529 3685 3602">
     <span class='ocr_line' id='line_1_95' title="bbox 2172 3529 3685 3602; baseline 0 -19"><span class='ocrx_word' id='word_1_708' title='bbox 2172 3529 2253 3584; x_wconf 81' lang='grc' dir='ltr'><em>δ’.</em></span> <span class='ocrx_word' id='word_1_709' title='bbox 2302 3529 2393 3599; x_wconf 77' lang='grc' dir='ltr'><em>Μὴ</em></span> <span class='ocrx_word' id='word_1_710' title='bbox 2449 3530 2632 3585; x_wconf 85' lang='grc' dir='ltr'><em>τοίνυν</em></span> <span class='ocrx_word' id='word_1_711' title='bbox 2695 3531 2837 3602; x_wconf 83' lang='grc' dir='ltr'><em>μήτε</em></span> <span class='ocrx_word' id='word_1_712' title='bbox 2902 3529 3166 3602; x_wconf 88' lang='grc' dir='ltr'><em>τελευτῆς</em></span> <span class='ocrx_word' id='word_1_713' title='bbox 3221 3529 3482 3600; x_wconf 87' lang='grc' dir='ltr'><em>ἐπιθύμει</em></span> <span class='ocrx_word' id='word_1_714' title='bbox 3546 3529 3685 3599; x_wconf 90' lang='grc' dir='ltr'><em>νῦν,</em></span> 
     </span>
    </p>
   </div>
   <div class='ocr_carea' id='block_1_96' title="bbox 2107 3622 3691 3696">
    <p class='ocr_par' dir='ltr' id='par_1_96' title="bbox 2107 3622 3691 3696">
     <span class='ocr_line' id='line_1_96' title="bbox 2107 3622 3691 3696; baseline 0.001 -20"><span class='ocrx_word' id='word_1_715' title='bbox 2107 3622 2246 3695; x_wconf 80' lang='grc' dir='ltr'><em>μήτε</em></span> <span class='ocrx_word' id='word_1_716' title='bbox 2305 3624 2498 3692; x_wconf 86' lang='grc' dir='ltr'><em>ἀμέλει</em></span> <span class='ocrx_word' id='word_1_717' title='bbox 2557 3624 2894 3696; x_wconf 78' lang='grc' dir='ltr'><em>θεραπείαςο</em></span> <span class='ocrx_word' id='word_1_718' title='bbox 2959 3625 3081 3678; x_wconf 87' lang='grc' dir='ltr'><em>οὑδέ</em></span> <span class='ocrx_word' id='word_1_719' title='bbox 3144 3623 3252 3696; x_wconf 81' lang='grc' dir='ltr'><em>γάρ</em></span> <span class='ocrx_word' id='word_1_720' title='bbox 3299 3623 3456 3677; x_wconf 89' lang='grc' dir='ltr'><em>τοῦτο</em></span> <span class='ocrx_word' id='word_1_721' title='bbox 3518 3624 3691 3693; x_wconf 84' lang='grc' dir='ltr'><em>ἀσφα-</em></span> 
     </span>
    </p>
   </div>
   <div class='ocr_carea' id='block_1_97' title="bbox 2105 3714 3686 3788">
    <p class='ocr_par' dir='ltr' id='par_1_97' title="bbox 2105 3714 3686 3788">
     <span class='ocr_line' id='line_1_97' title="bbox 2105 3714 3686 3788; baseline 0.002 -20"><span class='ocrx_word' id='word_1_722' title='bbox 2105 3714 2344 3778; x_wconf 86' lang='grc' dir='ltr'><em>λές.Διά</em></span> <span class='ocrx_word' id='word_1_723' title='bbox 2385 3733 2469 3769; x_wconf 90' lang='grc' dir='ltr'><em>τοι</em></span> <span class='ocrx_word' id='word_1_724' title='bbox 2528 3716 2689 3770; x_wconf 85' lang='grc' dir='ltr'><em>τοῦτο</em></span> <span class='ocrx_word' id='word_1_725' title='bbox 2742 3718 2837 3770; x_wconf 72' lang='grc' dir='ltr'><em>καὶ</em></span> <span class='ocrx_word' id='word_1_726' title='bbox 2885 3717 3134 3788; x_wconf 81' lang='grc' dir='ltr'><em>Τιμοθέῳ</em></span> <span class='ocrx_word' id='word_1_727' title='bbox 3189 3719 3450 3788; x_wconf 88' lang='grc' dir='ltr'><em>παραινεῖ</em></span> <span class='ocrx_word' id='word_1_728' title='bbox 3481 3717 3686 3788; x_wconf 81' lang='grc' dir='ltr'><em>σφόδρα</em></span> 
     </span>
    </p>
   </div>
   <div class='ocr_carea' id='block_1_98' title="bbox 2109 3806 3688 3882">
    <p class='ocr_par' dir='ltr' id='par_1_98' title="bbox 2109 3806 3688 3882">
     <span class='ocr_line' id='line_1_98' title="bbox 2109 3806 3688 3882; baseline 0.003 -22"><span class='ocrx_word' id='word_1_729' title='bbox 2109 3807 2490 3878; x_wconf 88' lang='grc' dir='ltr'><em>ἐπιμελεῖσθαι</em></span> <span class='ocrx_word' id='word_1_730' title='bbox 2564 3808 2756 3864; x_wconf 87' lang='grc' dir='ltr'><em>ἐαυτοῦ</em></span> <span class='ocrx_word' id='word_1_731' title='bbox 2816 3811 2845 3863; x_wconf 84' lang='grc' dir='ltr'><strong>ὁ</strong></span> <span class='ocrx_word' id='word_1_732' title='bbox 2904 3809 3133 3874; x_wconf 89' lang='grc' dir='ltr'><em>Παῦλος.</em></span> <span class='ocrx_word' id='word_1_733' title='bbox 3227 3810 3340 3882; x_wconf 88' lang='grc' dir='ltr'><em>Τῆς</em></span> <span class='ocrx_word' id='word_1_734' title='bbox 3418 3810 3515 3879; x_wconf 84' lang='grc' dir='ltr'><em>μὲν</em></span> <span class='ocrx_word' id='word_1_735' title='bbox 3593 3806 3688 3864; x_wconf 82' lang='grc' dir='ltr'><em>οὖν</em></span> 
     </span>
    </p>
   </div>
   <div class='ocr_carea' id='block_1_99' title="bbox 2107 3902 3689 3975">
    <p class='ocr_par' dir='ltr' id='par_1_99' title="bbox 2107 3902 3689 3975">
     <span class='ocr_line' id='line_1_99' title="bbox 2107 3902 3689 3975; baseline 0 -19"><span class='ocrx_word' id='word_1_736' title='bbox 2107 3902 2423 3975; x_wconf 74' lang='grc' dir='ltr'><em>ἀρρωστίας</em></span> <span class='ocrx_word' id='word_1_737' title='bbox 2480 3902 2666 3956; x_wconf 78' lang='grc' dir='ltr'><em>ἕνεκεν</em></span> <span class='ocrx_word' id='word_1_738' title='bbox 2726 3903 2888 3974; x_wconf 89' lang='grc' dir='ltr'><em>ἀρκεῖ</em></span> <span class='ocrx_word' id='word_1_739' title='bbox 2930 3902 3102 3957; x_wconf 90' lang='grc' dir='ltr'><em>ταῦτα</em></span> <span class='ocrx_word' id='word_1_740' title='bbox 3153 3903 3351 3959; x_wconf 80' lang='grc' dir='ltr'><em>εἰπεῖν.</em></span> <span class='ocrx_word' id='word_1_741' title='bbox 3403 3904 3468 3957; x_wconf 71' lang='lat' dir='ltr'><em>El</em></span> <span class='ocrx_word' id='word_1_742' title='bbox 3521 3903 3578 3957; x_wconf 85' lang='grc' dir='ltr'><em>δέ</em></span> <span class='ocrx_word' id='word_1_743' title='bbox 3626 3903 3689 3958; x_wconf 74' lang='grc' dir='ltr'><em>τὸ</em></span> 
     </span>
    </p>
   </div>
   <div class='ocr_carea' id='block_1_100' title="bbox 2107 3995 3690 4068">
    <p class='ocr_par' dir='ltr' id='par_1_100' title="bbox 2107 3995 3690 4068">
     <span class='ocr_line' id='line_1_100' title="bbox 2107 3995 3690 4068; baseline 0.001 -20"><span class='ocrx_word' id='word_1_744' title='bbox 2107 3995 2444 4068; x_wconf 84' lang='grc' dir='ltr'><em>κεχωρίσθαι</em></span> <span class='ocrx_word' id='word_1_745' title='bbox 2492 3995 2650 4068; x_wconf 81' lang='grc' dir='ltr'><em>ἡμῶν</em></span> <span class='ocrx_word' id='word_1_746' title='bbox 2706 3998 2850 4051; x_wconf 88' lang='grc' dir='ltr'><em>ποιεῖ</em></span> <span class='ocrx_word' id='word_1_747' title='bbox 2901 4013 2984 4050; x_wconf 92' lang='grc' dir='ltr'><em>σοι</em></span> <span class='ocrx_word' id='word_1_748' title='bbox 3030 3996 3128 4068; x_wconf 78' lang='grc' dir='ltr'><em>τὴν</em></span> <span class='ocrx_word' id='word_1_749' title='bbox 3167 3995 3444 4068; x_wconf 89' lang='grc' dir='ltr'><em>ἀθυμίαν,</em></span> <span class='ocrx_word' id='word_1_750' title='bbox 3521 4014 3690 4068; x_wconf 82' lang='grc' dir='ltr'><em>προσ-</em></span> 
     </span>
    </p>
   </div>
   <div class='ocr_carea' id='block_1_101' title="bbox 2108 4087 3689 4160">
    <p class='ocr_par' dir='ltr' id='par_1_101' title="bbox 2108 4087 3689 4160">
     <span class='ocr_line' id='line_1_101' title="bbox 2108 4087 3689 4160; baseline 0.002 -18"><span class='ocrx_word' id='word_1_751' title='bbox 2108 4087 2242 4142; x_wconf 86' lang='grc' dir='ltr'><em>δόκα</em></span> <span class='ocrx_word' id='word_1_752' title='bbox 2321 4087 2514 4142; x_wconf 88' lang='grc' dir='ltr'><em>τούτου</em></span> <span class='ocrx_word' id='word_1_753' title='bbox 2581 4089 2756 4144; x_wconf 90' lang='grc' dir='ltr'><em>λύσιν.</em></span> <span class='ocrx_word' id='word_1_754' title='bbox 2821 4089 2932 4143; x_wconf 59' lang='grc' dir='ltr'><em>Καὶ⁵</em></span> <span class='ocrx_word' id='word_1_755' title='bbox 2981 4089 3140 4143; x_wconf 89' lang='grc' dir='ltr'><em>τοῦτο</em></span> <span class='ocrx_word' id='word_1_756' title='bbox 3185 4090 3284 4160; x_wconf 89' lang='grc' dir='ltr'><em>οὑχ</em></span> <span class='ocrx_word' id='word_1_757' title='bbox 3351 4090 3437 4144; x_wconf 76' lang='grc' dir='ltr'><em>ἵνα</em></span> <span class='ocrx_word' id='word_1_758' title='bbox 3505 4108 3689 4160; x_wconf 84' lang='grc' dir='ltr'><em>παρα-</em></span> 
     </span>
    </p>
   </div>
   <div class='ocr_carea' id='block_1_102' title="bbox 2110 4177 3688 4248">
    <p class='ocr_par' dir='ltr' id='par_1_102' title="bbox 2110 4177 3688 4248">
     <span class='ocr_line' id='line_1_102' title="bbox 2110 4177 3688 4248; baseline 0.002 -13"><span class='ocrx_word' id='word_1_759' title='bbox 2110 4181 2326 4236; x_wconf 88' lang='grc' dir='ltr'><em>καλέσω</em></span> <span class='ocrx_word' id='word_1_760' title='bbox 2364 4199 2424 4235; x_wconf 90' lang='grc' dir='ltr'><em>σε</em></span> <span class='ocrx_word' id='word_1_761' title='bbox 2457 4177 2608 4236; x_wconf 73' lang='grc' dir='ltr'><em>εἷπον</em></span> <span class='ocrx_word' id='word_1_762' title='bbox 2657 4181 2774 4248; x_wconf 92' lang='grc' dir='ltr'><em>νῦν,</em></span> <span class='ocrx_word' id='word_1_763' title='bbox 2807 4181 2922 4236; x_wconf 85' lang='grc' dir='ltr'><em>ἀλλ’</em></span> <span class='ocrx_word' id='word_1_764' title='bbox 2977 4179 3095 4236; x_wconf 75' lang='grc' dir='ltr'><em>οἶδα</em></span> <span class='ocrx_word' id='word_1_765' title='bbox 3147 4181 3231 4237; x_wconf 84' lang='grc' dir='ltr'><em>ὅτι</em></span> <span class='ocrx_word' id='word_1_766' title='bbox 3265 4182 3484 4247; x_wconf 86' lang='grc' dir='ltr'><em>πάντως</em></span> <span class='ocrx_word' id='word_1_767' title='bbox 3514 4184 3688 4238; x_wconf 83' lang='grc' dir='ltr'><em>ἐσται.</em></span> 
     </span>
    </p>
   </div>
   <div class='ocr_carea' id='block_1_103' title="bbox 2111 4275 3695 4348">
    <p class='ocr_par' dir='ltr' id='par_1_103' title="bbox 2111 4275 3695 4348">
     <span class='ocr_line' id='line_1_103' title="bbox 2111 4275 3695 4348; baseline 0.001 -20"><span class='ocrx_word' id='word_1_768' title='bbox 2111 4275 2174 4328; x_wconf 77' lang='lat' dir='ltr'><em>EE</em></span> <span class='ocrx_word' id='word_1_769' title='bbox 2235 4275 2343 4348; x_wconf 84' lang='grc' dir='ltr'><em>γὰρ</em></span> <span class='ocrx_word' id='word_1_770' title='bbox 2400 4275 2475 4348; x_wconf 78' lang='grc' dir='ltr'><em>μὴ</em></span> <span class='ocrx_word' id='word_1_771' title='bbox 2528 4275 2751 4347; x_wconf 72' lang='grc' dir='ltr'><em>ἔμελλεν</em></span> <span class='ocrx_word' id='word_1_772' title='bbox 2807 4275 3048 4341; x_wconf 77' lang='grc' dir='ltr'><em>ἔσεσθαι,</em></span> <span class='ocrx_word' id='word_1_773' title='bbox 3090 4276 3259 4331; x_wconf 90' lang='grc' dir='ltr'><em>πάλαι</em></span> <span class='ocrx_word' id='word_1_774' title='bbox 3321 4276 3406 4343; x_wconf 83' lang='grc' dir='ltr'><em>ἂν,</em></span> <span class='ocrx_word' id='word_1_775' title='bbox 3439 4276 3515 4341; x_wconf 83' lang='grc' dir='ltr'><em>ὡς</em></span> <span class='ocrx_word' id='word_1_776' title='bbox 3561 4277 3695 4346; x_wconf 84' lang='grc' dir='ltr'><em>ἐγω-</em></span> 
     </span>
    </p>
   </div>
   <div class='ocr_carea' id='block_1_104' title="bbox 2111 4364 3698 4441">
    <p class='ocr_par' dir='ltr' id='par_1_104' title="bbox 2111 4364 3698 4441">
     <span class='ocr_line' id='line_1_104' title="bbox 2111 4364 3698 4441; baseline 0.001 -21"><span class='ocrx_word' id='word_1_777' title='bbox 2111 4383 2175 4436; x_wconf 88' lang='grc' dir='ltr'><em>γε</em></span> <span class='ocrx_word' id='word_1_778' title='bbox 2221 4365 2415 4440; x_wconf 74' lang='grc' dir='ltr'><em>οἶμαι,</em></span> <span class='ocrx_word' id='word_1_779' title='bbox 2467 4368 2830 4440; x_wconf 86' lang='grc' dir='ltr'><em>ἀπεληλύθειν</em></span> <span class='ocrx_word' id='word_1_780' title='bbox 2870 4367 3142 4434; x_wconf 81' lang='grc' dir='ltr'><em>ἐντεῦθεν,</em></span> <span class='ocrx_word' id='word_1_781' title='bbox 3191 4367 3252 4421; x_wconf 87' lang='grc' dir='ltr'><em>τό</em></span> <span class='ocrx_word' id='word_1_782' title='bbox 3307 4383 3370 4437; x_wconf 87' lang='grc' dir='ltr'><em>γε</em></span> <span class='ocrx_word' id='word_1_783' title='bbox 3440 4364 3573 4441; x_wconf 78' lang='grc' dir='ltr'><em>ἧκον</em></span> <span class='ocrx_word' id='word_1_784' title='bbox 3613 4370 3698 4432; x_wconf 83' lang='grc' dir='ltr'><em>είς</em></span> 
     </span>
    </p>
   </div>
   <div class='ocr_carea' id='block_1_105' title="bbox 2113 4460 3696 4534">
    <p class='ocr_par' dir='ltr' id='par_1_105' title="bbox 2113 4460 3696 4534">
     <span class='ocr_line' id='line_1_105' title="bbox 2113 4460 3696 4534; baseline 0 -20"><span class='ocrx_word' id='word_1_785' title='bbox 2113 4463 2241 4525; x_wconf 74' lang='grc' dir='ltr'><em>τοὺς</em></span> <span class='ocrx_word' id='word_1_786' title='bbox 2310 4460 2707 4532; x_wconf 87' lang='grc' dir='ltr'><em>ἐπενεχθέντας</em></span> <span class='ocrx_word' id='word_1_787' title='bbox 2793 4479 2882 4532; x_wconf 88' lang='grc' dir='ltr'><em>μοι</em></span> <span class='ocrx_word' id='word_1_788' title='bbox 2960 4460 3327 4534; x_wconf 87' lang='grc' dir='ltr'><em>πειρασμούς.</em></span> <span class='ocrx_word' id='word_1_789' title='bbox 3392 4460 3511 4514; x_wconf 84' lang='grc' dir='ltr'><em>Ἵνα</em></span> <span class='ocrx_word' id='word_1_790' title='bbox 3584 4461 3696 4530; x_wconf 82' lang='grc' dir='ltr'><em>γὰρ</em></span> 
     </span>
    </p>
   </div>
   <div class='ocr_carea' id='block_1_106' title="bbox 2116 4547 3697 4622">
    <p class='ocr_par' dir='ltr' id='par_1_106' title="bbox 2116 4547 3697 4622">
     <span class='ocr_line' id='line_1_106' title="bbox 2116 4547 3697 4622; baseline -0.001 -21"><span class='ocrx_word' id='word_1_791' title='bbox 2116 4549 2186 4602; x_wconf 74' lang='grc' dir='ltr'><em>τὰ</em></span> <span class='ocrx_word' id='word_1_792' title='bbox 2239 4551 2297 4602; x_wconf 90' lang='grc' dir='ltr'><em>ἐν</em></span> <span class='ocrx_word' id='word_1_793' title='bbox 2347 4549 2918 4604; x_wconf 83' lang='grc' dir='ltr'><em>Κωνσταντινουπόλει</em></span> <span class='ocrx_word' id='word_1_794' title='bbox 2966 4550 3129 4622; x_wconf 85' lang='grc' dir='ltr'><em>παρῶ</em></span> <span class='ocrx_word' id='word_1_795' title='bbox 3181 4548 3383 4618; x_wconf 85' lang='grc' dir='ltr'><em>πάντα,</em></span> <span class='ocrx_word' id='word_1_796' title='bbox 3431 4547 3571 4620; x_wconf 77' lang='grc' dir='ltr'><em>μετὰ</em></span> <span class='ocrx_word' id='word_1_797' title='bbox 3594 4549 3697 4618; x_wconf 81' lang='grc' dir='ltr'><em>τὴν</em></span> 
     </span>
    </p>
   </div>
   <div class='ocr_carea' id='block_1_107' title="bbox 2114 4625 3701 4711">
    <p class='ocr_par' dir='ltr' id='par_1_107' title="bbox 2114 4625 3701 4711">
     <span class='ocr_line' id='line_1_107' title="bbox 2114 4625 3701 4711; baseline -0.001 -19"><span class='ocrx_word' id='word_1_798' title='bbox 2114 4625 2324 4695; x_wconf 70' lang='grc' dir='ltr'><em>ἐκεῖθεν</em></span> <span class='ocrx_word' id='word_1_799' title='bbox 2406 4637 2621 4706; x_wconf 80' lang='grc' dir='ltr'><em>ἔξοδον,</em></span> <span class='ocrx_word' id='word_1_800' title='bbox 2673 4639 2853 4707; x_wconf 76' lang='grc' dir='ltr'><em>ἔξεστι</em></span> <span class='ocrx_word' id='word_1_801' title='bbox 2921 4639 3116 4711; x_wconf 84' lang='grc' dir='ltr'><em>μαθεῖν</em></span> <span class='ocrx_word' id='word_1_802' title='bbox 3188 4639 3292 4693; x_wconf 81' lang='grc' dir='ltr'><em>ὅσα</em></span> <span class='ocrx_word' id='word_1_803' title='bbox 3376 4638 3519 4692; x_wconf 82' lang='grc' dir='ltr'><em>κατὰ</em></span> <span class='ocrx_word' id='word_1_804' title='bbox 3597 4639 3701 4709; x_wconf 81' lang='grc' dir='ltr'><em>τὴν</em></span> 
     </span>
    </p>
   </div>
   <div class='ocr_carea' id='block_1_108' title="bbox 2113 4727 3706 4804">
    <p class='ocr_par' dir='ltr' id='par_1_108' title="bbox 2113 4727 3706 4804">
     <span class='ocr_line' id='line_1_108' title="bbox 2113 4727 3706 4804; baseline -0.001 -17"><span class='ocrx_word' id='word_1_805' title='bbox 2113 4733 2232 4787; x_wconf 80' lang='grc' dir='ltr'><em>ὁδὸν</em></span> <span class='ocrx_word' id='word_1_806' title='bbox 2296 4731 2395 4804; x_wconf 81' lang='grc' dir='ltr'><em>τὴν</em></span> <span class='ocrx_word' id='word_1_807' title='bbox 2466 4732 2688 4804; x_wconf 79' lang='grc' dir='ltr'><em>μακρὰν</em></span> <span class='ocrx_word' id='word_1_808' title='bbox 2746 4732 2955 4804; x_wconf 87' lang='grc' dir='ltr'><em>ταύτην</em></span> <span class='ocrx_word' id='word_1_809' title='bbox 3008 4733 3105 4786; x_wconf 75' lang='grc' dir='ltr'><em>καὶ</em></span> <span class='ocrx_word' id='word_1_810' title='bbox 3163 4732 3446 4804; x_wconf 80' lang='grc' dir='ltr'><em>χαλεπὴν,</em></span> <span class='ocrx_word' id='word_1_811' title='bbox 3504 4727 3583 4786; x_wconf 83' lang='grc' dir='ltr'><em>ὧν</em></span> <span class='ocrx_word' id='word_1_812' title='bbox 3629 4733 3706 4791; x_wconf 68' lang='grc' dir='ltr'><em>τὰ</em></span> 
     </span>
    </p>
   </div>
   <div class='ocr_carea' id='block_1_109' title="bbox 2115 4821 3698 4899">
    <p class='ocr_par' dir='ltr' id='par_1_109' title="bbox 2115 4821 3698 4899">
     <span class='ocr_line' id='line_1_109' title="bbox 2115 4821 3698 4899; baseline 0.001 -21"><span class='ocrx_word' id='word_1_813' title='bbox 2115 4825 2286 4880; x_wconf 88' lang='grc' dir='ltr'><em>πλείω</em></span> <span class='ocrx_word' id='word_1_814' title='bbox 2349 4826 2506 4880; x_wconf 79' lang='grc' dir='ltr'><em>ἱκανά</em></span> <span class='ocrx_word' id='word_1_815' title='bbox 2560 4821 2630 4898; x_wconf 81' lang='grc' dir='ltr'><em>ἦν</em></span> <span class='ocrx_word' id='word_1_816' title='bbox 2687 4825 2917 4880; x_wconf 88' lang='grc' dir='ltr'><em>θάνατον</em></span> <span class='ocrx_word' id='word_1_817' title='bbox 2973 4829 3195 4892; x_wconf 86' lang='grc' dir='ltr'><em>τεκεῖν,</em></span> <span class='ocrx_word' id='word_1_818' title='bbox 3259 4825 3698 4899; x_wconf 81' lang='grc' dir='ltr'><em>ὑπομεμένηκα,</em></span> 
     </span>
    </p>
   </div>
   <div class='ocr_carea' id='block_1_110' title="bbox 2115 4917 3705 4990">
    <p class='ocr_par' dir='ltr' id='par_1_110' title="bbox 2115 4917 3705 4990">
     <span class='ocr_line' id='line_1_110' title="bbox 2115 4917 3705 4990; baseline 0 -20"><span class='ocrx_word' id='word_1_819' title='bbox 2115 4917 2216 4970; x_wconf 87' lang='grc' dir='ltr'><em>ὅσα</em></span> <span class='ocrx_word' id='word_1_820' title='bbox 2289 4917 2428 4984; x_wconf 80' lang='grc' dir='ltr'><em>μετὰ</em></span> <span class='ocrx_word' id='word_1_821' title='bbox 2484 4919 2584 4990; x_wconf 79' lang='grc' dir='ltr'><em>τὴν</em></span> <span class='ocrx_word' id='word_1_822' title='bbox 2637 4917 2874 4972; x_wconf 89' lang='grc' dir='ltr'><em>ἐνταῦθα</em></span> <span class='ocrx_word' id='word_1_823' title='bbox 2941 4917 3129 4987; x_wconf 76' lang='grc' dir='ltr'><em>ἄφιξιν</em></span> <span class='ocrx_word' id='word_1_824' title='bbox 3165 4960 3179 4984; x_wconf 95' lang='grc'><em>,</em></span> <span class='ocrx_word' id='word_1_825' title='bbox 3237 4919 3340 4972; x_wconf 86' lang='grc' dir='ltr'><em>ὅσα</em></span> <span class='ocrx_word' id='word_1_826' title='bbox 3398 4918 3539 4990; x_wconf 82' lang='grc' dir='ltr'><em>μετά</em></span> <span class='ocrx_word' id='word_1_827' title='bbox 3597 4919 3705 4986; x_wconf 78' lang='grc' dir='ltr'><em>τὴν</em></span> 
     </span>
    </p>
   </div>
   <div class='ocr_carea' id='block_1_111' title="bbox 2121 5010 3697 5084">
    <p class='ocr_par' dir='ltr' id='par_1_111' title="bbox 2121 5010 3697 5084">
     <span class='ocr_line' id='line_1_111' title="bbox 2121 5010 3697 5084; baseline 0.002 -21"><span class='ocrx_word' id='word_1_828' title='bbox 2121 5011 2524 5077; x_wconf 84' lang='grc' dir='ltr'><em>μετανάστασιν</em></span> <span class='ocrx_word' id='word_1_829' title='bbox 2570 5012 2667 5082; x_wconf 79' lang='grc' dir='ltr'><em>τὴν</em></span> <span class='ocrx_word' id='word_1_830' title='bbox 2711 5010 2820 5065; x_wconf 80' lang='grc' dir='ltr'><em>ἀπὸ</em></span> <span class='ocrx_word' id='word_1_831' title='bbox 2869 5010 3210 5078; x_wconf 81' lang='grc' dir='ltr'><em>Κουκουσοῦ,</em></span> <span class='ocrx_word' id='word_1_832' title='bbox 3270 5013 3372 5066; x_wconf 83' lang='grc' dir='ltr'><em>ὅσα</em></span> <span class='ocrx_word' id='word_1_833' title='bbox 3429 5014 3569 5084; x_wconf 84' lang='grc' dir='ltr'><em>μετὰ</em></span> <span class='ocrx_word' id='word_1_834' title='bbox 3597 5011 3697 5082; x_wconf 76' lang='grc' dir='ltr'><em>τὴν</em></span> 
     </span>
    </p>
   </div>
   <div class='ocr_carea' id='block_1_112' title="bbox 2117 5101 3701 5175">
    <p class='ocr_par' dir='ltr' id='par_1_112' title="bbox 2117 5101 3701 5175">
     <span class='ocr_line' id='line_1_112' title="bbox 2117 5101 3701 5175; baseline 0.001 -21"><span class='ocrx_word' id='word_1_835' title='bbox 2117 5101 2176 5154; x_wconf 79' lang='grc' dir='ltr'><em>ἐν</em></span> <span class='ocrx_word' id='word_1_836' title='bbox 2228 5101 2538 5173; x_wconf 76' lang='grc' dir='ltr'><em>’Δραὸισσῷ</em></span> <span class='ocrx_word' id='word_1_837' title='bbox 2562 5102 2868 5175; x_wconf 80' lang='grc' dir='ltr'><em>διατρισήν.</em></span> <span class='ocrx_word' id='word_1_838' title='bbox 2889 5102 3051 5156; x_wconf 80' lang='grc' dir='ltr'><em>Ἀλλά</em></span> <span class='ocrx_word' id='word_1_839' title='bbox 3085 5102 3261 5158; x_wconf 89' lang='grc' dir='ltr'><em>ταῦτα</em></span> <span class='ocrx_word' id='word_1_840' title='bbox 3291 5104 3472 5158; x_wconf 85' lang='grc' dir='ltr'><em>πάντα</em></span> <span class='ocrx_word' id='word_1_841' title='bbox 3513 5104 3701 5173; x_wconf 82' lang='grc' dir='ltr'><em>διεφύ-</em></span> 
     </span>
    </p>
   </div>
   <div class='ocr_carea' id='block_1_113' title="bbox 2117 5195 3692 5269">
    <p class='ocr_par' dir='ltr' id='par_1_113' title="bbox 2117 5195 3692 5269">
     <span class='ocr_line' id='line_1_113' title="bbox 2117 5195 3692 5269; baseline 0.004 -25"><span class='ocrx_word' id='word_1_842' title='bbox 2117 5209 2309 5264; x_wconf 86' lang='grc' dir='ltr'><em>γομεν,</em></span> <span class='ocrx_word' id='word_1_843' title='bbox 2356 5195 2449 5247; x_wconf 80' lang='grc' dir='ltr'><em>καὶ</em></span> <span class='ocrx_word' id='word_1_844' title='bbox 2474 5195 2566 5248; x_wconf 89' lang='grc' dir='ltr'><em>νῦν</em></span> <span class='ocrx_word' id='word_1_845' title='bbox 2590 5197 2758 5267; x_wconf 89' lang='grc' dir='ltr'><em>ἐσμεν</em></span> <span class='ocrx_word' id='word_1_846' title='bbox 2775 5197 2833 5250; x_wconf 84' lang='grc' dir='ltr'><em>ἐν</em></span> <span class='ocrx_word' id='word_1_847' title='bbox 2854 5197 3034 5268; x_wconf 80' lang='grc' dir='ltr'><em>ὑγιείᾳ</em></span> <span class='ocrx_word' id='word_1_848' title='bbox 3064 5197 3156 5251; x_wconf 75' lang='grc' dir='ltr'><em>καὶ</em></span> <span class='ocrx_word' id='word_1_849' title='bbox 3183 5197 3458 5269; x_wconf 78' lang='grc' dir='ltr'><em>ἀσφαλείᾳ</em></span> <span class='ocrx_word' id='word_1_850' title='bbox 3499 5196 3692 5266; x_wconf 82' lang='grc' dir='ltr'><em>πολλῇ,</em></span> 
     </span>
    </p>
   </div>
   <div class='ocr_carea' id='block_1_114' title="bbox 2117 5282 3703 5360">
    <p class='ocr_par' dir='ltr' id='par_1_114' title="bbox 2117 5282 3703 5360">
     <span class='ocr_line' id='line_1_114' title="bbox 2117 5282 3703 5360; baseline 0.002 -25"><span class='ocrx_word' id='word_1_851' title='bbox 2117 5282 2193 5346; x_wconf 81' lang='grc' dir='ltr'><em>ὡς</em></span> <span class='ocrx_word' id='word_1_852' title='bbox 2216 5283 2310 5336; x_wconf 76' lang='grc' dir='ltr'><em>καὶ</em></span> <span class='ocrx_word' id='word_1_853' title='bbox 2325 5284 2644 5356; x_wconf 85' lang='grc' dir='ltr'><em>Ἀρμενίους</em></span> <span class='ocrx_word' id='word_1_854' title='bbox 2667 5289 2874 5352; x_wconf 89' lang='grc' dir='ltr'><em>πάντας</em></span> <span class='ocrx_word' id='word_1_855' title='bbox 2896 5287 3318 5360; x_wconf 84' lang='grc' dir='ltr'><em>ἐκπλήττεσθαι,</em></span> <span class='ocrx_word' id='word_1_856' title='bbox 3336 5289 3419 5342; x_wconf 86' lang='grc' dir='ltr'><em>ὅτι</em></span> <span class='ocrx_word' id='word_1_857' title='bbox 3448 5289 3508 5341; x_wconf 87' lang='grc' dir='ltr'><em>ἐν</em></span> <span class='ocrx_word' id='word_1_858' title='bbox 3525 5284 3703 5351; x_wconf 82' lang='grc' dir='ltr'><em>οὕτως</em></span> 
     </span>
    </p>
   </div>
   <div class='ocr_carea' id='block_1_115' title="bbox 2181 5622 3617 5697">
    <p class='ocr_par' dir='ltr' id='par_1_115' title="bbox 2181 5622 3617 5697">
     <span class='ocr_line' id='line_1_115' title="bbox 2181 5622 3617 5697; baseline 0.006 -22"><span class='ocrx_word' id='word_1_859' title='bbox 2181 5623 2204 5653; x_wconf 83' lang='grc'><strong><em>⁸</em></strong></span> <span class='ocrx_word' id='word_1_860' title='bbox 2237 5622 2365 5676; x_wconf 77' lang='lat' dir='ltr'><em>Tres</em></span> <span class='ocrx_word' id='word_1_861' title='bbox 2383 5637 2496 5677; x_wconf 84' lang='lat' dir='ltr'><em>mss.</em></span> <span class='ocrx_word' id='word_1_862' title='bbox 2529 5628 2607 5677; x_wconf 78' lang='grc' dir='ltr'><em>καὶ</em></span> <span class='ocrx_word' id='word_1_863' title='bbox 2632 5629 3005 5694; x_wconf 76' lang='grc' dir='ltr'><em>κατατείνεσθαι,</em></span> <span class='ocrx_word' id='word_1_864' title='bbox 3041 5631 3366 5696; x_wconf 74' lang='grc' dir='ltr'><em>προτείνεσθαι</em></span> <span class='ocrx_word' id='word_1_865' title='bbox 3393 5635 3617 5697; x_wconf 70' lang='grc' dir='ltr'><em>μάστιξιν.</em></span> 
     </span>
    </p>
   </div>
  </div>
