4058 6218
340 200 443 258 593

337 316 520 385 pisset.
542 314 675 371 Nam
700 316 843 389 quod
874 331 901 371 a
927 317 1083 374 nobis
1110 319 1280 389 plura,
1298 336 1456 391 quam
1478 321 1546 376 ab
1565 322 1669 378 illis
1689 324 1778 394 qui
1807 330 1919 380 tum

336 407 607 475 vivebant,
656 412 1031 479 requirantur,
1082 412 1415 483 majoresque
1459 414 1613 470 nobis
1658 417 1920 486 palaestra

332 501 643 555 constituta:
668 501 795 567 sint,
825 501 947 556 audi
974 502 1246 558 Christum
1273 505 1540 561 dicentem
1565 522 1579 560 :
1606 507 1724 562 Nisi
1751 508 1917 562 abun-

332 590 527 643 daverit
542 592 749 660 justitia
775 602 941 646 vestra
970 594 1235 665 plusquam
1254 596 1531 649 scribarum
1551 607 1598 651 et
1624 596 1920 653 Phariaca-

334 696 469 746 rum,
502 697 605 735 non
633 682 882 737 iutrabitis
908 684 959 737 in
984 702 1192 755 regnum
1219 686 1457 740 caelorum
1481 686 1689 757 (Matth.
1719 690 1772 745 5.
1801 689 1915 761 20).

336 771 695 838 Quamobrem
719 788 787 829 ne
812 784 1038 830 mortem
1064 792 1205 831 nunc
1234 789 1509 849 exoptare,
1540 781 1695 851 culpa
1733 796 1919 838 carere

333 864 609 919 existimes
628 905 645 929 ,
685 880 870 920 verum
902 867 1038 922 hanc
1064 869 1212 923 Pauli
1241 886 1424 926 vocem
1451 872 1634 927 audias
1658 891 1671 926 :
1697 874 1919 929 Dissolvi

332 963 382 1007 et
409 970 517 1009 esse
542 971 657 1008 cum
683 955 881 1010 Christo
912 957 1072 1012 multo
1108 959 1288 1013 melius
1310 969 1386 1014 est
1404 976 1423 1015 :
1444 978 1645 1017 manere
1670 974 1837 1017 autem
1865 966 1920 1018 in

333 1061 507 1111 carne,
543 1050 876 1102 necessarium
915 1061 1119 1121 propter
1156 1067 1242 1108 vos
1283 1052 1539 1125 (Philipp.
1576 1057 1628 1110 1.
1668 1055 1757 1110 25.
1802 1056 1915 1127 24).

334 1139 545 1205 Quanto
565 1142 706 1196 enim
731 1142 900 1212 magis
920 1142 1237 1213 ingravescit
1263 1146 1557 1215 calamitas,
1587 1156 1733 1202 tanto
1756 1151 1916 1203 etiam

334 1230 503 1299 magis
546 1230 839 1286 exuberant
880 1244 1353 1305 coronanquanto
1395 1238 1564 1307 magis
1600 1253 1787 1292 aurum
1832 1238 1915 1292 in-

337 1320 672 1386 ﬂammatur,
701 1329 849 1376 tanto
877 1324 1035 1378 etiam
1063 1325 1249 1391 purius
1292 1326 1559 1382 redditur:
1580 1336 1776 1398 quanto
1798 1329 1915 1383 lon-

339 1414 455 1483 gius
482 1414 696 1484 navigat
720 1424 1003 1482 mercator,
1034 1424 1180 1472 tanto
1211 1418 1389 1487 plures
1414 1434 1622 1475 merces
1659 1421 1914 1474 cumulat.

337 1502 595 1568 Quocirca
619 1519 686 1559 ne
708 1519 927 1574 parvum
952 1521 1093 1560 nunc
1119 1506 1211 1561 tibi
1239 1509 1567 1578 pr0positum
1597 1524 1719 1564 esse
1739 1516 1915 1563 certa-

336 1609 456 1648 men
487 1604 670 1664 putes,
723 1611 906 1650 verum
949 1598 1186 1652 omnium
1230 1614 1350 1669 qure
1391 1601 1686 1655 sustinuisti
1716 1601 1917 1655 altissi-

334 1700 480 1739 mum
528 1688 863 1755 maximeque
912 1688 1171 1752 sublime,
1217 1689 1285 1744 de
1333 1704 1400 1746 eo
1444 1690 1634 1760 loquor
1679 1690 1821 1761 quod
1864 1692 1915 1746 in

332 1776 577 1845 corporis
600 1775 823 1831 adversa
854 1778 1156 1834 valetudine
1181 1780 1343 1835 situm
1366 1791 1468 1836 est.
1489 1781 1621 1835 Nam
1643 1790 1694 1836 et
1715 1782 1916 1838 Lazaro

335 1870 482 1940 (licet
509 1870 650 1925 enim
677 1870 780 1926 hoc
814 1872 1059 1942 exemplo
1101 1887 1242 1944 saepe
1279 1874 1346 1929 ad
1386 1882 1438 1930 te
1478 1888 1603 1929 usus
1643 1874 1742 1929 sim
1764 1916 1779 1942 ,
1812 1890 1916 1944 quo

332 1961 508 2015 minus
540 1970 714 2016 tamen
742 1977 886 2017 nunc
909 1963 1086 2018 adhuc
1120 1979 1185 2019 eo
1218 1974 1340 2020 utar
1377 1965 1507 2032 nihil
1545 1965 1809 2037 prohibet)
1848 1966 1916 2020 ad

332 2052 558 2107 salutem
591 2053 691 2108 hoc
714 2055 844 2109 satis
873 2053 1136 2127 fuit(Luc.
1162 2056 1279 2127 16);
1310 2066 1467 2127 atque
1494 2058 1545 2112 in
1574 2059 1746 2113 sinum
1776 2057 1912 2127 ejus,

332 2145 422 2213 qui
449 2160 788 2202 communem
818 2147 1062 2202 omnibus
1105 2150 1546 2218 praetereuntibus
1571 2150 1786 2205 domum
1818 2150 1916 2205 ha-

333 2236 469 2304 buit,
498 2248 551 2292 et
578 2249 793 2309 propter
814 2238 906 2294 Dei
928 2239 1136 2309 jussum
1165 2250 1324 2312 atque
1351 2242 1628 2312 imperium
1659 2251 1916 2313 perpetuo

331 2331 566 2384 extorris
616 2330 752 2397 fuit,
792 2346 856 2387 ac
901 2348 1213 2404 germanum
1254 2346 1308 2390 et
1355 2335 1565 2390 unicum
1609 2335 1814 2401 lilium,
1863 2334 1916 2391 in

331 2434 612 2481 senectute
640 2436 914 2497 acceptum
945 2428 1316 2493 obtruncavit,
1366 2429 1409 2483 is
1449 2429 1538 2499 qui
1564 2429 1696 2483 nihil
1725 2429 1918 2484 horum

333 2514 558 2583 fecerat,
594 2517 793 2573 idcirco
812 2519 1105 2586 abscessit,
1138 2520 1262 2591 quia
1293 2527 1659 2591 paupertatem
1687 2529 1741 2575 et
1767 2535 1916 2574 mor-

335 2608 495 2675 bum,
523 2622 588 2664 ac
625 2619 967 2679 patronorum
1008 2612 1241 2683 inopiam
1286 2628 1439 2683 aequo
1470 2621 1525 2668 et
1564 2612 1704 2667 facili
1740 2613 1920 2668 animo

335 2699 473 2754 tulit.
500 2700 727 2755 Tantum
768 2702 909 2757 enim
940 2702 1139 2758 bonum
1170 2703 1310 2759 istud
1339 2712 1421 2759 est
1447 2703 1511 2758 iis
1532 2745 1546 2770 ,
1577 2704 1665 2775 qui
1708 2698 1830 2759 forti
1856 2720 1921 2760 ac

333 2800 558 2846 strenuo
582 2793 761 2847 animo
804 2793 1004 2864 aliquid
1047 2793 1260 2862 ferunt,
1303 2802 1362 2850 ut
1402 2796 1609 2850 etiamsi
1647 2795 1919 2851 hominem

333 2880 569 2951 aliquem
586 2923 605 2951 ,
630 2883 719 2954 qui
754 2884 999 2939 maximis
1020 2886 1251 2956 peccatis
1280 2900 1400 2941 sese
1427 2886 1758 2953 devinxerit,
1790 2902 1923 2943 nan-

335 2974 589 3039 ciscatur,
616 2975 930 3045 gravissima
957 2987 1294 3046 peccatorum
1321 2978 1528 3033 sarcina
1553 2992 1674 3032 eum
1702 2976 1920 3034 liberet:

336 3067 420 3120 sin
450 3072 626 3122 autem
654 3068 881 3138 probum
922 3068 1091 3124 virum
1130 3084 1194 3125 ac
1240 3069 1423 3125 multis
1463 3069 1772 3126 muneribus
1798 3083 1922 3139 per-

337 3154 617 3222 functum,
662 3158 711 3213 ei
751 3174 857 3213 non
894 3160 1173 3229 exiguum,
1219 3160 1314 3217 sed
1357 3175 1613 3231 perquam
1656 3160 1923 3230 ingentem

335 3245 549 3302 ﬁduciae
574 3248 845 3303 cumulum
890 3249 1097 3305 afferat.
1139 3248 1413 3322 Siquidem
1451 3251 1607 3321 justis
1648 3249 1924 3321 splendida

336 3352 535 3392 corona
564 3348 686 3406 est,
714 3340 950 3411 solisque
978 3341 1238 3413 fulgorem
1266 3341 1562 3397 incredibili
1586 3342 1813 3412 quodam
1843 3342 1926 3397 in-

339 3429 567 3485 tervallo
593 3445 887 3502 superans,
915 3441 971 3488 et
996 3434 1061 3489 iis
1099 3434 1188 3504 qui
1220 3434 1273 3489 in
1304 3443 1580 3504 peccatum
1602 3435 1733 3505 lapsi
1757 3443 1883 3489 sunt
1906 3476 1921 3502 ,

338 3522 576 3577 maxima
603 3524 855 3594 expiatio.
904 3526 1085 3597 anue
1126 3526 1194 3583 de
1241 3542 1401 3583 causa
1444 3543 1567 3583 eum
1600 3543 1811 3598 quoque
1836 3528 1925 3599 qui

339 3621 623 3683 paternum
656 3616 1051 3672 matrimonium
1079 3618 1392 3684 violaverat,
1422 3619 1693 3690 ipsiusque
1729 3620 1927 3675 lectum

339 3708 733 3763 contaminarat
755 3750 770 3775 ,
803 3708 996 3765 Paulus
1020 3710 1072 3765 in
1113 3710 1382 3767 interitum
1413 3714 1588 3768 carnis
1621 3712 1809 3767 tradit:
1830 3713 1929 3768 hac

342 3798 595 3854 videlicet
622 3815 743 3855 eum
770 3801 977 3857 ratione
1004 3817 1251 3873 purgans.
1276 3802 1410 3858 Nam
1437 3803 1577 3873 quod
1605 3819 1668 3859 ea
1698 3819 1757 3859 re
1783 3812 1930 3858 tanta

342 3890 553 3943 macula
584 3901 925 3962 purgaretur,
964 3893 1087 3948 audi
1128 3909 1248 3948 eum
1289 3894 1551 3949 dicentem
1581 3911 1594 3947 :
1622 3893 1689 3948 Ut
1723 3895 1931 3963 spiritus

343 3980 521 4034 salvus
549 3983 613 4036 sit
642 3982 695 4035 in
721 3982 803 4036 die
827 3981 1036 4037 Domini
1064 3984 1225 4038 nostri
1251 3982 1377 4038 Jesu
1404 3983 1590 4038 Christi
1621 3982 1696 4056 (l.
1726 3983 1843 4039 Cor.
1873 3984 1927 4040 5.

343 4074 424 4143 5).
457 4075 594 4142 Quin
616 4076 776 4130 etiam
798 4091 917 4131 cum
947 4074 1065 4131 aliis
1090 4078 1321 4132 maxime
1363 4076 1687 4132 horrendum
1728 4078 1929 4132 crimen

343 4166 631 4234 objiceret,
654 4166 755 4222 hoc
775 4177 856 4222 est
877 4168 942 4223 iis
963 4168 1051 4238 qui
1074 4178 1409 4224 sacrosancta
1432 4183 1618 4224 mensa
1645 4178 1699 4224 et
1724 4168 1932 4224 arcanis

344 4256 459 4311 illis
488 4258 757 4327 mysteriis
782 4258 996 4329 indigne
1022 4257 1297 4324 fruuntur,
1332 4258 1661 4329 dixissetque
1692 4274 1812 4314 eum
1844 4259 1935 4329 qui

345 4349 398 4405 id
429 4351 649 4406 sceleris
677 4350 1010 4416 admisisset,
1045 4367 1193 4407 reum
1236 4351 1351 4408 fore
1379 4352 1619 4421 corporis
1642 4361 1696 4407 et
1723 4352 1937 4422 sangui-

346 4444 433 4498 nis
465 4443 671 4497 Domini
702 4442 862 4516 (Ibid.
893 4445 979 4499 11.
1002 4442 1130 4515 27),
1177 4443 1301 4499 vide
1326 4459 1556 4515 quanam
1592 4443 1798 4498 ratione
1838 4441 1936 4498 hos

346 4535 511 4590 etiam
552 4534 619 4589 ab
649 4535 749 4590 hac
778 4534 918 4591 [ωδε
968 4546 1021 4591 et
1053 4534 1198 4605 gravi
1236 4535 1442 4591 macula
1477 4534 1749 4605 repurgari
1781 4543 1939 4609 atquc

346 4627 581 4699 abstergi
622 4627 797 4696 dicat,
831 4627 914 4682 his
952 4628 1130 4684 verbis
1160 4636 1352 4697 utens,
1396 4627 1676 4700 Propterea
1701 4629 1828 4682 inter
1854 4642 1940 4683 vos

347 4718 500 4771 multi
546 4718 738 4787 inﬁrmi
782 4727 828 4772 et
874 4719 1145 4774 imbecilles
1188 4717 1349 4791 (Ibid.
1400 4735 1448 4775 υ.
1491 4719 1603 4791 50).
1649 4720 1727 4775 Ac
1754 4729 1940 4789 postea

349 4812 488 4867 illud
517 4812 929 4880 demonstrans,
970 4828 1058 4869 res
1096 4828 1280 4869 eorum
1326 4828 1435 4868 non
1464 4813 1516 4867 in
1556 4814 1658 4868 hoc
1684 4812 1942 4883 supplicio

347 4922 636 4964 mansuras
663 4924 784 4965 esse
809 4949 824 4975 ,
855 4924 1043 4964 verum
1073 4907 1312 4964 nonnihil
1342 4907 1475 4962 lucri
1504 4916 1662 4977 atque
1702 4906 1944 4961 utilitatis

346 5002 481 5054 hinc
507 5000 821 5068 rediturum,
851 5016 1043 5071 nempe
1084 5009 1144 5057 ut
1168 5000 1383 5057 sceleris
1414 5000 1585 5070 poenis
1615 4998 1714 5055 hac
1738 5000 1944 5054 ratione

342 5094 666 5161 liberemur,
718 5094 835 5150 lucc
873 5094 1035 5150 verba
1080 5093 1397 5164 subjungit:
1432 5092 1493 5149 Si
1542 5092 1675 5147 enim
1716 5094 1946 5160 nosipsos

332 5186 700 5261 iudicaremus
719 5226 733 5251 ,
763 5202 865 5241 non
886 5188 1054 5258 utique
1069 5187 1436 5259 judicaremur.
1482 5184 1619 5239 Dum
1658 5186 1947 5253 iudicamur

338 5291 525 5336 autem
543 5321 560 5347 ,
600 5297 633 5334 a
664 5282 879 5336 Domino
905 5282 1208 5353 corripimur
1230 5321 1245 5347 ,
1273 5288 1329 5332 ut
1368 5294 1469 5332 non
1498 5278 1731 5331 cum'hoc
1756 5276 1948 5330 mundo

342 5380 655 5432 damnemur
699 5375 861 5447 (Ibid.
906 5392 953 5431 υ.
995 5376 1084 5430 51.
1132 5373 1249 5445 52).
1293 5372 1445 5441 Quod
1474 5380 1651 5427 autem
1680 5370 1837 5427 etiam
1868 5368 1943 5435 ii,

342 5472 447 5541 qui
477 5470 638 5523 multa
669 5480 815 5525 recte
843 5477 1043 5525 etcum
1068 5468 1264 5523 virtute
1299 5472 1611 5536 gesserunt,
1660 5463 1946 5534 plurimum

348 5565 486 5619 hinc
536 5563 669 5618 lucri
697 5563 963 5629 referant,
1004 5570 1113 5616 tum
1140 5576 1208 5616 ex
1235 5559 1335 5615 Job
1360 5558 1562 5629 liquido
1592 5556 1945 5628 perSplcitur,

348 5656 448 5726 qui
481 5655 733 5727 majorem
752 5654 873 5712 hinc
898 5653 1232 5727 splendorem
1252 5660 1609 5725 consequutus
1633 5656 1734 5719 est,
1754 5657 1864 5705 tum
1880 5661 1947 5706 ex

1816 208 2192 269 EPISTULA}.

3499 218 3608 281 εςςι

2028 322 2311 394 Timotheo
2332 365 2346 390 ,
2378 325 2499 394 qui,
2528 340 2648 381 cum
2686 336 2741 383 et
2764 343 2794 384 a
2823 330 2949 386 vitio
2971 330 3177 387 alienus
3203 340 3375 398 esset,
3407 342 3460 386 ct
3487 340 3605 387 tan-

2028 423 2137 469 tum
2166 430 2360 470 munus
2384 415 2780 474 administraret
2798 462 2814 487 ,
2859 429 2914 475 et
2943 436 3064 477 cum
3088 419 3255 477 Paulo
3280 423 3464 477 orbem
3501 424 3606 478 cir—

2024 509 2375 575 cumvolaret,
2405 524 2509 564 non
2547 511 2681 566 duos
2708 500 2801 567 aut
2831 522 2938 567 tres
2976 514 3109 581 dies,
3142 530 3247 570 non
3272 513 3488 578 decem,
3515 526 3606 570 aut

2022 599 2236 670 viginti,
2270 609 2361 655 aut
2385 609 2597 657 centum
2624 644 2639 668 ,
2683 604 2780 659 sed
2822 604 2992 659 multo
3013 606 3192 675 plures
3211 648 3226 672 ,
3256 606 3365 661 imo
3393 606 3606 663 assidue

2023 690 2075 744 in
2102 691 2289 745 morbo
2320 693 2645 758 versabatur,
2681 703 2840 764 atque
2866 696 3064 766 ingenti
3094 698 3334 766 corporis
3360 696 3600 752 imbecil-

2022 781 2173 838 litate
2200 783 2493 839 laborabat.
2518 784 2673 851 Quod
2701 785 2913 855 quidem
2944 789 3101 842 etiam
3128 788 3319 842 Paulus
3341 788 3601 855 indicans,

2022 872 2107 928 his
2138 874 2317 929 verbis
2345 876 2589 931 utebatur
2615 894 2628 931 :
2655 877 2858 931 Modico
2879 878 2993 933 vino
3020 886 3155 933 utere
3191 889 3396 950 propter
3417 890 3605 935 stoma-

2022 966 2171 1019 chum
2215 976 2381 1031 tuum,
2419 978 2468 1023 et
2509 970 2786 1040 frequentes
2812 979 2923 1025 tuas
2946 971 3263 1039 inﬁrmitates
3278 973 3352 1043 (1.
3380 971 3511 1027 Tim.
3545 974 3600 1028 5.

2020 1054 2135 1125 23).
2158 1055 2266 1111 Nec
2296 1058 2462 1127 ipsius
2490 1060 2735 1114 morbum
2768 1060 3062 1131 proﬂigavit
3084 1062 3128 1115 is
3156 1064 3242 1133 qui
3271 1074 3509 1118 mortuos
3534 1063 3602 1119 ad

2022 1147 2184 1200 vitam
2210 1148 2510 1214 revocabat,
2532 1164 2713 1204 verum
2736 1166 2855 1205 eum
2882 1152 2935 1206 in
2962 1153 3133 1206 morbi
3159 1152 3376 1209 fornace
3403 1154 3603 1209 versari

2020 1238 2296 1305 permisit,
2337 1254 2444 1309 quo
2492 1242 2830 1310 amplissima:
2863 1244 3123 1299 libertatis
3151 1258 3214 1298 ac
3244 1244 3448 1300 ﬁducia:
3473 1260 3603 1315 opes

2018 1326 2145 1383 hinc
2172 1330 2271 1398 ipsi
2298 1342 2633 1401 cogerentur.
2660 1332 2790 1387 Nam
2819 1350 2937 1404 quae
2962 1349 2992 1388 a
3025 1335 3251 1390 Domino
3272 1336 3384 1405 ipse
3418 1351 3603 1405 perce-

2020 1429 2171 1488 perat
2188 1437 2410 1491 quaeque
2434 1423 2501 1477 ab
2520 1438 2585 1477 eo
2607 1424 2886 1491 didicerat,
2907 1425 3094 1481 eadem
3112 1442 3324 1496 quoque
3342 1426 3605 1496 discipulo

2022 1510 2281 1565 tradebat.
2306 1512 2557 1577 Quamvis
2594 1516 2735 1569 enim
2780 1518 2893 1583 ipse
2925 1515 2976 1568 in
3006 1516 3251 1570 morbum
3280 1516 3496 1571 minime
3522 1516 3602 1569 la-

2019 1600 2263 1668 beretur,
2310 1612 2364 1658 et
2404 1605 2723 1660 tentationes
2753 1615 2928 1660 tamen
2957 1621 3077 1661 eum
3110 1623 3216 1663 non
3245 1608 3423 1661 minus
3444 1622 3603 1677 quam

2018 1694 2227 1761 morbi,
2274 1703 2541 1765 tamquam
2588 1698 2828 1766 impactis
2876 1699 3113 1768 colaphis
3160 1698 3509 1768 torquebant,
3550 1708 3605 1752 et

2018 1785 2243 1839 multum
2267 1787 2412 1841 carni
2432 1786 2671 1842 dolorem
2699 1789 2996 1842 inurebaut.
3014 1789 3172 1843 Datus
3196 1798 3269 1843 est
3289 1789 3428 1843 enim
3458 1788 3601 1852 mihi,

2019 1876 2223 1946 inquit,
2266 1879 2500 1932 stimulus
2524 1881 2690 1933 carnis
2708 1920 2725 1945 ,
2757 1881 2965 1951 angelus
2996 1881 3224 1947 Satanw,
3249 1882 3336 1952 qui
3360 1897 3441 1935 me
3462 1881 3602 1934 cola-

2019 1970 2184 2039 phizet
2207 1969 2285 2040 (2.
2309 1968 2425 2024 Cor.
2460 1970 2544 2025 12.
2574 1972 2652 2042 7),
2683 1972 2763 2025 his
2790 1973 3038 2026 nimirum
3065 1972 3243 2027 verbis
3270 1973 3477 2027 vincula
3497 2012 3514 2038 ,
3549 1980 3602 2026 et
3646 1984 3651 1999 '

2018 2070 2273 2127 catenas,
2319 2070 2374 2116 et
2413 2077 2682 2117 carcerem
2727 2063 3067 2132 intelligens,
3125 2063 3362 2134 illudque
3405 2064 3601 2129 etiam,

2020 2151 2165 2222 quod
2190 2161 2489 2222 raptaretur
2508 2194 2525 2218 ,
2555 2168 2618 2207 ac
2652 2153 3004 2218 laceraretur,
3037 2154 3309 2224 virgisque
3336 2168 3365 2207 a
3390 2152 3605 2207 carniﬁ-

2019 2243 2171 2299 cibus
2190 2244 2384 2314 schius
2402 2244 2817 2299 excruciaretur.
2832 2243 3187 2312 Quamobrem
3210 2246 3370 2297 etiam
3390 2243 3604 2297 dolores

2021 2351 2150 2402 eos,
2184 2336 2273 2406 qui
2318 2335 2443 2391 hinc
2486 2337 2635 2390 carni
2665 2336 3025 2402 accedebant,
3080 2351 3185 2390 non
3218 2334 3397 2390 ferens
3419 2376 3432 2399 ,
3465 2333 3606 2388 hunc

2020 2442 2322 2484 sermonem
2354 2428 2619 2484 habebat:
2651 2428 2869 2499 Propter
2907 2429 3001 2482 hoc
3031 2437 3105 2481 ter
3133 2426 3406 2481 Dominum
3434 2427 3607 2498 rogavi

2023 2519 2130 2593 (ter
2151 2530 2327 2577 autem
2356 2520 2457 2577 hoc
2483 2522 2601 2576 loco
2626 2537 2768 2591 saepe
2793 2518 3099 2591 significat),
3122 2528 3175 2573 ut
3196 2520 3257 2573 ab
3284 2520 3378 2574 hoc
3401 2519 3605 2573 stimulo

2022 2612 2261 2668 liberarer
2304 2612 2466 2683 (Ibid.
2504 2630 2554 2667 υ.
2614 2612 2690 2682 8).
2749 2612 3033 2681 Postquam
3082 2620 3257 2665 autem
3297 2609 3347 2664 id
3386 2608 3607 2664 minime

2022 2704 2270 2768 obtinuit,
2291 2713 2591 2775 quantaque
2618 2702 2772 2773 hujus
2799 2702 2878 2756 rei
2906 2702 3109 2756 utilitas
3132 2708 3293 2764 esset,
3320 2700 3603 2767 intellexit,

2025 2803 2135 2848 tum
2162 2809 2290 2849 vero
2316 2794 2638 2864 conquievit,
2666 2800 2827 2863 atque
2847 2807 2911 2847 ex
2934 2792 2999 2847 iis
3019 2807 3135 2862 qua:
3154 2792 3354 2847 fiebant
3368 2790 3609 2861 volupta-

2025 2890 2130 2939 tem
2160 2885 2320 2954 cepit.

2097 2977 2307 3031 Morbus
2335 2994 2437 3031 non
2462 2987 2533 3032 est
2555 2977 2734 3031 otium.
2763 2976 3148 3049 Cltrgsoslomus
3179 2983 3319 3044 putat
3343 2974 3406 3029 ab
3433 2974 3610 3029 milio

2026 3088 2080 3126 se
2104 3070 2383 3125 rediturum
2411 3085 2550 3133 esse;
2586 3071 2639 3121 in
2664 3068 2901 3122 Armenia
2925 3067 3121 3122 exsulat
3170 3065 3431 3137 Chrysost.
3450 3095 3523 3106 —
3547 3065 3612 3120 Et

2028 3172 2084 3218 tu
2125 3176 2356 3232 quoque,
2388 3159 2596 3215 etiamsi
2621 3159 2764 3213 domi
2805 3172 3023 3212 maneas
3048 3157 3291 3227 lectoque
3314 3154 3470 3210 afﬁxa
3498 3155 3608 3220 sis,

2026 3269 2094 3310 ne
2119 3262 2397 3323 propterea
2427 3252 2651 3305 inertem
2681 3250 2843 3323 vitam
2871 3249 3068 3304 ducere
3097 3259 3149 3305 te
3188 3247 3480 3303 existimes.
3522 3246 3609 3302 Si-

2028 3321 2241 3417 quidem
2270 3345 2335 3399 iis
2355 3383 2369 3407 ,
2410 3343 2500 3414 qui
2525 3358 2555 3397 a
2583 3321 2918 3398 carniﬁcibus
2945 3350 3243 3413 raptantur,
3274 3341 3610 3408 lacerantur,

2029 3439 2423 3504 excruciantur,
2465 3445 2624 3506 atque
2666 3435 2919 3489 extremis
2960 3434 3236 3504 suppliciis
3285 3440 3611 3496 mactantur,

2029 3530 2285 3600 graviora.
2324 3534 2380 3582 et
2424 3525 2686 3580 atrociora
2737 3523 3004 3590 sustines,
3054 3523 3301 3577 nimirum
3349 3535 3611 3576 summam

2032 3620 2190 3691 hujus
2216 3618 2388 3674 morbi
2410 3616 2751 3673 acerbitatem
2771 3615 3048 3673 domestici
3068 3623 3227 3687 atque
3247 3612 3482 3669 intestini
3505 3620 3616 3667 tor-

2035 3716 2166 3771 toris
2186 3714 2304 3769 loco
2330 3711 2551 3767 habens.

2104 3808 2159 3864 4.
2191 3806 2321 3874 Quae
2349 3820 2470 3860 cum
2496 3805 2567 3858 ita
2587 3802 2715 3869 sint,
2746 3816 2878 3857 cave
2903 3808 2995 3855 aut
3020 3805 3250 3855 mortem
3280 3812 3421 3852 nunc
3448 3811 3615 3865 expe—

2034 3906 2137 3963 tas,
2168 3905 2261 3951 aut
2283 3910 2477 3964 corpus
2501 3906 2693 3949 curare
2719 3890 2954 3960 negligas
2979 3908 2993 3945 :
3024 3904 3195 3958 neque
3229 3888 3370 3942 enim
3399 3887 3500 3941 hoc
3531 3896 3616 3941 tu-

2038 4001 2150 4047 tum
2176 3989 2351 4045 fuerit.
2376 3989 2453 4042 Ac
2480 3991 2759 4055 propterea
2790 3982 2984 4037 Paulus
3012 3996 3223 4052 quoque
3249 3978 3614 4043 Timotheum,

2037 4091 2099 4137 ut
2133 4077 2419 4135 valetudini
2447 4091 2557 4131 sua:
2584 4074 2864 4145 diligenter
2905 4073 3169 4139 consulat,
3202 4071 3473 4126 admonet.
3512 4069 3619 4125 Sed

2038 4174 2107 4229 de
2132 4172 2319 4227 morbo
2348 4171 2478 4226 satis
2507 4169 2673 4224 multa
2702 4184 2732 4223 a
2760 4168 2911 4224 nobis
2941 4167 3101 4223 verba
3128 4165 3265 4221 facta
3296 4174 3439 4219 sunt.
3467 4163 3621 4230 Quod

2038 4267 2082 4321 si
2111 4265 2206 4321 tibi
2250 4264 2498 4320 maeroris
2536 4277 2751 4317 causam
2792 4260 2844 4315 id
2883 4259 3056 4326 aliert,
3101 4257 3243 4328 quod
3286 4272 3315 4310 a
3348 4256 3503 4311 nobis
3529 4270 3619 4309 se-

2036 4358 2218 4429 juncta
2240 4357 2335 4423 sis,
2359 4355 2515 4425 hujus
2536 4354 2697 4409 etiam
2724 4353 2801 4407 rei
2830 4352 3006 4406 laetum
3040 4349 3198 4404 tinem
3226 4354 3495 4417 exspecta.
3528 4348 3625 4400 At-

2040 4466 2142 4521 que
2182 4450 2284 4505 hoc
2309 4463 2415 4503 non
2442 4446 2754 4503 consolandi
2785 4445 2948 4499 animi
2978 4443 3051 4497 tui
3082 4456 3240 4496 causa
3282 4455 3424 4494 nunc
3464 4438 3585 4493 dico
3604 4478 3621 4502 ,

2041 4543 2137 4598 sed
2165 4543 2285 4613 quia
2316 4540 2652 4610 exploratum
2683 4536 2810 4590 mihi
2849 4544 2931 4590 est
2958 4534 3029 4588 ita
3072 4533 3203 4587 fore.
3244 4531 3375 4585 Nam
3406 4530 3508 4583 nisi
3548 4529 3620 4582 ita

2044 4636 2277 4691 futurum
2304 4640 2467 4698 esset,
2490 4629 2828 4701 jampridem,
2860 4629 2960 4682 nisi
2982 4642 3067 4681 me
3082 4624 3261 4695 opinio
3280 4622 3432 4687 fallit,
3454 4636 3625 4692 quan-

2046 4736 2154 4782 tum
2183 4725 2397 4797 quidem
2424 4722 2490 4777 ad
2519 4722 2692 4776 illatas
2719 4718 2850 4773 mihi
2876 4716 3205 4773 calamitates
3230 4714 3438 4779 attinet,
3464 4725 3496 4766 e
3522 4712 3626 4764 vita

2046 4818 2353 4874 cessissem.
2377 4814 2449 4870 Ut
2473 4815 2613 4868 enim
2646 4813 2804 4868 etiam
2829 4810 3007 4864 omnia
3032 4821 3150 4876 quae
3170 4801 3627 4871 Constantinopoli

2047 4924 2332 4981 perpessus
2369 4921 2510 4973 sum,
2544 4914 2876 4976 praeteream,
2915 4907 3135 4970 quanta,
3178 4904 3524 4966 posteaquam
3562 4908 3629 4949 ex

2048 5004 2180 5060 urbe
2200 5000 2426 5065 excessi,
2468 5000 2522 5053 in
2556 5009 2662 5052 tam
2690 4997 2845 5065 longo
2871 5008 2933 5047 ac
2960 4991 3188 5047 molesto
3227 4989 3415 5043 itinere
3440 4996 3627 5056 pertu-

2052 5096 2236 5159 lerim;
2289 5106 2516 5163 quorum
2559 5089 2723 5144 multa
2769 5094 2923 5140 erant
2967 5080 3251 5153 ejusmodi,
3294 5088 3355 5133 ut
3403 5086 3629 5132 mortem

2050 5187 2242 5243 all‘erre
2267 5190 2519 5256 possent;
2565 5187 2761 5252 quanta
2789 5186 3067 5248 postquam
3117 5172 3219 5226 huc
3245 5169 3386 5233 veni,
3436 5177 3632 5237 quanta

2051 5286 2331 5349 postquam
2359 5274 2569 5329 Cucuso
2600 5269 2839 5341 migravi,
2867 5274 3065 5338 quanta
3091 5263 3321 5331 denique
3348 5270 3627 5330 postquam

2052 5367 2292 5425 Arabissi
2335 5372 2701 5421 commoratus
2740 5376 2880 5426 sum,
2927 5356 3223 5427 intelligere
3258 5353 3352 5408 tibi
3392 5353 3536 5407 licet.
3566 5352 3636 5405 At

2055 5460 2172 5515 lucc
2197 5457 2375 5514 omnia
2412 5456 2713 5526 ell'ugimus,
2762 5467 2825 5507 ac
2870 5464 3011 5506 nunc
3040 5444 3413 5519 percommoda
3436 5445 3635 5499 valetu-

2054 5552 2183 5605 dine
2206 5550 2429 5616 utimur,
2452 5556 2613 5619 atque
2640 5548 2690 5601 in
2726 5558 2914 5614 magna
2940 5540 3224 5599 securitate
3251 5553 3475 5594 sumus:
3506 5534 3641 5589 adeo

2059 5652 2114 5701 ut
2141 5639 2377 5703 Armenii
2407 5641 2474 5698 ad
2511 5650 2785 5710 stuporem
2820 5650 2987 5709 usque
3031 5632 3313 5703 mirentur,
3344 5644 3429 5688 me
3453 5628 3507 5684 in
3535 5636 3642 5682 tam

3642 2578 3733 2630 «Χ
