4058 6218
527 292 654 347 ὃθτ

518 405 690 460 πολλά
720 407 1003 476 διαϐάντες
1035 413 1266 486 πελάγη,
1309 420 1404 472 καὶ
1437 419 1662 488 πολλοὺς
1700 425 2089 498 ὑπομείναντες

514 498 812 568 χειμῶνας,
840 503 932 556 καὶ
959 504 1198 572 ὑφάλους
1225 509 1319 562 καὶ
1353 513 1669 582 σκοπέλους,
1689 517 1786 571 καὶ
1811 521 2091 588 σπιλάδας,

519 590 614 641 καὶ
636 590 842 661 θηρίων
881 594 1126 662 ἐφόδους,
1178 599 1272 651 καὶ
1317 603 1596 673 πειρατῶν
1641 606 1953 678 ἐπιϐουλάς,
2001 614 2095 667 καὶ

517 681 982 746 καταποντιστῶν,
1008 685 1103 737 καὶ
1130 688 1370 757 συνεχῶν
1398 692 1759 767 ἀνασχόμενοι
1787 701 2092 772 χειμώνων,

515 766 623 820 τῶν
667 766 758 821 ἐπὶ
791 771 895 840 γῆς
933 773 1119 829 λοιπὸν
1165 777 1488 848 βαδιζόντων
1531 766 1973 862 θαρραλεώτερον
2002 766 2096 848 ἐπῖ

515 857 616 926 τῆς
649 859 776 929 νηὸς
799 863 1084 934 κάθηνται,
1120 869 1220 924 οὐκ
1248 871 1395 926 ἐνδον
1423 878 1575 948 παρά
1721 857 1932 953 τρόπιν,
1957 887 2095 943 ἀλλά

513 949 612 1001 καὶ
640 951 823 1016 αὐτοῖς
852 955 1187 1024 ἐνιζάνοντες
1227 965 1338 1026 τοῖς
1361 966 1562 1037 τοίχοις
1584 949 1684 1040 τῆς
1705 949 1853 1043 νηὸς,
1882 949 1976 1030 καὶ
2002 978 2094 1031 ἐπὶ

512 1037 742 1110 πρώρας
774 1045 866 1097 καὶ
890 1046 982 1100 ἐπὶ
1008 1049 1263 1122 πρύμνης
1281 1053 1454 1118 ἀδεῶς
1479 1037 1774 1130 ἱστάμενοιἱ
1801 1037 1962 1118 καῖοί
1987 1067 2094 1138 πρὸ

510 1131 700 1185 τούτου
751 1137 837 1188 ἐπ’
871 1137 992 1208 ὄψιν
1039 1141 1176 1212 μετά
1222 1145 1425 1217 τρόμου
1471 1151 1566 1203 καί⁵
1609 1152 1775 1221 φόϐου
1810 1131 2090 1228 κείμενοι,

513 1222 654 1290 μετά
685 1224 785 1296 τὴν
815 1228 1014 1301 πολλὴν
1052 1232 1145 1286 τοῦ
1200 1237 1468 1308 χειμῶνος
1513 1243 1731 1314 πεῖραν,
1763 1247 1857 1299 καὶ
1883 1222 2092 1319 σχοῖνον

510 1313 749 1381 ἕλκουσι,
782 1321 875 1373 καὶ
912 1322 1054 1376 ἰστία
1085 1325 1366 1396 ἀνάγουσι,
1414 1332 1511 1386 καὶ
1560 1313 1761 1390 κῶπῶν
1799 1313 2088 1409 ἅπτονται,

515 1406 608 1458 καὶ
638 1413 912 1482 πανταχοῦ
945 1415 1047 1485 τῆς
1076 1417 1204 1488 νηὸς
1233 1421 1373 1490 μετὰ
1399 1425 1650 1492 εὐκολίας
1684 1406 2087 1504 περιτρέχουσι.

511 1499 694 1567 Μηδὲν
741 1504 920 1558 τοίνυν
960 1509 1104 1578 ὑμᾶς
1151 1510 1447 1583 θορυϐείτω
1493 1519 1605 1573 τῶν
1649 1499 2086 1593 συμπιπτόντων.

511 1586 607 1651 Εἰς
635 1589 792 1644 τοῦτο
828 1593 937 1666 γὰρ
967 1598 1114 1667 ήμάς
1154 1602 1496 1676 κατέστησαν
1524 1610 1574 1661 οἰ
1617 1586 1803 1681 ἐχθροὶ
1840 1615 2086 1681 ἄκοντες,

510 1681 590 1742 είς
606 1680 667 1732 τὸ
686 1682 760 1753 μὴ
781 1684 1045 1742 δύνασθαι
1072 1691 1257 1756 κακῶς
1277 1695 1474 1750 παθεῖν
1491 1680 1790 1774 πάνταμὲν
1806 1705 1985 1761 αὐτῶν
2007 1680 2090 1762 κεέ

510 1769 782 1836 νώσαντες
801 1773 869 1827 τά
888 1775 1039 1848 βέλη,
1065 1780 1219 1833 οὐδὲν
1243 1782 1297 1836 δέ
1316 1783 1478 1839 πλέον
1501 1769 1750 1846 ἐντεῦθεν
1769 1795 2086 1864 ἀνύσαντες,

511 1859 543 1928 ἢ
564 1861 624 1914 τὸ
649 1867 1126 1936 καταισχύνεσθαι,
1145 1873 1238 1925 καὶ
1255 1875 1538 1943 γελᾶσθαι,
1563 1882 1656 1936 καὶ
1671 1882 1860 1957 ῶσπερ
1876 1890 2089 1953 κοινοὺς

505 1951 608 2020 τῆς
636 1955 962 2031 οἰκουμένης
986 1962 1235 2035 ἐχθροὺς,
1251 1966 1394 2022 οὕτω
1421 1973 1698 2043 πανταχοῦ
1723 1951 2010 2046 φαίνεσθαι
2035 1951 2084 2034 α.

509 2043 694 2100 Ταῦτα
723 2050 831 2103 τῶν
856 2051 1312 2114 ἐπιϐουλευόντων
1360 2061 1428 2115 τά
1459 2062 1710 2137 ἐπίχειρα
1729 2107 1745 2131 ,
1788 2068 1946 2124 τοῦτο
1977 2071 2087 2126 τῶν

506 2135 760 2208 πολέμων
788 2141 850 2194 τὸ
893 2143 1068 2207 τέλος.
1106 2147 1300 2214 Βαϐαῖ,
1353 2135 1585 2223 πηλίκον
1627 2135 1775 2212 ἐστὶν
1820 2161 1853 2231 ή
1886 2162 2086 2235 ἀρετὴ,

505 2229 602 2281 καὶ
631 2229 738 2282 τῶν
772 2233 1058 2302 παρόντων
1082 2238 1352 2311 ὑπεροψία
1381 2247 1742 2316 πραγμάτωνο
1765 2229 2087 2308 δι’γέπιϐου-

506 2316 617 2371 λῶν
639 2321 930 2387 κερδαίνει,
963 2325 1051 2379 διὰ
1077 2327 1186 2383 τῶν
1214 2331 1672 2391 ἐπιϐουλευόντων
1706 2342 2084 2410 στεφανοῦται,

503 2407 592 2462 διὰ
613 2410 723 2464 τῶν
769 2414 955 2479 κακῶς
983 2419 1278 2476 ποιούντων
1328 2424 1623 2497 διαλάμπει
1669 2407 1930 2500 μειζόνως
1954 2475 1969 2498 ,
1997 2407 2086 2491 διά

504 2497 613 2551 τῶν
641 2499 922 2574 ἐπισύρειν
940 2506 1361 2581 ἐπιχειρούντων
1385 2516 1766 2591 ἰσχυροτέρους
1796 2527 1939 2577 ποιεῖ
1958 2527 2084 2591 τοὺς

507 2589 786 2656 μετιόντας
815 2592 1005 2664 αὐτὴν,
1045 2597 1430 2672 ὑψηλοτέρους,
1465 2589 1820 2678 ἀχειρώτους,
1870 2589 2082 2668 ἀναλώέ

501 2695 648 2746 τους,
685 2685 784 2755 οὐχ
816 2687 1016 2754 ὅπλων,
1050 2691 1111 2743 οὐ
1142 2692 1386 2766 δοράτων
1415 2699 1738 2770 δεομένουςν,
1769 2706 1830 2758 οὐ
1863 2709 2082 2778 τειχῶν,

502 2773 562 2824 οὐ
593 2775 834 2848 τάφρων,
857 2780 916 2833 οὐ
950 2782 1194 2855 πύργων,
1225 2787 1286 2840 οὐ
1326 2791 1647 2862 χρημάτων,
1681 2797 1742 2850 οὐ
1778 2773 2082 2871 στρατοπέ-ἰ

500 2860 626 2926 δων,
663 2865 798 2920 ἀλλά
825 2870 1056 2943 γνώμης
1084 2878 1319 2949 στερρᾶς
1340 2860 1522 2950 μόνον,
1557 2885 1653 2938 καὶ
1678 2860 2082 2962 ἀπεριτρέπτου

500 2952 698 3025 ψυχῆς,
725 2959 817 3011 καὶ
843 2962 1024 3017 πᾶσαν
1054 2965 1402 3042 ἀνθρωπίνην
1424 2975 1716 3050 ἐπιϐουλὴν
1741 2952 1975 3053 ἐλέγχει.

567 3047 633 3116 β’.
651 3049 836 3106 Ταῦτα
849 3049 1232 3120 οῦν,δέσποινά
1251 3079 1352 3132 μου
1373 3047 1781 3143 θεοφιλεστάτη,
1800 3047 1900 3128 καί
1911 3080 2078 3150 σαυτῇ

502 3141 596 3193 καὶ
627 3145 749 3207 ταῖς
784 3144 922 3215 μετὰ
971 3147 1063 3201 σοῦ
1110 3149 1202 3205 τὸν
1237 3154 1398 3210 καλὸν
1429 3158 1618 3214 τοῦτον
1651 3141 1842 3231 ἀγῶνα
1879 3141 2082 3237 ἀγωνιζ

499 3229 753 3302 ζομέναις
785 3237 1082 3308 ἐπᾴδουσα,
1118 3242 1310 3316 ἀνίστη
1349 3247 1378 3286 ιι
1409 3248 1479 3302 τά
1513 3229 1838 3326 φρονήματα
1868 3229 2079 3328 πασῶν,

505 3323 881 3398 συγκροτοῦσά
926 3349 1018 3385 σου
1063 3333 1160 3406 τήν
1208 3339 1533 3412 παράταξιν,
1568 3343 1708 3400 ὥστε
1740 3348 1960 3405 διπλοῦν
1987 3353 2081 3407 καὶ

503 3415 762 3488 τριπλοῦν
797 3419 891 3472 καὶ
921 3421 1357 3482 πολλαπλασίονα
1407 3433 1660 3499 γενέσθαι
1713 3454 1795 3490 σοι
1829 3438 1918 3494 τὸν
1951 3445 2080 3495 στέ-

498 3522 666 3576 φανον
703 3507 802 3580 τῆς
835 3510 1058 3582 ἀρετῆς,
1103 3515 1171 3568 δι’
1209 3509 1284 3571 ὧν
1323 3535 1384 3572 τε
1426 3521 1563 3594 αὑτὴ
1602 3525 1867 3597 πάσχεις,
1906 3530 1972 3584 δι’
2001 3525 2080 3587 ὧν

495 3611 557 3649 τε
596 3597 828 3670 ἐτέραςο
869 3604 950 3668 εἰς
987 3605 1161 3659 ταῦτα
1197 3609 1431 3676 ἐνάγεις·
1464 3615 1560 3668 καὶ
1587 3617 1849 3674 πείθουσα
1893 3623 2080 3681 πάντα

497 3689 691 3758 πράως
714 3692 923 3761 φέρειν,
956 3696 1051 3748 καὶ
1087 3697 1364 3773 ὑπερορᾷν
1395 3704 1503 3758 τῶν
1531 3708 1730 3775 σκιῶν,
1767 3711 1862 3765 καὶ
1911 3731 2079 3769 κατα-

497 3782 714 3849 φρονεῖν
756 3782 856 3853 τῆς
879 3783 990 3838 τῶν
1012 3787 1303 3859 ὀνειράτων
1331 3792 1568 3867 ἀπάτης,
1606 3799 1703 3852 καὶ
1735 3808 2071 3860 καταπατεῖν

494 3869 586 3922 τὸν
619 3871 810 3943 πηλὸν,
842 3875 936 3928 καὶ
962 3876 1055 3931 τοῦ
1083 3880 1292 3934 καπνοῦ
1338 3884 1543 3956 μηδένα
1590 3891 1863 3944 ποιεῖσθαι
1895 3893 2076 3964 λόγον,

416 4014 421 4020 ,
495 3964 591 4017 καὶ
628 3965 727 4030 τὰς
769 3968 1013 4040 ἀράχνας
1061 3971 1135 4044 μή
1170 3975 1413 4045 νομίζειν
1466 3978 1593 4049 ὑμῖν
1629 3980 1938 4053 διενοχλεῖν,
1984 3990 2078 4044 καὶ

494 4059 861 4130 παρατρέχειν
879 4062 969 4116 τὸν
989 4065 1291 4136 σηπόμενον
1309 4069 1521 4141 χόρτον.
1535 4071 1720 4128 Ταῦτα
1737 4075 1843 4147 γάρ
1859 4077 2076 4134 ἅπαντα

492 4151 592 4218 τῆς
621 4151 970 4225 ἀνθρωπίνης
1005 4159 1308 4230 εὐημερίας
1331 4163 1364 4231 ή
1398 4165 1717 4236 ματαιότης,
1749 4170 1843 4222 καὶ
1867 4171 2075 4226 τούτων

492 4241 548 4295 δέ
582 4243 955 4316 εὐτελέστερα.
994 4249 1104 4302 Kal
1144 4251 1244 4303 οὐκ
1281 4253 1348 4307 ἀν
1376 4272 1461 4319 τις
1491 4257 1689 4327 ῥᾳδίως
1712 4261 1895 4316 εἰκόνα
1922 4263 2072 4336 εὖροι

490 4333 732 4406 ἀκριϐῶς
761 4337 930 4409 αὐτῆς
970 4340 1069 4412 τὴν
1107 4346 1447 4417 ματαιότητα
1490 4353 1863 4421 παριστῶσαν.
1915 4359 2074 4414 Μετά

491 4425 601 4498 γάρ
634 4427 732 4498 τῆς
759 4429 1032 4496 οὐδενείας
1060 4432 1264 4506 ταύτης
1292 4436 1354 4489 οὐ
1381 4439 1584 4508 μικράν
1609 4442 1764 4513 φέρει
1798 4446 1892 4500 καὶ
1916 4447 2067 4523 [579]

492 4518 696 4592 βλάϐην
711 4524 824 4584 τοῖς
841 4523 976 4592 πρὸς
1002 4523 1182 4578 αὐτὰ(ι
1210 4529 1516 4599 κεχηνόσιν,
1534 4531 1634 4585 οὐκ
1650 4535 1708 4587 ἐν
1723 4535 1801 4605 τῷ
1824 4518 2072 4606 μέλλοντι

491 4611 651 4680 μόνον
679 4613 856 4679 αἰῶνι,
892 4615 1027 4670 ἀλλὰ
1056 4617 1150 4670 καὶ
1181 4619 1238 4671 ἐν
1277 4618 1357 4689 τῷ
1385 4621 1612 4692 παρόντι
1641 4623 1763 4695 βίῳ,
1799 4629 1895 4681 καὶ
1930 4634 2072 4687 κατά

489 4701 691 4768 ταύτας
719 4704 816 4769 τάς
839 4705 1074 4778 ἡμέρας,
1102 4708 1159 4763 ἐν
1186 4705 1274 4776 αίς
1285 4709 1535 4767 δοκοῦσιν
1558 4715 1750 4780 αὐταῖς
1773 4719 2066 4794 ἐντρυφᾷν.

487 4796 756 4870 Καθάπερ
776 4798 886 4869 γάρ
913 4800 944 4870 ἡ
971 4799 1161 4872 ἀρετή,
1185 4802 1277 4854 καὶ
1297 4804 1417 4858 κατ’
1434 4805 1597 4860 αὐτὸν
1617 4807 1708 4863 τὸν
1731 4811 1923 4883 καιρὸν
1945 4815 2070 4870 καθ’

484 4886 544 4940 ὃν
578 4890 918 4960 πολεμεῖται,
949 4896 1144 4968 σκιρτᾷ
1164 4895 1257 4949 καὶ
1284 4895 1484 4962 θάλλει,
1504 4901 1598 4954 καὶ
1615 4904 1866 4976 φαιδροτέ
1875 4925 1943 4979 ρα
1957 4910 2011 4965 δε
2022 4912 2070 4966 ί-

485 4996 698 5034 κνυταιο
726 4982 869 5037 οὕτω
897 4987 1038 5058 καὶὴ
1067 4988 1254 5055 κακία,
1290 4991 1381 5044 καὶ
1408 4995 1528 5047 κατ’
1559 4997 1722 5052 αὐτὸν
1753 5000 1844 5055 τὸν
1874 5005 2068 5077 καιρὸν

486 5073 608 5126 καθ’
639 5074 697 5127 ὃν
729 5075 1088 5146 θεραπεύεται
1117 5083 1210 5137 καὶ
1249 5085 1628 5156 κολακεύεται,
1655 5092 1928 5151 δείκνυσιν
1971 5099 2068 5152 αὑ-

481 5169 581 5240 τῆς
611 5169 709 5240 τὴν
741 5170 1046 5238 ἀσθένειαν,
1084 5176 1180 5228 καὶ
1211 5178 1302 5230 τὸν
1344 5179 1513 5235 πολὺν
1550 5182 1792 5252 γέλωτα,
1838 5189 1932 5243 καὶ
1968 5189 2067 5261 τὴν

484 5261 689 5329 ἄφατον
749 5261 1063 5331 κωμῳδίαν.
1115 5263 1182 5315 Τί
1237 5266 1383 5337 γὰρ,
1444 5270 1566 5322 εἰπέ
1615 5289 1730 5341 μοι,
1781 5274 1875 5327 τοῦ
1923 5277 2065 5329 Κάῖν

482 5353 836 5425 ἐλεεινότερον
867 5355 1080 5425 γέγονε,
1109 5357 1206 5410 καὶ
1239 5361 1361 5413 κατ’
1393 5362 1555 5417 αὐτὸν
1581 5365 1674 5419 τὸν
1701 5367 1916 5438 καιρὸν,
1943 5367 2062 5422 καθ’

542 5514 570 5582 ᾗ
591 5513 842 5582 Quo__mss.
867 5515 1111 5582 πανταχοῦ
1132 5520 1422 5582 φονεύεσθαι.

545 5575 575 5616 Ι»
602 5576 750 5626 SaviI.
771 5577 895 5636 conj.
910 5575 1097 5628 ἀνίστα.

545 5641 570 5669 θ
595 5639 745 5688 [idem
774 5640 973 5700 ἑτέρους.
1781 5710 1803 5721 ’⁸

547 5698 574 5721 Α
601 5700 745 5721 121⁸...
770 5702 881 5721 __1-
910 5701 1049 5721 -.λ-μζ..
1093 5701 1239 5721 n-.-‘-
1266 5718 1321 5721 __
1359 5713 1369 5721 ι
1415 5707 1428 5721 I
1669 5711 1688 5721 ι

545 5698 575 5740 ά
601 5700 748 5749 Iidem
767 5698 882 5763 πρὸς
905 5701 1067 5774 αὐτή).
1093 5701 1244 5774 ξοιιιίο
1266 5707 1495 5774 ppsl_duo
1515 5721 1632 5760 mss.
1665 5710 1884 5763 δοκοῦσιν
1911 5713 2063 5774 αὐτῆς

487 5768 728 5833 ἐντρυφᾷ-θ,
752 5762 878 5813 unus
903 5762 1075 5821 αὐτοῖς.
1103 5763 1230 5815 Edit.
1255 5762 1430 5824 αὐταῖς.

1193 301 1251 356 S.
1289 301 1570 362 JOANNIS
1606 308 2095 373 CHRYSOSTOMI
2129 319 2447 380 ARCHIEP.
2484 325 3026 388 CONSTANTINOP.

3666 347 3778 405 598

2201 438 2259 491 ὃν
2293 439 2466 494 ἐδόκει
2493 445 2714 513 κρατεῖν
2741 442 2836 498 τοῦ
2862 445 3116 515 ἀδελφοῦ,
3149 446 3243 502 καὶ
3274 453 3733 527 περιγεγενῆσθαι
3756 501 3772 523 ,

2199 535 2293 588 καὶ
2319 535 2415 588 τοῦ
2448 536 2618 607 θυμοῦ
2649 541 2744 594 καὶ
2772 545 2871 613 τῆς
2895 542 3064 614 ὀργῆς
3086 545 3520 617 ἐμπεφορῆσθαι,
3554 551 3776 619 ἐκείνης

2197 628 2301 700 τῆς
2337 630 2524 686 ἀδίκου
2557 635 2652 688 καὶ
2684 639 2962 708 μυσαρᾶς;
3017 639 3070 692 τί
3115 639 3171 693 δέ
3210 641 3311 711 τῆς
3341 641 3520 708 δεξιᾶς
3556 647 3774 720 ἐκείνης

2198 726 2655 801 ἀκαθαρτότερον,
2678 737 2776 804 τῆς
2791 734 3055 806 δοκούσης
3073 739 3433 810 νενικηκέναι,
3454 743 3554 812 τῆς
3568 742 3764 811 δεξιᾶς,

2197 822 2232 893 ἢ
2261 823 2358 895 τὴν
2393 825 2603 898 πληγὴν
2628 829 2929 900 ἐπήγαγεν,
2979 831 3074 885 καὶ
3109 832 3201 886 τὸν
3234 835 3393 903 φόνον
3436 837 3763 907 εἰργάσατο,

2198 920 2290 974 καὶ
2320 921 2421 992 τῆς
2444 925 2728 998 αἰσχίστης
2750 926 3017 1000 γλώττης,
3052 929 3086 1001 ἢ
3114 929 3204 983 τὸν
3224 931 3374 986 δόλον
3415 933 3642 1006 ἐρῤαψε,
3672 938 3765 991 καὶ

2194 1016 2263 1070 τά
2289 1018 2478 1073 δίκτυα
2493 1021 2744 1092 ἥπλωσεν
2763 1040 2778 1089 ;
2808 1025 2918 1080 Καὶ
2932 1026 2985 1080 τί
3006 1026 3147 1095 λέγω
3167 1025 3236 1080 τὰ
3255 1027 3389 1100 μέλη
3405 1031 3474 1083 τά
3496 1031 3588 1085 τὸν
3608 1035 3768 1101 φόνον

2197 1112 2577 1186 ἐργασάμενα;
2623 1119 2732 1173 Καὶ
2769 1119 2878 1192 γάρ
2905 1121 3024 1176 ὅλον
3051 1123 3112 1177 τὸ
3147 1125 3308 1196 σῶμα
3346 1127 3652 1194 ἐκολάζετο,
3687 1129 3768 1202 τῷ

2197 1211 2506 1283 στεναγμῷ,
2523 1212 2601 1284 τῷ
2633 1215 2822 1287 τρόμῳ
2849 1216 3112 1288 διηνεκῶς
3133 1222 3455 1290 παραδοθὲν.
3478 1225 3542 1277 Ὢ
3565 1225 3770 1281 καινῶν

2193 1306 2567 1375 πραγμάτωνι
2600 1309 2646 1363 ὣ
2670 1312 2973 1384 παραδόξου
3015 1315 3200 1388 νίκηςί
3223 1316 3268 1370 ὣ
3289 1317 3440 1385 ξένου
3479 1322 3767 1390 τροπαίουί

2206 1400 2264 1454 '0
2297 1403 2395 1473 μὲν
2417 1407 2646 1473 σφαγεὶς
2677 1409 2772 1462 καὶ
2797 1410 2989 1484 νεκρὸς
3009 1413 3262 1485 κείμενος
3293 1417 3651 1488 ἐστεφανοῦτο
3670 1421 3769 1474 καὶ

2192 1499 2609 1571 ἀνεκηρύττετο’
2632 1506 2660 1558 ὁ
2679 1504 2735 1557 δέ
2765 1507 2992 1579 νικήσας
3016 1511 3110 1564 καὶ
3143 1515 3530 1584 περιγεγονὼς,
3565 1517 3626 1569 οὐ
3669 1516 3769 1587 μό-

2189 1611 2280 1648 νον
2321 1597 2699 1668 ἀστεφάνωτος
2743 1601 2935 1673 ἔμενεν
2975 1617 3021 1672 ο,
3071 1607 3206 1660 ἀλλά
3260 1609 3327 1662 δι’
3361 1611 3491 1664 αὐτὸ
3533 1612 3630 1682 μὲν
3669 1607 3766 1666 οὖν

2189 1691 2346 1747 τοῦτο
2363 1694 2674 1761 ἐκολάζετο,
2699 1699 2794 1752 καὶ
2808 1700 3104 1774 ἀφορήτοις
3123 1706 3436 1777 παρεδίδοτο
3448 1709 3760 1781 τιμωρίαις,

2189 1791 2282 1843 καὶ
2304 1789 2542 1862 διηνεκεῖ
2567 1793 2804 1865 βασάνῳο
2837 1798 2929 1852 καὶ
2957 1798 3051 1852 τοῦ
3087 1803 3405 1873 κινουμένου
3436 1805 3530 1857 καί,
3561 1805 3762 1871 ζῶντος

2188 1887 2282 1940 καὶ
2309 1888 2679 1962 φθεγγομένου
2715 1895 2743 1946 ὁ
2772 1894 3069 1966 πεπληγὼς
3101 1899 3196 1952 καὶ
3239 1901 3494 1968 τεθνεὼς,
3543 1904 3634 1957 καὶ
3667 1902 3762 1958 τοῦ

2190 1984 2562 2068 φθεγγομένου
2599 1994 2627 2044 ὁ
2669 1991 2882 2062 ἄφωνος
2915 1999 3233 2068 κατηγόρει⁹
3271 1999 3473 2069 μᾶλλον
3499 2000 3554 2054 δὲ
3585 2001 3706 2053 οὐδὲ
3734 2003 3764 2054 δ

2186 2060 2448 2152 τεθνεὼς,
2479 2086 2616 2142 ἀλλά
2640 2060 2834 2160 τδ-μέν
2867 2083 3007 2161 αἷμα
3036 2060 3212 2162 {pO-22v,
3246 2060 3341 2148 καὶ
3376 2094 3470 2148 τοῦ
3507 2095 3765 2167 σώματος

2187 2179 2474 2251 χωρισθὲν,
2494 2183 2729 2254 ήρκεσεν
2760 2187 2840 2250 είς
2867 2187 3025 2242 τοῦτο
3043 2189 3226 2261 μόνον.
3247 2189 3494 2264 Τοσαύτη
3523 2192 3631 2246 τῶν
3678 2193 3758 2247 ἐνο

2185 2276 2398 2348 αρέτων
2423 2280 2456 2349 ἠ
2483 2282 2794 2350 περιουσία,
2813 2283 2908 2339 καὶ
2928 2284 3387 2357 τελευτησάντων·
3404 2273 3642 2359 τοσαύτη
3653 2287 3762 2342 τῶν

2185 2373 2437 2445 πονηρῶν
2474 2376 2508 2447 ή
2545 2375 2816 2450 ἀθλιότης,
2848 2380 2943 2434 καὶ
2966 2379 3203 2446 ζώντων,
3230 2383 3294 2436 Εἰ
3316 2382 3371 2436 δὲ
3391 2384 3448 2437 ἐν
3472 2383 3551 2453 τῷ
3582 2385 3762 2456 σκάμο

2187 2486 2314 2539 ματι
2346 2470 2570 2525 τοιαῦτα
2598 2473 2666 2527 τά
2693 2474 2941 2547 βραδεῖα,
2959 2476 3212 2548 ἐννόησον
3233 2479 3369 2549 μετὰ
3391 2480 3762 2550 τούςάγῶνας

2183 2564 2365 2635 ἡλίκαι
2398 2567 2452 2619 αἰ
2484 2567 2732 2639 ἀμοιϐαὶ,
2767 2572 2825 2625 ἐν
2858 2571 2937 2644 τῷ
2973 2573 3150 2645 καιρῷ
3181 2575 3282 2646 τῆς
3325 2575 3668 2641 ἀντιδόσεως,
3700 2577 3762 2633 ἐν

2176 2663 2247 2731 ,τῇ
2283 2662 2517 2734 χορηγίᾳ
2536 2663 2646 2718 τῶν
2669 2666 2891 2736 ἀγαθῶν
2907 2668 3152 2734 ἐκείνων,
3168 2671 3274 2724 τῶν
3294 2670 3473 2726 πάντα
3494 2671 3762 2744 ὑπερϐαι-

2180 2747 2379 2813 νόντων
2412 2757 2590 2830 λόγον.
2619 2762 2700 2816 Τά
2727 2763 2827 2836 μέν
2857 2765 2966 2837 γὰρ
3000 2765 3250 2840 λυπηρά,
3285 2763 3375 2823 οἷα
3407 2769 3472 2823 ἂν
3505 2764 3576 2843 ᾖ,
3610 2769 3761 2843 παρὰ

2182 2855 2488 2930 ἀνθρώπων
2522 2859 2810 2927 ἐπάγεται,
2839 2862 2934 2915 καὶ
2975 2866 3220 2934 μιμεῖται
3255 2865 3363 2918 τῶν
3391 2866 3762 2938 ἐπιφερόντων

2180 2951 2278 3024 τὴν
2303 2953 2601 3010 εὐτέλειαν·
2641 2956 2709 3011 τά
2739 2957 2796 3011 δέ
2821 2957 2969 3031 δῶρα
3004 2958 3098 3014 καὶ
3125 2961 3181 3014 αἰ
3219 2960 3446 3031 ἀμοιϐαὶ
3479 2963 3630 3033 παρὰ
3663 2964 3760 3018 τοῦ

2179 3051 2315 3106 Θεοῦ
2349 3053 2605 3109 δίδονται·
2632 3054 2712 3109 διὸ
2742 3055 2837 3110 καὶ
2865 3055 3091 3111 τοιαῦτά
3124 3058 3294 3125 ἐστιν,
3325 3053 3412 3113 οἵα
3433 3060 3578 3124 εἰκὸς
3607 3061 3760 3132 παρά

2180 3149 2279 3220 τῆς
2307 3149 2517 3219 ἀφάτου
2542 3151 2754 3223 δωρεᾶς
2795 3153 3007 3224 ἐκείνης
3041 3154 3316 3225 διδόμενα.
3369 3155 3544 3228 Χαῖρε
3578 3157 3758 3211 τοίνυν

2179 3246 2275 3300 καὶ
2326 3247 2620 3317 εὐφραίνου
2649 3289 2665 3315 ,
2702 3251 3206 3323 στεφανηφοροῦσα,
3243 3253 3602 3324 πομπεύουσα
3626 3294 3638 3315 ,
3689 3256 3760 3310 τά

2178 3343 2379 3417 κέντρα
2409 3345 2520 3399 τῶν
2567 3346 2776 3419 ἐχθρῶν
2807 3349 3199 3402 καταπατοῦσα
3237 3349 3457 3421 μᾶλλον,
3508 3352 3541 3422 ἢ
3592 3353 3760 3422 πηλὸν

2177 3439 2376 3512 ἕτεροι.
2399 3443 2512 3497 Καὶ
2537 3443 2697 3516 δήλου
2724 3443 2962 3516 συνεχῶς
2995 3447 3130 3516 ήμῖν
3157 3444 3228 3499 τά
3259 3447 3389 3516 περὶ
3415 3447 3513 3519 τῆς
3546 3448 3760 3518 ὑγιείας

2179 3555 2296 3604 σου,
2330 3539 2417 3592 ἵνα
2445 3541 2540 3594 καὶ
2567 3540 2817 3594 ἐντεῦθεν
2847 3540 3046 3612 πολλὴν
3075 3541 3500 3613 καρπωσώμεθα
3533 3547 3634 3617 τὴν
3669 3547 3762 3601 εὐο

2177 3634 2475 3706 φροσύνην.
2511 3631 2686 3690 Οἶσθα
2709 3636 2818 3709 γάρ
2847 3636 2923 3702 ώς
2942 3636 3004 3690 οὐ
3035 3638 3205 3710 μικρὰ
3233 3641 3368 3710 ἡμῖν
3395 3639 3550 3695 ἔσται
3576 3659 3759 3714 παρα-

2179 3730 2368 3802 μυθία,
2401 3731 2493 3784 καὶ
2515 3732 2574 3785 ἐν
2607 3732 2810 3805 ἐρημίᾳ
2835 3732 3188 3805 καθημένοις,
3216 3734 3346 3789 ὅταν
3369 3737 3610 3807 συνεχῶς
3633 3756 3760 3809 μαν-

2176 3826 2427 3899 θάνωμεν
2450 3827 2580 3898 περὶ
2605 3830 2705 3900 τῆς
2759 3827 2980 3900 ῥώσεως
2997 3831 3097 3901 τῆς
3129 3830 3248 3900 σῆς.
3280 3831 3552 3903 Ἐῤῥωσο.

2482 3959 2640 4028 Πρὸς
2665 3957 2782 4028 τὴν
2797 3958 2994 4028 αὐτὴν
3017 3959 3318 4032 ἐπιστολὴ
3349 3958 3444 4025 εἷ’.

2245 4097 2316 4147 α’.
2345 4091 2464 4147 Ἀπ’
2487 4093 2666 4149 αὐτῶν
2685 4094 2889 4160 ἀναϐάς
2905 4095 3012 4152 τῶν
3036 4096 3132 4152 τοῦ
3154 4097 3384 4154 θανάτου
3409 4099 3611 4166 πυλῶν,
3635 4102 3761 4157 ταῦ-

2172 4211 2241 4247 τα
2257 4194 2555 4252 ἐπιστέλλω
2577 4197 2712 4268 πρὸς
2727 4196 2824 4270 τὴν
2845 4198 2943 4268 σὴν
2959 4200 3296 4272 κοσμιότητα
3311 4217 3324 4230 ’
3343 4201 3422 4255 διὸ
3439 4203 3533 4256 καὶ
3549 4205 3757 4276 σφόδρα

2171 4295 2368 4366 ἥσθην,
2386 4295 2468 4349 ὅτι
2494 4294 2588 4349 νῦν
2613 4296 2992 4369 ἀπηντήκασιν
3013 4301 3062 4353 οἰ
3084 4301 3274 4366 παῖδες
3291 4302 3370 4366 εἰς
3389 4302 3582 4374 λιμένα
3601 4301 3756 4380 [580]

2170 4397 2360 4451 λοιπὸν
2376 4397 2693 4468 ὁρμίζουσιν
2714 4401 2866 4470 ἡμῖν.
2882 4401 2944 4454 Εἰ
2965 4400 3076 4472 γάρ
3097 4402 3340 4474 πελαγίῳ
3363 4421 3454 4476 μοι
3478 4405 3758 4462 σαλεύοντι

2170 4496 2273 4563 ἔτι,
2305 4498 2398 4550 καὶ
2429 4495 2499 4548 τὰ
2547 4497 2760 4567 χαλεπά
2797 4502 2897 4572 τῆς
2933 4501 3244 4573 ἀρρωστίας
3281 4503 3623 4577 ἐκδεχομὲνῳ
3659 4507 3760 4560 κύ·

2173 4615 2320 4670 ματα
2351 4599 2713 4671 συνήντησαν,
2750 4601 2871 4655 οὐδὲ
2910 4602 3191 4676 ἀπατῆσαί
3228 4624 3317 4678 μοι
3348 4607 3527 4679 ῥᾴδιον
3556 4604 3626 4680 ἦν
3658 4611 3757 4682 τὴν

2171 4699 2274 4770 σὴν
2306 4698 2612 4766 εὐλάϐειαν,
2638 4700 2853 4773 χρηστὰ
2880 4702 3004 4756 ἀντὶ
3026 4703 3303 4776 δυσχερῶν
3333 4707 3755 4778 ἀπαγγέλλοντι.

2168 4800 2284 4855 Kal
2315 4800 2424 4873 γὰρ
2458 4801 2487 4854 ὁ
2533 4800 2741 4873 χειμὼν
2779 4803 2874 4857 τοῦ
2911 4784 3172 4876 συνήθους
3198 4807 3491 4879 γενόμενος
3526 4811 3757 4882 σφοδρόο

2165 4921 2349 4975 τερος,
2383 4903 2763 4977 χαλεπώτερον
2797 4906 2928 4976 ήμῖν
2961 4907 3054 4960 καὶ
3087 4907 3178 4961 τοῦ
3216 4911 3485 4983 στομάχου
3518 4912 3609 4966 τὸν
3637 4930 3756 4983 χει-

2170 5003 2332 5075 μῶνα
2357 5005 2632 5076 ἐπήγαγε·
2661 5008 2754 5059 καὶ
2803 5007 3014 5078 νεκρῶν
3055 5008 3207 5063 οὐδὲν
3245 5011 3466 5081 ἄμεινον
3496 5013 3623 5077 τοῦς
3658 5014 3754 5070 δύο

2165 5105 2452 5160 διετέλεσα
2485 5107 2658 5177 μῆνας
2678 5106 2922 5174 τούτους,
2944 5107 3079 5161 ἀλλά
3102 5110 3197 5163 καὶ
3222 5110 3623 5183 χαλεπώτερον.
3649 5116 3752 5169 Το-

2163 5209 2359 5262 σοῦτον
2389 5208 2498 5279 γὰρ
2530 5208 2695 5275 ἔζων,
2732 5210 2854 5263 ὅσον
2888 5211 3311 5268 ἐπαισθάνεσθαι
3339 5215 3446 5269 τῶν
3483 5219 3750 5274 πάντοθεν

2163 5309 2512 5366 κυκλούντων
2546 5328 2614 5382 με
2651 5311 2868 5377 δεινῶν,
2899 5315 2993 5367 καὶ
3043 5315 3219 5370 πάντα
3252 5335 3341 5388 μοι
3371 5319 3466 5387 νὺξ
3508 5315 3606 5391 ἦν,
3649 5326 3749 5376 καὶ

2161 5410 2369 5480 ἡμέρα,
2393 5410 2487 5464 καὶ
2515 5411 2730 5482 δρθρος,
2755 5413 2849 5466 καὶ
2881 5414 3198 5487 μεσημϐρία
3234 5417 3397 5491 μέση,
3429 5419 3522 5473 καὶ
3547 5419 3742 5490 διημέ-

2170 5529 2324 5584 ρευον
2355 5513 2422 5582 τῇ
2466 5510 2624 5584 κλίνῃ
2666 5515 3117 5586 προσηλωμένος’
3153 5519 3248 5572 καὶ
3283 5521 3454 5592 μυρία
3485 5518 3746 5592 μηχανώ-

2170 5629 2350 5684 μενος,
2383 5612 2484 5666 οὐκ
2515 5613 2696 5685 ίσχυον
2725 5614 2822 5686 τὴν
2852 5617 2916 5670 ἐκ
2945 5617 3039 5671 τοῦ
3070 5618 3280 5692 κρυμοῦ
3316 5620 3519 5692 βλάϐην
3548 5621 3745 5680 ἀπίηις

2233 5766 2255 5796 ⁸
2281 5765 2388 5818 Duo
2408 5777 2521 5819 mss.
2548 5766 2875 5831 ἀστεφάνωτος
2891 5769 3048 5835 ἀπῄει.
