  <div class='ocr_page' id='page_1' title='image "/cluster/home/n/w/nwhite01/storage/ocr_20150623/52/hvd.32044073501918/218.png"; bbox 0 0 4058 6218; ppageno 0'>
   <div class='ocr_carea' id='block_1_1' title="bbox 287 282 391 341">
    <p class='ocr_par' dir='ltr' id='par_1_1' title="bbox 287 282 391 341">
     <span class='ocr_line' id='line_1_1' title="bbox 287 282 391 341; baseline 0.019 -4"><span class='ocrx_word' id='word_1_1' title='bbox 287 282 391 341; x_wconf 80' lang='grc'><strong>59⁸7</strong></span> 
     </span>
    </p>
   </div>
   <div class='ocr_carea' id='block_1_2' title="bbox 281 397 1872 473">
    <p class='ocr_par' dir='ltr' id='par_1_2' title="bbox 281 397 1872 473">
     <span class='ocr_line' id='line_1_2' title="bbox 281 397 1872 473; baseline 0 -14"><span class='ocrx_word' id='word_1_2' title='bbox 281 403 442 466; x_wconf 89' lang='lat' dir='ltr'><strong>dunt,</strong></span> <span class='ocrx_word' id='word_1_3' title='bbox 484 397 697 454; x_wconf 98' lang='lat' dir='ltr'><strong>tametsi</strong></span> <span class='ocrx_word' id='word_1_4' title='bbox 739 397 1025 455; x_wconf 83' lang='lat' dir='ltr'><strong>admodum</strong></span> <span class='ocrx_word' id='word_1_5' title='bbox 1065 401 1266 457; x_wconf 91' lang='lat' dir='ltr'><strong>strenui</strong></span> <span class='ocrx_word' id='word_1_6' title='bbox 1313 402 1454 470; x_wconf 92' lang='lat' dir='ltr'><strong>sint,</strong></span> <span class='ocrx_word' id='word_1_7' title='bbox 1484 402 1554 458; x_wconf 92' lang='lat' dir='ltr'><strong>ob</strong></span> <span class='ocrx_word' id='word_1_8' title='bbox 1595 403 1872 473; x_wconf 72' lang='lat' dir='ltr'><strong>navigandi</strong></span> 
     </span>
    </p>
   </div>
   <div class='ocr_carea' id='block_1_3' title="bbox 283 492 1874 564">
    <p class='ocr_par' dir='ltr' id='par_1_3' title="bbox 283 492 1874 564">
     <span class='ocr_line' id='line_1_3' title="bbox 283 492 1874 564; baseline 0.004 -16"><span class='ocrx_word' id='word_1_9' title='bbox 283 492 627 549; x_wconf 73' lang='lat' dir='ltr'><strong>insolentiam</strong></span> <span class='ocrx_word' id='word_1_10' title='bbox 656 493 1036 563; x_wconf 90' lang='lat' dir='ltr'><strong>perturbantur</strong></span> <span class='ocrx_word' id='word_1_11' title='bbox 1060 536 1077 562; x_wconf 94' lang='lat'><strong>,</strong></span> <span class='ocrx_word' id='word_1_12' title='bbox 1108 496 1514 564; x_wconf 90' lang='lat' dir='ltr'><strong>tumultuantur,</strong></span> <span class='ocrx_word' id='word_1_13' title='bbox 1544 497 1874 554; x_wconf 90' lang='lat' dir='ltr'><strong>tenebricosa</strong></span> 
     </span>
    </p>
   </div>
   <div class='ocr_carea' id='block_1_4' title="bbox 280 583 1875 659">
    <p class='ocr_par' dir='ltr' id='par_1_4' title="bbox 280 583 1875 659">
     <span class='ocr_line' id='line_1_4' title="bbox 280 583 1875 659; baseline 0.004 -22"><span class='ocrx_word' id='word_1_14' title='bbox 280 584 547 654; x_wconf 76' lang='lat' dir='ltr'><strong>vertigine</strong></span> <span class='ocrx_word' id='word_1_15' title='bbox 575 583 973 653; x_wconf 87' lang='lat' dir='ltr'><strong>corripiuntur:</strong></span> <span class='ocrx_word' id='word_1_16' title='bbox 1015 593 1070 639; x_wconf 91' lang='lat' dir='ltr'><strong>at</strong></span> <span class='ocrx_word' id='word_1_17' title='bbox 1095 586 1184 656; x_wconf 87' lang='lat' dir='ltr'><strong>qui</strong></span> <span class='ocrx_word' id='word_1_18' title='bbox 1212 586 1378 641; x_wconf 90' lang='lat' dir='ltr'><strong>multa</strong></span> <span class='ocrx_word' id='word_1_19' title='bbox 1423 589 1588 641; x_wconf 89' lang='lat' dir='ltr'><strong>maria</strong></span> <span class='ocrx_word' id='word_1_20' title='bbox 1623 604 1875 659; x_wconf 87' lang='lat' dir='ltr'><strong>peragra-</strong></span> 
     </span>
    </p>
   </div>
   <div class='ocr_carea' id='block_1_5' title="bbox 279 675 1873 745">
    <p class='ocr_par' dir='ltr' id='par_1_5' title="bbox 279 675 1873 745">
     <span class='ocr_line' id='line_1_5' title="bbox 279 675 1873 745; baseline 0.003 -16"><span class='ocrx_word' id='word_1_21' title='bbox 279 683 429 738; x_wconf 82' lang='lat' dir='ltr'><strong>runt,</strong></span> <span class='ocrx_word' id='word_1_22' title='bbox 453 689 518 729; x_wconf 91' lang='lat' dir='ltr'><strong>ac</strong></span> <span class='ocrx_word' id='word_1_23' title='bbox 547 675 737 729; x_wconf 90' lang='lat' dir='ltr'><strong>multas</strong></span> <span class='ocrx_word' id='word_1_24' title='bbox 769 683 1130 745; x_wconf 79' lang='lat' dir='ltr'><strong>tempestates,</strong></span> <span class='ocrx_word' id='word_1_25' title='bbox 1154 685 1210 732; x_wconf 91' lang='lat' dir='ltr'><strong>et</strong></span> <span class='ocrx_word' id='word_1_26' title='bbox 1243 691 1372 732; x_wconf 89' lang='lat' dir='ltr'><strong>saxa</strong></span> <span class='ocrx_word' id='word_1_27' title='bbox 1399 678 1612 734; x_wconf 88' lang='lat' dir='ltr'><strong>latentia</strong></span> <span class='ocrx_word' id='word_1_28' title='bbox 1643 680 1741 736; x_wconf 89' lang='lat' dir='ltr'><strong>sub</strong></span> <span class='ocrx_word' id='word_1_29' title='bbox 1770 695 1873 734; x_wconf 90' lang='lat' dir='ltr'><strong>un-</strong></span> 
     </span>
    </p>
   </div>
   <div class='ocr_carea' id='block_1_6' title="bbox 281 764 1874 838">
    <p class='ocr_par' dir='ltr' id='par_1_6' title="bbox 281 764 1874 838">
     <span class='ocr_line' id='line_1_6' title="bbox 281 764 1874 838; baseline 0.003 -18"><span class='ocrx_word' id='word_1_30' title='bbox 281 766 390 832; x_wconf 85' lang='lat' dir='ltr'><strong>dis,</strong></span> <span class='ocrx_word' id='word_1_31' title='bbox 417 774 471 820; x_wconf 90' lang='lat' dir='ltr'><strong>et</strong></span> <span class='ocrx_word' id='word_1_32' title='bbox 500 764 768 834; x_wconf 90' lang='lat' dir='ltr'><strong>scopulos,</strong></span> <span class='ocrx_word' id='word_1_33' title='bbox 801 772 856 820; x_wconf 90' lang='lat' dir='ltr'><strong>et</strong></span> <span class='ocrx_word' id='word_1_34' title='bbox 884 766 1180 821; x_wconf 86' lang='lat' dir='ltr'><strong>belluarum</strong></span> <span class='ocrx_word' id='word_1_35' title='bbox 1209 765 1458 837; x_wconf 87' lang='lat' dir='ltr'><strong>impetus,</strong></span> <span class='ocrx_word' id='word_1_36' title='bbox 1487 777 1540 824; x_wconf 93' lang='lat' dir='ltr'><strong>et</strong></span> <span class='ocrx_word' id='word_1_37' title='bbox 1565 769 1874 838; x_wconf 56' lang='lat' dir='ltr'><strong>praedonum</strong></span> 
     </span>
    </p>
   </div>
   <div class='ocr_carea' id='block_1_7' title="bbox 281 855 1874 930">
    <p class='ocr_par' dir='ltr' id='par_1_7' title="bbox 281 855 1874 930">
     <span class='ocr_line' id='line_1_7' title="bbox 281 855 1874 930; baseline 0.003 -20"><span class='ocrx_word' id='word_1_38' title='bbox 281 873 348 913; x_wconf 86' lang='lat' dir='ltr'><strong>ac</strong></span> <span class='ocrx_word' id='word_1_39' title='bbox 389 857 681 926; x_wconf 86' lang='lat' dir='ltr'><strong>piratarum</strong></span> <span class='ocrx_word' id='word_1_40' title='bbox 728 855 946 911; x_wconf 86' lang='lat' dir='ltr'><strong>insidias</strong></span> <span class='ocrx_word' id='word_1_41' title='bbox 975 858 1324 926; x_wconf 86' lang='lat' dir='ltr'><strong>pertulerunt,</strong></span> <span class='ocrx_word' id='word_1_42' title='bbox 1353 867 1409 914; x_wconf 91' lang='lat' dir='ltr'><strong>et</strong></span> <span class='ocrx_word' id='word_1_43' title='bbox 1439 860 1718 914; x_wconf 88' lang='lat' dir='ltr'><strong>continuas</strong></span> <span class='ocrx_word' id='word_1_44' title='bbox 1749 877 1874 930; x_wconf 89' lang='lat' dir='ltr'><strong>pro-</strong></span> 
     </span>
    </p>
   </div>
   <div class='ocr_carea' id='block_1_8' title="bbox 277 948 1872 1023">
    <p class='ocr_par' dir='ltr' id='par_1_8' title="bbox 277 948 1872 1023">
     <span class='ocr_line' id='line_1_8' title="bbox 277 948 1872 1023; baseline 0.002 -18"><span class='ocrx_word' id='word_1_45' title='bbox 277 949 452 1005; x_wconf 82' lang='lat' dir='ltr'><strong>cellas</strong></span> <span class='ocrx_word' id='word_1_46' title='bbox 480 949 867 1015; x_wconf 87' lang='lat' dir='ltr'><strong>sustinuerunt,</strong></span> <span class='ocrx_word' id='word_1_47' title='bbox 897 948 1172 1005; x_wconf 84' lang='lat' dir='ltr'><strong>fidentiore</strong></span> <span class='ocrx_word' id='word_1_48' title='bbox 1198 949 1448 1020; x_wconf 89' lang='lat' dir='ltr'><strong>deinceps</strong></span> <span class='ocrx_word' id='word_1_49' title='bbox 1473 952 1674 1021; x_wconf 90' lang='lat' dir='ltr'><strong>animo,</strong></span> <span class='ocrx_word' id='word_1_50' title='bbox 1711 969 1872 1023; x_wconf 88' lang='lat' dir='ltr'><strong>quam</strong></span> 
     </span>
    </p>
   </div>
   <div class='ocr_carea' id='block_1_9' title="bbox 283 1037 1876 1108">
    <p class='ocr_par' dir='ltr' id='par_1_9' title="bbox 283 1037 1876 1108">
     <span class='ocr_line' id='line_1_9' title="bbox 283 1037 1876 1108; baseline 0.006 -19"><span class='ocrx_word' id='word_1_51' title='bbox 283 1039 374 1108; x_wconf 88' lang='lat' dir='ltr'><strong>qui</strong></span> <span class='ocrx_word' id='word_1_52' title='bbox 401 1038 456 1091; x_wconf 93' lang='lat' dir='ltr'><strong>in</strong></span> <span class='ocrx_word' id='word_1_53' title='bbox 479 1047 617 1092; x_wconf 89' lang='lat' dir='ltr'><strong>terra</strong></span> <span class='ocrx_word' id='word_1_54' title='bbox 639 1037 933 1103; x_wconf 83' lang='lat' dir='ltr'><strong>ambulant,</strong></span> <span class='ocrx_word' id='word_1_55' title='bbox 964 1038 1017 1093; x_wconf 93' lang='lat' dir='ltr'><strong>in</strong></span> <span class='ocrx_word' id='word_1_56' title='bbox 1047 1041 1164 1094; x_wconf 91' lang='lat' dir='ltr'><strong>navi</strong></span> <span class='ocrx_word' id='word_1_57' title='bbox 1189 1057 1249 1098; x_wconf 67' lang='lat' dir='ltr'><strong>se</strong></span> <span class='ocrx_word' id='word_1_58' title='bbox 1273 1050 1393 1108; x_wconf 89' lang='lat' dir='ltr'><strong>‘ent,</strong></span> <span class='ocrx_word' id='word_1_59' title='bbox 1425 1057 1530 1097; x_wconf 89' lang='lat' dir='ltr'><strong>non</strong></span> <span class='ocrx_word' id='word_1_60' title='bbox 1552 1037 1696 1099; x_wconf 88' lang='lat' dir='ltr'><strong>intus</strong></span> <span class='ocrx_word' id='word_1_61' title='bbox 1721 1045 1876 1098; x_wconf 91' lang='lat' dir='ltr'><strong>dum-</strong></span> 
     </span>
    </p>
   </div>
   <div class='ocr_carea' id='block_1_10' title="bbox 286 1129 1874 1203">
    <p class='ocr_par' dir='ltr' id='par_1_10' title="bbox 286 1129 1874 1203">
     <span class='ocr_line' id='line_1_10' title="bbox 286 1129 1874 1203; baseline 0.006 -20"><span class='ocrx_word' id='word_1_62' title='bbox 286 1139 434 1183; x_wconf 81' lang='lat' dir='ltr'><strong>taxat</strong></span> <span class='ocrx_word' id='word_1_63' title='bbox 468 1129 535 1183; x_wconf 91' lang='lat' dir='ltr'><strong>ad</strong></span> <span class='ocrx_word' id='word_1_64' title='bbox 564 1131 822 1196; x_wconf 92' lang='lat' dir='ltr'><strong>carinam,</strong></span> <span class='ocrx_word' id='word_1_65' title='bbox 863 1129 958 1184; x_wconf 90' lang='lat' dir='ltr'><strong>sed</strong></span> <span class='ocrx_word' id='word_1_66' title='bbox 983 1131 1143 1186; x_wconf 88' lang='lat' dir='ltr'><strong>etiam</strong></span> <span class='ocrx_word' id='word_1_67' title='bbox 1175 1131 1230 1186; x_wconf 92' lang='lat' dir='ltr'><strong>in</strong></span> <span class='ocrx_word' id='word_1_68' title='bbox 1257 1133 1384 1203; x_wconf 89' lang='lat' dir='ltr'><strong>ipsis</strong></span> <span class='ocrx_word' id='word_1_69' title='bbox 1425 1135 1575 1190; x_wconf 88' lang='lat' dir='ltr'><strong>navis</strong></span> <span class='ocrx_word' id='word_1_70' title='bbox 1620 1135 1874 1192; x_wconf 76' lang='lat' dir='ltr'><strong>lateribus</strong></span> 
     </span>
    </p>
   </div>
   <div class='ocr_carea' id='block_1_11' title="bbox 285 1220 1875 1296">
    <p class='ocr_par' dir='ltr' id='par_1_11' title="bbox 285 1220 1875 1296">
     <span class='ocr_line' id='line_1_11' title="bbox 285 1220 1875 1296; baseline 0.004 -20"><span class='ocrx_word' id='word_1_71' title='bbox 285 1220 604 1284; x_wconf 85' lang='lat' dir='ltr'><strong>insidentes,</strong></span> <span class='ocrx_word' id='word_1_72' title='bbox 630 1228 790 1290; x_wconf 87' lang='lat' dir='ltr'><strong>atque</strong></span> <span class='ocrx_word' id='word_1_73' title='bbox 835 1230 946 1276; x_wconf 93' lang='lat' dir='ltr'><strong>tum</strong></span> <span class='ocrx_word' id='word_1_74' title='bbox 987 1221 1039 1274; x_wconf 88' lang='lat' dir='ltr'><strong>in</strong></span> <span class='ocrx_word' id='word_1_75' title='bbox 1084 1237 1262 1292; x_wconf 88' lang='lat' dir='ltr'><strong>prora,</strong></span> <span class='ocrx_word' id='word_1_76' title='bbox 1316 1232 1426 1279; x_wconf 91' lang='lat' dir='ltr'><strong>tum</strong></span> <span class='ocrx_word' id='word_1_77' title='bbox 1472 1225 1526 1280; x_wconf 92' lang='lat' dir='ltr'><strong>in</strong></span> <span class='ocrx_word' id='word_1_78' title='bbox 1558 1226 1718 1296; x_wconf 86' lang='lat' dir='ltr'><strong>puppi</strong></span> <span class='ocrx_word' id='word_1_79' title='bbox 1758 1227 1875 1283; x_wconf 86' lang='lat' dir='ltr'><strong>sine</strong></span> 
     </span>
    </p>
   </div>
   <div class='ocr_carea' id='block_1_12' title="bbox 285 1312 1875 1384">
    <p class='ocr_par' dir='ltr' id='par_1_12' title="bbox 285 1312 1875 1384">
     <span class='ocr_line' id='line_1_12' title="bbox 285 1312 1875 1384; baseline 0.006 -18"><span class='ocrx_word' id='word_1_80' title='bbox 285 1312 401 1366; x_wconf 88' lang='lat' dir='ltr'><strong>ullo</strong></span> <span class='ocrx_word' id='word_1_81' title='bbox 442 1320 587 1380; x_wconf 89' lang='lat' dir='ltr'><strong>metu</strong></span> <span class='ocrx_word' id='word_1_82' title='bbox 616 1322 858 1368; x_wconf 86' lang='lat' dir='ltr'><strong>stantes:</strong></span> <span class='ocrx_word' id='word_1_83' title='bbox 888 1320 943 1367; x_wconf 88' lang='lat' dir='ltr'><strong>et</strong></span> <span class='ocrx_word' id='word_1_84' title='bbox 981 1314 1067 1384; x_wconf 87' lang='lat' dir='ltr'><strong>qui</strong></span> <span class='ocrx_word' id='word_1_85' title='bbox 1100 1315 1247 1384; x_wconf 90' lang='lat' dir='ltr'><strong>prius</strong></span> <span class='ocrx_word' id='word_1_86' title='bbox 1271 1326 1394 1372; x_wconf 88' lang='lat' dir='ltr'><strong>ante</strong></span> <span class='ocrx_word' id='word_1_87' title='bbox 1417 1317 1653 1374; x_wconf 91' lang='lat' dir='ltr'><strong>omnium</strong></span> <span class='ocrx_word' id='word_1_88' title='bbox 1691 1320 1875 1376; x_wconf 90' lang='lat' dir='ltr'><strong>oculos</strong></span> 
     </span>
    </p>
   </div>
   <div class='ocr_carea' id='block_1_13' title="bbox 286 1403 1876 1479">
    <p class='ocr_par' dir='ltr' id='par_1_13' title="bbox 286 1403 1876 1479">
     <span class='ocr_line' id='line_1_13' title="bbox 286 1403 1876 1479; baseline 0.004 -21"><span class='ocrx_word' id='word_1_89' title='bbox 286 1419 410 1458; x_wconf 86' lang='lat' dir='ltr'><strong>cum</strong></span> <span class='ocrx_word' id='word_1_90' title='bbox 441 1413 587 1460; x_wconf 90' lang='lat' dir='ltr'><strong>metu</strong></span> <span class='ocrx_word' id='word_1_91' title='bbox 630 1418 695 1458; x_wconf 90' lang='lat' dir='ltr'><strong>ac</strong></span> <span class='ocrx_word' id='word_1_92' title='bbox 725 1412 957 1460; x_wconf 86' lang='lat' dir='ltr'><strong>tremore</strong></span> <span class='ocrx_word' id='word_1_93' title='bbox 980 1403 1250 1474; x_wconf 87' lang='lat' dir='ltr'><strong>jacebant,</strong></span> <span class='ocrx_word' id='word_1_94' title='bbox 1293 1418 1636 1479; x_wconf 87' lang='lat' dir='ltr'><strong>posteaquam</strong></span> <span class='ocrx_word' id='word_1_95' title='bbox 1667 1410 1876 1465; x_wconf 89' lang='lat' dir='ltr'><strong>diutur-</strong></span> 
     </span>
    </p>
   </div>
   <div class='ocr_carea' id='block_1_14' title="bbox 289 1497 1874 1570">
    <p class='ocr_par' dir='ltr' id='par_1_14' title="bbox 289 1497 1874 1570">
     <span class='ocr_line' id='line_1_14' title="bbox 289 1497 1874 1570; baseline 0.004 -20"><span class='ocrx_word' id='word_1_96' title='bbox 289 1511 417 1550; x_wconf 86' lang='lat' dir='ltr'><strong>num</strong></span> <span class='ocrx_word' id='word_1_97' title='bbox 456 1497 787 1566; x_wconf 89' lang='lat' dir='ltr'><strong>tempestatis</strong></span> <span class='ocrx_word' id='word_1_98' title='bbox 827 1497 1120 1566; x_wconf 89' lang='lat' dir='ltr'><strong>periculum</strong></span> <span class='ocrx_word' id='word_1_99' title='bbox 1162 1497 1432 1565; x_wconf 89' lang='lat' dir='ltr'><strong>fecerunt,</strong></span> <span class='ocrx_word' id='word_1_100' title='bbox 1456 1499 1567 1570; x_wconf 90' lang='lat' dir='ltr'><strong>jam</strong></span> <span class='ocrx_word' id='word_1_101' title='bbox 1598 1510 1654 1556; x_wconf 91' lang='lat' dir='ltr'><strong>et</strong></span> <span class='ocrx_word' id='word_1_102' title='bbox 1694 1500 1874 1556; x_wconf 75' lang='lat' dir='ltr'><strong>funem</strong></span> 
     </span>
    </p>
   </div>
   <div class='ocr_carea' id='block_1_15' title="bbox 290 1585 1874 1660">
    <p class='ocr_par' dir='ltr' id='par_1_15' title="bbox 290 1585 1874 1660">
     <span class='ocr_line' id='line_1_15' title="bbox 290 1585 1874 1660; baseline 0.004 -21"><span class='ocrx_word' id='word_1_103' title='bbox 290 1585 504 1640; x_wconf 80' lang='lat' dir='ltr'><strong>trahunt</strong></span> <span class='ocrx_word' id='word_1_104' title='bbox 530 1595 585 1640; x_wconf 91' lang='lat' dir='ltr'><strong>et</strong></span> <span class='ocrx_word' id='word_1_105' title='bbox 629 1585 743 1640; x_wconf 91' lang='lat' dir='ltr'><strong>vela</strong></span> <span class='ocrx_word' id='word_1_106' title='bbox 787 1586 1042 1656; x_wconf 90' lang='lat' dir='ltr'><strong>pandunt,</strong></span> <span class='ocrx_word' id='word_1_107' title='bbox 1073 1603 1250 1642; x_wconf 92' lang='lat' dir='ltr'><strong>remos</strong></span> <span class='ocrx_word' id='word_1_108' title='bbox 1285 1598 1588 1660; x_wconf 90' lang='lat' dir='ltr'><strong>capessunt,</strong></span> <span class='ocrx_word' id='word_1_109' title='bbox 1617 1602 1778 1660; x_wconf 88' lang='lat' dir='ltr'><strong>atque</strong></span> <span class='ocrx_word' id='word_1_110' title='bbox 1818 1595 1874 1646; x_wconf 89' lang='lat' dir='ltr'><strong>in</strong></span> 
     </span>
    </p>
   </div>
   <div class='ocr_carea' id='block_1_16' title="bbox 288 1676 1875 1746">
    <p class='ocr_par' dir='ltr' id='par_1_16' title="bbox 288 1676 1875 1746">
     <span class='ocr_line' id='line_1_16' title="bbox 288 1676 1875 1746; baseline 0.004 -16"><span class='ocrx_word' id='word_1_111' title='bbox 288 1691 477 1732; x_wconf 87' lang='lat' dir='ltr'><strong>omnes</strong></span> <span class='ocrx_word' id='word_1_112' title='bbox 517 1676 664 1730; x_wconf 90' lang='lat' dir='ltr'><strong>navis</strong></span> <span class='ocrx_word' id='word_1_113' title='bbox 706 1684 887 1746; x_wconf 89' lang='lat' dir='ltr'><strong>partes</strong></span> <span class='ocrx_word' id='word_1_114' title='bbox 931 1676 1084 1733; x_wconf 83' lang='lat' dir='ltr'><strong>facile</strong></span> <span class='ocrx_word' id='word_1_115' title='bbox 1125 1687 1464 1736; x_wconf 89' lang='lat' dir='ltr'><strong>concursant.</strong></span> <span class='ocrx_word' id='word_1_116' title='bbox 1505 1680 1761 1746; x_wconf 85' lang='lat' dir='ltr'><strong>Quocirca</strong></span> <span class='ocrx_word' id='word_1_117' title='bbox 1805 1696 1875 1737; x_wconf 88' lang='lat' dir='ltr'><strong>ne</strong></span> 
     </span>
    </p>
   </div>
   <div class='ocr_carea' id='block_1_17' title="bbox 288 1766 1872 1840">
    <p class='ocr_par' dir='ltr' id='par_1_17' title="bbox 288 1766 1872 1840">
     <span class='ocr_line' id='line_1_17' title="bbox 288 1766 1872 1840; baseline 0.003 -19"><span class='ocrx_word' id='word_1_118' title='bbox 288 1766 416 1837; x_wconf 91' lang='lat' dir='ltr'><strong>quid</strong></span> <span class='ocrx_word' id='word_1_119' title='bbox 445 1782 629 1822; x_wconf 90' lang='lat' dir='ltr'><strong>eorum</strong></span> <span class='ocrx_word' id='word_1_120' title='bbox 672 1782 791 1838; x_wconf 67' lang='lat' dir='ltr'><strong>qua:</strong></span> <span class='ocrx_word' id='word_1_121' title='bbox 827 1767 1094 1836; x_wconf 88' lang='lat' dir='ltr'><strong>accidunt,</strong></span> <span class='ocrx_word' id='word_1_122' title='bbox 1122 1783 1218 1823; x_wconf 92' lang='lat' dir='ltr'><strong>vos</strong></span> <span class='ocrx_word' id='word_1_123' title='bbox 1258 1769 1550 1840; x_wconf 87' lang='lat' dir='ltr'><strong>perturbet.</strong></span> <span class='ocrx_word' id='word_1_124' title='bbox 1581 1771 1695 1826; x_wconf 80' lang='lat' dir='ltr'><strong>Huc</strong></span> <span class='ocrx_word' id='word_1_125' title='bbox 1730 1771 1872 1826; x_wconf 89' lang='lat' dir='ltr'><strong>enim</strong></span> 
     </span>
    </p>
   </div>
   <div class='ocr_carea' id='block_1_18' title="bbox 287 1861 1874 1933">
    <p class='ocr_par' dir='ltr' id='par_1_18' title="bbox 287 1861 1874 1933">
     <span class='ocr_line' id='line_1_18' title="bbox 287 1861 1874 1933; baseline 0.001 -17"><span class='ocrx_word' id='word_1_126' title='bbox 287 1877 388 1916; x_wconf 90' lang='lat' dir='ltr'><strong>nos</strong></span> <span class='ocrx_word' id='word_1_127' title='bbox 417 1861 599 1916; x_wconf 87' lang='lat' dir='ltr'><strong>hostes</strong></span> <span class='ocrx_word' id='word_1_128' title='bbox 623 1861 705 1916; x_wconf 90' lang='lat' dir='ltr'><strong>vel</strong></span> <span class='ocrx_word' id='word_1_129' title='bbox 750 1861 896 1916; x_wconf 87' lang='lat' dir='ltr'><strong>inviti</strong></span> <span class='ocrx_word' id='word_1_130' title='bbox 941 1861 1281 1932; x_wconf 82' lang='lat' dir='ltr'><strong>redegerunt,</strong></span> <span class='ocrx_word' id='word_1_131' title='bbox 1323 1873 1381 1918; x_wconf 91' lang='lat' dir='ltr'><strong>ut</strong></span> <span class='ocrx_word' id='word_1_132' title='bbox 1407 1863 1550 1917; x_wconf 91' lang='lat' dir='ltr'><strong>nullo</strong></span> <span class='ocrx_word' id='word_1_133' title='bbox 1591 1862 1699 1933; x_wconf 87' lang='lat' dir='ltr'><strong>jam</strong></span> <span class='ocrx_word' id='word_1_134' title='bbox 1732 1862 1874 1917; x_wconf 89' lang='lat' dir='ltr'><strong>malo</strong></span> 
     </span>
    </p>
   </div>
   <div class='ocr_carea' id='block_1_19' title="bbox 285 1951 1870 2023">
    <p class='ocr_par' dir='ltr' id='par_1_19' title="bbox 285 1951 1870 2023">
     <span class='ocr_line' id='line_1_19' title="bbox 285 1951 1870 2023; baseline 0.003 -19"><span class='ocrx_word' id='word_1_135' title='bbox 285 1951 429 2007; x_wconf 85' lang='lat' dir='ltr'><strong>affici</strong></span> <span class='ocrx_word' id='word_1_136' title='bbox 460 1967 738 2022; x_wconf 85' lang='lat' dir='ltr'><strong>queamus.</strong></span> <span class='ocrx_word' id='word_1_137' title='bbox 767 1952 963 2023; x_wconf 89' lang='lat' dir='ltr'><strong>quippe</strong></span> <span class='ocrx_word' id='word_1_138' title='bbox 989 1954 1076 2023; x_wconf 87' lang='lat' dir='ltr'><strong>qui</strong></span> <span class='ocrx_word' id='word_1_139' title='bbox 1104 1953 1287 2010; x_wconf 78' lang='lat' dir='ltr'><strong>effusis</strong></span> <span class='ocrx_word' id='word_1_140' title='bbox 1316 1954 1562 2009; x_wconf 91' lang='lat' dir='ltr'><strong>omnibus</strong></span> <span class='ocrx_word' id='word_1_141' title='bbox 1592 1955 1700 2008; x_wconf 90' lang='lat' dir='ltr'><strong>suis</strong></span> <span class='ocrx_word' id='word_1_142' title='bbox 1731 1955 1870 2021; x_wconf 86' lang='lat' dir='ltr'><strong>telis,</strong></span> 
     </span>
    </p>
   </div>
   <div class='ocr_carea' id='block_1_20' title="bbox 285 2045 1871 2115">
    <p class='ocr_par' dir='ltr' id='par_1_20' title="bbox 285 2045 1871 2115">
     <span class='ocr_line' id='line_1_20' title="bbox 285 2045 1871 2115; baseline -0.001 -16"><span class='ocrx_word' id='word_1_143' title='bbox 285 2045 494 2100; x_wconf 90' lang='lat' dir='ltr'><strong>nullum</strong></span> <span class='ocrx_word' id='word_1_144' title='bbox 526 2045 650 2100; x_wconf 89' lang='lat' dir='ltr'><strong>hinc</strong></span> <span class='ocrx_word' id='word_1_145' title='bbox 690 2045 831 2100; x_wconf 89' lang='lat' dir='ltr'><strong>aliud</strong></span> <span class='ocrx_word' id='word_1_146' title='bbox 865 2046 1280 2100; x_wconf 75' lang='lat' dir='ltr'><strong>emolumentum</strong></span> <span class='ocrx_word' id='word_1_147' title='bbox 1316 2045 1670 2115; x_wconf 87' lang='lat' dir='ltr'><strong>perceperint,</strong></span> <span class='ocrx_word' id='word_1_148' title='bbox 1713 2060 1871 2115; x_wconf 90' lang='lat' dir='ltr'><strong>quam</strong></span> 
     </span>
    </p>
   </div>
   <div class='ocr_carea' id='block_1_21' title="bbox 285 2136 1876 2206">
    <p class='ocr_par' dir='ltr' id='par_1_21' title="bbox 285 2136 1876 2206">
     <span class='ocr_line' id='line_1_21' title="bbox 285 2136 1876 2206; baseline -0.001 -14"><span class='ocrx_word' id='word_1_149' title='bbox 285 2146 348 2192; x_wconf 88' lang='lat' dir='ltr'><strong>ut</strong></span> <span class='ocrx_word' id='word_1_150' title='bbox 374 2137 664 2206; x_wconf 89' lang='lat' dir='ltr'><strong>ignominia</strong></span> <span class='ocrx_word' id='word_1_151' title='bbox 692 2136 1093 2206; x_wconf 88' lang='lat' dir='ltr'><strong>perfundantur,</strong></span> <span class='ocrx_word' id='word_1_152' title='bbox 1143 2145 1197 2192; x_wconf 95' lang='lat' dir='ltr'><strong>et</strong></span> <span class='ocrx_word' id='word_1_153' title='bbox 1223 2137 1560 2202; x_wconf 91' lang='lat' dir='ltr'><strong>irrideantur,</strong></span> <span class='ocrx_word' id='word_1_154' title='bbox 1607 2145 1767 2206; x_wconf 88' lang='lat' dir='ltr'><strong>atque</strong></span> <span class='ocrx_word' id='word_1_155' title='bbox 1818 2142 1876 2190; x_wconf 91' lang='lat' dir='ltr'><strong>ut</strong></span> 
     </span>
    </p>
   </div>
   <div class='ocr_carea' id='block_1_22' title="bbox 284 2228 1870 2298">
    <p class='ocr_par' dir='ltr' id='par_1_22' title="bbox 284 2228 1870 2298">
     <span class='ocr_line' id='line_1_22' title="bbox 284 2228 1870 2298; baseline -0.003 -13"><span class='ocrx_word' id='word_1_156' title='bbox 284 2244 604 2285; x_wconf 89' lang='lat' dir='ltr'><strong>communes</strong></span> <span class='ocrx_word' id='word_1_157' title='bbox 619 2228 764 2284; x_wconf 88' lang='lat' dir='ltr'><strong>orbis</strong></span> <span class='ocrx_word' id='word_1_158' title='bbox 784 2228 1014 2284; x_wconf 84' lang='lat' dir='ltr'><strong>universi</strong></span> <span class='ocrx_word' id='word_1_159' title='bbox 1039 2228 1219 2284; x_wconf 87' lang='lat' dir='ltr'><strong>hostes</strong></span> <span class='ocrx_word' id='word_1_160' title='bbox 1241 2228 1434 2298; x_wconf 90' lang='lat' dir='ltr'><strong>ubique</strong></span> <span class='ocrx_word' id='word_1_161' title='bbox 1455 2228 1870 2298; x_wconf 84' lang='lat' dir='ltr'><strong>conspiciantur.</strong></span> 
     </span>
    </p>
   </div>
   <div class='ocr_carea' id='block_1_23' title="bbox 284 2321 1874 2392">
    <p class='ocr_par' dir='ltr' id='par_1_23' title="bbox 284 2321 1874 2392">
     <span class='ocr_line' id='line_1_23' title="bbox 284 2321 1874 2392; baseline -0.001 -14"><span class='ocrx_word' id='word_1_162' title='bbox 284 2322 416 2378; x_wconf 70' lang='lat' dir='ltr'><strong>Eme</strong></span> <span class='ocrx_word' id='word_1_163' title='bbox 460 2321 826 2378; x_wconf 79' lang='lat' dir='ltr'><strong>insidiatorum</strong></span> <span class='ocrx_word' id='word_1_164' title='bbox 853 2321 1068 2392; x_wconf 81' lang='lat' dir='ltr'><strong>praemia</strong></span> <span class='ocrx_word' id='word_1_165' title='bbox 1105 2330 1267 2376; x_wconf 86' lang='lat' dir='ltr'><strong>sunt:</strong></span> <span class='ocrx_word' id='word_1_166' title='bbox 1313 2321 1400 2376; x_wconf 90' lang='lat' dir='ltr'><strong>hic</strong></span> <span class='ocrx_word' id='word_1_167' title='bbox 1430 2321 1688 2377; x_wconf 89' lang='lat' dir='ltr'><strong>bellorum</strong></span> <span class='ocrx_word' id='word_1_168' title='bbox 1730 2321 1874 2376; x_wconf 81' lang='lat' dir='ltr'><strong>finis.</strong></span> 
     </span>
    </p>
   </div>
   <div class='ocr_carea' id='block_1_24' title="bbox 285 2412 1872 2484">
    <p class='ocr_par' dir='ltr' id='par_1_24' title="bbox 285 2412 1872 2484">
     <span class='ocr_line' id='line_1_24' title="bbox 285 2412 1872 2484; baseline -0.002 -15"><span class='ocrx_word' id='word_1_169' title='bbox 285 2413 471 2484; x_wconf 73' lang='lat' dir='ltr'><strong>Papze,</strong></span> <span class='ocrx_word' id='word_1_170' title='bbox 514 2421 707 2482; x_wconf 86' lang='lat' dir='ltr'><strong>quanta</strong></span> <span class='ocrx_word' id='word_1_171' title='bbox 751 2427 838 2467; x_wconf 89' lang='lat' dir='ltr'><strong>res</strong></span> <span class='ocrx_word' id='word_1_172' title='bbox 885 2421 969 2468; x_wconf 93' lang='lat' dir='ltr'><strong>est</strong></span> <span class='ocrx_word' id='word_1_173' title='bbox 1013 2412 1202 2478; x_wconf 89' lang='lat' dir='ltr'><strong>virtus,</strong></span> <span class='ocrx_word' id='word_1_174' title='bbox 1230 2420 1284 2468; x_wconf 92' lang='lat' dir='ltr'><strong>et</strong></span> <span class='ocrx_word' id='word_1_175' title='bbox 1325 2412 1663 2482; x_wconf 66' lang='lat' dir='ltr'><strong>prmsentium</strong></span> <span class='ocrx_word' id='word_1_176' title='bbox 1693 2427 1872 2467; x_wconf 81' lang='lat' dir='ltr'><strong>rerum</strong></span> 
     </span>
    </p>
   </div>
   <div class='ocr_carea' id='block_1_25' title="bbox 281 2501 1874 2573">
    <p class='ocr_par' dir='ltr' id='par_1_25' title="bbox 281 2501 1874 2573">
     <span class='ocr_line' id='line_1_25' title="bbox 281 2501 1874 2573; baseline -0.003 -13"><span class='ocrx_word' id='word_1_177' title='bbox 281 2503 644 2572; x_wconf 78' lang='lat' dir='ltr'><strong>contemptio!</strong></span> <span class='ocrx_word' id='word_1_178' title='bbox 673 2517 765 2572; x_wconf 90' lang='lat' dir='ltr'><strong>per</strong></span> <span class='ocrx_word' id='word_1_179' title='bbox 786 2501 1006 2557; x_wconf 87' lang='lat' dir='ltr'><strong>insidias</strong></span> <span class='ocrx_word' id='word_1_180' title='bbox 1032 2502 1177 2557; x_wconf 88' lang='lat' dir='ltr'><strong>lucra</strong></span> <span class='ocrx_word' id='word_1_181' title='bbox 1208 2511 1502 2573; x_wconf 89' lang='lat' dir='ltr'><strong>comparat,</strong></span> <span class='ocrx_word' id='word_1_182' title='bbox 1536 2517 1630 2572; x_wconf 91' lang='lat' dir='ltr'><strong>per</strong></span> <span class='ocrx_word' id='word_1_183' title='bbox 1650 2501 1874 2556; x_wconf 89' lang='lat' dir='ltr'><strong>insidia-</strong></span> 
     </span>
    </p>
   </div>
   <div class='ocr_carea' id='block_1_26' title="bbox 283 2594 1876 2667">
    <p class='ocr_par' dir='ltr' id='par_1_26' title="bbox 283 2594 1876 2667">
     <span class='ocr_line' id='line_1_26' title="bbox 283 2594 1876 2667; baseline -0.001 -14"><span class='ocrx_word' id='word_1_184' title='bbox 283 2607 436 2653; x_wconf 88' lang='lat' dir='ltr'><strong>tores</strong></span> <span class='ocrx_word' id='word_1_185' title='bbox 486 2612 737 2652; x_wconf 87' lang='lat' dir='ltr'><strong>coronam</strong></span> <span class='ocrx_word' id='word_1_186' title='bbox 783 2595 1146 2667; x_wconf 85' lang='lat' dir='ltr'><strong>consequitur;</strong></span> <span class='ocrx_word' id='word_1_187' title='bbox 1178 2611 1273 2665; x_wconf 90' lang='lat' dir='ltr'><strong>per</strong></span> <span class='ocrx_word' id='word_1_188' title='bbox 1316 2610 1409 2651; x_wconf 90' lang='lat' dir='ltr'><strong>eos</strong></span> <span class='ocrx_word' id='word_1_189' title='bbox 1438 2611 1468 2649; x_wconf 91' lang='lat' dir='ltr'><strong>a</strong></span> <span class='ocrx_word' id='word_1_190' title='bbox 1500 2595 1688 2664; x_wconf 87' lang='lat' dir='ltr'><strong>quibus</strong></span> <span class='ocrx_word' id='word_1_191' title='bbox 1735 2594 1876 2652; x_wconf 87' lang='lat' dir='ltr'><strong>male</strong></span> 
     </span>
    </p>
   </div>
   <div class='ocr_carea' id='block_1_27' title="bbox 283 2686 1877 2757">
    <p class='ocr_par' dir='ltr' id='par_1_27' title="bbox 283 2686 1877 2757">
     <span class='ocr_line' id='line_1_27' title="bbox 283 2686 1877 2757; baseline -0.003 -12"><span class='ocrx_word' id='word_1_192' title='bbox 283 2690 591 2752; x_wconf 88' lang='lat' dir='ltr'><strong>mulctatur,</strong></span> <span class='ocrx_word' id='word_1_193' title='bbox 621 2687 879 2743; x_wconf 88' lang='lat' dir='ltr'><strong>illustrius</strong></span> <span class='ocrx_word' id='word_1_194' title='bbox 923 2686 1201 2756; x_wconf 76' lang='lat' dir='ltr'><strong>Splendet;</strong></span> <span class='ocrx_word' id='word_1_195' title='bbox 1235 2702 1328 2756; x_wconf 89' lang='lat' dir='ltr'><strong>per</strong></span> <span class='ocrx_word' id='word_1_196' title='bbox 1355 2701 1449 2742; x_wconf 92' lang='lat' dir='ltr'><strong>eos</strong></span> <span class='ocrx_word' id='word_1_197' title='bbox 1472 2686 1561 2757; x_wconf 92' lang='lat' dir='ltr'><strong>qui</strong></span> <span class='ocrx_word' id='word_1_198' title='bbox 1583 2686 1684 2741; x_wconf 92' lang='lat' dir='ltr'><strong>hoc</strong></span> <span class='ocrx_word' id='word_1_199' title='bbox 1715 2693 1877 2756; x_wconf 89' lang='lat' dir='ltr'><strong>agunt</strong></span> 
     </span>
    </p>
   </div>
   <div class='ocr_carea' id='block_1_28' title="bbox 282 2775 1871 2847">
    <p class='ocr_par' dir='ltr' id='par_1_28' title="bbox 282 2775 1871 2847">
     <span class='ocr_line' id='line_1_28' title="bbox 282 2775 1871 2847; baseline -0.002 -13"><span class='ocrx_word' id='word_1_200' title='bbox 282 2793 349 2834; x_wconf 85' lang='lat' dir='ltr'><strong>ac</strong></span> <span class='ocrx_word' id='word_1_201' title='bbox 392 2777 704 2844; x_wconf 88' lang='lat' dir='ltr'><strong>moliuntur,</strong></span> <span class='ocrx_word' id='word_1_202' title='bbox 747 2787 805 2832; x_wconf 93' lang='lat' dir='ltr'><strong>ut</strong></span> <span class='ocrx_word' id='word_1_203' title='bbox 840 2777 1010 2847; x_wconf 86' lang='lat' dir='ltr'><strong>ipsam</strong></span> <span class='ocrx_word' id='word_1_204' title='bbox 1039 2776 1310 2847; x_wconf 86' lang='lat' dir='ltr'><strong>dejiciant,</strong></span> <span class='ocrx_word' id='word_1_205' title='bbox 1356 2775 1603 2832; x_wconf 89' lang='lat' dir='ltr'><strong>homines</strong></span> <span class='ocrx_word' id='word_1_206' title='bbox 1644 2776 1871 2832; x_wconf 83' lang='lat' dir='ltr'><strong>sui‘stu-</strong></span> 
     </span>
    </p>
   </div>
   <div class='ocr_carea' id='block_1_29' title="bbox 282 2867 1874 2939">
    <p class='ocr_par' dir='ltr' id='par_1_29' title="bbox 282 2867 1874 2939">
     <span class='ocr_line' id='line_1_29' title="bbox 282 2867 1874 2939; baseline 0 -16"><span class='ocrx_word' id='word_1_207' title='bbox 282 2869 470 2924; x_wconf 88' lang='lat' dir='ltr'><strong>diosos</strong></span> <span class='ocrx_word' id='word_1_208' title='bbox 499 2868 784 2934; x_wconf 84' lang='lat' dir='ltr'><strong>ﬁrmiores,</strong></span> <span class='ocrx_word' id='word_1_209' title='bbox 827 2868 1186 2932; x_wconf 87' lang='lat' dir='ltr'><strong>sublimiores,</strong></span> <span class='ocrx_word' id='word_1_210' title='bbox 1215 2867 1439 2924; x_wconf 87' lang='lat' dir='ltr'><strong>invictos</strong></span> <span class='ocrx_word' id='word_1_211' title='bbox 1464 2878 1517 2924; x_wconf 90' lang='lat' dir='ltr'><strong>et</strong></span> <span class='ocrx_word' id='word_1_212' title='bbox 1543 2869 1874 2939; x_wconf 86' lang='lat' dir='ltr'><strong>inexpugna-</strong></span> 
     </span>
    </p>
   </div>
   <div class='ocr_carea' id='block_1_30' title="bbox 282 2961 1872 3032">
    <p class='ocr_par' dir='ltr' id='par_1_30' title="bbox 282 2961 1872 3032">
     <span class='ocr_line' id='line_1_30' title="bbox 282 2961 1872 3032; baseline -0.001 -14"><span class='ocrx_word' id='word_1_213' title='bbox 282 2963 422 3018; x_wconf 85' lang='lat' dir='ltr'><strong>biles</strong></span> <span class='ocrx_word' id='word_1_214' title='bbox 450 2962 644 3027; x_wconf 88' lang='lat' dir='ltr'><strong>reddit,</strong></span> <span class='ocrx_word' id='word_1_215' title='bbox 697 2977 806 3017; x_wconf 90' lang='lat' dir='ltr'><strong>non</strong></span> <span class='ocrx_word' id='word_1_216' title='bbox 847 2962 1064 3028; x_wconf 86' lang='lat' dir='ltr'><strong>lanceis,</strong></span> <span class='ocrx_word' id='word_1_217' title='bbox 1105 2976 1212 3016; x_wconf 91' lang='lat' dir='ltr'><strong>non</strong></span> <span class='ocrx_word' id='word_1_218' title='bbox 1251 2961 1542 3030; x_wconf 72' lang='lat' dir='ltr'><strong>mmnibus,</strong></span> <span class='ocrx_word' id='word_1_219' title='bbox 1571 2978 1675 3017; x_wconf 92' lang='lat' dir='ltr'><strong>non</strong></span> <span class='ocrx_word' id='word_1_220' title='bbox 1714 2962 1872 3032; x_wconf 84' lang='lat' dir='ltr'><strong>vallo,</strong></span> 
     </span>
    </p>
   </div>
   <div class='ocr_carea' id='block_1_31' title="bbox 283 3052 1871 3125">
    <p class='ocr_par' dir='ltr' id='par_1_31' title="bbox 283 3052 1871 3125">
     <span class='ocr_line' id='line_1_31' title="bbox 283 3052 1871 3125; baseline -0.001 -15"><span class='ocrx_word' id='word_1_221' title='bbox 283 3070 390 3110; x_wconf 90' lang='lat' dir='ltr'><strong>non</strong></span> <span class='ocrx_word' id='word_1_222' title='bbox 449 3054 706 3121; x_wconf 87' lang='lat' dir='ltr'><strong>turribus,</strong></span> <span class='ocrx_word' id='word_1_223' title='bbox 733 3069 837 3109; x_wconf 94' lang='lat' dir='ltr'><strong>non</strong></span> <span class='ocrx_word' id='word_1_224' title='bbox 884 3054 1143 3123; x_wconf 88' lang='lat' dir='ltr'><strong>pecuniis,</strong></span> <span class='ocrx_word' id='word_1_225' title='bbox 1183 3067 1289 3108; x_wconf 91' lang='lat' dir='ltr'><strong>non</strong></span> <span class='ocrx_word' id='word_1_226' title='bbox 1320 3052 1637 3110; x_wconf 90' lang='lat' dir='ltr'><strong>militaribus</strong></span> <span class='ocrx_word' id='word_1_227' title='bbox 1678 3054 1871 3125; x_wconf 89' lang='lat' dir='ltr'><strong>copiis,</strong></span> 
     </span>
    </p>
   </div>
   <div class='ocr_carea' id='block_1_32' title="bbox 284 3145 1875 3216">
    <p class='ocr_par' dir='ltr' id='par_1_32' title="bbox 284 3145 1875 3216">
     <span class='ocr_line' id='line_1_32' title="bbox 284 3145 1875 3216; baseline -0.001 -15"><span class='ocrx_word' id='word_1_228' title='bbox 284 3147 379 3202; x_wconf 87' lang='lat' dir='ltr'><strong>sed</strong></span> <span class='ocrx_word' id='word_1_229' title='bbox 409 3146 564 3201; x_wconf 86' lang='lat' dir='ltr'><strong>ﬁrma</strong></span> <span class='ocrx_word' id='word_1_230' title='bbox 591 3153 795 3201; x_wconf 88' lang='lat' dir='ltr'><strong>tantum</strong></span> <span class='ocrx_word' id='word_1_231' title='bbox 821 3145 1091 3201; x_wconf 86' lang='lat' dir='ltr'><strong>voluntate</strong></span> <span class='ocrx_word' id='word_1_232' title='bbox 1117 3145 1388 3215; x_wconf 89' lang='lat' dir='ltr'><strong>animique</strong></span> <span class='ocrx_word' id='word_1_233' title='bbox 1412 3149 1713 3201; x_wconf 89' lang='lat' dir='ltr'><strong>constantia</strong></span> <span class='ocrx_word' id='word_1_234' title='bbox 1740 3160 1875 3216; x_wconf 91' lang='lat' dir='ltr'><strong>opus</strong></span> 
     </span>
    </p>
   </div>
   <div class='ocr_carea' id='block_1_33' title="bbox 289 3235 1868 3307">
    <p class='ocr_par' dir='ltr' id='par_1_33' title="bbox 289 3235 1868 3307">
     <span class='ocr_line' id='line_1_33' title="bbox 289 3235 1868 3307; baseline -0.001 -15"><span class='ocrx_word' id='word_1_235' title='bbox 289 3236 546 3293; x_wconf 84' lang='lat' dir='ltr'><strong>habentes</strong></span> <span class='ocrx_word' id='word_1_236' title='bbox 568 3253 587 3292; x_wconf 89' lang='lat'><strong>:</strong></span> <span class='ocrx_word' id='word_1_237' title='bbox 616 3252 680 3291; x_wconf 90' lang='lat' dir='ltr'><strong>ac</strong></span> <span class='ocrx_word' id='word_1_238' title='bbox 702 3235 928 3307; x_wconf 89' lang='lat' dir='ltr'><strong>denique</strong></span> <span class='ocrx_word' id='word_1_239' title='bbox 952 3235 1212 3292; x_wconf 87' lang='lat' dir='ltr'><strong>humanas</strong></span> <span class='ocrx_word' id='word_1_240' title='bbox 1236 3251 1422 3292; x_wconf 90' lang='lat' dir='ltr'><strong>omnes</strong></span> <span class='ocrx_word' id='word_1_241' title='bbox 1448 3235 1668 3292; x_wconf 89' lang='lat' dir='ltr'><strong>insidias</strong></span> <span class='ocrx_word' id='word_1_242' title='bbox 1688 3236 1868 3291; x_wconf 90' lang='lat' dir='ltr'><strong>vincit.</strong></span> 
     </span>
    </p>
   </div>
   <div class='ocr_carea' id='block_1_34' title="bbox 351 3326 1875 3401">
    <p class='ocr_par' dir='ltr' id='par_1_34' title="bbox 351 3326 1875 3401">
     <span class='ocr_line' id='line_1_34' title="bbox 351 3326 1875 3401; baseline -0.002 -18"><span class='ocrx_word' id='word_1_243' title='bbox 351 3329 409 3383; x_wconf 77' lang='grc'><strong>2.</strong></span> <span class='ocrx_word' id='word_1_244' title='bbox 443 3328 600 3384; x_wconf 85' lang='lat' dir='ltr'><strong>Illam</strong></span> <span class='ocrx_word' id='word_1_245' title='bbox 625 3330 709 3384; x_wconf 83' lang='lat' dir='ltr'><strong>cui</strong></span> <span class='ocrx_word' id='word_1_246' title='bbox 726 3330 924 3396; x_wconf 79' lang='lat' dir='ltr'><strong>scribit,</strong></span> <span class='ocrx_word' id='word_1_247' title='bbox 949 3337 1006 3383; x_wconf 86' lang='lat' dir='ltr'><strong>ut</strong></span> <span class='ocrx_word' id='word_1_248' title='bbox 1038 3331 1160 3401; x_wconf 80' lang='lat' dir='ltr'><strong>forti</strong></span> <span class='ocrx_word' id='word_1_249' title='bbox 1194 3329 1363 3383; x_wconf 82' lang='lat' dir='ltr'><strong>animo</strong></span> <span class='ocrx_word' id='word_1_250' title='bbox 1389 3328 1453 3383; x_wconf 77' lang='lat' dir='ltr'><strong>sit</strong></span> <span class='ocrx_word' id='word_1_251' title='bbox 1476 3330 1724 3384; x_wconf 82' lang='lat' dir='ltr'><strong>hortatur.</strong></span> <span class='ocrx_word' id='word_1_252' title='bbox 1759 3326 1875 3381; x_wconf 82' lang='lat' dir='ltr'><strong>Hu-</strong></span> 
     </span>
    </p>
   </div>
   <div class='ocr_carea' id='block_1_35' title="bbox 283 3419 1871 3493">
    <p class='ocr_par' dir='ltr' id='par_1_35' title="bbox 283 3419 1871 3493">
     <span class='ocr_line' id='line_1_35' title="bbox 283 3419 1871 3493; baseline -0.003 -17"><span class='ocrx_word' id='word_1_253' title='bbox 283 3437 456 3476; x_wconf 68' lang='lat' dir='ltr'><strong>mana:</strong></span> <span class='ocrx_word' id='word_1_254' title='bbox 485 3421 744 3493; x_wconf 74' lang='lat' dir='ltr'><strong>felicitatis</strong></span> <span class='ocrx_word' id='word_1_255' title='bbox 768 3421 982 3474; x_wconf 78' lang='lat' dir='ltr'><strong>vanitas.</strong></span> <span class='ocrx_word' id='word_1_256' title='bbox 1010 3449 1084 3461; x_wconf 88' lang='lat'><strong>——</strong></span> <span class='ocrx_word' id='word_1_257' title='bbox 1111 3420 1237 3475; x_wconf 61' lang='lat' dir='ltr'><strong>llaec</strong></span> <span class='ocrx_word' id='word_1_258' title='bbox 1266 3420 1444 3489; x_wconf 82' lang='lat' dir='ltr'><strong>igitur,</strong></span> <span class='ocrx_word' id='word_1_259' title='bbox 1475 3419 1871 3490; x_wconf 87' lang='lat' dir='ltr'><strong>religiosissima</strong></span> 
     </span>
    </p>
   </div>
   <div class='ocr_carea' id='block_1_36' title="bbox 282 3510 1874 3581">
    <p class='ocr_par' dir='ltr' id='par_1_36' title="bbox 282 3510 1874 3581">
     <span class='ocr_line' id='line_1_36' title="bbox 282 3510 1874 3581; baseline -0.003 -14"><span class='ocrx_word' id='word_1_260' title='bbox 282 3513 508 3568; x_wconf 86' lang='lat' dir='ltr'><strong>domina</strong></span> <span class='ocrx_word' id='word_1_261' title='bbox 536 3527 652 3568; x_wconf 89' lang='lat' dir='ltr'><strong>mea</strong></span> <span class='ocrx_word' id='word_1_262' title='bbox 670 3555 688 3580; x_wconf 91' lang='lat'><strong>,</strong></span> <span class='ocrx_word' id='word_1_263' title='bbox 719 3520 831 3566; x_wconf 91' lang='lat' dir='ltr'><strong>tum</strong></span> <span class='ocrx_word' id='word_1_264' title='bbox 861 3511 952 3567; x_wconf 90' lang='lat' dir='ltr'><strong>tibi</strong></span> <span class='ocrx_word' id='word_1_265' title='bbox 979 3512 1108 3581; x_wconf 90' lang='lat' dir='ltr'><strong>ipsi,</strong></span> <span class='ocrx_word' id='word_1_266' title='bbox 1137 3519 1249 3566; x_wconf 92' lang='lat' dir='ltr'><strong>tum</strong></span> <span class='ocrx_word' id='word_1_267' title='bbox 1273 3510 1339 3565; x_wconf 92' lang='lat' dir='ltr'><strong>iis</strong></span> <span class='ocrx_word' id='word_1_268' title='bbox 1375 3526 1494 3581; x_wconf 72' lang='lat' dir='ltr'><strong>qua:</strong></span> <span class='ocrx_word' id='word_1_269' title='bbox 1533 3518 1705 3565; x_wconf 89' lang='lat' dir='ltr'><strong>tecum</strong></span> <span class='ocrx_word' id='word_1_270' title='bbox 1733 3525 1874 3580; x_wconf 73' lang='lat' dir='ltr'><strong>pra:-</strong></span> 
     </span>
    </p>
   </div>
   <div class='ocr_carea' id='block_1_37' title="bbox 281 3603 1875 3676">
    <p class='ocr_par' dir='ltr' id='par_1_37' title="bbox 281 3603 1875 3676">
     <span class='ocr_line' id='line_1_37' title="bbox 281 3603 1875 3676; baseline -0.002 -16"><span class='ocrx_word' id='word_1_271' title='bbox 281 3606 495 3660; x_wconf 90' lang='lat' dir='ltr'><strong>clarum</strong></span> <span class='ocrx_word' id='word_1_272' title='bbox 521 3604 622 3660; x_wconf 88' lang='lat' dir='ltr'><strong>hoc</strong></span> <span class='ocrx_word' id='word_1_273' title='bbox 650 3614 920 3660; x_wconf 89' lang='lat' dir='ltr'><strong>certamen</strong></span> <span class='ocrx_word' id='word_1_274' title='bbox 948 3604 1168 3672; x_wconf 87' lang='lat' dir='ltr'><strong>obeunt,</strong></span> <span class='ocrx_word' id='word_1_275' title='bbox 1194 3603 1466 3676; x_wconf 88' lang='lat' dir='ltr'><strong>accinens,</strong></span> <span class='ocrx_word' id='word_1_276' title='bbox 1489 3603 1556 3659; x_wconf 90' lang='lat' dir='ltr'><strong>da</strong></span> <span class='ocrx_word' id='word_1_277' title='bbox 1580 3617 1798 3673; x_wconf 88' lang='lat' dir='ltr'><strong>operam</strong></span> <span class='ocrx_word' id='word_1_278' title='bbox 1814 3611 1875 3657; x_wconf 91' lang='lat' dir='ltr'><strong>ut</strong></span> 
     </span>
    </p>
   </div>
   <div class='ocr_carea' id='block_1_38' title="bbox 281 3694 1873 3766">
    <p class='ocr_par' dir='ltr' id='par_1_38' title="bbox 281 3694 1873 3766">
     <span class='ocr_line' id='line_1_38' title="bbox 281 3694 1873 3766; baseline -0.001 -15"><span class='ocrx_word' id='word_1_279' title='bbox 281 3697 529 3751; x_wconf 90' lang='lat' dir='ltr'><strong>omnium</strong></span> <span class='ocrx_word' id='word_1_280' title='bbox 555 3697 764 3750; x_wconf 90' lang='lat' dir='ltr'><strong>animos</strong></span> <span class='ocrx_word' id='word_1_281' title='bbox 789 3696 962 3766; x_wconf 82' lang='lat' dir='ltr'><strong>erigas</strong></span> <span class='ocrx_word' id='word_1_282' title='bbox 978 3737 994 3761; x_wconf 95' lang='lat'><strong>,</strong></span> <span class='ocrx_word' id='word_1_283' title='bbox 1019 3705 1268 3764; x_wconf 90' lang='lat' dir='ltr'><strong>tuamque</strong></span> <span class='ocrx_word' id='word_1_284' title='bbox 1287 3695 1457 3750; x_wconf 91' lang='lat' dir='ltr'><strong>aciem</strong></span> <span class='ocrx_word' id='word_1_285' title='bbox 1481 3694 1710 3749; x_wconf 90' lang='lat' dir='ltr'><strong>instruas</strong></span> <span class='ocrx_word' id='word_1_286' title='bbox 1730 3735 1746 3759; x_wconf 94' lang='lat'><strong>,</strong></span> <span class='ocrx_word' id='word_1_287' title='bbox 1765 3709 1873 3765; x_wconf 92' lang='lat' dir='ltr'><strong>quo</strong></span> 
     </span>
    </p>
   </div>
   <div class='ocr_carea' id='block_1_39' title="bbox 283 3787 1871 3858">
    <p class='ocr_par' dir='ltr' id='par_1_39' title="bbox 283 3787 1871 3858">
     <span class='ocr_line' id='line_1_39' title="bbox 283 3787 1871 3858; baseline -0.002 -15"><span class='ocrx_word' id='word_1_288' title='bbox 283 3789 383 3844; x_wconf 87' lang='lat' dir='ltr'><strong>tibi</strong></span> <span class='ocrx_word' id='word_1_289' title='bbox 430 3789 629 3858; x_wconf 84' lang='lat' dir='ltr'><strong>duplex</strong></span> <span class='ocrx_word' id='word_1_290' title='bbox 657 3797 712 3843; x_wconf 90' lang='lat' dir='ltr'><strong>et</strong></span> <span class='ocrx_word' id='word_1_291' title='bbox 741 3789 932 3858; x_wconf 80' lang='lat' dir='ltr'><strong>triplex</strong></span> <span class='ocrx_word' id='word_1_292' title='bbox 952 3829 967 3853; x_wconf 95' lang='lat'><strong>,</strong></span> <span class='ocrx_word' id='word_1_293' title='bbox 994 3803 1059 3843; x_wconf 91' lang='lat' dir='ltr'><strong>ac</strong></span> <span class='ocrx_word' id='word_1_294' title='bbox 1084 3788 1252 3843; x_wconf 90' lang='lat' dir='ltr'><strong>multo</strong></span> <span class='ocrx_word' id='word_1_295' title='bbox 1277 3787 1438 3843; x_wconf 87' lang='lat' dir='ltr'><strong>etiam</strong></span> <span class='ocrx_word' id='word_1_296' title='bbox 1469 3787 1736 3858; x_wconf 86' lang='lat' dir='ltr'><strong>copiosior</strong></span> <span class='ocrx_word' id='word_1_297' title='bbox 1760 3787 1871 3840; x_wconf 88' lang='lat' dir='ltr'><strong>vir-</strong></span> 
     </span>
    </p>
   </div>
   <div class='ocr_carea' id='block_1_40' title="bbox 281 3878 1870 3948">
    <p class='ocr_par' dir='ltr' id='par_1_40' title="bbox 281 3878 1870 3948">
     <span class='ocr_line' id='line_1_40' title="bbox 281 3878 1870 3948; baseline -0.003 -13"><span class='ocrx_word' id='word_1_298' title='bbox 281 3881 419 3935; x_wconf 86' lang='lat' dir='ltr'><strong>tutis</strong></span> <span class='ocrx_word' id='word_1_299' title='bbox 442 3894 639 3934; x_wconf 90' lang='lat' dir='ltr'><strong>corona</strong></span> <span class='ocrx_word' id='word_1_300' title='bbox 663 3889 1019 3948; x_wconf 90' lang='lat' dir='ltr'><strong>comparetur,</strong></span> <span class='ocrx_word' id='word_1_301' title='bbox 1052 3887 1157 3933; x_wconf 93' lang='lat' dir='ltr'><strong>tam</strong></span> <span class='ocrx_word' id='word_1_302' title='bbox 1185 3893 1282 3948; x_wconf 90' lang='lat' dir='ltr'><strong>per</strong></span> <span class='ocrx_word' id='word_1_303' title='bbox 1304 3893 1366 3933; x_wconf 89' lang='lat' dir='ltr'><strong>ea</strong></span> <span class='ocrx_word' id='word_1_304' title='bbox 1391 3893 1511 3948; x_wconf 71' lang='lat' dir='ltr'><strong>qua:</strong></span> <span class='ocrx_word' id='word_1_305' title='bbox 1540 3878 1654 3947; x_wconf 88' lang='lat' dir='ltr'><strong>ipsa</strong></span> <span class='ocrx_word' id='word_1_306' title='bbox 1679 3892 1870 3947; x_wconf 86' lang='lat' dir='ltr'><strong>perpe-</strong></span> 
     </span>
    </p>
   </div>
   <div class='ocr_carea' id='block_1_41' title="bbox 283 3967 1869 4039">
    <p class='ocr_par' dir='ltr' id='par_1_41' title="bbox 283 3967 1869 4039">
     <span class='ocr_line' id='line_1_41' title="bbox 283 3967 1869 4039; baseline -0.003 -13"><span class='ocrx_word' id='word_1_307' title='bbox 283 3972 420 4026; x_wconf 86' lang='lat' dir='ltr'><strong>teris</strong></span> <span class='ocrx_word' id='word_1_308' title='bbox 442 4011 458 4034; x_wconf 88' lang='lat'><strong>,</strong></span> <span class='ocrx_word' id='word_1_309' title='bbox 484 3979 643 4039; x_wconf 86' lang='lat' dir='ltr'><strong>quam</strong></span> <span class='ocrx_word' id='word_1_310' title='bbox 665 3969 787 4039; x_wconf 89' lang='lat' dir='ltr'><strong>quia</strong></span> <span class='ocrx_word' id='word_1_311' title='bbox 816 3969 952 4023; x_wconf 84' lang='lat' dir='ltr'><strong>alios</strong></span> <span class='ocrx_word' id='word_1_312' title='bbox 986 3967 1053 4023; x_wconf 91' lang='lat' dir='ltr'><strong>ad</strong></span> <span class='ocrx_word' id='word_1_313' title='bbox 1083 3968 1270 4023; x_wconf 90' lang='lat' dir='ltr'><strong>eadem</strong></span> <span class='ocrx_word' id='word_1_314' title='bbox 1300 3967 1574 4022; x_wconf 90' lang='lat' dir='ltr'><strong>subeunda</strong></span> <span class='ocrx_word' id='word_1_315' title='bbox 1602 3967 1834 4037; x_wconf 87' lang='lat' dir='ltr'><strong>impellis</strong></span> <span class='ocrx_word' id='word_1_316' title='bbox 1852 4007 1869 4034; x_wconf 96' lang='lat'><strong>,</strong></span> 
     </span>
    </p>
   </div>
   <div class='ocr_carea' id='block_1_42' title="bbox 280 4057 1873 4132">
    <p class='ocr_par' dir='ltr' id='par_1_42' title="bbox 280 4057 1873 4132">
     <span class='ocr_line' id='line_1_42' title="bbox 280 4057 1873 4132; baseline -0.003 -15"><span class='ocrx_word' id='word_1_317' title='bbox 280 4077 489 4132; x_wconf 80' lang='lat' dir='ltr'><strong>eosque</strong></span> <span class='ocrx_word' id='word_1_318' title='bbox 511 4060 730 4115; x_wconf 89' lang='lat' dir='ltr'><strong>adducis</strong></span> <span class='ocrx_word' id='word_1_319' title='bbox 761 4069 816 4114; x_wconf 92' lang='lat' dir='ltr'><strong>ut</strong></span> <span class='ocrx_word' id='word_1_320' title='bbox 846 4060 1034 4115; x_wconf 84' lang='lat' dir='ltr'><strong>leviter</strong></span> <span class='ocrx_word' id='word_1_321' title='bbox 1058 4074 1122 4114; x_wconf 92' lang='lat' dir='ltr'><strong>ac</strong></span> <span class='ocrx_word' id='word_1_322' title='bbox 1144 4057 1349 4129; x_wconf 87' lang='lat' dir='ltr'><strong>placide</strong></span> <span class='ocrx_word' id='word_1_323' title='bbox 1374 4058 1552 4112; x_wconf 91' lang='lat' dir='ltr'><strong>omnia</strong></span> <span class='ocrx_word' id='word_1_324' title='bbox 1581 4057 1787 4124; x_wconf 86' lang='lat' dir='ltr'><strong>ferant,</strong></span> <span class='ocrx_word' id='word_1_325' title='bbox 1817 4066 1873 4113; x_wconf 90' lang='lat' dir='ltr'><strong>et</strong></span> 
     </span>
    </p>
   </div>
   <div class='ocr_carea' id='block_1_43' title="bbox 277 4150 1870 4222">
    <p class='ocr_par' dir='ltr' id='par_1_43' title="bbox 277 4150 1870 4222">
     <span class='ocr_line' id='line_1_43' title="bbox 277 4150 1870 4222; baseline -0.003 -12"><span class='ocrx_word' id='word_1_326' title='bbox 277 4157 507 4210; x_wconf 84' lang='lat' dir='ltr'><strong>umbras</strong></span> <span class='ocrx_word' id='word_1_327' title='bbox 529 4159 906 4216; x_wconf 88' lang='lat' dir='ltr'><strong>contemnant,</strong></span> <span class='ocrx_word' id='word_1_328' title='bbox 928 4159 1086 4222; x_wconf 89' lang='lat' dir='ltr'><strong>atque</strong></span> <span class='ocrx_word' id='word_1_329' title='bbox 1113 4150 1500 4206; x_wconf 88' lang='lat' dir='ltr'><strong>insomniorum</strong></span> <span class='ocrx_word' id='word_1_330' title='bbox 1521 4150 1870 4220; x_wconf 91' lang='lat' dir='ltr'><strong>imposturam</strong></span> 
     </span>
    </p>
   </div>
   <div class='ocr_carea' id='block_1_44' title="bbox 274 4240 1871 4317">
    <p class='ocr_par' dir='ltr' id='par_1_44' title="bbox 274 4240 1871 4317">
     <span class='ocr_line' id='line_1_44' title="bbox 274 4240 1871 4317; baseline -0.003 -19"><span class='ocrx_word' id='word_1_331' title='bbox 274 4251 660 4317; x_wconf 85' lang='lat' dir='ltr'><strong>aspernentur,</strong></span> <span class='ocrx_word' id='word_1_332' title='bbox 706 4259 770 4299; x_wconf 88' lang='lat' dir='ltr'><strong>ac</strong></span> <span class='ocrx_word' id='word_1_333' title='bbox 809 4245 979 4299; x_wconf 91' lang='lat' dir='ltr'><strong>lutum</strong></span> <span class='ocrx_word' id='word_1_334' title='bbox 1035 4241 1376 4312; x_wconf 88' lang='lat' dir='ltr'><strong>proculcent,</strong></span> <span class='ocrx_word' id='word_1_335' title='bbox 1407 4241 1713 4311; x_wconf 83' lang='lat' dir='ltr'><strong>nullamque</strong></span> <span class='ocrx_word' id='word_1_336' title='bbox 1743 4240 1871 4295; x_wconf 91' lang='lat' dir='ltr'><strong>fumi</strong></span> 
     </span>
    </p>
   </div>
   <div class='ocr_carea' id='block_1_45' title="bbox 276 4331 1871 4397">
    <p class='ocr_par' dir='ltr' id='par_1_45' title="bbox 276 4331 1871 4397">
     <span class='ocr_line' id='line_1_45' title="bbox 276 4331 1871 4397; baseline -0.004 -5"><span class='ocrx_word' id='word_1_337' title='bbox 276 4338 550 4392; x_wconf 85' lang='lat' dir='ltr'><strong>rationem</strong></span> <span class='ocrx_word' id='word_1_338' title='bbox 596 4334 859 4397; x_wconf 88' lang='lat' dir='ltr'><strong>habeant,</strong></span> <span class='ocrx_word' id='word_1_339' title='bbox 905 4348 1006 4389; x_wconf 89' lang='lat' dir='ltr'><strong>nec</strong></span> <span class='ocrx_word' id='word_1_340' title='bbox 1055 4347 1370 4388; x_wconf 89' lang='lat' dir='ltr'><strong>aranearum</strong></span> <span class='ocrx_word' id='word_1_341' title='bbox 1420 4332 1555 4388; x_wconf 89' lang='lat' dir='ltr'><strong>telas</strong></span> <span class='ocrx_word' id='word_1_342' title='bbox 1609 4331 1871 4387; x_wconf 73' lang='lat' dir='ltr'><strong>molestia:</strong></span> 
     </span>
    </p>
   </div>
   <div class='ocr_carea' id='block_1_46' title="bbox 277 4425 1870 4499">
    <p class='ocr_par' dir='ltr' id='par_1_46' title="bbox 277 4425 1870 4499">
     <span class='ocr_line' id='line_1_46' title="bbox 277 4425 1870 4499; baseline -0.003 -15"><span class='ocrx_word' id='word_1_343' title='bbox 277 4428 577 4499; x_wconf 85' lang='lat' dir='ltr'><strong>quidquam</strong></span> <span class='ocrx_word' id='word_1_344' title='bbox 597 4427 750 4482; x_wconf 86' lang='lat' dir='ltr'><strong>vobis</strong></span> <span class='ocrx_word' id='word_1_345' title='bbox 767 4425 961 4482; x_wconf 84' lang='lat' dir='ltr'><strong>all&#39;erre</strong></span> <span class='ocrx_word' id='word_1_346' title='bbox 979 4426 1318 4492; x_wconf 88' lang='lat' dir='ltr'><strong>existiment,</strong></span> <span class='ocrx_word' id='word_1_347' title='bbox 1347 4425 1656 4496; x_wconf 68' lang='lat' dir='ltr'><strong>faenumque</strong></span> <span class='ocrx_word' id='word_1_348' title='bbox 1683 4433 1870 4496; x_wconf 86' lang='lat' dir='ltr'><strong>putre-</strong></span> 
     </span>
    </p>
   </div>
   <div class='ocr_carea' id='block_1_47' title="bbox 276 4515 1872 4587">
    <p class='ocr_par' dir='ltr' id='par_1_47' title="bbox 276 4515 1872 4587">
     <span class='ocr_line' id='line_1_47' title="bbox 276 4515 1872 4587; baseline -0.001 -14"><span class='ocrx_word' id='word_1_349' title='bbox 276 4519 391 4573; x_wconf 88' lang='lat' dir='ltr'><strong>dini</strong></span> <span class='ocrx_word' id='word_1_350' title='bbox 424 4517 714 4573; x_wconf 86' lang='lat' dir='ltr'><strong>obnoxium</strong></span> <span class='ocrx_word' id='word_1_351' title='bbox 759 4525 1100 4587; x_wconf 66' lang='lat' dir='ltr'><strong>praetereant.</strong></span> <span class='ocrx_word' id='word_1_352' title='bbox 1147 4516 1279 4572; x_wconf 86' lang='lat' dir='ltr'><strong>Nam</strong></span> <span class='ocrx_word' id='word_1_353' title='bbox 1321 4515 1566 4572; x_wconf 64' lang='lat' dir='ltr'><strong>humanae</strong></span> <span class='ocrx_word' id='word_1_354' title='bbox 1607 4515 1872 4572; x_wconf 88' lang='lat' dir='ltr'><strong>felicitatis</strong></span> 
     </span>
    </p>
   </div>
   <div class='ocr_carea' id='block_1_48' title="bbox 279 4608 1871 4678">
    <p class='ocr_par' dir='ltr' id='par_1_48' title="bbox 279 4608 1871 4678">
     <span class='ocr_line' id='line_1_48' title="bbox 279 4608 1871 4678; baseline 0.002 -15"><span class='ocrx_word' id='word_1_355' title='bbox 279 4610 498 4664; x_wconf 83' lang='lat' dir='ltr'><strong>vanitas</strong></span> <span class='ocrx_word' id='word_1_356' title='bbox 524 4608 577 4664; x_wconf 89' lang='lat' dir='ltr'><strong>id</strong></span> <span class='ocrx_word' id='word_1_357' title='bbox 602 4623 762 4664; x_wconf 88' lang='lat' dir='ltr'><strong>omne</strong></span> <span class='ocrx_word' id='word_1_358' title='bbox 789 4616 872 4664; x_wconf 91' lang='lat' dir='ltr'><strong>est</strong></span> <span class='ocrx_word' id='word_1_359' title='bbox 889 4649 905 4675; x_wconf 94' lang='lat'><strong>,</strong></span> <span class='ocrx_word' id='word_1_360' title='bbox 953 4617 1113 4678; x_wconf 86' lang='lat' dir='ltr'><strong>atque</strong></span> <span class='ocrx_word' id='word_1_361' title='bbox 1139 4608 1274 4663; x_wconf 90' lang='lat' dir='ltr'><strong>adeo</strong></span> <span class='ocrx_word' id='word_1_362' title='bbox 1316 4608 1400 4664; x_wconf 89' lang='lat' dir='ltr'><strong>his</strong></span> <span class='ocrx_word' id='word_1_363' title='bbox 1423 4609 1672 4665; x_wconf 88' lang='lat' dir='ltr'><strong>omnibus</strong></span> <span class='ocrx_word' id='word_1_364' title='bbox 1710 4609 1871 4666; x_wconf 85' lang='lat' dir='ltr'><strong>rebus</strong></span> 
     </span>
    </p>
   </div>
   <div class='ocr_carea' id='block_1_49' title="bbox 275 4701 1871 4776">
    <p class='ocr_par' dir='ltr' id='par_1_49' title="bbox 275 4701 1871 4776">
     <span class='ocr_line' id='line_1_49' title="bbox 275 4701 1871 4776; baseline 0.002 -19"><span class='ocrx_word' id='word_1_365' title='bbox 275 4703 463 4758; x_wconf 84' lang='lat' dir='ltr'><strong>vilior.</strong></span> <span class='ocrx_word' id='word_1_366' title='bbox 494 4702 604 4758; x_wconf 85' lang='lat' dir='ltr'><strong>Nec</strong></span> <span class='ocrx_word' id='word_1_367' title='bbox 631 4701 784 4758; x_wconf 79' lang='lat' dir='ltr'><strong>facile</strong></span> <span class='ocrx_word' id='word_1_368' title='bbox 811 4703 1094 4773; x_wconf 87' lang='lat' dir='ltr'><strong>quisquam</strong></span> <span class='ocrx_word' id='word_1_369' title='bbox 1141 4703 1482 4759; x_wconf 81' lang='lat' dir='ltr'><strong>simulacrum</strong></span> <span class='ocrx_word' id='word_1_370' title='bbox 1513 4704 1680 4760; x_wconf 89' lang='lat' dir='ltr'><strong>ullum</strong></span> <span class='ocrx_word' id='word_1_371' title='bbox 1711 4720 1871 4776; x_wconf 82' lang='lat' dir='ltr'><strong>repe-</strong></span> 
     </span>
    </p>
   </div>
   <div class='ocr_carea' id='block_1_50' title="bbox 277 4793 1864 4865">
    <p class='ocr_par' dir='ltr' id='par_1_50' title="bbox 277 4793 1864 4865">
     <span class='ocr_line' id='line_1_50' title="bbox 277 4793 1864 4865; baseline 0.004 -19"><span class='ocrx_word' id='word_1_372' title='bbox 277 4793 390 4848; x_wconf 89' lang='lat' dir='ltr'><strong>rire</strong></span> <span class='ocrx_word' id='word_1_373' title='bbox 410 4802 604 4864; x_wconf 89' lang='lat' dir='ltr'><strong>queat,</strong></span> <span class='ocrx_word' id='word_1_374' title='bbox 625 4793 766 4864; x_wconf 90' lang='lat' dir='ltr'><strong>quod</strong></span> <span class='ocrx_word' id='word_1_375' title='bbox 785 4793 951 4863; x_wconf 89' lang='lat' dir='ltr'><strong>ipsius</strong></span> <span class='ocrx_word' id='word_1_376' title='bbox 974 4793 1260 4848; x_wconf 88' lang='lat' dir='ltr'><strong>vanitatem</strong></span> <span class='ocrx_word' id='word_1_377' title='bbox 1288 4803 1474 4850; x_wconf 81' lang='lat' dir='ltr'><strong>exacte</strong></span> <span class='ocrx_word' id='word_1_378' title='bbox 1498 4805 1864 4865; x_wconf 65' lang='lat' dir='ltr'><strong>reprmsentet.</strong></span> 
     </span>
    </p>
   </div>
   <div class='ocr_carea' id='block_1_51' title="bbox 273 4882 1870 4955">
    <p class='ocr_par' dir='ltr' id='par_1_51' title="bbox 273 4882 1870 4955">
     <span class='ocr_line' id='line_1_51' title="bbox 273 4882 1870 4955; baseline 0.004 -19"><span class='ocrx_word' id='word_1_379' title='bbox 273 4882 556 4953; x_wconf 82' lang='lat' dir='ltr'><strong>Siquidem</strong></span> <span class='ocrx_word' id='word_1_380' title='bbox 603 4893 799 4954; x_wconf 63' lang='lat' dir='ltr'><strong>prater</strong></span> <span class='ocrx_word' id='word_1_381' title='bbox 827 4885 964 4940; x_wconf 84' lang='lat' dir='ltr'><strong>hanc</strong></span> <span class='ocrx_word' id='word_1_382' title='bbox 992 4885 1282 4940; x_wconf 86' lang='lat' dir='ltr'><strong>vanitatem</strong></span> <span class='ocrx_word' id='word_1_383' title='bbox 1309 4884 1452 4940; x_wconf 90' lang='lat' dir='ltr'><strong>haud</strong></span> <span class='ocrx_word' id='word_1_384' title='bbox 1478 4901 1695 4955; x_wconf 89' lang='lat' dir='ltr'><strong>parvum</strong></span> <span class='ocrx_word' id='word_1_385' title='bbox 1725 4888 1870 4943; x_wconf 89' lang='lat' dir='ltr'><strong>insu-</strong></span> 
     </span>
    </p>
   </div>
   <div class='ocr_carea' id='block_1_52' title="bbox 265 4977 1869 5051">
    <p class='ocr_par' dir='ltr' id='par_1_52' title="bbox 265 4977 1869 5051">
     <span class='ocr_line' id='line_1_52' title="bbox 265 4977 1869 5051; baseline 0.004 -20"><span class='ocrx_word' id='word_1_386' title='bbox 265 4993 378 5051; x_wconf 86' lang='lat' dir='ltr'><strong>per</strong></span> <span class='ocrx_word' id='word_1_387' title='bbox 425 4977 490 5032; x_wconf 88' lang='lat' dir='ltr'><strong>iis</strong></span> <span class='ocrx_word' id='word_1_388' title='bbox 528 4980 622 5050; x_wconf 87' lang='lat' dir='ltr'><strong>qui</strong></span> <span class='ocrx_word' id='word_1_389' title='bbox 661 4980 763 5050; x_wconf 89' lang='lat' dir='ltr'><strong>ipsi</strong></span> <span class='ocrx_word' id='word_1_390' title='bbox 801 4980 1008 5036; x_wconf 92' lang='lat' dir='ltr'><strong>inhiant</strong></span> <span class='ocrx_word' id='word_1_391' title='bbox 1032 4979 1410 5036; x_wconf 87' lang='lat' dir='ltr'><strong>detrimentum</strong></span> <span class='ocrx_word' id='word_1_392' title='bbox 1438 4979 1632 5047; x_wconf 72' lang='lat' dir='ltr'><strong>affert,</strong></span> <span class='ocrx_word' id='word_1_393' title='bbox 1681 4996 1788 5038; x_wconf 92' lang='lat' dir='ltr'><strong>non</strong></span> <span class='ocrx_word' id='word_1_394' title='bbox 1816 4982 1869 5038; x_wconf 93' lang='lat' dir='ltr'><strong>in</strong></span> 
     </span>
    </p>
   </div>
   <div class='ocr_carea' id='block_1_53' title="bbox 265 5069 1866 5144">
    <p class='ocr_par' dir='ltr' id='par_1_53' title="bbox 265 5069 1866 5144">
     <span class='ocr_line' id='line_1_53' title="bbox 265 5069 1866 5144; baseline 0.004 -20"><span class='ocrx_word' id='word_1_395' title='bbox 265 5073 467 5125; x_wconf 73' lang='lat' dir='ltr'><strong>futuro</strong></span> <span class='ocrx_word' id='word_1_396' title='bbox 503 5069 779 5127; x_wconf 79' lang='lat' dir='ltr'><strong>dumtaxat</strong></span> <span class='ocrx_word' id='word_1_397' title='bbox 823 5087 969 5140; x_wconf 68' lang='lat' dir='ltr'><strong>mvo,</strong></span> <span class='ocrx_word' id='word_1_398' title='bbox 1001 5072 1095 5128; x_wconf 87' lang='lat' dir='ltr'><strong>sed</strong></span> <span class='ocrx_word' id='word_1_399' title='bbox 1138 5072 1385 5133; x_wconf 89' lang='lat' dir='ltr'><strong>etiamin</strong></span> <span class='ocrx_word' id='word_1_400' title='bbox 1432 5073 1683 5144; x_wconf 70' lang='lat' dir='ltr'><strong>praesenti</strong></span> <span class='ocrx_word' id='word_1_401' title='bbox 1725 5074 1866 5141; x_wconf 88' lang='lat' dir='ltr'><strong>vita,</strong></span> 
     </span>
    </p>
   </div>
   <div class='ocr_carea' id='block_1_54' title="bbox 255 5161 1870 5235">
    <p class='ocr_par' dir='ltr' id='par_1_54' title="bbox 255 5161 1870 5235">
     <span class='ocr_line' id='line_1_54' title="bbox 255 5161 1870 5235; baseline 0.004 -19"><span class='ocrx_word' id='word_1_402' title='bbox 255 5172 448 5232; x_wconf 81' lang='lat' dir='ltr'><strong>atque</strong></span> <span class='ocrx_word' id='word_1_403' title='bbox 474 5161 715 5232; x_wconf 90' lang='lat' dir='ltr'><strong>ipsismet</strong></span> <span class='ocrx_word' id='word_1_404' title='bbox 741 5163 903 5220; x_wconf 88' lang='lat' dir='ltr'><strong>etiam</strong></span> <span class='ocrx_word' id='word_1_405' title='bbox 928 5163 1140 5231; x_wconf 87' lang='lat' dir='ltr'><strong>diebus,</strong></span> <span class='ocrx_word' id='word_1_406' title='bbox 1164 5164 1356 5235; x_wconf 91' lang='lat' dir='ltr'><strong>quibus</strong></span> <span class='ocrx_word' id='word_1_407' title='bbox 1375 5179 1566 5235; x_wconf 89' lang='lat' dir='ltr'><strong>magna</strong></span> <span class='ocrx_word' id='word_1_408' title='bbox 1596 5165 1697 5221; x_wconf 88' lang='lat' dir='ltr'><strong>sibi</strong></span> <span class='ocrx_word' id='word_1_409' title='bbox 1717 5181 1782 5221; x_wconf 85' lang='lat' dir='ltr'><strong>ex</strong></span> <span class='ocrx_word' id='word_1_410' title='bbox 1805 5166 1870 5222; x_wconf 91' lang='lat' dir='ltr'><strong>iis</strong></span> 
     </span>
    </p>
   </div>
   <div class='ocr_carea' id='block_1_55' title="bbox 255 5254 1866 5325">
    <p class='ocr_par' dir='ltr' id='par_1_55' title="bbox 255 5254 1866 5325">
     <span class='ocr_line' id='line_1_55' title="bbox 255 5254 1866 5325; baseline 0.002 -18"><span class='ocrx_word' id='word_1_411' title='bbox 255 5254 557 5322; x_wconf 64' lang='lat' dir='ltr'><strong>voluptate</strong></span> <span class='ocrx_word' id='word_1_412' title='bbox 575 5254 715 5310; x_wconf 83' lang='lat' dir='ltr'><strong>afﬁci</strong></span> <span class='ocrx_word' id='word_1_413' title='bbox 735 5255 1001 5312; x_wconf 90' lang='lat' dir='ltr'><strong>videntur.</strong></span> <span class='ocrx_word' id='word_1_414' title='bbox 1025 5255 1484 5323; x_wconf 86' lang='lat' dir='ltr'><strong>Quemadmodum</strong></span> <span class='ocrx_word' id='word_1_415' title='bbox 1506 5257 1648 5312; x_wconf 91' lang='lat' dir='ltr'><strong>enim</strong></span> <span class='ocrx_word' id='word_1_416' title='bbox 1675 5257 1866 5325; x_wconf 89' lang='lat' dir='ltr'><strong>virtus,</strong></span> 
     </span>
    </p>
   </div>
   <div class='ocr_carea' id='block_1_56' title="bbox 247 5344 1871 5417">
    <p class='ocr_par' dir='ltr' id='par_1_56' title="bbox 247 5344 1871 5417">
     <span class='ocr_line' id='line_1_56' title="bbox 247 5344 1871 5417; baseline 0.002 -18"><span class='ocrx_word' id='word_1_417' title='bbox 247 5357 394 5400; x_wconf 76' lang='lat' dir='ltr'><strong>tum</strong></span> <span class='ocrx_word' id='word_1_418' title='bbox 417 5344 578 5400; x_wconf 84' lang='lat' dir='ltr'><strong>etiam</strong></span> <span class='ocrx_word' id='word_1_419' title='bbox 601 5361 722 5402; x_wconf 88' lang='lat' dir='ltr'><strong>cum</strong></span> <span class='ocrx_word' id='word_1_420' title='bbox 748 5347 946 5406; x_wconf 80' lang='lat' dir='ltr'><strong>bellum</strong></span> <span class='ocrx_word' id='word_1_421' title='bbox 974 5348 1231 5403; x_wconf 89' lang='lat' dir='ltr'><strong>adversus</strong></span> <span class='ocrx_word' id='word_1_422' title='bbox 1253 5361 1371 5402; x_wconf 89' lang='lat' dir='ltr'><strong>eam</strong></span> <span class='ocrx_word' id='word_1_423' title='bbox 1398 5348 1622 5417; x_wconf 88' lang='lat' dir='ltr'><strong>geritur,</strong></span> <span class='ocrx_word' id='word_1_424' title='bbox 1639 5349 1871 5403; x_wconf 84' lang='lat' dir='ltr'><strong>exsultat</strong></span> 
     </span>
    </p>
   </div>
   <div class='ocr_carea' id='block_1_57' title="bbox 227 5437 1867 5512">
    <p class='ocr_par' dir='ltr' id='par_1_57' title="bbox 227 5437 1867 5512">
     <span class='ocr_line' id='line_1_57' title="bbox 227 5437 1867 5512; baseline 0.004 -21"><span class='ocrx_word' id='word_1_425' title='bbox 227 5443 320 5491; x_wconf 82' lang='lat' dir='ltr'><strong>et</strong></span> <span class='ocrx_word' id='word_1_426' title='bbox 354 5437 552 5506; x_wconf 77' lang='lat' dir='ltr'><strong>ﬂoret,</strong></span> <span class='ocrx_word' id='word_1_427' title='bbox 581 5454 643 5495; x_wconf 90' lang='lat' dir='ltr'><strong>ac</strong></span> <span class='ocrx_word' id='word_1_428' title='bbox 672 5440 1002 5511; x_wconf 86' lang='lat' dir='ltr'><strong>splendidius</strong></span> <span class='ocrx_word' id='word_1_429' title='bbox 1025 5441 1169 5498; x_wconf 90' lang='lat' dir='ltr'><strong>lucet</strong></span> <span class='ocrx_word' id='word_1_430' title='bbox 1201 5459 1216 5497; x_wconf 95' lang='lat'><strong>:</strong></span> <span class='ocrx_word' id='word_1_431' title='bbox 1259 5440 1447 5497; x_wconf 90' lang='lat' dir='ltr'><strong>eodem</strong></span> <span class='ocrx_word' id='word_1_432' title='bbox 1477 5440 1638 5496; x_wconf 86' lang='lat' dir='ltr'><strong>modo</strong></span> <span class='ocrx_word' id='word_1_433' title='bbox 1664 5443 1867 5512; x_wconf 88' lang='lat' dir='ltr'><strong>impro-</strong></span> 
     </span>
    </p>
   </div>
   <div class='ocr_carea' id='block_1_58' title="bbox 1757 290 2133 351">
    <p class='ocr_par' dir='ltr' id='par_1_58' title="bbox 1757 290 2133 351">
     <span class='ocr_line' id='line_1_58' title="bbox 1757 290 2133 351; baseline 0.008 -3"><span class='ocrx_word' id='word_1_434' title='bbox 1757 290 2133 351; x_wconf 65' lang='lat' dir='ltr'><strong>EPISTOLIE.</strong></span> 
     </span>
    </p>
   </div>
   <div class='ocr_carea' id='block_1_59' title="bbox 3465 309 3572 366">
    <p class='ocr_par' dir='ltr' id='par_1_59' title="bbox 3465 309 3572 366">
     <span class='ocr_line' id='line_1_59' title="bbox 3465 309 3572 366; baseline 0 0"><span class='ocrx_word' id='word_1_435' title='bbox 3465 309 3572 366; x_wconf 69' lang='lat'><strong>898</strong></span> 
     </span>
    </p>
   </div>
   <div class='ocr_carea' id='block_1_60' title="bbox 1986 407 3570 491">
    <p class='ocr_par' dir='ltr' id='par_1_60' title="bbox 1986 407 3570 491">
     <span class='ocr_line' id='line_1_60' title="bbox 1986 407 3570 491; baseline 0.011 -32"><span class='ocrx_word' id='word_1_436' title='bbox 1986 407 2240 464; x_wconf 87' lang='lat' dir='ltr'><strong>ostendit.</strong></span> <span class='ocrx_word' id='word_1_437' title='bbox 2268 409 2406 476; x_wconf 86' lang='lat' dir='ltr'><strong>Quid</strong></span> <span class='ocrx_word' id='word_1_438' title='bbox 2435 411 2576 468; x_wconf 90' lang='lat' dir='ltr'><strong>enim</strong></span> <span class='ocrx_word' id='word_1_439' title='bbox 2597 452 2612 479; x_wconf 93' lang='lat'><strong>,</strong></span> <span class='ocrx_word' id='word_1_440' title='bbox 2640 427 2852 484; x_wconf 63' lang='lat' dir='ltr'><strong>quaeso,</strong></span> <span class='ocrx_word' id='word_1_441' title='bbox 2884 413 3052 472; x_wconf 86' lang='lat' dir='ltr'><strong>Caino</strong></span> <span class='ocrx_word' id='word_1_442' title='bbox 3075 415 3430 475; x_wconf 87' lang='lat' dir='ltr'><strong>miserabilius</strong></span> <span class='ocrx_word' id='word_1_443' title='bbox 3449 419 3570 491; x_wconf 90' lang='lat' dir='ltr'><strong>fuit,</strong></span> 
     </span>
    </p>
   </div>
   <div class='ocr_carea' id='block_1_61' title="bbox 1981 501 3572 582">
    <p class='ocr_par' dir='ltr' id='par_1_61' title="bbox 1981 501 3572 582">
     <span class='ocr_line' id='line_1_61' title="bbox 1981 501 3572 582; baseline 0.009 -28"><span class='ocrx_word' id='word_1_444' title='bbox 1981 513 2046 554; x_wconf 92' lang='lat' dir='ltr'><strong>eo</strong></span> <span class='ocrx_word' id='word_1_445' title='bbox 2071 501 2231 555; x_wconf 89' lang='lat' dir='ltr'><strong>etiam</strong></span> <span class='ocrx_word' id='word_1_446' title='bbox 2259 510 2499 572; x_wconf 89' lang='lat' dir='ltr'><strong>tempore</strong></span> <span class='ocrx_word' id='word_1_447' title='bbox 2525 521 2630 574; x_wconf 91' lang='lat' dir='ltr'><strong>quo</strong></span> <span class='ocrx_word' id='word_1_448' title='bbox 2674 506 2892 561; x_wconf 82' lang='lat' dir='ltr'><strong>fratrem</strong></span> <span class='ocrx_word' id='word_1_449' title='bbox 2938 509 3131 565; x_wconf 77' lang='lat' dir='ltr'><strong>vicisse</strong></span> <span class='ocrx_word' id='word_1_450' title='bbox 3173 526 3238 565; x_wconf 91' lang='lat' dir='ltr'><strong>ac</strong></span> <span class='ocrx_word' id='word_1_451' title='bbox 3285 527 3572 582; x_wconf 88' lang='lat' dir='ltr'><strong>superasse</strong></span> 
     </span>
    </p>
   </div>
   <div class='ocr_carea' id='block_1_62' title="bbox 1981 594 3572 664">
    <p class='ocr_par' dir='ltr' id='par_1_62' title="bbox 1981 594 3572 664">
     <span class='ocr_line' id='line_1_62' title="bbox 1981 594 3572 664; baseline 0.01 -20"><span class='ocrx_word' id='word_1_452' title='bbox 1981 599 2144 662; x_wconf 90' lang='lat' dir='ltr'><strong>atque</strong></span> <span class='ocrx_word' id='word_1_453' title='bbox 2205 594 2441 664; x_wconf 89' lang='lat' dir='ltr'><strong>iniquam</strong></span> <span class='ocrx_word' id='word_1_454' title='bbox 2493 597 2637 652; x_wconf 92' lang='lat' dir='ltr'><strong>illam</strong></span> <span class='ocrx_word' id='word_1_455' title='bbox 2697 607 2752 653; x_wconf 88' lang='lat' dir='ltr'><strong>et</strong></span> <span class='ocrx_word' id='word_1_456' title='bbox 2804 601 3193 657; x_wconf 87' lang='lat' dir='ltr'><strong>exsecrandam</strong></span> <span class='ocrx_word' id='word_1_457' title='bbox 3245 603 3572 660; x_wconf 86' lang='lat' dir='ltr'><strong>iracundiam</strong></span> 
     </span>
    </p>
   </div>
   <div class='ocr_carea' id='block_1_63' title="bbox 1980 684 3570 768">
    <p class='ocr_par' dir='ltr' id='par_1_63' title="bbox 1980 684 3570 768">
     <span class='ocr_line' id='line_1_63' title="bbox 1980 684 3570 768; baseline 0.01 -32"><span class='ocrx_word' id='word_1_458' title='bbox 1980 684 2250 756; x_wconf 89' lang='lat' dir='ltr'><strong>animique</strong></span> <span class='ocrx_word' id='word_1_459' title='bbox 2297 689 2709 746; x_wconf 89' lang='lat' dir='ltr'><strong>concitationem</strong></span> <span class='ocrx_word' id='word_1_460' title='bbox 2753 693 3054 761; x_wconf 84' lang='lat' dir='ltr'><strong>explevisse</strong></span> <span class='ocrx_word' id='word_1_461' title='bbox 3090 696 3414 751; x_wconf 80' lang='lat' dir='ltr'><strong>videbatur?</strong></span> <span class='ocrx_word' id='word_1_462' title='bbox 3442 697 3570 768; x_wconf 87' lang='lat' dir='ltr'><strong>quid</strong></span> 
     </span>
    </p>
   </div>
   <div class='ocr_carea' id='block_1_64' title="bbox 1982 773 3567 853">
    <p class='ocr_par' dir='ltr' id='par_1_64' title="bbox 1982 773 3567 853">
     <span class='ocr_line' id='line_1_64' title="bbox 1982 773 3567 853; baseline 0.009 -26"><span class='ocrx_word' id='word_1_463' title='bbox 1982 773 2240 844; x_wconf 87' lang='lat' dir='ltr'><strong>impurius</strong></span> <span class='ocrx_word' id='word_1_464' title='bbox 2264 777 2448 833; x_wconf 89' lang='lat' dir='ltr'><strong>dextra</strong></span> <span class='ocrx_word' id='word_1_465' title='bbox 2472 779 2594 845; x_wconf 88' lang='lat' dir='ltr'><strong>illa,</strong></span> <span class='ocrx_word' id='word_1_466' title='bbox 2637 797 2757 850; x_wconf 79' lang='lat' dir='ltr'><strong>qua:</strong></span> <span class='ocrx_word' id='word_1_467' title='bbox 2782 782 2973 838; x_wconf 89' lang='lat' dir='ltr'><strong>vicisse</strong></span> <span class='ocrx_word' id='word_1_468' title='bbox 3009 783 3121 838; x_wconf 91' lang='lat' dir='ltr'><strong>visa</strong></span> <span class='ocrx_word' id='word_1_469' title='bbox 3162 784 3256 839; x_wconf 85' lang='lat' dir='ltr'><strong>fuit</strong></span> <span class='ocrx_word' id='word_1_470' title='bbox 3284 785 3310 838; x_wconf 68' lang='lat'><strong>7</strong></span> <span class='ocrx_word' id='word_1_471' title='bbox 3350 785 3567 853; x_wconf 84' lang='lat' dir='ltr'><strong>dextra,</strong></span> 
     </span>
    </p>
   </div>
   <div class='ocr_carea' id='block_1_65' title="bbox 1983 866 3570 947">
    <p class='ocr_par' dir='ltr' id='par_1_65' title="bbox 1983 866 3570 947">
     <span class='ocr_line' id='line_1_65' title="bbox 1983 866 3570 947; baseline 0.008 -27"><span class='ocrx_word' id='word_1_472' title='bbox 1983 866 2197 938; x_wconf 85' lang='lat' dir='ltr'><strong>inquam</strong></span> <span class='ocrx_word' id='word_1_473' title='bbox 2223 909 2239 934; x_wconf 92' lang='lat'><strong>,</strong></span> <span class='ocrx_word' id='word_1_474' title='bbox 2271 885 2392 939; x_wconf 72' lang='lat' dir='ltr'><strong>qum</strong></span> <span class='ocrx_word' id='word_1_475' title='bbox 2431 871 2637 941; x_wconf 80' lang='lat' dir='ltr'><strong>plagam</strong></span> <span class='ocrx_word' id='word_1_476' title='bbox 2669 871 2933 928; x_wconf 83' lang='lat' dir='ltr'><strong>inﬂixerat</strong></span> <span class='ocrx_word' id='word_1_477' title='bbox 2969 882 3024 928; x_wconf 89' lang='lat' dir='ltr'><strong>et</strong></span> <span class='ocrx_word' id='word_1_478' title='bbox 3067 875 3266 930; x_wconf 65' lang='lat' dir='ltr'><strong>cuidem</strong></span> <span class='ocrx_word' id='word_1_479' title='bbox 3299 889 3570 947; x_wconf 86' lang='lat' dir='ltr'><strong>perpetra-</strong></span> 
     </span>
    </p>
   </div>
   <div class='ocr_carea' id='block_1_66' title="bbox 1981 958 3573 1034">
    <p class='ocr_par' dir='ltr' id='par_1_66' title="bbox 1981 958 3573 1034">
     <span class='ocr_line' id='line_1_66' title="bbox 1981 958 3573 1034; baseline 0.008 -23"><span class='ocrx_word' id='word_1_480' title='bbox 1981 967 2065 1012; x_wconf 92' lang='lat' dir='ltr'><strong>rat</strong></span> <span class='ocrx_word' id='word_1_481' title='bbox 2094 958 2261 1029; x_wconf 84' lang='lat' dir='ltr'><strong>?quid</strong></span> <span class='ocrx_word' id='word_1_482' title='bbox 2290 959 2580 1017; x_wconf 66' lang='lat' dir='ltr'><strong>foedissima</strong></span> <span class='ocrx_word' id='word_1_483' title='bbox 2613 962 2700 1017; x_wconf 90' lang='lat' dir='ltr'><strong>illa</strong></span> <span class='ocrx_word' id='word_1_484' title='bbox 2735 963 2911 1033; x_wconf 86' lang='lat' dir='ltr'><strong>lingua</strong></span> <span class='ocrx_word' id='word_1_485' title='bbox 2932 1006 2948 1030; x_wconf 95' lang='lat'><strong>,</strong></span> <span class='ocrx_word' id='word_1_486' title='bbox 2976 981 3093 1034; x_wconf 68' lang='lat' dir='ltr'><strong>qua:</strong></span> <span class='ocrx_word' id='word_1_487' title='bbox 3123 966 3358 1022; x_wconf 90' lang='lat' dir='ltr'><strong>fraudem</strong></span> <span class='ocrx_word' id='word_1_488' title='bbox 3388 977 3573 1024; x_wconf 84' lang='lat' dir='ltr'><strong>texue-</strong></span> 
     </span>
    </p>
   </div>
   <div class='ocr_carea' id='block_1_67' title="bbox 1980 1051 3566 1122">
    <p class='ocr_par' dir='ltr' id='par_1_67' title="bbox 1980 1051 3566 1122">
     <span class='ocr_line' id='line_1_67' title="bbox 1980 1051 3566 1122; baseline 0.008 -20"><span class='ocrx_word' id='word_1_489' title='bbox 1980 1057 2096 1114; x_wconf 90' lang='lat' dir='ltr'><strong>rat,</strong></span> <span class='ocrx_word' id='word_1_490' title='bbox 2119 1058 2174 1105; x_wconf 90' lang='lat' dir='ltr'><strong>et</strong></span> <span class='ocrx_word' id='word_1_491' title='bbox 2206 1051 2427 1121; x_wconf 90' lang='lat' dir='ltr'><strong>laqueos</strong></span> <span class='ocrx_word' id='word_1_492' title='bbox 2463 1053 2796 1122; x_wconf 88' lang='lat' dir='ltr'><strong>expanderat</strong></span> <span class='ocrx_word' id='word_1_493' title='bbox 2820 1054 2844 1108; x_wconf 87' lang='lat'><strong>?</strong></span> <span class='ocrx_word' id='word_1_494' title='bbox 2869 1055 3003 1121; x_wconf 89' lang='lat' dir='ltr'><strong>Quid</strong></span> <span class='ocrx_word' id='word_1_495' title='bbox 3030 1067 3207 1110; x_wconf 89' lang='lat' dir='ltr'><strong>autem</strong></span> <span class='ocrx_word' id='word_1_496' title='bbox 3235 1059 3476 1114; x_wconf 91' lang='lat' dir='ltr'><strong>membra</strong></span> <span class='ocrx_word' id='word_1_497' title='bbox 3504 1075 3566 1115; x_wconf 88' lang='lat' dir='ltr'><strong>ca</strong></span> 
     </span>
    </p>
   </div>
   <div class='ocr_carea' id='block_1_68' title="bbox 1979 1145 3568 1222">
    <p class='ocr_par' dir='ltr' id='par_1_68' title="bbox 1979 1145 3568 1222">
     <span class='ocr_line' id='line_1_68' title="bbox 1979 1145 3568 1222; baseline 0.008 -28"><span class='ocrx_word' id='word_1_498' title='bbox 1979 1155 2374 1210; x_wconf 88' lang='lat' dir='ltr'><strong>commemoro,</strong></span> <span class='ocrx_word' id='word_1_499' title='bbox 2406 1159 2526 1214; x_wconf 66' lang='lat' dir='ltr'><strong>qum</strong></span> <span class='ocrx_word' id='word_1_500' title='bbox 2555 1145 2754 1202; x_wconf 71' lang='lat' dir='ltr'><strong>crcdem</strong></span> <span class='ocrx_word' id='word_1_501' title='bbox 2781 1147 3164 1202; x_wconf 64' lang='lat' dir='ltr'><strong>admiserant-7</strong></span> <span class='ocrx_word' id='word_1_502' title='bbox 3201 1149 3331 1204; x_wconf 90' lang='lat' dir='ltr'><strong>Nam</strong></span> <span class='ocrx_word' id='word_1_503' title='bbox 3373 1166 3568 1222; x_wconf 79' lang='lat' dir='ltr'><strong>corpus</strong></span> 
     </span>
    </p>
   </div>
   <div class='ocr_carea' id='block_1_69' title="bbox 1980 1233 3569 1312">
    <p class='ocr_par' dir='ltr' id='par_1_69' title="bbox 1980 1233 3569 1312">
     <span class='ocr_line' id='line_1_69' title="bbox 1980 1233 3569 1312; baseline 0.008 -26"><span class='ocrx_word' id='word_1_504' title='bbox 1980 1233 2288 1289; x_wconf 89' lang='lat' dir='ltr'><strong>universum</strong></span> <span class='ocrx_word' id='word_1_505' title='bbox 2344 1236 2771 1305; x_wconf 88' lang='lat' dir='ltr'><strong>excruciabatur,</strong></span> <span class='ocrx_word' id='word_1_506' title='bbox 2822 1248 3079 1309; x_wconf 89' lang='lat' dir='ltr'><strong>perpetuo</strong></span> <span class='ocrx_word' id='word_1_507' title='bbox 3125 1242 3341 1312; x_wconf 90' lang='lat' dir='ltr'><strong>gemitui</strong></span> <span class='ocrx_word' id='word_1_508' title='bbox 3368 1257 3431 1296; x_wconf 90' lang='lat' dir='ltr'><strong>ac</strong></span> <span class='ocrx_word' id='word_1_509' title='bbox 3462 1251 3569 1298; x_wconf 85' lang='lat' dir='ltr'><strong>tre-</strong></span> 
     </span>
    </p>
   </div>
   <div class='ocr_carea' id='block_1_70' title="bbox 1979 1325 3568 1399">
    <p class='ocr_par' dir='ltr' id='par_1_70' title="bbox 1979 1325 3568 1399">
     <span class='ocr_line' id='line_1_70' title="bbox 1979 1325 3568 1399; baseline 0.006 -21"><span class='ocrx_word' id='word_1_510' title='bbox 1979 1325 2115 1378; x_wconf 92' lang='lat' dir='ltr'><strong>mori</strong></span> <span class='ocrx_word' id='word_1_511' title='bbox 2146 1326 2524 1396; x_wconf 90' lang='lat' dir='ltr'><strong>mancipatum.</strong></span> <span class='ocrx_word' id='word_1_512' title='bbox 2554 1327 2598 1381; x_wconf 93' lang='lat'>0</span> <span class='ocrx_word' id='word_1_513' title='bbox 2627 1328 2948 1399; x_wconf 82' lang='lat' dir='ltr'><strong>singularem</strong></span> <span class='ocrx_word' id='word_1_514' title='bbox 2981 1346 3158 1385; x_wconf 88' lang='lat' dir='ltr'><strong>rerum</strong></span> <span class='ocrx_word' id='word_1_515' title='bbox 3184 1333 3508 1387; x_wconf 82' lang='lat' dir='ltr'><strong>novitatem!</strong></span> <span class='ocrx_word' id='word_1_516' title='bbox 3534 1349 3568 1388; x_wconf 91' lang='lat' dir='ltr'><strong>o</strong></span> 
     </span>
    </p>
   </div>
   <div class='ocr_carea' id='block_1_71' title="bbox 1979 1417 3568 1492">
    <p class='ocr_par' dir='ltr' id='par_1_71' title="bbox 1979 1417 3568 1492">
     <span class='ocr_line' id='line_1_71' title="bbox 1979 1417 3568 1492; baseline 0.005 -22"><span class='ocrx_word' id='word_1_517' title='bbox 1979 1417 2346 1472; x_wconf 88' lang='lat' dir='ltr'><strong>admirandam</strong></span> <span class='ocrx_word' id='word_1_518' title='bbox 2376 1419 2654 1474; x_wconf 81' lang='lat' dir='ltr'><strong>victoriam</strong></span> <span class='ocrx_word' id='word_1_519' title='bbox 2692 1421 2706 1474; x_wconf 77' lang='grc' dir='ltr'><strong>ι</strong></span> <span class='ocrx_word' id='word_1_520' title='bbox 2745 1436 2778 1474; x_wconf 90' lang='grc' dir='ltr'>ο</span> <span class='ocrx_word' id='word_1_521' title='bbox 2816 1437 3010 1476; x_wconf 90' lang='lat' dir='ltr'><strong>novum</strong></span> <span class='ocrx_word' id='word_1_522' title='bbox 3057 1423 3244 1492; x_wconf 69' lang='lat' dir='ltr'><strong>trepaai</strong></span> <span class='ocrx_word' id='word_1_523' title='bbox 3284 1424 3488 1492; x_wconf 84' lang='lat' dir='ltr'><strong>genus!</strong></span> <span class='ocrx_word' id='word_1_524' title='bbox 3519 1423 3568 1479; x_wconf 83' lang='lat' dir='ltr'><strong>Is</strong></span> 
     </span>
    </p>
   </div>
   <div class='ocr_carea' id='block_1_72' title="bbox 1979 1509 3570 1582">
    <p class='ocr_par' dir='ltr' id='par_1_72' title="bbox 1979 1509 3570 1582">
     <span class='ocr_line' id='line_1_72' title="bbox 1979 1509 3570 1582; baseline 0.004 -20"><span class='ocrx_word' id='word_1_525' title='bbox 1979 1509 2070 1578; x_wconf 91' lang='lat' dir='ltr'><strong>qui</strong></span> <span class='ocrx_word' id='word_1_526' title='bbox 2097 1509 2444 1565; x_wconf 89' lang='lat' dir='ltr'><strong>obtruncatus</strong></span> <span class='ocrx_word' id='word_1_527' title='bbox 2483 1510 2656 1565; x_wconf 84' lang='lat' dir='ltr'><strong>fuerat</strong></span> <span class='ocrx_word' id='word_1_528' title='bbox 2676 1551 2691 1574; x_wconf 87' lang='lat'><strong>,</strong></span> <span class='ocrx_word' id='word_1_529' title='bbox 2722 1520 2884 1581; x_wconf 89' lang='lat' dir='ltr'><strong>atque</strong></span> <span class='ocrx_word' id='word_1_530' title='bbox 2919 1513 3181 1567; x_wconf 86' lang='lat' dir='ltr'><strong>exanimis</strong></span> <span class='ocrx_word' id='word_1_531' title='bbox 3200 1513 3446 1582; x_wconf 71' lang='lat' dir='ltr'><strong>iacebat,</strong></span> <span class='ocrx_word' id='word_1_532' title='bbox 3477 1528 3570 1568; x_wconf 91' lang='lat' dir='ltr'><strong>co-</strong></span> 
     </span>
    </p>
   </div>
   <div class='ocr_carea' id='block_1_73' title="bbox 1980 1601 3570 1673">
    <p class='ocr_par' dir='ltr' id='par_1_73' title="bbox 1980 1601 3570 1673">
     <span class='ocr_line' id='line_1_73' title="bbox 1980 1601 3570 1673; baseline 0.001 -18"><span class='ocrx_word' id='word_1_533' title='bbox 1980 1615 2110 1655; x_wconf 87' lang='lat' dir='ltr'><strong>rona</strong></span> <span class='ocrx_word' id='word_1_534' title='bbox 2134 1601 2429 1657; x_wconf 89' lang='lat' dir='ltr'><strong>donabatur</strong></span> <span class='ocrx_word' id='word_1_535' title='bbox 2443 1617 2506 1657; x_wconf 90' lang='lat' dir='ltr'><strong>ac</strong></span> <span class='ocrx_word' id='word_1_536' title='bbox 2531 1603 2938 1658; x_wconf 89' lang='lat' dir='ltr'><strong>celebrabatur:</strong></span> <span class='ocrx_word' id='word_1_537' title='bbox 2971 1605 3060 1673; x_wconf 89' lang='lat' dir='ltr'><strong>qui</strong></span> <span class='ocrx_word' id='word_1_538' title='bbox 3087 1614 3263 1659; x_wconf 89' lang='lat' dir='ltr'><strong>autem</strong></span> <span class='ocrx_word' id='word_1_539' title='bbox 3292 1604 3493 1659; x_wconf 89' lang='lat' dir='ltr'><strong>vicerat</strong></span> <span class='ocrx_word' id='word_1_540' title='bbox 3515 1612 3570 1658; x_wconf 92' lang='lat' dir='ltr'><strong>et</strong></span> 
     </span>
    </p>
   </div>
   <div class='ocr_carea' id='block_1_74' title="bbox 1979 1690 3569 1763">
    <p class='ocr_par' dir='ltr' id='par_1_74' title="bbox 1979 1690 3569 1763">
     <span class='ocr_line' id='line_1_74' title="bbox 1979 1690 3569 1763; baseline 0.001 -19"><span class='ocrx_word' id='word_1_541' title='bbox 1979 1692 2223 1760; x_wconf 88' lang='lat' dir='ltr'><strong>superior</strong></span> <span class='ocrx_word' id='word_1_542' title='bbox 2241 1690 2582 1759; x_wconf 88' lang='lat' dir='ltr'><strong>discesserat,</strong></span> <span class='ocrx_word' id='word_1_543' title='bbox 2607 1706 2710 1746; x_wconf 89' lang='lat' dir='ltr'><strong>non</strong></span> <span class='ocrx_word' id='word_1_544' title='bbox 2738 1691 2897 1746; x_wconf 90' lang='lat' dir='ltr'><strong>modo</strong></span> <span class='ocrx_word' id='word_1_545' title='bbox 2923 1707 3137 1746; x_wconf 76' lang='lat' dir='ltr'><strong>corona:</strong></span> <span class='ocrx_word' id='word_1_546' title='bbox 3166 1708 3359 1763; x_wconf 83' lang='lat' dir='ltr'><strong>expers</strong></span> <span class='ocrx_word' id='word_1_547' title='bbox 3384 1708 3569 1747; x_wconf 77' lang='lat' dir='ltr'><strong>mane-</strong></span> 
     </span>
    </p>
   </div>
   <div class='ocr_carea' id='block_1_75' title="bbox 1981 1783 3569 1847">
    <p class='ocr_par' dir='ltr' id='par_1_75' title="bbox 1981 1783 3569 1847">
     <span class='ocr_line' id='line_1_75' title="bbox 1981 1783 3569 1847; baseline -0.001 -9"><span class='ocrx_word' id='word_1_548' title='bbox 1981 1783 2103 1847; x_wconf 91' lang='lat' dir='ltr'><strong>bat,</strong></span> <span class='ocrx_word' id='word_1_549' title='bbox 2133 1799 2316 1839; x_wconf 87' lang='lat' dir='ltr'><strong>verum</strong></span> <span class='ocrx_word' id='word_1_550' title='bbox 2348 1783 2452 1838; x_wconf 88' lang='lat' dir='ltr'><strong>hoc</strong></span> <span class='ocrx_word' id='word_1_551' title='bbox 2478 1784 2637 1839; x_wconf 90' lang='lat' dir='ltr'><strong>etiam</strong></span> <span class='ocrx_word' id='word_1_552' title='bbox 2666 1784 2882 1838; x_wconf 89' lang='lat' dir='ltr'><strong>nomine</strong></span> <span class='ocrx_word' id='word_1_553' title='bbox 2911 1783 2963 1838; x_wconf 92' lang='lat' dir='ltr'><strong>in</strong></span> <span class='ocrx_word' id='word_1_554' title='bbox 2995 1784 3231 1839; x_wconf 90' lang='lat' dir='ltr'><strong>cruciatu</strong></span> <span class='ocrx_word' id='word_1_555' title='bbox 3255 1783 3569 1841; x_wconf 88' lang='lat' dir='ltr'><strong>versabatur</strong></span> 
     </span>
    </p>
   </div>
   <div class='ocr_carea' id='block_1_76' title="bbox 1980 1873 3568 1944">
    <p class='ocr_par' dir='ltr' id='par_1_76' title="bbox 1980 1873 3568 1944">
     <span class='ocr_line' id='line_1_76' title="bbox 1980 1873 3568 1944; baseline -0.001 -15"><span class='ocrx_word' id='word_1_556' title='bbox 1980 1882 2034 1929; x_wconf 86' lang='lat' dir='ltr'><strong>et</strong></span> <span class='ocrx_word' id='word_1_557' title='bbox 2055 1873 2387 1928; x_wconf 90' lang='lat' dir='ltr'><strong>intolerando</strong></span> <span class='ocrx_word' id='word_1_558' title='bbox 2407 1874 2668 1943; x_wconf 91' lang='lat' dir='ltr'><strong>supplicio</strong></span> <span class='ocrx_word' id='word_1_559' title='bbox 2690 1883 3053 1944; x_wconf 88' lang='lat' dir='ltr'><strong>perpetuoque</strong></span> <span class='ocrx_word' id='word_1_560' title='bbox 3071 1883 3334 1928; x_wconf 90' lang='lat' dir='ltr'><strong>tormento</strong></span> <span class='ocrx_word' id='word_1_561' title='bbox 3353 1873 3568 1928; x_wconf 84' lang='lat' dir='ltr'><strong>addice-</strong></span> 
     </span>
    </p>
   </div>
   <div class='ocr_carea' id='block_1_77' title="bbox 1975 1963 3566 2036">
    <p class='ocr_par' dir='ltr' id='par_1_77' title="bbox 1975 1963 3566 2036">
     <span class='ocr_line' id='line_1_77' title="bbox 1975 1963 3566 2036; baseline -0.003 -15"><span class='ocrx_word' id='word_1_562' title='bbox 1975 1966 2167 2033; x_wconf 88' lang='lat' dir='ltr'><strong>batur;</strong></span> <span class='ocrx_word' id='word_1_563' title='bbox 2193 1975 2352 2036; x_wconf 89' lang='lat' dir='ltr'><strong>atque</strong></span> <span class='ocrx_word' id='word_1_564' title='bbox 2376 1982 2497 2020; x_wconf 89' lang='lat' dir='ltr'><strong>eum</strong></span> <span class='ocrx_word' id='word_1_565' title='bbox 2538 1966 2626 2035; x_wconf 92' lang='lat' dir='ltr'><strong>qui</strong></span> <span class='ocrx_word' id='word_1_566' title='bbox 2670 1975 2818 2020; x_wconf 92' lang='lat' dir='ltr'><strong>motu</strong></span> <span class='ocrx_word' id='word_1_567' title='bbox 2844 1973 2899 2021; x_wconf 90' lang='lat' dir='ltr'><strong>et</strong></span> <span class='ocrx_word' id='word_1_568' title='bbox 2925 1967 3029 2019; x_wconf 87' lang='lat' dir='ltr'><strong>vita</strong></span> <span class='ocrx_word' id='word_1_569' title='bbox 3055 1964 3311 2034; x_wconf 75' lang='lat' dir='ltr'><strong>prmditus</strong></span> <span class='ocrx_word' id='word_1_570' title='bbox 3338 1972 3452 2020; x_wconf 88' lang='lat' dir='ltr'><strong>erat</strong></span> <span class='ocrx_word' id='word_1_571' title='bbox 3471 2003 3488 2029; x_wconf 91' lang='lat'><strong>,</strong></span> <span class='ocrx_word' id='word_1_572' title='bbox 3520 1963 3566 2017; x_wconf 82' lang='lat' dir='ltr'><strong>is</strong></span> 
     </span>
    </p>
   </div>
   <div class='ocr_carea' id='block_1_78' title="bbox 1978 2053 3565 2128">
    <p class='ocr_par' dir='ltr' id='par_1_78' title="bbox 1978 2053 3565 2128">
     <span class='ocr_line' id='line_1_78' title="bbox 1978 2053 3565 2128; baseline -0.003 -16"><span class='ocrx_word' id='word_1_573' title='bbox 1978 2059 2067 2128; x_wconf 86' lang='lat' dir='ltr'><strong>qui</strong></span> <span class='ocrx_word' id='word_1_574' title='bbox 2098 2071 2380 2127; x_wconf 84' lang='lat' dir='ltr'><strong>percussus</strong></span> <span class='ocrx_word' id='word_1_575' title='bbox 2408 2055 2582 2112; x_wconf 87' lang='lat' dir='ltr'><strong>fuerat</strong></span> <span class='ocrx_word' id='word_1_576' title='bbox 2606 2071 2670 2112; x_wconf 89' lang='lat' dir='ltr'><strong>ac</strong></span> <span class='ocrx_word' id='word_1_577' title='bbox 2707 2066 2935 2112; x_wconf 78' lang='lat' dir='ltr'><strong>mortem</strong></span> <span class='ocrx_word' id='word_1_578' title='bbox 2963 2056 3259 2126; x_wconf 82' lang='lat' dir='ltr'><strong>appetierat</strong></span> <span class='ocrx_word' id='word_1_579' title='bbox 3277 2097 3293 2120; x_wconf 93' lang='lat'><strong>,</strong></span> <span class='ocrx_word' id='word_1_580' title='bbox 3322 2070 3443 2109; x_wconf 89' lang='lat' dir='ltr'><strong>eum</strong></span> <span class='ocrx_word' id='word_1_581' title='bbox 3474 2053 3565 2123; x_wconf 87' lang='lat' dir='ltr'><strong>qui</strong></span> 
     </span>
    </p>
   </div>
   <div class='ocr_carea' id='block_1_79' title="bbox 1980 2145 3567 2219">
    <p class='ocr_par' dir='ltr' id='par_1_79' title="bbox 1980 2145 3567 2219">
     <span class='ocr_line' id='line_1_79' title="bbox 1980 2145 3567 2219; baseline -0.005 -15"><span class='ocrx_word' id='word_1_582' title='bbox 1980 2148 2318 2219; x_wconf 88' lang='lat' dir='ltr'><strong>loquebatur,</strong></span> <span class='ocrx_word' id='word_1_583' title='bbox 2351 2147 2397 2203; x_wconf 93' lang='lat' dir='ltr'><strong>is</strong></span> <span class='ocrx_word' id='word_1_584' title='bbox 2415 2147 2504 2218; x_wconf 92' lang='lat' dir='ltr'><strong>qui</strong></span> <span class='ocrx_word' id='word_1_585' title='bbox 2531 2149 2676 2202; x_wconf 89' lang='lat' dir='ltr'><strong>vocis</strong></span> <span class='ocrx_word' id='word_1_586' title='bbox 2702 2161 2894 2218; x_wconf 85' lang='lat' dir='ltr'><strong>expers</strong></span> <span class='ocrx_word' id='word_1_587' title='bbox 2917 2154 3062 2214; x_wconf 87' lang='lat' dir='ltr'><strong>erat,</strong></span> <span class='ocrx_word' id='word_1_588' title='bbox 3101 2145 3385 2200; x_wconf 87' lang='lat' dir='ltr'><strong>accusabat</strong></span> <span class='ocrx_word' id='word_1_589' title='bbox 3416 2161 3430 2197; x_wconf 93' lang='lat'><strong>:</strong></span> <span class='ocrx_word' id='word_1_590' title='bbox 3456 2145 3567 2198; x_wconf 91' lang='lat' dir='ltr'><strong>imo</strong></span> 
     </span>
    </p>
   </div>
   <div class='ocr_carea' id='block_1_80' title="bbox 1981 2233 3563 2308">
    <p class='ocr_par' dir='ltr' id='par_1_80' title="bbox 1981 2233 3563 2308">
     <span class='ocr_line' id='line_1_80' title="bbox 1981 2233 3563 2308; baseline -0.003 -16"><span class='ocrx_word' id='word_1_591' title='bbox 1981 2254 2112 2294; x_wconf 93' lang='lat' dir='ltr'><strong>vero</strong></span> <span class='ocrx_word' id='word_1_592' title='bbox 2140 2254 2209 2293; x_wconf 91' lang='lat' dir='ltr'><strong>ne</strong></span> <span class='ocrx_word' id='word_1_593' title='bbox 2252 2247 2492 2292; x_wconf 90' lang='lat' dir='ltr'><strong>mortuus</strong></span> <span class='ocrx_word' id='word_1_594' title='bbox 2537 2238 2751 2308; x_wconf 89' lang='lat' dir='ltr'><strong>quidem</strong></span> <span class='ocrx_word' id='word_1_595' title='bbox 2804 2237 2956 2308; x_wconf 89' lang='lat' dir='ltr'><strong>ipse,</strong></span> <span class='ocrx_word' id='word_1_596' title='bbox 2987 2252 3173 2291; x_wconf 90' lang='lat' dir='ltr'><strong>verum</strong></span> <span class='ocrx_word' id='word_1_597' title='bbox 3216 2244 3272 2291; x_wconf 90' lang='lat' dir='ltr'><strong>et</strong></span> <span class='ocrx_word' id='word_1_598' title='bbox 3311 2233 3563 2305; x_wconf 86' lang='lat' dir='ltr'><strong>sanguis,</strong></span> 
     </span>
    </p>
   </div>
   <div class='ocr_carea' id='block_1_81' title="bbox 1979 2323 3568 2398">
    <p class='ocr_par' dir='ltr' id='par_1_81' title="bbox 1979 2323 3568 2398">
     <span class='ocr_line' id='line_1_81' title="bbox 1979 2323 3568 2398; baseline -0.004 -14"><span class='ocrx_word' id='word_1_599' title='bbox 1979 2330 2143 2384; x_wconf 89' lang='lat' dir='ltr'><strong>etiam</strong></span> <span class='ocrx_word' id='word_1_600' title='bbox 2161 2343 2190 2382; x_wconf 90' lang='lat' dir='ltr'><strong>a</strong></span> <span class='ocrx_word' id='word_1_601' title='bbox 2219 2342 2444 2398; x_wconf 90' lang='lat' dir='ltr'><strong>corpore</strong></span> <span class='ocrx_word' id='word_1_602' title='bbox 2469 2328 2744 2398; x_wconf 87' lang='lat' dir='ltr'><strong>sejunctus</strong></span> <span class='ocrx_word' id='word_1_603' title='bbox 2762 2366 2780 2393; x_wconf 88' lang='lat'><strong>,</strong></span> <span class='ocrx_word' id='word_1_604' title='bbox 2811 2326 2876 2381; x_wconf 90' lang='lat' dir='ltr'><strong>ad</strong></span> <span class='ocrx_word' id='word_1_605' title='bbox 2904 2342 3023 2382; x_wconf 86' lang='lat' dir='ltr'><strong>eam</strong></span> <span class='ocrx_word' id='word_1_606' title='bbox 3053 2341 3166 2381; x_wconf 90' lang='lat' dir='ltr'><strong>rem</strong></span> <span class='ocrx_word' id='word_1_607' title='bbox 3188 2325 3272 2380; x_wconf 91' lang='lat' dir='ltr'><strong>vel</strong></span> <span class='ocrx_word' id='word_1_608' title='bbox 3301 2323 3448 2379; x_wconf 91' lang='lat' dir='ltr'><strong>solus</strong></span> <span class='ocrx_word' id='word_1_609' title='bbox 3467 2324 3568 2378; x_wconf 78' lang='lat' dir='ltr'><strong>suf-</strong></span> 
     </span>
    </p>
   </div>
   <div class='ocr_carea' id='block_1_82' title="bbox 1981 2419 3568 2489">
    <p class='ocr_par' dir='ltr' id='par_1_82' title="bbox 1981 2419 3568 2489">
     <span class='ocr_line' id='line_1_82' title="bbox 1981 2419 3568 2489; baseline -0.003 -13"><span class='ocrx_word' id='word_1_610' title='bbox 1981 2421 2215 2477; x_wconf 87' lang='lat' dir='ltr'><strong>ficiebat.</strong></span> <span class='ocrx_word' id='word_1_611' title='bbox 2247 2421 2415 2476; x_wconf 89' lang='lat' dir='ltr'><strong>Tanta</strong></span> <span class='ocrx_word' id='word_1_612' title='bbox 2444 2419 2717 2476; x_wconf 90' lang='lat' dir='ltr'><strong>hominum</strong></span> <span class='ocrx_word' id='word_1_613' title='bbox 2742 2420 2944 2476; x_wconf 91' lang='lat' dir='ltr'><strong>virtute</strong></span> <span class='ocrx_word' id='word_1_614' title='bbox 2996 2419 3340 2489; x_wconf 68' lang='lat' dir='ltr'><strong>prmditorum</strong></span> <span class='ocrx_word' id='word_1_615' title='bbox 3361 2458 3376 2485; x_wconf 93' lang='lat'><strong>,</strong></span> <span class='ocrx_word' id='word_1_616' title='bbox 3405 2419 3568 2473; x_wconf 85' lang='lat' dir='ltr'><strong>etiam</strong></span> 
     </span>
    </p>
   </div>
   <div class='ocr_carea' id='block_1_83' title="bbox 1979 2513 3564 2583">
    <p class='ocr_par' dir='ltr' id='par_1_83' title="bbox 1979 2513 3564 2583">
     <span class='ocr_line' id='line_1_83' title="bbox 1979 2513 3564 2583; baseline -0.001 -15"><span class='ocrx_word' id='word_1_617' title='bbox 1979 2522 2348 2580; x_wconf 90' lang='lat' dir='ltr'><strong>mortuorum,</strong></span> <span class='ocrx_word' id='word_1_618' title='bbox 2400 2514 2482 2568; x_wconf 91' lang='lat' dir='ltr'><strong>vis</strong></span> <span class='ocrx_word' id='word_1_619' title='bbox 2530 2521 2616 2569; x_wconf 91' lang='lat' dir='ltr'><strong>est</strong></span> <span class='ocrx_word' id='word_1_620' title='bbox 2655 2515 2670 2569; x_wconf 81' lang='lat' dir='ltr'><strong>l</strong></span> <span class='ocrx_word' id='word_1_621' title='bbox 2703 2522 2847 2568; x_wconf 89' lang='lat' dir='ltr'><strong>tanta</strong></span> <span class='ocrx_word' id='word_1_622' title='bbox 2893 2529 3110 2568; x_wconf 90' lang='lat' dir='ltr'><strong>rursum</strong></span> <span class='ocrx_word' id='word_1_623' title='bbox 3164 2513 3564 2583; x_wconf 89' lang='lat' dir='ltr'><strong>improborum,</strong></span> 
     </span>
    </p>
   </div>
   <div class='ocr_carea' id='block_1_84' title="bbox 1979 2605 3567 2675">
    <p class='ocr_par' dir='ltr' id='par_1_84' title="bbox 1979 2605 3567 2675">
     <span class='ocr_line' id='line_1_84' title="bbox 1979 2605 3567 2675; baseline -0.003 -13"><span class='ocrx_word' id='word_1_624' title='bbox 1979 2606 2142 2662; x_wconf 89' lang='lat' dir='ltr'><strong>etiam</strong></span> <span class='ocrx_word' id='word_1_625' title='bbox 2170 2607 2462 2662; x_wconf 83' lang='lat' dir='ltr'><strong>viventium</strong></span> <span class='ocrx_word' id='word_1_626' title='bbox 2481 2647 2497 2671; x_wconf 94' lang='lat'><strong>,</strong></span> <span class='ocrx_word' id='word_1_627' title='bbox 2526 2606 2739 2662; x_wconf 89' lang='lat' dir='ltr'><strong>miseria</strong></span> <span class='ocrx_word' id='word_1_628' title='bbox 2768 2607 2782 2660; x_wconf 88' lang='lat' dir='ltr'><strong>l</strong></span> <span class='ocrx_word' id='word_1_629' title='bbox 2815 2606 2984 2661; x_wconf 90' lang='lat' dir='ltr'><strong>Porro</strong></span> <span class='ocrx_word' id='word_1_630' title='bbox 3009 2621 3130 2660; x_wconf 91' lang='lat' dir='ltr'><strong>cum</strong></span> <span class='ocrx_word' id='word_1_631' title='bbox 3162 2605 3214 2660; x_wconf 94' lang='lat' dir='ltr'><strong>in</strong></span> <span class='ocrx_word' id='word_1_632' title='bbox 3258 2605 3374 2675; x_wconf 92' lang='lat' dir='ltr'><strong>ipso</strong></span> <span class='ocrx_word' id='word_1_633' title='bbox 3395 2611 3567 2659; x_wconf 46' lang='lat' dir='ltr'><strong>certa.</strong></span> 
     </span>
    </p>
   </div>
   <div class='ocr_carea' id='block_1_85' title="bbox 1979 2696 3568 2768">
    <p class='ocr_par' dir='ltr' id='par_1_85' title="bbox 1979 2696 3568 2768">
     <span class='ocr_line' id='line_1_85' title="bbox 1979 2696 3568 2768; baseline -0.004 -16"><span class='ocrx_word' id='word_1_634' title='bbox 1979 2696 2126 2752; x_wconf 88' lang='lat' dir='ltr'><strong>mine</strong></span> <span class='ocrx_word' id='word_1_635' title='bbox 2155 2705 2300 2751; x_wconf 85' lang='lat' dir='ltr'><strong>tanta</strong></span> <span class='ocrx_word' id='word_1_636' title='bbox 2343 2697 2560 2768; x_wconf 78' lang='lat' dir='ltr'><strong>praemia</strong></span> <span class='ocrx_word' id='word_1_637' title='bbox 2605 2697 2750 2764; x_wconf 91' lang='lat' dir='ltr'><strong>sint,</strong></span> <span class='ocrx_word' id='word_1_638' title='bbox 2790 2697 2992 2766; x_wconf 86' lang='lat' dir='ltr'><strong>cogites</strong></span> <span class='ocrx_word' id='word_1_639' title='bbox 3034 2696 3193 2750; x_wconf 90' lang='lat' dir='ltr'><strong>velim</strong></span> <span class='ocrx_word' id='word_1_640' title='bbox 3223 2702 3417 2763; x_wconf 90' lang='lat' dir='ltr'><strong>quanta</strong></span> <span class='ocrx_word' id='word_1_641' title='bbox 3444 2700 3568 2762; x_wconf 88' lang='lat' dir='ltr'><strong>post</strong></span> 
     </span>
    </p>
   </div>
   <div class='ocr_carea' id='block_1_86' title="bbox 1979 2781 3564 2855">
    <p class='ocr_par' dir='ltr' id='par_1_86' title="bbox 1979 2781 3564 2855">
     <span class='ocr_line' id='line_1_86' title="bbox 1979 2781 3564 2855; baseline -0.005 -13"><span class='ocrx_word' id='word_1_642' title='bbox 1979 2788 2272 2844; x_wconf 89' lang='lat' dir='ltr'><strong>certamina</strong></span> <span class='ocrx_word' id='word_1_643' title='bbox 2317 2802 2529 2843; x_wconf 90' lang='lat' dir='ltr'><strong>merces</strong></span> <span class='ocrx_word' id='word_1_644' title='bbox 2572 2788 2742 2842; x_wconf 88' lang='lat' dir='ltr'><strong>futura</strong></span> <span class='ocrx_word' id='word_1_645' title='bbox 2773 2787 2874 2852; x_wconf 89' lang='lat' dir='ltr'><strong>sit,</strong></span> <span class='ocrx_word' id='word_1_646' title='bbox 2904 2801 3024 2840; x_wconf 91' lang='lat' dir='ltr'><strong>eum</strong></span> <span class='ocrx_word' id='word_1_647' title='bbox 3058 2785 3158 2855; x_wconf 90' lang='lat' dir='ltr'><strong>piis</strong></span> <span class='ocrx_word' id='word_1_648' title='bbox 3188 2785 3315 2838; x_wconf 85' lang='lat' dir='ltr'><strong>viris</strong></span> <span class='ocrx_word' id='word_1_649' title='bbox 3343 2781 3564 2852; x_wconf 67' lang='lat' dir='ltr'><strong>prtemia</strong></span> 
     </span>
    </p>
   </div>
   <div class='ocr_carea' id='block_1_87' title="bbox 1979 2875 3564 2945">
    <p class='ocr_par' dir='ltr' id='par_1_87' title="bbox 1979 2875 3564 2945">
     <span class='ocr_line' id='line_1_87' title="bbox 1979 2875 3564 2945; baseline -0.004 -13"><span class='ocrx_word' id='word_1_650' title='bbox 1979 2876 2302 2945; x_wconf 86' lang='lat' dir='ltr'><strong>referentur,</strong></span> <span class='ocrx_word' id='word_1_651' title='bbox 2334 2892 2397 2932; x_wconf 86' lang='lat' dir='ltr'><strong>ac</strong></span> <span class='ocrx_word' id='word_1_652' title='bbox 2421 2877 2560 2932; x_wconf 88' lang='lat' dir='ltr'><strong>bona</strong></span> <span class='ocrx_word' id='word_1_653' title='bbox 2587 2875 2673 2930; x_wconf 89' lang='lat' dir='ltr'><strong>illa</strong></span> <span class='ocrx_word' id='word_1_654' title='bbox 2696 2891 2815 2945; x_wconf 79' lang='lat' dir='ltr'><strong>qua:</strong></span> <span class='ocrx_word' id='word_1_655' title='bbox 2839 2890 3054 2930; x_wconf 88' lang='lat' dir='ltr'><strong>omnem</strong></span> <span class='ocrx_word' id='word_1_656' title='bbox 3075 2888 3378 2930; x_wconf 89' lang='lat' dir='ltr'><strong>sermonem</strong></span> <span class='ocrx_word' id='word_1_657' title='bbox 3403 2885 3564 2941; x_wconf 81' lang='lat' dir='ltr'><strong>supe-</strong></span> 
     </span>
    </p>
   </div>
   <div class='ocr_carea' id='block_1_88' title="bbox 1978 2967 3566 3041">
    <p class='ocr_par' dir='ltr' id='par_1_88' title="bbox 1978 2967 3566 3041">
     <span class='ocr_line' id='line_1_88' title="bbox 1978 2967 3566 3041; baseline -0.006 -15"><span class='ocrx_word' id='word_1_658' title='bbox 1978 2979 2134 3036; x_wconf 83' lang='lat' dir='ltr'><strong>rant,</strong></span> <span class='ocrx_word' id='word_1_659' title='bbox 2165 2970 2294 3041; x_wconf 89' lang='lat' dir='ltr'><strong>ipsis</strong></span> <span class='ocrx_word' id='word_1_660' title='bbox 2325 2968 2820 3040; x_wconf 89' lang='lat' dir='ltr'><strong>suppeditabuntur.</strong></span> <span class='ocrx_word' id='word_1_661' title='bbox 2853 2967 3105 3023; x_wconf 79' lang='lat' dir='ltr'><strong>Molestia:</strong></span> <span class='ocrx_word' id='word_1_662' title='bbox 3121 2980 3356 3034; x_wconf 83' lang='lat' dir='ltr'><strong>namque</strong></span> <span class='ocrx_word' id='word_1_663' title='bbox 3375 3005 3390 3030; x_wconf 95' lang='lat'><strong>,</strong></span> <span class='ocrx_word' id='word_1_664' title='bbox 3412 2978 3566 3034; x_wconf 84' lang='lat' dir='ltr'><strong>quae-</strong></span> 
     </span>
    </p>
   </div>
   <div class='ocr_carea' id='block_1_89' title="bbox 1985 3055 3570 3132">
    <p class='ocr_par' dir='ltr' id='par_1_89' title="bbox 1985 3055 3570 3132">
     <span class='ocr_line' id='line_1_89' title="bbox 1985 3055 3570 3132; baseline -0.005 -15"><span class='ocrx_word' id='word_1_665' title='bbox 1985 3076 2214 3132; x_wconf 83' lang='lat' dir='ltr'><strong>cumque</strong></span> <span class='ocrx_word' id='word_1_666' title='bbox 2242 3060 2456 3116; x_wconf 87' lang='lat' dir='ltr'><strong>tandem</strong></span> <span class='ocrx_word' id='word_1_667' title='bbox 2498 3061 2603 3115; x_wconf 67' lang='lat' dir='ltr'><strong>illa:</strong></span> <span class='ocrx_word' id='word_1_668' title='bbox 2633 3059 2860 3125; x_wconf 88' lang='lat' dir='ltr'><strong>fuerint,</strong></span> <span class='ocrx_word' id='word_1_669' title='bbox 2887 3058 2956 3114; x_wconf 88' lang='lat' dir='ltr'><strong>ab</strong></span> <span class='ocrx_word' id='word_1_670' title='bbox 2984 3057 3286 3113; x_wconf 90' lang='lat' dir='ltr'><strong>hominibus</strong></span> <span class='ocrx_word' id='word_1_671' title='bbox 3332 3055 3570 3111; x_wconf 82' lang='lat' dir='ltr'><strong>inferun-</strong></span> 
     </span>
    </p>
   </div>
   <div class='ocr_carea' id='block_1_90' title="bbox 1981 3148 3568 3223">
    <p class='ocr_par' dir='ltr' id='par_1_90' title="bbox 1981 3148 3568 3223">
     <span class='ocr_line' id='line_1_90' title="bbox 1981 3148 3568 3223; baseline -0.007 -13"><span class='ocrx_word' id='word_1_672' title='bbox 1981 3163 2068 3210; x_wconf 87' lang='lat' dir='ltr'><strong>tur</strong></span> <span class='ocrx_word' id='word_1_673' title='bbox 2103 3171 2120 3211; x_wconf 89' lang='lat'><strong>:</strong></span> <span class='ocrx_word' id='word_1_674' title='bbox 2161 3167 2225 3209; x_wconf 89' lang='lat' dir='ltr'><strong>ac</strong></span> <span class='ocrx_word' id='word_1_675' title='bbox 2268 3151 2489 3223; x_wconf 89' lang='lat' dir='ltr'><strong>proinde</strong></span> <span class='ocrx_word' id='word_1_676' title='bbox 2515 3150 2852 3207; x_wconf 90' lang='lat' dir='ltr'><strong>inferentinm</strong></span> <span class='ocrx_word' id='word_1_677' title='bbox 2875 3151 3130 3204; x_wconf 90' lang='lat' dir='ltr'><strong>vilitatem</strong></span> <span class='ocrx_word' id='word_1_678' title='bbox 3176 3148 3482 3211; x_wconf 90' lang='lat' dir='ltr'><strong>imitantur;</strong></span> <span class='ocrx_word' id='word_1_679' title='bbox 3511 3153 3568 3200; x_wconf 84' lang='lat' dir='ltr'><strong>at</strong></span> 
     </span>
    </p>
   </div>
   <div class='ocr_carea' id='block_1_91' title="bbox 1977 3236 3567 3314">
    <p class='ocr_par' dir='ltr' id='par_1_91' title="bbox 1977 3236 3567 3314">
     <span class='ocr_line' id='line_1_91' title="bbox 1977 3236 3567 3314; baseline -0.007 -15"><span class='ocrx_word' id='word_1_680' title='bbox 1977 3243 2120 3300; x_wconf 89' lang='lat' dir='ltr'><strong>dona</strong></span> <span class='ocrx_word' id='word_1_681' title='bbox 2162 3251 2216 3299; x_wconf 91' lang='lat' dir='ltr'><strong>et</strong></span> <span class='ocrx_word' id='word_1_682' title='bbox 2244 3241 2462 3314; x_wconf 68' lang='lat' dir='ltr'><strong>praemia</strong></span> <span class='ocrx_word' id='word_1_683' title='bbox 2488 3257 2521 3297; x_wconf 89' lang='lat' dir='ltr'><strong>a</strong></span> <span class='ocrx_word' id='word_1_684' title='bbox 2566 3241 2676 3296; x_wconf 89' lang='lat' dir='ltr'><strong>Deo</strong></span> <span class='ocrx_word' id='word_1_685' title='bbox 2705 3240 3054 3296; x_wconf 88' lang='lat' dir='ltr'><strong>tribuuntur:</strong></span> <span class='ocrx_word' id='word_1_686' title='bbox 3083 3238 3152 3293; x_wconf 89' lang='lat' dir='ltr'><strong>ob</strong></span> <span class='ocrx_word' id='word_1_687' title='bbox 3204 3237 3362 3308; x_wconf 91' lang='lat' dir='ltr'><strong>idque</strong></span> <span class='ocrx_word' id='word_1_688' title='bbox 3403 3236 3567 3292; x_wconf 85' lang='lat' dir='ltr'><strong>etiam</strong></span> 
     </span>
    </p>
   </div>
   <div class='ocr_carea' id='block_1_92' title="bbox 1977 3326 3565 3408">
    <p class='ocr_par' dir='ltr' id='par_1_92' title="bbox 1977 3326 3565 3408">
     <span class='ocr_line' id='line_1_92' title="bbox 1977 3326 3565 3408; baseline -0.008 -16"><span class='ocrx_word' id='word_1_689' title='bbox 1977 3334 2240 3408; x_wconf 88' lang='lat' dir='ltr'><strong>ejusmodi</strong></span> <span class='ocrx_word' id='word_1_690' title='bbox 2277 3342 2435 3400; x_wconf 88' lang='lat' dir='ltr'><strong>sunt,</strong></span> <span class='ocrx_word' id='word_1_691' title='bbox 2463 3333 2640 3404; x_wconf 89' lang='lat' dir='ltr'><strong>qualia</strong></span> <span class='ocrx_word' id='word_1_692' title='bbox 2666 3348 2730 3390; x_wconf 88' lang='lat' dir='ltr'><strong>ea</strong></span> <span class='ocrx_word' id='word_1_693' title='bbox 2759 3347 2881 3388; x_wconf 90' lang='lat' dir='ltr'><strong>esse</strong></span> <span class='ocrx_word' id='word_1_694' title='bbox 2927 3346 3022 3402; x_wconf 91' lang='lat' dir='ltr'><strong>par</strong></span> <span class='ocrx_word' id='word_1_695' title='bbox 3045 3337 3162 3395; x_wconf 88' lang='lat' dir='ltr'><strong>est,</strong></span> <span class='ocrx_word' id='word_1_696' title='bbox 3197 3344 3317 3398; x_wconf 66' lang='lat' dir='ltr'><strong>qua:</strong></span> <span class='ocrx_word' id='word_1_697' title='bbox 3359 3327 3426 3381; x_wconf 92' lang='lat' dir='ltr'><strong>ab</strong></span> <span class='ocrx_word' id='word_1_698' title='bbox 3476 3326 3565 3380; x_wconf 87' lang='lat' dir='ltr'><strong>illa</strong></span> 
     </span>
    </p>
   </div>
   <div class='ocr_carea' id='block_1_93' title="bbox 1980 3419 3567 3489">
    <p class='ocr_par' dir='ltr' id='par_1_93' title="bbox 1980 3419 3567 3489">
     <span class='ocr_line' id='line_1_93' title="bbox 1980 3419 3567 3489; baseline -0.008 -6"><span class='ocrx_word' id='word_1_699' title='bbox 1980 3427 2233 3484; x_wconf 85' lang='lat' dir='ltr'><strong>ineffabili</strong></span> <span class='ocrx_word' id='word_1_700' title='bbox 2278 3422 2640 3482; x_wconf 74' lang='lat' dir='ltr'><strong>munificentia</strong></span> <span class='ocrx_word' id='word_1_701' title='bbox 2670 3422 3055 3479; x_wconf 89' lang='lat' dir='ltr'><strong>conceduntur.</strong></span> <span class='ocrx_word' id='word_1_702' title='bbox 3085 3419 3266 3477; x_wconf 86' lang='lat' dir='ltr'><strong>Gaude</strong></span> <span class='ocrx_word' id='word_1_703' title='bbox 3317 3419 3475 3489; x_wconf 83' lang='lat' dir='ltr'><strong>igitur</strong></span> <span class='ocrx_word' id='word_1_704' title='bbox 3511 3425 3567 3472; x_wconf 87' lang='lat' dir='ltr'><strong>et</strong></span> 
     </span>
    </p>
   </div>
   <div class='ocr_carea' id='block_1_94' title="bbox 1978 3507 3562 3586">
    <p class='ocr_par' dir='ltr' id='par_1_94' title="bbox 1978 3507 3562 3586">
     <span class='ocr_line' id='line_1_94' title="bbox 1978 3507 3562 3586; baseline -0.009 -12"><span class='ocrx_word' id='word_1_705' title='bbox 1978 3518 2194 3586; x_wconf 65' lang='lat' dir='ltr'><strong>lauare,</strong></span> <span class='ocrx_word' id='word_1_706' title='bbox 2226 3517 2445 3572; x_wconf 89' lang='lat' dir='ltr'><strong>corollis</strong></span> <span class='ocrx_word' id='word_1_707' title='bbox 2471 3523 2628 3585; x_wconf 88' lang='lat' dir='ltr'><strong>caput</strong></span> <span class='ocrx_word' id='word_1_708' title='bbox 2646 3514 2961 3578; x_wconf 86' lang='lat' dir='ltr'><strong>redimicns,</strong></span> <span class='ocrx_word' id='word_1_709' title='bbox 2990 3527 3053 3567; x_wconf 90' lang='lat' dir='ltr'><strong>ac</strong></span> <span class='ocrx_word' id='word_1_710' title='bbox 3072 3509 3440 3581; x_wconf 88' lang='lat' dir='ltr'><strong>triumphans,</strong></span> <span class='ocrx_word' id='word_1_711' title='bbox 3459 3507 3562 3560; x_wconf 85' lang='lat' dir='ltr'><strong>ho-</strong></span> 
     </span>
    </p>
   </div>
   <div class='ocr_carea' id='block_1_95' title="bbox 1977 3595 3561 3680">
    <p class='ocr_par' dir='ltr' id='par_1_95' title="bbox 1977 3595 3561 3680">
     <span class='ocr_line' id='line_1_95' title="bbox 1977 3595 3561 3680; baseline -0.011 -14"><span class='ocrx_word' id='word_1_712' title='bbox 1977 3611 2246 3680; x_wconf 88' lang='lat' dir='ltr'><strong>stiumque</strong></span> <span class='ocrx_word' id='word_1_713' title='bbox 2273 3607 2489 3662; x_wconf 88' lang='lat' dir='ltr'><strong>aculeos</strong></span> <span class='ocrx_word' id='word_1_714' title='bbox 2509 3605 2676 3676; x_wconf 89' lang='lat' dir='ltr'><strong>magis</strong></span> <span class='ocrx_word' id='word_1_715' title='bbox 2706 3603 3020 3675; x_wconf 89' lang='lat' dir='ltr'><strong>proculcans</strong></span> <span class='ocrx_word' id='word_1_716' title='bbox 3037 3642 3054 3669; x_wconf 92' lang='lat'><strong>,</strong></span> <span class='ocrx_word' id='word_1_717' title='bbox 3078 3616 3238 3672; x_wconf 90' lang='lat' dir='ltr'><strong>quam</strong></span> <span class='ocrx_word' id='word_1_718' title='bbox 3265 3601 3430 3654; x_wconf 89' lang='lat' dir='ltr'><strong>lutum</strong></span> <span class='ocrx_word' id='word_1_719' title='bbox 3448 3595 3561 3652; x_wconf 89' lang='lat' dir='ltr'><strong>alii.</strong></span> 
     </span>
    </p>
   </div>
   <div class='ocr_carea' id='block_1_96' title="bbox 1978 3690 3565 3766">
    <p class='ocr_par' dir='ltr' id='par_1_96' title="bbox 1978 3690 3565 3766">
     <span class='ocr_line' id='line_1_96' title="bbox 1978 3690 3565 3766; baseline -0.011 -9"><span class='ocrx_word' id='word_1_720' title='bbox 1978 3702 2057 3757; x_wconf 89' lang='lat' dir='ltr'><strong>Ac</strong></span> <span class='ocrx_word' id='word_1_721' title='bbox 2076 3700 2145 3756; x_wconf 90' lang='lat' dir='ltr'><strong>de</strong></span> <span class='ocrx_word' id='word_1_722' title='bbox 2175 3708 2262 3754; x_wconf 90' lang='lat' dir='ltr'><strong>tua</strong></span> <span class='ocrx_word' id='word_1_723' title='bbox 2288 3695 2596 3754; x_wconf 88' lang='lat' dir='ltr'><strong>valetudine</strong></span> <span class='ocrx_word' id='word_1_724' title='bbox 2615 3710 2773 3766; x_wconf 89' lang='lat' dir='ltr'><strong>quam</strong></span> <span class='ocrx_word' id='word_1_725' title='bbox 2816 3693 3140 3749; x_wconf 88' lang='lat' dir='ltr'><strong>creberrime</strong></span> <span class='ocrx_word' id='word_1_726' title='bbox 3188 3690 3273 3745; x_wconf 90' lang='lat' dir='ltr'><strong>fac</strong></span> <span class='ocrx_word' id='word_1_727' title='bbox 3320 3701 3419 3743; x_wconf 90' lang='lat' dir='ltr'><strong>nos</strong></span> <span class='ocrx_word' id='word_1_728' title='bbox 3455 3701 3565 3741; x_wconf 80' lang='lat' dir='ltr'><strong>cer-</strong></span> 
     </span>
    </p>
   </div>
   <div class='ocr_carea' id='block_1_97' title="bbox 1979 3785 3564 3862">
    <p class='ocr_par' dir='ltr' id='par_1_97' title="bbox 1979 3785 3564 3862">
     <span class='ocr_line' id='line_1_97' title="bbox 1979 3785 3564 3862; baseline -0.009 -14"><span class='ocrx_word' id='word_1_729' title='bbox 1979 3795 2179 3862; x_wconf 89' lang='lat' dir='ltr'><strong>tiores,</strong></span> <span class='ocrx_word' id='word_1_730' title='bbox 2223 3801 2284 3848; x_wconf 89' lang='lat' dir='ltr'><strong>ut</strong></span> <span class='ocrx_word' id='word_1_731' title='bbox 2329 3792 2453 3847; x_wconf 90' lang='lat' dir='ltr'><strong>hinc</strong></span> <span class='ocrx_word' id='word_1_732' title='bbox 2500 3806 2713 3861; x_wconf 92' lang='lat' dir='ltr'><strong>quoque</strong></span> <span class='ocrx_word' id='word_1_733' title='bbox 2765 3790 3033 3858; x_wconf 88' lang='lat' dir='ltr'><strong>ingentem</strong></span> <span class='ocrx_word' id='word_1_734' title='bbox 3095 3785 3417 3853; x_wconf 86' lang='lat' dir='ltr'><strong>voluptatem</strong></span> <span class='ocrx_word' id='word_1_735' title='bbox 3473 3793 3564 3834; x_wconf 84' lang='lat' dir='ltr'><strong>ca-</strong></span> 
     </span>
    </p>
   </div>
   <div class='ocr_carea' id='block_1_98' title="bbox 1978 3872 3565 3959">
    <p class='ocr_par' dir='ltr' id='par_1_98' title="bbox 1978 3872 3565 3959">
     <span class='ocr_line' id='line_1_98' title="bbox 1978 3872 3565 3959; baseline -0.011 -17"><span class='ocrx_word' id='word_1_736' title='bbox 1978 3889 2213 3959; x_wconf 91' lang='lat' dir='ltr'><strong>piamus.</strong></span> <span class='ocrx_word' id='word_1_737' title='bbox 2252 3885 2369 3941; x_wconf 81' lang='lat' dir='ltr'><strong>Non</strong></span> <span class='ocrx_word' id='word_1_738' title='bbox 2420 3884 2565 3939; x_wconf 90' lang='lat' dir='ltr'><strong>enim</strong></span> <span class='ocrx_word' id='word_1_739' title='bbox 2596 3892 2647 3938; x_wconf 92' lang='lat' dir='ltr'><strong>te</strong></span> <span class='ocrx_word' id='word_1_740' title='bbox 2673 3881 2804 3952; x_wconf 91' lang='lat' dir='ltr'><strong>fugit</strong></span> <span class='ocrx_word' id='word_1_741' title='bbox 2832 3894 3038 3949; x_wconf 77' lang='lat' dir='ltr'><strong>magna:</strong></span> <span class='ocrx_word' id='word_1_742' title='bbox 3068 3877 3260 3940; x_wconf 87' lang='lat' dir='ltr'><strong>nobis,</strong></span> <span class='ocrx_word' id='word_1_743' title='bbox 3310 3873 3468 3929; x_wconf 86' lang='lat' dir='ltr'><strong>etiam</strong></span> <span class='ocrx_word' id='word_1_744' title='bbox 3509 3872 3565 3925; x_wconf 86' lang='lat' dir='ltr'><strong>in</strong></span> 
     </span>
    </p>
   </div>
   <div class='ocr_carea' id='block_1_99' title="bbox 1976 3962 3564 4041">
    <p class='ocr_par' dir='ltr' id='par_1_99' title="bbox 1976 3962 3564 4041">
     <span class='ocr_line' id='line_1_99' title="bbox 1976 3962 3564 4041; baseline -0.011 -9"><span class='ocrx_word' id='word_1_745' title='bbox 1976 3977 2263 4033; x_wconf 89' lang='lat' dir='ltr'><strong>solitudine</strong></span> <span class='ocrx_word' id='word_1_746' title='bbox 2284 4016 2302 4041; x_wconf 90' lang='lat'><strong>,</strong></span> <span class='ocrx_word' id='word_1_747' title='bbox 2341 3990 2462 4031; x_wconf 91' lang='lat' dir='ltr'><strong>eam</strong></span> <span class='ocrx_word' id='word_1_748' title='bbox 2499 3987 2616 4029; x_wconf 91' lang='lat' dir='ltr'><strong>rem</strong></span> <span class='ocrx_word' id='word_1_749' title='bbox 2652 3969 3003 4026; x_wconf 86' lang='lat' dir='ltr'><strong>consolationi</strong></span> <span class='ocrx_word' id='word_1_750' title='bbox 3043 3967 3158 4021; x_wconf 91' lang='lat' dir='ltr'><strong>fore</strong></span> <span class='ocrx_word' id='word_1_751' title='bbox 3180 4007 3201 4033; x_wconf 90' lang='lat'><strong>,</strong></span> <span class='ocrx_word' id='word_1_752' title='bbox 3223 3980 3344 4020; x_wconf 91' lang='lat' dir='ltr'><strong>eum</strong></span> <span class='ocrx_word' id='word_1_753' title='bbox 3372 3962 3438 4018; x_wconf 91' lang='lat' dir='ltr'><strong>de</strong></span> <span class='ocrx_word' id='word_1_754' title='bbox 3471 3972 3564 4017; x_wconf 82' lang='lat' dir='ltr'><strong>tua</strong></span> 
     </span>
    </p>
   </div>
   <div class='ocr_carea' id='block_1_100' title="bbox 1977 4056 3562 4139">
    <p class='ocr_par' dir='ltr' id='par_1_100' title="bbox 1977 4056 3562 4139">
     <span class='ocr_line' id='line_1_100' title="bbox 1977 4056 3562 4139; baseline -0.011 -12"><span class='ocrx_word' id='word_1_755' title='bbox 1977 4071 2206 4127; x_wconf 84' lang='lat' dir='ltr'><strong>sanitate</strong></span> <span class='ocrx_word' id='word_1_756' title='bbox 2246 4082 2406 4139; x_wconf 91' lang='lat' dir='ltr'><strong>quam</strong></span> <span class='ocrx_word' id='word_1_757' title='bbox 2449 4063 2745 4136; x_wconf 64' lang='lat' dir='ltr'><strong>saepissime</strong></span> <span class='ocrx_word' id='word_1_758' title='bbox 2792 4059 2861 4117; x_wconf 87' lang='lat' dir='ltr'><strong>ad</strong></span> <span class='ocrx_word' id='word_1_759' title='bbox 2893 4075 3001 4117; x_wconf 78' lang='lat' dir='ltr'><strong>uos</strong></span> <span class='ocrx_word' id='word_1_760' title='bbox 3035 4060 3204 4115; x_wconf 75' lang='lat' dir='ltr'><strong>literae</strong></span> <span class='ocrx_word' id='word_1_761' title='bbox 3251 4056 3562 4113; x_wconf 80' lang='lat' dir='ltr'><strong>afferentur.</strong></span> 
     </span>
    </p>
   </div>
   <div class='ocr_carea' id='block_1_101' title="bbox 1981 4163 2130 4218">
    <p class='ocr_par' dir='ltr' id='par_1_101' title="bbox 1981 4163 2130 4218">
     <span class='ocr_line' id='line_1_101' title="bbox 1981 4163 2130 4218; baseline -0.007 -1"><span class='ocrx_word' id='word_1_762' title='bbox 1981 4163 2130 4218; x_wconf 81' lang='lat' dir='ltr'><strong>Vale.</strong></span> 
     </span>
    </p>
   </div>
   <div class='ocr_carea' id='block_1_102' title="bbox 2119 4239 3425 4318">
    <p class='ocr_par' dir='ltr' id='par_1_102' title="bbox 2119 4239 3425 4318">
     <span class='ocr_line' id='line_1_102' title="bbox 2119 4239 3425 4318; baseline -0.007 -14"><span class='ocrx_word' id='word_1_763' title='bbox 2119 4250 2200 4304; x_wconf 84' lang='lat' dir='ltr'><strong>Ad</strong></span> <span class='ocrx_word' id='word_1_764' title='bbox 2226 4248 2452 4304; x_wconf 82' lang='lat' dir='ltr'><strong>eamdem</strong></span> <span class='ocrx_word' id='word_1_765' title='bbox 2475 4245 2689 4318; x_wconf 76' lang='lat' dir='ltr'><strong>epistola</strong></span> <span class='ocrx_word' id='word_1_766' title='bbox 2721 4243 2820 4300; x_wconf 85' lang='lat' dir='ltr'><strong>VI.</strong></span> <span class='ocrx_word' id='word_1_767' title='bbox 2847 4243 3083 4316; x_wconf 87' lang='lat' dir='ltr'><strong>(Cucuso</strong></span> <span class='ocrx_word' id='word_1_768' title='bbox 3110 4256 3252 4297; x_wconf 84' lang='lat' dir='ltr'><strong>anno</strong></span> <span class='ocrx_word' id='word_1_769' title='bbox 3271 4239 3425 4310; x_wconf 68' lang='lat'><strong>405.)</strong></span> 
     </span>
    </p>
   </div>
   <div class='ocr_carea' id='block_1_103' title="bbox 2052 4332 3568 4413">
    <p class='ocr_par' dir='ltr' id='par_1_103' title="bbox 2052 4332 3568 4413">
     <span class='ocr_line' id='line_1_103' title="bbox 2052 4332 3568 4413; baseline -0.006 -15"><span class='ocrx_word' id='word_1_770' title='bbox 2052 4344 2104 4399; x_wconf 77' lang='lat' dir='ltr'><strong>t.</strong></span> <span class='ocrx_word' id='word_1_771' title='bbox 2125 4343 2208 4398; x_wconf 82' lang='lat' dir='ltr'><strong>Ab</strong></span> <span class='ocrx_word' id='word_1_772' title='bbox 2227 4342 2358 4413; x_wconf 87' lang='lat' dir='ltr'><strong>ipsis</strong></span> <span class='ocrx_word' id='word_1_773' title='bbox 2374 4341 2562 4396; x_wconf 90' lang='lat' dir='ltr'><strong>mortis</strong></span> <span class='ocrx_word' id='word_1_774' title='bbox 2577 4339 2756 4410; x_wconf 75' lang='lat' dir='ltr'><strong>ianuis</strong></span> <span class='ocrx_word' id='word_1_775' title='bbox 2775 4347 3054 4394; x_wconf 89' lang='lat' dir='ltr'><strong>revocatus</strong></span> <span class='ocrx_word' id='word_1_776' title='bbox 3067 4336 3183 4390; x_wconf 58' lang='lat' dir='ltr'><strong>hac</strong></span> <span class='ocrx_word' id='word_1_777' title='bbox 3204 4334 3270 4388; x_wconf 89' lang='lat' dir='ltr'><strong>ad</strong></span> <span class='ocrx_word' id='word_1_778' title='bbox 3288 4343 3337 4390; x_wconf 93' lang='lat' dir='ltr'><strong>te</strong></span> <span class='ocrx_word' id='word_1_779' title='bbox 3355 4332 3568 4389; x_wconf 86' lang='lat' dir='ltr'><strong>scribo:</strong></span> 
     </span>
    </p>
   </div>
   <div class='ocr_carea' id='block_1_104' title="bbox 1979 4425 3570 4508">
    <p class='ocr_par' dir='ltr' id='par_1_104' title="bbox 1979 4425 3570 4508">
     <span class='ocr_line' id='line_1_104' title="bbox 1979 4425 3570 4508; baseline -0.011 -15"><span class='ocrx_word' id='word_1_780' title='bbox 1979 4451 2148 4508; x_wconf 88' lang='lat' dir='ltr'><strong>eoque</strong></span> <span class='ocrx_word' id='word_1_781' title='bbox 2171 4436 2330 4492; x_wconf 86' lang='lat' dir='ltr'><strong>etiam</strong></span> <span class='ocrx_word' id='word_1_782' title='bbox 2353 4434 2568 4490; x_wconf 91' lang='lat' dir='ltr'><strong>nomine</strong></span> <span class='ocrx_word' id='word_1_783' title='bbox 2591 4445 2784 4503; x_wconf 89' lang='lat' dir='ltr'><strong>pueros</strong></span> <span class='ocrx_word' id='word_1_784' title='bbox 2811 4439 2931 4486; x_wconf 89' lang='lat' dir='ltr'><strong>tuos</strong></span> <span class='ocrx_word' id='word_1_785' title='bbox 2959 4443 3100 4484; x_wconf 89' lang='lat' dir='ltr'><strong>nunc</strong></span> <span class='ocrx_word' id='word_1_786' title='bbox 3123 4427 3355 4495; x_wconf 85' lang='lat' dir='ltr'><strong>denique</strong></span> <span class='ocrx_word' id='word_1_787' title='bbox 3379 4425 3445 4478; x_wconf 90' lang='lat' dir='ltr'><strong>ad</strong></span> <span class='ocrx_word' id='word_1_788' title='bbox 3470 4439 3570 4477; x_wconf 87' lang='lat' dir='ltr'><strong>nos</strong></span> 
     </span>
    </p>
   </div>
   <div class='ocr_carea' id='block_1_105' title="bbox 1978 4511 3564 4593">
    <p class='ocr_par' dir='ltr' id='par_1_105' title="bbox 1978 4511 3564 4593">
     <span class='ocr_line' id='line_1_105' title="bbox 1978 4511 3564 4593; baseline -0.009 -13"><span class='ocrx_word' id='word_1_789' title='bbox 1978 4526 2304 4592; x_wconf 83' lang='lat' dir='ltr'><strong>accessisse,</strong></span> <span class='ocrx_word' id='word_1_790' title='bbox 2333 4524 2682 4581; x_wconf 85' lang='lat' dir='ltr'><strong>vehementer</strong></span> <span class='ocrx_word' id='word_1_791' title='bbox 2717 4520 2930 4593; x_wconf 87' lang='lat' dir='ltr'><strong>gavisus</strong></span> <span class='ocrx_word' id='word_1_792' title='bbox 2970 4533 3124 4584; x_wconf 86' lang='lat' dir='ltr'><strong>sum,</strong></span> <span class='ocrx_word' id='word_1_793' title='bbox 3175 4531 3298 4572; x_wconf 86' lang='lat' dir='ltr'><strong>cum</strong></span> <span class='ocrx_word' id='word_1_794' title='bbox 3335 4514 3446 4584; x_wconf 76' lang='lat' dir='ltr'><strong>jam</strong></span> <span class='ocrx_word' id='word_1_795' title='bbox 3497 4511 3564 4567; x_wconf 78' lang='lat' dir='ltr'><strong>ad</strong></span> 
     </span>
    </p>
   </div>
   <div class='ocr_carea' id='block_1_106' title="bbox 1978 4606 3564 4688">
    <p class='ocr_par' dir='ltr' id='par_1_106' title="bbox 1978 4606 3564 4688">
     <span class='ocr_line' id='line_1_106' title="bbox 1978 4606 3564 4688; baseline -0.007 -19"><span class='ocrx_word' id='word_1_796' title='bbox 1978 4626 2189 4688; x_wconf 88' lang='lat' dir='ltr'><strong>portum</strong></span> <span class='ocrx_word' id='word_1_797' title='bbox 2217 4615 2630 4687; x_wconf 89' lang='lat' dir='ltr'><strong>appelleremus.</strong></span> <span class='ocrx_word' id='word_1_798' title='bbox 2671 4611 2806 4668; x_wconf 82' lang='lat' dir='ltr'><strong>Nam</strong></span> <span class='ocrx_word' id='word_1_799' title='bbox 2850 4611 2896 4666; x_wconf 92' lang='lat' dir='ltr'><strong>si</strong></span> <span class='ocrx_word' id='word_1_800' title='bbox 2937 4609 3093 4675; x_wconf 91' lang='lat' dir='ltr'><strong>mihi,</strong></span> <span class='ocrx_word' id='word_1_801' title='bbox 3128 4622 3251 4664; x_wconf 91' lang='lat' dir='ltr'><strong>cum</strong></span> <span class='ocrx_word' id='word_1_802' title='bbox 3297 4606 3474 4662; x_wconf 89' lang='lat' dir='ltr'><strong>adhuc</strong></span> <span class='ocrx_word' id='word_1_803' title='bbox 3511 4606 3564 4660; x_wconf 91' lang='lat' dir='ltr'><strong>in</strong></span> 
     </span>
    </p>
   </div>
   <div class='ocr_carea' id='block_1_107' title="bbox 1977 4703 3566 4778">
    <p class='ocr_par' dir='ltr' id='par_1_107' title="bbox 1977 4703 3566 4778">
     <span class='ocr_line' id='line_1_107' title="bbox 1977 4703 3566 4778; baseline -0.008 -14"><span class='ocrx_word' id='word_1_804' title='bbox 1977 4707 2116 4764; x_wconf 87' lang='lat' dir='ltr'><strong>mari</strong></span> <span class='ocrx_word' id='word_1_805' title='bbox 2130 4707 2388 4778; x_wconf 86' lang='lat' dir='ltr'><strong>jactarer,</strong></span> <span class='ocrx_word' id='word_1_806' title='bbox 2410 4719 2704 4777; x_wconf 86' lang='lat' dir='ltr'><strong>gravesque</strong></span> <span class='ocrx_word' id='word_1_807' title='bbox 2729 4703 2900 4760; x_wconf 92' lang='lat' dir='ltr'><strong>morbi</strong></span> <span class='ocrx_word' id='word_1_808' title='bbox 2927 4703 3121 4759; x_wconf 83' lang='lat' dir='ltr'><strong>ﬂuctus</strong></span> <span class='ocrx_word' id='word_1_809' title='bbox 3160 4709 3527 4770; x_wconf 83' lang='lat' dir='ltr'><strong>exspectarem</strong></span> <span class='ocrx_word' id='word_1_810' title='bbox 3546 4736 3566 4764; x_wconf 87' lang='lat'><strong>,</strong></span> 
     </span>
    </p>
   </div>
   <div class='ocr_carea' id='block_1_108' title="bbox 1976 4789 3566 4868">
    <p class='ocr_par' dir='ltr' id='par_1_108' title="bbox 1976 4789 3566 4868">
     <span class='ocr_line' id='line_1_108' title="bbox 1976 4789 3566 4868; baseline -0.008 -13"><span class='ocrx_word' id='word_1_811' title='bbox 1976 4799 2357 4865; x_wconf 90' lang='lat' dir='ltr'><strong>occurrissent,</strong></span> <span class='ocrx_word' id='word_1_812' title='bbox 2387 4797 2640 4868; x_wconf 89' lang='lat' dir='ltr'><strong>pietatem</strong></span> <span class='ocrx_word' id='word_1_813' title='bbox 2681 4805 2824 4852; x_wconf 88' lang='lat' dir='ltr'><strong>tuam</strong></span> <span class='ocrx_word' id='word_1_814' title='bbox 2864 4794 3046 4850; x_wconf 86' lang='lat' dir='ltr'><strong>fallere</strong></span> <span class='ocrx_word' id='word_1_815' title='bbox 3085 4793 3218 4848; x_wconf 92' lang='lat' dir='ltr'><strong>mihi</strong></span> <span class='ocrx_word' id='word_1_816' title='bbox 3256 4807 3362 4846; x_wconf 89' lang='lat' dir='ltr'><strong>non</strong></span> <span class='ocrx_word' id='word_1_817' title='bbox 3410 4789 3566 4845; x_wconf 82' lang='lat' dir='ltr'><strong>facile</strong></span> 
     </span>
    </p>
   </div>
   <div class='ocr_carea' id='block_1_109' title="bbox 1978 4884 3563 4960">
    <p class='ocr_par' dir='ltr' id='par_1_109' title="bbox 1978 4884 3563 4960">
     <span class='ocr_line' id='line_1_109' title="bbox 1978 4884 3563 4960; baseline -0.006 -15"><span class='ocrx_word' id='word_1_818' title='bbox 1978 4891 2194 4958; x_wconf 88' lang='lat' dir='ltr'><strong>fuisset,</strong></span> <span class='ocrx_word' id='word_1_819' title='bbox 2220 4890 2340 4946; x_wconf 67' lang='lat' dir='ltr'><strong>laeta</strong></span> <span class='ocrx_word' id='word_1_820' title='bbox 2361 4903 2458 4960; x_wconf 90' lang='lat' dir='ltr'><strong>pro</strong></span> <span class='ocrx_word' id='word_1_821' title='bbox 2483 4888 2726 4945; x_wconf 88' lang='lat' dir='ltr'><strong>tristibus</strong></span> <span class='ocrx_word' id='word_1_822' title='bbox 2742 4887 3025 4943; x_wconf 90' lang='lat' dir='ltr'><strong>nuntianti.</strong></span> <span class='ocrx_word' id='word_1_823' title='bbox 3057 4885 3240 4940; x_wconf 91' lang='lat' dir='ltr'><strong>lliems</strong></span> <span class='ocrx_word' id='word_1_824' title='bbox 3267 4884 3407 4939; x_wconf 90' lang='lat' dir='ltr'><strong>enim</strong></span> <span class='ocrx_word' id='word_1_825' title='bbox 3437 4897 3563 4954; x_wconf 85' lang='lat' dir='ltr'><strong>gra-</strong></span> 
     </span>
    </p>
   </div>
   <div class='ocr_carea' id='block_1_110' title="bbox 1975 4974 3565 5053">
    <p class='ocr_par' dir='ltr' id='par_1_110' title="bbox 1975 4974 3565 5053">
     <span class='ocr_line' id='line_1_110' title="bbox 1975 4974 3565 5053; baseline -0.006 -15"><span class='ocrx_word' id='word_1_826' title='bbox 1975 4982 2093 5038; x_wconf 86' lang='lat' dir='ltr'><strong>vior</strong></span> <span class='ocrx_word' id='word_1_827' title='bbox 2115 4996 2278 5053; x_wconf 87' lang='lat' dir='ltr'><strong>quam</strong></span> <span class='ocrx_word' id='word_1_828' title='bbox 2304 4980 2514 5036; x_wconf 88' lang='lat' dir='ltr'><strong>solebat</strong></span> <span class='ocrx_word' id='word_1_829' title='bbox 2554 4988 2774 5048; x_wconf 89' lang='lat' dir='ltr'><strong>exorta,</strong></span> <span class='ocrx_word' id='word_1_830' title='bbox 2813 4978 3109 5050; x_wconf 87' lang='lat' dir='ltr'><strong>graviorem</strong></span> <span class='ocrx_word' id='word_1_831' title='bbox 3146 4991 3359 5049; x_wconf 87' lang='lat' dir='ltr'><strong>quoque</strong></span> <span class='ocrx_word' id='word_1_832' title='bbox 3408 4974 3565 5030; x_wconf 86' lang='lat' dir='ltr'><strong>nobis</strong></span> 
     </span>
    </p>
   </div>
   <div class='ocr_carea' id='block_1_111' title="bbox 1977 5070 3560 5141">
    <p class='ocr_par' dir='ltr' id='par_1_111' title="bbox 1977 5070 3560 5141">
     <span class='ocr_line' id='line_1_111' title="bbox 1977 5070 3560 5141; baseline -0.007 -9"><span class='ocrx_word' id='word_1_833' title='bbox 1977 5075 2238 5132; x_wconf 90' lang='lat' dir='ltr'><strong>stomachi</strong></span> <span class='ocrx_word' id='word_1_834' title='bbox 2267 5074 2498 5130; x_wconf 88' lang='lat' dir='ltr'><strong>hiemem</strong></span> <span class='ocrx_word' id='word_1_835' title='bbox 2519 5073 2721 5129; x_wconf 87' lang='lat' dir='ltr'><strong>invexit</strong></span> <span class='ocrx_word' id='word_1_836' title='bbox 2753 5090 2768 5129; x_wconf 93' lang='lat'><strong>:</strong></span> <span class='ocrx_word' id='word_1_837' title='bbox 2807 5071 3077 5141; x_wconf 84' lang='lat' dir='ltr'><strong>nihiloque</strong></span> <span class='ocrx_word' id='word_1_838' title='bbox 3103 5070 3294 5126; x_wconf 91' lang='lat' dir='ltr'><strong>melius</strong></span> <span class='ocrx_word' id='word_1_839' title='bbox 3321 5082 3387 5124; x_wconf 92' lang='lat' dir='ltr'><strong>ac</strong></span> <span class='ocrx_word' id='word_1_840' title='bbox 3408 5081 3560 5122; x_wconf 59' lang='lat' dir='ltr'><strong>como</strong></span> 
     </span>
    </p>
   </div>
   <div class='ocr_carea' id='block_1_112' title="bbox 1975 5159 3564 5235">
    <p class='ocr_par' dir='ltr' id='par_1_112' title="bbox 1975 5159 3564 5235">
     <span class='ocr_line' id='line_1_112' title="bbox 1975 5159 3564 5235; baseline -0.006 -14"><span class='ocrx_word' id='word_1_841' title='bbox 1975 5165 2187 5222; x_wconf 87' lang='lat' dir='ltr'><strong>modius</strong></span> <span class='ocrx_word' id='word_1_842' title='bbox 2204 5207 2220 5231; x_wconf 89' lang='lat'><strong>,</strong></span> <span class='ocrx_word' id='word_1_843' title='bbox 2247 5179 2406 5235; x_wconf 87' lang='lat' dir='ltr'><strong>quam</strong></span> <span class='ocrx_word' id='word_1_844' title='bbox 2427 5164 2519 5235; x_wconf 90' lang='lat' dir='ltr'><strong>qui</strong></span> <span class='ocrx_word' id='word_1_845' title='bbox 2553 5172 2780 5218; x_wconf 88' lang='lat' dir='ltr'><strong>mortem</strong></span> <span class='ocrx_word' id='word_1_846' title='bbox 2820 5161 3103 5227; x_wconf 90' lang='lat' dir='ltr'><strong>obierunt,</strong></span> <span class='ocrx_word' id='word_1_847' title='bbox 3125 5161 3234 5215; x_wconf 91' lang='lat' dir='ltr'><strong>imo</strong></span> <span class='ocrx_word' id='word_1_848' title='bbox 3261 5159 3421 5215; x_wconf 89' lang='lat' dir='ltr'><strong>etiam</strong></span> <span class='ocrx_word' id='word_1_849' title='bbox 3441 5173 3564 5228; x_wconf 82' lang='lat' dir='ltr'><strong>gra-</strong></span> 
     </span>
    </p>
   </div>
   <div class='ocr_carea' id='block_1_113' title="bbox 1976 5251 3563 5324">
    <p class='ocr_par' dir='ltr' id='par_1_113' title="bbox 1976 5251 3563 5324">
     <span class='ocr_line' id='line_1_113' title="bbox 1976 5251 3563 5324; baseline -0.005 -12"><span class='ocrx_word' id='word_1_850' title='bbox 1976 5257 2124 5324; x_wconf 90' lang='lat' dir='ltr'><strong>vius,</strong></span> <span class='ocrx_word' id='word_1_851' title='bbox 2154 5255 2254 5311; x_wconf 87' lang='lat' dir='ltr'><strong>hos</strong></span> <span class='ocrx_word' id='word_1_852' title='bbox 2279 5255 2414 5312; x_wconf 90' lang='lat' dir='ltr'><strong>duos</strong></span> <span class='ocrx_word' id='word_1_853' title='bbox 2451 5269 2663 5310; x_wconf 90' lang='lat' dir='ltr'><strong>menses</strong></span> <span class='ocrx_word' id='word_1_854' title='bbox 2687 5253 2916 5310; x_wconf 88' lang='lat' dir='ltr'><strong>confeci.</strong></span> <span class='ocrx_word' id='word_1_855' title='bbox 2944 5253 3211 5309; x_wconf 83' lang='lat' dir='ltr'><strong>Hactenus</strong></span> <span class='ocrx_word' id='word_1_856' title='bbox 3239 5251 3383 5306; x_wconf 90' lang='lat' dir='ltr'><strong>enim</strong></span> <span class='ocrx_word' id='word_1_857' title='bbox 3428 5251 3563 5304; x_wconf 82' lang='lat' dir='ltr'><strong>lucis</strong></span> 
     </span>
    </p>
   </div>
   <div class='ocr_carea' id='block_1_114' title="bbox 1975 5342 3560 5420">
    <p class='ocr_par' dir='ltr' id='par_1_114' title="bbox 1975 5342 3560 5420">
     <span class='ocr_line' id='line_1_114' title="bbox 1975 5342 3560 5420; baseline -0.005 -17"><span class='ocrx_word' id='word_1_858' title='bbox 1975 5347 2134 5420; x_wconf 86' lang='lat' dir='ltr'><strong>hujus</strong></span> <span class='ocrx_word' id='word_1_859' title='bbox 2176 5361 2334 5402; x_wconf 88' lang='lat' dir='ltr'><strong>usura</strong></span> <span class='ocrx_word' id='word_1_860' title='bbox 2381 5346 2622 5413; x_wconf 90' lang='lat' dir='ltr'><strong>fruebar,</strong></span> <span class='ocrx_word' id='word_1_861' title='bbox 2667 5355 2726 5402; x_wconf 90' lang='lat' dir='ltr'><strong>ut</strong></span> <span class='ocrx_word' id='word_1_862' title='bbox 2772 5345 3285 5415; x_wconf 83' lang='lat' dir='ltr'><strong>malorum,quibus</strong></span> <span class='ocrx_word' id='word_1_863' title='bbox 3327 5342 3560 5412; x_wconf 83' lang='lat' dir='ltr'><strong>undique</strong></span> 
     </span>
    </p>
   </div>
   <div class='ocr_carea' id='block_1_115' title="bbox 1974 5433 3562 5510">
    <p class='ocr_par' dir='ltr' id='par_1_115' title="bbox 1974 5433 3562 5510">
     <span class='ocr_line' id='line_1_115' title="bbox 1974 5433 3562 5510; baseline -0.006 -14"><span class='ocrx_word' id='word_1_864' title='bbox 1974 5439 2246 5510; x_wconf 88' lang='lat' dir='ltr'><strong>cingebar,</strong></span> <span class='ocrx_word' id='word_1_865' title='bbox 2277 5452 2436 5493; x_wconf 91' lang='lat' dir='ltr'><strong>sensu</strong></span> <span class='ocrx_word' id='word_1_866' title='bbox 2452 5436 2727 5507; x_wconf 86' lang='lat' dir='ltr'><strong>afticerer;</strong></span> <span class='ocrx_word' id='word_1_867' title='bbox 2748 5436 3032 5507; x_wconf 88' lang='lat' dir='ltr'><strong>omniaque</strong></span> <span class='ocrx_word' id='word_1_868' title='bbox 3053 5434 3182 5490; x_wconf 89' lang='lat' dir='ltr'><strong>mihi</strong></span> <span class='ocrx_word' id='word_1_869' title='bbox 3206 5433 3379 5490; x_wconf 89' lang='lat' dir='ltr'><strong>noctis</strong></span> <span class='ocrx_word' id='word_1_870' title='bbox 3394 5434 3562 5487; x_wconf 88' lang='lat' dir='ltr'><strong>instar</strong></span> 
     </span>
    </p>
   </div>
   <div class='ocr_carea' id='block_1_116' title="bbox 1975 5526 3564 5602">
    <p class='ocr_par' dir='ltr' id='par_1_116' title="bbox 1975 5526 3564 5602">
     <span class='ocr_line' id='line_1_116' title="bbox 1975 5526 3564 5602; baseline -0.008 -12"><span class='ocrx_word' id='word_1_871' title='bbox 1975 5543 2128 5592; x_wconf 89' lang='lat' dir='ltr'><strong>erant</strong></span> <span class='ocrx_word' id='word_1_872' title='bbox 2145 5575 2160 5600; x_wconf 93' lang='lat'><strong>,</strong></span> <span class='ocrx_word' id='word_1_873' title='bbox 2184 5533 2287 5588; x_wconf 88' lang='lat' dir='ltr'><strong>hoc</strong></span> <span class='ocrx_word' id='word_1_874' title='bbox 2311 5541 2394 5588; x_wconf 90' lang='lat' dir='ltr'><strong>est</strong></span> <span class='ocrx_word' id='word_1_875' title='bbox 2414 5540 2520 5588; x_wconf 91' lang='lat' dir='ltr'><strong>tam</strong></span> <span class='ocrx_word' id='word_1_876' title='bbox 2544 5531 2660 5587; x_wconf 90' lang='lat' dir='ltr'><strong>dies</strong></span> <span class='ocrx_word' id='word_1_877' title='bbox 2677 5573 2692 5597; x_wconf 92' lang='lat'><strong>,</strong></span> <span class='ocrx_word' id='word_1_878' title='bbox 2722 5545 2880 5602; x_wconf 89' lang='lat' dir='ltr'><strong>quam</strong></span> <span class='ocrx_word' id='word_1_879' title='bbox 2909 5528 3200 5584; x_wconf 91' lang='lat' dir='ltr'><strong>diluculum</strong></span> <span class='ocrx_word' id='word_1_880' title='bbox 3217 5569 3232 5593; x_wconf 86' lang='lat'><strong>,</strong></span> <span class='ocrx_word' id='word_1_881' title='bbox 3257 5535 3418 5598; x_wconf 79' lang='lat' dir='ltr'><strong>atque</strong></span> <span class='ocrx_word' id='word_1_882' title='bbox 3449 5526 3564 5595; x_wconf 83' lang='lat' dir='ltr'><strong>ipsa</strong></span> 
     </span>
    </p>
   </div>
   <div class='ocr_carea' id='block_1_117' title="bbox 1974 5619 3561 5694">
    <p class='ocr_par' dir='ltr' id='par_1_117' title="bbox 1974 5619 3561 5694">
     <span class='ocr_line' id='line_1_117' title="bbox 1974 5619 3561 5694; baseline -0.008 -12"><span class='ocrx_word' id='word_1_883' title='bbox 1974 5625 2264 5682; x_wconf 85' lang='lat' dir='ltr'><strong>meridies:</strong></span> <span class='ocrx_word' id='word_1_884' title='bbox 2295 5631 2542 5694; x_wconf 88' lang='lat' dir='ltr'><strong>totosque</strong></span> <span class='ocrx_word' id='word_1_885' title='bbox 2569 5623 2685 5679; x_wconf 88' lang='lat' dir='ltr'><strong>dies</strong></span> <span class='ocrx_word' id='word_1_886' title='bbox 2703 5623 2842 5678; x_wconf 92' lang='lat' dir='ltr'><strong>lecto</strong></span> <span class='ocrx_word' id='word_1_887' title='bbox 2858 5621 3047 5676; x_wconf 85' lang='lat' dir='ltr'><strong>affixus</strong></span> <span class='ocrx_word' id='word_1_888' title='bbox 3072 5619 3350 5690; x_wconf 87' lang='lat' dir='ltr'><strong>cxigebam</strong></span> <span class='ocrx_word' id='word_1_889' title='bbox 3369 5635 3385 5683; x_wconf 88' lang='lat'><strong>;</strong></span> <span class='ocrx_word' id='word_1_890' title='bbox 3407 5631 3561 5671; x_wconf 84' lang='lat' dir='ltr'><strong>cum-</strong></span> 
     </span>
    </p>
   </div>
   <div class='ocr_carea' id='block_1_118' title="bbox 1981 5712 3562 5791">
    <p class='ocr_par' dir='ltr' id='par_1_118' title="bbox 1981 5712 3562 5791">
     <span class='ocr_line' id='line_1_118' title="bbox 1981 5712 3562 5791; baseline -0.011 -18"><span class='ocrx_word' id='word_1_891' title='bbox 1981 5732 2086 5791; x_wconf 89' lang='lat' dir='ltr'><strong>que</strong></span> <span class='ocrx_word' id='word_1_892' title='bbox 2108 5716 2418 5774; x_wconf 81' lang='lat' dir='ltr'><strong>innumeras</strong></span> <span class='ocrx_word' id='word_1_893' title='bbox 2459 5715 2699 5774; x_wconf 85' lang='lat' dir='ltr'><strong>rationes</strong></span> <span class='ocrx_word' id='word_1_894' title='bbox 2739 5712 3194 5779; x_wconf 86' lang='lat' dir='ltr'><strong>comminiscerer,</strong></span> <span class='ocrx_word' id='word_1_895' title='bbox 3235 5713 3562 5767; x_wconf 84' lang='lat' dir='ltr'><strong>contractum</strong></span> 
     </span>
    </p>
   </div>
   <div class='ocr_carea' id='block_1_119' title="bbox 223 5531 1872 5604">
    <p class='ocr_par' dir='ltr' id='par_1_119' title="bbox 223 5531 1872 5604">
     <span class='ocr_line' id='line_1_119' title="bbox 223 5531 1872 5604; baseline 0.001 -16"><span class='ocrx_word' id='word_1_896' title='bbox 223 5531 420 5589; x_wconf 81' lang='lat' dir='ltr'><strong>bitas</strong></span> <span class='ocrx_word' id='word_1_897' title='bbox 442 5568 457 5593; x_wconf 92' lang='lat'><strong>,</strong></span> <span class='ocrx_word' id='word_1_898' title='bbox 485 5538 596 5585; x_wconf 92' lang='lat' dir='ltr'><strong>tum</strong></span> <span class='ocrx_word' id='word_1_899' title='bbox 615 5533 780 5588; x_wconf 89' lang='lat' dir='ltr'><strong>etiam</strong></span> <span class='ocrx_word' id='word_1_900' title='bbox 806 5547 927 5588; x_wconf 89' lang='lat' dir='ltr'><strong>cum</strong></span> <span class='ocrx_word' id='word_1_901' title='bbox 952 5535 1143 5590; x_wconf 90' lang='lat' dir='ltr'><strong>colitur</strong></span> <span class='ocrx_word' id='word_1_902' title='bbox 1162 5541 1320 5604; x_wconf 92' lang='lat' dir='ltr'><strong>atque</strong></span> <span class='ocrx_word' id='word_1_903' title='bbox 1338 5532 1672 5600; x_wconf 88' lang='lat' dir='ltr'><strong>observatur,</strong></span> <span class='ocrx_word' id='word_1_904' title='bbox 1702 5533 1872 5590; x_wconf 78' lang='lat' dir='ltr'><strong>imbe-</strong></span> 
     </span>
    </p>
   </div>
   <div class='ocr_carea' id='block_1_120' title="bbox 234 5619 1868 5695">
    <p class='ocr_par' dir='ltr' id='par_1_120' title="bbox 234 5619 1868 5695">
     <span class='ocr_line' id='line_1_120' title="bbox 234 5619 1868 5695; baseline 0.004 -20"><span class='ocrx_word' id='word_1_905' title='bbox 234 5619 559 5676; x_wconf 86' lang='lat' dir='ltr'><strong>cillitatem</strong></span> <span class='ocrx_word' id='word_1_906' title='bbox 605 5637 760 5678; x_wconf 80' lang='lat' dir='ltr'><strong>suam</strong></span> <span class='ocrx_word' id='word_1_907' title='bbox 789 5625 997 5694; x_wconf 87' lang='lat' dir='ltr'><strong>prodit,</strong></span> <span class='ocrx_word' id='word_1_908' title='bbox 1029 5633 1188 5695; x_wconf 88' lang='lat' dir='ltr'><strong>atque</strong></span> <span class='ocrx_word' id='word_1_909' title='bbox 1217 5625 1484 5695; x_wconf 89' lang='lat' dir='ltr'><strong>ingentem</strong></span> <span class='ocrx_word' id='word_1_910' title='bbox 1522 5625 1723 5690; x_wconf 86' lang='lat' dir='ltr'><strong>risum,</strong></span> <span class='ocrx_word' id='word_1_911' title='bbox 1775 5639 1868 5681; x_wconf 87' lang='lat' dir='ltr'><strong>co-</strong></span> 
     </span>
    </p>
   </div>
   <div class='ocr_carea' id='block_1_121' title="bbox 233 5715 1859 5792">
    <p class='ocr_par' dir='ltr' id='par_1_121' title="bbox 233 5715 1859 5792">
     <span class='ocr_line' id='line_1_121' title="bbox 233 5715 1859 5792; baseline -0.002 -15"><span class='ocrx_word' id='word_1_912' title='bbox 233 5715 650 5788; x_wconf 78' lang='lat' dir='ltr'><strong>moediamque</strong></span> <span class='ocrx_word' id='word_1_913' title='bbox 692 5717 838 5773; x_wconf 73' lang='lat' dir='ltr'><strong>ouini</strong></span> <span class='ocrx_word' id='word_1_914' title='bbox 885 5719 1150 5777; x_wconf 79' lang='lat' dir='ltr'><strong>sermonis</strong></span> <span class='ocrx_word' id='word_1_915' title='bbox 1215 5717 1467 5778; x_wconf 87' lang='lat' dir='ltr'><strong>facultate</strong></span> <span class='ocrx_word' id='word_1_916' title='bbox 1527 5719 1859 5792; x_wconf 82' lang='lat' dir='ltr'><strong>superiorem</strong></span> 
     </span>
    </p>
   </div>
  </div>
