4058 6218
552 301 656 365 59)

554 435 730 477 tamen
783 436 850 478 ex
895 421 1156 477 acerrimo
1207 415 1402 489 frigore
1447 414 1822 471 detrimentum
1861 410 2135 481 haudqua-

555 529 711 585 quam
743 521 993 569 excutere
1022 521 1258 582 poteram
1289 524 1304 562 :
1339 506 1580 577 quamvis
1605 504 1747 560 enim
1770 503 1945 572 ignem
1971 501 2133 556 etiam

557 606 941 671 accenderem,
970 613 1023 659 et
1049 601 1414 672 gravissimum
1461 598 1662 653 fumum
1706 595 2033 667 perferrem,
2079 601 2134 649 et

557 699 804 755 cubiculo
823 697 1060 751 inclusus
1081 704 1310 757 tenerer,
1335 691 1707 760 sexcentisque
1730 688 1919 758 pannis
1939 692 2136 742 memet

555 791 898 846 nbvulvercm
920 831 935 855 ,
967 802 1029 842 ac
1049 803 1115 841 ne
1141 787 1301 840 limen
1317 783 1534 854 quidem
1563 781 1823 836 excedere
1850 779 2135 843 auderem,

559 883 905 938 nihilominus
950 888 1219 935 extremus
1270 875 1535 930 cruciatus
1590 871 1829 942 patiebar
1877 886 1893 922 :
1942 867 2139 939 quippe

560 991 680 1028 eum
711 973 942 1027 vomitus
977 969 1204 1025 subinde
1229 968 1520 1029 orirentur,
1551 963 1740 1032 capitis
1762 961 2005 1026 dolores,
2034 958 2138 1014 cibi

563 1064 803 1125 fastidia,
853 1069 1225 1130 perpetuaeque
1279 1057 1488 1127 vigiliae.
1543 1054 1723 1109 Noctis
1767 1067 1894 1121 ergo
1924 1051 2139 1120 pelagus

567 1171 735 1226 usque
783 1155 916 1210 adeo
947 1154 1156 1222 longum
1202 1150 1458 1206 insomnis
1500 1147 1795 1215 exigebam.
1838 1144 2031 1198 Verum
2073 1155 2140 1197 ne

563 1245 1045 1302 commemorandis
1082 1245 1242 1299 rebus
1285 1241 1526 1298 molestis
1574 1239 1772 1294 diutius
1817 1239 2137 1300 immoraris,

563 1340 797 1393 animum
827 1345 970 1392 tuum
1001 1349 1184 1390 vexem
1206 1377 1221 1400 ,
1252 1335 1335 1389 his
1362 1331 1609 1388 omnibus
1647 1344 1786 1383 nunc
1809 1327 2017 1382 liberati
2045 1341 2140 1381 su-

566 1443 706 1484 mus.
736 1427 867 1482 Nam
894 1426 1211 1496 simulatque
1234 1441 1328 1479 ver
1353 1423 1550 1485 adfuit,
1582 1431 1738 1490 atque
1763 1420 1954 1488 exigua
1994 1432 2142 1486 quaa-

565 1521 685 1574 dam
712 1520 851 1573 aeris
880 1518 1102 1572 mutatio
1126 1515 1374 1585 contigit,
1398 1513 1573 1569 omnia
1600 1519 1792 1582 sponte
1820 1523 1915 1564 sua
1939 1508 2140 1577 dilapsa

565 1620 710 1667 sunt.
750 1614 997 1664 Attamen
1029 1624 1218 1679 magna
1260 1607 1387 1661 mihi
1433 1605 1606 1660 adhuc
1634 1606 1684 1657 in
1723 1603 1895 1656 victus
1937 1599 2144 1654 ratione

567 1720 690 1759 cura
713 1719 844 1772 opus
871 1710 988 1767 est;
1014 1717 1076 1756 ac
1098 1700 1319 1772 proinde
1348 1714 1565 1770 operam
1593 1697 1663 1751 do
1693 1704 1750 1751 ut
1775 1696 1943 1750 levem
1973 1693 2142 1748 sarci-

571 1810 694 1849 nam
722 1794 997 1849 stomacho
1045 1794 1342 1863 imponam,
1396 1806 1501 1861 quo
1547 1805 1663 1845 eam
1709 1788 1861 1842 facile
1901 1786 2144 1856 digerere

567 1897 744 1956 queat.
773 1884 907 1940 lllud
932 1900 1060 1940 vero
1078 1899 1184 1939 non
1209 1883 1407 1953 vulgari
1434 1879 1792 1935 sollicitudine
1816 1893 1912 1932 nos
1936 1877 2140 1942 affecit,

567 1979 707 2048 quod
730 1987 782 2034 te
811 1987 1049 2033 extremo
1075 1978 1195 2030 vita:
1222 1975 1408 2043 spiritu
1451 1973 1741 2028 conﬂictari
1771 1969 2143 2026 intelleximus.

568 2070 899 2140 Quamquam
923 2082 1020 2138 pro
1043 2067 1240 2138 ingenti
1270 2081 1388 2119 meo
1415 2080 1539 2135 erga
1568 2071 1620 2118 te
1646 2076 1829 2117 amore
1868 2075 1931 2116 ac
1965 2073 2144 2115 rerum

569 2169 775 2213 tuarum
799 2173 924 2214 cura
953 2168 1006 2213 et
1051 2157 1404 2212 sollicitudine
1422 2198 1439 2223 ,
1468 2163 1748 2224 antequam
1776 2153 1934 2207 etiam
1963 2151 2145 2207 literas

570 2262 688 2306 tuas
709 2252 998 2319 reciperem
1019 2290 1036 2317 ,
1060 2249 1299 2304 haccura
1321 2247 1525 2302 solutus
1546 2261 1663 2300 sum
1689 2263 1702 2298 :
1727 2244 1972 2314 permulti
2000 2243 2143 2299 enim

567 2342 728 2397 istinc
755 2343 820 2396 ad
853 2356 951 2396 nos
977 2350 1266 2408 venerunt,
1316 2350 1472 2411 teque
1521 2337 1800 2394 commoda
1843 2336 2147 2393 valetudine

566 2447 686 2487 esse
711 2433 1038 2486 nuntiarunt.

553 2543 557 2548 “
640 2519 914 2575 Ργωδεηιὶε
935 2523 1048 2575 vitae
1073 2519 1385 2574 calamitates
1411 2535 1550 2574 mera
1579 2518 1754 2589 fabula
1792 2525 1927 2573 sunt.
1969 2546 2044 2559 -—
2067 2517 2146 2573 Ac

569 2629 709 2668 nunc
734 2612 989 2682 majorem
1020 2611 1071 2667 in
1095 2610 1311 2666 modum
1351 2611 1505 2666 laetor
1532 2615 1587 2666 et
1611 2609 1818 2681 gaudeo
1836 2651 1851 2675 ,
1879 2622 1986 2663 non
2025 2617 2144 2663 tan-

568 2715 680 2760 tum
708 2703 846 2776 quod
887 2705 1076 2760 morbo
1117 2704 1337 2759 liberata
1365 2703 1441 2759 sis
1461 2746 1475 2770 ,
1502 2703 1597 2759 sed
1627 2703 1961 2774 p0tissimum
2002 2700 2144 2771 quod

564 2812 658 2862 ea,
695 2811 815 2867 qua:
858 2793 1136 2860 accidunt,
1166 2795 1300 2850 adeo
1331 2795 1538 2851 fortiter
1575 2810 1638 2849 ac
1685 2809 1941 2864 generose
1971 2793 2139 2860 feras,

568 2887 798 2943 fabulam
848 2889 1096 2943 nimirum
1141 2888 1255 2944 hrcc
1303 2888 1483 2943 omnia
1512 2903 1747 2954 vocans;
1798 2898 1904 2942 tum
1946 2885 2141 2952 etiam,

567 2978 708 3048 quod
725 2978 896 3049 majus
912 2981 1234 3035 censendum
1259 2989 1362 3048 est,
1380 2981 1500 3051 quia
1522 2982 1679 3036 etiam
1701 2981 1940 3051 corporis
1959 2979 2144 3035 morbo

571 3069 874 3138 hujusmodi
913 3085 1106 3125 nomen
1147 3070 1477 3140 imposuisti,
1507 3071 1647 3142 quod
1675 3071 1887 3141 quidem
1914 3079 2144 3126 strenua:

567 3160 759 3214 animte
785 3168 868 3214 est
884 3203 899 3225 ,
922 3175 985 3215 ac
1010 3157 1334 3215 fortitudinis
1358 3160 1531 3216 fructu
1546 3160 1883 3216 abundantis.
1912 3161 2042 3216 Nam
2065 3163 2146 3215 in-

571 3250 880 3305 commodus
931 3259 984 3305 et
1013 3247 1264 3306 adversas
1314 3267 1400 3308 res
1438 3266 1544 3307 non
1590 3251 1749 3307 modo
1795 3251 1913 3306 forti
1965 3251 2143 3306 animo

566 3342 733 3408 ferre,
767 3342 858 3397 sed
889 3359 959 3399 ne
985 3343 1195 3415 quidem
1227 3357 1346 3399 cum
1375 3343 1568 3399 adsunt
1607 3345 1928 3415 persentire,
1957 3357 2140 3400 verum

562 3450 661 3490 eas
681 3449 780 3504 pro
800 3435 964 3490 nihilo
984 3445 1187 3506 putare,
1221 3450 1283 3491 ac
1327 3435 1565 3506 perfacili
1618 3436 1830 3508 negotio
1876 3419 2141 3507 patientia:

563 3537 818 3580 coronam
864 3526 1121 3596 adipisci,
1168 3539 1273 3583 nan
1303 3528 1663 3594 laborantem,
1689 3543 1796 3582 non
1827 3529 2101 3584 sudantem
2123 3571 2137 3594 ,

565 3631 675 3672 non
706 3620 914 3690 negotia
934 3619 1218 3676 habentem
1238 3663 1252 3686 ,
1283 3635 1382 3676 nec
1407 3621 1525 3674 aliis
1545 3619 1892 3676 facesscntem
1909 3663 1924 3688 ,
1957 3636 2139 3676 verum

568 3718 840 3781 tamquam
883 3713 1219 3768 cxsilientcm
1250 3728 1312 3768 ac
1358 3711 1728 3782 tripudiantem
1752 3755 1766 3780 ,
1799 3711 1901 3768 hoc
1925 3713 2139 3768 demum

565 3803 968 3872 perfectissima:
994 3819 1056 3858 ac
1076 3804 1310 3859 numeris
1335 3803 1582 3858 omnibus
1619 3803 1876 3858 absolutm
1904 3803 2139 3875 philoso-

567 3894 706 3963 phite
723 3907 1094 3967 argumentum
1116 3907 1216 3951 est.
1242 3895 1364 3951 ideo
1390 3896 1596 3967 gaudeo
1615 3905 1668 3952 et
1696 3895 1924 3962 exsulto,
1949 3912 2012 3952 ac
2033 3913 2141 3966 pne

568 3986 838 4056 voluptate
861 3987 1041 4052 volito,
1067 4002 1164 4041 nec
1193 3987 1467 4056 prazsentis
1488 3986 1788 4042 solitudinis
1802 3995 2142 4063 eraterat-um-

563 4092 669 4145 que
697 4093 1053 4133 mrumnarum
1071 4094 1230 4133 sensu
1257 4080 1479 4144 afficior,
1497 4081 1590 4136 sed
1614 4080 1764 4135 laetor
1787 4094 1850 4135 ae
1873 4081 2141 4152 voluptate

567 4167 884 4236 perfundor,
917 4169 1089 4238 deque
1131 4179 1217 4223 tua
1247 4173 1410 4226 animi
1454 4172 1811 4242 magnitudine
1838 4172 2142 4243 crebrisque

566 4257 805 4312 victoriis
825 4259 1170 4313 vehementer
1186 4259 1386 4328 glorior
1404 4302 1418 4325 ,
1451 4275 1555 4314 non
1597 4270 1684 4315 tua
1715 4261 2016 4329 dumtaxat,
2043 4262 2141 4318 sed

562 4348 723 4402 etiam
757 4363 960 4418 magna:
981 4349 1118 4405 illius
1139 4360 1202 4404 ac
1228 4350 1674 4406 numerosissima:
1703 4352 1929 4406 civitatis
1954 4338 2137 4418 causa,

565 4437 649 4490 cui
681 4438 838 4491 etiam
866 4439 1028 4492 turris
1055 4448 1109 4494 et
1133 4447 1318 4508 pertus
1345 4449 1408 4495 ac
1435 4441 1570 4495 muri
1597 4440 1718 4496 loco
1745 4442 2028 4505 exstitisti,
2054 4441 2140 4496 lu-

564 4529 832 4583 culentam
865 4545 965 4599 per
988 4545 1073 4584 res
1095 4532 1235 4600 ipsas
1263 4545 1446 4585 vocem
1477 4531 1724 4588 emittens
1743 4575 1758 4600 ,
1777 4542 1935 4602 atque
1959 4534 2011 4586 in
2034 4534 2138 4587 tuis

565 4619 954 4674 calamitatibus
976 4632 1258 4692 utrumque
1281 4622 1553 4677 hominum
1573 4637 1743 4693 genus
1771 4623 2016 4678 erudiens
2035 4664 2051 4690 ,
2080 4627 2138 4678 ut

555 4711 631 4765 ad
661 4711 963 4783 hujnsmodi
991 4716 1278 4768 certamina
1300 4724 1546 4784 prompte
1575 4723 1732 4784 atque
1770 4715 1992 4786 impigre
2021 4731 2141 4773 sese

563 4806 843 4876 accingam
861 4849 876 4872 ,
904 4822 968 4863 ac
996 4821 1116 4862 cum
1141 4808 1284 4862 omni
1313 4807 1479 4862 animi
1506 4805 1812 4863 fortitudine
1840 4807 1893 4862 in
1922 4823 2140 4864 arenam

565 4895 891 4953 descendant
909 4941 925 4967 ,
957 4899 1315 4972 collectosque
1337 4913 1408 4955 ex
1437 4898 1734 4969 hujusmodi
1764 4900 2141 4958 certaminibus

565 4986 788 5043 sudores
825 4989 984 5046 facile
1031 4991 1223 5047 ferant.
1251 4990 1509 5063 Quodque
1539 4991 1780 5046 mirabile
1808 5000 1891 5048 est
1909 5033 1925 5060 ,
1953 5008 2057 5048 non
2087 4993 2140 5048 in

560 5075 738 5131 forum
765 5088 817 5133 te
837 5080 1099 5149 injicieus,
1120 5097 1220 5139 nec
1239 5084 1292 5138 in
1309 5084 1534 5140 mediam
1548 5084 1814 5140 civitatem
1837 5097 2138 5155 progressa,

565 5167 658 5222 sed
687 5168 740 5223 in
770 5171 960 5243 exiguo
986 5175 1229 5230 cubiculo
1250 5191 1313 5232 ac
1335 5177 1573 5232 thalamo
1601 5178 1794 5233 sedens
1813 5220 1826 5242 ,
1853 5177 1922 5233 iis
1941 5178 2029 5248 qui
2049 5177 2144 5232 ad-

565 5267 690 5312 sunt
708 5261 950 5317 animum
983 5263 1165 5332 addis,
1189 5281 1388 5337 eosque
1409 5268 1477 5322 ad
1507 5278 1777 5324 certamen
1808 5269 1958 5323 acuis
1977 5307 1993 5333 ,
2023 5268 2140 5322 ma-

565 5349 716 5417 rique
747 5351 816 5406 ita
832 5354 1074 5422 furente,
1103 5371 1167 5411 ac
1195 5357 1442 5414 ﬂuctibus
1466 5359 1600 5414 adeo
1628 5358 2139 5424 intumescentibus,

562 5440 898 5512 scopulisque
926 5456 978 5500 et
1000 5447 1286 5502 latentibus
1311 5449 1409 5504 sub
1431 5449 1571 5503 unda
1602 5451 1744 5504 saxis
1772 5457 1828 5505 et
1855 5447 2047 5518 petris,
2077 5451 2141 5503 ac

562 5531 880 5587 truculentis
911 5535 1102 5590 belluis
1128 5537 1360 5607 undique
1388 5553 1507 5594 sese
1529 5539 1952 5607 ostendentibus,
1981 5549 2141 5610 atque

559 5619 817 5677 altissima
848 5634 1002 5679 nocte
1040 5635 1229 5680 cuncta
1273 5639 1602 5700 occupante,
1649 5639 1738 5696 tu,
1783 5629 1931 5685 velut
1977 5631 2141 5685 meri-

565 5719 723 5776 diano
763 5727 817 5777 et
863 5717 1145 5790 tranquillo
1193 5727 1430 5789 tempore
1450 5761 1466 5787 ,
1515 5731 1782 5793 ventoque
1824 5723 1890 5778 ad
1922 5724 2136 5795 puppim

1295 304 1353 362 S.
1389 291 2158 360 JOANNISCHRYSOSTOMI
2196 291 2512 350 ARCHIEP.
2553 290 3084 348 CONSIANTINUP.

2241 425 2444 491 flante,
2498 425 2576 480 sic
2627 425 2877 495 expansis
2927 423 3196 494 patientia.-
3249 421 3386 479 velis
3432 437 3641 478 summa
3696 438 3808 479 cum

2237 517 2489 572 facilitate
2525 516 2778 585 navigas,
2821 525 3134 585 tantumque
3171 512 3239 569 ab
3276 528 3343 568 eo
3390 514 3519 568 abes
3565 521 3625 569 ut
3672 519 3810 586 gravi

2240 609 2338 664 hac
2355 617 2667 678 tempestate
2687 608 2946 673 obruaris,
2973 617 3032 662 ut
3050 623 3115 661 ne
3131 606 3319 661 leviter
3339 606 3550 676 quidem
3570 621 3808 679 asperga-

2241 700 2316 754 ris
2345 717 2360 754 :
2391 699 2549 769 idque
2573 714 2702 755 sane
2723 699 2948 754 merito:
2975 697 3280 768 hujusmodi
3301 698 3443 752 enim
3464 707 3588 751 sunt
3611 697 3808 753 virtutis

2240 791 2618 863 gubernacula.
2661 790 2730 846 Et
2754 789 2965 860 quidem
2989 797 3314 844 mercatores
3333 797 3388 844 et
3409 787 3803 858 gubernatores,

2239 900 2303 939 ac
2329 892 2525 948 nautae,
2555 894 2608 938 et
2634 892 2897 948 vectores,
2929 897 3050 937 eum
3095 883 3314 937 nubium
3361 895 3700 945 concursum,
3728 891 3805 935 aut

2241 989 2501 1030 szevorum
2519 983 2571 1030 et
2586 973 2895 1028 immanium
2921 983 3198 1027 ventorum
3213 973 3490 1042 impetum,
3508 972 3811 1043 rapidusque

2243 1065 2434 1122 fluctus
2479 1067 2736 1136 majorem
2777 1066 2830 1120 iu
2858 1065 3072 1120 modum
3117 1075 3424 1135 spumantes
3467 1066 3811 1134 conspiciunt,

2243 1173 2405 1212 naves
2434 1157 2569 1211 intra
2601 1166 2808 1227 portum
2839 1157 3133 1211 continent.
3156 1155 3307 1222 Quod
3335 1153 3377 1209 si
3408 1154 3568 1209 etiam
3596 1154 3816 1210 fortasse

2245 1248 2294 1301 in
2321 1249 2455 1303 mari
2472 1248 2762 1318 jactentur,
2789 1247 3000 1318 quidvis
3019 1245 3215 1300 faciunt
3233 1260 3296 1300 ac
3326 1245 3649 1310 moliuntur,
3678 1254 3734 1299 ut
3755 1245 3817 1299 ad

2243 1339 2413 1407 littus,
2453 1348 2545 1394 aut
2572 1339 2828 1404 insulam,
2854 1338 3128 1407 autripam
3159 1336 3387 1405 aliquam
3419 1337 3597 1390 navim
3637 1337 3816 1406 appel-

2243 1429 2373 1484 lant.
2404 1431 2565 1498 Attu,
2593 1444 2714 1484 cum
2741 1428 2977 1484 sexcenti
3008 1428 3171 1494 venti,
3195 1441 3315 1481 cum
3341 1435 3417 1481 tot
3439 1426 3699 1481 immanes
3721 1427 3817 1480 llu-

2243 1535 2361 1578 ctus
2385 1523 2527 1577 omni
2553 1538 2620 1578 ex
2660 1531 2807 1592 parte
2827 1521 2967 1575 inter
2990 1533 3049 1574 se
3078 1518 3415 1584 collidantur,
3441 1533 3561 1572 cum
3584 1533 3730 1572 mare
3757 1519 3820 1574 ab

2246 1615 2365 1670 imis
2395 1629 2558 1684 usque
2578 1614 2868 1684 gurgitibus
2888 1611 2956 1667 ob
2994 1609 3321 1679 tempestatis
3341 1609 3680 1665 acerbitatem
3702 1625 3817 1664 sur-

2246 1722 2363 1762 sum
2394 1716 2656 1776 erumpat,
2690 1716 2848 1776 atque
2869 1703 2956 1759 alii
2997 1719 3206 1775 pessum
3236 1703 3421 1770 ierint,
3463 1703 3550 1758 alii
3579 1705 3818 1760 exstincti

2246 1812 2403 1868 supra
2432 1797 2598 1852 undas
2627 1797 2912 1859 emineant,
2947 1796 3126 1850 caeteri
3172 1795 3225 1850 in
3268 1793 3443 1849 tabula
3477 1795 3600 1862 nudi
3646 1796 3818 1851 feran-

2249 1897 2366 1954 tur;
2405 1889 2512 1958 ipsa
2542 1888 2593 1942 in
2627 1887 2859 1942 medium
2889 1887 3146 1940 malorum
3173 1885 3388 1955 pelagus
3415 1886 3674 1950 insiliens,
3702 1902 3818 1940 om-

2246 1982 2332 2035 nia
2363 1980 2476 2035 haec
2511 1979 2741 2036 fabulam
2766 1979 3022 2050 appellas,
3046 1993 3304 2048 prospero
3329 1993 3485 2033 cursu
3525 1979 3576 2032 in
3621 1989 3819 2048 tempe-

2247 2082 2383 2128 state
2401 2072 2651 2143 navigans
2668 2089 2682 2126 :
2702 2087 2874 2141 neque
2890 2071 2940 2125 id
2964 2070 3176 2124 mirum.
3199 2068 3459 2123 Navarcbi
3480 2068 3639 2134 enim,
3663 2085 3822 2140 quan-

2248 2163 2441 2217 tumvis
2487 2162 2760 2218 scientiam
2793 2162 2934 2216 illam
2967 2168 3202 2226 teneant,
3245 2168 3414 2213 artem
3447 2171 3621 2213 tamen
3643 2201 3658 2225 ,
3723 2171 3822 2228 qua

2246 2255 2393 2310 omni
2444 2252 2746 2325 tempestati
2803 2251 3159 2319 reluctentur,
3205 2265 3312 2305 non
3353 2249 3550 2304 habent
3592 2266 3608 2305 :
3656 2263 3822 2320 eoque

2242 2345 2405 2402 ‘etiam
2430 2347 2506 2412 ﬁt,
2527 2353 2586 2401 ut
2605 2355 2874 2402 certamen
2919 2359 3041 2400 cum
3061 2343 3306 2399 ﬂuctibus
3323 2357 3464 2413 smpe
3493 2343 3710 2414 fugiant.
3758 2346 3825 2397 At

2246 2437 2338 2490 tibi
2369 2436 2589 2490 scientia
2620 2445 2703 2491 est
2723 2435 2868 2490 omni
2898 2443 3212 2505 tempestate
3241 2433 3520 2503 superior,
3575 2435 3822 2488 nimirum

2247 2526 2596 2598 pliilos0pbici
2625 2527 2786 2582 animi
2809 2527 2991 2596 robur,
3040 2526 3180 2597 quod
3226 2536 3280 2582 et
3304 2525 3597 2580 innumeris
3626 2527 3827 2580 exerci-

2245 2621 2387 2674 tibus
2414 2619 2673 2674 valentius
2699 2628 2801 2685 est,
2833 2628 2889 2674 et
2936 2618 3214 2690 quibusvis
3243 2620 3406 2671 armis
3456 2617 3739 2687 potentius,
3772 2626 3826 2670 et

2246 2709 2482 2764 turribus
2522 2717 2681 2780 atque
2697 2709 2866 2763 muris
2894 2709 3074 2762 tutius.
3102 2706 3354 2762 Militibus
3379 2705 3575 2776 quippe
3599 2721 3744 2760 arma
3774 2716 3827 2761 et

2245 2801 2408 2867 muri,
2436 2811 2490 2856 et
2508 2807 2702 2865 turres,
2732 2801 2797 2854 ad
2818 2802 3060 2870 corporis
3091 2800 3365 2854 dumtaxat
3384 2797 3689 2869 praesidium
3727 2797 3825 2851 ad-

2241 2891 2484 2962 jumento
2502 2901 2644 2958 sunt,
2675 2893 2832 2963 idque
2857 2893 3016 2947 etiam
3040 2907 3143 2945 non
3169 2905 3401 2961 semper,
3425 2905 3525 2946 nec
3541 2900 3822 2961 perpetuo:

2244 2997 2645 3055 nonnumquam
2670 2985 2813 3040 enim
2848 2985 3026 3039 omnia
3053 2983 3152 3038 ista
3179 2983 3488 3048 vincuntur,
3519 2997 3715 3052 eosque
3737 2982 3825 3051 qui

2242 3076 2310 3130 ad
2337 3091 2395 3131 se
2419 3077 2748 3147 confugiunt,
2779 3076 3029 3146 prarsidio
3071 3089 3168 3130 suo
3194 3073 3475 3130 destitutos
3501 3073 3821 3144 relinquunt.

2244 3161 2312 3214 At
2338 3175 2466 3214 vero
2489 3174 2636 3215 arma
2666 3169 2775 3226 tua,
2809 3175 2914 3215 non
2954 3158 3227 3214 barbarica
3257 3159 3394 3224 tela,
3442 3173 3548 3212 non
3593 3157 3824 3211 hostium

2244 3249 2538 3318 machinas,
2563 3265 2669 3305 non
2693 3249 2995 3320 hujusmodi
3021 3251 3246 3320 impetus
3273 3259 3326 3304 et
3355 3257 3503 3304 astus
3529 3245 3824 3317 fregerunt,

2243 3342 2336 3398 sed
2365 3343 2506 3413 ipsas
2531 3353 2736 3398 natura:
2766 3343 3108 3398 necessitates
3150 3342 3534 3412 protriverunt,
3561 3355 3626 3395 ac
3649 3350 3829 3411 tyran-

2243 3434 2421 3488 nidem
2445 3436 2794 3501 sustulerunt,
2825 3448 3117 3505 earumque
3145 3447 3324 3488 arcem
3347 3432 3491 3486 humi
3522 3438 3824 3501 prostrave-

2243 3527 2394 3581 ‘runt.
2427 3526 2504 3579 Ac
2529 3540 2649 3579 cum
2677 3523 3010 3579 daemonibus
3055 3532 3314 3594 perpetuo
3338 3517 3617 3588 dimicans,
3663 3522 3824 3574 innu-

2245 3629 2426 3669 meras
2441 3615 2644 3684 palmas
2659 3614 2870 3685 adepta,
2890 3614 3085 3669 nullam
3108 3615 3314 3684 plagam
3337 3612 3587 3682 accepisti
3607 3628 3621 3675 ;
3641 3623 3826 3666 verum

2241 3705 2383 3760 inter
2405 3705 2752 3760 densissimas
2779 3704 2998 3775 sagittas
3026 3703 3305 3759 incolumis
3333 3701 3630 3774 perstitisti,
3658 3715 3722 3754 ac
3743 3709 3827 3753 te-

2243 3799 2293 3853 la
2319 3811 2381 3852 ea
2409 3813 2527 3868 quae
2553 3799 2604 3852 in
2628 3807 2679 3853 te
2699 3797 3071 3868 conjiciuntur,
3105 3795 3157 3850 in
3182 3810 3278 3851 eos
3307 3807 3537 3860 rursum,
3569 3808 3600 3847 a
3632 3793 3828 3863 quibus

2243 3889 2404 3943 missa
2429 3896 2572 3954 sunt,
2601 3887 2862 3944 resiliunt.
2881 3887 3005 3942 Haec
3033 3887 3284 3940 nimirum
3305 3885 3433 3938 artis
3451 3883 3825 3952 tutusapientia

2242 3989 2344 4046 est,
2359 3987 2520 4051 utper
2531 3994 2592 4034 ea
2607 3979 2741 4034 mala
2757 3995 2874 4049 qua:
2893 3978 2985 4032 tibi
3002 3976 3319 4041 inferuntur,
3335 3989 3482 4042 eos,a
3499 3973 3689 4044 quibus
3701 3973 3831 4026 info-

2242 4081 2452 4139 runtur,
2473 4071 2764 4135 ulciscaris,
2779 4079 2832 4125 et
2845 4085 2940 4140 per
2951 4068 3171 4124 insidias
3187 4083 3303 4138 qua:
3314 4067 3405 4120 tibi
3427 4072 3826 4134 comparantur,

2243 4178 2337 4220 eos
2356 4165 2444 4235 qui
2458 4164 2653 4219 bellum
2677 4162 2768 4217 tibi
2789 4161 3047 4227 indicunt,
3069 4173 3301 4215 maerore
3319 4157 3540 4217 afficias,
3562 4155 3826 4222 amplissi~

2242 4271 2384 4313 mam
2403 4257 2605 4312 scilicet
2633 4254 2988 4326 adipiscenda:
3016 4252 3231 4321 majoris
3257 4249 3437 4321 gloriae
3465 4255 3699 4318 segetem
3730 4245 3833 4298 ha-

2242 4344 2374 4402 bens
2391 4347 2595 4402 illorum
2617 4345 3030 4417 improbitatem.
3043 4344 3175 4410 Quae
3202 4357 3318 4398 cum
3346 4349 3405 4396 et
3433 4347 3703 4408 comperta
3734 4336 3836 4390 ha-

2243 4437 2390 4501 beas,
2409 4445 2462 4491 et
2477 4438 2649 4506 reipsa
2673 4435 2985 4505 persentias,
3001 4449 3106 4488 non
3121 4432 3219 4487 abs
3237 4447 3295 4486 re
3316 4429 3549 4485 fabulam
3574 4427 3692 4482 hac
3703 4440 3832 4482 oni-

2241 4528 2329 4582 nia
2347 4542 2640 4596 nuncupas.
2669 4526 2862 4594 Quidni
2883 4525 3046 4592 enim,
3074 4538 3278 4595 quaeso,
3309 4521 3535 4577 fabulam
3564 4519 3831 4589 appelles,

2244 4634 2366 4673 cum
2381 4633 2574 4689 corpus
2586 4617 2812 4673 mortale
2827 4627 2976 4672 nacta
2997 4616 3091 4681 sis,
3105 4623 3159 4670 et
3171 4625 3344 4668 tamen
3359 4618 3587 4668 mortem
3606 4607 3834 4679 perinde

2243 4717 2576 4776 contemnas,
2606 4716 2663 4763 ut
2688 4709 2776 4779 qui
2798 4717 3036 4764 exteram
3078 4705 3348 4768 deserere,
3378 4710 3540 4772 atque
3573 4701 3639 4754 ad
3671 4713 3833 4756 suam

2242 4803 2466 4874 patriam
2497 4800 2671 4855 redire
2698 4798 2989 4854 festinant?
3017 4811 3141 4852 cum
3167 4797 3225 4850 in
3254 4794 3605 4850 acerbissimo
3630 4789 3838 4844 morbo

2247 4892 2498 4959 Verseris,
2527 4900 2582 4946 et
2619 4900 2795 4945 tamen
2821 4891 3035 4944 suavius
3061 4899 3218 4956 quam
3248 4885 3338 4956 qui
3371 4883 3570 4954 optima
3615 4879 3836 4934 valetu-

2242 4986 2369 5041 dinc
2395 5000 2459 5040 ac
2503 4993 2693 5055 vegeto
2733 4996 2957 5052 corpore
2999 4984 3143 5041 sunt,
3191 4977 3387 5047 degas,
3446 4981 3504 5028 ut
3551 4986 3678 5043 qu:
3727 4983 3838 5025 nec

2243 5077 2581 5133 contumeliis
2602 5075 2887 5145 dejiciaris,
2905 5088 3008 5129 nec
3029 5071 3319 5131 honoribus
3339 5077 3434 5123 aut
3457 5065 3625 5137 gloria
3649 5063 3837 5118 attol-

2244 5169 2390 5235 laris,
2443 5169 2494 5222 id
2537 5168 2677 5238 quod
2717 5167 2896 5221 multis
2932 5165 3333 5220 innumerorum
3358 5159 3624 5214 malorum
3662 5167 3841 5210 causa

2243 5259 2362 5326 fuit,
2391 5260 2504 5330 qui,
2533 5274 2652 5314 cum
2681 5260 2842 5313 etiam
2873 5259 2924 5314 in
2952 5254 3235 5312 sacerdotii
3258 5267 3483 5308 munere
3521 5248 3839 5313 fulsissent,

2243 5361 2402 5422 atque
2426 5351 2492 5406 ad
2519 5362 2813 5406 extremam
2841 5358 3169 5406 senectutem
3198 5354 3252 5403 et
3278 5339 3846 5411 cauitiempeﬂteuis-

2243 5453 2380 5506 sent,
2413 5443 2538 5499 hinc
2581 5445 2800 5499 tandem
2851 5449 3189 5508 corruerunt,
3243 5453 3306 5494 ac
3341 5435 3510 5492 cuivis
3553 5443 3842 5502 tamqimn

2238 5548 2524 5590 commune
2562 5535 2828 5604 quoddam
2855 5535 3122 5591 theatrum
3164 5526 3566 5602 proponuntur?
3595 5526 3665 5578 At
3703 5521 3842 5586 tibi,

2243 5639 2365 5697 quae
2386 5635 2443 5682 et
2471 5627 2664 5683 femina
2692 5641 2774 5696 es,
2795 5635 2848 5683 et
2867 5627 3048 5698 gracili
3070 5622 3358 5680 aduiodum
3387 5631 3629 5688 corpore,
3666 5623 3726 5669 et
3755 5622 3850 5666 ιυι

2245 5729 2504 5777 natantes
2545 5727 2774 5791 Impetus
2798 5719 3125 5787 sustinuisti,
3168 5732 3276 5773 non
3323 5713 3481 5771 modo
3510 5711 3580 5766 nil
3605 5709 3714 5765 tale
3738 5722 3849 5763 aco
