4058 6218
507 282 601 349 0M

502 397 699 453 παθεῖν
727 393 1028 458 ἐκώλυσας.
1075 394 1338 449 Κάκεῖνοι
1386 391 1485 463 μὲν
1524 389 1644 445 οὐδέ
1696 389 1858 463 μέχρι
1890 387 2088 444 πολλοῦ

502 489 613 548 τῶν
639 487 867 558 ἀγώνων
884 485 1239 557 προελθόντες
1256 496 1306 550 ι,
1320 482 1460 538 ἀλλά
1480 475 1541 549 ἐξ
1561 480 1742 534 αὐτῶν
1767 480 1876 535 τῶν
1898 497 2087 552 προοι-

507 582 669 655 μίων,
695 580 791 634 καὶ⁵
816 577 1062 648 βαλϐῖδος
1088 577 1280 648 αὐτῆς,
1318 575 1395 639 ὡς
1424 574 1619 638 εἰπεῖν,
1644 572 1930 643 ἁλλόμενοι
1959 589 2091 626 κατ-

503 671 810 745 ηνέχθησαν
832 686 845 699 ·
870 670 934 722 σὺ
957 668 1014 722 δέ
1046 668 1307 740 μυριάκις
1333 666 1431 738 τὴν
1455 663 1692 737 ἐσχάτην
1719 663 1921 719 νύσσαν
1944 680 2092 734 περι-

503 763 754 826 ελθοῦσα,
785 761 906 815 καθ’
939 759 1169 814 ἕκαστον
1197 758 1397 831 δρόμον
1434 758 1498 811 τὸ
1534 757 1786 829 βραϐεῖον
1813 758 2088 829 ἥρπασας,

504 857 723 911 ποικίλα
752 854 1146 925 παλαισμάτων
1162 850 1549 923 ἐπιδειξαμένη
1575 850 1669 904 καὶ
1692 848 1919 919 ἀγώνων
1939 850 2055 921 εῐδη
2072 865 2088 882 ο

504 948 599 1002 καὶ
628 947 772 1019 μάλα
800 946 1047 1010 εἰκότως.
1063 944 1197 998 Οὐδέ
1241 942 1351 1014 γὰρ
1371 945 1428 996 ἐν
1444 932 1773 1014 ἡλικίᾳ,οἰ’›τε
1799 941 1857 995 ἐν
1875 938 2089 1012 σώματι

501 1040 572 1093 τά
602 1039 959 1109 παλαίσματα
991 1036 1093 1105 τῆς
1131 1035 1356 1107 ἀρετῆς,
1402 1032 1518 1087 ἀλλ’
1552 1035 1610 1088 ἐν
1646 1032 1792 1105 ψυχῇ
1826 1033 1963 1104 μόνῃ
1997 1032 2091 1086 καὶ

503 1129 722 1201 γνώμῃ.
755 1127 913 1182 Οὐτω
949 1127 1044 1181 καὶ
1075 1128 1337 1195 γυναῖκες
1367 1122 1844 1194 ἐστεφανώθησαν,
1871 1123 1966 1177 καὶ
1994 1122 2091 1177 άν-

501 1221 627 1294 δρες
661 1218 1164 1289 ὐπεσκελίσθησαψ
1198 1215 1341 1270 οὕτω
1379 1217 1474 1269 καὶ
1506 1216 1695 1280 παῖδες
1712 1215 2090 1288 ἀνεκηρύχθη-

506 1330 627 1377 σαν,
668 1312 762 1366 καὶ
790 1310 1163 1381 γεγηρακότες
1201 1307 1673 1382 κατῃσχύνθησαν.
1705 1307 1828 1360 Ἀεὶ
1863 1307 1959 1378 μὲν
1994 1303 2088 1361 οὖν

503 1402 612 1475 χρὴ
641 1400 942 1472 θαυμάζειν
978 1402 1105 1464 τοὺς
1142 1400 1425 1471 μετιόντας
1454 1399 1655 1472 ἀρετὴν
1680 1399 1731 1464 b,
1761 1399 1996 1470 μάλιστα
2031 1398 2089 1453 δὲ

502 1497 632 1549 ὅταν
662 1491 872 1547 πολλῶν
917 1491 1089 1563 αὐτὴν
1137 1490 1582 1555 ἀπολειπόντων,
1630 1490 1898 1561 εὐρεθῶσί
1943 1507 2089 1554 τινες

504 1585 674 1655 αὐτῆς
705 1583 1076 1653 ἀντεχόμενοι.
1107 1581 1207 1635 Διά
1240 1581 1304 1652 δὴ
1334 1581 1492 1636 10610
1522 1583 1617 1636 καὶ
1649 1583 1748 1655 τὴν
1777 1581 1875 1653 σὴν
1914 1583 2089 1654 ἐμμέ-

502 1677 655 1731 λειαν
685 1675 988 1746 θαυμάζειν
1012 1673 1163 1739 ἄξιον
1192 1672 1311 1744 μεθ’
1346 1673 1673 1745 ὑπερϐολῆς,
1706 1674 1788 1727 ὅτι
1816 1674 2088 1729 τοσούτων

502 1768 825 1840 τραπέντων
856 1766 1086 1839 ἀνδρῶν,
1109 1765 1405 1834 γυναικῶν,
1432 1766 1846 1837 γεγηρακότων,
1875 1764 1982 1819 τῶν
2010 1764 2092 1819 δο-

500 1861 745 1916 κούντων
785 1860 1051 1932 μεγίστην
1080 1858 1351 1928 ὑπόληψιν
1393 1857 1562 1930 ἐχειν,
1602 1859 1820 1913 πάντων
1852 1857 1939 1911 ἐπ’
1964 1856 2088 1928 ὄψιν

501 1954 796 2026 κειμένων,
827 1952 952 2006 οὐδέ
984 1953 1050 2005 ἐκ
1081 1951 1281 2021 πολλῆς
1313 1950 1554 2021 πολέμου
1588 1950 1792 2022 ῥύμης,
1831 1948 1955 2004 οὐδὲ
1979 1949 2093 2004 ἀπὸ

503 2046 739 2116 σφοδρᾶς
768 2045 876 2099 τῶν
907 2042 1120 2115 ἐχθρῶν
1159 2041 1540 2114 παρατάξεως,
1571 2040 1708 2095 ἀλλά
1745 2039 1852 2112 πρὸ
1887 2039 2093 2110 009.60.-

496 2138 601 2209 λῆς
652 2137 950 2201 πεσόντων,
1004 2135 1112 2205 πρὸ
1165 2131 1488 2204 συμπλοκῆς
1533 2130 1899 2204 ἡττηθέντων,
1949 2130 2087 2203 αὐτὴ

505 2231 645 2304 μετά
677 2229 946 2292 τοσαύτας
973 2229 1154 2298 μάχας
1196 2227 1292 2281 καὶ
1340 2222 1679 2296 παρατάξεις
1713 2225 1774 2278 ού
1824 2225 1985 2295 μόνον
2023 2223 2085 2277 οὐ

500 2320 1010 2393 κατεμαλακίσθης,
1056 2318 1179 2372 οὐδὲ
1220 2316 1578 2389 ἐταριχεύθης
1606 2314 1685 2387 τῷ
1738 2316 1932 2389 πλήθει
1977 2316 2088 2383 τῶν

501 2414 710 2473 κακῶν,
732 2410 870 2465 ἀλλά
885 2412 985 2464 καὶ
1007 2408 1260 2481 νεανιεύῃ
1297 2408 1582 2480 μειζόνως,
1608 2408 1703 2462 καὶ
1728 2407 1839 2462 τῶν
1862 2407 2089 2476 ἀγώνων

502 2509 537 2578 ἡ
573 2504 861 2577 προσθήκη
893 2502 1213 2575 προσθήκην
1250 2518 1331 2556 σοι
1367 2500 1584 2555 δίδωσιν
1631 2498 1835 2571 ἰσχύος.
1874 2500 1938 2554 Ἦ
1978 2500 2088 2573 γάρ

501 2598 611 2653 τῶν
631 2598 742 2670 ’ἢδη
771 2594 1226 2668 κατορθωθέντων
1255 2594 1468 2665 μνήμη,
1488 2593 1585 2646 καὶ
1612 2591 1970 2664 εὐφροσύνης,
1994 2593 2088 2647 καὶ

502 2691 699 2761 χαρᾶς,
724 2687 822 2742 καὶ
847 2685 1096 2758 μείζονός
1128 2701 1211 2738 σοι
1230 2684 1438 2753 γίνεται
1465 2683 1776 2757 προθυμίας
1808 2683 2084 2749 ὑπόθεσις.

500 2781 601 2837 Διά
630 2780 804 2836 ταῦτα
834 2779 1132 2850 χαίρομεν,
1169 2776 1484 2849 σκιρτῶμεν
1506 2816 1521 2841 ,
1553 2776 1994 2848 εὐφραινόμεθα·
2025 2778 2086 2831 οὐ

499 2872 611 2942 γὰρ
636 2871 918 2941 παύσομαι
950 2869 1191 2940 συνεχῶς
1215 2868 1377 2923 10610
1414 2868 1614 2938 λέγων,
1650 2870 1745 2923 καὶ
1774 2870 2089 2942 περιφέρων

498 2981 610 3034 μου
637 2962 916 3033 πανταχοῦ
942 2962 1041 3032 τῆς
1076 2963 1252 3033 χαρᾶς
1281 2963 1380 3032 τὴν
1414 2962 1693 3016 ὑπόθεσιν.
1719 2963 1882 3015 ’Ὥστε
1906 2964 1956 3015 εἰ
1992 2961 2090 3016 καὶ

499 3056 530 3105 ό
572 3054 838 3125 ἡμέτερός
880 3070 941 3106 σε
997 3052 1161 3107 λυπεῖ
1204 3053 1523 3123 χωρισμὸς,
1556 3054 1695 3108 ἀλλά
1733 3054 1964 3125 μεγίστη
2005 3071 2088 3108 σοι

500 3143 642 3215 αὕτη
667 3144 778 3197 τῶν
821 3143 1268 3214 κατορθωμάτων
1296 3142 1450 3215 [583]
1473 3146 1507 3215 ἡ
1545 3144 1892 3217 παράκλησις
1915 3161 1928 3176 ·
1965 3144 2089 3198 ἐπεὶ

501 3234 599 3288 καὶ
633 3235 794 3305 ἡμεῖς
822 3233 1076 3287 τοσοῦτον
1118 3232 1496 3304 ἀπῳκισμένοι
1524 3235 1698 3306 μῆκος
1719 3235 1864 3300 ὀδοῦ,
1900 3236 1961 3288 οὐ
1994 3252 2086 3306 μι-

499 3326 640 3400 κράν
669 3326 940 3392 ἐντεῦθεν,
967 3325 1078 3380 ἀπὸ
1102 3326 1203 3398 τῆς
1233 3324 1335 3396 σῆς
1367 3325 1621 3400 ἀνδρείας
1645 3328 1806 3398 λέγω,
1841 3326 2090 3399 καρπού-

501 3420 646 3494 μεθα
673 3420 1039 3493 εὐφροσύνην.

821 3509 978 3579 Πρὸς
1005 3507 1122 3577 τὴν
1137 3506 1334 3577 αὐτὴν
1361 3507 1657 3578 ἐπιστολὴ
1686 3510 1765 3577 Ζζ.

571 3609 645 3659 α’.
680 3602 746 3655 Τί
779 3601 917 3673 φῄςς
941 3602 1056 3656 Οὐκ
1081 3600 1314 3673 έστησας
1334 3600 1614 3673 τρόπαιον,
1638 3600 1760 3653 οὐδὲ
1785 3602 1902 3672 ἥρω
1931 3600 2088 3673 νίκην

499 3694 761 3766 λαμπράν
777 3710 792 3759 ;
809 3693 931 3746 οὐδέ
953 3691 1197 3762 ἀνεδήσω
1220 3691 1485 3760 στέφανον
1506 3687 1771 3745 ἀνθοῦντα
1791 3690 2084 3762 διηνεκῶ;;

512 3786 653 3839 ’Δλὶῧ
674 3785 736 3839 οὐ
764 3783 941 3838 ταῦτά
963 3799 1128 3854 φησιν
1157 3783 1192 3854 η
1224 3781 1520 3852 οἰκουμένη
1551 3782 1722 3847 πᾶσα,
1744 3783 1779 3853 ἡ
1809 3783 2086 3854 πανταχοῦ

499 3879 601 3949 τῆς
634 3879 737 3948 γῆς
766 3875 975 3949 ᾇδουσά
1001 3892 1098 3928 σου
1120 3874 1190 3929 τά
1211 3872 1649 3946 κατορθώματα;
1671 3875 1734 3928 Εἰ
1759 3873 1871 3948 γὰρ
1897 3875 1993 3929 καὶ
2019 3875 2089 3930 τὰ

499 3971 827 4040 σκάμματα,
851 3968 949 4022 καὶ
974 3967 1025 4020 οί
1051 3964 1261 4036 ἀγῶνες
1298 3966 1355 4018 ἐν
1386 3966 1467 4020 ἐνὶ
1491 3965 1732 4038 ἵδρυνται
1755 3968 1964 4039 χωρίῳ,
1994 3970 2089 4021 καὶ

498 4062 551 4114 οἰ
581 4059 784 4112 δίαυλοι
815 4075 911 4111 σου
943 4057 1052 4111 τῶν
1090 4056 1333 4128 δρόμων,
1357 4057 1453 4110 καὶ
1489 4056 1559 4110 τά
1596 4058 1718 4111 ἀντί¹
1747 4058 1970 4130 ίδρῶτος
2004 4060 2089 4113 αἴ-

502 4168 674 4221 ματος
697 4149 1131 4220 ἐμπεπλησμένα
1152 4166 1244 4201 σου
1264 4149 1619 4222 παλαίσματα
1638 4151 1826 4205 αὐτόθι
1842 4153 2084 4222 γέγονεν,

499 4242 618 4296 ἀλλ’
654 4241 838 4314 ἡδόξα
862 4240 1067 4294 τούτων
1104 4242 1200 4293 καὶ
1224 4241 1258 4310 ἡ
1285 4240 1532 4311 εὐφημία
1568 4240 1639 4295 τά
1673 4243 1919 4315 τέρματα
1953 4262 2086 4299 κατ-

498 4334 691 4407 είληφε
718 4333 819 4405 τῆς
834 4343 859 4372 ο
885 4330 1228 4402 οἰκουμένης.
1249 4330 1323 4383 Σὺ
1344 4330 1401 4383 δέ
1427 4331 1567 4386 αὐτά
1594 4332 1766 4403 μείζω
1787 4334 2085 4408 βουλομένη

501 4425 749 4496 ποιῆσαι,
793 4424 890 4478 καὶ
931 4422 1152 4477 πλείονα
1192 4419 1263 4476 τὰ
1316 4420 1544 4492 βραϐεῖα
1587 4423 1949 4494 ἐργάσασθαι,
1992 4427 2086 4480 καὶ

498 4517 626 4580 τοὺς
672 4515 780 4569 ἀπὸ
819 4514 920 4585 τῆς
962 4512 1470 4585 ταπεινοφροσύνης
1509 4513 1691 4577 αὐτοῖς
1741 4517 2087 4587 προσέθηκας

501 4607 819 4676 στεφάνους,
854 4605 1089 4673 λέγουσα
1112 4603 1366 4658 τοσοῦτον
1404 4604 1634 4676 ἀπέχειν
1671 4604 1778 4660 τῶν
1807 4608 2086 4679 τροπαίων

499 4699 728 4766 τούτων,
759 4699 883 4753 ὅσον
907 4697 958 4751 οἰ
985 4694 1172 4768 νεκροὶ
1202 4694 1309 4748 τῶν
1332 4693 1568 4758 ζώντων.
1602 4696 1727 4750 Ὀτι
1749 4696 1858 4770 γὰρ
1894 4715 2088 4755 ταπει-

501 4790 839 4863 νοφροσύνης
868 4788 937 4843 τά
964 4788 1210 4862 ῥήματα,
1242 4784 1443 4856 μᾶλλον
1470 4784 1531 4850 ἐξ
1561 4787 1742 4841 αὐτῶν
1769 4803 1830 4841 σε
1868 4789 2085 4859 ἐλέγξαι

499 4884 837 4955 πειράσομαι
872 4880 982 4936 τῶν
1021 4878 1429 4951 γεγενημένων.
1467 4877 1753 4943 Ἐξέπεσες
1793 4882 2082 4955 πατρίδος,

499 4974 699 5039 οίκίας,
734 4974 924 5043 φίλων,
958 4971 1236 5041 συγγενῶν
1257 4985 1271 5002 '
1302 4970 1439 5042 πρὸς
1474 4969 1574 5042 τὴν
1617 4971 1916 5046 ὑπερορίαν
1957 4992 2085 5047 μετ-

500 5063 662 5134 έστης
685 5081 699 5095 ·
734 5066 793 5118 οὐ
842 5064 1081 5128 διέλιπες
1105 5064 1228 5118 καθ’
1263 5063 1503 5134 ἑκάστην
1525 5065 1946 5138 ἀποθνῄσκουσα
1985 5070 2084 5141 τὴν

499 5155 737 5224 ἡμέραν,
786 5154 882 5208 καὶ
920 5155 982 5207 τὸ
1011 5157 1078 5225 τῇ
1124 5154 1286 5224 φύσει
1315 5155 1502 5211 λεῖπον
1544 5159 1615 5228 τῇ
1655 5160 1946 5232 περιουσίᾳ
1984 5161 2085 5230 τῆς

500 5246 872 5317 προαιρέσεως
909 5245 1320 5316 ἀναπληροῦσα.
1354 5248 1574 5318 Ἐπειδὴ
1607 5248 1715 5320 γάρ
1748 5250 1849 5303 οὐκ
1878 5249 1958 5302 ἐνι
1990 5250 2086 5303 άν-

501 5336 719 5407 θρωπον
749 5336 880 5391 ὄντα
902 5338 969 5408 τῇ
997 5335 1164 5409 πείρᾳ
1195 5336 1423 5403 πολλοὺς
1463 5336 1727 5403 θανάτους
1769 5339 2081 5406 ἀποθανεῖν,

499 5431 567 5500 τῇ
590 5425 786 5500 γνώμῃ
809 5428 968 5481 τοῦτο
992 5429 1322 5501 πεποίηκας.
1358 5430 1469 5487 Καὶ
1506 5431 1568 5483 τὸ
1598 5429 1666 5501 δὴ
1700 5430 1977 5501 μέγιστον,
2015 5432 2085 5488 τά

558 5542 585 5570 ³
610 5539 720 5599 Duo
734 5551 850 5586 mss.
873 5539 969 5586 τῶν
989 5540 1185 5599 ἀγώνων
1207 5540 1476 5598 διελθόντες.

556 5600 587 5671 13
608 5598 743 5671 lgem
765 5600 1012 5671 θαυμάζειν
1032 5598 1119 5657 τὴν
1137 5601 1274 5671 ἰσχύν
1293 5605 1388 5671 τῶν
1416 5602 1669 5671 μετιόντων
1801 5606 1988 5671 ἀρετήν.

562 5665 588 5728 ε
625 5662 731 5710 [)uo
750 5660 865 5709 mss;
891 5660 1102 5728 τέρματα
1136 5660 1373 5723 κατέμαθε
1413 5660 1513 5721 τῆς.
1542 5663 1670 5714 Infra
1695 5660 1847 5715 iidem‘
1864 5660 1944 5719 καί
1974 5669 2085 5728 τούς

494 5722 594 5777 ἀπὸ
624 5728 709 5782 τῆς
728 5721 1153 5784 ταπεινοφροσύνης
1178 5721 1330 5787 σαυτῇ
1358 5727 1634 5789 περιέθηκας
1655 5729 1926 5792 στεφάνους.

1186 279 1247 337 S.
1287 275 1571 337 JOANNIS
1608 268 2107 334 CHRYSOSTOMI
2145 272 2468 333 ARCHIEP.
2506 257 3061 332 CONSTANTINOP.

3665 279 3778 338 ϐίη

2201 389 2302 461 μὲν
2335 389 2649 461 πάσχουσα,
2689 390 2759 445 τά
2801 390 2860 445 δὲ
2911 388 3203 444 πείσεσθαι
3239 389 3632 461 προσδοκῶσα,
3676 396 3778 450 οὐκ

2192 479 2416 533 επαύσω
2459 480 2539 550 τῷ
2589 480 2960 552 συγχωροῦντι
3007 479 3128 551 Θεῷ
3178 479 3355 535 ταῦτα
3393 481 3639 551 γίνεσθαι
3678 484 3779 559 τὴν

2193 571 2334 643 ὑπὲρ
2355 572 2537 628 αὐτῶν
2570 573 2919 647 ἀναφέρουσα
2952 572 3282 643 δοξολογίαν,
3312 575 3407 629 καὶ
3438 576 3662 648 καιρίαν
3698 579 3778 651 τῷ

2189 662 2422 735 διαϐόλῳ
2459 664 2680 720 διδοῦσα
2715 666 2951 738 πληγήν.
2978 665 3105 722 Ὅτι
3135 664 3245 738 γὰρ
3273 667 3370 721 καὶ
3410 668 3633 740 καιρίαν
3662 669 3776 725 ἐδέ-

2191 754 2338 822 ξατο,
2373 754 2543 822 ἔδειξε
2575 757 2642 810 δι’
2670 750 2746 812 ῶν
2781 758 3044 829 μειζόνως
3078 757 3318 830 προσιὼν
3356 758 3661 826 ὡπλίζετοο
3696 762 3773 817 διὸ

2191 845 2288 898 καὶ
2333 843 2693 917 χαλεπώτερα
2750 845 2821 902 τά
2864 846 3066 919 ὕστερα
3111 847 3222 901 τῶν
3280 848 3516 919 πρώτων
3560 850 3767 919 γέγονε.

2190 935 2462 1009 Καθάπερ
2487 936 2597 1009 γὰρ
2624 937 2885 1009 σκορπίος
2914 938 2948 1009 ἢ
2976 937 3121 1008 ὄφις,
3143 939 3272 993 ὅταν
3304 939 3613 1013 βαθυτέραν
3637 942 3771 1015 λάϐῃ

2192 1028 2429 1101 πληγὴν,
2469 1028 2731 1101 μειζόνως
2777 1030 2838 1085 τὸ
2882 1031 3111 1101 κέντρον
3145 1032 3286 1103 ἄρας
3331 1033 3475 1087 κατά
3504 1032 3601 1086 106
3635 1034 3772 1106 πλη-

2191 1120 2379 1186 ξαντος
2399 1122 2765 1189 ἐξανίσταται,
2798 1124 2898 1196 τῆς
2938 1124 3138 1197 πολλῆς
3175 1125 3469 1197 ἀλγηδόνος
3501 1126 3773 1193 ἀπόδειξιν

2192 1217 2452 1287 παρέχων
2504 1218 2605 1290 τὴν
2653 1218 2920 1292 ραγδαίαν
2960 1218 3101 1273 κατά
3135 1217 3231 1272 106
3268 1220 3521 1284 παίοντος
3556 1220 3769 1292 ῥύμην·

2190 1308 2334 1363 οὕτω
2380 1310 2445 1383 δὴ
2477 1314 2572 1368 καὶ
2614 1312 2677 1366 τὸ
2718 1312 3076 1384 ἀναίσχυντον
3106 1312 3294 1385 θηρίον
3344 1313 3541 1380 ἐκεῖνο,
3583 1316 3772 1389 ἐπειδὴ

2189 1401 2261 1454 τὰ
2286 1402 2578 1474 τραύματα
2604 1405 2687 1468 εἰς
2718 1403 2881 1475 βάθος
2905 1404 3124 1472 ἐδέξατο
3149 1405 3301 1477 παρά
3333 1404 3433 1477 τῆς
3463 1405 3772 1477 θαυμασίας

2191 1511 2287 1548 σου
2335 1494 2432 1549 καὶ
2479 1496 2690 1568 ὑψηλῆς
2743 1496 2957 1567 ψυχῆς,
2994 1496 3256 1567 μειζόνως
3308 1498 3641 1571 ἐπεπήδησε,
3676 1503 3775 1557 καὶ

2191 1581 2411 1645 πλείους
2455 1584 2706 1656 ἐπήγαγε
2756 1585 3121 1657 πειρασμούς.
3176 1586 3459 1658 Ἐπήγαγε
3524 1589 3626 1659 μὲν
3663 1592 3773 1664 γάρ

2190 1675 2419 1738 ἐκεῖνος,
2449 1677 2548 1747 οὐχ
2577 1677 2607 1729 0
2640 1676 2800 1740 Θεόςο
2845 1677 3195 1749 συνεχώρησε
3227 1678 3285 1733 δέ
3326 1681 3355 1732 0
3393 1679 3548 1745 Θεὸς,
3592 1682 3770 1748 αὔξων

2191 1782 2288 1820 σου
2306 1766 2398 1820 τὸν
2421 1766 2669 1831 πλοῦτον,
2695 1768 2917 1838 μείζονα
2939 1768 3108 1823 ποιῶν
3122 1770 3223 1842 τὴν
3239 1772 3526 1842 ἐμπορίαν,
3552 1773 3767 1830 πλείονα

2189 1858 2249 1912 δέ
2271 1859 2549 1932 προξενῶν
2567 1860 2660 1915 τὸν
2689 1861 2901 1932 μισθὸν,
2929 1861 3321 1934 δαψιλεστέραν
3351 1865 3449 1937 τὴν
3476 1868 3765 1924 ἀντίδοσιν.

2188 1951 2282 2023 Μὴ
2310 1952 2494 2006 τοίνυν
2541 1952 2809 2025 ταράττου
2831 1993 2847 2018 ,
2883 1954 3018 2025 μηδέ
3059 1954 3312 2027 θορυϐοῦ.
3356 1958 3454 2022 Τίς
3484 1959 3596 2032 γάρ
3639 1978 3770 2015 ποτε

2189 2039 2365 2111 ἔκαμε
2394 2040 2677 2107 πλουτῶν;
2712 2042 2795 2106 τίς
2831 2042 3098 2115 συνεχύθη
3135 2046 3232 2098 ἐπὶ
3257 2045 3356 2110 τάς
3384 2048 3771 2118 ύιιιηλοιιτάτας(1

2190 2131 2488 2209 ἐρχόμενος
2520 2132 2730 2204 ἀρχάς;
2765 2133 2910 2187 Εἰδέ
2930 2136 2981 2187 οἰ
3012 2133 3082 2188 τὰ
3103 2135 3419 2209 ἀνθρώπινα
3443 2139 3616 2195 ταῦτα
3645 2157 3772 2195 ow-

2191 2222 2444 2292 άγρντες,
2483 2223 2553 2277 τά
2583 2224 2824 2297 ἐπίκηρα
2874 2226 2968 2278 καὶ
3025 2220 3184 2290 arma;
3234 2226 3634 2302 ἀδρανέστερα,
3674 2232 3777 2287 καὶ

2189 2314 2369 2368 ἀνθῶν
2393 2313 2544 2387 [584]
2578 2315 2908 2387 σηπομένων
2948 2316 3149 2387 μᾶλλον
3187 2320 3580 2390 μαραινόμενα,
3611 2339 3777 2397 σκιρ-

2188 2406 2347 2469 τῶσι,
2372 2406 2682 2478 χορεύουσι,
2716 2407 2972 2462 πέτονται
3003 2406 3108 2462 ὑπὸ
3138 2408 3240 2479 τῆς
3272 2409 3486 2485 ἡδονῆς,
3508 2413 3606 2484 τῆς
3631 2412 3773 2483 ὁμοῦ

2189 2514 2244 2550 τε
2267 2498 2603 2569 φαινομένης
2632 2498 2728 2552 καὶ
2758 2499 3165 2572 ἀφιπταμένης,
3204 2502 3301 2555 καὶ
3333 2503 3614 2574 ποταμίων
3643 2507 3774 2577 ῥευ-

2192 2590 2378 2661 μάτων
2441 2590 2788 2663 μιμουμένης
2835 2590 3035 2665 δρόμον
3059 2608 3074 2624 °
3110 2592 3291 2663 πολλῷ
3333 2593 3537 2664 μᾶλλον
3584 2596 3644 2648 σέ
3689 2596 3775 2650 δί-

2189 2699 2366 2745 καιον,
2394 2682 2487 2735 καὶ
2522 2683 2572 2735 εἰ
2599 2680 2864 2753 πρότερον
2887 2677 2956 2753 ἧς
2993 2683 3054 2737 ἐν
3086 2682 3367 2755 ἀθυμίαις,
3400 2685 3494 2739 τὸν
3531 2686 3778 2758 παρόντα

2189 2772 2381 2844 καιρὸν
2404 2770 2668 2844 εὐθυμίας
2698 2773 2963 2845 μεγίστης
2991 2776 3322 2848 ποιήσασθαι
3348 2778 3643 2849 πρόφασιν.
3661 2780 3778 2833 Καὶ

2188 2861 2298 2934 γὰρ
2341 2864 2370 2915 0
2408 2862 2683 2935 θησαυρός
2723 2879 2818 2916 σου
2875 2862 2936 2918 ὃν
2966 2866 3294 2936 συνήγαγες,
3322 2866 3552 2931 ἄσυλος·
3587 2869 3684 2921 καὶ
3708 2870 3774 2923 10

2186 2954 2429 3025 ἀξίωμα,
2448 2953 2513 3009 τό
2538 2954 2630 3008 διὰ
2661 2954 2770 3009 τῶν
2816 2955 3160 3026 παθημάτων
3191 2974 3273 3012 σοι
3306 2958 3510 3013 τούτων
3540 2977 3780 3031 συγκρο-

2186 3044 2373 3115 τηθέν,
2399 3043 2651 3116 διαδοχὴν
2682 3046 2784 3098 οὐκ
2814 3040 2976 3111 οἶδεν,
3008 3046 3131 3100 οὐδέ
3166 3048 3425 3119 ἀναμένει
3452 3048 3624 3115 τέλος,
3654 3051 3777 3105 ἀλλ’

2189 3137 2338 3191 ἐστιν
2367 3136 2698 3209 ἀπέραντον,
2718 3138 2777 3190 οὐ
2807 3137 3064 3210 δυσκολίᾳ
3089 3138 3321 3209 καιρῶν,
3340 3141 3443 3193 οὐκ
3468 3140 3779 3212 ἀνθρώπων

2188 3231 2523 3296 ἐπιϐουλαῖς,
2553 3231 2616 3285 οὐ
2636 3230 2905 3302 δαιμόνων
2938 3231 3168 3301 ἐφόδοις,
3195 3234 3296 3287 οὐκ
3321 3234 3457 3305 αὐτῇ
3491 3234 3780 3290 διακοπτό-

2191 3342 2350 3398 μενον
2376 3327 2444 3396 τῇ
2482 3324 2732 3395 τελευτῇ.
2760 3325 2822 3378 Εἰ
2841 3323 2899 3376 δὲ
2934 3323 3115 3395 βούλει
3142 3325 3238 3379 καὶ
3277 3325 3516 3398 θρηνεῖν,
3538 3328 3668 3392 106;
3704 3329 3779 3382 τά

2184 3417 2412 3471 τοιαῦτα
2430 3415 2832 3488 ἐργαζομένους
2854 3415 3063 3488 θρήνει,
3078 3417 3207 3480 τοὺς
3226 3417 3335 3474 τῶν
3362 3417 3548 3472 κακῶν
3566 3419 3780 3475 τούτων

2187 3509 2474 3575 αὐθέντας,
2504 3510 2632 3573 τοὺς
2663 3508 2968 3579 ὑπηρέτας,
2995 3508 3046 3562 οἳ
3092 3510 3187 3564 καὶ
3219 3513 3300 3575 είς
3339 3512 3401 3565 10
3443 3510 3638 3582 μέλλον
3670 3530 3782 3582 με·

2186 3602 2382 3673 γίστην
2413 3599 2784 3671 ἐθησαύρισαν
2826 3601 3043 3665 ἐαυτοῖς
3078 3603 3367 3675 τιμωρίαν,
3405 3605 3501 3658 καὶ
3536 3606 3783 3661 ἐνταῦθα

2184 3695 2342 3764 δίκην
2369 3693 2558 3747 έδοσαν
2583 3692 2683 3764 ἤδη
2711 3692 2812 3764 τὴν
2841 3692 3101 3765 ἐσχάτην,
3127 3695 3396 3750 τοσούτων
3426 3698 3782 3767 ἀποστρεφο-

2189 3783 2368 3855 μένων
2389 3780 2610 3844 αὐτούς,
2644 3780 2742 3834 καὶ
2774 3779 3068 3851 πολεμίους
3100 3783 3439 3854 ἡγουμένων,
3473 3786 3781 3857 ἐπαρωμέ-

2185 3892 2313 3940 νων,
2339 3873 2831 3939 καταδικαζόντων.
2857 3874 2922 3928 Εί
2952 3874 3010 3928 δὲ
3038 3876 3140 3929 οὐκ
3163 3875 3509 3931 αἰσθάνονται
3540 3877 3780 3946 τούτων,

2187 3969 2284 4022 καὶ
2305 3967 2393 4022 διά
2418 3967 2578 4022 τοῦτο
2624 3966 2861 4038 μάλιστά
2906 3970 3044 4022 εἰσιν
3082 3968 3340 4033 ἐλεεινοί,
3379 3970 3475 4022 καὶ
3515 3970 3784 4041 δακρύων

2186 4060 2351 4125 ἄξιοι,
2379 4060 2634 4133 καθάπερ
2654 4062 2706 4115 οἰ
2738 4060 3003 4132 φρενίτιδι
3030 4062 3386 4132 κατεχόμενοι
3404 4064 3565 4133 νόσῳ,
3585 4062 3785 4118 λακτίι

2189 4152 2375 4217 ζοντες
2406 4152 2506 4224 μὲν
2538 4152 2633 4206 καὶ
2674 4152 2928 4216 παίοντες
2962 4152 3088 4216 τοὺς
3133 4152 3491 4218 ἀπαντῶντας
3518 4154 3642 4224 εἰκῆ
3671 4156 3784 4211 καὶ

2190 4243 2389 4315 μάτην,
2422 4242 2682 4307 πολλάκις
2710 4242 2768 4297 δὲ
2810 4243 2906 4297 καὶ
2934 4245 3064 4307 106;
3088 4244 3527 4317 εὐηργετηκότας
3552 4245 3649 4300 καὶ⁵
3678 4247 3773 4316 φί-

2186 4330 2334 4397 λους,
2369 4332 2471 4386 οὐκ
2503 4330 2963 4403 αἰσθανόμενοιδέ
2987 4332 3090 4403 τῆς
3121 4333 3342 4404 μανίας,
3368 4329 3439 4407 ἧς
3462 4336 3781 4407 μαίνονται.

2184 4420 2277 4474 Διὸ
2297 4420 2393 4475 καὶ
2428 4419 2624 4474 ἀνίατα
2651 4418 2900 4474 νοσοῦσιν
2918 4459 2935 4485 ,
2965 4420 3093 4473 οὐτε
3146 4421 3365 4493 ἰατροὺς
3398 4420 3783 4494 προσιέμενοι,

2186 4508 2311 4563 οὐτε
2348 4508 2659 4581 φαρμάκων
2688 4509 3044 4580 ἀνεχόμενοι,
3092 4510 3229 4566 ἀλλά
3277 4512 3373 4566 καὶ
3419 4512 3546 4576 τοὺς
3600 4513 3785 4586 θερα-

2187 4600 2377 4656 πεύειν
2428 4601 2525 4655 καὶ
2569 4602 2882 4672 εὐεργετεῖν
2927 4602 3288 4675 βουλομένους
3337 4605 3450 4668 τοῖς
3504 4605 3787 4670 ἐναντίοις

2185 4694 2562 4766 ἀμειϐόμενοι.
2591 4694 2756 4748 ’Ὥστε
2798 4696 2895 4751 καί¹
2934 4696 3023 4750 διά
3051 4695 3211 4750 10610
3239 4695 3479 4761 ἐλεεινοὶ,
3505 4696 3560 4750 εί
3587 4714 3653 4766 γε
3698 4698 3787 4770 μὴ

2184 4787 2531 4842 αἰσθάνονται
2561 4787 2661 4860 τῆς
2700 4787 2966 4860 τοσαύτης
2993 4788 3275 4861 πονηρίας.
3297 4790 3361 4843 Εἰ
3403 4788 3461 4843 δὲ
3492 4790 3589 4843 καὶ
3630 4789 3787 4861 πρὸς

2184 4880 2284 4954 τὴν
2309 4881 2510 4954 ἐτέρων
2551 4880 2896 4951 κατάγνωσιν
2940 4881 3043 4935 οὐκ
3073 4880 3523 4955 ἐπιστρέφονται,
3552 4880 3653 4933 τοῦ
3696 4883 3787 4934 οι-

2188 4973 2335 5029 κείου
2361 4973 2663 5039 συνειδότος
2685 4973 2777 5027 τὸν
2798 4971 3019 5042 ἔλεγχον
3046 4972 3329 5044 ἀμήχανον
3352 4973 3552 5035 αὐτοὺς
3578 4971 3787 5041 διαφυ-

2186 5069 2324 5133 γεῖν,
2344 5066 2435 5120 τὸν
2460 5065 2721 5135 ἄφυκτον,
2745 5065 2838 5119 τὸν
2863 5064 3180 5130 ἀδέκαστον,
3197 5064 3289 5119 τὸν
3312 5063 3487 5119 οὐδενὶ
3505 5075 3530 5103 ο
3548 5066 3787 5119 εἴκοντα

2185 5156 2356 5226 φόϐῳ,
2386 5156 2479 5211 τὸν
2518 5158 2579 5210 οὐ
2620 5157 2893 5229 κολακείᾳ,
2921 5157 2983 5210 οὐ
3020 5157 3315 5228 χρημάτων
3346 5157 3493 5211 δόσει
3521 5157 3789 5226 διαφθεμ-

2188 5245 2434 5320 ρόμενον,
2467 5249 2528 5301 οὐ
2557 5248 2735 5320 χρόνῳ
2768 5248 2964 5320 μακρῷ
2988 5248 3405 5319 μαραινόμενον.

2257 5334 2323 5407 β’.
2340 5335 2398 5388 'U
2423 5336 2533 5407 γὰρ
2549 5335 2643 5389 106
2670 5335 2862 5391 Ἰακὼϐ
2883 5336 3019 5401 υίὸς,
3035 5339 3063 5391 ό
3079 5336 3213 5409 πρὸς
3227 5337 3319 5390 τὸν
3340 5334 3550 5408 πατέρα
3570 5334 3782 5403 εἰπὼν,

2183 5427 2265 5481 δτι
2286 5426 2473 5499 θηρίον
2499 5428 2734 5500 πονηρὸν
2761 5429 3036 5499 κατέφαγε
3066 5430 3157 5484 τὸν
3189 5430 3408 5501 Ἰωσὴφ,
3444 5430 3540 5483 καὶ
3566 5430 3629 5483 τὸ
3664 5447 3783 5484 πο-

2180 5518 2350 5590 νηρὸν
2390 5519 2566 5571 ἐκεῖνο
2605 5519 3042 5592 ὑποκρινάμενος
3079 5519 3292 5592 δρᾶμα,
3341 5521 3434 5576 καὶ
3475 5518 3553 5590 τῷ
3591 5537 3787 5591 προσ-

2246 5609 2272 5650 ά
2298 5608 2450 5675 [idem
2467 5611 2775 5675 ὑψηλοτέρας.

2251 5670 2422 5740 εγΤτβε
2445 5668 2576 5740 Δφειδ.
2602 5668 2689 5720 τὸν
2725 5675 2951 5740 ᾀφυκτον,
2971 5675 3053 5725 τὸν
3089 5675 3372 5738 ἀδέκαστον,
3392 5674 3473 5723 τὸν
3500 5668 3672 5722 οὐθενί.
3713 5672 3783 5723 ιιι

2191 5733 2311 5785 edit.
2332 5733 2413 5782 τὸν
2434 5734 2696 5784 ἀδέκαστον
2718 5733 2879 5787 déeot.
2941 5733 2948 5737 ⁷
3360 5733 3369 5738 ⁷
3492 5740 3497 5743 ⁷
