4058 6218
349 229 440 290 60'
1863 250 1939 307 EF

2049 250 2232 310 θυῖε.

345 359 512 424 cidit,
558 357 653 414 sed
679 360 840 416 etiam
886 360 1022 433 ipsa,
1055 376 1124 418 ne
1171 362 1224 419 id
1269 363 1387 420 aliis
1429 365 1609 421 multis
1647 364 1930 430 accideret,

351 448 695 520 prohibuisti.
759 452 934 522 Atque
982 452 1058 507 illi
1102 467 1206 508 non
1253 455 1410 524 longe
1463 455 1517 510 iu
1560 455 1940 511 certaminibus

348 540 643 611 progressi,
673 556 858 596 verum
888 542 940 596 in
981 543 1110 613 ipsis
1138 544 1428 615 prteludiis,
1456 545 1711 617 ipsisque,
1735 576 1738 579 -
1762 554 1820 600 ut
1863 545 1936 601 ita

347 633 547 698 dicam,
580 634 886 690 carceribus
912 636 1250 705 prosilientes
1271 637 1464 708 deiecti
1491 646 1615 693 sunt
1640 655 1654 692 :
1683 646 1739 693 tu
1764 648 1941 693 autem

349 736 646 781 extremam
692 738 890 783 metam
919 729 1216 786 sexcenties
1258 731 1598 798 circumiens,
1639 731 1692 786 in
1719 731 1942 801 singulis

349 816 598 872 cursibus
625 817 852 887 palmam
880 819 1171 890 arripuisti,
1203 821 1384 877 multis
1407 822 1673 893 variisque
1689 823 1942 878 certami-

349 923 479 962 num
511 909 796 979 geueribus
823 909 1010 978 editis;
1040 920 1095 968 et
1118 914 1313 969 merito
1327 915 1566 986 quidem.
1591 913 1775 985 Neque
1797 918 1941 970 enim

348 999 406 1053 in
436 1008 615 1063 :etate,
646 1015 746 1055 nec
765 1002 820 1054 in
849 1017 1096 1073 corpore,
1133 1004 1228 1060 sed
1255 1005 1309 1060 in
1333 1007 1513 1062 animo
1535 1006 1651 1062 solo
1677 1013 1733 1062 et
1754 1006 1944 1061 volun-

348 1099 462 1145 tate
491 1091 1002 1149 virtutiscertamina
1049 1096 1336 1152 constituta
1377 1107 1520 1154 sunt.
1553 1097 1642 1153 Sic
1678 1106 1734 1153 et
1785 1097 1941 1152 femi-

349 1197 438 1237 na:
457 1198 712 1239 coronam
743 1186 1120 1254 obtinuerunt,
1155 1197 1209 1243 et
1239 1191 1338 1244 viri
1379 1190 1631 1260 prostrati
1657 1197 1784 1246 sunt
1825 1206 1838 1244 :
1866 1191 1943 1244 sic

350 1283 409 1329 et
461 1276 612 1345 pueri
659 1276 910 1332 celebrati
963 1290 1108 1346 sunt,
1163 1288 1218 1335 ct
1243 1295 1402 1336 senes
1429 1281 1633 1352 pudore
1674 1289 1833 1350 atque
1867 1280 1944 1350 ig-

353 1365 589 1420 nominia
631 1365 838 1423 suﬂ‘usi.
888 1367 1111 1439 Semper
1138 1371 1353 1441 quidem
1405 1370 1656 1426 admirari
1707 1385 1803 1441 par
1861 1379 1946 1425 est

354 1471 447 1512 eos
498 1458 589 1528 qui
638 1460 846 1514 virtutis
899 1461 1136 1516 studium
1189 1471 1598 1529 consectantur,
1651 1470 1764 1517 tum
1815 1476 1944 1517 vero

355 1550 624 1621 prmcipue
644 1592 660 1616 ,
689 1567 810 1607 cum
854 1554 1034 1609 multis
1059 1569 1175 1609 eam
1203 1553 1575 1611 deserentibus
1627 1553 1840 1625 quidam
1865 1569 1952 1611 re-

355 1641 635 1710 periuntur
685 1643 773 1712 qui
821 1658 938 1700 eam
983 1645 1426 1716 complectantur.
1479 1646 1592 1701 Hoc
1635 1646 1794 1716 igitur
1840 1659 1946 1702 no-

354 1732 501 1786 mine
550 1743 602 1787 te
630 1748 841 1804 quoque
869 1749 1211 1807 summopere
1249 1737 1503 1791 admirari
1555 1751 1617 1791 ac
1674 1736 1941 1806 suspicere

353 1825 629 1890 convenit,
659 1825 800 1896 quod
828 1841 949 1881 cum
973 1836 1050 1883 tot
1087 1829 1207 1894 viri,
1259 1836 1337 1884 tot
1364 1827 1594 1892 feminae,
1650 1835 1729 1882 tot
1763 1841 1942 1892 senes,

354 1914 445 1984 qui
496 1916 724 1971 maxima
768 1918 978 1973 virtutis
1031 1919 1424 1975 existimatione
1467 1918 1768 1984 ﬂorebant,
1837 1928 1942 1974 ter-

353 2019 421 2073 ga
461 2007 755 2072 verterint,
801 2018 962 2079 atque
1013 2021 1140 2066 ante
1179 2011 1420 2066 omnium
1458 2009 1642 2066 oculos
1692 2009 1942 2080 prostrati

349 2094 588 2164 iaceant,
614 2113 718 2153 non
749 2113 812 2154 ex
842 2100 1038 2171 ingenti
1070 2100 1194 2156 belli
1220 2102 1439 2173 impetu,
1469 2110 1562 2156 aut
1579 2102 1688 2156 acri
1711 2101 1943 2156 hostium

355 2191 610 2245 conﬂictu
629 2233 642 2255 ,
671 2191 765 2248 sed
808 2201 933 2248 ante
956 2209 1182 2265 pugnam
1209 2194 1477 2265 prolapsi,
1503 2203 1627 2248 ante
1647 2193 1946 2248 dimicatio-

361 2299 487 2338 nem
516 2286 640 2339 victi
669 2301 733 2340 ac
762 2287 1056 2358 proﬂigati;
1084 2298 1139 2343 tu
1171 2297 1358 2343 contra
1382 2297 1504 2358 post
1543 2296 1618 2344 tot
1646 2301 1848 2358 pugnas
1890 2294 1946 2341 et

357 2375 641 2431 conﬂictus
672 2391 778 2432 non
825 2378 988 2433 modo
1036 2379 1297 2433 malorum
1349 2379 1561 2448 agmine
1610 2377 1776 2432 fracta
1825 2391 1947 2431 con-

356 2468 606 2537 fectaque
643 2484 747 2523 non
798 2484 893 2536 es,
947 2470 1041 2525 sed
1095 2470 1256 2526 etiam
1310 2469 1566 2540 majorem
1612 2469 1738 2525 inde
1781 2468 1945 2524 animi

357 2561 595 2630 vigorem
616 2561 899 2634 collegisti,
919 2577 982 2618 ac
1005 2564 1358 2619 certaminum
1379 2564 1766 2619 incrementum
1788 2562 1946 2617 robo-

359 2651 435 2705 ris
481 2653 846 2708 accessionem
899 2652 991 2708 tibi
1033 2651 1209 2708 aﬂ'ert.
1250 2653 1460 2708 Etenim
1511 2668 1689 2708 rerum
1738 2667 1942 2717 earum,

357 2760 494 2815 quas
517 2744 628 2814 iam
657 2761 777 2801 cum
806 2746 964 2802 laude
986 2747 1224 2815 gessisti,
1259 2746 1572 2802 memoriam
1614 2733 1728 2800 tum.
1746 2745 1946 2802 laetitia:

355 2852 423 2892 ac
452 2838 760 2908 voluptatis,
790 2848 900 2894 tum
929 2839 1147 2908 majoris
1169 2839 1460 2894 alacritatis
1483 2853 1664 2894 ansam
1691 2838 1785 2893 tibi
1815 2853 1946 2909 sup-

358 2928 579 2998 peditat.
622 2931 700 2984 Ac
743 2930 968 3000 proinde
1003 2930 1321 3001 gaudemus,
1365 2931 1668 2996 exsilimus,
1695 2939 1750 2986 et
1793 2931 1946 2985 laeta-

353 3037 482 3077 inur
514 3039 526 3074 :
559 3037 732 3094 neque
757 3024 900 3080 enim
932 3024 1034 3080 hoc
1054 3024 1282 3082 subinde
1309 3033 1570 3094 repetere,
1618 3034 1778 3094 atque
1823 3022 1946 3078 ubi-

353 3130 462 3186 que
487 3115 666 3185 gaudii
689 3116 794 3172 mei
834 3118 1113 3174 materiam
1139 3115 1482 3172 circumferre
1507 3114 1770 3172 desinam.
1802 3113 1947 3182 Quo-

353 3207 500 3262 circa
524 3207 570 3261 si
613 3207 853 3264 absentia
892 3216 1075 3264 nostra
1106 3216 1158 3264 te
1195 3208 1358 3278 angit,
1403 3217 1458 3263 at
1482 3207 1709 3262 maxima
1741 3207 1833 3262 tibi
1879 3222 1947 3262 ex

354 3300 458 3365 iis,
488 3315 610 3370 qua:
637 3315 760 3356 cum
799 3299 994 3356 virtute
1027 3301 1276 3372 gessisti,
1335 3301 1630 3355 consolatio
1671 3297 1942 3368 suppetit:

352 3392 786 3464 quandoquidem
814 3407 913 3449 nos
941 3408 1174 3463 quoque,
1230 3400 1377 3448 tanto
1407 3391 1615 3446 itineris
1659 3389 1945 3445 intervallo

352 3500 382 3538 a
409 3494 462 3540 te
489 3484 763 3554 disiuncti,
793 3500 898 3539 non
926 3499 1141 3554 parvam
1172 3483 1314 3549 hinc,
1341 3482 1442 3538 hoc
1467 3490 1551 3538 est
1575 3497 1643 3538 ex
1667 3491 1754 3537 tua
1783 3480 1946 3535 animi

353 3575 741 3645 magnitudine,
768 3575 1178 3630 delectationem
1206 3574 1466 3645 capimus.

467 3667 548 3722 Ad
588 3668 814 3722 eamdem
843 3667 1056 3739 epistola
1092 3665 1222 3721 VII.
1248 3666 1489 3740 (Cucuso
1515 3681 1655 3721 anno
1675 3666 1836 3736 405.)

431 3758 484 3813 ι.
525 3757 658 3825 Quid
682 3757 796 3812 ais?
819 3758 1098 3827 Tropaeum
1120 3772 1228 3812 non
1251 3757 1486 3822 erexisti,
1513 3771 1610 3812 nec
1634 3756 1944 3826 praclaram

356 3847 630 3902 victoriam
661 3847 960 3914 obtinuisti,
990 3863 1090 3904 nec
1114 3858 1369 3919 perpetuo
1396 3849 1656 3904 virentem
1689 3863 1942 3903 coronam

348 3941 548 4010 adepta
575 3942 674 3996 es?
699 3943 892 3996 Annon
921 3941 1036 3998 haec
1061 3942 1206 3998 orbis
1251 3943 1532 3997 universus
1557 3941 1810 4010 afﬁrmat,
1852 3944 1942 4013 qui

350 4030 552 4100 ubique
580 4040 838 4088 terrarum
867 4042 953 4087 tua
983 4040 1127 4088 recte
1163 4032 1299 4088 facta
1315 4033 1594 4088 decantat?
1613 4033 1940 4103 Quamquam

347 4122 500 4177 enim
526 4133 580 4176 et
605 4123 886 4191 palaestrae,
916 4131 971 4178 et
996 4123 1286 4178 certamina
1313 4123 1366 4177 in
1396 4138 1504 4178 uno
1533 4124 1652 4178 loco
1669 4125 1767 4178 sita
1792 4133 1938 4191 sunt,

341 4222 410 4268 et
427 4228 674 4268 cursuum
699 4224 908 4270 tuorum
925 4216 1115 4285 spatia,
1143 4224 1196 4271 et
1214 4217 1637 4271 concertationes
1659 4225 1782 4282 tuae,
1812 4231 1908 4271 san
1927 4249 1941 4260 -

342 4306 535 4376 guine,
568 4322 670 4361 non
694 4307 894 4362 sudore
915 4306 1144 4373 refertae,
1172 4307 1283 4362 illic
1309 4307 1658 4362 exstiterunt:
1687 4318 1741 4362 at
1756 4323 1938 4362 earum

346 4407 533 4452 tamen
558 4413 735 4452 rerum
776 4397 943 4468 gloria
969 4406 1023 4452 et
1048 4397 1438 4452 commendatio
1467 4407 1736 4453 extremos
1782 4406 1938 4452 terrae

344 4488 490 4542 lines
517 4489 816 4558 occupavit.
847 4489 924 4542 Tu
965 4503 1168 4544 veroea
1191 4489 1426 4544 auctiora
1456 4489 1702 4555 reddere,
1728 4503 1791 4544 ac
1822 4489 1938 4557 pal-

344 4593 469 4632 mas
493 4580 817 4649 ampliﬁcare
835 4581 1076 4645 studens,
1095 4595 1432 4650 easquoque,
1459 4596 1591 4650 quas
1615 4581 1777 4636 animi
1807 4582 1936 4636 sub-

342 4669 536 4724 missio
558 4672 713 4740 parit.
742 4684 969 4726 coronas
997 4671 1126 4740 ipsis
1154 4671 1462 4741 adiunxisti,
1493 4672 1620 4726 dum
1650 4679 1702 4728 te
1733 4681 1934 4726 tantum

337 4761 420 4815 ab
464 4761 610 4817 hisce
654 4763 870 4834 ιτορωὶε
912 4762 1102 4818 abesse
1128 4763 1352 4828 asseris,
1383 4774 1637 4833 quantum
1683 4765 1875 4820 mortui
1905 4781 1934 4818 a

339 4853 488 4909 vivis
516 4855 702 4910 remoti
721 4863 867 4911 sunt.
892 4854 1024 4911 Nam
1049 4856 1192 4926 quod
1215 4855 1328 4911 haec
1350 4856 1508 4910 verba
1526 4856 1592 4911 ab
1611 4857 1773 4910 animi
1799 4856 1925 4910 sub-

336 4943 603 5000 missione
630 4945 867 5015 profecta
897 4947 1024 5012 sint,
1055 4960 1122 5001 ex
1147 4946 1212 5002 iis
1239 4946 1366 5016 ipsis
1389 4947 1564 5014 potius
1593 4962 1711 5016 qua:
1755 4947 1926 5001 couti-

335 5045 563 5106 gerunt,
597 5037 812 5105 planum
859 5035 1038 5093 facere
1065 5036 1320 5094 conabor.
1347 5037 1521 5092 Patria
1551 5037 1702 5106 pulsa
1733 5026 1811 5103 es,
1837 5037 1934 5091 do-

331 5140 456 5189 mo,
486 5128 690 5196 amicis,
732 5127 1006 5198 cognatis;
1039 5129 1092 5183 in
1133 5127 1376 5183 exsilium
1418 5127 1580 5183 missa
1603 5143 1699 5193 es;
1747 5129 1934 5197 quovis

325 5221 431 5275 dic
452 5223 586 5276 mori
613 5236 717 5276 non
739 5221 963 5286 desiisti,
991 5231 1148 5291 atque
1163 5221 1300 5291 quod
1323 5231 1524 5275 naturrc
1543 5221 1727 5276 deerat
1747 5222 1931 5275 Volun-

332 5311 470 5365 tatis
497 5322 552 5368 et
585 5314 747 5367 animi
798 5312 1144 5382 amplitudine
1173 5311 1501 5381 supplevisti.
1531 5311 1663 5366 Nam
1691 5314 1810 5381 quTa
1836 5311 1928 5366 ﬁe-

329 5405 383 5458 ri
422 5403 621 5472 nequit,
655 5414 710 5457 ut
735 5402 896 5458 homo
920 5403 1096 5474 reipsa
1127 5403 1319 5456 multas
1339 5411 1537 5457 mortes
1551 5411 1787 5471 oppetat,
1817 5403 1933 5458 ani-

331 5507 437 5549 mo
463 5508 526 5547 ac
558 5494 830 5549 voluntate
875 5493 976 5549 hoc
996 5492 1186 5548 fecisti.
1219 5493 1285 5548 Et
1309 5492 1447 5563 quod
1488 5493 1775 5548 maximum
1804 5503 1887 5550 est
1907 5535 1924 5560 ,

331 5602 466 5639 eum
495 5585 594 5640 alia
627 5586 908 5655 perferres,
940 5585 1040 5639 alia
1066 5584 1175 5654 iam
1203 5585 1414 5657 iamque
1435 5594 1806 5656 exspectares,
1835 5585 1928 5641 Dei

327 5686 517 5734 satum
575 5679 727 5743 cuius
761 5678 1021 5752 permissu
1066 5679 1179 5734 hinc
1209 5678 1424 5749 ﬁebam,
1474 5679 1698 5752 gloriam
1743 5680 1814 5738 ob
1862 5694 1926 5736 ea

679 5792 946 5850 i'ATttOL.
994 5791 1112 5852 Gn.
1158 5790 1287 5856 LII.

3527 258 3636 316 σω.

2051 365 2360 435 praedicare,
2384 367 2702 439 letalemque
2717 367 2929 424 diabolo
2955 367 3160 439 plagam
3188 368 3385 426 inferre
3413 384 3520 426 non
3544 372 3638 426 de-

2050 456 2252 511 stitisti.
2284 456 2414 511 Nam
2433 458 2572 528 quod
2595 459 2752 514 letale
2772 458 2965 514 vulnus
2994 459 3278 530 acceperit,
3309 460 3432 516 hinc
3451 459 3637 516 decla-

2050 549 2206 615 ravit,
2236 549 2377 620 quod
2406 549 2696 620 maioribus
2722 558 2909 622 postea
2960 550 3124 604 armis
3175 564 3295 606 sese
3341 551 3636 607 instruxit:

2049 638 2189 694 unde
2209 639 2368 694 etiam
2395 641 2657 695 atrociora
2686 641 2949 710 prioribus
2994 643 3288 711 posteriora
3316 641 3455 697 facta
3483 651 3632 698 sunt.

2049 729 2506 797 Quemadmodum
2533 732 2676 786 enim
2706 732 2947 801 scorpius
2996 742 3050 787 et
3071 747 3291 801 serpens
3311 771 3329 800 ,
3378 747 3502 788 cum
3531 733 3636 790 alte

2049 820 2278 876 deﬁxum
2312 822 2504 877 vulnus
2527 834 2867 893 acceperunt,
2922 823 3130 878 sublato
3151 823 3307 878 altius
3325 824 3516 880 aculeo
3538 823 3642 879 ad-

2052 927 2242 968 versus
2261 929 2406 978 eum,
2424 929 2454 968 a
2475 930 2580 984 quo
2600 915 2836 985 percussi
2857 924 3001 982 sunt,
3025 915 3322 986 insurgunt,
3349 927 3442 985 per
3459 929 3638 971 acrem

2050 1003 2253 1059 scilicet
2278 1005 2331 1059 in
2363 1020 2742 1075 percussorem
2772 1006 3026 1074 impetum
3051 1007 3296 1061 acerrimi
3321 1006 3521 1061 doloris
3548 1021 3642 1061 ar-

2049 1104 2354 1164 gumentum
2372 1095 2686 1152 exhibentes
2714 1112 2727 1148 :
2761 1096 2950 1152 eodem
2976 1097 3135 1152 etiam
3166 1096 3330 1151 modo
3358 1095 3641 1168 impudens

2049 1184 2164 1239 haec
2189 1185 2384 1253 bellua,
2414 1186 2662 1256 quoniam
2689 1187 2756 1241 ab
2781 1185 3080 1241 admirabili
3111 1195 3164 1242 et
3193 1187 3410 1242 sublimi
3455 1187 3637 1243 anima

2051 1286 2138 1331 tua
2167 1275 2425 1347 profunda
2451 1279 2670 1333 vulnera
2701 1279 2886 1334 intimo
2926 1288 3141 1348 pectore
3182 1279 3417 1349 accepit,
3471 1279 3642 1334 vehe-

2052 1367 2368 1423 mentiorem
2399 1369 2452 1423 in
2483 1377 2533 1424 te
2559 1369 2813 1439 impetum
2843 1369 2985 1436 fecit,
3013 1385 3076 1424 ac
3105 1369 3286 1439 plures
3321 1369 3640 1425 tentatioues

2051 1459 2305 1514 admovit.
2338 1460 2548 1516 Etenim
2577 1477 2672 1516 eas
2701 1463 2787 1517 ille
2808 1461 3022 1532 quidem
3045 1461 3302 1529 admovit,
3326 1477 3435 1516 non
3464 1463 3638 1518 Deus:

2051 1550 2292 1618 permisit
2337 1563 2512 1606 autem
2572 1553 2736 1620 Deus,
2789 1563 2846 1607 ut
2875 1568 3006 1623 cpes
3045 1561 3162 1608 tuas
3213 1562 3462 1622 augeret,
3496 1568 3644 1624 qua:-

2051 1651 2295 1713 stumque
2323 1643 2620 1699 uberiorem
2647 1643 2904 1710 efﬁceret,
2951 1653 3110 1715 atque
3149 1644 3462 1714 ampliorem
3498 1658 3642 1700 mer-

2049 1733 2232 1788 cedem
2261 1742 2313 1788 et
2340 1734 2534 1804 largius
2572 1735 2850 1805 praemium
2881 1735 2976 1790 tibi
3005 1735 3332 1790 conciliaret.
3361 1733 3636 1801 Quamob-

2049 1838 2162 1878 rem
2185 1823 2317 1878 nihil
2346 1834 2424 1878 est
2455 1825 2594 1896 quod
2632 1826 2955 1894 perturberis
2975 1840 3038 1880 ac
3063 1825 3418 1881 tumultueris.
3443 1826 3642 1896 Ecquis

2051 1914 2194 1968 enim
2245 1929 2476 1984 unquam
2507 1915 2686 1968 animo
2732 1915 2985 1984 elanguit,
3013 1915 3202 1984 opibus
3228 1915 3640 1972 circumﬂuens?

2049 2005 2232 2076 ecquis
2269 2005 2604 2074 perturbatus
2633 2016 2738 2074 est,
2777 2006 2846 2060 ad
2870 2020 3104 2061 summas
3129 2006 3414 2076 dignitates
3442 2022 3638 2064 ascen-

2048 2094 2218 2151 dens?
2246 2095 2399 2162 Quod
2442 2097 2488 2152 si
2536 2097 2572 2150 ii
2601 2098 2691 2166 qui
2721 2097 2953 2152 humana
3003 2097 3101 2153 ista
3130 2107 3446 2168 congerunt,
3489 2101 3590 2155 ista
3613 2140 3631 2167 ,

2049 2190 2285 2262 inquam,
2305 2191 2502 2247 caduca
2524 2200 2580 2248 et
2605 2193 2790 2248 umbra
2810 2194 3176 2260 imbecilliora,
3197 2195 3458 2264 citiusque
3479 2207 3638 2263 quant

2049 2281 2246 2351 putridi
2273 2282 2431 2338 ﬂores
2461 2285 2868 2349 marcescentia,
2899 2285 3129 2352 saltant,
3172 2278 3492 2354 tripudiant,
3523 2297 3638 2352 pra:

2048 2374 2321 2446 voluptate
2348 2376 2589 2444 volitant,
2609 2392 2717 2446 pra:
2741 2391 2826 2442 ea,
2858 2376 3096 2447 inquam,
3126 2376 3402 2446 voluptate
3424 2389 3544 2445 qua:
3565 2373 3640 2429 si-

2049 2468 2160 2522 mul
2179 2476 2234 2524 et
2256 2452 2477 2539 apparet
2505 2477 2559 2524 et
2579 2469 2774 2534 avolat,
2803 2467 3190 2538 ﬂuminumque
3217 2481 3430 2523 cursum
3461 2465 3639 2520 imita-

2051 2569 2138 2615 tur
2170 2577 2184 2614 :
2214 2568 2416 2630 quanto
2461 2559 2674 2616 tandem
2725 2560 2929 2632 aequius
2983 2569 3064 2615 est
3110 2567 3184 2627 te,
3235 2557 3446 2614 etiamsi
3489 2557 3637 2628 prius

2051 2652 2104 2706 in
2153 2651 2474 2707 maeroribus
2517 2650 2715 2717 fueris,
2755 2665 2822 2706 ex
2876 2651 3126 2720 prazsenti
3169 2657 3346 2704 tamen
3392 2657 3634 2717 tempore

2050 2743 2296 2797 maxima:
2321 2743 2520 2797 laetitiae
2541 2751 2700 2811 atque
2726 2741 3014 2796 alacritatis
3036 2741 3372 2796 occasionem
3401 2739 3638 2795 haurire?

2051 2830 2358 2888 Thesaurus
2404 2832 2545 2887 enim
2597 2831 2686 2886 ille
2725 2846 2884 2901 quem
2911 2831 3201 2902 collegisti,
3243 2830 3385 2885 furto
3411 2829 3638 2886 subduci

2054 2938 2161 2978 non
2184 2932 2359 2994 potest
2389 2938 2402 2974 :
2441 2937 2538 2978 nec
2564 2922 2729 2978 decus
2754 2921 2905 2989 illud,
2935 2921 3078 2992 quod
3126 2937 3222 2991 per
3242 2921 3339 2976 has
3367 2921 3638 2976 calamita-

2053 3022 2134 3069 tes
2179 3014 2271 3069 tibi
2309 3020 2673 3084 comparatum
2715 3022 2820 3081 est,
2869 3013 3262 3068 successionem
3303 3014 3450 3068 novit
3476 3053 3490 3080 ,
3545 3022 3640 3069 aut

2051 3103 2209 3160 finem
2238 3113 2530 3175 exspectat,
2561 3104 2658 3160 sed
2700 3104 2768 3160 ab
2796 3104 2942 3161 omni
2977 3104 3205 3160 termino
3246 3104 3479 3160 alienum
3529 3113 3636 3172 est,

2053 3206 2110 3250 ut
2134 3196 2274 3266 quod
2303 3211 2401 3252 nec
2428 3204 2727 3266 temporum
2748 3195 3088 3262 difﬁcultate,
3121 3211 3222 3252 nec
3251 3195 3526 3252 hominum
3557 3196 3641 3252 itt-

2051 3287 2222 3352 sidiis,
2275 3303 2372 3344 nec
2397 3288 2699 3344 dzemonum
2729 3289 3034 3356 insultibus,
3072 3302 3173 3344 nec
3199 3288 3426 3360 denique
3466 3299 3640 3346 morte

2053 3381 2163 3450 ipsa
2193 3380 2628 3450 interrumpatur.
2653 3379 2805 3448 Quod
2829 3380 2876 3434 si
2905 3379 3272 3450 etiam'lugere
3295 3380 3504 3434 animus
3531 3390 3637 3447 εει,

2051 3486 2144 3526 eos
2173 3471 2262 3542 qui
2288 3470 2402 3525 hzec
2435 3478 2742 3541 perpetrant
2777 3470 2918 3542 iuge,
2947 3469 3158 3536 horum,
3191 3470 3426 3542 inquam,
3464 3469 3639 3524 malo-

2050 3579 2167 3618 rum
2199 3571 2465 3630 auctores,
2498 3563 2686 3618 horum
2730 3562 3094 3630 administros,
3126 3562 3216 3633 qui
3271 3572 3325 3618 et
3372 3560 3636 3616 maximos

2050 3653 2282 3726 sibiipsis
2297 3656 2348 3710 in
2372 3654 2606 3710 futurum
2630 3656 2895 3710 cruciatus
2915 3654 3355 3719 condiderunt,et
3369 3651 3454 3706 hic
3473 3650 3635 3706 etiam

2048 3749 2419 3806 acerbissimas
2438 3764 2622 3819 pmnas
2645 3750 2874 3813 luerunt,
2894 3758 3053 3819 upote
3078 3761 3212 3816 quos
3227 3745 3469 3799 homines
3483 3757 3637 3798 aver-

2053 3849 2260 3908 sentur,
2289 3840 2630 3910 hostiumque
2654 3840 2705 3892 in
2727 3853 2950 3893 numero
2967 3837 3219 3903 habeant,
3244 3845 3295 3890 et
3318 3834 3447 3889 diris
3466 3832 3634 3888 devo-

2049 3942 2208 3988 veant
2233 3945 2394 4002 atque
2423 3933 2800 3987 condemnent.
2829 3930 2930 3997 Qui
2970 3931 3013 3983 si
3061 3929 3178 3982 lucc
3227 3943 3333 3982 non
3375 3927 3630 3994 sentiunt,

2050 4024 2150 4079 hoc
2177 4039 2390 4094 quoque
2431 4022 2646 4077 nomine
2699 4021 3034 4092 potissimum
3064 4019 3247 4074 miseri
3291 4028 3416 4074 sunt
3460 4019 3634 4088 lacry-

2047 4117 2253 4188 misque
2277 4117 2450 4188 digni;
2501 4130 2608 4170 non
2638 4129 2794 4170 secus
2840 4113 3086 4168 videlicet
3113 4127 3176 4168 ac
3221 4110 3633 4183 phrenesilabo-

2046 4220 2248 4278 rantes,
2281 4211 2369 4280 qui
2399 4210 2593 4264 frustra
2635 4207 2847 4275 quidem
2876 4221 2940 4263 ac
2967 4216 3168 4261 temere
3192 4204 3425 4260 calcibus
3445 4203 3633 4260 obvios

2046 4317 2287 4372 quosque
2315 4301 2586 4355 incessunt
2610 4314 2673 4353 ac
2700 4297 2914 4365 feriunt,
2971 4311 3115 4366 saepe
3149 4295 3310 4351 etiam
3337 4294 3538 4349 amicos
3565 4307 3631 4349 ac

2044 4394 2112 4449 de
2152 4409 2210 4448 se
2238 4395 2373 4449 bene
2401 4393 2620 4448 meritos
2640 4409 2653 4444 :
2673 4406 2794 4446 eum
2823 4400 2999 4444 tamen
3027 4388 3280 4455 furorem,
3308 4400 3416 4456 quo
3441 4384 3632 4455 perciti

2044 4496 2186 4549 sunt,
2216 4487 2434 4542 minime
2480 4485 2732 4541 sentiunt.
2757 4482 2838 4539 Ob
2860 4483 3018 4552 idque
3043 4478 3316 4536 incurabili
3343 4477 3529 4534 morbo
3551 4485 3631 4531 te-

2044 4585 2258 4637 nentur,
2311 4587 2408 4626 nec
2435 4570 2669 4625 medicos
2697 4569 3007 4631 admittunt,
3062 4580 3160 4620 nec
3198 4563 3626 4620 medicamenta:

2042 4665 2167 4734 quin
2213 4664 2388 4734 potius
2417 4678 2512 4718 eos
2555 4676 2766 4732 quoque
2786 4659 2873 4730 qui
2902 4659 3030 4729 ipsis
3058 4656 3257 4711 mederi
3287 4664 3444 4725 atque
3469 4666 3627 4722 opem

2044 4757 2183 4811 ferre
2226 4755 2462 4820 student,
2491 4755 2649 4810 rebus
2681 4750 2960 4808 contrariis
2983 4755 3410 4804 remunerantur.
3445 4744 3628 4814 Itaque

2042 4851 2111 4903 ob
2142 4848 2244 4902 hoc
2271 4862 2481 4918 quoque
2528 4848 2696 4916 ipsutn
2741 4843 2920 4898 miseri
2953 4842 3038 4896 isti
3067 4848 3219 4907 sunt,
3252 4839 3296 4893 si
3333 4846 3493 4892 tanta:
3521 4837 3626 4892 im-

2042 4941 2319 5009 probitatis
2345 4954 2503 4994 sensu
2534 4945 2738 4992 carent.
2780 4934 2928 5002 Quod
2953 4934 2996 4987 si
3026 4933 3250 4987 aliorum
3297 4931 3626 4986 condemna-

2044 5033 2238 5085 tionem
2288 5029 2415 5083 nihil
2462 5037 2756 5094 morantur,
2799 5037 2854 5080 at
2892 5033 3038 5081 certe
3084 5024 3196 5079 ﬁeri
3229 5039 3334 5078 non
3365 5033 3540 5092 potest
3569 5031 3628 5080 ιιι

2039 5143 2150 5182 suae
2188 5127 2530 5180 conscientia:
2571 5124 2826 5194 iudicium
2853 5121 3126 5192 eﬂ’ugiant,
3158 5121 3298 5191 quod
3329 5135 3427 5175 nec
3446 5121 3624 5187 vitari,

2041 5235 2136 5274 nec
2163 5218 2430 5288 corrumpi
2460 5225 2653 5288 potest,
2679 5231 2779 5271 nec
2811 5215 2902 5270 ulli
2930 5215 3120 5270 terrori
3148 5213 3308 5280 cedit,
3341 5228 3439 5268 nec
3479 5211 3630 5266 blan-

2038 5313 2182 5366 ditiis
2207 5319 2298 5366 aut
2324 5311 2664 5380 pecuniarum
2684 5309 2961 5379 largitione
2979 5306 3345 5372 labefactatur,
3371 5318 3470 5361 nec
3492 5312 3629 5358 tem-

2038 5402 2184 5474 poris
2213 5402 2558 5457 diuturnitate
2582 5401 2884 5456 marcescit.

2110 5495 2165 5548 2.
2209 5493 2416 5548 Etenim
2467 5493 2554 5547 ille
2597 5491 2778 5548 Jacobi
2822 5490 2981 5556 ﬁlius,
3005 5489 3095 5559 qui
3121 5485 3412 5558 Josephum
3440 5498 3472 5540 a
3514 5500 3631 5540 ma-

2037 5568 2086 5640 la
2115 5584 2283 5642 bestia
2311 5583 2628 5640 devoratum
2665 5597 2786 5638 esse
2813 5581 2948 5653 patri
2975 5580 3185 5636 dicebat
3227 5577 3378 5650 (Gen.
3401 5576 3511 5646 37),
3566 5590 3630 5627 ac

2039 5678 2354 5736 sceleratam
2384 5676 2616 5736 fabulam
2638 5674 2846 5749 agebat.
2885 5683 3044 5748 atque
3073 5671 3173 5727 hac
3198 5672 3345 5727 larva
3387 5669 3630 5722 fraterna:

3221 5773 3296 5833 1’4»
