4058 6218
367 291 474 347 605

368 405 561 478 ωπείιρ
583 404 760 478 τούτῳ
782 404 880 477 τὴν
907 402 1323 476 ἀδελφοκτονίαν
1348 405 1638 460 συσκιάσαι
1666 404 1949 476 ἐπιχειρή-

370 520 493 567 σας,
529 501 622 556 τδν
671 500 773 572 μὲν
819 500 1036 573 πατέρα
1079 499 1328 571 ἡπάτησε
1371 499 1513 566 τότε,
1541 498 1604 553 τὸ
1632 497 1689 552 δέ
1715 496 1954 561 συνειδὸς

366 595 470 649 οὐκ
508 593 817 665 ἡπάτησεν,
852 591 975 646 οὐδὲ
1005 591 1221 647 ἔπεισεν
1244 591 1574 663 ἡσυχάζεινσ
1609 589 1726 645 ἀλλ’
1759 590 1953 661 ἐμενεν

364 684 536 741 αὐτοῦ
592 683 1143 754 κατεξανιστάμενον,
1198 681 1485 737 καταϐοῶν
1526 679 1813 754 διηνεκῶς,
1859 681 1955 735 καὶ

367 775 631 832 οὐδέποτε
674 774 1185 845 ἐπιστομιζόμενον.
1219 771 1428 844 Χρόνου
1451 773 1561 845 γὰρ
1589 770 1954 843 παρελθόντος

369 866 610 941 μακροῦ,
632 868 662 920 ό
684 865 777 920 τὸν
803 864 1174 936 γεγεννηκότα
1198 863 1576 936 ἀρνησάμενος
1594 864 1657 918 τὸ
1674 863 1953 934 τόλμημα,

365 962 508 1031 ὅπερ
569 958 894 1030 ἐτόλμησεν,
944 957 974 1010 ὁ
1034 956 1222 1028 μηδενὶ
1270 955 1381 1010 τῶν
1418 955 1594 1010 ἀλλων
1649 954 1953 1027 ἀνθρώπων

367 1050 623 1119 ἐξειπὼν,
658 1050 871 1115 οὐδενὸς
890 1048 1345 1122 κατηγοροῦντος,
1382 1047 1597 1111 οὐδενὸς
1621 1047 1953 1118 ἐλέγχοντος,

366 1143 585 1207 οὐδενὸς
640 1141 968 1212 ἐφεστῶτος,
1004 1140 1128 1195 οὐδὲ
1161 1141 1668 1214 ἀναμιμνήσκοντος
1697 1142 1799 1213 τῆς
1824 1142 1958 1213 δρα-

370 1234 709 1308 ματουργίας
736 1232 974 1301 ἐκείνης,
1006 1231 1331 1286 κινδυνεύων
1362 1233 1490 1303 περὶ
1517 1231 1828 1304 ἐλευθερίας
1860 1235 1955 1287 καὶ

371 1323 541 1380 αὐτοῦ
576 1322 672 1378 τοῦ
721 1322 841 1395 ζῇν,
890 1321 1108 1386 δεικνὺς
1164 1321 1247 1375 ὅτι
1304 1321 1406 1375 ούκ
1458 1322 1827 1394 ἐπεστομίσθη
1861 1324 1954 1377 τοῦ

374 1415 676 1480 συνειδότος
704 1417 733 1470 ό
773 1414 1079 1486 κατήγορος
1127 1416 1186 1468 ἐν
1208 1413 1352 1469 οὕτω
1386 1414 1584 1488 μακρῷ
1612 1416 1808 1489 χρόνῳ,
1836 1415 1956 1469 οὐδὲ

368 1508 720 1582 κατεχώσθη,
750 1506 926 1563 ταῦτά
964 1507 1188 1578 φησιτά
1213 1508 1434 1579 ῥήματα
1455 1524 1469 1538 ·
1505 1509 1649 1563 Ναί·
1676 1510 1746 1563 ἐν
1768 1510 1954 1579 ἀμαρ-

366 1602 527 1668 τίαις
546 1599 661 1670 γάρ
679 1600 869 1669 ἐσμεν
899 1598 1033 1667 περὶ
1060 1596 1165 1652 τοῦ
1183 1596 1449 1667 ἀδελφοῦ
1471 1597 1660 1667 ἡμῶν
1683 1599 1783 1653 ὅτε
1811 1615 1957 1653 κατ-

367 1693 570 1749 εδέετο
623 1690 814 1761 ήμῶν,
836 1690 935 1745 καί
962 1688 1350 1759 ὐπερείδομεν
1372 1688 1487 1757 τὴν
1507 1691 1719 1759 θλίψιν
1746 1690 1954 1755 αὐτοῦ,

367 1785 473 1841 καὶ
502 1783 619 1854 τὴν
650 1782 884 1850 ὀδύνην
906 1780 1020 1851 τῆς
1040 1779 1252 1851 ψυχῆς
1279 1781 1469 1835 αὐτοῦ
1489 1795 1503 1809 ·
1524 1781 1623 1834 καί
1650 1780 1769 1835 νῦν
1789 1778 1958 1849 ἐκζη-

367 1876 555 1933 τεῒται
581 1875 649 1930 τὸ
681 1870 826 1945 alga
850 1872 1039 1929 αὐτοῦ
1068 1872 1137 1937 ἐξ
1165 1872 1355 1942 ἡμῶν.
1390 1870 1544 1945 [585]
1564 1872 1957 1944 Καίτοιέτερον

366 1965 461 2041 ἦν,
512 1970 650 2039 ὅπερ
709 1967 946 2037 ἐπήγετο
1000 1964 1151 2037 αὐτῷ
1184 1965 1459 2037 ἔγκλημα,
1487 1964 1580 2018 καὶ
1633 1964 1721 2018 διά
1750 1963 1957 2033 κλοπὴν

366 2060 639 2133 ἐκρίνετο,
671 2059 766 2114 καὶ
798 2058 873 2121 ὡς
907 2056 1237 2128 ὑφελόμενος
1294 2057 1491 2113 κύλικα
1539 2049 1753 2129 ’χρυσῆν
1784 2055 1957 2119 οὕτως

366 2153 451 2214 είς
490 2149 840 2220 δικαστήριον
891 2148 1089 2218 ἡγετο·
1136 2146 1252 2201 ἀλλ’
1278 2145 1464 2217 ἐπειδὴ
1514 2145 1721 2200 τούτων
1778 2144 1958 2215 ἑαυτῷ

368 2241 525 2297 οὐδὲν
569 2238 805 2310 συνῄδει,
843 2238 985 2309 ὑπὲρ
1012 2237 1111 2309 μέν
1143 2236 1347 2289 τούτων
1376 2234 1477 2289 ούκ
1500 2235 1674 2305 ἤλγει,
1701 2231 1823 2286 οὐδὲ
1850 2230 1957 2301 ἐφη

368 2330 548 2386 ταῦτα
588 2329 820 2400 πάσχειν
851 2327 992 2400 ύπέρ
1015 2319 1091 2381 ὧν
1124 2326 1370 2399 ἐκρίνετο
1398 2323 1493 2378 καὶ
1515 2321 1734 2393 δέσμιος
1758 2322 1922 2393 ἡγετο
1939 2337 1953 2350 ’

368 2423 518 2494 ὑπὲρ
545 2422 603 2476 δέ
636 2414 712 2474 ὧν
757 2418 934 2483 οὐδεὶς
978 2417 1244 2485 ἐνεκάλει,
1274 2415 1396 2471 οὐδὲ
1451 2413 1683 2477 εὐθύνας
1735 2412 1957 2484 ἀπῄτει,

368 2514 498 2568 οὐδὲ
539 2514 620 2576 είς
668 2510 1019 2581 δικαστήριον
1071 2502 1244 2574 εἷλκε,
1282 2504 1481 2578 μᾶλλον
1501 2504 1558 2558 δέ
1590 2502 1712 2558 ούδέ
1740 2503 1841 2576 ἡδη
1865 2520 1956 2556 τε-

366 2604 731 2675 τολμημένων
764 2599 934 2671 αὐτῷ,
959 2599 1100 2670 ὑπὲρ
1123 2598 1186 2670 δὴ
1217 2597 1421 2651 τούτων
1449 2582 1619 2659 αὐτὸς
1639 2592 1836 2649 ἐαυτοῦ
1866 2594 1958 2648 καὶ

367 2695 597 2766 ἐλεγχος
628 2694 723 2749 καλ⁵
750 2693 1058 2764 κατήγορος
1094 2689 1326 2760 γίνεται.
1383 2688 1821 2759 Ἐπελαμϐάνετο
1848 2686 1959 2757 γὰρ

368 2785 540 2839 αὑτοῦ
589 2783 651 2838 τὸ
704 2782 968 2846 συνειδὸς,
1019 2780 1116 2835 καὶ
1156 2783 1186 2834 ὀ
1215 2780 1354 2852 μετὰ
1386 2779 1573 2844 ἀδείας
1598 2778 1869 2850 τοσαύτης
1898 2779 1959 2832 τὸ

369 2874 514 2947 αἷμα
540 2875 738 2946 ἐκχέας
767 2873 864 2927 τοῦ
893 2872 1143 2941 ἀδελφοῦ,
1168 2873 1264 2926 καὶ
1298 2870 1464 2942 μηδὲν
1497 2870 1705 2936 παθὼν,
1743 2870 1838 2924 νῦν
1867 2872 1960 2925 καὶ

371 2967 791 3042 συμπαθητικὺς
821 2966 1051 3035 ἐγίνετο,
1084 2966 1180 3019 zeal
1208 2963 1301 3018 τοῦ
1356 2963 1514 3037 χοροῦ
1561 2963 1669 3017 τῶν
1706 2981 1961 3035 κοινωνη-

369 3065 587 3118 σάντων
621 3057 772 3130 αύτῷ
818 3059 920 3130 τῆς
981 3056 1294 3129 μιαιφονίας
1338 3054 1656 3127 κατηγόρει,
1709 3055 1805 3109 καὶ
1860 3057 1960 3126 τὴν

367 3153 636 3226 ὠμότητα
663 3153 846 3205 πᾶσαν
895 3147 1213 3221 ἐτραγῴδει,
1245 3147 1420 3218 λέγων
1433 3161 1447 3175 ·
1477 3146 1609 3201 Ὅτε
1649 3146 1960 3202 κατεδέετο

366 3244 567 3317 ἡμῶν,
603 3243 702 3299 καί
750 3241 1146 3313 ὑπερείδομεν
1194 3239 1311 3311 τὴν
1350 3240 1565 3309 θλίψιν
1595 3239 1802 3306 αὐτοῦ,
1861 3240 1962 3295 καί

366 3336 493 3408 τὴν
520 3335 752 3405 ὀδύνην
797 3332 911 3402 τῆς
964 3330 1177 3402 ψυχῆς
1197 3331 1407 3389 αὐτοῦ.
1436 3332 1634 3402 Ἤρκει
1666 3331 1768 3402 μὲν
1796 3330 1904 3404 γὰρ
1924 3333 1959 3402 ἡ

375 3432 565 3504 φύσις,
595 3428 749 3498 φησὶ,
784 3424 1023 3498 μαλάξαι
1060 3424 1159 3479 καὶ
1198 3422 1510 3495 ἐπικάμψαι
1543 3423 1679 3495 πρὸς
1721 3422 1903 3477 ἔλεον.
1932 3424 1963 3476 ὁ

368 3525 431 3579 δὲ
460 3525 557 3578 καὶ
598 3522 809 3592 δάκρυα
842 3516 1170 3589 προσετίθει,
1199 3516 1294 3571 καὶ
1331 3516 1613 3588 ἱκετηρίαν
1648 3516 1834 3583 ἐτίθει,
1866 3516 1961 3569 καὶ

368 3616 497 3672 οὐᾶ
537 3613 711 3677 οὕτως
772 3613 922 3684 ἡμᾶς
963 3608 1286 3680 ἐπέκαμψεν
1311 3624 1324 3637 ·
1368 3606 1485 3662 ἀλλ’
1552 3606 1963 3689 ’Υπερείδομεν

373 3708 499 3775 τὴν
537 3707 751 3775 θλίψιν
786 3703 995 3767 αὑτοῦ,
1028 3700 1130 3755 καὶ
1178 3700 1297 3769 τὴν
1338 3699 1569 3769 ὀδύνην
1609 3699 1721 3769 τῆς
1750 3698 1962 3770 ψυχῆς

375 3798 592 3856 αὑτοῦ.
628 3796 729 3851 Διά
763 3796 922 3850 τοῦτο
949 3795 1080 3866 ἡμῖν
1105 3792 1167 3846 τδ
1193 3793 1542 3867 δικαστήριον
1571 3792 1727 3845 τοῦτο
1765 3808 1961 3860 συγκε-

375 3893 665 3964 κρότηται,
699 3888 851 3960 φησὶ,
885 3886 973 3940 διὰ
1007 3884 1168 3939 τοῦτο
1204 3887 1333 3955 περὶ
1378 3884 1609 3955 αἵματος
1653 3882 1958 3937 κινδυνεύο-

375 4003 504 4057 μεν,
532 3981 721 4054 ἐπειδὴ
744 3981 839 4035 καὶ
878 3981 1037 4051 ἡμεῖς
1074 3980 1155 4043 είς
1185 3971 1325 4049 αἷμα
1353 3977 1773 4049 ἡμαρτήκαμεν.
1805 3974 1963 4029 Οῦτω

370 4079 473 4134 καί
509 4079 539 4132 ό
585 4075 784 4138 Ἰούδας
818 4074 920 4128 οὐκ
965 4070 1205 4142 ἐνεγκὼν
1237 4069 1331 4124 τοῦ
1373 4067 1671 4130 συνειδότος
1696 4066 1789 4121 τὸν
1811 4066 1963 4136 ἐλεγ-

368 4185 494 4240 χον,
525 4165 617 4219 ἐπὶ
650 4163 843 4236 βρόχον
873 4162 1121 4235 ὥρμησε,
1152 4160 1248 4215 xal
1291 4158 1360 4214 δι’
1414 4157 1652 4230 ἀγχόνης
1703 4156 1793 4211 τόν
1847 4156 1962 4227 βίον

367 4257 697 4313 κατέλυσεν.
737 4255 847 4309 Kal
878 4255 967 4308 ὅτε
1014 4252 1115 4325 μὲν
1146 4251 1207 4306 τὸ
1236 4251 1588 4322 ἀναίσχυντον
1617 4251 1793 4303 ἐκεῖνο
1824 4266 1961 4320 συμ-

368 4349 592 4403 ϐόλαιον
614 4346 837 4417 ἐτόλμα,
866 4345 1070 4414 λέγων·
1100 4343 1163 4398 Τί
1181 4342 1388 4398 θέλετέ
1410 4360 1513 4413 μοι
1539 4342 1771 4409 δοῦναι,
1801 4341 1962 4411 κάγὼ

367 4440 523 4509 ὑμῖν
570 4440 757 4494 αὐτὸν
803 4436 1136 4508 παραδώσω
1148 4454 1167 4503 ;
1201 4437 1262 4490 οὐ
1304 4437 1430 4501 τοὺς
1463 4435 1760 4500 ἀκούοντας
1790 4433 1960 4507 ᾐσχύ-

369 4548 527 4599 νετο,
558 4533 640 4585 ότι
674 4531 921 4602 μαθητὴς
950 4528 1028 4583 ὢν
1051 4527 1274 4584 τοιαῦτα
1306 4529 1436 4601 περὶ
1469 4527 1787 4583 διδασκάλου
1832 4525 1959 4581 ἐτύ-

373 4640 558 4695 ρευεν,
587 4623 689 4677 οὐκ
733 4624 792 4677 ἐν
841 4625 964 4686 ταῖς
996 4621 1233 4694 ἡμέραις
1276 4621 1394 4685 ταῖς
1427 4619 1630 4690 μεταξὺ
1660 4619 1957 4688 κατενύγη,

368 4708 517 4763 ἀλλὰ
548 4709 767 4779 μεθύων
799 4710 881 4763 ἔτι
907 4711 974 4780 τῇ
1006 4709 1167 4780 ἡδονῇ
1193 4708 1295 4780 τῆς
1321 4707 1701 4779 φιλαργυρίας,
1736 4709 1798 4762 οὐ
1828 4708 1960 4777 σφόο

366 4797 482 4868 δρα
508 4797 770 4868 ᾐσθάνετο
800 4798 899 4869 τῆς
927 4796 1259 4869 κατηγορίας
1290 4795 1383 4850 τοῦ
1418 4797 1733 4861 συνειδότος.
1775 4797 1961 4851 Ἐπει-

367 4889 445 4960 δὴ
478 4889 536 4943 δέ
566 4890 769 4962 ἔπραξε
796 4890 897 4962 τὴν
930 4891 1228 4963 ἁμαρτίαν,
1264 4891 1357 4945 καὶ
1382 4890 1444 4944 τὺ
1469 4890 1733 4962 ἀργύριον
1776 4891 1957 4957 ἐλαϐε,

366 4982 477 5033 καὶ
512 4982 544 5050 ἡ
576 4980 734 5051 ἡδονὴ
770 4980 871 5051 μὲν
904 4979 1192 5034 ἐπαύσατο
1210 4978 1304 5032 τοῦ
1326 4978 1638 5049 λήμματος,
1667 4979 1702 5048 ἡ
1746 4977 1804 5030 δὲ
1833 4995 1962 5032 κατ-

364 5072 579 5145 ηγορία
616 5071 710 5126 τοῦ
762 5071 1236 5143 πλημμελήματος
1271 5068 1422 5141 ἡνθει
1474 5068 1681 5136 λοιπὸν,
1703 5069 1827 5124 τότε
1852 5087 1960 5142 μη-

361 5164 527 5228 δενὸς
590 5163 1010 5233 ἀναγκάζοντος,
1071 5161 1297 5234 μηδενὸς
1346 5160 1689 5232 βιαζομένου,
1731 5162 1960 5232 μηδενὸς

365 5259 794 5331 παραινοῦντος,
846 5258 1155 5330 αὐτόματος
1210 5256 1481 5323 ἀπελθὼν,
1515 5258 1577 5312 τό
1610 5275 1669 5312 τε
1697 5257 1960 5331 ἀργύριον

363 5350 717 5423 προσέρριψε
745 5353 857 5415 τοῖς
884 5350 1164 5415 δεδωκόσι,
1195 5350 1291 5402 καὶ
1314 5349 1413 5419 τὴν
1448 5348 1794 5421 παρανομίαν
1822 5349 1962 5420 ὡμο-

360 5441 607 5512 λόγησεν
658 5440 845 5507 αὐτοῦ,
873 5439 1180 5495 ἀκουόντων
1223 5439 1448 5492 ἐκείνων
1492 5438 1668 5509 λέγων
1688 5454 1701 5467 ⁸
1739 5440 1961 5510 Ἥμαρ-

358 5548 485 5589 τον
518 5533 821 5603 παραδοὺς
846 5528 989 5604 αἷμα
1018 5531 1231 5589 ἀθῶον.
1254 5533 1328 5587 Ού
1352 5532 1461 5603 γὰρ
1493 5534 1689 5604 ἡνεγκε
1718 5532 1811 5588 τοῦ
1833 5551 1959 5589 συν-

362 5623 577 5686 ειδότος
600 5625 691 5678 τὸν
719 5625 958 5696 ἔλεγχον.

448 5727 703 5783 Τοιοῦτον
731 5729 836 5801 γὰρ
874 5733 909 5801 ἡ
943 5731 1215 5803 ἁμαρτία*
1245 5734 1374 5805 πρὶν
1408 5735 1440 5809 ἡ
1473 5736 1573 5809 μὲν
1619 5733 1960 5808 ἀπαρτισθῆ-

1791 283 2175 343 ΕΡΙΒΤΟΙΛΕ.

3528 291 3637 348 σοι

2063 418 2173 466 ναι,
2205 399 2422 472 μεθύειν
2468 402 2612 455 ποιεῖ
2656 400 2747 455 τὸν
2779 401 2977 456 ἁλόντα
2996 416 3010 431 ·
3041 397 3257 455 ἐπειδάν
3286 400 3344 456 δέ
3376 401 3646 481 πληρωθῆ

2060 491 2155 545 καὶ
2183 489 2513 563 ἀπαρτισθῇ,
2531 490 2654 545 τότε
2690 490 2760 545 τά
2781 490 2881 562 μέν
2895 490 2997 561 τῆς
3020 489 3213 561 ἡδονῆς
3232 488 3437 561 ταύτης
3472 491 3644 556 ὑπεξ-

2063 580 2275 635 ίσταται
2316 579 2413 635 καὶ
2463 579 2767 644 σϐέννυται,
2820 578 3025 651 γυμνὸς
3082 578 3141 632 δὲ
3177 578 3377 650 ἔστηκε
3403 568 3588 633 λοιπὸν
3615 581 3647 634 ὀ

2062 672 2385 744 κατήγορος,
2432 671 2525 725 τοῦ
2584 667 2879 733 συνειδότος
2913 667 3107 740 δημίου
3134 666 3285 732 τάξιν
3333 667 3644 738 ἐπέχοντος,

2062 762 2157 816 καλ⁸
2172 762 2583 829 καταξαίνοντος
2601 760 2694 815 τὸν
2709 777 2776 815 πε
2783 759 2884 831 πλη
2891 777 2932 831 μ
2938 759 3071 831 μελη
3078 758 3229 824 κότα,
3258 758 3352 813 καὶ
3369 760 3468 832 τὴν
3483 758 3646 828 ἐσχά-

2062 869 2162 923 την
2188 852 2544 917 ἀπαιτοῦντος
2568 851 2745 925 δίκην,
2782 852 2878 907 καὶ
2922 851 3177 923 μολίϐδου
3224 852 3427 916 παντὸς
3477 850 3646 923 βαρύ-

2062 962 2218 1017 τερον
2251 944 2619 1016 ἐπικειμένου.

2136 1035 2288 1110 [586]
2312 1037 2382 1106 γ’.
2417 1037 2529 1092 Kal
2555 1036 2624 1090 τὰ
2658 1036 2759 1109 μὲν
2784 1034 3018 1090 ἐνταῦθα
3043 1035 3267 1090 τοιαῦτα
3283 1052 3298 1069 ο
3335 1035 3406 1088 τὰ
3430 1034 3486 1087 δέ
3506 1036 3644 1102 ἐκεῖ,

2063 1124 2221 1182 οἶσθα
2248 1128 2412 1200 ἡλίκα
2440 1130 2552 1193 τοῖς
2595 1127 2839 1182 τοσαῦτα
2874 1127 3272 1201 ἐργασαμένοις
3290 1124 3437 1182 κακά
3466 1125 3647 1180 κείσε-

2062 1237 2154 1275 ται
2199 1220 2343 1275 τότε.
2379 1219 2618 1284 Τούτους
2659 1216 2754 1275 οῦν
2802 1219 2909 1292 χρὴ
2955 1219 3232 1291 δακρύειν,
3265 1218 3484 1284 τούτους
3515 1217 3649 1290 θρη-

2064 1319 2196 1383 νεῖν,
2217 1316 2340 1370 ἐπεὶ
2368 1317 2464 1370 καὶ
2493 1316 2705 1381 Παῦλος
2736 1315 2912 1381 οὕτως
2944 1316 3139 1383 ἐποίει,
3168 1318 3284 1379 τοῖς
3318 1315 3424 1387 μὲν
3453 1315 3648 1370 ἀθλοῦ-

2066 1430 2139 1478 σι,
2166 1413 2259 1466 καὶ
2286 1412 2725 1484 ἀγωνιζομένοις,
2758 1413 2854 1467 καὶ
2885 1412 3074 1477 κακῶς
3103 1413 3375 1483 πάσχουσι
3421 1413 3645 1482 συνηδό-

2067 1526 2248 1580 μενος,
2281 1509 2408 1573 τοὺς
2432 1509 2489 1563 δέ
2511 1508 2926 1580 ἁμαρτάνοντας
2952 1508 3165 1562 πενθῶν
3183 1523 3199 1537 ·
3239 1508 3320 1562 διὸ
3351 1508 3446 1563 καὶ
3470 1507 3644 1578 ἐλεγεο

2063 1606 2290 1675 Mrian
2338 1607 2592 1663 ἐλθόντα
2625 1624 2702 1677 με
2747 1607 3086 1677 ταπεινώσῃ
3117 1609 3150 1662 ὀ
3183 1607 3327 1673 Θεός
3354 1622 3476 1676 μου
3498 1607 3650 1675 πρὸς

2062 1701 2240 1773 ὑμᾶς.
2272 1702 2369 1757 καί
2419 1704 2702 1770 πενθήσω
2747 1703 3021 1770 πολλοὺς
3059 1704 3180 1758 τῶν
3199 1703 3652 1773 προημαρτηκόι

2064 1816 2204 1867 των,
2235 1800 2332 1853 καί
2355 1799 2443 1870 μὴ
2464 1798 2973 1869 μετανοησάντων
2996 1799 3095 1853 ἐπὶ
3135 1798 3211 1869 τῇ
3239 1800 3526 1869 ἀσελγείᾳ
3553 1795 3651 1852 καὶ

2064 1895 2403 1964 ἀκαθαρσίᾳ
2452 1889 2494 1968 ᾖ
2541 1894 2848 1964 ἔπραξαν
2895 1897 3011 1959 τοῖς
3074 1894 3133 1949 δέ
3194 1893 3644 1966 ἀγωνιζομένοις

2064 1994 2259 2062 Χαίρω
2288 1991 2387 2046 καί
2409 1992 2720 2063 συγχαίρω
2749 1989 2941 2047 πᾶσιν
2967 1989 3130 2062 ὑμῖν.
3161 1989 3345 2062 Μηδὲν
3379 1989 3558 2043 τοίνυν
3588 2004 3650 2041 σε

2066 2087 2361 2160 θορυϐείτω
2419 2088 2556 2160 μήτε
2601 2088 2708 2142 τῶν
2736 2087 3066 2160 γενομένων,
3101 2088 3238 2159 μήτε
3262 2085 3372 2141 τῶν
3398 2084 3651 2140 ἀπειλου-

2069 2158 2265 2254 μένων.
2296 2158 2431 2237 Ούδέ
2468 2158 2577 2255 γάρ
2610 2183 2709 2255 τὴν
2741 2183 2946 2256 πέτραν
2969 2158 3274 2236 διασαλεύει
3310 2181 3378 2237 τὰ
3404 2181 3648 2251 κύματα,

2065 2278 2181 2332 ἀλλ’
2215 2280 2326 2350 ὅσῳ
2361 2279 2499 2350 μετά
2529 2278 2772 2344 πλείονος
2804 2280 3245 2351 προσρηγνυνται
3292 2279 3392 2350 τῆς
3448 2279 3650 2349 ῥύμης,

2064 2375 2305 2447 τοσούτῳ
2334 2376 2597 2446 μειζόνως
2625 2376 2796 2430 ἐαυτά
2820 2375 3073 2445 ἀφανίζει
3095 2390 3110 2406 ⁸
3132 2374 3163 2428 ὃ
3197 2375 3263 2447 δὴ
3291 2374 3386 2427 καὶ
3414 2374 3507 2426 ἐπὶ
3532 2373 3655 2427 τού-

2064 2489 2174 2526 των
2200 2471 2295 2527 καὶ
2323 2474 2514 2541 γέγονε
2530 2473 2626 2527 καὶ
2643 2472 2816 2539 ἔσται,
2850 2468 3049 2544 μᾶλλον
3079 2472 3137 2526 δὲ
3154 2471 3248 2526 καὶ
3268 2469 3446 2541 πολλῷ
3469 2469 3651 2524 πλέον.

2067 2569 2179 2639 Τὴν
2199 2569 2297 2640 μὲν
2326 2568 2437 2638 γὰρ
2462 2569 2671 2640 πέτραν
2686 2569 2748 2622 οὐ
2760 2568 3067 2623 διασαλεύει
3082 2568 3151 2623 τὰ
3174 2567 3419 2641 κύματα·
3435 2566 3494 2620 σέ
3510 2566 3566 2620 δὲ
3591 2566 3654 2621 ού

2070 2665 2231 2735 μόνον
2245 2666 2307 2719 ού
2321 2665 2688 2730 διεσάλευσεν,
2701 2665 2837 2720 ἀλλά
2848 2666 2942 2720 καὶ
2959 2668 3078 2737 ίσχυ
3085 2665 3205 2737 ροτέ
3211 2682 3312 2738 ραν
3330 2665 3649 2736 πεποίηκεν.

2068 2761 2325 2816 Τοιοῦτον
2370 2763 2479 2834 γὰρ
2504 2765 2538 2834 ἡ
2567 2762 2754 2828 κακία,
2779 2762 3021 2841 τοιοῦτον
3047 2764 3081 2833 ἡ
3105 2764 3298 2834 ἀρετή.
3340 2762 3405 2816 Ἥ
3432 2762 3531 2833 μὲν
3564 2778 3657 2815 πο-

2069 2856 2333 2929 λεμοῦσα,
2360 2857 2688 2912 καταλύεται
2709 2874 2725 2890 ο
2758 2859 2793 2928 ἡ
2840 2856 2896 2911 δέ
2916 2856 3323 2930 πολεμουμένη,
3358 2856 3655 2928 διαλάμπει

2072 2954 2353 3026 μειζόνως.
2407 2954 2519 3007 Kal
2559 2955 2593 3024 ἡ
2649 2953 2748 3024 μὲν
2778 2953 2842 3007 ού
2875 2953 3016 3023 μετά
3061 2954 3188 3017 τοὺς
3219 2954 3437 3022 ἀγῶνας
3470 2954 3653 3024 μόνον,

2070 3049 2206 3105 ἀλλὰ
2237 3049 2332 3103 καὶ
2359 3050 2417 3104 ἐν
2446 3048 2629 3113 αὐτοῖς
2656 3050 2770 3113 τοῖς
2798 3047 3005 3118 ἀγῶσιν
3038 3048 3147 3120 ἔχει
3178 3048 3249 3104 τά
3277 3048 3526 3121 βραϐεῖα,
3559 3050 3656 3106 καὶ

2068 3146 2098 3198 ό
2119 3140 2280 3208 ἆθλος
2295 3142 2527 3198 ἐπαθλον
2552 3143 2690 3216 αὐτῇ
2717 3136 2929 3213 γίνεται
2946 3161 2962 3177 ο
2979 3146 3014 3217 ἡ
3046 3144 3102 3200 δέ
3133 3146 3261 3201 ὅταν
3289 3147 3508 3221 νικήσῃ,
3530 3147 3657 3202 τότε

2072 3240 2274 3313 μᾶλλον
2325 3239 2769 3312 καταισχύνεται,
2804 3241 2928 3295 τότε
2958 3240 3273 3308 κολάζεται,
3301 3243 3424 3296 τότε
3457 3242 3653 3312 πολλῆς
3773 3277 3777 3281 -

2071 3336 2375 3409 πληροῦται
2402 3337 2502 3407 τῆς
2520 3335 2763 3407 ἀτιμίας,
2799 3336 2892 3392 καὶ
2916 3337 3025 3409 πρὸ
3043 3340 3141 3410 τῆς
3163 3338 3537 3411 ἀποκειμένης
3565 3340 3658 3393 αύ-

2068 3436 2136 3504 τῇ
2162 3432 2458 3499 κολάσεως,
2485 3434 2544 3486 ἐν
2564 3433 2713 3504 αὐτῷ
2735 3431 2816 3503 τῷ
2845 3434 3107 3505 πράττειν
3125 3432 3535 3509 τιμωρουμένη,
3562 3438 3659 3494 καὶ

2069 3529 2188 3599 οὐχὶ
2223 3528 2363 3598 μετά
2393 3529 2455 3582 τὺ
2484 3527 2689 3600 πρᾶξαι
2711 3528 2892 3600 μόνον.
2928 3529 2994 3584 El
3024 3529 3083 3584 δέ
3106 3532 3480 3603 ἀσαφέστερος
3509 3536 3539 3588 ό
3569 3534 3657 3587 λό-

2069 3640 2187 3693 γος.
2212 3624 2448 3680 ἄκουσον
2465 3622 2560 3677 τοῦ
2594 3624 2870 3696 μακαρίου
2898 3625 3116 3680 Παύλου
3147 3627 3322 3683 ταῦτα
3369 3629 3655 3700 ἀμφότερα

2068 3719 2452 3792 διακρίνοντος.
2489 3719 2723 3791 Γράφων
2762 3720 2872 3793 γάρ
2927 3739 3059 3777 ποτε
3088 3723 3400 3792 Ῥωμαίοις,
3431 3725 3524 3777 καὶ
3564 3726 3656 3778 τὸν

2069 3817 2382 3890 ἀκάθαρτόν
2423 3833 2586 3872 τινων
2625 3818 2992 3889 ἐκπομπεύων
3039 3818 3176 3889 βίον,
3213 3820 3306 3872 καὶ
3336 3819 3550 3885 δεικνὺς
3573 3821 3655 3875 ὅτι

2070 3916 2166 3971 καὶ
2194 3915 2301 3987 πρὸ
2330 3915 2430 3986 τῆς
2461 3915 2755 3986 τιμωρίας,
2783 3916 2842 3967 ἐν
2861 3914 2997 3987 αὐτῇ
3028 3917 3093 3985 τῇ
3123 3914 3320 3985 πράξει
3351 3916 3452 3988 τὴν
3479 3934 3653 3989 τιμω-

2072 4012 2193 4084 ρίαν
2240 4013 2275 4083 ἡ
2321 4011 2609 4082 ἁμαρτίαι
2668 4009 3203 4083 συγκεκληρωμένην
3255 4011 3389 4082 ἔχει,
3453 4014 3653 4085 μίξεων

2069 4106 2403 4180 παρανόμων
2431 4104 2694 4178 μνησθεὶς
2721 4104 3000 4174 γυναικῶν
3041 4123 3104 4161 τε
3157 4107 3254 4162 καὶ
3282 4109 3514 4182 ἀνδρῶν,
3542 4111 3654 4167 τῶν

2067 4208 2193 4270 τοὺς
2219 4206 2379 4278 ὄρους
2399 4204 2501 4276 τῆς
2529 4203 2747 4275 φύσεως
2799 4204 3185 4277 παραϐάντων,
3219 4209 3313 4263 καὶ
3356 4209 3655 4283 ἐπιθυμίαν

2068 4303 2190 4358 τινά
2231 4302 2518 4358 ἀλλόκοτον
2550 4300 2978 4372 ἐπινοησάντων,
3008 4301 3151 4357 οὕτω
3189 4303 3308 4369 πῶς
3353 4323 3519 4377 φησιν
3538 4322 3553 4339 ·
3581 4309 3657 4363 At

2068 4402 2180 4473 γὰρ
2202 4399 2437 4469 θήλειαι
2452 4399 2655 4456 αὐτῶν
2670 4401 3068 4471 μετήλλαξαν
3086 4401 3205 4472 τὴν
3220 4403 3497 4473 φυσικὴν
3514 4403 3652 4476 χρῆο

2068 4516 2174 4556 σιν
2205 4501 2292 4566 είς
2316 4498 2431 4568 τὴν
2454 4498 2615 4568 παρὰ
2634 4499 2849 4568 φύσιν.
2892 4499 3136 4569 ὀμοίως
3168 4499 3238 4553 δὲ
3268 4500 3370 4555 καί
3397 4503 3451 4556 οί
3480 4501 3652 4571 ἀρρε-

2067 4614 2193 4666 νες,
2243 4596 2497 4667 ἀφέντες
2535 4594 2652 4667 τὴν
2687 4597 2963 4668 φυσικὴν
2997 4596 3222 4668 χρῆσιν
3249 4597 3357 4668 τῆς
3386 4599 3651 4669 θηλείας,

2068 4696 2490 4765 ἐξεκαύθησαν
2528 4693 2648 4765 μὲν
2670 4692 2747 4765 τῇ
2770 4692 2960 4764 ὀρέξει
2978 4694 3179 4750 αὐτῶν
3203 4697 3291 4762 είς
3314 4695 3647 4765 ἀλλήλους,

2068 4792 2316 4864 ἄρρενες
2349 4792 2419 4847 ἐν
2448 4794 2660 4863 ἄρρεσι
2684 4792 2801 4863 τὴν
2830 4794 3277 4865 ἀσχημοσύνην
3310 4792 3652 4864 κατεργαζό-

2063 4909 2254 4963 μενοι,
2290 4892 2389 4946 καί
2418 4892 2535 4962 τὴν
2563 4892 2964 4962 ἀντιμισθίαν,
2990 4889 3070 4960 ἢν
3093 4891 3233 4959 ἔδει,
3274 4891 3386 4962 τῆς
3412 4894 3655 4962 πλάνης

2067 4988 2287 5056 αὐτῶν,
2310 4990 2383 5044 ἐν
2411 4989 2650 5055 ἑαυτοῖς
2685 4988 3233 5059 ἀπολαμϐάνοντες.
3272 4991 3337 5045 Τί
3382 4992 3579 5063 λέγεις.
3607 4990 3656 5051 ὦ

2069 5086 2284 5153 Παῦλε;
2338 5087 2450 5141 Kal
2499 5088 2607 5158 μὴν
2655 5085 2876 5157 ἡδονται
2904 5086 2955 5139 οἱ
2979 5085 3154 5141 ταῦτα
3197 5088 3526 5161 τολμῶντες,
3558 5096 3654 5149 καὶ

2072 5184 2189 5255 μετ’
2222 5181 2516 5254 ἐπιθυμίας
2548 5182 2648 5253 τὴν
2700 5184 3019 5255 παράνομον
3073 5184 3276 5259 ταύτην
3324 5189 3651 5261 ἐργάζονται

2072 5280 2251 5353 μίξιν;
2276 5279 2404 5345 Πῶς
2435 5276 2529 5335 οὖν
2556 5280 2757 5345 αὐτοὺς
2792 5282 2931 5355 ἔφης
2962 5283 3287 5351 κολάζεσθαι
3329 5289 3387 5342 ἐν
3415 5289 3565 5359 αὑτῷ
3586 5292 3653 5364 δη

2068 5377 2282 5449 τούτῳς
2319 5378 2447 5432 Ὀτι
2490 5378 2589 5450 τὴν
2618 5377 2821 5449 ψῆφον,
2852 5380 3040 5451 φησὶν,
3062 5382 3163 5437 οὐκ
3189 5384 3298 5438 ἀπὸ
3327 5386 3427 5457 τῆς
3452 5387 3652 5459 ἡδονῆς

2068 5476 2177 5532 τῶν
2199 5475 2517 5543 νοσούντων,
2547 5476 2661 5530 ἀλλ’
2683 5477 2793 5531 ἀπὸ
2815 5476 2917 5550 τῆς
2933 5479 3041 5533 τῶν
3072 5483 3409 5554 πραγμάτων
3432 5486 3654 5556 ἐκφέρω

2134 5618 2159 5648 ⁸
2186 5619 2294 5685 Πῦρ
2316 5628 2430 5685 mss_.
2456 5618 2541 5675 τήν
2570 5620 2843 5685 πονηρίανή
2869 5621 3092 5685 ἁμαρτία.
3123 5623 3246 5675 Infra
3273 5631 3378 5685 tres
3406 5637 3519 5674 mss.
3547 5623 3659 5679 τοὺς

2070 5680 2207 5748 ϐρους
2228 5683 2312 5736 τῆς
2351 5680 2542 5748 ,φύσεως
2582 5680 2981 5746 ὒπεῤϐαινόντὼνζ
3014 5685 3149 5735 Edili
3175 5694 3259 5746 τῆς
3300 5684 3480 5748 φύσεως
3502 5699 3654 5746 παρα·-

2071 5743 2273 5802 ϐἀντων,
2299 5743 2461 5792 minus
2483 5743 2685 5793 τοτιθ.’
3222 5743 3229 5746 ⁷
3308 5743 3316 5748 “
3571 5743 3580 5746 ’
3674 5766 3681 5777 α
