4058 6218
464 400 705 471 φύσεως.
733 390 953 462 Ἐπειδὴ
982 390 1075 444 xal
1104 391 1133 442 6
1164 388 1349 459 μοιχὸς
1376 388 1470 439 καὶ
1502 386 1608 456 πρὸ
1630 384 1726 453 τῆς
1745 380 2033 453 τιμωρίας,

469 495 531 547 ἐν
549 486 701 559 αὐτῷ
736 485 815 555 τῷ
850 483 1121 555 μοιχεύειν
1153 478 1462 542 κολάζεται,
1495 476 1600 529 κᾶν
1640 473 2034 545 ἥδεσθαιδοκῇ,

468 578 569 649 την
597 575 776 647 ψυχὴν
801 573 1020 646 χείρονα
1045 569 1215 621 ποιῶν
1235 568 1329 621 καὶ
1362 566 1716 637 φαυλοτέραν.
1752 565 1862 619 Kal
1891 564 1920 616 6
1945 563 2038 616 ἀν-

468 667 745 740 δροφόνος,
770 665 898 735 πρὶν
932 663 967 733 ἢ
1004 661 1349 730 δικαστήριον
1385 658 1531 722 ἰδεῖν,
1561 656 1654 711 καὶ
1681 655 1807 725 ξίφη
1841 656 2041 725 ἠκονη-

475 759 632 828 μένα,
661 756 755 811 καὶ
785 755 967 809 δοῦναι
993 752 1227 815 εὐθύνας
1249 750 1356 804 τῶν
1384 748 1823 820 τετολμημένων,
1854 748 1911 800 ἐν
1942 747 2041 800 αύ-

470 848 548 920 τῷ
578 847 656 919 τῷ
690 845 936 917 φονεύειν
963 842 1260 920 ἀπόλωλεν,
1291 839 1451 895 πάλιν
1478 840 1572 893 καὶ
1592 839 1754 902 αὐτὸς
1777 835 2041 906 φαυλοτέ-

473 914 572 1012 ράν
598 914 775 1009 ἐαυτῷ
806 914 1226 997 κατασκευάζων
1254 932 1354 1003 τὴν
1386 930 1585 1002 ψυχήν.
1615 928 1890 1002 [587]Kal
1905 928 2042 998 ὅπερ

468 1030 614 1083 ἐστὶν
640 1027 741 1097 ,ἐπὶ
786 1026 1039 1097 σώματος
1074 1021 1372 1094 ἀρρωστία,
1425 1019 1675 1090 πυρετὸς,
1708 1018 1742 1088 ἢ
1764 1016 1972 1087 ῦδερος,
2004 1014 2040 1085 ἢ

469 1122 596 1176 ἀλλο
630 1096 682 1173 τι
725 1120 833 1173 τῶν
867 1096 1142 1182 τοιούτων,
1180 1116 1275 1168 καὶ
1305 1114 1401 1166 ἐπὶ
1447 1112 1669 1183 σιδήρου
1703 1111 1799 1177 ίὸς,
1830 1112 1922 1164 καὶ
1949 1108 2043 1164 ἐπὶ

472 1210 622 1282 ἐρίου
652 1208 769 1280 σὴς,
795 1209 891 1262 καὶ
938 1207 1032 1260 ἐπὶ
1076 1205 1233 1272 ξύλου
1286 1203 1523 1275 σκώληξ,
1554 1203 1648 1257 καὶ
1670 1204 1760 1256 ἐπὶ
1796 1203 2043 1275 κεράτων

469 1296 613 1364 ἶπες,
650 1301 805 1353 τοῦτο
832 1300 926 1353 ἐπὶ
955 1299 1055 1369 τῆς
1077 1297 1256 1367 ψυχῆς
1277 1295 1462 1349 κακία.
1491 1295 1601 1349 Kal
1628 1295 1733 1367 γάρ
1776 1294 2045 1365 ἀνδραπο-

470 1392 609 1462 δώδη
650 1391 820 1461 αὐτὴν
850 1391 994 1441 ποιεί
1032 1389 1126 1441 καὶ
1152 1386 1545 1458 ἀνελευθέραν·
1582 1385 1633 1439 τί
1673 1385 1817 1453 λέγω
1850 1385 2047 1455 ἀνδρα-

472 1480 687 1549 ποδώδη
716 1481 809 1531 καὶ
847 1476 1235 1546 ἀνελευθέραν;
1280 1474 1516 1540 ’Λλόγων
1551 1471 1719 1543 αὐτὴν
1753 1470 2045 1542 ἐργάζεται

471 1570 672 1641 ψυχὴν,
708 1570 806 1639 τὴν
842 1568 942 1639 μέν
974 1566 1162 1627 λύκου,
1195 1566 1293 1635 τὴν
1326 1565 1381 1617 δὲ
1410 1565 1590 1627 κυνὸς,
1619 1564 1716 1635 τὴν
1753 1564 1810 1616 δέ
1850 1565 2044 1632 δφεως,

474 1660 573 1732 τὴν
602 1660 657 1711 δέ
684 1658 918 1728 ἐχίδνης,
948 1656 1046 1727 τὴν
1085 1655 1141 1707 δὲ
1171 1654 1357 1724 ἐτέρου
1395 1653 1584 1725 θηρίου
1634 1652 1879 1705 ποιοῦσα.
1936 1653 2048 1706 Καὶ

471 1750 632 1804 τοῦτο
668 1748 950 1819 δηλοῦντες
976 1747 1024 1799 οί
1062 1748 1357 1815 προφῆται,
1388 1745 1481 1798 καὶ
1512 1745 1610 1815 τὴν
1635 1745 1699 1797 ἐκ
1735 1744 1834 1813 τῆς
1853 1744 2050 1807 κακίας

472 1840 778 1913 μεταϐολὴν
817 1840 951 1892 πᾶσι
1002 1836 1274 1909 γνώριμον
1317 1836 1618 1900 ποιοῦντες,
1656 1838 1685 1889 6
1722 1836 1821 1907 μὲν
1856 1836 2045 1905 ἔλεγε*

475 1933 666 1998 Κύνες
702 1930 881 1991 ἐνεοί,
913 1930 985 1984 οὐ
1019 1927 1341 1997 δυνάμενοι
1378 1927 1681 1993 ὑλακτεῖν,
1717 1926 1842 1990 τοὺς
1886 1926 2052 1980 ὑπού-

471 2020 597 2087 λους
630 2021 738 2075 τῶν
786 2020 1109 2090 ἀνθρώπων,
1137 2020 1233 2071 καὶ
1280 2017 1555 2090 λαθραίως
1607 2018 2052 2083 ἐπιϐουλεύοντας

471 2117 582 2178 τοῖς
604 2113 836 2166 λυττῶσι
860 2112 969 2164 τῶν
996 2111 1176 2165 κυνῶν
1210 2109 1590 2183 παραϐάλλων.
1624 2111 1759 2164 Οὐδὲ
1782 2111 1890 2181 γὰρ
1917 2111 2052 2182 μετὰ

474 2204 702 2274 ὑλακῆς,
747 2204 876 2256 ὅταν
940 2202 1229 2266 λυττῶσιν,
1289 2201 1605 2272 ἐπέρχονται
1643 2203 1861 2266 ἐκεῖνοι,
1919 2201 2054 2256 ἀλλά

476 2296 600 2363 σιγῇ
632 2291 968 2362 προσιόντες,
1005 2291 1220 2361 χείρονα
1250 2290 1358 2343 τῶν
1383 2290 1758 2344 ὑλακτούντων
1798 2292 2055 2362 ἐργάζον-

472 2400 563 2436 ται
591 2383 717 2445 τοὺς
747 2381 997 2445 ἁλόντας.
1035 2381 1094 2434 '0
1128 2381 1184 2433 δὲ
1217 2380 1463 2452 κορώνην
1495 2382 1678 2436 ἐκάλει
1718 2382 1880 2435 πάλιν
1903 2383 2055 2446 τινάς

472 2470 814 2543 ἀνθρώπους.
860 2472 918 2525 '0
958 2472 1015 2524 δέ
1054 2471 1238 2540 ἔλεγεν
1258 2487 1272 2503 ⁸
1303 2472 1646 2540 Ἀνθρωπος
1682 2473 1753 2526 ὲν
1786 2472 1925 2543 τιμῇ
1969 2472 2057 2527 ὢν

468 2564 548 2616 οὐ
594 2561 829 2631 συνῆκε
849 2577 863 2591 ⁶
907 2560 1417 2630 παρασυνεὸἱιήθη
1470 2563 1598 2629 τοῖς
1647 2562 1896 2630 κτήνεσι
1930 2563 2057 2631 τοῖς

474 2654 774 2720 ἀνοήτοις,
798 2654 892 2708 καί
925 2652 1190 2724 ὡμοιώθη
1219 2653 1441 2720 αὐτοῖς.
1488 2654 1546 2707 '0
1577 2654 1634 2708 δέ
1673 2655 2056 2727 περισσότερος

478 2746 796 2818 προφητῶν,
830 2745 985 2816 ὁ-τῆς
1015 2746 1233 2817 στείρας
1264 2746 1401 2808 υίὸς,
1435 2746 1530 2799 xal
1566 2745 1720 2814 ὄφεις
1740 2747 1835 2799 καὶ
1863 2748 2055 2817 γεννή-

476 2854 628 2907 ματα
654 2835 898 2907 ἐχιδνῶν,
927 2836 1079 2905 παρά
1096 2836 1186 2890 τὸν
1224 2836 1495 2908 Ἰορδάνην
1517 2835 1711 2903 ἑστὼς,
1734 2836 1885 2900 τινὰς
1925 2838 2059 2891 ώνό-

483 2943 675 2997 μασεν.
706 2926 770 2977 Τί
795 2927 998 2996 ταύτης
1026 2927 1205 2978 τοίνυν
1255 2926 1368 2979 ἴσον
1420 2927 1618 2995 γένοιτ’
1646 2926 1712 2980 ἀν
1744 2927 1843 2997 τῆς
1891 2944 2059 2997 τιμω-

481 3015 627 3087 ρίας,
662 3015 791 3067 ὅταν
839 3017 868 3067 6
893 3016 1011 3068 κατ’
1040 3015 1224 3068 εἰκόνα
1249 3014 1385 3068 Θεοῦ
1414 3016 1729 3088 γενόμενος,
1760 3017 1853 3072 καὶ
1872 3016 2061 3070 τοσαύ-

480 3123 579 3179 της
630 3106 948 3169 ἀπολαύσας
979 3106 1174 3177 τιμῆς,
1205 3107 1268 3159 τὸ
1310 3107 1527 3175 λογικὸν
1563 3108 1655 3161 καὶ
1705 3107 2058 3179 ⁴ἡμερώτατον

480 3197 642 3263 ζῶον,
677 3198 759 3260 είς
779 3196 1047 3266 τοσαύτην
1078 3197 1408 3252 καταπίπτει
1436 3197 1727 3267 θηριωδίαν
1747 3216 1760 3228 ·

552 3345 616 3399 δ’.
650 3340 804 3408 Εἶδες
836 3346 952 3407 πῶς
983 3343 1077 3397 καὶ
1105 3343 1212 3413 πρὸ
1236 3342 1338 3412 τῆς
1368 3341 1643 3406 κολασεως
1677 3338 1739 3393 ἐν
1766 3342 1932 3413 ἑαυτῇ
1966 3340 2063 3411 τὴν

485 3435 759 3507 τιμωρίαν
787 3437 822 3507 ἡ
850 3433 1020 3489 κακία
1044 3433 1188 3503 ﬁxes;
1219 3432 1375 3488 Μάθε
1400 3431 1520 3497 πῶς
1547 3433 1641 3486 καὶ
1677 3433 1736 3486 ἐν
1763 3434 1831 3504 τῇ
1869 3434 2063 3507 ἀρετῇ.

489 3527 584 3580 καὶ
613 3526 719 3597 πρὸ
748 3526 858 3580 τῶν
898 3526 1147 3583 ἐπάθλων
1175 3525 1312 3597 αὐτὴ
1343 3528 1543 3597 ἐαυτῆς
1568 3524 1800 3578 ἔπαθλον
1822 3526 1856 3596 ἡ
1892 3526 2063 3597 ἀρετὴ

488 3616 722 3684 γίνεται.
754 3617 966 3688 Ὠσπερ
992 3617 1102 3689 γὰρ
1128 3619 1187 3673 ἐν
1216 3617 1296 3688 τῷ
1332 3617 1577 3689 σώματι’
1612 3617 1765 3671 οὐδὲν
1799 3618 1907 3687 γάρ
1957 3634 2068 3670 κω·-

491 3705 613 3760 λύει
655 3707 820 3761 πάλιν
849 3707 928 3778 τῷ
961 3706 1106 3777 αύτῷ
1132 3707 1441 3778 χρήσασθαι
1484 3707 1916 3779 παραδείγματι,
1946 3707 2068 3760 πολ-

493 3794 589 3867 λὴν
628 3797 982 3868 ἐργαζομένῳ
1018 3798 1119 3867 τὴν
1165 3799 1496 3869 σαφήνειαν·
1530 3797 1721 3869 ῶσπερ
1759 3794 1852 3852 οῦν
1904 3799 1963 3853 ἐν
1989 3798 2068 3870 τῷ

495 3886 730 3957 σώματι,
751 3889 780 3939 6
800 3888 1057 3956 ὑγιαίνων
1081 3888 1176 3941 καὶ
1195 3887 1548 3960 εὐσωματῶν,
1567 3889 1661 3942 καὶ
1682 3890 1863 3960 πάσης
1895 3889 2069 3960 ἀπηλ-

496 3978 764 4049 λαγμένος
801 3980 1133 4050 ἀρρωστίας,
1166 3980 1261 4033 καὶ
1293 3980 1399 4052 πρὸ
1424 3979 1521 4049 τῆς
1538 3981 1749 4052 τρυφῆς
1771 3981 1918 4052 αὐτῷ
1946 3983 2072 4035 τού-

493 4067 572 4136 τῷ
623 4073 822 4141 τρυφᾷ,
875 4072 1404 4144 συγκεκληρωμένην
1450 4072 1591 4144 ἔχων
1640 4076 1706 4145 τῇ
1757 4073 1938 4145 ὑγιείᾳ
1973 4070 2072 4144 τὴν

494 4160 709 4232 ἡδονὴν,
747 4162 844 4216 καὶ
881 4162 1004 4215 οὔτε
1029 4164 1207 4234 ἀέρων
1234 4164 1399 4218 αὐτὸν
1425 4164 1751 4236 ἀνωμαλίαι,
1799 4164 1923 4220 οῦτε
1977 4166 2074 4221 αύ-

495 4249 656 4321 χμδς,
686 4249 810 4303 οὔτε
837 4251 1066 4322 κρυμὸς,
1087 4251 1206 4304 οὐδὲ
1226 4252 1471 4305 εὐτέλεια
1493 4253 1794 4323 τραπέζης.
1817 4255 1918 4307 οὐκ
1946 4252 2074 4308 ἀλλο

497 4357 551 4393 τι
579 4339 688 4394 τῶν
713 4338 968 4395 τοιούτων
1009 4340 1249 4411 λυπῆσαι
1292 4340 1494 4395 δύναιτ’
1541 4343 1629 4408 ἂν,
1671 4343 1947 4415 ἀρκούσης
1975 4344 2073 4414 τῆς

500 4428 711 4497 ὑγιείας
739 4427 838 4500 τὴν
860 4429 924 4483 ἐκ
957 4429 1161 4514 τούτων
1199 4428 1628 4501 διακρούσασθαι
1664 4431 1869 4504 βλάϐην
1890 4450 1904 4464 ·
1932 4432 2074 4487 οῦτω

498 4521 563 4593 δὴ
603 4522 697 4575 καὶ
723 4521 817 4574 ἐπὶ
846 4522 945 4590 τῆς
974 4520 1156 4591 ψυχῆς
1193 4520 1514 4592 συμϐαίνειν
1564 4522 1740 4576 εἴωθε.
1786 4525 1885 4579 Διὰ
1917 4523 2075 4578 τοῦτο

500 4612 643 4665 καὶὸ
671 4611 879 4676 Παῦλος
916 4612 1365 4683 μαστιγούμενος,
1398 4612 1773 4685 ἐλαυνόμενος,
1806 4619 1875 4671 τά
1908 4617 2077 4687 μυρία

502 4703 728 4773 πάσχων
746 4702 915 4767 δεινὰ,
949 4702 1190 4774 ἔχαιρεν,
1221 4703 1366 4758 οὕτω
1392 4703 1565 4773 λέγων
1586 4722 1601 4738 ο
1635 4706 1828 4775 Χαίρω
1860 4708 1928 4761 ἐν
1951 4708 2076 4775 τοῖς

499 4793 816 4864 παθήμασί
862 4811 983 4863 μου
1031 4792 1182 4862 ὑπὲρ
1224 4792 1413 4863 ὑμῶν.
1450 4795 1528 4848 Οὐ
1556 4796 1716 4867 μόνον
1761 4797 1819 4851 ἐν
1870 4800 1938 4869 τῇ
1987 4797 2079 4870 βα·

503 4880 679 4952 σιλείᾳ
700 4881 809 4936 τῶν
836 4882 1082 4954 οὐρανῶν
1124 4882 1185 4937 τὸ
1234 4882 1467 4939 ἔπαθλον
1508 4887 1682 4939 κεῖται
1703 4890 1809 4960 τῆς
1852 4887 2075 4960 ἀρετῆς,

503 4969 640 5023 ἀλλὰ
684 4972 780 5025 καὶ
827 4975 886 5029 ἐν
937 4974 1092 5045 αύτῷ
1128 4975 1208 5047 τῷ
1240 4975 1490 5047 πάσχειν,
1516 4977 1642 5032 ἐπεὶ
1668 4979 1951 5034 καὶτοῦτο
1979 4980 2077 5052 μέ-

505 5076 690 5129 γιστον
735 5061 988 5130 ἔπαθλον,
1018 5065 1079 5120 τὸ
1126 5066 1267 5139 ὑπὲρ
1300 5068 1559 5140 ἀληθείας
1606 5086 1660 5125 τι
1713 5070 1927 5127 παθεῖν.
1980 5072 2081 5127 Διά

507 5151 664 5206 τοῦτο
688 5154 782 5213 καὶ
810 5156 838 5208 6
864 5156 1023 5227 χορὸς
1055 5157 1164 5213 τῶν
1210 5160 1523 5215 ἀποστόλων
1554 5160 1863 5233 ἐπανῄεσαν
1893 5165 1958 5217 ἐκ
1984 5163 2077 5216 τοῦ

512 5241 787 5312 συνεδρίου
816 5242 925 5298 τῶν
969 5245 1238 5301 Ἰουδαίων
1267 5249 1568 5320 χαίροντες,
1597 5253 1659 5305 ού
1681 5254 1772 5307 διὰ
1798 5253 1896 5323 τὴν
1928 5253 2072 5323 βασι-

510 5328 663 5387 λείαν
711 5334 870 5405 μόνον
912 5337 1023 5393 τῶν
1076 5339 1341 5412 οὐρανῶν,
1391 5343 1504 5397 ἀλλ’
1532 5345 1615 5398 ὅτι
1664 5345 2080 5417 κατηξιώθησαν

511 5420 654 5492 ὑπὲρ
680 5424 772 5476 τοῦ
801 5427 1064 5497 ὀνόματος
1096 5431 1189 5487 τοῦ
1235 5433 1409 5505 Ἰησοῦ
1436 5436 1824 5508 ἀτιμασθῆναι.
1849 5438 1959 5492 Kal
1980 5438 2081 5492 αύ-

507 5509 571 5565 τδ
597 5513 705 5586 γάρ
739 5515 896 5571 τοῦτο
932 5520 1023 5572 καὶ
1051 5521 1171 5574 καθ’
1205 5524 1365 5577 ἑαυτὸ
1400 5528 1629 5600 μεγίστη
1657 5528 1790 5599 τιμὴ
1826 5531 1919 5586 καὶ
1965 5529 2082 5584 στέ-

1168 291 1237 348 'S.
1278 290 1561 347 JOANNIS
1600 282 2081 345 CIIRYSOSTOMI
2121 276 2442 337 ARCHIEP.
2481 268 3025 332 CONSTANTINOP.

3601 270 3706 328 606

2150 402 2337 458 φανός,
2367 383 2461 436 καὶ
2496 379 2766 452 βραϐεῖον,
2812 377 2907 429 καὶ
2949 370 3142 443 ἡδονῆς
3176 368 3428 431 ὑπόθεσις
3460 368 3706 440 ἀμαράν-

2147 477 2593 552 του.[588]Χαῖρε
2609 477 2817 531 τοίνυν
2829 472 2925 527 καὶ
2939 466 3376 537 σκίρτησον.ού
3392 465 3500 535 γὰρ
3519 464 3710 536 μικρὸς

2150 573 2331 643 ἆθλος,
2354 573 2489 629 ἀλλά
2519 573 2613 625 καὶ
2641 570 2850 641 σφόδρα
2885 567 3054 639 μέγας
3080 558 3234 627 οὗτος
3262 564 3291 616 6
3319 561 3418 632 τῆς
3446 577 3713 629 συκοφαν-

2149 674 2270 737 τίας
2313 672 2449 739 ἐστὶ,
2478 670 2571 725 καὶ
2604 669 2838 740 μάλιστα
2865 667 2995 721 ὅταν
3046 664 3140 716 ἐπὶ
3179 659 3406 730 τοιούτῳ
3436 658 3656 729 μεγάλῳ
3685 670 3713 699 ι

2151 770 2453 840 ἐγκλήματι
2481 767 2721 837 γίνηται,
2755 763 2840 834 ἐφ’
2869 759 2915 832 ᾧ
2942 761 3037 815 νῦν
3062 760 3212 831 ἡμᾶς
3245 757 3715 826 ἐσυκοφάντησαν,

2151 869 2210 921 ἐν
2227 866 2470 937 δημοσίῳ
2494 861 2828 933 δικαστηρίῳ
2857 858 2948 914 τὸν
2974 855 3303 929 ἐμπρησμὸν
3331 853 3715 923 ἐγκαλοῦντες.

2150 963 2241 1016 Διὸ
2293 961 2389 1016 καὶ
2434 956 2682 1029 Σολομὼν
2710 955 2773 1010 τὸ
2796 954 2967 1027 τραχὺ
2999 952 3095 1006 τοῦ
3133 950 3342 1021 ἀγῶνος
3366 948 3716 1021 παραστῆσαι

2154 1060 2493 1132 βουλόμενος,
2525 1052 2725 1120 Εἶδον,
2763 1052 2918 1122 φησι,
2947 1050 3057 1115 τὰς
3070 1046 3488 1116 συκοφαντίας
3507 1045 3613 1111 τὰς
3632 1063 3719 1114 τις·

2149 1154 2407 1223 νομένας
2433 1151 2557 1207 ὑπὸ
2580 1149 2687 1203 τύν
2710 1147 2909 1216 ἣλιον,
2949 1144 3047 1199 καὶ
3068 1142 3199 1198 ίδοὺ
3230 1143 3259 1185 ι’
3293 1140 3561 1210 δάκρυον
3598 1140 3717 1194 τῶν

2151 1232 2738 1317 συκοφαντουμένων
2759 1284 2775 1310 ,
2819 1243 2918 1299 καί
2949 1243 3062 1297 οὐκ
3102 1236 3183 1310 ἦν
3207 1239 3430 1306 αὐτοὺς
3466 1241 3500 1292 ὁ
3526 1254 3715 1307 παρα-

2153 1345 2378 1403 καλῶν.
2402 1345 2466 1396 El
2501 1342 2557 1396 δέ
2598 1342 2771 1413 μέγας
2799 1343 2828 1394 6
2855 1338 3026 1409 ἀγὼν,
3061 1337 3251 1408 ὥσπερ
3276 1331 3371 1390 οῦν
3394 1334 3588 1406 μέγας,
3623 1331 3719 1386 εῦ-

2151 1443 2309 1514 δηλον
2339 1443 2421 1495 δτι
2444 1441 2539 1495 καὶ
2563 1441 2591 1493 6
2613 1438 2862 1508 κείμενος
2884 1436 2978 1491 ἐπὶ
3010 1435 3185 1507 τούτῳ
3211 1434 3473 1503 στέφανος
3496 1432 3717 1502 μείζων.

2154 1540 2251 1594 Διὰ
2284 1537 2440 1591 τοῦτο
2473 1536 2565 1590 καὶ
2601 1537 2629 1589 6
2666 1532 2901 1605 Χριστὸς
2924 1531 3138 1586 κελεύει
3162 1531 3374 1602 χαίρειν
3416 1529 3513 1584 xal
3559 1545 3719 1600 σκιρ-

2152 1639 2252 1708 τᾷν
2279 1637 2405 1700 τοὺς
2428 1634 2614 1688 τοῦτον
2638 1632 3070 1702 ἀγωνιζομένους
3103 1630 3193 1684 τὸν
3223 1629 3411 1698 ἀγῶνα
3456 1626 3593 1701 μετά
3620 1627 3723 1697 τῆς

2153 1731 2535 1805 προσηκούσης
2586 1713 2883 1800 ὑπομονῆς.
2929 1728 3195 1797 Χαίρετε,
3244 1725 3588 1799 γὰρ,‹φησὶ,
3618 1721 3716 1776 καὶ

2152 1827 2541 1896 σκιρτήσατε,
2575 1825 2722 1878 ὅταν
2743 1825 2955 1878 ετπωσι
2972 1821 3098 1878 πᾶν
3117 1819 3387 1889 πονηρὸν
3397 1816 3565 1887 ῥῆμα
3585 1816 3716 1872 καθ’

2157 1921 2319 1992 ὑμῶν
2332 1920 2711 1990 ψευδόμενοι,
2737 1918 2947 1973 ἕνεκεν
2958 1917 3126 1987 ἐμοῦ,
3154 1916 3243 1971 ὅτι
3270 1920 3304 1971 ό
3318 1913 3535 1985 μισθὸς
3554 1912 3718 1983 ὑμῶν

2153 2019 2346 2083 πολὺς
2375 2015 2593 2082 ἐν’τοῖς
2620 2014 2919 2084 οὐρανοῖς.
2960 2014 3127 2086 Ὁρᾷς
3164 2015 3337 2083 πόσης
3361 2012 3553 2083 ἡδονῆς
3573 2050 3590 2075 ,
3619 2011 3720 2064 πό·

2157 2131 2250 2166 σου
2272 2112 2487 2182 μισθοῦ,
2511 2111 2686 2183 πόσης
2702 2108 3040 2181 εὐφροσύνης
3059 2110 3188 2180 ἡμῖν
3207 2107 3371 2162 αίτιοι
3396 2108 3446 2161 οἱ
3468 2107 3717 2177 πολέμιοι

2154 2208 2395 2276 γίνονται
2422 2224 2436 2271 ;
2464 2207 2588 2270 Πῶς
2610 2202 2702 2260 οῦν
2730 2207 2831 2260 οὐκ
2857 2206 3057 2259 ἀτοπον
3075 2245 3091 2269 ,
3116 2204 3151 2259 ἃ
3188 2205 3264 2276 μὴ
3285 2199 3631 2276 ἢδυνήθησάν
3660 2220 3720 2256 σε

2156 2303 2489 2376 ἐργάσασθαι
2543 2304 2739 2356 ἐκεῖνοι
2785 2301 2951 2365 κακὰ,
2986 2300 3101 2355 ἀλλ’
3131 2293 3207 2355 ὧν
3260 2300 3331 2353 τὰ
3371 2299 3590 2355 ἐναντία
3627 2317 3723 2353 πε-

2158 2401 2438 2470 ποιήκασι,
2467 2398 2644 2453 ταῦτα
2712 2400 2882 2469 σαυτῇ
2938 2396 3269 2463 διατιθέναι;
3301 2395 3367 2449 Τί
3420 2395 3478 2449 δέ
3519 2398 3666 2449 ἐστιν
3693 2396 3722 2448 ὅ

2159 2512 2302 2564 φημι
2326 2510 2342 2558 ;
2386 2494 2612 2547 Ἐκεῖνοι
2640 2492 2741 2562 μέν
2759 2494 2820 2547 ού
2850 2492 3008 2563 μόνον
3027 2509 3085 2546 σε
3110 2491 3268 2562 δίκην
3296 2491 3598 2562 ἀπαιτῆσαι
3622 2489 3722 2543 οῦκ

2158 2590 2407 2659 ισχυσαν,
2422 2589 2554 2643 ἀλλά
2570 2589 2662 2641 καὶ
2679 2588 2937 2658 ἀφορμήν
2968 2605 3050 2643 σοι
3075 2587 3348 2658 παρέσχον
3364 2586 3720 2657 εὐφροσύνης,

2158 2688 2254 2743 καὶ
2285 2687 2474 2757 ἡδονῆς
2494 2686 2751 2741 ὑπόθεσιν
2781 2686 3096 2758 ἀμαράντου
3120 2702 3134 2715 ⁸
3166 2687 3231 2739 σὺ
3264 2686 3324 2740 δέ
3351 2685 3494 2740 οὕτω
3521 2687 3723 2756 σαυτὴν

2160 2781 2551 2836 κατατείνουσα
2585 2781 2689 2835 ὑπὸ
2740 2783 2839 2852 τῆς
2865 2782 3128 2851 ἀθυμίας,
3149 2781 3303 2852 δίκην
3332 2782 3536 2852 σαυτὴν
3561 2782 3725 2834 ἀπαι-

2159 2882 2291 2945 τεῖς,
2325 2878 2685 2950 συγχεομένη,
2711 2878 3111 2949 ταραττομένη,
3138 2877 3339 2948 πολλῆς
3368 2878 3723 2949 πληρουμένη

2162 2977 2356 3048 λύπης.
2375 2974 2560 3030 Ταῦτα
2581 2973 2690 3044 γὰρ
2721 2974 2963 3037 ἐκείνους
2990 2973 3096 3026 ἔδει
3117 2975 3311 3037 ποιεῖν,
3334 2973 3447 3042 εῐγε
3477 2973 3575 3042 6ψέ
3596 2973 3726 3042 γοῦν

2160 3089 2291 3126 ποτε
2321 3071 2389 3125 τὰ
2404 3073 2576 3125 οἰκεῖα
2606 3068 2989 3143 ἠϐουλήθησαν
3007 3068 3303 3138 ἐπιγνῶναι
3319 3069 3485 3124 κακά.
3503 3070 3727 3122 Ἐκεῖνοι

2161 3165 2379 3221 πενθεῖν
2407 3165 2604 3219 δίκαιοι
2644 3165 2711 3220 ἂν
2744 3161 2852 3219 εἷεν
2887 3161 3015 3230 νῦν,
3054 3164 3272 3237 θρηνεῖν
3297 3203 3313 3228 ,
3345 3162 3726 3227 καταδύεσθαι,

2163 3262 2620 3331 ἐγκαλύπτεσθαι,
2674 3260 3106 3332 κατορωρύχθαι,
3138 3259 3274 3331 μηδὲ
3310 3258 3402 3311 τὸν
3424 3259 3575 3330 ἥλιον
3600 3258 3727 3312 τοῦ·

2166 3376 2255 3413 τον
2275 3360 2429 3429 όρᾷν,
2455 3357 2568 3411 ἀλλ’
2600 3358 2657 3413 ἐν
2692 3358 2869 3428 σκότῳ
2891 3374 2995 3410 που
3018 3355 3477 3422 κατακλείσαντες
3505 3357 3731 3424 ἑαυτοὺς

2165 3454 2233 3506 τά
2258 3471 2315 3505 τε
2339 3455 2513 3507 οἰκεῖα
2532 3454 2748 3524 θρηνεῖν
2773 3452 2944 3519 κακὰ,
2974 3453 3069 3506 καὶ
3089 3448 3171 3516 οἷς
3200 3452 3467 3516 τοσαύτας
3499 3452 3732 3523 Ἐκκληο

2167 3548 2287 3613 σίας
2322 3548 2638 3621 περιέϐαλον
2670 3564 2682 3578 ·
2721 3547 2780 3602 σέ
2804 3547 2859 3602 δὲ
2880 3546 3205 3616 ἀγάλλεσθαι
3231 3547 3325 3601 καὶ
3356 3547 3571 3618 χαίρειν
3604 3546 3732 3620 χρὴ,

2165 3641 2247 3697 ὅτι
2274 3641 2335 3695 τὸ
2365 3640 2659 3711 κεφάλαιόν
2693 3657 2776 3694 σοι
2802 3640 2909 3695 τῶν
2932 3639 3139 3713 ἀρετῶν
3163 3640 3539 3712 κατώρθωται.
3566 3637 3735 3694 Οἶσθα

2168 3737 2297 3809 γὰρ,
2326 3731 2479 3790 οῐσθα
2504 3734 2710 3804 σαφῶς,
2735 3735 2816 3789 ὅτι
2833 3735 3112 3807 ὑπομονῆς
3132 3736 3244 3790 ἴσον
3266 3737 3439 3803 οὐδὲν,
3461 3736 3577 3791 ἀλλ’
3595 3736 3734 3808 αῦτη

2171 3834 2406 3906 μάλιστά
2433 3834 2581 3887 ἐστιν
2610 3833 2644 3903 ἠ
2674 3832 2882 3904 βασιλὶς
2910 3832 3019 3888 τῶν
3040 3832 3271 3905 ἀρετῶν,
3297 3834 3326 3885 6
3344 3833 3597 3904 θεμέλιος
3625 3834 3733 3889 τῶν

2168 3928 2609 4000 κατορθωμάτων
2632 3970 2648 3995 ,
2683 3928 2847 4001 λιμὴν
2877 3931 2906 3983 6
2930 3928 3279 3999 ἀκύμαντος,
3311 3931 3346 4000 η
3376 3930 3435 3983 ἐν
3479 3930 3735 4001 πολέμοις

2169 4027 2381 4097 εἰρήνη,
2418 4026 2451 4095 ἡ
2484 4027 2542 4079 ἐν
2558 4022 2787 4079 κλύδωνι
2818 4025 3049 4097 γαλήνη,
3080 4027 3115 4097 ἡ
3141 4026 3199 4079 ἐν
3222 4026 3535 4089 ἐπιϐουλαῖς
3562 4026 3737 4096 ἀσφάο

2168 4121 2307 4186 λεια,
2344 4124 2376 4194 ἡ
2409 4122 2501 4175 τὸν
2545 4122 2947 4193 κατωρθωκότα
2977 4122 3148 4192 αὐτὴν
3177 4122 3484 4193 ἀδάμαντος
3508 4122 3737 4194 στερρό-

2133 4230 2322 4290 ’τερον
2359 4216 2608 4283 ποιοῦσα,
2638 4219 2704 4289 ἢν
2740 4218 2841 4288 οὐχ
2886 4217 3029 4272 ὅπλα
3060 4217 3388 4287 κινούμενα,
3420 4219 3479 4271 ού
3507 4217 3733 4289 στρατό-

2145 4314 2303 4383 πεδα
2336 4314 2809 4384 παραταττόμενα,
2831 4314 2893 4368 ού
2928 4314 3307 4386 μηχανήματα
3326 4314 3734 4386 προσαγόμενα,

2165 4410 2226 4462 οὐ
2264 4407 2414 4474 τόξα,
2465 4409 2523 4463 ού
2577 4409 2779 4481 δόρατα
2811 4408 3099 4479 ἀφιέμενα,
3130 4410 3232 4463 οὐκ
3252 4410 3382 4463 αὐτὸ
3405 4409 3513 4464 τῶν
3542 4410 3736 4481 δαιμό-

2166 4521 2271 4559 νων
2301 4504 2363 4557 τὸ
2391 4503 2769 4574 στρατόπεδον,
2797 4505 2895 4575 οὐχ
2915 4507 2972 4559 al
3002 4506 3231 4577 φοϐεραὶ
3262 4506 3539 4577 φάλαγγες
3570 4517 3595 4546 ε
3623 4496 3737 4561 τῶν

2166 4598 2555 4671 ἀντικειμένων
2578 4599 2892 4671 δυνάμεων,
2925 4602 3025 4655 οὐκ
3047 4603 3207 4668 αὐτὸς
3233 4606 3262 4658 6
3292 4603 3556 4671 διάϐολος,
3598 4604 3739 4676 μετά

2167 4694 2349 4765 πάσης
2376 4692 2542 4748 αὐτοῦ
2571 4696 3051 4767 παραταττόμενος
3084 4696 3187 4768 τῆς
3213 4701 3475 4770 στρατιᾶς
3502 4702 3599 4754 καὶ
3634 4701 3736 4770 τῆς

2169 4794 2434 4865 μηχανῆς,
2456 4792 2809 4864 παραδλάψαι
2834 4793 3140 4865 δυνήσεται.
3166 4793 3232 4848 Τί
3254 4795 3433 4850 τοίνυν
3457 4795 3737 4862 δέδοικας;

2166 4890 2308 4952 τίνος
2335 4889 2519 4943 ἕνεκεν
2551 4889 2767 4958 ἀλγεῖς,
2801 4892 2897 4945 καὶ
2938 4892 3103 4945 αὑτοῦ
3135 4890 3231 4945 τοῦ
3260 4891 3360 4963 ζῇν
3395 4890 3739 4962 μελετήσασα

2169 4990 2551 5059 καταφρονεῖν,
2581 4988 2647 5059 ἢν
2679 4987 2868 5058 καιρὸς
2884 4988 3022 5059 καλῇ
3045 5005 3060 5054 ;
3103 4988 3264 5043 ’Δλλά
3282 4989 3435 5043 λύσιν
3453 4988 3734 5059 ἐπιθυμεῖς

2179 5084 2308 5139 ιδεῖν
2332 5084 2440 5139 τῶν
2468 5085 2806 5156 κατεχόντων
2830 5084 3036 5142 κακῶν.
3074 5085 3264 5139 Ἔσται
3295 5086 3390 5139 καὶ
3417 5085 3608 5153 τοῦτο,
3647 5085 3735 5141 καὶ

2235 5418 2261 5491 ξι
2283 5418 2491 5491 ἒξεγάλῳ
2510 5416 2731 5491 dees}_i_n
2755 5421 2985 5491 guibggd.
3010 5420 3279 5491 πιθα-ἰδίει.
3317 5423 3388 5488 ἐφ’
3410 5423 3451 5491 ᾧ
3477 5421 3557 5473 νῦν
3577 5424 3725 5486 mag.

2231 5477 2263 5520 δ
2283 5477 2407 5527 Tres
2428 5477 2541 5529 niss.
2568 5482 2649 5529 καὶ
2670 5477 2791 5531 ίδούῖ
2817 5482 2947 5533 Edil.
2972 5486 3052 5533 καὶ
3072 5483 3213 5536 εἶδεν.

2235 5542 2258 5570 ε
2287 5539 2413 5591 Tres
2434 5554 2549 5593 mss.
2571 5544 2620 5591 αἱ
2643 5542 2827 5606 ζοφεραὶ
2848 5543 3096 5609 φάλαγγες.
