4058 6218
380 274 485 332 6υὸ

382 386 515 445 tium
544 384 816 455 voluptate
835 425 854 453 ,
891 383 986 442 sed
1010 384 1080 441 ab
1107 385 1221 457 ipsa
1250 400 1428 442 rerum
1457 396 1644 444 natura
1673 388 1959 460 proferam.

376 476 819 549 Quandoquidem
848 476 1007 532 etiam
1030 476 1266 544 adulter,
1283 479 1431 550 prius
1449 496 1608 551 quam
1630 496 1814 552 pinnas
1834 499 1967 553 pen-

376 572 491 636 dat,
520 572 575 626 in
598 571 716 640 ipso
741 570 902 625 etiam
928 569 1171 625 adulterii
1199 585 1364 641 opere
1390 573 1627 641 punitur,
1649 575 1856 630 etiamsi
1877 591 1969 631 vo-

375 665 581 735 luptate
609 661 745 718 afﬁci
775 677 837 718 se
863 663 1149 719 arbitretur
1172 704 1188 729 ,
1218 664 1346 720 dum
1377 666 1615 736 pejorem
1641 682 1704 723 ac
1731 669 1965 724 scelera-

376 758 571 813 tiorem
615 756 849 811 animam
886 757 1083 813 reddit.
1123 757 1359 815 Sicarins
1407 761 1531 816 item
1557 803 1573 829 ,
1619 762 1766 831 prius
1803 764 1963 819 etiam

373 865 535 919 quam
567 849 799 905 tribunal
825 863 890 904 ac
919 861 1213 919 praeacutos
1238 852 1442 922 gladios
1468 855 1777 924 prospiciat.
1806 865 1965 926 atque

372 940 733 995 admissurum
762 940 1024 995 scelerum
1055 955 1241 1011 poenas
1268 943 1385 1007 det,
1416 943 1469 997 in
1502 943 1615 1012 ipso
1640 945 1804 1000 catdis
1830 945 1962 1002 faci—

372 1044 506 1085 nere
532 1030 711 1099 periit,
738 1040 795 1084 ut
819 1029 909 1100 qui
934 1031 1093 1085 etiam
1122 1031 1234 1101 ipse
1254 1030 1571 1089 deteriorem
1600 1036 1699 1091 sibi
1725 1036 1826 1105 ipsi
1846 1038 1963 1091 ani-

372 1138 517 1177 mam
546 1121 806 1177 effecerit.
850 1121 1111 1194 Quodque
1136 1124 1190 1178 in
1225 1139 1450 1196 corpore
1479 1127 1698 1181 morbus
1725 1138 1807 1184 est
1830 1171 1844 1197 ,
1872 1139 1962 1185 aut

374 1213 563 1280 febris,
578 1223 670 1269 aut
686 1213 1007 1286 hydropisis,
1031 1223 1122 1269 aut
1142 1216 1284 1271 aliud
1308 1217 1568 1286 ejusmodi
1591 1218 1880 1288 quidpiam,
1907 1230 1961 1276 et

371 1306 428 1360 in
456 1304 602 1360 ferro
621 1304 829 1374 rubigo,
860 1313 913 1359 et
934 1306 985 1358 in
1007 1305 1125 1360 lana
1156 1306 1317 1373 tinea,
1345 1308 1471 1362 etin
1496 1308 1641 1379 ligno
1665 1310 1883 1377 vermis,
1907 1319 1962 1366 et

371 1398 425 1452 in
460 1396 713 1452 cornibus
750 1398 898 1466 ipes,
940 1395 1044 1452 hoc
1067 1397 1118 1450 in
1143 1398 1320 1453 anima
1357 1399 1543 1453 vitium
1568 1408 1668 1455 est.
1700 1400 1957 1457 Servilem

370 1490 513 1544 enim
552 1498 712 1558 atque
750 1489 1039 1558 subjectam
1070 1498 1125 1544 et
1153 1490 1421 1545 sordidam
1447 1506 1564 1547 eam
1594 1492 1800 1559 reddit;
1832 1495 1959 1565 quid

371 1590 551 1636 autem
579 1580 827 1635 servilem
848 1591 901 1636 et
915 1580 1184 1636 sordidam
1210 1582 1364 1637 dico?
1395 1583 1679 1639 Brutorum
1709 1600 1826 1641 eam
1853 1586 1971 1642 ani-

370 1689 515 1729 mam
543 1674 726 1741 efﬁcit,
753 1673 894 1728 illam
921 1689 1116 1744 nempe
1135 1674 1263 1744 lupi,
1287 1675 1431 1729 illam
1458 1676 1637 1741 canis,
1668 1676 1809 1732 illam
1836 1693 1957 1733 ser-

370 1763 565 1834 pentis,
589 1764 731 1818 illam
762 1764 976 1833 viperze,
997 1764 1140 1820 illam
1168 1764 1462 1835 cujuspiam
1483 1766 1617 1823 alius
1642 1766 1848 1824 bestiae.
1874 1768 1960 1824 ld-

367 1870 475 1926 que
492 1864 553 1910 ut
571 1853 862 1911 indicarent
878 1855 1170 1926 prophetae,
1193 1857 1647 1928 mutationemque
1667 1873 1735 1914 ex
1760 1860 1829 1914 im
1838 1874 1955 1929 pro-

367 1946 535 2002 bitate
548 1956 875 2002 contractam
905 1946 1151 2003 omnibus
1173 1947 1515 2018 conspicuam
1542 1950 1790 2015 facerent,
1820 1950 1956 2006 alius

365 2038 613 2094 dicebat:
644 2036 804 2092 Canes
819 2040 966 2106 muti,
983 2054 1086 2093 non
1109 2037 1331 2094 valentes
1358 2039 1545 2094 latrare
1559 2039 1713 2109 (Isai.
1730 2040 1952 2111 56.10),

365 2130 624 2188 subdolos
649 2131 874 2199 scilicet,
901 2146 967 2188 ac
985 2139 1318 2187 veteratores
1340 2132 1607 2199 homines,
1628 2133 1849 2204 aliisque
1873 2134 1956 2189 in-

363 2225 531 2282 sidias
548 2225 685 2282 clam
712 2234 980 2282 struentes
1000 2224 1200 2283 rabidis
1223 2225 1445 2282 canibus
1469 2240 1806 2297 comparans.
1836 2226 1953 2282 Non

366 2319 514 2376 enim
539 2319 637 2385 illi,
665 2333 785 2374 cum
812 2317 961 2374 rabie
992 2317 1237 2375 laborant
1256 2360 1273 2386 ,
1303 2319 1559 2375 latrantes
1581 2319 1839 2390 impetum
1871 2318 1951 2374 fa-

360 2413 552 2480 ciunt,
579 2411 676 2468 sed
715 2426 1026 2483 compresso
1066 2412 1305 2469 clamore
1341 2412 1659 2468 accedentes
1679 2452 1696 2478 ,
1740 2413 1955 2485 gravius

362 2518 525 2575 quam
557 2503 593 2558 ii
631 2502 724 2573 qui
764 2503 1004 2572 latrant,
1043 2517 1139 2558 eos
1179 2506 1316 2573 quos
1358 2489 1607 2559 mordent
1644 2504 1948 2560 vulnerant.

359 2596 515 2651 Alius
542 2609 755 2651 rursum
791 2593 1061 2651 cornicem
1088 2593 1162 2666 (α)
1190 2592 1437 2650 homines
1468 2594 1727 2665 quosdam
1755 2596 1944 2666 appel-

358 2685 506 2741 labat
534 2685 667 2757 (Jer.
707 2686 761 2741 5.
804 2685 886 2756 2).
926 2684 1080 2741 Alius
1112 2686 1241 2742 item
1283 2686 1499 2742 aiebat:
1530 2685 1702 2743 Homo
1739 2703 1855 2742 cum
1897 2689 1953 2743 in

358 2777 552 2833 honore
580 2786 744 2845 esset,
783 2793 886 2833 non
912 2777 1160 2833 intellexit
1190 2792 1211 2832 :
1238 2788 1563 2850 comparatus
1605 2789 1679 2834 est
1703 2781 1952 2850 jumentis

356 2872 714 2942 insipientibus
732 2913 748 2940 ,
777 2880 824 2928 et
852 2872 1032 2946 similis
1062 2875 1227 2944 factus
1253 2882 1328 2928 est
1352 2874 1457 2928 illis
1505 2873 1675 2947 (Psal.
1713 2875 1805 2930 48.
1836 2876 1963 2947 15).ί

354 2964 409 3021 Is
433 2964 666 3035 denique
685 2966 775 3036 qui
805 2965 1082 3036 plusquam
1107 2967 1367 3037 propheta
1393 2976 1509 3024 erat
1529 3009 1546 3035 ,
1578 2968 1625 3023 is
1644 3011 1657 3034 ,
1687 2968 1901 3040 inquam
1928 3012 1944 3039 ,

354 3056 566 3113 sterilis
591 3056 755 3124 ﬁlius,
782 3056 850 3112 ad
876 3057 1166 3113 Jordanem
1193 3067 1371 3125 stans,
1403 3069 1681 3129 serpentes
1701 3075 1765 3116 ac
1793 3062 1946 3131 vipe—

349 3161 536 3203 rarum
558 3147 865 3218 progeniem
886 3147 1147 3219 quosdam
1172 3149 1531 3219 nuncupabat.
1553 3148 1818 3217 Quidnam
1841 3151 1944 3223 igi-

351 3246 445 3293 tur
472 3237 598 3295 huic
624 3238 888 3309 supplicio
913 3253 1010 3309 par
1033 3254 1154 3296 esse
1181 3248 1374 3310 queat,
1415 3255 1537 3295 cum
1577 3241 1622 3295 is
1651 3242 1743 3311 qui
1769 3242 1837 3296 ad
1862 3243 1945 3299 di-

351 3331 537 3386 vinam
563 3330 851 3401 imaginem
893 3329 1178 3399 conditus,
1208 3339 1460 3402 tantoque
1496 3331 1700 3389 honore
1723 3345 1944 3391 ornatus

345 3431 451 3490 est,
487 3422 618 3478 illud
640 3465 657 3490 ,
685 3422 899 3494 inquam
924 3464 940 3490 ,
967 3425 1177 3479 ratione
1199 3438 1263 3479 ac
1288 3437 1495 3479 summa
1531 3426 1941 3484 mansuetudine

344 3513 634 3586 praeditum
660 3513 883 3581 animal,
916 3513 973 3569 in
1005 3522 1208 3569 tantam
1238 3514 1501 3570 feritatem
1530 3515 1871 3585 prolabitur?

420 3607 481 3662 4.
511 3605 703 3662 Vidisti
729 3604 1000 3676 quomodo
1027 3606 1188 3661 etiam
1224 3613 1349 3661 ante
1377 3606 1694 3676 supplicium
1739 3607 1942 3678 impro-

338 3698 488 3755 bitas
509 3696 563 3752 in
584 3697 759 3768 seipsa
780 3711 993 3767 pmnam
1019 3695 1252 3753 habeat?
1283 3694 1523 3768 lntellige
1545 3712 1686 3752 nunc
1705 3713 1937 3767 quonam

339 3801 506 3864 pacto
530 3790 732 3857 virtus,
761 3790 925 3847 etiam
950 3800 1075 3847 ante
1100 3790 1317 3861 praemia
1340 3831 1358 3859 ,
1385 3791 1498 3861 ipsa
1525 3791 1625 3847 sibi
1656 3793 1936 3861 praemium

337 3883 437 3939 sit.
465 3881 536 3939 Ut
557 3883 700 3938 enim
729 3883 782 3937 in
803 3878 1062 3952 corpore;
1085 3882 1159 3937 nil
1189 3882 1331 3937 enim
1354 3881 1625 3951 prohibet,
1651 3885 1935 3953 quominus

336 3973 537 4043 eodem
558 3987 748 4028 rursus
767 3972 1033 4043 exemplo,
1062 3971 1205 4043 quod
1228 3970 1621 4042 perspicuitatis
1647 3972 1933 4042 plurimum

336 4064 523 4132 aﬁ‘ert,
551 4073 799 4129 utamur;
830 4073 910 4131 ut,
949 4064 1185 4135 inquam,
1223 4064 1276 4118 in
1303 4078 1559 4135 corpore,
1588 4066 1634 4121 is
1658 4066 1747 4137 qui
1772 4080 1934 4123 sanus

335 4166 466 4224 est,
507 4170 572 4212 ac
613 4155 769 4212 ﬁrma
810 4155 1115 4212 valetudine
1147 4154 1438 4227 praeditus,
1479 4166 1641 4227 atque
1678 4157 1748 4215 ab
1785 4162 1933 4216 omni

334 4249 538 4307 morbo
560 4248 770 4306 alienus
793 4290 809 4317 ,
840 4248 1002 4308 etiam
1030 4258 1157 4306 ante
1183 4249 1408 4307 delicias
1435 4249 1540 4307 hoc
1568 4251 1685 4321 ipso
1714 4254 1932 4310 nomine

332 4345 399 4401 ill
421 4341 627 4399 deliciis
651 4352 731 4399 est
752 4382 769 4411 ,
801 4351 988 4413 utpote
1025 4341 1120 4413 qui
1156 4342 1497 4413 conjunctam
1539 4358 1661 4399 cum
1704 4346 1931 4403 sanitate

333 4434 671 4505 voluptatem
697 4434 913 4503 habeat,
945 4443 1105 4506 atque
1131 4435 1203 4490 ita
1229 4444 1570 4506 comparatus
1596 4437 1666 4492 sit
1691 4478 1707 4504 ,
1744 4447 1805 4493 ut
1830 4454 1930 4496 nec

331 4527 486 4583 aeris
512 4526 762 4595 varietas,
789 4541 892 4583 nec
914 4535 1107 4593 aestus,
1135 4541 1236 4583 nec
1259 4527 1429 4596 algor,
1463 4543 1562 4585 nec
1591 4545 1792 4586 mensae
1820 4531 1930 4586 vili-

335 4629 424 4675 tas
443 4660 459 4685 ,
491 4633 593 4674 nec
610 4618 899 4689 quidquam
926 4617 1072 4673 aliud
1098 4618 1362 4688 ejusmodi
1388 4620 1690 4674 molestiam
1721 4621 1822 4691 ipsi
1851 4621 1928 4678 af-

332 4714 487 4769 ferre
530 4712 719 4782 possit,
759 4710 907 4781 quod
951 4709 1202 4767 videlicet
1247 4710 1451 4766 sanitas
1490 4710 1592 4779 iis,
1637 4727 1757 4782 quae
1800 4712 1926 4770 inde

327 4804 622 4869 oriuntur,
664 4801 999 4859 detrimentis
1042 4801 1418 4872 propulsandis
1455 4816 1552 4872 par
1590 4801 1659 4857 sit
1691 4821 1704 4858 :
1732 4803 1924 4861 eodem

324 4893 500 4950 modo
523 4894 576 4947 in
596 4894 777 4961 anima
792 4907 1006 4965 quoque
1029 4907 1130 4948 usu
1156 4894 1342 4948 venire
1367 4894 1666 4948 consuevit.
1695 4896 1776 4949 Ac
1797 4910 1924 4965 pro-

318 4998 521 5059 pterea
560 4986 758 5042 Paulus
795 4988 958 5044 etiam
987 5002 1108 5043 cum
1133 4985 1313 5058 flagris
1336 4986 1631 5043 caederetur
1653 5029 1667 5052 ,
1697 5003 1921 5046 vexare-

328 5091 446 5145 tur,
478 5078 773 5134 innumeris
794 5077 950 5133 malis
972 5076 1297 5145 afﬁceretur,
1323 5077 1607 5149 gaudebat,
1639 5079 1722 5135 bis
1739 5080 1921 5137 verbis

329 5180 521 5236 uteris,
556 5169 765 5225 Gaudeo
790 5170 845 5225 in
881 5170 1196 5243 passionibus
1237 5171 1360 5226 meis
1399 5186 1492 5241 pro
1520 5170 1655 5226 vobis
1685 5170 1819 5244 (Col.
1861 5174 1915 5228 l.

318 5263 453 5333 9.4).
485 5261 600 5317 Non
625 5263 807 5327 modo,
845 5263 1062 5333 inquam
1086 5302 1103 5329 ,
1134 5263 1187 5316 in
1226 5263 1480 5317 caelorum
1526 5276 1692 5332 regno
1733 5262 1917 5318 virtuti

315 5356 609 5430 praemium
634 5366 877 5428 paratum
903 5365 985 5413 est
1007 5395 1027 5423 ,
1056 5354 1152 5411 sed
1189 5354 1351 5411 etiam
1391 5355 1444 5408 in
1483 5354 1596 5425 ipsa
1638 5354 1915 5410 calamita-

311 5461 443 5506 tum
485 5450 859 5520 perpessione;
903 5446 1333 5519 quandoquidem
1378 5445 1519 5502 istud
1562 5460 1772 5518 quoque
1799 5460 1916 5501 am-

391 5564 467 5628 (a)
498 5562 908 5628 verisimilitcr‘in
924 5569 1095 5613 mente
1117 5561 1286 5628 habuit
1314 5561 1444 5628 hunc
1488 5560 1645 5628 locum
1667 5562 1909 5628 Jeremiae,

305 5626 375 5680 3.
399 5623 471 5692 είς
501 5635 555 5677 In
572 5627 658 5678 niis
679 5625 846 5678 sedisti
866 5626 991 5692 sicut
1008 5638 1183 5692 cornix
1216 5626 1465 5692 desolata;
1498 5623 1576 5692 vel
1591 5633 1758 5692 certe,
1783 5623 1911 5692 quod

313 5699 405 5739 est
451 5690 500 5738 in
518 5692 662 5751 epist.
686 5697 867 5738 ieram.
892 5702 937 5738 ν.
965 5689 1043 5743 54,
1069 5685 1190 5737 sicut
1224 5686 1350 5739 enim
1388 5685 1646 5742 cornicula?
1668 5684 1717 5737 in
1752 5683 1909 5737 medio

306 5750 435 5804 cali
459 5760 502 5802 et
523 5750 688 5803 terra.
710 5758 820 5803 Bac
842 5757 1011 5802 Fronto
1036 5757 1250 5801 Dircaeus.

1840 278 2218 337 EPISTOLE.

2076 415 2299 484 piissimi
2328 418 2530 487 praemii
2560 418 2728 477 instar
2751 430 2853 489 est,
2879 438 3073 496 nempe
3096 441 3195 499 pro
3212 430 3439 490 veritate
3458 432 3655 490 lucum.

2073 506 2232 561 modo
2262 509 2441 577 aliquo
2481 510 2644 567 afﬁci.
2685 512 2767 569 0b
2792 528 3020 586 eamque
3046 530 3262 576 causam
3292 525 3654 592 apostolorum

2071 596 2269 653 chorus
2296 616 2327 655 e
2351 600 2656 658 Judmorum
2686 607 2913 663 concilio
2955 608 3111 665 laetus
3152 611 3312 668 rediit
3338 656 3353 679 ,
3399 631 3507 671 non
3539 628 3654 674 tan-

2072 697 2180 743 tmn
2211 691 2280 745 ob
2305 706 2525 763 regnum
2572 696 2827 752 caelorum
2857 740 2873 765 ,
2905 701 3002 757 sed
3042 702 3164 772 quia
3195 704 3341 776 digni
3372 707 3536 764 habiti
3579 710 3656 764 fu-

2068 790 2223 835 erant
2269 799 2365 852 pro
2412 786 2627 842 nomine
2668 786 2795 844 Iesu
2840 795 3223 850 contumeliam
3265 798 3370 867 pati
3412 798 3551 872 (Act.
3597 801 3653 856 5.

2068 868 2181 943 4f).
2221 872 2349 927 Nam
2380 883 2433 930 et
2462 874 2565 931 hoc
2591 877 2763 947 ipsum
2795 895 2889 951 per
2917 896 2976 937 se
3000 885 3360 954 amplissimus
3381 868 3575 959 honor,
3596 900 3652 948 et

2065 978 2283 1032 corona,
2308 976 2363 1022 et
2392 971 2666 1037 praemium
2687 980 2788 1037 est,
2811 974 3201 1046 voluptatisque
3227 990 3498 1050 perpetuae
3526 998 3649 1039 ma-

2066 1057 2218 1112 teria.
2247 1057 2431 1115 Gaude
2455 1060 2613 1130 igitur
2636 1072 2692 1119 et
2715 1064 2944 1120 exsulta.
2974 1066 3091 1123 Non
3114 1047 3257 1125 enim
3286 1047 3528 1142 parvum,
3555 1075 3653 1133 sed
3674 1047 3686 1058 .

2064 1160 2318 1216 perquam
2344 1149 2526 1220 ingens
2541 1152 2641 1208 hoc
2662 1162 2930 1211 certamen
2951 1166 3050 1224 est,
3071 1158 3319 1215 nimirum
3339 1162 3653 1223 calumnias:

2061 1251 2125 1291 ac
2155 1241 2450 1306 prmsertim
2500 1255 2622 1296 cum
2666 1244 2735 1300 ob
2788 1255 2892 1300 tam
2924 1247 3112 1318 ingens
3155 1251 3359 1308 crimen
3407 1255 3657 1326 exsistit,

2061 1327 2360 1397 cujusmodi
2407 1347 2548 1388 nunc
2574 1334 2728 1392 nobis
2759 1337 2776 1368 ⁸
2805 1337 3144 1406 afﬁnxerunt,
3175 1343 3230 1397 in
3258 1344 3470 1413 publico
3497 1350 3659 1407 nimi-

2061 1432 2179 1472 rum
2225 1421 2475 1477 tribunali
2501 1425 2655 1481 nobis
2680 1428 2984 1486 incendium
3012 1433 3343 1503 objicientes.
3383 1438 3689 1505 Quamobr-

2058 1524 2175 1564 rem
2226 1512 2386 1567 etiam
2437 1514 2688 1573 Salomon
2740 1524 3049 1580 certaminis
3098 1523 3257 1597 hujus
3321 1532 3655 1591 atrocitatem

2059 1600 2333 1694 declarare
2370 1608 2610 1677 cupiens,
2642 1608 2793 1679 ,Vidi,
2841 1613 3031 1684 inquit,
3061 1616 3343 1676 calumnias
3384 1639 3502 1694 quin
3524 1626 3656 1694 fiunt

2058 1692 2148 1746 sub
2168 1694 2294 1760 sole,
2321 1705 2371 1750 et
2399 1713 2511 1752 ecce
2536 1700 2787 1771 lacrymas
2807 1720 2979 1759 eorum
3002 1708 3090 1777 qui
3115 1710 3382 1769 calumniis
3396 1692 3656 1786 impetun—

2058 1792 2161 1876 tur,
2184 1796 2231 1839 et
2260 1803 2362 1841 non
2387 1799 2496 1843 erat
2522 1792 2610 1861 qui
2629 1809 2713 1847 eos
2731 1796 3077 1852 consolaretur
3095 1798 3292 1871 (Eccle.
3313 1804 3365 1859 4.
3398 1806 3475 1876 1η).
3499 1808 3657 1875 Quod

2057 1875 2103 1929 si
2132 1890 2379 1946 magnum
2410 1889 2680 1938 certamen
2707 1892 2810 1952 est,
2845 1894 2903 1940 ut
2930 1901 3116 1943 revera
3143 1899 3245 1958 est,
3288 1875 3453 1964 liquet
3477 1898 3653 1967 profe-

2056 1976 2144 2022 cto
2176 1969 2433 2040 majorem
2463 1988 2677 2044 quoque
2716 1990 2971 2034 coronam
3012 1980 3114 2050 ipsi
3140 1986 3479 2042 constitutam
3509 2004 3650 2047 esse.

2062 2058 2141 2114 Ac
2170 2070 2452 2131 propterea
2479 2062 2722 2122 Christus
2746 2082 2841 2124 eos
2864 2070 3096 2140 gaudere
3118 2083 3174 2130 et
3191 2076 3460 2134 exsultare
3474 2079 3655 2149 jubet,

2056 2150 2147 2218 qui
2205 2166 2330 2206 cum
2384 2168 2448 2209 ea
2503 2170 2606 2226 qua
2652 2171 2750 2227 par
2803 2169 2886 2215 est
2929 2161 3182 2231 patientia
3211 2165 3316 2221 hoc
3360 2167 3651 2229 certamine

2060 2241 2370 2315 funguntur.
2405 2245 2630 2303 Gaudete
2655 2250 2819 2318 enim,
2846 2253 3036 2323 inquit,
3068 2266 3117 2309 et
3143 2258 3410 2325 exsultate,
3437 2277 3552 2316 cum
3572 2264 3655 2318 di-

2053 2335 2220 2389 xerint
2246 2337 2447 2391 verbum
2492 2355 2638 2395 omne
2667 2342 2859 2398 malum
2897 2344 3167 2401 aduersum
3202 2364 3288 2403 vos
3322 2353 3644 2425 mentientes,

2055 2438 2259 2498 prapter
2282 2445 2379 2495 me,
2425 2432 2663 2500 quoniam
2691 2450 2877 2490 merces
2912 2447 3076 2492 vestra
3097 2439 3301 2510 copiosa
3327 2453 3401 2497 est
3437 2445 3491 2499 in
3515 2446 3653 2501 carlis

2055 2516 2271 2589 (Matth.
2326 2520 2379 2575 5.
2409 2522 2497 2576 ll.
2548 2523 2660 2593 η).
2706 2523 2942 2583 Videsne
2983 2537 3234 2598 quantam
3281 2534 3650 2604 voluptatem,

2054 2625 2307 2681 quantam
2354 2615 2678 2684 mercedem,
2723 2628 2977 2689 quantam
3022 2621 3188 2677 animi
3236 2624 3655 2684 oblectationem

2054 2702 2238 2759 hostes
2277 2705 2433 2760 nobis
2480 2709 2798 2762 accersunt?
2825 2709 3018 2765 Annon
3060 2712 3219 2783 igitur
3263 2725 3669 2784 praeposterum.-

2052 2791 2231 2860 fuerit,
2258 2795 2451 2866 quibus
2478 2804 2529 2851 te
2556 2797 2710 2852 malis
2731 2798 2804 2854 illi
2827 2797 3045 2858 afﬁcere
3065 2817 3172 2857 non
3201 2814 3509 2875 potuerunt,
3538 2809 3669 2866 imo.

2052 2887 2243 2956 quibus
2284 2890 2550 2944 contraria
2594 2889 2904 2957 effecerunt,
2955 2893 3041 2949 his
3087 2895 3310 2967 teipsam
3353 2912 3385 2952 a
3422 2908 3475 2955 te
3503 2905 3642 2957 mul-

2049 2980 2179 3033 ctari
2201 2980 2224 3034 ‘l
2250 2980 2511 3049 Quidnam
2537 2993 2715 3039 autem
2740 2984 2823 3041 bis
2845 2986 3026 3043 verbis
3053 2987 3216 3044 volo?
3249 2988 3330 3045 llli
3357 3006 3465 3048 non
3485 2989 3657 3052 modo

2049 3085 2263 3142 poenam
2291 3090 2321 3129 a
2351 3084 2403 3130 te
2431 3087 2687 3147 expetere
2716 3092 2823 3133 non
2853 3087 3159 3149 potuerunt,
3187 3081 3283 3137 sed
3306 3083 3469 3139 etiam
3494 3086 3646 3145 dele-

2049 3164 2301 3220 ctationis
2329 3180 2393 3221 ac
2425 3176 2697 3237 perpetua
2723 3168 3010 3241 voluptatis
3032 3184 3217 3228 ansam
3267 3173 3359 3229 tibi
3384 3190 3642 3245 porrexe-

2048 3266 2175 3310 runt
2203 3274 2217 3310 :
2249 3265 2303 3311 tu
2350 3273 2479 3313 vero
2509 3260 2579 3312 ita
2608 3260 2833 3330 teipsam
2879 3275 2990 3332 prae
3018 3263 3183 3319 animi
3210 3269 3665 3329 consternatione.

2046 3361 2320 3417 premens,
2346 3350 2673 3421 supplicium
2692 3352 2762 3407 de
2801 3352 2969 3424 teipsa
2995 3355 3185 3424 sumis,
3213 3356 3342 3415 dum
3383 3359 3464 3416 sic
3484 3363 3661 3421 anxia~

2044 3441 2409 3512 perturbaris,
2456 3452 2615 3515 atque
2660 3444 2862 3515 ingenti
2908 3448 3163 3504 mmstitia
3212 3450 3474 3521 impleris.
3515 3454 3643 3511 Haec

2042 3534 2187 3589 enim
2214 3534 2336 3591 illos
2367 3534 2545 3592 facere
2570 3535 2873 3607 oportebat,
2905 3539 2951 3593 si
2977 3540 3193 3611 quidem
3219 3542 3504 3613 aliquando
3530 3546 3640 3601 sal-

2040 3634 2148 3682 tem
2178 3628 2317 3683 mala
2343 3641 2439 3683 sua
2467 3642 2761 3701 agnoscere
2787 3630 3007 3687 vellent.
3038 3630 3180 3702 Illos,
3204 3633 3440 3705 inquam,
3468 3635 3636 3707 ﬁere,

2040 3716 2243 3788 lugere,
2274 3718 2616 3789 erubescere,
2645 3736 2755 3790 prze
2779 3721 2986 3791 pudore
3007 3736 3102 3777 ora
3128 3738 3224 3778 sua
3248 3724 3519 3797 obtegere,
3548 3736 3632 3784 at-

2036 3825 2142 3881 que
2184 3811 2239 3865 in
2268 3820 2467 3867 terram
2497 3825 2558 3869 se
2605 3811 2806 3868 abdere
2836 3828 3048 3883 aequum
3078 3822 3215 3884 erat,
3247 3828 3311 3871 ac
3356 3831 3424 3872 ne
3463 3818 3636 3876 solem

2039 3900 2256 3971 quidem
2286 3901 2428 3957 hunc
2455 3903 2787 3972 prospicere,
2817 3903 2913 3958 sed
2952 3918 3074 3961 sese
3101 3905 3157 3961 in
3203 3906 3436 3979 tenebris
3460 3911 3637 3968 inclu-

2035 3991 2244 4060 dentes,
2278 4001 2386 4048 tum
2433 4006 2529 4048 sua
2556 3993 2695 4049 mala
2734 3993 3036 4066 deplorare,
3072 4003 3185 4053 tum
3215 4012 3280 4056 ea
3321 3999 3376 4056 in
3404 4015 3527 4073 qua:
3554 4011 3639 4060 tot

2034 4087 2304 4144 Ecclesiae
2341 4085 2688 4157 coniecerunt
2715 4104 2730 4143 :
2761 4096 2814 4146 te
2850 4104 2979 4145 vero
3023 4091 3295 4150 exsultare
3339 4108 3405 4151 ac
3448 4094 3641 4153 laetitia

2035 4177 2261 4235 diﬁ‘undi
2285 4178 2558 4247 convenit,
2586 4179 2710 4251 quia
2737 4178 2881 4251 quod
2908 4181 3163 4239 virtutum
3206 4192 3368 4257 caput
3394 4194 3478 4242 est
3497 4201 3634 4258 pra:-

2033 4272 2237 4329 stitisti.
2266 4271 2417 4328 Nosti
2465 4272 2632 4339 enim,
2676 4274 2820 4329 nosti
2865 4274 3106 4345 profecto
3150 4276 3282 4332 nihil
3325 4292 3448 4334 esse
3486 4280 3636 4349 quod

2036 4363 2344 4434 patientiam
2369 4361 2656 4433 adaequare
2672 4364 2859 4435 possit,
2890 4379 3074 4420 verum
3100 4365 3271 4437 ipsam
3293 4368 3629 4437 potissimum

2032 4455 2289 4509 virtutum
2333 4455 2573 4526 reginam
2622 4469 2776 4522 esse,
2822 4470 3003 4512 rerum
3050 4456 3309 4528 praeclare
3356 4468 3627 4531 gestarum

2030 4546 2455 4615 fundamentum,
2487 4555 2698 4618 portum
2738 4548 3102 4619 tranquillum,
3148 4548 3200 4604 in
3230 4548 3372 4606 bello
3397 4565 3581 4622 pacem
3605 4596 3633 4623 ,.

2028 4640 2081 4696 in
2111 4648 2427 4711 tempestate
2446 4639 2906 4711 tranquillitatem,
2931 4628 2985 4696 in
3013 4641 3221 4698 insidiis
3243 4645 3621 4703 securitatem:

2027 4750 2151 4805 quae
2181 4742 2497 4790 sectatorem
2547 4749 2701 4789 suum
2745 4734 3027 4789 adamante
3066 4733 3357 4791 ﬁrmiorem
3406 4737 3621 4807 reddit,

2025 4825 2267 4896 hancque
2290 4832 2536 4881 naturam
2564 4823 2745 4892 habet,
2778 4832 2836 4879 ut
2863 4838 2981 4879 eam
3009 4838 3108 4880 nec
3135 4839 3285 4880 arma
3314 4835 3478 4895 mota,
3509 4846 3616 4887 nec

2025 4919 2270 4976 instructi
2300 4917 2586 4986 exercitus,
2618 4931 2718 4973 nec
2743 4916 2978 4972 adhibita
3007 4924 3291 4985 tormenta,
3318 4934 3417 4976 nec
3432 4932 3616 4987 arcus,

2024 5027 2125 5067 nec
2144 5010 2344 5066 lanceae
2371 5009 2604 5077 emissae,
2636 5022 2734 5063 nec
2755 5007 2929 5080 ipsum
2949 5007 3253 5065 daemonum
3279 5025 3495 5081 agmen,
3516 5027 3619 5069 nec

2023 5101 2271 5159 terriﬁcas
2315 5100 2742 5156 adversariarum
2788 5110 3115 5171 potestatum
3157 5102 3469 5176 phalanges,
3517 5121 3619 5163 nec

2021 5194 2252 5265 denique
2290 5192 2534 5249 diabolus
2562 5193 2675 5264 ipse
2719 5208 2841 5248 cum
2869 5193 3120 5249 omnibus
3144 5194 3257 5249 suis
3299 5196 3469 5267 c0piis
3496 5213 3618 5253 ma-

2022 5286 2303 5358 chinisque
2326 5285 2379 5340 in
2409 5284 2578 5340 aciem
2611 5284 2886 5356 prodiens,
2916 5284 3238 5340 detrimento
3263 5286 3374 5342 ullo
3401 5285 3618 5345 afﬁcere

2020 5380 2207 5453 possit.
2239 5378 2377 5447 Quid
2399 5379 2557 5450 igitur
2586 5377 2934 5433 extimescis?
2958 5376 3085 5449 quid
3114 5380 3463 5447 excruciaris,
3485 5395 3609 5437 cum

2081 5494 2098 5526 ¹
2133 5499 2263 5543 Unus
2302 5500 2404 5549 Ms.,
2427 5488 2575 5549 vobis,
2602 5497 2731 5542 teste
2754 5497 2993 5555 Frontone
3010 5496 3201 5541 Ducaeo.
3224 5498 3434 5555 Utraque
3458 5490 3609 5555 lectio

2016 5556 2251 5618 quadrat:
2279 5565 2389 5603 nam
2423 5566 2534 5618 cum
2565 5554 2883 5618 Chrysostomi
2927 5553 3213 5618 adversarii,
3236 5552 3388 5618 ipsius
3409 5552 3621 5602 asseclis

2018 5614 2229 5668 incendii
2252 5618 2437 5665 crimen
2460 5614 2713 5674 afferrent,
2740 5617 2897 5676 potuit
2935 5614 3294 5677 Chrysostomus
3315 5615 3502 5677 dicere,
3526 5625 3613 5663 ηο-
3706 5632 3713 5638 ’

2020 5678 2111 5737 bis,
2132 5693 2243 5728 sese
2271 5680 2320 5727 in
2344 5686 2677 5727 accusatorum
2702 5675 2906 5727 numero
2930 5675 3382 5737 αιηῐιτυὴοιιίιθιιδς
3408 5675 3505 5734 vel,
3524 5686 3612 5722 no-

2020 5742 2108 5806 bis‘,
2131 5749 2193 5791 de
2217 5740 2495 5806 Olympiade
2517 5739 2724 5806 aliisque
2749 5741 2823 5789 sui
2844 5739 3113 5790 fautoribus
3134 5738 3355 5802 loquens.
