4058 6218
421 395 525 451 601

424 511 591 582 ipsam
622 522 836 580 quoque
861 507 1044 570 vitam,
1073 503 1118 558 si
1166 511 1373 571 tempus
1401 497 1697 569 postularit,
1725 495 1994 567 aspernari

425 604 675 657 diuturna
713 599 1057 655 meditatione
1094 592 1386 650 didiceris?
1416 593 1484 647 At
1508 589 1808 661 urgentium
1833 586 2004 642 malo-

425 705 541 744 rum
575 690 736 745 finem
780 688 960 743 videre
989 685 1157 756 cupis.
1192 684 1306 739 Erit
1345 697 1558 753 quoque
1586 679 1752 747 istud,
1789 685 1845 732 et
1890 677 2004 747 qui-

421 781 544 835 dem
572 781 738 844 brevi,
766 781 873 834 Deo
889 777 1236 834 concedente.
1263 774 1445 831 Gaude
1466 772 1621 843 igitur
1639 781 1693 825 et
1715 770 2001 832 oblectare,

423 880 586 943 atque
611 871 903 942 cogitaudis
932 869 1037 924 tuis
1083 875 1233 924 recte
1273 865 1424 920 factis
1465 864 1698 918 animum
1722 860 1955 916 exhilara
1989 877 2003 914 :

425 977 530 1018 nec
554 977 803 1032 umquam
830 961 1073 1031 despera,
1101 958 1226 1029 quin
1259 966 1310 1012 te
1338 970 1547 1010 rursum
1597 952 1761 1007 visuri
1798 951 1964 1005 simus
1986 990 2002 1015 ,

423 1061 582 1124 atque
609 1052 662 1107 in
693 1052 881 1107 horum
925 1050 1212 1105 verborum
1241 1045 1554 1102 memoriam
1581 1052 1634 1099 te
1684 1042 2004 1098 revocaturi.

491 1145 575 1200 Ad
616 1145 842 1199 eamdem
889 1143 1102 1213 epistola
1143 1137 1310 1193 VIII.
1342 1137 1496 1208 (Cum
1518 1136 1783 1191 Cucusum
1803 1141 2008 1204 peteret

1061 1245 1202 1286 anno
1238 1228 1388 1298 404.)

510 1330 624 1386 Hoc
684 1334 830 1383 certe
884 1325 1117 1379 futurum
1180 1328 1330 1386 erat,
1386 1326 1444 1372 ut
1488 1331 1556 1372 ne
1618 1314 1831 1387 quidem
1885 1327 2006 1368 cum

423 1425 494 1480 ab
551 1421 684 1478 urbe
744 1415 1120 1477 secessissem,
1186 1411 1253 1465 iis
1318 1409 1408 1478 qui
1475 1407 1710 1462 animum
1768 1414 2008 1459 nostrum

428 1520 736 1576 conterunt,
779 1507 1061 1562 liberarer.
1087 1501 1220 1556 Nam
1263 1502 1360 1571 qui
1405 1499 1537 1554 mihi
1566 1499 1619 1552 in
1670 1497 1753 1551 via
1797 1496 2006 1552 obviam

423 1607 580 1671 fiunt,
609 1600 806 1672 partim
835 1599 903 1654 ab
927 1597 1165 1661 Oriente,
1193 1595 1384 1664 partim
1427 1592 1495 1646 ab
1519 1589 1789 1654 Armenia,
1816 1589 2007 1658 partim

424 1710 493 1751 ex
533 1693 637 1748 alia
666 1689 850 1762 quavis
879 1686 1025 1744 orbis
1067 1693 1240 1755 parte,
1273 1683 1626 1753 lacrymarum
1672 1678 1848 1734 fontes
1881 1691 2008 1747 pro-

423 1784 653 1840 fundunt
679 1795 800 1836 cum
821 1794 921 1835 nos
949 1778 1241 1843 intuentur,
1268 1783 1323 1830 et
1347 1773 1578 1844 gemitus
1601 1771 1785 1837 edunt,
1812 1785 1875 1826 ac
1897 1778 2010 1824 toto

424 1875 616 1931 itinere
641 1872 888 1928 lamentis
912 1884 1010 1928 nos
1031 1873 1439 1938 prosequuntur.
1467 1863 1593 1918 Haec
1612 1869 1789 1916 autem
1813 1859 2010 1915 idcirco

425 1985 458 2022 a
487 1982 574 2023 me
617 1969 1034 2021 commemorata
1077 1967 1222 2025 sunt,
1252 1965 1311 2013 ut
1354 1954 1655 2025 intelligatis
1692 1965 1792 2008 nos
1817 1951 2012 2006 multos

430 2057 628 2112 habere
647 2055 738 2126 qui
758 2053 813 2109 in
841 2052 1050 2116 eodem,
1082 2063 1186 2120 quo
1209 2061 1324 2113 vos,
1355 2045 1539 2102 dolore
1567 2051 1878 2107 versentur;
1910 2041 2012 2097 hoc

425 2164 588 2219 porro
623 2147 691 2203 ad
735 2143 1152 2202 consolationem
1194 2155 1301 2195 non
1341 2152 1528 2208 parum
1556 2134 1808 2192 momenti
1837 2132 2007 2188 alfert.

427 2241 559 2295 Nam
589 2252 710 2293 cum
740 2235 792 2290 id
817 2235 958 2305 quod
985 2232 1308 2288 contrarium
1335 2237 1437 2295 est,
1468 2238 1733 2297 tamquam
1773 2241 1930 2296 grave
1957 2234 2010 2280 et

427 2326 820 2387 intolerandum
850 2323 1108 2395 pr0pheta
1133 2321 1395 2391 deploret,
1423 2333 1544 2372 cum
1571 2317 1662 2382 ait,
1693 2315 1761 2370 Et
1796 2315 2010 2369 sustinui

423 2423 511 2494 qui
533 2419 683 2476 simul
707 2419 1108 2477 contristaretur,
1143 2421 1188 2466 et
1214 2427 1316 2465 non
1343 2411 1456 2481 fuit,
1485 2418 1532 2462 et
1575 2408 1661 2476 qui
1686 2407 2008 2460 consolaren-

423 2525 526 2576 tur,
555 2521 603 2566 et
623 2526 722 2564 non
748 2508 914 2561 inveni
941 2505 1111 2577 (Psal.
1133 2503 1220 2559 68.
1247 2502 1340 2584 gi)
1373 2518 1387 2554 :
1419 2501 1582 2568 liquet
1608 2498 1843 2568 profecto
1869 2497 2008 2551 istud

426 2617 673 2673 magnam
704 2596 1120 2654 consolationem
1150 2592 1368 2658 atierre,
1399 2590 1646 2646 nimirum
1675 2587 1861 2657 orbem
1889 2587 2007 2642 uni-

426 2709 640 2750 versum
671 2689 921 2746 maeroris
949 2686 1150 2742 socium
1183 2685 1394 2739 habere.
1429 2681 1581 2750 Quod
1608 2681 1654 2735 si
1691 2680 1850 2736 etiam
1880 2679 2011 2734 alte-

413 2801 546 2844 ram
576 2780 997 2839 consolationem
1021 2777 1236 2847 quaeris,
1278 2787 1374 2829 nos
1401 2773 1488 2842 qui
1514 2779 1591 2827 tot
1617 2785 1681 2825 ac
1705 2779 1846 2824 tanta
1871 2769 2009 2824 mala

429 2876 786 2947 pertulimus,
831 2868 1108 2927 commoda
1153 2865 1453 2921 valetudine
1499 2863 1715 2929 utimur,
1755 2870 1912 2931 atque
1954 2861 2008 2914 in

425 2968 712 3023 securitate
741 2964 981 3034 degimus
1003 3003 1017 3027 ,
1048 2960 1222 3015 varias
1263 2957 1644 3024 continuasque
1690 2962 1898 3009 nostras
1927 2951 2008 3006 af-

426 3061 691 3116 tlictiones
746 3067 800 3112 et
850 3053 1180 3110 calamitates
1231 3058 1388 3120 atque
1437 3047 1656 3102 insidias
1703 3046 1756 3100 in
1801 3059 2008 3100 summa

429 3153 611 3222 quiete
634 3155 998 3209 recensentes,
1028 3155 1317 3212 earumque
1344 3138 1716 3194 recordatione
1743 3151 1840 3193 nos
1863 3137 2009 3207 ipsos

426 3251 683 3314 perpetua
705 3239 885 3294 laetitia
911 3234 1310 3308 perfundentes.
1334 3232 1460 3288 Haec
1482 3232 1640 3303 igitur
1665 3231 1778 3302 ipsa
1797 3247 2008 3302 quoque

426 3345 604 3388 tecum
635 3339 886 3401 reputans
928 3325 1175 3383 maeroris
1212 3325 1406 3386 nubem
1435 3322 1660 3389 discute,
1703 3322 1878 3392 deque
1919 3332 2007 3378 tua

423 3421 730 3479 valetudine
753 3434 910 3491 quam
933 3417 1227 3488 saepissime
1245 3415 1310 3470 ad
1333 3429 1430 3469 nos
1455 3413 1646 3469 scribe.
1670 3413 2008 3483 Quandoqui-

426 3513 549 3569 dem
595 3525 756 3578 nunc,
801 3524 922 3565 cum
953 3507 1258 3564 carissimus
1303 3505 1551 3560 dominus
1595 3518 1746 3560 meus
1783 3504 2007 3559 Arabius

423 3605 491 3660 ad
521 3618 608 3659 me
649 3601 969 3672 scripsisset,
1001 3598 1292 3654 admiratus
1318 3612 1436 3652 sum
1464 3603 1517 3650 te
1562 3595 1690 3650 nihil
1719 3594 1785 3649 ad
1811 3610 1897 3650 me
1938 3595 2006 3648 li-

427 3703 662 3748 terarum
717 3690 968 3746 misisse:
1000 3687 1158 3758 idque
1210 3701 1330 3741 cum
1382 3684 1596 3740 domina
1650 3699 1789 3751 mea,
1839 3683 2006 3753 ipsius

425 3803 582 3855 uxor,
629 3784 784 3840 valde
826 3792 880 3839 te
922 3790 1082 3838 amet.
1133 3779 1265 3836 Illud
1307 3779 1468 3834 etiam
1511 3776 1890 3843 animadverte,
1918 3791 2006 3832 res

422 3890 612 3932 omnes
658 3873 877 3946 hujusce
928 3873 1051 3928 vitae
1097 3880 1205 3926 tam
1252 3870 1401 3925 lzetas
1447 3877 1501 3924 et
1523 3867 1803 3940 jucundas,
1846 3883 2003 3939 quam

420 3982 610 4042 graves
631 3982 696 4023 ac
723 3967 976 4034 molestas
999 3963 1292 4037 praeterire.
1321 3961 1453 4018 Nam
1480 3962 1579 4018 etsi
1599 3969 1747 4016 arcta
1776 3968 1927 4030 porta
1953 3968 2007 4017 et

424 4069 649 4131 angusta
677 4059 761 4114 via
788 4066 890 4125 est,
919 4066 974 4111 at
1002 4056 1085 4112 via
1112 4065 1287 4111 tamen
1325 4063 1410 4111 est
1430 4051 1640 4128 (Matth.
1673 4053 1727 4108 7.
1757 4053 1842 4108 15.
1873 4053 2002 4124 id);

424 4155 646 4208 verbum
671 4150 813 4204 enim
841 4147 970 4202 illud
991 4148 1085 4204 tibi
1111 4148 1164 4202 in
1190 4145 1502 4202 memoriam
1522 4144 1776 4216 redigam,
1805 4143 1873 4199 de
1897 4159 2005 4214 quo

418 4257 562 4312 stepe
589 4250 761 4297 tecum
787 4253 904 4295 sum
933 4238 1201 4307 loquutus.
1230 4237 1345 4292 Etsi
1373 4236 1476 4290 lata
1505 4245 1655 4305 porta
1680 4243 1736 4292 et
1771 4237 2004 4306 spatiosa

421 4337 501 4390 via
531 4343 613 4391 est
645 4350 659 4388 :
694 4341 869 4388 tamen
900 4330 1016 4386 haec
1041 4343 1251 4400 quoque
1281 4329 1362 4382 via
1405 4336 1507 4382 est.

493 4425 738 4482 Timenda
763 4423 1006 4481 scelerum
1040 4421 1336 4493 impunitas.
1461 4419 1590 4488 Quae
1625 4434 1746 4474 cum
1775 4419 1848 4475 ita
1872 4419 1998 4485 sint,

419 4519 486 4575 da
512 4532 730 4589 operam
751 4557 766 4583 ,
793 4525 854 4571 ut
880 4530 910 4568 a
936 4523 1077 4570 terra
1096 4553 1112 4580 ,
1141 4513 1249 4568 imo
1276 4511 1344 4566 ab
1383 4510 1499 4581 ipso
1525 4525 1734 4581 quoque
1761 4511 2002 4581 corporis

419 4609 630 4665 vinculo
656 4616 709 4664 te
733 4605 1031 4672 abstrahas,
1059 4611 1283 4673 tuasque
1310 4601 1657 4672 philosophia:
1683 4615 1883 4671 pennas
1908 4616 2000 4656 ex-

417 4703 572 4768 cites,
601 4713 774 4770 neque
801 4712 891 4754 eas
915 4697 1059 4752 sinas
1086 4695 1154 4750 ab
1182 4694 1367 4750 umbra
1395 4704 1449 4749 et
1473 4693 1616 4748 tumo
1643 4692 1719 4766 (id
1743 4693 1883 4750 enim
1911 4708 2000 4749 res

417 4795 665 4850 humana:
691 4788 853 4864 sunt)
883 4787 1139 4859 demergi.
1168 4786 1305 4854 Quin
1335 4786 1509 4856 potius
1533 4787 1692 4842 etiam
1720 4786 1763 4841 si
1789 4799 1884 4842 eos
1908 4786 1999 4857 qui

418 4894 499 4940 tot
524 4885 730 4941 scelera
758 4885 811 4940 in
848 4897 947 4939 nos
974 4881 1347 4952 designaruut,
1381 4886 1437 4934 et
1473 4879 1584 4935 suis
1611 4878 1830 4934 urbibus
1859 4879 1996 4948 frui,

416 4987 472 5034 et
495 4977 786 5036 honoribus
809 4976 969 5043 allici,
993 4984 1047 5033 et
1070 4974 1384 5031 satellitibus
1410 4972 1590 5044 stipari
1616 4973 1831 5040 videris,
1856 4974 1997 5030 istud

417 5068 640 5124 verbum
664 5067 868 5135 accine,
893 5067 1022 5122 Lata
1045 5078 1116 5122 est
1145 5075 1289 5136 porta
1308 5076 1357 5121 et
1381 5068 1603 5137 spatiosa
1623 5067 1703 5121 via
1723 5082 1838 5138 quae
1859 5061 2021 5122 ducit

417 5161 487 5214 ad
515 5159 840 5231 perditionem
868 5158 1089 5232 (Matth.
1118 5161 1170 5215 7.
1199 5160 1302 5232 15)
1326 5201 1340 5226 ,
1367 5174 1566 5231 eosque
1593 5159 1662 5216 ob
1695 5159 1796 5216 hoc
1823 5160 1996 5232 ipsum

416 5252 588 5321 magis
626 5250 748 5322 luge
788 5265 853 5306 ac
889 5249 1128 5320 deplora.
1155 5250 1289 5306 Nam
1317 5251 1407 5321 qui
1446 5253 1534 5307 hic
1559 5251 1775 5308 sceleris
1797 5251 1996 5322 aliquid

420 5349 708 5412 perpetrat,
735 5355 799 5398 ac
826 5349 1104 5412 propterea
1128 5355 1235 5397 non
1263 5340 1424 5398 modo
1454 5341 1623 5398 nullas
1662 5357 1846 5411 pmnas
1874 5342 1992 5408 luit,

418 5432 512 5488 sed
539 5433 699 5488 etiam
716 5433 976 5490 honorem
995 5434 1062 5489 ab
1083 5434 1384 5490 hominibus
1408 5435 1770 5504 consequitur,
1789 5435 1859 5489 ita
1884 5435 1996 5490 dis-

417 5523 611 5588 cedet,
639 5533 697 5578 ut
746 5522 1047 5592 huiusmodi
1083 5523 1255 5579 honor
1281 5524 1511 5579 maxima
1541 5524 1609 5580 sit
1646 5525 1720 5580 illi
1748 5524 1996 5597 supplicii

417 5613 658 5670 materia.
687 5612 770 5669 0b
795 5625 1020 5682 eamque
1041 5625 1254 5668 causam
1278 5612 1426 5669 dives
1454 5615 1612 5669 etiam
1641 5614 1732 5670 ille
1758 5624 1991 5672 atrocem

418 5705 473 5760 in
515 5705 731 5760 modum
771 5703 1098 5767 terrebatur,
1127 5718 1232 5758 non
1265 5704 1594 5760 crudelitatis
1625 5704 1896 5762 dumtaxat
1931 5708 1995 5763 il-

420 5797 540 5865 lius,
560 5814 657 5872 qua
685 5799 738 5858 in
757 5799 1011 5855 Lazarum
1039 5810 1162 5855 usus
1187 5794 1379 5867 fuerat,
1407 5810 1589 5867 poenas
1616 5797 1871 5870 pendens,
1899 5799 1992 5858 sed

1133 393 1189 449 S.
1228 387 1502 447 JOANNIS
1537 381 2012 442 CHRYSOSTOMI
2052 378 2368 434 ARClllEP.
2406 372 2934 433 CONSTANTINOP.

3581 373 3684 429 608

2113 492 2272 546 etiam
2303 490 2541 546 orentis
2566 497 2767 553 status,
2794 501 2898 558 quo
2929 486 2979 541 in
3008 494 3148 541 tanta
3179 486 3561 544 inhumanitate
3596 504 3690 559 per

2111 596 2324 636 omnem
2361 581 2482 635 vitae
2520 593 2734 635 cursum
2775 577 2987 642 fruens,
3018 591 3086 633 ne
3114 577 3237 632 hinc
3261 578 3473 648 quidem
3505 581 3692 635 melior

2110 672 2330 728 ell'ectus
2365 679 2467 726 est.
2511 671 2637 726 Haec
2682 670 2890 739 aliaque
2932 667 2983 722 id
3025 683 3192 740 genus
3217 669 3238 740 (
3262 684 3433 739 neque
3458 670 3602 724 enim
3629 687 3691 726 ea

2111 765 2204 818 tibi
2232 777 2480 834 umquam
2522 762 2790 817 inculcare
2818 761 3149 832 destitimus)
3177 769 3351 816 tecum
3380 762 3493 831 ipsa
3521 761 3691 817 disse-

2110 870 2233 911 rens
2257 895 2272 920 ,
2305 852 2702 925 religiosissima
2730 851 2943 907 domina
2971 865 3087 906 mea
3112 892 3126 918 ,
3154 867 3369 922 gravem
3398 851 3536 906 hanc
3563 868 3692 907 mte-

2110 947 2246 1000 roris
2271 945 2534 1000 sarcinam
2562 943 2751 1012 abjice,
2781 942 2952 1011 deque
2985 957 3051 997 eo
3089 957 3188 997 nos
3213 941 3295 996 fac
3323 943 3603 1009 certiores,
3637 952 3691 998 ut

2109 1036 2554 1109 quemadmodum
2591 1036 2752 1090 etiam
2791 1034 2858 1089 ad
2893 1043 2946 1089 te
2981 1033 3202 1103 scripsi,
3245 1049 3366 1088 cum
3403 1049 3691 1091 maerorem

2113 1137 2260 1182 tuum
2289 1127 2458 1181 literis
2496 1125 2692 1180 nostris
2729 1123 2891 1180 levari
2917 1133 3248 1194 perspectum
3290 1123 3543 1191 habuero,
3570 1141 3689 1181 cre-

2112 1218 2260 1273 brius
2285 1216 2584 1286 bujusmodi
2609 1215 2953 1286 pharmacum
2979 1213 3278 1269 adhibeam.

2113 1308 2192 1362 Ad
2231 1307 2459 1362 eamdem
2495 1307 2643 1376 epist.
2684 1303 2790 1358 IX.
2821 1303 2987 1376 (Cum
3025 1302 3288 1359 Cucusum
3322 1312 3524 1376 peteret
3547 1319 3691 1362 anno

2828 1396 2979 1466 404.)

2181 1489 2313 1545 Cum
2337 1489 2482 1544 viros
2504 1495 2572 1542 ac
2602 1486 2824 1543 feminas
2851 1501 3044 1557 magno
3069 1485 3279 1556 agmine
3296 1526 3311 1554 ,
3339 1501 3431 1556 per
3454 1487 3691 1542 mansio-

2113 1595 2210 1636 nes
2235 1579 2310 1652 (a)
2333 1620 2347 1644 ,
2379 1594 2474 1649 per
2503 1577 2660 1633 urbes
2691 1591 2812 1633 sese
2849 1575 3179 1632 elluadentes
3197 1617 3214 1644 ,
3241 1587 3400 1647 atque
3426 1577 3492 1630 ad
3521 1579 3692 1632 nostri

2112 1680 2384 1741 aspectum
2426 1670 2864 1740 collacrymantes
2904 1671 3149 1734 intueor,
3175 1682 3282 1738 quo
3321 1668 3375 1722 in
3413 1676 3550 1723 statu
3591 1669 3692 1739 ipsi

2113 1763 2229 1818 sitis
2254 1761 2636 1818 animadverto.
2667 1761 2798 1816 Nam
2827 1776 2946 1816 cum
2987 1761 3022 1814 ii
3059 1761 3146 1831 qui
3177 1775 3317 1815 nunc
3340 1761 3567 1831 primum
3595 1777 3691 1818 nos

2112 1856 2383 1922 viderunt,
2409 1869 2639 1910 maerore
2665 1855 2736 1910 ita
2763 1854 3088 1925 frangantur,
3111 1863 3167 1908 ut
3190 1869 3258 1909 ne
3281 1870 3554 1925 emergere
3577 1856 3692 1925 qui-

2112 1947 2234 2003 dem
2261 1947 2418 2003 facile
2446 1947 2670 2017 possint,
2696 1962 2905 2013 verum,
2931 1962 3050 2002 cum
3075 1961 3169 2002 eos
3193 1961 3440 2016 rogamus
3460 1956 3515 2002 et
3539 1948 3694 2002 obse-

2113 2051 2324 2093 cramus
2351 2047 2511 2109 atque
2544 2038 2892 2094 admonemus
2913 2079 2928 2104 ,
2961 2037 3311 2093 ferventiores
3341 2037 3694 2110 lacryniarum

2113 2131 2287 2187 fontes
2327 2131 2686 2202 profundant,
2727 2131 2946 2187 dubium
2992 2133 3228 2203 profecto
3271 2148 3377 2188 non
3419 2143 3534 2197 est,
3567 2134 3693 2202 quin

2112 2226 2324 2295 gravior
2350 2225 2490 2295 apud
2519 2240 2614 2281 vos
2640 2234 2924 2296 tempestas
2948 2227 3036 2279 sit.
3063 2224 3167 2280 Sed
3193 2240 3297 2295 quo
3325 2226 3536 2295 gravior
3562 2235 3696 2280 tem-

2114 2325 2290 2384 pestas
2316 2325 2428 2382 est,
2458 2331 2524 2372 eo
2551 2331 2762 2388 quoque
2787 2316 3038 2386 ampliora
3082 2316 3298 2385 prmmia
3328 2315 3502 2370 futura
3527 2327 3649 2371 sunt
3673 2359 3690 2385 ,

2113 2409 2158 2462 si
2199 2417 2456 2478 perpetuo
2483 2424 2545 2464 ea
2583 2424 2704 2464 cum
2733 2409 3016 2479 gratiarum
3057 2407 3265 2465 actione
3307 2407 3570 2464 sulleratis
3592 2449 3607 2474 ,
3637 2417 3695 2464 ut

2117 2500 2275 2555 etiam
2302 2499 2554 2555 sut'fertis.
2577 2498 2710 2554 Nam
2731 2509 2784 2555 et
2803 2499 3184 2570 gubernatores
3210 2498 3508 2553 vehementi
3537 2507 3694 2554 vento

2120 2591 2282 2649 ante
2305 2633 2320 2658 ,
2351 2592 2397 2647 si
2433 2574 2548 2646 vela
2577 2592 2714 2646 ultra
2750 2591 2965 2646 modum
2994 2590 3327 2660 expandant,
3357 2592 3530 2647 navim
3569 2594 3695 2647 sub

2119 2690 2332 2738 vertunt
2355 2701 2368 2737 :
2388 2682 2433 2737 si
2457 2692 2633 2738 autem
2658 2682 2886 2749 modice,
2910 2691 2964 2738 et
2985 2691 3043 2737 ut
3065 2683 3331 2747 convenit,
3355 2698 3418 2738 ea
3442 2683 3690 2754 dirigant,

2115 2774 2374 2829 tutissime
2399 2773 2662 2843 navigant.
2691 2774 2819 2840 Qua:
2850 2787 2970 2828 cum
2998 2772 3271 2843 explorata
3300 2772 3498 2829 habeas
3519 2814 3535 2839 ,
3564 2775 3692 2829 reli-

2109 2863 2407 2934 giosissima
2431 2863 2645 2919 domina
2673 2878 2814 2930 mea,
2840 2877 2910 2919 ne
2933 2871 2985 2918 te
3006 2864 3253 2919 maeroris
3277 2863 3541 2937 tyrannidi
3565 2878 3694 2918 con-

2111 2955 2348 3010 strictam
2380 2953 2549 3021 trade,
2580 2953 2674 3010 sed
2702 2953 2908 3009 ratione
2935 2961 3300 3024 tempestatem
3327 2969 3518 3023 supera
3548 2971 3561 3006 :
3592 2969 3691 3025 po-

2121 3054 2204 3102 tes
2230 3046 2371 3102 enim
2400 3045 2538 3101 istud
2561 3086 2578 3113 ,
2605 3059 2704 3100 nec
2741 3053 3028 3115 tempestas
3067 3055 3232 3100 artem
3274 3055 3416 3100 tuam
3448 3046 3688 3112 excedit;

2114 3146 2274 3210 atque
2311 3137 2379 3193 ad
2416 3151 2515 3193 nos
2551 3137 2732 3192 literas
2759 3152 2878 3207 quae
2917 3137 3019 3192 hoc
3055 3135 3384 3206 signicent,
3415 3138 3602 3206 mitte,
3633 3146 3695 3194 ut

2111 3229 2273 3284 etiam
2301 3229 2353 3284 in
2376 3239 2558 3285 extera
2584 3228 2797 3299 regione
2821 3228 3101 3300 degentes,
3128 3227 3412 3283 maximam
3442 3228 3565 3284 hinc
3591 3245 3689 3286 vo-

2110 3317 2360 3390 luptatem
2387 3319 2756 3390 percipiamus,
2779 3333 2899 3374 cum
2923 3327 2973 3374 te
2994 3318 3133 3373 hunc
3157 3334 3440 3375 maerorem
3465 3335 3549 3387 ea,
3573 3337 3690 3391 qua:

2112 3419 2163 3465 te
2187 3411 2361 3478 decet,
2389 3411 2668 3481 prudentia
2692 3419 2744 3466 et
2765 3409 3020 3480 sapientia
3046 3409 3229 3465 tulisse
3251 3411 3688 3466 intellexerimus.

2110 3503 2265 3570 Hzec,
2304 3517 2425 3559 cum
2457 3504 2582 3574 jam.
2611 3501 2850 3559 Casarea
2884 3517 2991 3558 non
3034 3501 3190 3573 longe
3228 3502 3504 3571 abessem,
3532 3504 3601 3559 ad
3639 3514 3692 3560 te

2109 3594 2320 3664 scripsi.

2110 3685 2190 3738 Ad
2217 3685 2440 3739 eamdem
2471 3685 2616 3757 epist.
2643 3683 2716 3740 .
2749 3685 2959 3759 (Niczete
2997 3685 3189 3758 scripta
3232 3700 3354 3742 cum
3386 3686 3486 3744 iret
3514 3686 3567 3742 in
3591 3701 3690 3743 ex-

2639 3775 2816 3831 silium
2843 3791 2984 3832 anno
3013 3776 3164 3848 404.)

2179 3864 2250 3920 At
2287 3863 2426 3920 hunc
2452 3881 2663 3937 quoque
2704 3875 2902 3922 metum
2946 3867 3184 3923 excutias
3221 3867 3405 3935 velim,
3435 3883 3593 3938 quem
3620 3883 3690 3925 ex

2109 3956 2299 4014 itinere
2323 3965 2506 4014 nostro
2528 3959 2838 4030 concepisti.
2869 3959 3098 4026 Etenim,
3135 3969 3194 4014 ut
3217 3959 3326 4030 jam
3363 3971 3488 4016 ante
3510 3977 3603 4030 per
3626 3961 3690 4015 li-

2109 4056 2251 4104 teras
2279 4049 2373 4105 tibi
2401 4050 2692 4121 signicavi
2716 4093 2731 4118 ,
2757 4066 2951 4122 corpus
2980 4050 3134 4106 nobis
3162 4061 3217 4106 et
3241 4051 3482 4107 sanitatis
3517 4061 3574 4107 et
3601 4066 3689 4106 ro-

2108 4141 2254 4198 boris
2291 4143 2651 4200 accessionem
2691 4143 2890 4199 habuit.
2923 4143 3194 4214 Siquidem
3235 4153 3290 4199 et
3329 4159 3426 4200 aer
3463 4144 3690 4214 benigne

2108 4234 2385 4290 nobiscum
2412 4236 2520 4306 egit
2543 4278 2556 4300 ,
2584 4245 2638 4292 et
2664 4238 2699 4291 ii
2727 4253 2756 4291 a
2782 4236 2973 4307 quibus
3011 4237 3063 4291 in
3101 4236 3348 4292 exsilium
3388 4237 3684 4306 avehimur,

2105 4340 2289 4382 curam
2315 4341 2527 4384 omnem
2569 4336 2624 4384 et
2665 4329 2894 4384 studium
2919 4371 2937 4398 ,
2964 4330 3124 4385 etiam
3158 4345 3314 4401 supra
3349 4346 3506 4402 quam
3533 4332 3688 4386 volu-

2108 4433 2245 4485 mus,
2275 4417 2551 4487 adhibent,
2583 4429 2638 4474 ut
2665 4434 2763 4475 nos
2790 4429 3032 4477 recreent
3057 4436 3122 4476 ac
3148 4422 3408 4490 reficiant,
3433 4437 3602 4492 eaque
3627 4423 3687 4478 in

2105 4523 2166 4564 re
2190 4523 2408 4579 operam
2433 4519 2646 4564 navant.
2677 4509 2808 4565 Cum
2837 4519 3012 4568 autem
3040 4512 3213 4568 Nicaea
3237 4513 3572 4569 discessurus
3598 4529 3688 4570 es-

2105 4613 2218 4655 sem
2238 4640 2255 4668 ,
2284 4599 2422 4656 hanc
2445 4600 2723 4671 epistolam
2748 4601 2814 4656 ad
2843 4610 2894 4658 te
2919 4602 3075 4670 dedi,
3106 4605 3261 4659 tertia
3285 4604 3374 4660 die
3399 4603 3544 4660 Julii.
3575 4604 3686 4660 Fac

2105 4692 2262 4763 igitur
2285 4692 2352 4748 ad
2383 4707 2480 4748 nos
2507 4693 2575 4749 de
2605 4701 2690 4748 tua
2716 4694 3015 4750 valetudine
3044 4709 3201 4764 quam
3228 4695 3521 4764 saepissime
3551 4696 3680 4751 scri-

2104 4785 2219 4843 bas.
2245 4785 2329 4842 Ad
2353 4802 2470 4842 eam
2496 4789 2638 4843 enim
2675 4804 2788 4844 rem
2827 4804 3042 4859 operam
3074 4789 3169 4845 tibi
3199 4790 3409 4845 navahit
3435 4790 3685 4848 dominus

2104 4895 2257 4936 meus
2285 4880 2623 4953 Pergamius,
2654 4883 2739 4938 cui
2777 4897 3098 4954 magnopere
3134 4881 3367 4938 condo.
3405 4881 3513 4939 Nec
3554 4897 3684 4940 vero

2103 4970 2171 5027 de
2196 4980 2284 5026 tua
2308 4971 2583 5029 dumtaxat
2607 4974 2746 5030 bona
2769 4973 3067 5031 valetudine
3089 4975 3346 5031 certiores
3371 4991 3470 5031 nos
3495 4975 3680 5044 facias,

2103 5079 2286 5120 verum
2316 5064 2446 5120 illud
2471 5066 2632 5122 etiam
2658 5065 2923 5136 significes
2946 5067 3124 5131 velim,
3154 5066 3400 5122 maeroris
3428 5066 3622 5123 nubem
3651 5081 3682 5121 a

2104 5163 2157 5212 te
2181 5156 2486 5228 dissipatam
2514 5172 2653 5214 esse.
2687 5155 2820 5213 Nam
2854 5157 2898 5213 si
2926 5157 3028 5213 hoc
3053 5173 3117 5214 ex
3145 5159 3250 5214 tuis
3281 5158 3448 5214 literis
3475 5158 3684 5214 intelle-

2103 5249 2356 5315 xerimus,
2382 5250 2576 5320 saepius
2601 5264 2812 5321 quoque
2836 5249 2904 5305 ad
2931 5259 2982 5307 te
3009 5251 3189 5306 literas
3213 5250 3480 5316 dabimus,
3507 5260 3566 5305 ut
3589 5251 3682 5321 qui

2101 5343 2384 5398 scribendo
2406 5343 2600 5415 aliquid
2627 5344 2984 5414 proficiamus.
3009 5344 3365 5414 Quamobrem
3391 5343 3435 5399 si
3466 5343 3682 5399 crebras

2101 5447 2131 5486 a
2169 5431 2321 5488 nobis
2348 5433 2530 5490 literas
2559 5435 2801 5506 accipere
2832 5434 3015 5505 cupis,
3045 5434 3174 5494 illud
3201 5434 3356 5490 nobis
3379 5442 3563 5504 aperte
3591 5433 3681 5488 in-

2099 5524 2216 5580 dica
2234 5565 2250 5592 ,
2277 5539 2344 5580 ex
2371 5523 2734 5596 frequentibus
2761 5526 2957 5586 nostris
2988 5526 3157 5582 literis
3183 5525 3378 5597 aliquid
3413 5526 3683 5582 commodi

2099 5629 2415 5686 promanare
2436 5633 2449 5670 :
2472 5631 2535 5673 ac
2553 5617 2759 5674 videbis
2781 5632 2877 5676 nos
2897 5617 2950 5674 id
2972 5617 3206 5674 muneris
3226 5616 3522 5688 largissime
3543 5630 3684 5686 prae.

2161 5746 2234 5820 (a)
2262 5752 2406 5820 Erant
2422 5752 2694 5820 mansiones
2728 5749 2842 5820 loca
2863 5757 2917 5820 e_t
2951 5747 3238 5805 diverticula
3274 5751 3322 5803 in
3345 5750 3429 5802 viis
3451 5747 3682 5814 publicis,

2101 5810 2185 5861 ubi
2211 5811 2526 5876 manebatur;
2549 5825 2644 5876 qua
2667 5813 2729 5864 de
2751 5827 2809 5865 re
2830 5813 2968 5864 intra.
