4058 6218
343 297 452 354 607

340 426 553 498 ταχέως
579 426 754 494 ἔσται,
788 425 883 480 τοῦ
919 425 1055 480 Θεοῦ
1091 427 1494 498 ἐπιτρέποντος
1537 429 1708 499 Χαῖρε
1740 429 1918 483 τοίνυν

341 520 440 572 καὶ
495 517 810 588 εὐφραίνου,
851 521 945 572 καὶ
977 518 1216 589 ἐντρύφα
1263 537 1356 572 σου
1393 524 1504 584 τοῖς
1539 520 1690 593 [589]
1723 539 1919 593 κατορ-

343 606 582 680 θώμασι,
617 610 711 663 καὶ.
741 609 1014 680 μηδέποτε
1044 610 1317 681 ἀπογνῷς,
1347 612 1429 664 ὅτι
1455 629 1512 664 σε
1543 612 1782 682 ὀψόμεθα
1811 615 1917 668 πάρ

343 702 451 766 λιν,
486 701 581 756 καὶ
619 701 726 756 τῶν
761 703 1024 772 ῥημάτων
1057 719 1115 755 σε
1143 703 1528 773 ἀναμνήσομεν
1548 704 1770 758 τούτων.

641 879 807 952 Πρὸς
833 881 950 952 τὴν
980 882 1175 952 αὐτὴν
1201 882 1495 954 ἐπιστολὴ
1517 891 1586 942 H’

414 1058 529 1112 σὺκ
573 1055 794 1129 ἔμελλον
840 1055 947 1127 ἄρα
989 1055 1109 1110 οὑδὲ
1162 1057 1262 1128 τῆς
1313 1057 1517 1121 πόλεως
1561 1059 1920 1132 ἀναχωρήσας

340 1149 781 1206 ἀπαλλάττεσθαι
809 1149 918 1202 τῶν
944 1149 1337 1219 συντριϐόντων
1362 1149 1518 1220 ήμῶν
1541 1151 1640 1221 τὴν
1659 1152 1915 1207 διάνοιαν.

337 1244 408 1296 Οῑ
452 1242 559 1312 γὰρ
606 1241 748 1296 κατά
783 1240 882 1312 τὴν
919 1242 1039 1295 όδὸν
1068 1243 1198 1312 ἡμῖν
1245 1241 1622 1308 ἀπαντῶντες,
1650 1245 1700 1296 οί
1731 1245 1831 1315 μὲν
1859 1245 1919 1312 ἐξ

336 1336 633 1406 ἀνατολῆς,
662 1337 710 1388 οί
733 1334 791 1388 δὲ
820 1334 880 1399 ἐξ
917 1335 1236 1406 Ἀρμενίας,
1276 1336 1331 1388 οίι
1359 1336 1417 1388 δὲ
1447 1337 1541 1390 καὶ
1577 1336 1870 1407 ἀλλαχόθεν
1890 1350 1916 1379 α

337 1428 439 1498 τῆς
469 1427 794 1499 οἰκουμένης
817 1465 832 1491 ,
865 1427 1048 1500 πηγὰς
1084 1429 1276 1497 ἀφιᾶσι
1320 1428 1590 1501 δακρύων,
1627 1432 1772 1501 ἡμᾶς
1799 1431 1918 1500 βλέ-

340 1537 558 1582 ποντες,
603 1519 696 1572 καὶ
729 1520 1010 1582 κωκυτοὺς
1039 1517 1412 1590 προστιθέασι,
1448 1519 1542 1572 καὶ
1567 1519 1633 1572 δι’
1668 1520 1918 1590 ὀδυρμῶν

341 1613 526 1664 πᾶσαν
568 1609 1029 1681 παραπέμπονται
1077 1610 1174 1682 τὴν
1205 1611 1340 1665 ὁδόν.
1373 1611 1556 1665 Ταῦτα
1598 1612 1654 1666 δὲ
1699 1614 1916 1684 εἴρηκα,

339 1702 429 1755 ἵνα
467 1701 698 1772 μάθητε,
729 1702 810 1755 ὅτι
837 1701 1066 1766 πολλοὺς
1100 1702 1210 1773 ἔχω
1240 1703 1638 1772 συναλγοῦντας
1665 1706 1794 1774 ὑμῖν
1812 1719 1826 1734 ·
1855 1708 1916 1759 οὑ

341 1794 540 1866 μικρὸν
568 1793 625 1846 δὲ
659 1793 752 1846 καὶ
773 1792 934 1846 τοῦτο
962 1795 1044 1857 είς
1067 1795 1419 1865 παραμυθίας
1443 1795 1618 1864 λόγον.
1644 1798 1707 1850 Εἰ
1729 1796 1836 1868 γὰρ
1859 1797 1918 1850 τὸ

335 1883 584 1936 ἐναντίον
624 1883 698 1946 ὡς
732 1882 871 1954 βαρὺ
909 1883 1001 1936 καὶ
1039 1883 1316 1955 ἀφόρητον
1354 1887 1383 1938 ό
1416 1888 1701 1959 προφήτης
1733 1887 1919 1958 θρηνεῖ

335 1974 548 2043 λέγων·
594 1973 703 2028 Καὶ
751 1972 1042 2043 ὑπέμεινα
1083 1976 1620 2046 συλλυπούμενον,
1665 1979 1764 2031 καὶ
1804 1981 1916 2047 οὐχ

333 2063 634 2132 ὑπῆρξεν,
679 2063 778 2118 καὶ
823 2065 1358 2133 παρακαλοῦντας,
1408 2067 1506 2121 καί
1551 2071 1665 2138 οὐχ
1705 2065 1914 2139 εὗρονο

334 2155 565 2226 εὑδηλον
589 2156 670 2209 ὅτι
699 2153 860 2209 τοῦτο
889 2155 1090 2228 πολλὴν
1119 2156 1274 2228 φέρει
1319 2159 1420 2229 τὴν
1449 2160 1825 2232 παραμυθίαν,
1857 2162 1918 2214 τὸ

336 2248 632 2310 κοινωνοὺς
653 2246 797 2317 ἔχειν
819 2247 918 2318 τῆς
950 2247 1191 2318 ἀθυμίας
1210 2248 1307 2320 τὴν
1330 2250 1654 2322 οἰκουμένην
1675 2252 1914 2309 ἃπασαν.

335 2339 402 2391 Εἰ
440 2337 498 2390 δὲ
546 2339 639 2391 καὶ
680 2338 876 2409 έτέραν
919 2337 1105 2409 ζητεῖς
1150 2340 1536 2410 παραμυθίαν,
1573 2344 1733 2412 ήμεῖς
1764 2344 1812 2396 οί
1851 2345 1917 2398 τὰ

332 2427 579 2482 τοσαῦτα
613 2429 706 2481 καὶ
733 2427 1038 2498 τηλικαῦτα
1069 2428 1332 2492 παθόντες
1362 2429 1527 2494 κακά,
1550 2432 1607 2484 ἐν
1637 2431 1836 2504 ὑγιείᾳ,
1861 2434 1917 2486 ἐν

333 2519 495 2589 ἀδείᾳ
531 2519 810 2589 διάγομεν,
843 2519 902 2572 ἐν
931 2519 1136 2591 ήσυχίᾳ
1156 2520 1346 2591 πολλῇ,
1381 2521 1738 2593 ἀριθμοῦντες
1760 2523 1918 2595 ήμῶν

331 2609 408 2662 τά
453 2608 750 2679 παθήματα
777 2607 846 2661 τά
884 2609 1104 2662 ποικίλα
1151 2609 1245 2662 καὶ
1281 2611 1500 2681 συνεχῆ,
1549 2611 1645 2675 τὰς
1689 2612 1918 2683 θλίψεις,

333 2700 437 2764 τὰς
476 2699 766 2764 ἐπιδουλάς
787 2741 804 2766 ,
850 2702 942 2754 καὶ
976 2704 1041 2772 τῇ
1076 2703 1265 2777 μνήμῃ
1297 2703 1502 2757 τούτων
1544 2706 1918 2777 ἐντρυφῶντες

331 2790 625 2861 διηνεκῶς.
658 2791 824 2845 Ταῦτ’
857 2788 950 2846 οὖν
979 2794 1074 2846 καὶ
1093 2773 1420 2866 λογιζομένη
1447 2796 1588 2868 αὑτὴ
1611 2773 1919 2860 ,σκέδασον

333 2879 440 2947 τῆς
474 2879 708 2950 ἀθυμίας
736 2879 798 2932 τὸ
828 2881 1012 2950 νέφος,
1037 2881 1131 2933 καὶ
1157 2881 1333 2952 γράφε
1368 2881 1606 2952 συνεχῶς
1635 2883 1765 2952 ἡμῖν
1792 2885 1920 2954 περὶ

332 2970 440 3038 τῆς
468 2969 677 3037 ὑγιείας
698 2969 799 3040 τῆς
826 2969 944 3038 σῆς.
974 2968 1127 3021 Ἐπεὶ
1143 2969 1237 3021 καὶ
1254 2968 1348 3021 νῦν
1361 2968 1452 3020 τοῦ
1471 2968 1658 3039 κυρίου
1694 2985 1795 3038 μου
1823 2968 1916 3021 τοῦ

336 3060 722 3114 ποθεινοτάτω
760 3062 814 3113 Ἀ
826 3060 1010 3132 ραϐίου
1039 3059 1434 3124 ἐπεσταλκότος
1460 3053 1610 3130 ἡμῖν,
1635 3060 1920 3132 ἐθαύμασα

336 3152 463 3215 πῶς
487 3153 520 3222 ή
548 3153 614 3224 σή
646 3153 898 3223 τιμιότης
917 3153 1020 3205 οὑκ
1045 3153 1366 3216 ἐπέσταλκε,
1393 3153 1568 3206 καίτοι
1598 3153 1699 3223 τῆς
1725 3154 1919 3225 κυρίας

339 3261 472 3315 μου,
511 3245 610 3313 τῆς
644 3243 933 3316 ἐλευθέρας
978 3245 1143 3298 αὑτοῦ
1169 3286 1185 3312 ,
1226 3245 1428 3316 σφόδρα
1463 3261 1557 3297 σου
1597 3245 1800 3314 φίληςι)
1832 3243 1922 3297 οῦ-

339 3353 468 3407 σης.
509 3336 713 3390 Ἐννόει
749 3335 805 3389 δὲ
834 3337 1076 3401 κάκεῖνο,
1114 3338 1195 3390 ὅτι
1229 3337 1320 3390 καὶ
1361 3336 1429 3390 τὰ
1472 3335 1685 3408 χρηστὰ
1723 3335 1818 3389 καὶ
1853 3335 1922 3388 τὰ

336 3426 567 3497 λυπηρά
606 3427 701 3479 τοῦ
751 3428 1017 3498 παρόντος
1051 3427 1168 3498 βίου
1200 3426 1554 3498 παροδεύεται
1581 3427 1813 3480 ἅπαντα.
1858 3427 1920 3478 Εἰ

336 3519 451 3590 γάρ
494 3519 588 3571 καὶ
636 3519 795 3590 στενὴ
839 3519 980 3590 πύλη
1004 3559 1019 3584 ,
1066 3519 1161 3572 καὶ
1193 3517 1527 3589 τεθλιμμένη
1560 3520 1593 3588 ή
1629 3517 1776 3580 ὁδὸς,
1807 3519 1920 3572 ἀλλ’

335 3613 493 3683 ὅμως
523 3613 642 3676 ὁδός
661 3629 673 3641 °
703 3613 1002 3684 ἀναμνήσω
1032 3612 1143 3683 γάρ
1171 3627 1229 3663 σε
1271 3611 1543 3682 ῥήματος,
1575 3604 1636 3666 οὗ
1664 3609 1922 3674 πολλάκις

335 3703 623 3774 διελέχθην
651 3703 786 3774 πρὸς
821 3702 880 3756 σέ
901 3719 914 3732 ο
947 3703 1008 3754 El
1047 3701 1140 3755 καὶ
1173 3701 1400 3754 πλατεῖα
1440 3702 1474 3771 ή
1506 3698 1680 3771 πύλη,
1714 3699 1804 3753 καὶ
1827 3699 1920 3753 εὑ-

338 3795 595 3868 ρύχωρος
622 3799 655 3866 ή
685 3795 821 3858 ὁδὸς,
849 3794 985 3849 ἀλλά
1015 3795 1109 3847 καὶ
1140 3793 1276 3864 αὕτη
1307 3792 1444 3856 ὁδός.

427 3889 828 3957 ’Δπαλλαγεῖσα
849 3887 1027 3940 τοίνυν
1051 3888 1149 3957 τῆς
1178 3887 1302 3956 γῆς,
1331 3885 1530 3957 μᾶλλον
1552 3885 1608 3939 δὲ
1635 3883 1798 3938 αὑτοῦ
1826 3883 1920 3938 τοῦ

339 3977 644 4047 συνδέσμου
677 3976 778 4046 τῆς
815 3975 1038 4048 σαρκὸς,
1062 3975 1325 4044 διέγειρόν
1355 3991 1448 4027 σου
1477 3975 1574 4046 τῆς
1606 3974 1923 4044 φιλοσοφίας

335 4068 402 4122 τὺ
435 4069 636 4139 πτερὸν
659 4110 676 4135 ,
715 4068 850 4139 μηδὲ
883 4069 1026 4139 ἀφῇς
1061 4069 1166 4122 ὑπὸ
1196 4069 1295 4140 τῆς
1336 4071 1497 4132 σκιᾶς
1530 4069 1661 4122 αὐτὸ
1702 4069 1794 4122 καὶ
1825 4068 1922 4122 τοῦ

339 4159 556 4215 καπνοῦ
591 4159 790 4230 (τοῦτο
833 4160 941 4231 γάρ
982 4160 1049 4214 τά
1099 4159 1453 4232 ἀνθρώπινα)
1499 4160 1920 4230 βαπτίζεσθαιῆ

351 4253 517 4306 ’Δλλά
561 4253 665 4305 κᾶν
714 4253 830 4324 ῐδῃς
877 4253 1152 4317 ἐκείνους,
1198 4254 1324 4317 τοὺς
1365 4253 1600 4306 τοσαῦτα
1642 4255 1723 4317 είς
1775 4255 1922 4325 ἡμᾶς

337 4345 862 4416 παρανομήσαντας,
893 4345 986 4398 καὶ
1015 4345 1114 4408 τάς
1142 4345 1326 4407 πόλεις
1351 4343 1528 4397 αὐτῶν
1557 4343 1799 4415 ἔχοντας,
1828 4345 1924 4398 καὶ⁵

336 4437 508 4508 τιμῆς
538 4436 909 4500 ἀπολαύοντας
933 4437 1026 4490 καὶ
1058 4437 1404 4508 δορυφορίας,
1431 4437 1648 4506 ἐπίλεγε
1675 4437 1735 4491 τὸ
1772 4439 1924 4509 ῥῆμα

339 4528 504 4582 τοῦτο
522 4571 538 4593 ,
562 4529 825 4584 [Munia
853 4529 891 4595 ἡ
922 4531 1106 4597 πύλη,
1139 4531 1233 4584 καί
1265 4531 1602 4600 εὐρύχωρος
1632 4531 1670 4598 ἡ
1699 4530 1859 4596 ὁδὸς,
1885 4531 1922 4598 ἡ

339 4621 666 4689 ἀπάγουσα
685 4623 772 4686 είς
795 4623 908 4689 τὴν
933 4621 1258 4685 ἀπώλειαν,
1286 4623 1380 4675 καὶ
1409 4623 1607 4694 δάκρυε
1638 4622 1724 4674 διὰ
1750 4621 1925 4674 ταῦτα

343 4712 547 4782 μᾶλλον
581 4705 777 4775 αὐτοὺς
799 4752 814 4777 ,
855 4714 949 4766 καὶ
983 4712 1188 4784 θρήνει.
1238 4713 1297 4766 ’0
1334 4714 1440 4785 γάρ
1475 4713 1707 4768 ἐνταῦθα
1753 4714 1924 4766 κακόν

339 4822 392 4858 τι
431 4804 603 4858 ποιῶν
625 4845 640 4869 ,
683 4801 800 4858 εἶτα
842 4805 978 4877 πρὸς
1005 4806 1085 4876 τῷ
1115 4805 1190 4876 μὴ
1231 4805 1411 4858 δοῦναι
1451 4805 1604 4876 δίκην
1635 4805 1727 4858 καὶ
1758 4805 1924 4874 τιμῆς

341 4897 493 4969 παρά
546 4899 850 4969 ἀνθρώπων
895 4898 1204 4962 ἀπολαύων,
1261 4897 1516 4968 μέγιστον
1563 4897 1922 4952 ἀπελεύσεται

340 4989 618 5060 τιμωρίας
653 4991 865 5060 ἐφόδιον
901 4989 1039 5061 ἔχων
1069 4991 1169 5060 τὴν
1197 4990 1387 5060 τιμήν.
1410 4989 1510 5042 Διά
1535 5006 1614 5043 τοι
1640 4989 1795 5042 τοῦτο
1827 4987 1926 5042 καὶ⁵

340 5084 371 5136 ό
399 5082 654 5143 πλούσιος
684 5083 894 5146 ἐκεῖνος
934 5082 1184 5153 χαλεπῶς
1216 5081 1645 5154 ἀπετηγανίζετο
1665 5125 1679 5149 ,
1722 5084 1783 5136 οὑ
1827 5084 1924 5154 τῆς

344 5176 626 5247 ὠμότητος
657 5177 822 5248 μόνης
862 5176 1067 5239 ἕνεκεν,
1106 5175 1171 5245 ἥν
1197 5173 1367 5246 περὶά
1397 5175 1489 5228 τὸν
1516 5173 1762 5248 Λάζαρον
1792 5177 1923 5228 ἐπε-

290 5333 297 5343 ,
345 5268 592 5338 δείξατο,
633 5269 785 5334 δίκας
811 5269 1023 5335 διδοὺς,
1069 5267 1204 5322 ἀλλά
1235 5268 1330 5321 καὶ
1370 5267 1469 5337 τῆς
1517 5267 1666 5339 [5901
1722 5268 1924 5338 εὑημε-

412 5453 439 5481 ⁸
464 5451 615 5502 Iidem
632 5466 744 5501 mss.
767 5453 810 5500 οἱ
837 5453 888 5501 δὲ
906 5451 1164 5515 ἀλλαχόθεν
1183 5447 1810 5515 πολλαχόθενη]ιιίξι-ει-ἱὶόρηι
1831 5456 1926 5515 πᾷο

347 5531 437 5582 σαν
455 5517 863 5582 παραπέμπονται.
880 5515 1014 5582 Edill
1025 5510 1462 5582 παραπεμπόμενοι.
1488 5510 1610 5561 Ibid.
1634 5512 1705 5561 ὅτι
1725 5514 1924 5569 πολλοὺς

346 5579 444 5642 ἔχω
468 5573 810 5636 συναλγοῦντας
828 5578 956 5638 ἡμῖν.
979 5573 1109 5625 Εόἰιζ
1139 5578 1326 5637 ἔχετε...
1350 5573 1475 5633 ὑμῖν.

407 5639 437 5679 ιι
462 5639 571 5687 Duo
595 5652 708 5686 mss.
739 5641 920 5687 σοόδοα
943 5655 1020 5685 σοι
1042 5638 1191 5687 φίλης.

410 5655 437 5679 ιι
462 5655 571 5687 uno
595 5655 708 5686 mss.
739 5655 920 5702 σφοορα
943 5655 1020 5685 σοι
1042 5655 1191 5700 φιλης.

410 5703 436 5761 ‘_
466 5699 574 5761 Dm)
594 5714 708 5751 mss.
743 5701 1046 5761 βαπτίζεσθαι
1066 5702 1146 5747 καὶ
1169 5700 1486 5748 καθέλκεσθαι.

412 5759 440 5802 τι
468 5760 618 5812 [idem
639 5762 694 5822 ἧς
712 5759 834 5825 περί,
857 5768 909 5812 el
931 5760 1054 5812 infra
1075 5761 1130 5819 ἧς
1155 5762 1202 5810 ἐν
1226 5763 1451 5824 ὠμότητι.

1758 295 2140 354 EPISTOLzE.

3491 303 3604 361 608

2030 419 2171 488 ρίας,
2215 413 2282 491 ἧς
2327 423 2384 474 ἐν
2420 422 2664 492 ὠμότητι
2706 423 2942 497 τοσαύτῃ
2989 423 3249 496 διηνεκῶς
3289 421 3597 495 ἀπολαύων,

2027 511 2145 564 οὐδὲ
2175 511 2346 585 ταύτῃ
2391 513 2614 582 βελτίων
2661 515 2894 582 ἐγένετο.
2939 516 3124 570 Ταῦτα
3162 518 3255 570 καὶ
3295 517 3602 583 τάτούτοις

2027 603 2187 671 ὃμοια
2223 603 2312 672 (οὐ
2352 604 2460 675 γὰρ
2512 605 2823 676 διελίπομεν
2873 607 3060 662 ταῦτά.
3090 625 3170 662 σοι
3219 609 3458 678 συνεχῶς
3499 611 3600 664 ἐπ’-

2028 693 2282 762 ᾴδοντες)
2335 695 2694 768 διαλεγομένη
2750 698 2885 768 πρὸς
2933 699 3150 770 ἑαυτὴν,
3200 699 3454 755 δέσποινά
3499 719 3606 773 μου

2029 782 2416 856 θεοφιλεστάτη
2443 826 2457 849 ,
2500 787 2700 841 ἀπόθου
2739 789 2798 842 τὸ
2845 791 2982 860 βαρὺ
3023 790 3183 844 τοῦτο
3224 794 3324 861 τῆς
3364 791 3602 862 ἀθυμίας

2029 876 2270 946 φορτίον,
2302 879 2395 931 καὶ
2415 878 2572 950 δῆλον
2594 883 2728 951 ἡμῖν
2755 882 2913 936 τοῦτο
2943 883 3166 954 ποίησον
3186 902 3200 917 ·
3229 885 3315 938 ἵνα
3346 886 3482 955 ὅπερ
3505 887 3602 940 καὶ

2027 967 2340 1039 ἔμπροσθεν
2355 970 2686 1035 ἐπέσταλκα,
2713 972 2896 1043 μαθὼν
2917 974 2996 1027 ὅτι
3025 974 3232 1042 γίνεταί
3254 975 3335 1028 σοί
3357 994 3407 1029 τι
3439 976 3602 1029 πλέον

2027 1061 2108 1122 είς
2136 1061 2488 1131 παραμυθίας
2517 1062 2674 1131 λόγον
2718 1064 2809 1116 καὶ
2837 1063 2944 1117 ἀπὸ
2975 1065 3082 1118 τῶν
3115 1066 3395 1136 ἡμετέρων
3421 1083 3600 1138 γραμ-

2031 1151 2238 1220 μάτων,
2272 1152 2660 1225 συνεχέστερον
2687 1156 2980 1226 χρήσωμαι
3013 1155 3090 1226 τῷ
3120 1157 3416 1228 φαρμάκῳ.

2331 1267 2488 1334 Πρὸς
2524 1269 2639 1337 τὴν
2662 1269 2858 1338 αὐτὴν
2888 1270 3181 1339 ἐπιστολὴ
3215 1275 3290 1327 0’.

2099 1377 2268 1430 Ὅταν
2295 1378 2387 1433 ἴδω
2415 1379 2618 1451 δήμους
2657 1382 2864 1454 ἀνδρῶν
2890 1384 2984 1436 καὶ
3016 1384 3292 1451 γυναικῶν
3329 1384 3470 1438 κατὰ
3500 1383 3612 1450 τὰς·

2025 1469 2196 1532 ὁδοὺς,
2231 1470 2372 1523 κατὰ
2396 1473 2521 1535 τοὺς
2554 1473 2824 1543 σταθμοὺς
2845 1485 2890 1537 θ,
2917 1477 3056 1528 κατά
3084 1475 3182 1538 τάς
3210 1476 3393 1539 πόλεις
3418 1478 3602 1547 ἐκχεοο

2030 1561 2244 1630 μένους,
2277 1563 2370 1615 καὶ
2393 1563 2633 1634 ὁρῶντας
2665 1567 2812 1635 ἡμᾶς
2838 1566 2932 1620 καὶ
2968 1566 3321 1637 δακρύοντας,
3357 1568 3523 1622 ἐννοῶ
3544 1571 3603 1622 ὲν

2025 1653 2133 1705 τίσι
2161 1653 2228 1706 τά
2259 1655 2519 1726 ὑμέτερα.
2553 1654 2616 1708 El
2646 1657 2755 1728 γάρ
2781 1653 2928 1711 οὗτοι
2961 1657 3056 1710 νῦν
3081 1659 3296 1729 πρῶτον
3328 1660 3475 1730 ἡμᾶς
3504 1662 3604 1714 ἐω-

2030 1745 2258 1815 ρακότες
2281 1786 2296 1810 ,
2329 1746 2472 1799 οὕτω
2511 1747 2892 1802 κατακλῶνται
2926 1750 3031 1803 ὑπὸ
3070 1751 3169 1820 τῆς
3213 1750 3479 1823 ἀθυμίας,
3527 1753 3604 1816 ὼς

2029 1835 2165 1905 μηδὲ
2195 1837 2506 1905 ἀνενεγκεῖν
2535 1838 2753 1910 ῥᾳδίως,
2787 1839 2920 1894 ἀλλά
2950 1841 3298 1896 ἱκετευόντων
3326 1845 3358 1912 ή
3368 1842 3486 1914 μῶν
3509 1845 3604 1897 καὶ
3635 1889 3637 1891 .

2026 1927 2488 1998 παρακαλούντων
2538 1932 2634 1984 καὶ
2690 1930 3188 2000 συμϐουλευόντων,
3238 1933 3602 2006 θερμοτέρους

2025 2020 2243 2090 ἀφιέναι
2281 2020 2531 2092 δακρύων
2565 2023 2826 2094 κρουνοὺς
2849 2064 2866 2090 ,
2917 2023 3138 2096 εὔδηλον
3184 2028 3266 2080 ὅτι
3308 2027 3438 2098 παρ’
3473 2028 3624 2099 ὑμῖν·

2027 2113 2380 2185 σφοδρότερος
2405 2115 2432 2166 6
2458 2115 2682 2185 χειμών.
2723 2115 2862 2169 Ἀλλ’
2893 2118 3003 2188 ὅσῳ
3052 2119 3404 2190 σφοδρότερος
3427 2122 3456 2173 6
3489 2136 3602 2190 χει-

2029 2205 2164 2276 μὼν,
2192 2205 2430 2277 τοσούτῳ
2478 2207 2571 2260 καὶ
2607 2207 2830 2279 μείζονα
2859 2209 2928 2263 τά
2967 2209 3227 2282 βραδεῖα,
3259 2213 3307 2264 εί
3337 2211 3602 2281 διηνεκῶς

2026 2297 2186 2350 αὑτὸν
2209 2298 2544 2368 εὐχαρίστως
2564 2299 2861 2368 ἐνέγκοιτε,
2890 2301 2986 2356 καὶ
3019 2302 3156 2372 μετά
3187 2303 3285 2372 τῆς
3307 2301 3617 2372 προσηκούο-

2029 2405 2128 2456 σης
2157 2389 2438 2460 ἀνδρείας,
2474 2389 2664 2462 ῶσπερ
2689 2387 2783 2446 οὖν
2816 2395 2910 2447 καὶ
2943 2394 3161 2466 φέρετε.
3203 2396 3356 2448 Ἐπεὶ
3383 2395 3477 2448 καὶ
3506 2412 3605 2448 κυ-

2027 2479 2291 2551 ϐερνῆται
2319 2481 2522 2552 ἀνέμου
2551 2481 2782 2553 σφοδροῦ
2815 2484 3086 2548 πνέοντος,
3120 2485 3186 2538 ἂν
3213 2486 3310 2555 μὲν
3339 2487 3481 2557 πέρα
3509 2488 3604 2542 τοῦ

2030 2571 2229 2644 μέτρου
2259 2570 2327 2624 τά
2363 2570 2507 2626 ίστία
2529 2572 2965 2639 ἀναπετάσωσιν,
2986 2575 3373 2646 περιτρέπουσι
3397 2577 3456 2628 τὸ
3481 2578 3606 2630 σκάι

2027 2680 2158 2732 φος·
2205 2663 2271 2717 ἂν
2304 2663 2362 2716 δὲ
2397 2665 2730 2736 συμμέτρως
2777 2666 2870 2718 καὶ
2913 2665 2988 2729 ὡς
3029 2666 3303 2736 προσῆκεν
3353 2667 3611 2722 ίθύνωσιν

2027 2755 2180 2817 αὐτὸ,
2212 2755 2349 2825 μετά
2372 2757 2669 2825 ἀσφαλείας
2701 2757 2921 2810 πλέουσι
2955 2757 3175 2828 πολλῆς.
3209 2758 3372 2812 Ταῦτ’
3405 2757 3500 2813 οὖν
3529 2763 3606 2813 εί-

2026 2849 2168 2912 δυῖα,
2197 2848 2451 2902 δέσποινά
2486 2866 2586 2919 μου
2621 2849 3026 2920 θεοφιλεστάτη,
3067 2851 3140 2921 μὴ
3171 2851 3342 2922 ἐκδῷς
3370 2853 3608 2923 σεαυτὴν

2027 2943 2093 3010 τῇ
2125 2940 2220 3010 τῆς
2247 2939 2486 3010 ἀθυμίας
2521 2941 2822 3011 τυραννίδι,
2844 2941 2980 2995 ἀλλά
3024 2943 3215 3013 κράτει
3248 2943 3328 3014 τῷ
3361 2943 3612 3016 λογισμῷ

2027 3031 2122 3085 τοῦ
2169 3032 2464 3103 χειμῶνος⁸
2507 3031 2731 3088 δύνασαι
2765 3033 2874 3103 γάρ
2896 3075 2912 3098 ,
2939 3034 3033 3088 καὶ
3067 3034 3127 3087 οὐ
3167 3033 3351 3105 μεῖζόν
3382 3052 3474 3089 σου
3507 3036 3607 3106 τῆς

2027 3124 2222 3194 τέχνης
2267 3124 2328 3177 τὸ
2379 3123 2702 3178 κλυδώνιον·
2751 3125 2843 3178 καὶ
2893 3125 3076 3197 πέμπε
3128 3126 3432 3199 γράμματα
3474 3130 3611 3199 ήμίν

2028 3217 2186 3271 τοῦτο
2229 3217 2673 3285 ἀπαγγέλλοντα,
2717 3218 2804 3271 ἴνα
2852 3219 2947 3272 καὶ
2997 3220 3054 3272 ἐν
3097 3219 3354 3292 ἀλλοτρίᾳ
3397 3221 3611 3292 διατρί-

2032 3310 2250 3376 ϐοντες,
2281 3309 2482 3379 πολλὴν
2512 3309 2936 3380 καρπωσώμεθα
2969 3311 3069 3380 τὴν
3097 3311 3457 3383 εὐφροσύνην,
3503 3328 3615 3381 μα-

2031 3401 2213 3464 θόντες
2239 3402 2324 3454 ὅτι
2363 3400 2500 3470 μετά
2531 3401 2631 3471 τῆς
2670 3400 3053 3472 προσηκούσης
3087 3419 3169 3456 σοι
3209 3403 3477 3467 συνέσεως
3514 3404 3610 3456 καὶ

2031 3493 2345 3562 φιλοσοφίας
2373 3495 2610 3565 ήνεγκας
2639 3495 2737 3566 τὴν
2779 3494 3014 3565 ἀθυμίαν
3041 3495 3263 3566 ταύτην.
3304 3496 3489 3550 Ταῦτα
3519 3497 3609 3562 ἐγ-

2030 3586 2130 3654 γὺς
2166 3586 2504 3658 Καισαρείας
2532 3587 2716 3642 λοιπὸν
2748 3585 3262 3643 ἐλθὼνξέπέσταλκά
3295 3605 3388 3642 σου
3424 3589 3490 3658 τῇ
3525 3604 3623 3639 τι-ι

2034 3681 2267 3753 μιότητι-.

2347 3775 2502 3845 Πρὸς
2530 3775 2644 3844 τὴν
2668 3774 2866 3843 αὐτὴν
2899 3773 3194 3842 ἐπιστολὴ
3221 3776 3284 3828 1’.

2115 3865 2274 3918 Ἀλλά
2303 3866 2394 3918 καὶ
2424 3865 2582 3918 τοῦτό
2612 3882 2694 3918 σοι
2723 3863 2964 3919 λελύσθω
2984 3865 3045 3918 τὸ
3071 3865 3190 3928 δέος
3209 3907 3223 3928 ,
3251 3865 3312 3918 τὸ
3334 3865 3434 3935 τῆς
3470 3865 3614 3920 6601.-

2031 3957 2227 4027 πορίας
2251 3957 2348 4026 τῆς
2375 3956 2668 4026 ἡμετέρας.
2711 3955 2821 4008 Καὶ
2848 3958 2980 4026 γὰρ,
3009 3956 3146 4026 ὅπερ
3173 3955 3344 4028 ἔφθην
3372 3957 3610 4010 ἐπιστεί-

2031 4049 2149 4112 λας,
2175 4047 2236 4101 τὸ
2262 4047 2420 4118 σῶμα
2437 4049 2566 4117 ήμῖν
2595 4049 2675 4110 είς
2689 4046 2900 4115 ὑγίειαν
2924 4049 3020 4102 καὶ
3045 4048 3266 4103 πλείονα
3294 4049 3459 4119 ῥῶσιν
3491 4051 3612 4103 ἐπέ-

2030 4139 2190 4204 δωκε,
2221 4137 2316 4192 τοῦ
2348 4155 2408 4192 τε
2435 4137 2595 4210 ἀέρος
2625 4138 2805 4204 καλῶς
2834 4141 2968 4210 ἡμῖν
2999 4142 3372 4212 κεχρημένου,
3407 4141 3517 4195 τῶν
3549 4159 3610 4195 τι

2031 4230 2349 4300 ἀπαγόντων
2371 4231 2520 4301 ἡμᾶς
2547 4232 2725 4285 πᾶσαν
2750 4231 3090 4303 ποιουμένων
3123 4234 3380 4306 σπουδὴν,
3412 4235 3554 4306 ὑπὲρ
3579 4235 3609 4288 δ

2033 4321 2333 4394 βουλόμεθα
2363 4320 2663 4376 ἀναπαύειν
2695 4324 2877 4395 ἡμᾶς,
2909 4327 3003 4377 καὶ
3039 4323 3200 4395 ἔργον
3235 4325 3392 4378 τοῦτο
3422 4343 3608 4378 ποιου-

2034 4417 2229 4486 μένων.
2269 4416 2497 4472 Μέλλων
2523 4415 2578 4469 δὲ
2606 4415 2715 4469 ἀπὸ
2745 4415 2847 4484 τῆς
2875 4415 3107 4480 Νικαίας
3137 4415 3340 4482 ἐξιέναι
3359 4457 3375 4483 ,
3403 4415 3610 4486 ταύτην

2029 4508 2419 4580 διεπεμψάμην
2463 4508 2560 4579 τὴν
2595 4507 2908 4577 ἐπιστολὴν,
2952 4507 3108 4579 τρίτῃ
3147 4508 3315 4579 μηνὸς
3348 4507 3440 4560 τοῦ
3481 4508 3610 4560 ἰου-

2031 4601 2166 4656 λίου.
2199 4602 2380 4672 Γράφε
2419 4595 2512 4654 οῦν
2545 4601 2676 4671 ήμῖν
2714 4598 2953 4669 συνεχῶς
2979 4600 3230 4670 περὶτῆς
3273 4599 3482 4667 ὑγιείας
3513 4602 3610 4671 τῆς

2034 4694 2153 4764 σῆς.
2189 4694 2577 4763 Διακονήσεται
2623 4692 2731 4763 γάρ
2769 4708 2852 4744 σοι
2899 4693 3034 4762 πρὸς
3071 4689 3229 4744 τοῦτο
3273 4693 3303 4743 6
3342 4691 3610 4761 δεσπότης

2035 4803 2138 4857 μου
2175 4785 2485 4856 Περγάμιος
2508 4825 2522 4850 ,
2555 4776 2600 4852 ᾧ
2623 4783 2832 4854 σφόδρα
2860 4783 3195 4853 τεθάῤῥηκα.
3229 4783 3320 4854 Μὴ
3348 4783 3477 4850 περὶ
3509 4783 3609 4851 τῆς

2032 4878 2242 4946 ὑγιείας
2274 4877 2439 4948 μόνον·
2461 4877 2592 4948 ἡμῖν
2619 4875 2778 4946 δήλου
2821 4874 2922 4942 τῆς
2959 4873 3091 4943 σῆς,
3138 4874 3274 4928 ἀλλά
3317 4877 3409 4928 καὶ
3455 4875 3607 4947 [591]

2033 4971 2162 5040 περὶ
2197 4969 2292 5023 τοῦ
2337 4968 2658 5022 ὲσκεδάσθαι
2705 4984 2786 5020 σοι
2826 4967 2924 5037 τῆς
2959 4965 3198 5038 ἀθυμίας
3235 4967 3296 5020 τὸ
3325 4968 3505 5038 νέφος.
3545 4969 3608 5021 EE

2031 5065 2138 5135 γάρ
2181 5063 2442 5134 μάθοιμεν
2473 5059 2562 5114 διά
2591 5059 2701 5113 τῶν
2732 5059 3076 5130 γραμμάτων
3124 5059 3230 5112 τῶν
3276 5061 3384 5113 σῶν
3426 5059 3606 5124 τοῦτο,

2033 5152 2126 5207 καὶ
2155 5151 2538 5220 συνεχέστερον
2565 5148 2976 5219 ὲπιστελοῦμεν,
2996 5150 3072 5213 ὼς
3094 5149 3348 5214 ἀνύοντές
3373 5169 3423 5203 τι
3447 5152 3609 5205 πλέον

2031 5245 2098 5299 δι’
2144 5237 2220 5298 ὧν
2266 5242 2568 5314 γράφομεν.
2618 5241 2682 5294 Εἰ
2723 5242 2901 5294 τοίνυν
2946 5241 3229 5312 ἐπιθυμεῖς
3277 5244 3611 5312 πυκνότητος

2031 5333 2325 5390 ἀπολαύειν
2366 5331 2663 5385 ἐπιστολῶν
2681 5369 2696 5395 ,
2727 5331 2884 5403 δήλου
2921 5334 3108 5401 σαφῶς
3133 5336 3262 5404 ήμῖν
3290 5335 3372 5388 ὅτι
3402 5335 3610 5403 γίνεταί

2031 5445 2085 5480 τι
2128 5424 2291 5479 πλέον
2318 5423 2426 5477 ἀπὸ
2452 5422 2549 5493 τῆς
2579 5421 2931 5492 πυκνότητος,
2962 5424 3057 5476 καὶ
3101 5423 3222 5493 ὄψει
3268 5425 3406 5496 μετά
3449 5426 3611 5495 δαψιο

2031 5521 2181 5584 λείας
2208 5517 2368 5573 τοῦτο
2390 5517 2746 5590 παρέχοντας.
2787 5516 2937 5572 Ἐπεὶ
2962 5520 3055 5572 καὶ
3093 5518 3209 5584 νῦν,
3232 5521 3439 5574 πολλῶν
3468 5538 3610 5592 παρ-

2100 5703 2121 5731 ε
2152 5698 2358 5757 Σταθμός
2381 5698 2458 5747 hic
2484 5696 2694 5757 ldipsnm
2718 5701 2915 5758 [nitatur
2939 5709 3068 5752 esse.
3097 5699 3227 5756 quod
3251 5697 3368 5746 iufra
3396 5698 3442 5743 in
3493 5697 3612 5755 Epi-

2035 5765 2157 5814 slola
2181 5761 2390 5823 quadam
2432 5758 2491 5810 ad
2533 5758 2760 5810 Ruﬁnum
2800 5760 2938 5821 μονή,
2966 5771 3052 5808 seu
3092 5760 3277 5811 Mnusio
3315 5758 3615 5819 appellatur,
