4058 6218
448 330 581 390 θος.

459 438 716 496 ελθόντων
758 440 1007 495 ἐντεῦθεν
1037 441 1144 495 τῶν
1179 442 1490 511 δυναμένων
1533 440 1835 511 γράμματα
1868 442 2027 513 κομί·
2060 457 2066 464 ·

460 549 571 597 σαι,
603 532 678 605 μὴ
703 532 999 604 δεξάμενος.
1018 532 1169 603 παρὰ
1205 533 1306 604 τῆς
1342 533 1438 603 σῆς
1466 533 1779 605 τιμιότητος
1809 536 2029 587 ἐπιστο-

455 623 573 695 λὴν,
607 624 813 696 σφόδρα
843 624 1075 696 ἤλγησα.

752 761 907 829 Πρὸς
943 761 1058 830 τὴν
1080 762 1277 828 αὐτὴν
1301 764 1595 850 ἐπιστολὴ
1621 769 1732 822 IA'.

524 873 676 945 Ὅσῳ
704 872 771 928 τὰ
788 872 895 928 τῶν
917 874 1241 946 πειρασμῶν
1264 878 1396 947 ἡμῖν
1425 878 1771 940 ἐπιτείνεται,
1793 876 2031 946 τοσούτῳ

454 966 551 1023 καὶ
573 966 642 1021 τά
668 965 769 1037 τῆς
805 967 1205 1039 παρακλήσεως
1239 970 1370 1038 ήμῖν
1400 968 1643 1036 αὔξεται,
1676 970 1771 1023 καὶ
1799 985 2033 1040 χρηστο-

451 1058 615 1132 τέρας
643 1055 837 1127 ἔχομεν
873 1058 1002 1129 περὶ
1032 1058 1141 1111 τῶν
1187 1059 1491 1130 μελλόντων
1528 1061 1625 1126 τὰς
1651 1060 1904 1125 ἐλπίδας·
1936 1059 2033 1114 νῦν

453 1148 512 1205 δὲ
560 1146 703 1203 κατά
749 1146 876 1220 ροῦν
913 1150 1047 1221 ἡμῖν
1092 1150 1308 1205 ἅπαντα
1342 1151 1607 1224 φέρεται,
1652 1152 1746 1207 καὶ
1786 1149 2033 1224 ἐξουρίας

451 1238 707 1311 πλέομεν.
727 1238 824 1303 Τίς
847 1232 988 1293 εἶδεν
1008 1256 1023 1303 ;
1046 1239 1129 1303 τίς
1154 1240 1385 1312 ἤκουσεν
1408 1259 1423 1307 ;
1456 1240 1691 1310 ’Ύφαλοι
1724 1243 1819 1295 καὶ
1840 1241 2034 1295 σπιλά-

451 1330 573 1394 δες,
605 1327 874 1401 στρόϐιλοι
913 1329 1016 1383 καὶ·
1047 1332 1361 1401 καταιγίδες
1393 1334 1899 1405 καταρρήγνυνταισ
1938 1332 2035 1397 νύξ

450 1420 735 1490 ἀσέληνος,
784 1420 947 1490 ζόφος
991 1421 1180 1491 βαθὺς,
1223 1423 1461 1493 κρημνοὶ
1486 1422 1581 1475 καὶ
1605 1421 1892 1475 σκόπελον
1938 1422 2034 1476 καὶ⁵

450 1510 540 1566 διὰ
572 1511 815 1565 τοιούτου
848 1511 1109 1575 πλέοντες
1150 1512 1417 1582 πελάγους
1439 1553 1455 1577 ,
1486 1513 1597 1567 τῶν
1631 1516 1690 1567 ἐν
1724 1513 1902 1585 λιμένι
1937 1530 2034 1567 σα·

452 1604 720 1658 λευόντων
763 1603 917 1657 οὐδὲν
961 1606 1142 1675 χεῖρον
1188 1604 1509 1676 διακείμεθα
1527 1617 1575 1657 ι.
1618 1605 1781 1659 Ταῦτ’
1814 1601 1907 1658 οὖν
1941 1605 2033 1658 καὶ

450 1694 594 1767 αὐτὴ
620 1693 965 1765 λογιζομένη,
990 1693 1246 1748 δέσποινά
1271 1712 1373 1765 μου
1395 1694 1802 1767 θεοφιλεστάτη,
1835 1694 2032 1765 ὑψηλο-

452 1788 587 1858 τέρα
620 1787 772 1856 γίνου
804 1786 912 1841 τῶν
940 1786 1185 1856 θορύϐων
1214 1787 1439 1851 τούτων,
1464 1788 1559 1842 xal
1586 1789 1695 1842 τῶν
1724 1785 2029 1853 κλυδὼνων,

454 1880 551 1932 καὶ
575 1878 813 1949 δηλῶσαί
841 1895 932 1948 μοι
957 1877 1295 1943 καταξίωσον
1321 1880 1391 1932 τά
1419 1880 1547 1950 περί
1567 1882 1665 1951 τῆς
1688 1879 1901 1948 ὑγιείας
1930 1879 2033 1950 τῆς

456 1974 587 2045 σῆς·
620 1974 781 2045 ἡμεῖς
821 1971 933 2043 γὰρ
964 1973 1021 2025 ἐν
1053 1972 1234 2041 ὑγιείᾳ
1264 1972 1358 2026 καὶ
1385 1974 1443 2026 ἐν
1484 1972 1718 2045 εὐθυμίᾳ
1750 1972 2031 2043 διάγομεν.

453 2067 569 2122 Kal
594 2065 705 2138 7&9
734 2066 830 2119 καὶ
861 2064 924 2118 τὸ
954 2062 1114 2135 σῶμα
1143 2066 1276 2136 ἡμῖν
1299 2065 1775 2137 ἐρρωμενέστερον
1815 2065 2030 2134 γέγονε,

454 2158 550 2212 καὶ
573 2156 813 2228 καθαρὸν
834 2156 1173 2226 ἀναπνέομεν
1204 2155 1363 2226 ἀέρα,
1380 2155 1512 2209 οἵτε
1531 2156 1800 2227 συναποδη
1809 2155 2034 2226 μοῦντες

453 2250 589 2321 ἡμῖν
626 2250 915 2319 ἐπαρχικοὶ
935 2288 952 2313 ,
1014 2248 1157 2303 οὕτω
1189 2248 1602 2319 θεραπεύουσιν,
1639 2249 1720 2302 ὅτι
1747 2249 1868 2302 οὐδέ
1893 2251 2034 2303 οἰκε-

452 2341 565 2395 τῶν
590 2342 739 2411 ήμᾶς
760 2340 952 2409 ἀφιᾶσι
977 2339 1202 2403 δεῖσθαι,
1228 2338 1299 2391 τά
1327 2338 1555 2392 οἰκετῶν
1582 2337 1884 2401 ποιοῦντες.
1922 2338 2034 2392 Καὶ

454 2430 563 2503 7&9
607 2431 864 2501 ἥρπασαν
901 2429 962 2482 τὸ
993 2428 1275 2499 ἐπίταγμα
1304 2427 1462 2483 τοῦτο
1490 2427 1579 2481 διά
1606 2429 1699 2481 τὸν
1729 2430 1858 2501 περί
1884 2429 2033 2499 ἡμᾶς

453 2519 654 2593 ἔρωτα.
705 2518 815 2574 Kal
855 2517 1175 2589 δορυφορίαι
1224 2515 1530 2587 πανταχοῦ,
1580 2517 1812 2570 ἑκάστου
1845 2517 2034 2571 ἑαυτὸν

458 2610 854 2683 μακαρίζοντος
896 2608 987 2662 διά
1025 2608 1125 2680 τὴν
1169 2607 1444 2662 διακονίαν
1478 2607 1702 2679 ταύτην.
1744 2609 1846 2662 ’Ἑν
1886 2610 2033 2663 ἐστιν

451 2705 604 2777 ἡμᾶς
647 2704 711 2757 τὸ
750 2702 990 2767 λυποῦν,
1039 2701 1103 2756 τὸ
1141 2700 1215 2773 μὴ
1256 2700 1479 2773 θαρρεῖν
1518 2702 1601 2755 ὅτι
1651 2702 1747 2754 καὶ
1787 2700 1926 2771 αὐτὴ
1975 2703 2033 2756 ἐν

456 2796 637 2868 ὑγιείᾳ
665 2795 872 2865 διάγεις
892 2794 944 2849 δ.
971 2793 1222 2864 Δήλωσον
1260 2792 1326 2865 δὴ
1350 2792 1541 2856 τοῦτο,
1578 2793 1666 2847 ἵνα
1695 2795 1789 2848 καὶ
1815 2794 1914 2863 τῆς
1944 2795 2032 2847 ἐν·

452 2887 644 2942 τεῦθεν
667 2888 1063 2957 ἀπολαύσωμεν
1092 2884 1450 2957 εὐφροσύνης.
1483 2887 1578 2940 καὶ
1607 2885 1687 2956 τῷ
1726 2886 1902 2958 κυρίῳ
1932 2904 2033 2957 μου

452 2977 513 3033 δέ
556 2976 635 3048 τῷ
678 2977 1040 3048 ποθεινοτάτῳ
1070 2978 1249 3048 τέκνῳ
1297 2976 1453 3046 ήμῶν
1494 2976 1797 3047 Περγαμίῳ
1834 2976 2034 3041 πολλὰς

455 3070 684 3143 χάριτας
722 3068 999 3141 είσὼμεθα
1017 3080 1065 3123 ο.
1109 3069 1230 3124 Κᾶν
1267 3068 1457 3140 ἐθέλῃς
1497 3070 1630 3140 ήμῖν
1674 3069 2029 3135 ἐπιστέλλειν,

454 3162 605 3235 αὐτῷ
628 3162 765 3236 πρὸς
791 3160 949 3216 τοῦτο
972 3161 1197 3232 χρῆσαι,
1220 3161 1428 3232 γνησίῳ
1455 3177 1515 3214 τε
1544 3160 1678 3224 δντι,
1704 3161 1798 3214 καὶ
1829 3160 2032 3232 σφόδρα

453 3256 589 3327 ἡμῖν
626 3254 1005 3324 ἀνακειμένῳ,
1037 3252 1134 3306 καὶ
1172 3251 1314 3306 πάνυ
1349 3252 1653 3323 αἰδουμένῳ
1684 3252 1783 3323 τὴν
1811 3253 2033 3323 κοσμιό-

453 3345 595 3416 τητά
620 3361 735 3412 σου,
770 3344 866 3398 καὶ
891 3343 989 3415 τὴν
1021 3341 1328 3397 εὐλάϐειαν.

736 3477 894 3547 Πρὸς
922 3476 1038 3546 τὴν
1081 3475 1276 3545 αὐτὴν
1303 3474 1598 3546 ἐπιστολὴ
1634 3480 1745 3532 IB'.

526 3607 638 3680 Τὴν
674 3608 986 3680 ἀρρωστίαν
1022 3606 1331 3677 διαφυγὼν,
1370 3608 1437 3679 ἢν
1472 3607 1617 3662 κατά
1645 3608 1745 3678 τὴν
1784 3607 1900 3662 ὁδὸν
1930 3608 2033 3662 ὐπ-

455 3699 651 3771 έμεινα
669 3740 684 3765 ,
716 3694 786 3771 ἦς
811 3699 907 3753 καὶ
940 3698 1010 3752 τά
1037 3697 1266 3769 λείψανα
1293 3699 1373 3762 εἰς
1404 3699 1747 3768 Καισάρειαν
1777 3698 2028 3770 ἐκόμισα,

456 3793 553 3847 καὶ
599 3790 736 3864 πρὸς
778 3790 876 3863 τὴν
910 3789 1122 3858 ὑγίειαν
1172 3788 1485 3844 ἐπανελθὼν
1529 3788 1716 3843 λοιπὸν
1758 3789 2029 3861 καθαρὰν,

453 3883 752 3943 ἐπιστέλλω
778 3898 873 3936 σου
912 3883 980 3953 τῇ
1024 3880 1279 3954 εὐλαϐείᾳ
1312 3880 1422 3936 ἀπὸ
1470 3882 1806 3951 Καισαρείας
1836 3882 2028 3955 αὐτῆς,
2094 3918 2097 3925 ι

452 3978 513 4033 ἐν
643 3974 847 4046 πολλῆς
893 3973 1210 4038 ἀπολαύσας
1247 3973 1560 4045 θεραπείας,
1605 3975 1736 4047 ρᾷον
1762 3973 2031 4047 διετέθην,

456 4064 655 4136 ἰατρῶν
701 4065 940 4136 ἀρίστων
960 4105 977 4132 ,
1016 4064 1111 4119 καὶ
1141 4064 1346 4137 σφόδρα
1377 4064 1846 4137 εὐδοκιμωτάτων,
1880 4063 2031 4139 [592]

453 4156 549 4209 καὶ
581 4153 896 4225 συμπαθείᾳ
926 4154 1023 4208 καὶ
1047 4153 1255 4226 φίλτρῳ
1290 4154 1514 4224 μᾶλλον,
1551 4155 1672 4227 οὐχὶ
1701 4154 1863 4228 τέχνῃ
1893 4156 2033 4231 μόνῃ

455 4243 867 4315 θεραπευόντων
901 4243 1048 4315 ἡμᾶς
1078 4242 1371 4314 ἐπιτυχὼν,
1413 4236 1489 4299 ὧν
1518 4244 1746 4316 θάτερος
1782 4248 1877 4301 καὶ
1907 4263 2033 4302 συν·

453 4335 712 4391 απελθεῖν
751 4336 885 4406 ἡμῖν
913 4334 1179 4405 ὐπέσχετο
1201 4373 1217 4399 ,
1249 4334 1343 4387 καὶ
1371 4333 1549 4406 ἕτεροι
1577 4335 1634 4388 δέ
1675 4336 1894 4402 πλείους
1920 4337 2030 4392 τῶν

456 4428 515 4481 ἐν
539 4425 829 4500 ἀξιώμασι.
877 4427 988 4483 Kal
1022 4428 1183 4499 ἡμεῖς
1217 4428 1314 4499 μέν
1343 4425 1603 4491 πολλάκις
1641 4429 2029 4502 ἐπιστέλλομεν

452 4518 526 4575 τά
551 4520 672 4576 καθ’
699 4521 876 4593 ἡμᾶς·
906 4519 1047 4591 αὐτὴ
1073 4519 1152 4586 δὲ,
1185 4520 1215 4574 ὃ
1246 4520 1341 4574 καὶ
1366 4519 1677 4592 ἔμπροσθεν
1708 4521 2028 4588 ἐνεκάλεσα,

455 4615 749 4680 σπανιάκις
781 4614 940 4668 τοῦτο
970 4614 1163 4676 ποιεῖς.
1190 4613 1302 4667 Kal
1324 4612 1411 4668 ἵνα
1437 4612 1615 4685 μάθῃς
1644 4612 1726 4666 ὅτι
1758 4611 2030 4683 ῥᾳθυμίας

453 4710 555 4780 σῆς
590 4711 708 4763 ἐστι
738 4706 896 4761 τοῦτο
917 4747 933 4773 ,
962 4705 1058 4759 καὶ
1102 4704 1285 4777 οὐχὶή
1319 4705 1514 4770 σπάνις
1552 4704 1662 4760 τῶν
1695 4721 2030 4776 γραμματη-

452 4800 635 4872 φόρων
663 4798 822 4855 τοῦτο
856 4799 1033 4862 ποιεῖ,
1062 4798 1092 4851 ό
1119 4795 1308 4869 κύριός
1335 4813 1438 4868 μου
1456 4836 1470 4862 ,
1498 4798 1528 4851 ὁ
1554 4796 1783 4865 ἁδελφὸς
1806 4798 1902 4851 τοῦ
1927 4815 2031 4869 μα-

451 4895 642 4966 καρίου
666 4895 921 4965 Μαξίμου
952 4891 1047 4948 τοῦ
1077 4889 1401 4955 ἐπισκόπου,
1429 4889 1537 4961 πρὸ
1561 4888 1654 4943 δύο
1680 4889 1886 4945 τούτων
1920 4890 2030 4944 ἀπ-

454 4986 689 5056 ήντησεν
714 4985 959 5056 ἡμερῶν,
976 4983 1072 5039 καὶ
1091 4982 1334 5055 αίτηθεὶς
1353 4983 1482 5054 παρ’
1510 4981 1669 5054 ἡμῶν
1698 4983 2026 5055 γράμματα,

450 5076 623 5147 ἔφησε
659 5075 860 5146 μηδένα
889 5074 1217 5147 βουληθῆναι
1241 5072 1423 5129 δοῦναι
1449 5072 1599 5145 αὐτῷ
1618 5090 1632 5105 ·
1663 5073 1799 5129 ἀλλὰ
1825 5074 2030 5129 καὶτὸν

450 5168 675 5240 Τίγριον
711 5169 803 5223 τὸν
844 5168 1215 5241 πρεσϐύτερον
1258 5168 1550 5241 αἰτηθέντα
1591 5169 1718 5239 παρ’
1747 5168 1912 5224 αὐτοῦ
1952 5169 2028 5240 μὴ

452 5262 780 5331 παρασχεῖν.
798 5259 1131 5331 Παρακαλῶ,
1167 5260 1425 5317 ὀνείδισον
1451 5260 1601 5331 αὐτῷ
1632 5261 1810 5328 τοῦτο,
1834 5262 1929 5315 καί
1948 5261 2030 5332 τῷ

451 5348 658 5421 γνησίῳ
686 5349 782 5403 καὶ
807 5348 994 5422 θερμῷ
1030 5348 1189 5421 ήμῶν
1220 5351 1448 5422 ἐραστῇ,
1502 5350 1594 5406 καὶ
1621 5353 1733 5415 τοῖς
1759 5350 1941 5417 ἄλλοις
1971 5351 2029 5406 δὲ

452 5441 616 5494 πᾶσιν
641 5442 753 5505 τοῖς
792 5442 920 5511 περὶ
957 5440 1234 5510 κυριακὸν
1274 5441 1367 5496 τὸν
1405 5441 1720 5500 ἐπίσκοπον.
1765 5442 1872 5498 Τοῦ
1918 5442 2027 5515 γὰρ

512 5639 538 5701 ξ
562 5637 698 5687 Unus
723 5636 857 5701 οὐδὶν
890 5636 1084 5701 ἄμεινον
1101 5637 1392 5701 διακείμεθα.

510 5699 541 5741 ιδ
569 5701 703 5764 Unus
723 5700 771 5748 έν
803 5698 993 5764 εὐθυμία
1014 5698 1202 5762 διάγεις.

516 5765 540 5795 °
564 5763 714 5816 Savil.
736 5764 890 5827 ἰσμεν.

1144 326 1203 383 S.
1240 323 1520 381 JOAN‘NIS
1556 322 2039 379 CHRYSOSTOMI
2080 323 2397 384 ARCHIEP.
2439 330 2991 390 CONSTANTINOP.

3598 339 3702 397 OI'J

2129 446 2294 501 τόπου
2339 448 2526 505 ἕνεκεν
2572 450 2714 505 ὥστε
2742 452 3103 524 ἐναλλαγῆναι
3127 493 3143 519 ,
3180 454 3317 526 μήτε
3358 453 3527 528 αὐτιῖι,
3568 459 3700 529 μηῶ

2130 548 2274 621 ἄλλῳ
2309 550 2498 622 μηδενὶ
2527 553 2875 625 ἐνοχλήοητε.
2899 553 3209 625 Δεδέγμεθα
3231 553 3328 626 τὴν
3349 555 3697 627 χάριν.Ἵσως

2129 650 2239 719 γάρ
2260 647 2660 721 ⁴ἠϐουλήθησαν,
2689 651 2784 704 καὶ
2812 650 2912 705 οὐκ
2932 649 3295 723 ἠδυνήθησαν.
3321 651 3459 717 Δόξα
3485 652 3563 724 τῷ
3588 651 3699 723 Θεῷ

2130 746 2348 801 πάντων
2383 747 2569 801 ἐνεκεν
2587 764 2604 781 θ
2650 748 2713 801 οὐ
2764 749 2873 821 γάρ
2920 746 3200 820 παύσομαι
3240 747 3399 803 τοῦτο
3437 748 3703 819 ἐπιλέγων

2130 844 2218 898 ἀεὶ
2256 845 2348 898 ἐπὶ
2398 845 2531 899 πᾶσί
2566 862 2656 916 μοι
2702 849 2815 910 τοῖς
2854 846 3263 917 συμϐαίνουσιν.
3309 847 3490 900 Ἔστω
3523 847 3700 915 τοῦτο,

2130 942 2231 996 οὐκ
2273 941 2640 1014 ἠδυνήθησαν.
2696 942 2790 1014 Μὴ
2836 943 2931 997 καὶ
2976 943 3207 1016 γράφειν
3256 944 3357 997 οὐκ
3405 944 3702 1014 ἠδύναντο,

2131 1041 2308 1096 Πολλά
2344 1042 2735 1114 εὐχαρίστησον
2766 1044 2884 1105 ταῖς
2916 1041 3136 1114 κυρίαις
3166 1059 3266 1113 μου
3293 1044 3415 1107 ταῖς
3446 1041 3705 1111 ἀδελφαῖς

2128 1140 2224 1195 τοῦ
2252 1139 2443 1211 κυρίου
2481 1157 2582 1212 μου
2615 1138 2709 1193 τοῦ
2739 1138 3069 1212 τιμιωτάτου
3108 1138 3407 1193 ἐπισκόπου
3430 1137 3459 1177 ἀ
3491 1140 3707 1209 Περγα-

2134 1237 2281 1309 μίου,
2328 1236 2528 1308 πολλὴν
2561 1236 2703 1308 ὑπὲρ
2726 1238 2757 1307 ὴ
2767 1236 2885 1307 μῶν
2918 1234 3268 1306 ποιουμέναις
3301 1234 3557 1299 σπουδήν.
3596 1234 3706 1286 Kal

2130 1335 2240 1406 7&9
2280 1333 2371 1388 τὸν
2417 1332 2605 1405 κύριόν
2651 1348 2755 1403 μου
2806 1331 2899 1387 τὸν
2930 1331 3099 1386 δοῦκα
3127 1332 3218 1386 τὸν
3246 1328 3498 1402 γαμϐρὸν
3539 1328 3705 1383 αὐτοῦ

2132 1432 2337 1504 σφόδρα
2398 1432 2815 1504 παρεσκεύασαν
2864 1430 2992 1501 περὶ
3037 1431 3187 1502 ἡμᾶς
3232 1428 3577 1491 διακεῖσθαι,
3628 1428 3707 1490 ὡς

2132 1531 2339 1601 σφόδρα
2370 1531 2618 1585 κάκεῖνον
2652 1528 2940 1600 ἐπιθυμεῖν
2967 1528 3116 1599 ἡμᾶς
3146 1528 3324 1580 ἐκεῖσε
3361 1525 3488 1579 ἰδεῖν
3510 1533 3557 1579 ο.
3595 1524 3709 1578 Kal

2131 1627 2270 1698 αὐτὴ
2293 1627 2351 1680 δὲ
2390 1626 2630 1698 συνεχῶς
2657 1625 2819 1694 δήλου
2844 1626 2975 1696 ἡμῖν
3000 1623 3068 1678 τά
3101 1625 3227 1695 περὶ
3253 1622 3352 1692 τῆς
3374 1620 3584 1690 ὐγιείας
3605 1620 3706 1690 τῆς

2133 1722 2235 1796 σῆς
2255 1765 2271 1791 ,
2310 1724 2403 1778 καί
2447 1723 2557 1777 τῶν
2611 1720 2947 1790 ἀγαπώντων
2996 1721 3163 1791 ἡμᾶς.
3219 1718 3405 1790 Ἥμῶν
3435 1718 3492 1770 δὲ
3522 1718 3703 1770 ἐνεκεν

2133 1822 2389 1895 ἄφροντις
2417 1820 2531 1883 ἔσο,
2556 1822 2667 1876 Kal
2693 1820 2800 1892 γάρ
2824 1822 2881 1874 ἐν
2912 1819 3095 1892 ὑγιείᾳ
3117 1818 3305 1890 ἐσμὲν,
3328 1818 3422 1871 καὶ
3449 1815 3703 1888 εὐθυμίᾳ,

2131 1921 2226 1976 καὶ
2275 1919 2476 1990 πολλῆς
2515 1918 2861 1988 ἀπολαύομεν
2904 1915 3002 1988 τῆς
3050 1913 3315 1979 ἀνέσεωςί
3343 1954 3358 1979 ,
3411 1913 3574 1985 μεχρι
3609 1912 3708 1983 τῆς

2135 2019 2376 2089 σήιιερον
2406 2016 2643 2088 ἡμέρας.
2679 2012 3085 2086 Ἐπιθυμοῦμεν
3112 2012 3169 2066 δέ
3199 2010 3412 2083 μαθεῖν,
3442 2010 3574 2082 περὶ
3595 2008 3709 2064 τῶν

2132 2115 2274 2169 κατὰ
2300 2112 2574 2185 Κυριακδν
2613 2112 2705 2166 τὸν
2743 2110 3040 2166 ἐπίσκοπον
3068 2110 3117 2162 εἰ
3143 2107 3457 2178 ἀφέθησαν·
3495 2106 3590 2159 καὶ
3617 2105 3712 2159 οὐ-

2130 2213 2243 2277 δεὶς
2280 2213 2411 2283 ἡμῖν
2456 2210 2625 2279 σαφὲς
2666 2209 2817 2264 οὐδὲν
2850 2206 3183 2280 ἀπήγγειλεν
3208 2221 3222 2236 ⁸
3252 2205 3355 2259 κᾶν
3381 2203 3541 2258 τοῦτο
3576 2203 3711 2274 ἡμῖν

2130 2308 2430 2379 δηλώσατε,
2480 2308 2616 2363 Εἰπὲ
2655 2305 2919 2379 Κυριακῷ
2954 2304 3033 2375 τῷ
3079 2303 3360 2375 ἐπισκόπῳ
3391 2302 3474 2357 ὅτι
3503 2301 3711 2356 λυπού-

2135 2422 2295 2476 μενος
2329 2404 2480 2476 αὐτῷ
2509 2405 2610 2458 οὐκ
2639 2403 2957 2458 ἐπιστέλλω.

2423 2538 2583 2608 Πρὸς
2615 2537 2731 2608 τὴν
2755 2536 2951 2607 αὐτὴν
2975 2536 3269 2605 ἐπιστολὴ
3297 2537 3415 2592 ιιν.

2201 2675 2371 2739 Μόλις
2392 2674 2522 2728 ποτὲ
2544 2670 2772 2728 ἀνεπνεύ
2781 2689 2953 2744 σαμεν
2974 2671 3054 2737 εἰς
3067 2670 3165 2744 τὴν
3185 2668 3497 2724 Κουκουσὸν
3511 2668 3708 2739 άφικό⁴

2135 2790 2320 2847 μενοι,
2351 2771 2473 2827 ὅθεν
2505 2772 2602 2825 καὶ
2633 2769 3055 2841 ἐπιστέλλομενο
3090 2767 3242 2840 μόλις
3268 2767 3399 2822 ποτέ
3425 2766 3713 2837 διεϐλέψα-

2135 2889 2236 2943 μεν
2257 2871 2363 2926 ἀπὸ
2386 2870 2479 2925 τοῦ
2499 2868 2729 2935 καπνοῦ,
2754 2866 2851 2921 καὶ
2878 2868 2979 2940 τῆς
3007 2865 3258 2937 ποικίλης
3281 2865 3392 2920 τῶν
3420 2865 3608 2919 κακῶν
3631 2881 3713 2921 νε-

2133 2968 2434 3042 φέλης,τῶν
2451 2966 2593 3023 κατὰ
2607 2968 2706 3041 τὴν
2720 2966 2839 3021 όδόν
2853 2966 3003 3038 ἡμᾶς
3018 2964 3451 3020 καταλαϐόντων.
3466 2962 3582 3019 Νῦν
3599 2963 3713 3036 γάρ

2132 3066 2319 3138 ἐπειδὴ
2353 3065 2595 3145 παρῆλθε
2620 3064 2690 3119 τὰ
2721 3064 2989 3136 ὀδυνηρά,
3028 3062 3365 3136 διηγούμεθά
3407 3079 3504 3116 σου
3534 3061 3710 3117 ταῦτα

2130 3166 2196 3237 τῇ
2224 3162 2480 3237 εὐλαϐείᾳ
2499 3164 2545 3217 ⁸.
2593 3161 2722 3217 Ὀτε
2759 3160 2873 3234 γάρ
2909 3162 2968 3215 ἐν
3005 3161 3189 3226 αὐτοῖς
3215 3161 3386 3233 ήμην,
3415 3160 3518 3214 οὐκ
3548 3160 3713 3233 {7600-

2129 3266 2303 3340 λόμην
2327 3265 2485 3321 τοῦτο
2522 3266 2778 3337 ποιῆσαι,
2814 3260 2891 3335 μὴ
2920 3260 3125 3331 σφόδρα
3162 3276 3221 3314 σε
3259 3260 3507 3332 λυπήσω.
3538 3259 3710 3331 Τριά-

2131 3382 2293 3419 κοντα
2311 3364 2421 3437 γάρ
2444 3363 2628 3435 σχεδὸν
2644 3363 2677 3435 ἦ
2699 3363 2793 3417 καὶ
2812 3360 3030 3424 πλείους
3052 3360 3266 3432 ἡμέρας
3279 3361 3538 3431 πυρετοῖς
3550 3359 3711 3430 χαλε-

2130 3462 2403 3525 πωτάτοις
2426 3460 2701 3514 διετέλεσα
2733 3459 2977 3514 παλαίων
2994 3497 3013 3524 ,
3040 3458 3137 3512 καὶ
3160 3456 3304 3511 οὕτω
3339 3455 3437 3528 τὴν
3485 3455 3708 3529 μακρὰν

2128 3555 2336 3627 ταύτην
2374 3560 2470 3611 καὶ
2506 3556 2748 3629 χαλεπὴν
2778 3555 2977 3611 ὁδεύων
3006 3555 3145 3620 ὁδὸν,
3174 3554 3270 3608 καὶ
3311 3554 3530 3625 ἑτέραις
3553 3551 3713 3625 [5951

2130 3656 2538 3727 χαλεπωτάταις
2570 3633 2908 3727 ἀρρωστίαις
2954 3650 3407 3724 πολιορκούμενος
3434 3651 3555 3713 ταῖς
3599 3647 3711 3702 ἀπὺ

2128 3750 2222 3805 τοῦ
2244 3753 2537 3823 στομάχου.
2553 3750 2777 3821 Λόγισαι
2794 3750 2863 3803 τά
2889 3748 3158 3813 ἐντεῦθεν,
3174 3750 3274 3801 οὐκ
3299 3746 3497 3818 ἰατρῶν
3513 3745 3706 3809 ὄντων,

2128 3851 2190 3904 οὐ
2208 3850 2524 3921 βαλανείων,
2546 3849 2648 3904 οὐκ
2676 3848 3017 3922 ἐπιτηδείων,
3044 3847 3105 3901 οὐ
3126 3846 3227 3919 τῆς
3252 3845 3419 3918 ἄλλης
3445 3844 3707 3912 ἀνέσεως,

2141 3947 2445 4022 Ἰσαυρικοῦ
2481 3946 2647 4017 φόϐου
2690 3944 3027 4018 πανταχόθεν
3081 3946 3229 4018 ἡμᾶς
3267 3941 3706 4016 πολιορκοῦντος,

2130 4046 2238 4101 τῶν
2260 4045 2434 4100 ἄλλων
2466 4044 2674 4109 κακῶν,
2705 4046 2848 4118 ἅπερ
2877 4046 2912 4117 ή
2936 4043 3192 4099 δυσκολία
3214 4044 3322 4098 τῶν
3339 4043 3474 4099 όδῶν
3501 4043 3707 4098 τίκτειν

2131 4142 2321 4212 εἴωθε,
2356 4144 2633 4218 φροντίδος
2652 4184 2668 4210 ,
2706 4143 3007 4217 μερίμνης,
3031 4144 3300 4217 ἀθυμίας,
3328 4145 3564 4217 ἐρημίας
3596 4146 3709 4200 τῶν

2131 4240 2594 4312 θεραπευσόντων.
2629 4241 2791 4295 Ἀλλά
2809 4241 2904 4296 νῦν
2934 4242 3148 4297 ἅπαντα
3165 4243 3336 4297 ταῦτα
3354 4243 3590 4300 λέλυται.
3611 4245 3709 4309 Εἰς

2128 4337 2237 4408 γὰρ
2266 4337 2365 4409 τήν
2392 4337 2700 4393 Κουκουσὸν
2723 4336 2991 4404 ἐλθόντες,
3015 4340 3117 4411 τήν
3137 4356 3198 4394 τε
3228 4339 3536 4414 ἀρρωστίαν
3562 4339 3709 4395 ἀπα-

2132 4452 2230 4489 σαν
2268 4434 2583 4506 ἀπεθέμεθα
2636 4436 2777 4507 μετά
2814 4436 2923 4493 τῶν
2959 4437 3248 4504 λειψάνων,
3304 4438 3399 4492 καὶ
3447 4438 3618 4510 ἐσμὲν
3646 4440 3709 4493 ἐν

2131 4532 2311 4605 ὐγιείᾳ
2330 4532 2716 4607 καθαρωτάτη,
2738 4532 2831 4588 τοῦ
2852 4552 2912 4589 τε
2934 4535 3102 4606 φόϐου
3124 4535 3231 4590 τῶν
3263 4536 3402 4590 Ἰσαύ
3409 4553 3519 4608 ρων
3538 4535 3711 4606 ἀπηλ-

2128 4632 2405 4704 λάγημεν,
2436 4632 2646 4688 πολλῶν
2702 4632 2938 4689 ἐνταῦθα
2979 4633 3326 4706 στρατιωτῶν
3362 4634 3550 4699 ὅντων,
3613 4636 3711 4689 καὶ

2131 4730 2335 4801 σφόδρα
2353 4730 2489 4801 πρὸς
2518 4730 2717 4794 αὐτοὺς
2737 4731 3237 4804 παρατεταγμένων
3257 4748 3273 4764 ⁸
3300 4730 3410 4785 τῶν
3434 4748 3495 4785 τε
3517 4733 3709 4803 ἐπιτη-

2128 4829 2282 4884 δείων
2301 4830 2335 4900 ἡ
2358 4828 2585 4900 ἀφθονία
2613 4829 2877 4887 πάντοθεν
2901 4831 3035 4902 ἡμῖν
3062 4831 3298 4901 ἐπιρρεῖ,
3322 4829 3540 4884 πάντων
3568 4829 3710 4902 μετὰ

2129 4927 2312 5000 πάσης
2359 4927 2571 4991 εὐνοίας
2605 4929 2756 5001 ἡμᾶς
2793 4928 3209 5001 ἀποδεχομένων
3232 4970 3248 4996 ,
3289 4928 3467 4983 καίτοι
3502 4928 3710 5000 σφόδρα

2128 5026 2226 5098 ἐρη
2237 5026 2467 5098 μοτάτου
2496 5026 2647 5091 ὄντος
2678 5024 2771 5079 τοῦ
2797 5025 3016 5097 χωρίου.
3053 5024 3195 5079 Ἀλλ’
3242 5025 3431 5097 ἔτυχεν
3456 5028 3486 5080 ό
3506 5025 3709 5081 δεσπόσ

2190 5216 2322 5292 (ἰδία
2344 5231 2517 5292 οιηιιοε
2547 5231 2667 5292 ξξιεες
2693 5222 2746 5266 et
2770 5219 2842 5292 εἰσ
2872 5218 2999 5292 [egit
3038 5218 3392 5292 ἰῃιθτρι-οξεηίῃ
3436 5220 3557 5269 edit.
3577 5219 3705 5292 Δἐπιτ

2130 5281 2316 5329 σκόπου
2348 5281 2509 5329 deest.
2547 5280 2705 5329 Paulo
2729 5287 2841 5341 post
2881 5280 3034 5330 δοῦκα
3053 5280 3242 5331 ducem.
3272 5281 3449 5330 Billius
3485 5286 3703 5332 verterat

2134 5340 2360 5391 Dominus
2380 5354 2513 5392 meus
2543 5340 2757 5399 Ducas;
2770 5342 2861 5390 sed
2903 5351 3044 5393 recte
3083 5341 3362 5392 emendavit
3394 5344 3576 5393 Fronto
3604 5344 3708 5392 Du-

2128 5416 2278 5460 cmus,
2304 5403 2537 5453 Dominus
2558 5415 2691 5453 meus
2725 5401 2845 5452 dux.
2873 5404 2990 5453 Haec
3032 5418 3123 5454 vox
3151 5418 3212 5454 ex
3238 5404 3415 5454 Latino
3437 5404 3543 5454 dux
3579 5405 3702 5451 facta

2128 5463 2433 5527 signiﬁcabat
2454 5467 2613 5526 primo
2635 5466 2788 5515 duces
2827 5468 3097 5525 exercitus,
3119 5466 3231 5514 hinc
3253 5468 3407 5515 duces
3434 5466 3707 5527 provincia-

2128 5524 2263 5591 ru'm5
2289 5524 2660 5591 impcii'ilalum
2703 5527 3023 5591 prbiqmque;
3071 5534 3123 5577 et
3157 5524 3449 5591 frequeulef
3491 5526 3705 5578 occurrit

2129 5588 2254 5651 apud
2279 5588 2564 5651 scriptores,
2592 5587 2804 5651 maxime
2827 5587 3100 5649 Byianlios.

2194 5664 2218 5690 θ
2244 5649 2341 5698 Alii
2365 5648 2519 5698 ἐκεῖσε
2542 5650 2619 5699 vel
2642 5651 2836 5699 κάκεῖσε
2858 5648 2991 5699 εἶναι.

2196 5710 2215 5750 ί
2265 5709 2375 5759 Duo
2395 5723 2507 5761 mss.
2531 5717 2616 5770 τῆς
2631 5712 2957 5768 ἀναπαύσεως.

2196 5776 2221 5818 8
2244 5770 2367 5823 Tres
2387 5785 2504 5826 mss.
2529 5772 2780 5838 διηγοῦμαι
2801 5775 2926 5827 αὐτὰ
2943 5780 3000 5839 τῇ
3023 5773 3235 5841 εὐλαϐείᾳ
3260 5790 3364 5825 σου.
