4058 6218
291 248 398 307 609

284 382 512 432 stantes.
539 370 670 427 Nam
696 386 838 427 nunc
862 385 1096 444 quoque,
1127 386 1247 427 cum
1273 371 1449 441 multi,
1475 370 1564 441 qui
1596 371 1778 427 literas
1804 369 1874 425 ad

285 481 388 523 nos
412 464 607 521 afferre
631 473 898 535 poterant,
927 464 1027 522 hac
1055 465 1157 520 iter
1182 464 1436 530 facerent,
1469 478 1569 520 nec
1593 461 1873 535 epistolam

282 573 312 614 a
340 568 398 615 te
425 557 770 628 accepissem,
795 571 937 627 aegre
962 556 1250 612 admodum
1280 557 1332 612 id
1358 556 1478 612 tuli.

283 648 370 706 Ad
392 648 621 705 eamdem
646 647 796 717 epist.
823 645 928 701 XI.
959 646 1191 718 (Scripta
1210 660 1331 701 cum
1357 646 1623 702 Cucusum
1650 645 1753 701 iret
1780 659 1876 700 ex-

795 737 1024 793 sulatum
1050 752 1192 793 anno
1216 736 1367 809 404.)

356 829 477 897 Quo
516 833 841 888 tentationes
881 837 1075 885 nostra:
1120 831 1291 900 magis
1326 830 1738 901 ingravescunt,
1769 827 1875 884 hoc

279 922 449 979 etiam
490 919 661 991 magis
703 918 1097 976 consolationes
1133 928 1332 976 nostrae
1367 927 1627 990 augentur
1644 960 1659 987 ,
1698 918 1873 974 laetio-

280 1028 510 1083 remque
533 1010 601 1068 de
627 1011 819 1068 futuris
842 1026 990 1082 spem
1010 1012 1340 1082 concipimus
1362 1030 1377 1067 :
1399 1026 1541 1069 nunc
1559 1021 1737 1067 autem
1758 1025 1875 1066 om-

282 1104 375 1159 nia
396 1103 550 1159 nobis
570 1117 637 1159 ex
662 1101 827 1158 animi
851 1103 1115 1159 sententia
1135 1103 1347 1169 cedunt,
1371 1118 1437 1158 ac
1457 1101 1699 1159 secundo
1711 1110 1872 1159 vento

282 1194 617 1263 navigamus.
659 1193 790 1261 Quis
826 1191 991 1248 vidit?
1030 1193 1150 1263 quis
1192 1194 1425 1250 audivit?
1460 1194 1633 1250 Petrae
1673 1202 1730 1250 et
1771 1193 1873 1249 sub

280 1285 443 1357 aquis
468 1284 685 1340 latentia
711 1298 838 1339 saxa
858 1326 873 1350 ,
904 1294 958 1340 et
992 1285 1228 1342 turbines
1257 1295 1311 1341 et
1337 1285 1583 1357 procellas
1606 1299 1728 1340 cum
1760 1284 1870 1340 fra-

282 1388 416 1445 gore
454 1382 618 1429 ruunt
648 1390 664 1429 :
693 1388 797 1430 nor
827 1374 1042 1443 illunis,
1071 1374 1237 1432 densa
1264 1377 1461 1447 caligo,
1492 1376 1785 1448 praecipitia
1816 1383 1873 1431 et

284 1464 491 1535 scopuli
520 1483 534 1519 :
565 1474 619 1521 et
643 1474 819 1522 tamen
849 1480 944 1536 per
965 1466 1230 1537 ejusmodi
1257 1482 1405 1524 mare
1436 1470 1765 1540 navigantes,
1790 1467 1873 1523 ni-

287 1553 397 1610 hilo
419 1555 604 1626 pejore
627 1564 769 1612 statu
805 1571 991 1614 sumus
1012 1572 1174 1628 quam
1195 1558 1286 1629 qui
1309 1557 1362 1613 in
1390 1566 1547 1630 portu
1579 1559 1867 1628 jactentur.

284 1646 416 1702 llaec
442 1647 600 1717 igitur
639 1648 752 1718 ipsa
781 1662 992 1719 quoque
1015 1664 1137 1705 cum
1161 1651 1340 1705 animo
1372 1658 1464 1707 tuo
1498 1650 1868 1722 perpendens,

282 1739 502 1794 domina
529 1753 648 1794 mea
673 1739 1090 1810 religiosissima,
1121 1740 1221 1797 hos
1249 1742 1503 1797 tumultus
1529 1757 1595 1799 ac
1618 1743 1871 1814 strepitus

278 1846 501 1901 supera,
528 1830 702 1902 deque
736 1840 824 1888 tua
853 1832 1157 1889 valetudine
1192 1832 1277 1891 fac
1304 1849 1412 1904 me,
1441 1849 1646 1907 qureso,
1671 1836 1870 1892 certio~

282 1940 400 1981 rem
432 1942 448 1981 :
476 1938 577 1980 nos
599 1924 740 1980 enim
769 1932 823 1981 et
845 1926 1124 1982 commoda
1149 1927 1388 1998 corporis
1412 1927 1713 1985 valetudine
1736 1937 1792 1985 et
1814 1928 1869 1984 in

276 2014 450 2070 animi
475 2012 742 2071 hilaritate
768 2014 1033 2086 degimus.
1057 2015 1192 2073 Nam
1214 2027 1270 2074 et
1291 2031 1488 2089 corpus
1511 2027 1756 2075 nostrum
1780 2019 1872 2075 fir-

276 2107 425 2163 mius
448 2106 714 2164 redditum
739 2116 841 2177 est,
870 2116 925 2185 et
950 2123 1143 2179 purum
1166 2124 1349 2166 aerem
1375 2110 1650 2167 haurimus
1675 2118 1871 2182 :atque

277 2197 525 2269 praafecti
566 2198 764 2254 milites
790 2198 897 2272 (a),
930 2199 969 2256 ii
1001 2201 1092 2272 qui
1129 2200 1408 2258 nobiscum
1441 2202 1867 2274 peregrinantur,

275 2288 357 2345 ita
380 2303 480 2345 nos
498 2287 689 2346 officiis
709 2300 1120 2362 prosequuntur,
1142 2300 1204 2349 ut
1223 2308 1294 2350 ne
1317 2292 1634 2350 famulorum
1654 2294 1868 2367 quidem

275 2395 503 2452 operam
542 2383 816 2454 requirere
859 2399 961 2441 nos
997 2385 1210 2452 sinant,
1240 2401 1364 2443 cum
1406 2387 1509 2459 ipsi
1550 2388 1869 2445 famulorum

274 2471 467 2527 munia
493 2482 870 2544 exsequantur.
901 2474 1119 2533 Etenim
1155 2492 1255 2550 pro
1281 2492 1381 2536 suo
1407 2493 1531 2550 erga
1561 2494 1662 2536 nos
1686 2495 1871 2539 amore

275 2561 386 2618 hoc
426 2578 624 2620 munus
670 2567 1080 2636 prmripuerunt.
1127 2569 1301 2641 Atque
1344 2569 1541 2640 ubique
1581 2571 1870 2628 satellitum

275 2668 448 2710 manu
485 2653 782 2725 cingimur,
814 2671 1138 2728 unoquoque
1170 2658 1416 2715 videlicet
1448 2659 1674 2731 hujusce
1705 2662 1869 2717 mini-

275 2743 431 2800 sterii
458 2745 674 2801 nomine
692 2746 904 2803 beatum
930 2761 990 2804 se
1013 2747 1357 2826 pmdicante.
1381 2749 1552 2807 Unum
1578 2750 1632 2807 id
1653 2751 1871 2808 demum

273 2837 565 2893 molestum
605 2845 718 2905 est,
751 2838 895 2909 quod
938 2848 991 2896 te
1025 2855 1240 2912 quoque
1278 2840 1528 2898 incolumi
1568 2843 1871 2900 valetudine

274 2940 404 2983 esse
420 2942 530 2983 non
549 2928 881 3000 exploratum
907 2928 1216 2987 habeamus.
1241 2930 1350 2989 Fac
1371 2932 1548 3004 itaque
1569 2933 1713 2991 istud
1732 2936 1872 2991 scia-

273 3035 403 3075 mus
431 3038 446 3075 :
474 3026 535 3076 ut
560 3021 665 3078 hoc
690 3022 852 3077 etiam
877 3021 1076 3079 lmtitite
1102 3022 1255 3080 nobis
1288 3024 1529 3092 accedat,
1560 3040 1625 3082 ac
1651 3025 1869 3083 domino

273 3126 407 3169 meo
443 3111 865 3184 suavissimoque
915 3113 1023 3171 tilio
1067 3114 1347 3186 Pergamio
1386 3116 1630 3187 ingentes
1672 3118 1869 3189 gratias

274 3201 595 3259 habemus.
625 3202 683 3260 Si
707 3204 800 3260 tibi
825 3204 895 3261 ad
921 3219 1021 3260 nos
1048 3205 1229 3262 literas
1247 3206 1377 3263 dare
1403 3207 1677 3278 placuerit,
1701 3210 1869 3281 ipsius

273 3306 447 3364 opera
469 3293 537 3350 ad
560 3292 701 3350 hanc
721 3309 836 3353 rem
862 3306 1032 3353 utere.
1054 3296 1187 3353 Nam
1206 3306 1263 3353 et
1280 3300 1521 3355 sincerus
1539 3301 1742 3356 amicus
1761 3311 1868 3372 est,

273 3384 545 3457 nobisque
569 3385 982 3454 addictissimus,
1010 3396 1066 3445 et
1092 3396 1238 3446 tuam
1263 3389 1578 3448 modestiam
1607 3407 1672 3450 ac
1703 3393 1869 3465 pieta-

273 3484 392 3533 tem
416 3476 707 3534 admodum
731 3486 1027 3537 reveretur.

269 3571 365 3627 Ad
389 3570 619 3628 madent
644 3572 792 3644 epist.
819 3571 962 3627 XII.
994 3571 1238 3646 (Scripta
1280 3573 1538 3632 Caesarea:
1573 3576 1630 3633 in
1656 3576 1867 3649 Cappa-

827 3663 980 3720 docia
1007 3679 1151 3721 anno
1173 3664 1325 3739 404.)

351 3751 488 3810 Cum
512 3769 580 3810 ex
606 3769 675 3811 eo
702 3755 890 3812 morbo
913 3757 1204 3815 evasissem
1228 3797 1244 3822 ,
1271 3773 1379 3829 quo
1406 3758 1462 3814 in
1497 3759 1687 3817 itinere
1714 3760 1867 3818 labo-

271 3848 419 3913 ravi,
441 3847 697 3919 cujusque
720 3848 975 3919 reliquias
998 3847 1297 3906 Caesaream
1321 3865 1490 3923 usque
1512 3852 1626 3917 tuli,
1649 3853 1869 3926 jamque

268 3938 354 3995 ad
381 3939 639 4010 integram
665 3939 1023 3996 valetudinem
1056 3940 1358 4006 rediissem,
1385 3957 1453 3998 ex
1484 3942 1600 4013 ipsa
1625 3942 1868 4002 Ctesarea

271 4029 403 4086 hmo
424 4028 493 4085 ad
518 4037 572 4086 te
593 4029 804 4100 scripsi,
829 4030 885 4086 in
909 4045 1013 4102 qua
1038 4032 1218 4087 multis
1242 4032 1373 4090 mihi
1405 4032 1656 4091 adhibitis
1691 4050 1869 4093 reme-

271 4120 390 4176 diis
414 4121 604 4176 melius
629 4120 789 4177 habui
807 4162 823 4190 ,
855 4123 1323 4193 praestantissimos
1350 4124 1603 4182 nimirum
1626 4125 1868 4183 celeber-

270 4214 559 4286 rimosque
580 4214 819 4271 medicos
840 4224 1046 4284 nactus,
1070 4231 1101 4272 a
1121 4217 1314 4287 quibus
1338 4232 1445 4274 non
1468 4226 1573 4275 tam
1598 4221 1729 4276 artis
1744 4220 1871 4278 sub-

270 4307 439 4364 sidiis
458 4348 477 4377 ,
502 4322 659 4379 quam
687 4309 1154 4367 commiseratione
1181 4306 1341 4381 atque
1365 4311 1595 4369 amicitia
1620 4315 1867 4371 curabar.

271 4401 526 4469 Quorum
562 4400 723 4456 etiam
768 4414 907 4456 unus
951 4401 1224 4457 nobiscum
1261 4418 1365 4460 una
1407 4419 1467 4460 se
1508 4404 1869 4475 profecturum

266 4491 572 4565 spopondit
603 4510 617 4547 :
648 4500 807 4565 atque
843 4493 970 4549 item
1008 4492 1097 4547 alii
1133 4495 1434 4565 complures
1466 4510 1538 4551 ex
1573 4496 1641 4553 iis
1665 4497 1756 4568 qui
1783 4496 1871 4553 di-

272 4583 573 4657 gnitatibus
600 4583 806 4655 praediti
835 4593 981 4641 sunt.
1013 4584 1093 4640 Ac
1116 4600 1216 4641 nos
1245 4585 1457 4656 quidem
1491 4586 1559 4645 de
1590 4588 1749 4645 rebus
1775 4604 1874 4646 no-

272 4675 414 4732 stris
452 4690 690 4746 persrepe
717 4659 784 4729 ad
822 4683 876 4731 te
914 4675 1225 4746 scripsimus
1256 4696 1270 4731 :
1304 4688 1358 4733 tu
1383 4694 1511 4734 vero
1530 4721 1545 4748 ,
1577 4696 1683 4751 quo
1710 4681 1869 4739 etiam

277 4764 507 4821 nomine
536 4773 587 4820 te
616 4765 760 4834 prius
787 4766 1062 4833 accusavi,
1090 4781 1214 4824 raro
1241 4767 1293 4823 id
1322 4768 1475 4825 facis.
1503 4772 1677 4842 Atque
1701 4781 1759 4828 ut
1787 4774 1871 4829 in-

280 4857 494 4926 telligas
518 4856 571 4912 id
596 4858 932 4929 negligentiae
958 4864 1064 4914 tua:
1086 4900 1102 4927 ,
1130 4874 1195 4915 ac
1222 4874 1328 4915 non
1356 4860 1752 4919 tabellariorum
1781 4880 1874 4935 pe-

282 4948 460 5005 suria:
480 4948 817 5005 tribuendum
838 4962 978 5017 esse,
1004 4948 1252 5008 dominus
1274 4967 1448 5022 meus,
1470 4954 1610 5011 beati
1634 4956 1870 5029 episcopi

354 5066 427 5138 (tt)
453 5066 678 5138 ifraafecti
701 5068 773 5138 mi
774 5068 906 5138 lites.
929 5065 1100 5117 Grece
1736 5079 1862 5136 -

277 5128 509 5185 feetiaui,
533 5143 621 5178 seu
649 5129 991 5200 praefectorum
1014 5128 1336 5239 apparitor'es,
1359 5137 1411 5178 et
1434 5128 1698 5190 satellites,
1718 5128 1863 5191 queis

278 5190 561 5239 utebantur
592 5191 651 5238 ad
686 5202 799 5239 reos
836 5189 1022 5239 aliosve
1104 5191 1334 5239 urendos.
1378 5191 1508 5239 quod
1550 5203 1610 5239 ex
1654 5190 1861 5239 Palladii

278 5190 561 5241 utebantur
592 5189 661 5251 ad
686 5202 799 5240 reos
836 5189 1022 5251 aliosve
1054 5189 1334 5249 ducendos,
1378 5191 1508 5251 quod
1550 5203 1610 5240 ex
1654 5189 1861 5240 Palladii

280 5251 464 5301 verbis
484 5249 741 5314 arguitur,
764 5264 876 5313 qua
898 5250 979 5300 hic
1003 5251 1291 5301 exscribere
1309 5249 1449 5311 juvat
1471 5265 1483 5299 :
1809 5251 1863 5300 at

349 5313 583 5370 avaritiam},
1073 5313 1364 5370 ,

566 5376 736 5448 aurei;
1335 5376 1439 5448 xar
1687 5373 1859 5446 invenlt,

635 5437 805 5506 aurei);
841 5438 1040 5506 tidvarov
1074 5437 1300 5506 ,
1328 5437 1409 5506 sed
1436 5437 1497 5506 re
1616 5437 1861 5506 irrepat-re?-

282 5497 527 5566 -,
548 5506 718 5566 autem
737 5497 820 5547 illa
846 5500 1200 5566 interpretatus
1231 5505 1314 5566 est.
1334 5497 1592 5566 timet-iens
1617 5497 1860 5566 Dignius;

283 5557 471 5629 Retulit
491 5567 648 5629 autent
664 5558 897 5629 diaconus
919 5555 1003 5621 qui
1021 5558 1080 5629 ab
1101 5555 1348 5629 episcopis
1370 5558 1517 5629 rediit
1532 5596 1545 5615 .
1583 5570 1613 5606 a
1628 5555 1862 5629 praefecti

282 5619 542 5677 militibus.
564 5619 648 5685 qui
666 5635 748 5688 eos
769 5619 1090 5679 deduxerunt,
1117 5619 1272 5688 usque
1283 5621 1405 5673 adeo
1424 5621 1567 5686 jussu
1580 5619 1863 5688 aliquorum

284 5690 507 5740 suetos.
528 5680 725 5735 ut'mori
756 5688 999 5747 Optarent,
1038 5691 1080 5735 et
1120 5680 1277 5736 viuere
1312 5680 1605 5744 recusarent,
1641 5680 1695 5733 et
1716 5681 1864 5747 paulo

1813 236 2191 320 setsrow.

3453 253 3560 309 GHl

1978 350 2192 406 Maximi
2220 350 2385 408 frater
2402 392 2417 419 ,
2444 367 2565 410 cum
2594 353 2979 414 nudiustertius
3002 359 3268 427 venisset,
3296 363 3365 418 ab
3391 380 3563 436 eoque

1980 442 2164 499 literas
2204 443 2590 515 postulassem,
2636 450 2850 520 negavit
2891 459 2945 507 te
2983 451 3085 509 sibi
3120 453 3251 510 dare
3286 457 3566 527 voluisse;

1977 540 2139 604 atque
2174 534 2334 590 etiam
2377 535 2610 607 Tigrium
2658 540 3060 612 presbyterum,
3089 559 3212 599 eum
3240 546 3369 602 item
3399 550 3469 605 ab
3501 565 3567 606 eo

1979 624 2246 693 petiisset,
2291 625 2344 682 id
2383 642 2595 698 quoque
2634 628 2810 687 facere
2845 646 3142 690 recusasse.
3173 637 3356 707 itaque
3385 638 3487 697 hoc
3518 644 3566 697 ei

1979 715 2269 786 exprobres
2286 718 2464 784 velim,
2489 735 2551 776 ac
2574 720 2785 779 sincero
2805 733 2859 779 et
2879 724 3085 782 ardenti
3112 736 3298 783 nostro
3314 734 3562 798 amatori,

1978 805 2292 877 ueterisque
2332 809 2579 891 omnibus
2616 811 2706 882 qui
2743 828 2863 869 cum
2891 815 3115 887 Cyriaco
3146 819 3398 891 episcopo
3433 836 3561 877 con-

1978 898 2313 955 suetudinem
2342 899 2555 958 habent.
2581 902 2713 959 Nam
2738 905 2806 961 de
2833 906 2934 963 loci
2960 911 3373 967 commutatione
3397 913 3561 968 nolim

1976 996 2071 1043 aut
2099 989 2198 1059 ipsi
2227 1000 2318 1046 aut
2346 993 2592 1065 cuiquam
2632 996 2721 1051 alii
2760 1001 3030 1070 negotium
3060 1002 3308 1060 facessas.
3347 1005 3559 1063 Benefi.

1978 1079 2119 1135 cium
2144 1082 2454 1153 accipimus.
2486 1085 2735 1144 Fortasse
2759 1091 2901 1146 enim
2927 1093 3228 1162 voluerunt,
3254 1112 3353 1153 nec
3377 1108 3562 1168 potue-

1976 1179 2121 1261 runt.
2144 1171 2325 1229 Gloria
2346 1175 2455 1231 Deo
2475 1188 2692 1248 propter
2709 1182 2886 1237 omnia
2915 1200 2928 1236 :
2954 1199 3125 1254 neque
3144 1186 3285 1241 enim
3308 1203 3561 1261 umquam

1977 1260 2032 1316 in
2069 1262 2135 1318 iis
2173 1264 2447 1333 omnibus,
2480 1282 2599 1338 qua:
2637 1270 2768 1327 mihi
2810 1274 3154 1344 contingunt,
3199 1275 3301 1333 hoc
3339 1260 3558 1336 verbum

1976 1364 2237 1422 usurpare
2265 1353 2526 1411 desinam.
2560 1359 2688 1415 Esto
2717 1371 2893 1416 autem
2924 1363 3063 1420 istud
3084 1406 3102 1433 ,
3132 1380 3239 1422 non
3270 1374 3558 1438 potuerint.

1976 1440 2061 1497 An
2100 1444 2260 1499 etiam
2304 1447 2538 1504 scribere
2578 1466 2683 1508 nou
2728 1457 3054 1522 potuerunt?
3079 1459 3150 1512 At
3176 1474 3305 1516 vero
3330 1460 3562 1518 dominis

1977 1535 2145 1601 meis,
2181 1540 2490 1608 cumprimis
2533 1545 2820 1601 venerandi
2857 1548 3094 1620 episcopi
3129 1567 3194 1607 ac
3221 1553 3423 1610 domini
3453 1556 3559 1612 mei

1976 1624 2238 1697 Pergamii
2265 1631 2568 1699 sororibus,
2596 1649 2716 1705 qua:
2742 1640 2908 1693 nostri
2938 1654 3099 1696 causa
3130 1642 3416 1713 plurimum
3443 1657 3562 1702 stu-

1975 1715 2048 1771 dii
2069 1726 2228 1787 atque
2247 1733 2427 1790 operte
2446 1724 2760 1795 suscipiunt,
2785 1726 3027 1799 ingentes
3045 1734 3245 1802 gratias
3264 1750 3381 1805 age.
3403 1735 3559 1806 Nam,

1977 1814 2037 1862 ut
2060 1808 2305 1865 dominus
2332 1827 2483 1869 meus
2534 1812 2654 1869 Dux
2703 1815 2876 1887 ipsius
2923 1835 3090 1891 gener
3143 1828 3562 1894 propensissimo

1976 1898 2029 1954 in
2060 1914 2159 1955 nos
2186 1900 2364 1957 animo
2392 1912 2567 1978 esset,
2599 1904 2892 1964 eilecerunt
2911 1949 2927 1975 ,
2956 1910 3091 1967 adeo
3126 1922 3183 1967 ut
3216 1913 3564 1972 vehementer

1975 1989 2090 2060 ipse
2121 2006 2334 2063 quoque
2375 2009 2474 2050 nos
2509 1996 2618 2052 illic
2658 1997 2840 2056 videre
2875 2012 3115 2072 cuperet.
3148 2003 3284 2073 Quin
3317 2016 3372 2061 tu
3397 2010 3562 2065 etiam

1973 2080 2042 2138 de
2068 2084 2369 2141 valetudine
2399 2094 2509 2154 tua,
2538 2088 2712 2160 deque
2739 2090 2824 2159 iis,
2855 2107 2887 2148 a
2912 2094 3103 2164 quibus
3129 2111 3393 2167 amamur,
3422 2100 3560 2155 scri-

1974 2173 2105 2232 bere
2123 2217 2141 2243 ,
2165 2191 2348 2247 quaeso
2367 2217 2386 2245 ,
2415 2177 2482 2234 ad
2512 2193 2609 2235 nos
2638 2195 2706 2237 ne
2736 2181 3076 2239 intermittas.
3097 2186 3173 2241 De
3200 2187 3354 2243 nobis
3377 2198 3562 2246 autem

1974 2268 2090 2324 sine
2116 2283 2243 2324 cura
2271 2279 2411 2326 esto.
2441 2271 2573 2327 Nam
2615 2279 2670 2329 et
2705 2274 2944 2331 valemus
2962 2317 2978 2341 ,
3010 2288 3064 2332 et
3093 2281 3378 2350 tranquillo
3404 2291 3565 2353 atque

1974 2356 2130 2414 hilari
2158 2361 2338 2415 animo
2362 2376 2546 2417 sumus
2568 2403 2585 2430 ,
2616 2363 2921 2436 ingentique
2953 2366 3021 2421 ad
3060 2368 3202 2424 hunc
3226 2386 3394 2442 usque
3420 2372 3563 2428 diem

1975 2451 2162 2524 requie
2209 2450 2456 2508 fruimur.
2502 2454 2579 2512 De
2622 2457 2905 2514 comitibus
2953 2468 3131 2515 autem
3172 2461 3379 2531 Cyriaei
3421 2465 3563 2524 scire

1975 2558 2197 2600 avemus
2216 2585 2232 2611 ,
2266 2546 2485 2602 missine
2515 2546 2710 2603 fuerint
2741 2567 2755 2604 :
2787 2565 2960 2620 neque
2984 2553 3125 2607 enim
3155 2555 3433 2624 quisquam
3462 2573 3562 2612 no-

1975 2633 2058 2691 bis
2096 2635 2165 2692 de
2199 2651 2260 2693 ea
2304 2652 2365 2694 re
2404 2639 2681 2709 perspicue
2716 2640 2916 2710 aliquid
2959 2644 3137 2699 retulit
3168 2665 3183 2700 :
3212 2661 3378 2716 quare
3422 2649 3563 2705 istud

1974 2743 2187 2800 quoque
2213 2730 2370 2786 nobis
2396 2730 2708 2801 significate.
2732 2731 2837 2802 Ipsi
2859 2742 3038 2789 autem
3065 2736 3317 2807 episc0po
3340 2737 3565 2810 Cyriaco

1974 2819 2133 2875 velim
2170 2819 2273 2875 hoc
2309 2820 2492 2887 dicas,
2526 2836 2613 2877 me
2649 2821 2814 2879 animi
2856 2826 3108 2882 maestitia
3148 2827 3459 2899 impeditum
3493 2831 3563 2888 ad

1975 2924 2097 2965 eum
2129 2910 2269 2966 haud
2299 2912 2601 2982 scripsisse.

2115 3002 2198 3058 Ad
2219 3004 2446 3058 eamdem
2464 3004 2611 3073 epist.
2633 3002 2811 3062 XIII.
2831 3005 3137 3079 (Postquam
3154 3006 3423 3067 Cucusum

2432 3104 2748 3166 pervenerat
2784 3110 2925 3153 anno
2945 3097 3101 3171 404.)

2044 3183 2283 3242 Tandem
2304 3184 2589 3256 aliquando
2607 3186 3007 3257 respiravimus,
3034 3204 3155 3245 cum
3175 3190 3439 3250 Cucusum
3469 3211 3560 3253 ve-

1974 3276 2171 3343 nimus,
2190 3276 2332 3334 unde
2355 3277 2515 3334 etiam
2540 3277 2636 3334 bas
2659 3278 2841 3335 literas
2865 3282 3184 3351 scribimus;
3217 3287 3430 3344 tandem
3458 3289 3561 3345 ali-

1972 3369 2184 3441 quando
2202 3384 2233 3424 a
2257 3368 2425 3438 fumo,
2455 3380 2510 3428 et
2534 3375 2696 3431 variis
2715 3377 2977 3434 malorum
3004 3395 3212 3448 eorum,
3240 3401 3359 3455 qua:
3384 3402 3483 3443 nos
3503 3388 3558 3445 in

1972 3459 2057 3514 via
2079 3456 2410 3528 invaserunt,
2423 3461 2633 3521 nebulis
2647 3465 2822 3523 lucem
2838 3472 3236 3541 conspeximus.
3249 3473 3401 3531 Nunc
3411 3478 3556 3533 enim

1972 3558 2317 3622 posteaquam
2344 3566 2430 3621 ea,
2458 3568 2579 3625 quae
2615 3554 2858 3615 dolorem
2888 3558 3042 3618 nobis
3066 3562 3381 3631 a'erebant,
3407 3566 3559 3622 efu-

1971 3648 2185 3706 xerunt,
2206 3641 2316 3712 jam
2344 3642 2438 3699 tibi
2468 3659 2531 3699 ea
2561 3649 2894 3717 exponimus.
2924 3650 3059 3706 Nam
3083 3669 3206 3708 cum
3227 3654 3279 3709 in
3305 3655 3434 3725 ipsis
3457 3656 3556 3711 ad-

1973 3731 2079 3788 huc
2101 3747 2363 3801 versarer,
2388 3735 2490 3792 hoc
2508 3736 2685 3795 facere
2709 3741 2877 3808 nolui,
2901 3756 2969 3797 ne
2995 3751 3047 3797 te
3073 3743 3125 3797 in
3154 3759 3402 3815 magnum
3425 3762 3559 3804 mte-

1971 3835 2150 3880 rorem
2175 3822 2517 3894 conjicerem.
2546 3826 2782 3898 Triginta
2825 3831 2970 3891 enim
3009 3834 3394 3903 propemodum
3419 3836 3558 3908 dies,

1971 3924 2067 3970 aut
2106 3916 2266 3971 etiam
2295 3917 2553 3987 amplius,
2581 3932 2705 3974 cum
2734 3920 3098 3980 acerbissimis
3126 3923 3359 3982 febribus
3384 3928 3556 3987 collu-

1972 4008 2106 4064 ctari
2133 4024 2241 4065 non
2266 4009 2446 4066 destiti
2475 4027 2490 4064 :
2521 4021 2683 4083 atque
2707 4013 2781 4068 ita
2820 4013 3033 4086 longum
3064 4016 3165 4074 hoc
3192 4027 3246 4075 et
3271 4020 3556 4079 molestum

1973 4098 2077 4156 iter
2098 4101 2340 4172 agebam,
2370 4102 2594 4176 aliisque
2608 4105 2745 4165 item
2768 4106 3099 4178 gravissimis
3131 4113 3389 4171 stomachi
3417 4131 3565 4172 mor-

1973 4191 2057 4248 bis
2082 4192 2355 4250 obsessus.
2385 4194 2504 4251 Jam
2528 4212 2650 4268 quat
2687 4196 2817 4255 hinc
2831 4213 3183 4273 sequerentur
3198 4246 3216 4271 ,
3240 4207 3522 4267 cerreidera
3545 4248 3561 4275 ,

1975 4298 2167 4356 nempe
2191 4300 2313 4341 cum
2346 4300 2447 4344 nec
2483 4288 2677 4347 medici
2716 4300 2915 4362 praesto
2954 4303 3158 4361 essent,
3188 4310 3290 4353 nec
3327 4297 3518 4353 balnea
3540 4338 3562 4368 ,

1973 4390 2078 4432 nec
2103 4391 2191 4434 res
2226 4379 2546 4436 necessaria:
2565 4420 2583 4449 ,
2622 4397 2723 4439 nec
2748 4383 2852 4439 alia
2879 4385 3184 4453 commoda.
3211 4402 3275 4444 ac
3305 4397 3562 4459 praeterea

1976 4465 2278 4525 Isaurorum
2302 4479 2477 4528 metus
2496 4486 2594 4529 nos
2621 4473 2856 4547 undique
2877 4487 3167 4546 premeret,
3187 4479 3397 4551 aliaque
3418 4483 3558 4538 mala

1976 4573 2096 4629 quas
2124 4573 2192 4615 ex
2220 4560 2470 4618 itinerum
2496 4562 2808 4622 difcultate
2848 4567 2994 4624 nasci
3018 4582 3429 4639 consueverunt,
3457 4573 3561 4629 hoc

1976 4656 2061 4704 est
2082 4664 2231 4719 cura,
2274 4652 2601 4723 sollicitudo,
2642 4657 2805 4712 animi
2851 4662 3236 4729 consternatio,
3262 4662 3437 4734 inopia
3464 4678 3563 4719 eo-

1977 4754 2128 4809 rum,
2163 4757 2195 4798 a
2240 4743 2435 4814 quibus
2458 4746 2632 4801 curari
2671 4762 2909 4818 possem.
2952 4751 3024 4805 At
3056 4766 3200 4808 nunc
3243 4753 3421 4809 omnia
3449 4753 3563 4812 haec

1977 4842 2326 4891 evanuerunt.
2367 4834 2438 4893 Ut
2480 4838 2623 4894 enim
2653 4838 2919 4897 Cucusum
2948 4842 3229 4911 venimus,
3261 4854 3373 4900 tum
3421 4861 3567 4903 mor-

1977 4921 2105 4978 bum
2127 4937 2342 4982 omnem
2374 4942 2478 4982 una
2515 4943 2638 4984 eum
2681 4930 2918 5002 reliquiis
2941 4932 3262 5005 abjeciinus,
3294 4937 3569 5011 integerri-

1978 5027 2172 5085 maque
2202 5016 2505 5075 valetudine
2534 5018 2777 5088 fruimur,
2805 5030 2920 5078 tum
2950 5022 3250 5081 Isaurorum
3280 5039 3427 5085 metu
3467 5031 3562 5085 dt-

1979 5103 2146 5163 functi
2175 5122 2362 5165 sumus
2383 5151 2397 5177 ,
2425 5110 2624 5184 quippe
2659 5127 2782 5168 cum
2812 5118 2965 5172 multi
3006 5118 3092 5174 hic
3118 5120 3313 5175 milites
3340 5123 3483 5187 sint,
3511 5136 3568 5180 et

1980 5197 2196 5269 quidem
2222 5202 2558 5271 paratissimo
2586 5204 2788 5275 animo,
2822 5217 2878 5264 ut
2906 5224 3029 5264 cum
3072 5211 3201 5280 ipsis
3228 5212 3514 5282 conigant
3552 5235 3564 5267 :

1980 5304 2161 5348 rerum
2183 5308 2396 5365 quoque
2421 5298 2843 5356 necessariarum
2865 5301 3019 5373 copia
3047 5303 3202 5359 nobis
3228 5305 3460 5378 undique
3484 5308 3553 5363 af-

1981 5425 2206 5492 inierius,
2381 5429 2680 5492 ,
2714 5433 3036 5492 prmtortanos
3073 5428 3252 5482 milites
3294 5432 3466 5492 vertit,
3502 5438 3556 5482 et

2019 5490 2198 5553 Itidem
2225 5496 2361 5553 recte
2388 5490 2652 5553 utrobique
2683 5490 2855 5553 :ittam,
2898 5498 2953 5541 ut
2994 5491 3222 5541 observat
3257 5490 3468 5553 Cangius
3505 5496 3554 5541 in

2028 5549 2234 5618 lossario
2261 5552 2451 5618 Grieco,
2479 5549 2741 5618 iidemqui
2768 5549 2999 5618 vocantur
3295 5555 3343 5603 in
3357 5549 3551 5618 Synod.

1983 5612 2354 5677 ConstantinOp.
2378 5613 2485 5663 Act.
2510 5613 2556 5673 7,
2580 5612 2703 5667 infra
2726 5613 2777 5666 in
2809 5616 2985 5667 eodem
3017 5612 3173 5665 Cone:
3195 5612 3439 5677 ,
3466 5628 3553 5674 ap-

1980 5674 2245 5740 paritores,
2275 5677 2611 5741 appellantur.
