4058 6218
489 313 588 371 (ill

477 438 630 507 fiuit,
668 407 924 492 omnibus
942 445 1145 488 summa
1183 444 1304 484 cum
1344 426 1716 484 benevolentia
1765 441 1862 481 nos
1908 425 2054 481 exei-

477 530 764 600 pientibus,
812 524 1017 582 etiamsi
1062 521 1256 592 alioqui
1285 521 1684 575 desertissimus
1712 518 1931 573 omnino
1970 517 2058 576 hic

478 621 625 675 locus
653 621 742 672 sit.
783 619 854 672 At
882 630 1008 670 casu
1033 611 1260 682 quodam
1290 609 1540 665 dominus
1567 624 1718 664 meus
1764 608 2057 663 Dioscorus

478 710 564 765 hic
595 718 728 775 erat,
774 707 862 777 qui
887 704 1048 760 etiam
1085 701 1335 756 famulum
1364 699 1539 755 dedita
1569 714 1734 769 opera
1758 696 2057 752 Caesaream

476 801 639 864 misit,
671 806 911 868 rogatum
937 807 1096 866 atque
1129 795 1494 857 obsecratum,
1522 807 1590 846 ne
1623 790 1805 846 domui
1834 804 1944 844 suae
1974 788 2056 843 al-

479 902 648 947 teram
673 890 1031 954 anteferrem;
1058 888 1256 958 aliique
1279 887 1402 942 item
1426 887 1603 956 plures
1633 884 1772 940 idem
1794 883 2054 939 fecerunt.

476 982 673 1038 Verum
704 983 841 1036 hanc
869 981 984 1034 aliis
1017 977 1399 1049 praeferendam
1428 976 1728 1031 necessario
1767 974 1898 1030 mihi
1936 975 2055 1030 exi-

475 1074 730 1130 stimavi:
773 1075 951 1143 itaque
995 1072 1137 1142 apud
1187 1087 1309 1126 eum
1352 1069 1684 1124 divertimus.
1727 1069 1902 1137 Atque
1943 1067 2058 1134 ipse

475 1167 631 1222 nobis
658 1165 865 1236 quidvis
885 1173 986 1230 est,
1016 1165 1088 1218 ita
1115 1173 1172 1218 ut
1195 1163 1265 1218 ob
1290 1163 1556 1232 ingentem
1582 1159 1746 1230 ipsius
1772 1157 2059 1214 liberalita-

477 1269 584 1312 tem
611 1268 666 1312 et
702 1258 997 1328 largitatem
1020 1297 1035 1323 ,
1067 1270 1170 1326 qua
1209 1268 1334 1324 erga
1375 1267 1473 1306 nos
1498 1251 1574 1306 uti
1603 1251 1767 1323 cupit,
1796 1256 2057 1320 perpetuo

475 1367 598 1406 cum
639 1365 703 1405 eo
728 1350 1144 1420 expostulemus.
1174 1346 1378 1416 Quippe
1405 1353 1585 1400 nostra
1617 1358 1774 1399 causa
1803 1345 1962 1397 etiam
1991 1355 2058 1398 ex

478 1446 682 1500 (edibus
719 1445 830 1499 suis
872 1444 922 1496 in
952 1442 1133 1496 villam
1173 1440 1453 1510 migravit,
1485 1447 1542 1491 ut
1581 1451 1677 1491 nos
1716 1435 1859 1488 omni
1899 1432 2060 1489 officii

478 1551 676 1607 genere
701 1535 1146 1604 complecteretur
1177 1550 1190 1585 :
1222 1539 1380 1600 atque
1407 1529 1624 1597 insuper
1659 1527 1873 1582 domum
1906 1525 2058 1580 nobis

481 1628 548 1682 ad
581 1625 907 1681 tolerandam
934 1625 1162 1679 hiemem
1202 1621 1445 1677 idoneam
1483 1619 1728 1678 exstruit.
1763 1633 1860 1688 pro
1887 1631 2059 1688 eaque

480 1735 540 1774 re
569 1719 698 1773 nihil
727 1733 833 1772 non
860 1716 966 1786 agit
989 1730 1051 1770 ac
1075 1713 1324 1780 molitur;
1355 1711 1586 1781 denique
1611 1709 1813 1764 nullum
1841 1707 2060 1762 omnino

479 1810 637 1864 officii
659 1824 782 1880 erga
803 1822 899 1862 nos
924 1820 1090 1877 genus
1109 1805 1176 1860 ab
1195 1820 1262 1860 eo
1283 1802 1698 1874 praetermissum
1719 1807 1819 1854 est.
1843 1797 1926 1853 Ad
1947 1797 2062 1854 bzec

482 1900 720 1970 plerique
748 1899 836 1952 alii
869 1905 1239 1968 procuratores
1274 1905 1329 1950 et
1361 1910 1541 1950 rerum
1567 1892 2058 1958 administratores,

477 1995 711 2050 dominis
742 1993 793 2047 id
840 1993 966 2062 ipsis
1005 2007 1099 2062 per
1137 1991 1320 2046 literas
1369 1986 1753 2059 imperantibus
1776 2027 1790 2053 ,
1834 1982 2061 2039 subinde

480 2087 586 2141 huc
624 2085 917 2151 accedunt,
959 2083 1125 2154 parati
1157 2083 1342 2154 quavis
1369 2081 1574 2136 ratione
1613 2093 1712 2134 nos
1748 2077 1973 2133 reficere
1996 2088 2062 2130 ac

480 2192 744 2233 recreare.
781 2176 906 2232 llaec
933 2184 1109 2230 autem
1153 2174 1333 2228 omnia
1378 2171 1578 2226 idcirco
1615 2166 2058 2233 commemoravi,

479 2282 639 2340 atque
664 2269 764 2323 alia
791 2269 1025 2338 quidem,
1059 2267 1161 2322 hoc
1185 2274 1268 2321 est
1290 2308 1304 2332 ,
1336 2266 1536 2336 priora,
1567 2264 1757 2319 deflevi
1775 2305 1791 2332 ,
1831 2262 1934 2318 alia
1963 2277 2062 2316 au-

481 2372 609 2428 tem,
639 2361 740 2416 hoc
766 2371 866 2424 est,
892 2361 1011 2415 laeta
1031 2368 1085 2415 et
1104 2358 1355 2430 jucunda,
1382 2358 1474 2413 tibi
1498 2356 1745 2427 exposui,
1772 2362 1921 2410 utne
1945 2354 2062 2425 quis

481 2464 682 2509 temere
708 2468 804 2507 nos
835 2452 960 2507 hinc
988 2459 1251 2506 emoveat.
1276 2449 1409 2505 Nam
1436 2450 1481 2504 si
1515 2449 1587 2515 ii,
1622 2450 1711 2519 qui
1736 2464 1834 2504 nos
1857 2446 2060 2503 benefi-

481 2548 566 2601 cio
587 2545 798 2600 afficere
843 2545 1097 2614 cupiunt,
1142 2543 1346 2598 arbitrii
1388 2542 1489 2596 hoc
1535 2540 1703 2594 nostri
1749 2539 1973 2606 faciant,
2008 2546 2064 2593 ut

482 2653 588 2708 quo
616 2638 734 2691 loco
755 2636 998 2702 velimus,
1026 2633 1181 2689 nobis
1207 2647 1325 2688 esse
1353 2631 1528 2696 liceat,
1554 2646 1654 2686 nec
1678 2645 1887 2686 rursum
1911 2629 2063 2684 nobis

481 2729 710 2782 alterum
755 2727 928 2782 locum
980 2725 1237 2780 arbitratu
1289 2723 1547 2792 libituque
1596 2737 1696 2777 suo
1745 2720 2065 2791 assignaturi

481 2821 607 2885 sint,
631 2820 734 2874 hoc
756 2818 1071 2874 beneficium
1094 2819 1295 2888 accipe.
1323 2817 1415 2871 Sin
1443 2822 1622 2870 autem
1644 2829 1742 2868 nos
1769 2813 1893 2867 hinc
1912 2826 2066 2866 amo-

483 2923 566 2966 tos
598 2911 653 2965 in
679 2911 902 2965 alterum
930 2909 1102 2965 locum
1128 2907 1420 2979 ablegaturi
1461 2915 1625 2974 sunt,
1656 2905 1914 2976 nobisque
1942 2919 2065 2959 rur-

483 3017 602 3056 sum
630 3002 730 3056 iter
754 3001 956 3069 subire,
987 3015 1050 3056 ac
1076 2999 1404 3071 peregrinari
1430 3012 1652 3054 necesse
1680 3007 1762 3053 est
1779 3038 1795 3064 ,
1825 2995 1956 3051 mihi
1983 3011 2068 3051 sa-

483 3110 553 3149 ne
585 3095 688 3149 hoc
736 3095 890 3164 longe
929 3093 1140 3165 gravius
1183 3092 1530 3161 acerbiusque
1574 3090 1732 3144 fuerit
1779 3107 1792 3143 :
1837 3090 2066 3158 primum

484 3187 626 3241 enim
656 3185 784 3241 illud
813 3183 1156 3241 metuendum
1197 3192 1301 3250 est,
1329 3199 1398 3237 ne
1426 3196 1524 3236 nos
1550 3181 1603 3236 in
1643 3180 2067 3251 longinquiorem

485 3287 576 3334 aut
603 3280 655 3334 in
681 3279 1007 3348 asperiorem
1033 3277 1210 3332 locum
1239 3275 1472 3330 ducant:
1501 3273 1694 3329 deinde
1720 3273 1927 3328 itineris
1953 3289 2068 3328 mo-

485 3371 690 3426 lestiam
715 3370 982 3425 sexcentis
1003 3368 1204 3424 exsiliis
1228 3367 1528 3438 graviorem
1558 3380 1678 3422 esse
1706 3365 1863 3421 duco.
1889 3365 2067 3436 Siqui-

485 3459 605 3514 dem
632 3458 1071 3529 peregrinationis
1101 3457 1321 3527 hujusce
1350 3455 1636 3512 difflcultas
1660 3456 1727 3512 ad
1751 3457 1892 3526 ipsas
1920 3471 2067 3512 mor-

487 3553 554 3606 tis
583 3560 760 3621 portas
797 3565 896 3605 nos
940 3550 1171 3606 detulit:
1214 3565 1460 3621 nuncque
1482 3590 1498 3616 ,
1543 3550 1738 3606 Cucusi
1773 3550 2060 3622 degentes,

487 3650 741 3712 perpetua
767 3643 1008 3697 sessione
1035 3657 1099 3696 ac
1119 3641 1299 3712 quiete
1324 3651 1536 3697 nosmet
1554 3656 1880 3708 recreamus,
1909 3651 2068 3712 atque

487 3744 592 3788 tam
619 3734 856 3789 diuturni
882 3733 1138 3804 temporis
1162 3747 1436 3801 mrumnae,
1461 3732 1851 3805 confractisque
1871 3735 2069 3790 nostris

485 3827 713 3894 ossibus,
745 3835 800 3881 et
829 3825 1057 3897 fatigata:
1076 3828 1246 3892 carni,
1265 3827 1462 3898 quietis
1489 3842 1590 3897 ope
1605 3842 1669 3883 ac
1694 3827 1930 3884 subsidio
1952 3843 2067 3884 me-

484 3919 694 3976 demur.
725 3918 888 3974 Afluit
912 3920 1077 3974 etiam
1103 3919 1321 3974 domina
1346 3933 1467 3974 mea
1495 3918 1779 3975 Sabiniana
1803 3919 2070 3976 diaconis-

483 4025 543 4064 sa
582 4010 656 4083 (a)
695 4010 882 4065 eodem
926 4011 1042 4080 ipso
1081 4010 1170 4066 die
1208 4025 1314 4081 quo
1343 4009 1621 4078 venimus,
1654 4009 1822 4066 fracta
1852 4011 2068 4082 quidem

485 4101 597 4170 ipsa
621 4108 676 4155 et
718 4101 925 4169 abjecta
945 4141 960 4165 ,
1003 4101 1359 4172 :erumnisque
1385 4100 1574 4157 affecta
1595 4143 1612 4170 ,
1661 4110 1846 4173 utpote
1869 4118 1931 4158 ea
1957 4103 2068 4173 jam

484 4199 670 4258 aetate,
703 4191 755 4245 in
783 4206 886 4261 qua
916 4192 1117 4247 moveri
1156 4207 1366 4262 quoque
1391 4192 1608 4248 difficile
1639 4203 1725 4248 est
1760 4211 1776 4246 :
1814 4203 2069 4250 caeterum

485 4283 703 4353 juvenili
743 4284 908 4338 animi
954 4283 1230 4340 alacritate
1259 4284 1499 4354 praedita,
1531 4286 1769 4357 nihilque
1812 4286 2071 4344 adversa-

485 4391 603 4431 rutn
629 4391 807 4432 rerum
855 4377 1210 4446 persentiens.
1241 4375 1486 4431 Paratam
1526 4377 1669 4431 enim
1697 4392 1757 4433 se
1782 4393 1902 4435 esse
1931 4379 2071 4436 dixit

486 4469 646 4522 etiam
666 4468 719 4522 in
745 4467 1016 4539 Scythiam
1049 4467 1333 4538 proficisci,
1359 4467 1791 4540 quandoquidem
1816 4481 2071 4528 constans

487 4559 573 4616 hic
617 4575 801 4615 rumor
829 4569 981 4625 erat,
1011 4559 1126 4616 fore
1153 4569 1211 4615 ut
1237 4561 1346 4616 illic
1382 4560 1713 4630 deportarer.
1743 4563 1958 4618 Certum
1988 4572 2072 4620 est

485 4662 663 4709 autem
689 4653 765 4720 ei,
791 4662 850 4708 ut
870 4653 964 4720 ait,
993 4668 1098 4708 non
1123 4653 1234 4723 jam
1257 4653 1475 4710 adsuos
1505 4653 1721 4721 reverti,
1749 4669 1938 4710 verum
1964 4656 2073 4712 illic

486 4745 577 4800 ubi
605 4745 859 4801 fuerimus
881 4744 1223 4802 commorari.
1255 4747 1430 4815 Atque
1459 4743 1594 4800 hanc
1621 4746 1784 4800 etiam
1815 4761 2070 4817 perquam

487 4838 718 4895 humane
744 4855 807 4896 ac
829 4840 1086 4907 studiose,
1116 4853 1412 4911 magnaque
1437 4852 1557 4893 cum
1579 4839 1947 4896 benevolentia
1970 4840 2072 4898 Ec-

487 4933 664 4986 clesia:
714 4931 915 4986 alumni
967 4939 1315 5002 exceperunt.
1369 4930 1512 4999 Quin
1562 4930 1810 4987 dominus
1859 4947 2073 5003 quoque

488 5038 641 5076 meus
662 5022 1029 5090 Constantius,
1054 5023 1486 5094 religiosissimus
1525 5023 1822 5094 presbyter,
1849 5022 2074 5094 jampri-

490 5114 612 5169 dem
639 5113 728 5168 hic
753 5113 961 5170 fuisset.
990 5115 1120 5170 Nam
1145 5125 1199 5171 et
1221 5131 1429 5172 mecum
1458 5131 1554 5186 per
1575 5117 1758 5173 literas
1781 5127 1986 5189 egerat,
2016 5129 2075 5174 ut

490 5207 588 5276 ipsi
625 5206 731 5260 huc
769 5205 1015 5262 veniendi
1053 5216 1372 5277 potestatem
1413 5207 1687 5265 facerem:
1721 5225 1896 5281 neque
1928 5211 2072 5266 enim

489 5313 550 5355 se
577 5299 708 5354 citra
737 5299 1064 5356 voluntatem
1096 5316 1269 5357 meam
1296 5311 1454 5373 atque
1480 5303 1799 5359 sententiam
1822 5303 1874 5360 id
1899 5302 2076 5359 facere

554 5453 646 5525 ()
661 5461 790 5525 Itane
819 5458 1116 5525 Sabinianam
1153 5459 1468 5525 diaconissam
1491 5469 1712 5523 opmatur
1741 5459 2079 5525 Tillemontius

625 5515 776 5589 fuisse
788 5579 799 5589 .
813 5531 924 5589 quae
951 5521 1210 5589 abiniana
1245 5519 1510 5589 diaconjssa
1525 5515 1779 5589 'vocatura
1802 5521 2009 5589 Palladio
2027 5525 2078 5589 in

493 5579 605 5650 hist.
629 5579 852 5650 [
878 5593 926 5640 p.
950 5579 1063 5650 965
1087 5593 1231 5642 quam
1253 5581 1556 5650 dicit-fuisse
1577 5585 1775 5633 Joannis
1793 5585 1943 5634 nostri
1961 5585 2079 5650 ami-

492 5644 608 5706 tam.
623 5638 751 5697 Quod
771 5639 818 5688 si
841 5638 936 5688 non
959 5638 1164 5706 certum,
1182 5643 1447 5706 verisimile
1465 5645 1636 5706 utique
1661 5652 1756 5696 est.
1779 5648 2080 5696 Constantius

496 5699 619 5772 intra
649 5708 966 5772 memoratus,
987 5702 1247 5772 presbyter
1291 5703 1374 5755 ille
1399 5712 1476 5756 est
1495 5699 1728 5770 ad'quem
1749 5707 1952 5760 mittitur
1972 5709 2077 5772 epi-

494 5761 618 5814 stola
639 5770 797 5813 CCXXI
823 5761 957 5814 infra.

1155 317 1214 376 S.
1251 316 1530 375 JOANNIS
1557 313 2029 372 CHRYSOSTOMI
2068 313 2384 372 ARCHIEP.
2425 314 2958 373 CONSTANTINOP.

2163 423 2366 481 audere
2385 467 2400 490 ,
2433 426 2676 496 quamvis
2701 425 2899 495 alioqui
2929 439 3121 495 magna
3156 425 3313 497 hujus
3337 430 3415 484 rei
3454 433 3749 500 cupiditate

2163 517 2504 588 flagrantem;
2527 516 2758 574 addebat
2785 517 2946 574 etiam
2972 533 3032 574 se
3058 533 3126 574 ne
3151 518 3258 574 illic
3281 519 3496 589 quidem
3529 537 3750 582 manere

2163 625 2322 680 posse
2351 629 2365 666 :
2396 627 2518 665 nam
2553 611 2788 667 latebras
2809 612 3023 682 quaerit,
3045 626 3109 667 ac
3136 626 3256 668 sese
3282 613 3536 670 occultat.
3567 615 3747 688 Itaque

2165 702 2412 772 precibus
2451 703 2548 758 abs
2577 712 2630 758 te
2657 703 2948 770 contendo,
2981 712 3039 759 ut
3081 703 3148 759 de
3179 704 3295 760 loco
3325 706 3544 764 minime
3593 708 3742 765 aliter

2163 791 2349 849 facias.
2375 793 2528 862 Quod
2555 795 2599 849 si
2629 809 2816 851 rursus
2838 837 2854 862 ,
2881 794 3011 865 quid
3040 795 3139 865 ipsi
3180 796 3234 850 in
3267 799 3448 853 animo
3477 798 3735 872 habeant,

2165 887 2572 958 periclitandum
2614 887 2788 954 ducis,
2837 897 2893 942 tu
2921 887 3134 958 quidem
3163 903 3195 944 a
3221 898 3272 945 te
3301 890 3434 946 nihil
3459 891 3627 958 dicas,
3655 911 3739 952 ve-

2163 994 2282 1035 rum
2312 993 2409 1048 pro
2436 987 2525 1032 tua
2556 977 2854 1048 prudentia,
2887 993 3118 1049 quonam
3145 995 3231 1035 me
3255 981 3522 1039 abducere
3548 988 3742 1042 consti-

2164 1071 2393 1136 tuerint,
2436 1070 2687 1140 explores
2713 1086 2728 1123 :
2761 1069 2813 1125 id
2839 1071 2980 1125 enim
3018 1081 3189 1141 potes.
3214 1073 3294 1127 Ac
3319 1074 3364 1128 si
3394 1074 3592 1132 videris
3619 1080 3744 1147 ipsis

2164 1160 2217 1214 in
2244 1160 2424 1215 animo
2451 1174 2601 1228 esse,
2641 1175 2748 1216 non
2772 1160 2928 1232 longe
2962 1161 3158 1217 isthine
3197 1163 3248 1217 in
3290 1166 3606 1222 maritimam
3646 1171 3745 1224 ali-

2163 1265 2321 1320 quam
2346 1250 2553 1315 urbem,
2585 1259 2708 1320 puta
2735 1249 3005 1322 Cyzicum,
3028 1261 3120 1306 aut
3135 1268 3239 1306 non
3264 1253 3421 1324 longe
3445 1272 3474 1309 a
3496 1257 3746 1314 Nicome-

2163 1340 2249 1395 dia
2282 1355 2367 1396 me
2391 1341 2642 1408 avehere,
2685 1342 2786 1395 hoc
2811 1342 3013 1412 accipe.
3054 1341 3146 1398 Sin
3174 1352 3352 1398 autem
3381 1345 3582 1416 longius
3618 1348 3747 1405 hinc

2166 1432 2396 1500 uspiam,
2418 1441 2509 1485 aut
2533 1431 2606 1486 ita
2637 1432 2843 1501 procul,
2873 1441 2932 1486 ut
2957 1433 3043 1488 hic
3069 1433 3218 1489 locus
3243 1444 3347 1500 est,
3374 1452 3439 1490 ne
3465 1439 3698 1508 accipias
3725 1457 3740 1492 :

2166 1522 2271 1578 hoc
2316 1523 2513 1592 quippe
2541 1522 2670 1577 mihi
2713 1538 2874 1593 grave
2911 1537 2974 1578 ac
3011 1525 3393 1594 permolestum
3437 1527 3614 1582 fuerit.
3647 1530 3746 1584 llic

2165 1617 2308 1672 enim
2331 1616 2384 1670 in
2407 1631 2598 1688 magna
2615 1617 2794 1686 quiete
2813 1616 3082 1687 animique
3111 1620 3427 1674 remissione
3447 1637 3739 1689 versamur,

2165 1717 2239 1767 ita
2262 1719 2319 1767 ut
2347 1711 2508 1767 etiam
2538 1721 2864 1766 contractam
2894 1726 3107 1766 omnem
3136 1728 3202 1767 ex
3233 1713 3422 1768 itinere
3447 1716 3740 1772 molestiam

2165 1802 2328 1858 biduo
2356 1803 2783 1858 absterserimus.

2166 1895 2248 1950 Ad
2271 1896 2494 1950 eamdem
2519 1896 2748 1967 epistola,
2773 1896 2824 1949 in
2849 1913 2948 1969 qua
2988 1906 3360 1964 commemorat,
3388 1913 3502 1966 qua:
3519 1899 3615 1968 ipsi
3639 1898 3747 1954 Ca:-

2217 2004 2378 2044 sareae
2394 1988 2685 2044 acciderint.
2706 1987 2868 2044 XIV.
2899 1989 3132 2062 (Cucuso
3160 1991 3354 2061 scripta
3379 2006 3520 2046 anno
3545 1993 3695 2064 404.)

2241 2082 2294 2136 1.
2323 2081 2460 2150 Quid
2485 2083 2671 2152 luges?
2697 2081 2824 2152 quid
2846 2083 3066 2153 teipsam
3091 2083 3287 2148 tundis,
3314 2099 3509 2154 easque
3531 2101 3662 2153 quas
3683 2102 3749 2140 ne

2168 2173 2352 2231 hostes
2370 2174 2583 2246 quidem
2617 2175 2690 2229 tui
2718 2190 2749 2228 a
2780 2184 2830 2229 te
2855 2174 3069 2245 exigere
3097 2184 3380 2244 potuerunt
3405 2191 3593 2244 pennas
3618 2192 3648 2229 a
3675 2187 3750 2231 te-

2169 2269 2284 2341 ipsa
2304 2268 2532 2338 expetis,
2561 2275 2618 2323 ut
2636 2283 2754 2337 qua:
2778 2267 3013 2321 animum
3043 2275 3188 2320 tuum
3210 2267 3458 2321 mmroris
3485 2269 3750 2338 tyrannidi

2169 2377 2342 2434 usque
2370 2363 2504 2418 adeo
2535 2361 2836 2417 addixeris?
2865 2360 3074 2415 Etenim
3115 2360 3283 2414 literae
3315 2359 3452 2427 illae,
3492 2376 3627 2430 quas
3659 2377 3752 2430 per

2169 2452 2457 2508 Patricium
2496 2452 2562 2506 ad
2593 2466 2691 2507 nos
2736 2451 2960 2515 misisti,
2993 2450 3105 2519 ipsa
3148 2451 3341 2505 animae
3385 2460 3490 2506 tuae
3531 2453 3752 2507 vulnera

2170 2542 2326 2599 nobis
2349 2543 2702 2599 declararunt.
2726 2542 3082 2609 Quamobrem
3108 2540 3395 2596 admodum
3415 2541 3573 2596 doleo
3593 2552 3755 2612 atque

2169 2648 2356 2704 angor,
2387 2632 2532 2703 quod
2559 2647 2680 2688 cum
2708 2633 2836 2686 nihil
2881 2648 2987 2687 non
3025 2647 3184 2703 agere
3218 2647 3284 2687 ac
3325 2633 3500 2688 moliri
3529 2633 3752 2699 debeas,

2169 2741 2276 2795 quo
2319 2740 2606 2781 mterorem
2643 2741 2712 2780 ex
2737 2726 2915 2780 animo
2961 2733 3050 2781 tuo
3095 2725 3403 2796 propulses,
3433 2734 3610 2780 tamen
3641 2726 3756 2795 ipsa

2171 2815 2274 2870 huc
2301 2823 2460 2885 atque
2489 2815 2612 2870 illuc
2638 2824 2690 2870 te
2716 2824 2921 2881 vertas,
2948 2816 3202 2870 molestas
3229 2824 3283 2871 et
3309 2814 3529 2870 acerbas
3554 2817 3761 2887 cogita.

2171 2907 2346 2962 tiones
2374 2907 2650 2976 colligens,
2681 2921 2870 2976 eaque,
2898 2921 3016 2978 qua:
3047 2921 3150 2962 non
3173 2913 3296 2961 sunt
3321 2907 3466 2976 (nam
3494 2906 3595 2962 hoc
3621 2923 3760 2979 quo-

2171 3012 2274 3065 que
2303 2997 2530 3069 dixisti),
2561 2998 2739 3052 animo
2768 2997 3059 3068 effingens,
3089 3006 3244 3068 teque
3270 2998 3436 3068 ipsam
3478 2997 3678 3055 frustra
3706 3010 3762 3056 et

2171 3090 2459 3154 incassum,
2490 3090 2598 3144 imo
2621 3105 2830 3145 summo
2849 3105 2968 3144 cum
2989 3089 3312 3144 detrimento
3334 3089 3591 3144 lancinas.
3617 3090 3759 3159 Quid

2172 3181 2313 3235 enim
2340 3180 2582 3250 angoris,
2625 3180 2765 3250 quod
2790 3195 2888 3235 nos
2925 3196 2956 3236 e
2979 3181 3188 3236 Cucuso
3210 3180 3316 3235 alio
3345 3181 3635 3236 transferre
3665 3198 3760 3238 ne-

2171 3271 2428 3342 quivisti?
2468 3271 2800 3342 Quamquam
2836 3273 3015 3342 aliquo
3059 3271 3219 3328 modo
3264 3288 3364 3329 nos
3410 3275 3758 3343 transtulisti,

2171 3362 2298 3418 dum
2327 3362 2459 3418 nihil
2489 3378 2595 3418 non
2616 3363 2735 3418 ideo
2763 3363 2858 3419 abs
2889 3371 2940 3420 te
2969 3372 3230 3419 tentatum
3257 3373 3417 3435 atque
3446 3375 3625 3421 actum
3655 3377 3761 3423 est.

2173 3454 2328 3521 Quod
2374 3455 2420 3510 si
2462 3469 2551 3510 res
2580 3455 2760 3525 perfici
2804 3470 2912 3511 non
2954 3456 3160 3526 potuit,
3192 3471 3296 3511 non
3326 3465 3503 3513 tamen
3535 3459 3766 3528 proinde

2170 3548 2294 3619 angi
2322 3557 2558 3618 oportet.
2581 3548 2714 3602 Nam
2742 3547 2968 3604 fortasse
2989 3549 3090 3603 hac
3114 3548 3181 3604 de
3208 3564 3370 3604 causa
3389 3549 3531 3605 Deus
3557 3551 3768 3622 longio-

2172 3654 2232 3695 ra
2257 3653 2509 3694 cursuum
2547 3640 2717 3709 spatia
2747 3639 2902 3694 nobis
2940 3640 3167 3711 proponi
3209 3640 3411 3707 voluit,
3439 3649 3497 3696 ut
3523 3643 3768 3712 splendi-

2171 3731 2350 3787 diores
2375 3745 2604 3788 coronas
2626 3747 3042 3802 consequamur.
3066 3733 3204 3800 Quid
3231 3734 3392 3805 igitur
3407 3734 3477 3789 ob
3502 3750 3566 3790 ea
3596 3737 3652 3790 in
3675 3737 3768 3792 do-

2174 3823 2289 3878 lore
2315 3823 2566 3891 versaris,
2596 3823 2667 3878 ob
2690 3839 2810 3895 quae
2839 3824 3082 3880 laudibus
3101 3825 3366 3881 afcimur
3428 3843 3550 3882 cum
3570 3840 3764 3885 contra

2173 3925 2227 3972 te
2254 3918 2322 3973 ob
2347 3933 2466 3974 eam
2509 3933 2723 3974 causam
2757 3920 3025 3976 exsultare
3059 3935 3122 3977 ac
3156 3921 3467 3990 tripudiare,
3493 3934 3770 3994 caputque

2173 4013 2389 4068 corollis
2441 4011 2707 4068 redimere
2763 4028 2858 4083 par
2910 4013 3019 4081 sit,
3069 4013 3213 4083 quod
3263 4013 3444 4070 divino
3497 4017 3770 4073 beneficio

2174 4119 2286 4159 rem
2318 4113 2515 4158 tantam
2558 4118 2621 4159 ac
2660 4103 2865 4160 meritis
2895 4105 3091 4160 nostris
3136 4105 3291 4176 longe
3335 4108 3766 4175 praestantiorem

2173 4197 2488 4267 consequuti
2527 4197 2713 4252 simus.
2759 4199 2828 4252 At
2866 4196 3021 4268 hujus
3050 4198 3151 4253 loci
3181 4199 3409 4254 solitudo
3441 4201 3533 4256 tibi
3564 4218 3772 4259 mcero-

2174 4302 2290 4343 rem
2317 4288 2504 4344 affert?
2529 4288 2597 4343 Et
2615 4288 2740 4360 quid
2768 4289 2976 4345 tandem
3007 4289 3105 4345 hac
3123 4290 3251 4347 sede
3265 4292 3592 4362 jucundius?
3620 4294 3772 4350 Soli-

2175 4379 2303 4435 tudo
2326 4421 2342 4447 ,
2393 4381 2746 4451 tranquillitas
2770 4381 2957 4453 ingens
2979 4423 2994 4450 ,
3027 4383 3178 4452 quies
3197 4423 3212 4448 ,
3245 4385 3485 4452 corporis
3513 4385 3768 4442 firmitas.

2175 4472 2507 4542 Quamquam
2542 4475 2686 4528 enim
2727 4488 2828 4529 nec
2871 4473 3065 4542 forum,
3095 4489 3194 4530 nec
3239 4475 3424 4531 venale
3473 4477 3772 4548 quidquam

2176 4563 2293 4618 hate
2322 4562 2449 4617 urbs
2477 4561 2638 4618 habet
2668 4579 2681 4618 :
2714 4565 2847 4619 nihil
2869 4574 3046 4621 tamen
3079 4566 3221 4622 istud
3247 4583 3364 4621 mea
3395 4568 3640 4624 interest.
3673 4571 3775 4626 Mi-

2175 4657 2231 4711 hi
2257 4655 2451 4728 quippe
2475 4657 2654 4711 omnia
2685 4667 2953 4731 tamquam
2988 4676 3019 4716 e
3045 4659 3191 4717 fonte
3215 4660 3454 4727 affluunt.
3489 4662 3773 4732 Siquidem

2177 4758 2232 4805 et
2251 4750 2524 4807 dominum
2551 4767 2727 4808 meum
2752 4751 2908 4823 hujus
2926 4753 3027 4808 loci
3055 4753 3385 4824 episcOpum,
3406 4763 3461 4808 et
3485 4754 3769 4812 dominum

2180 4861 2357 4902 meum
2401 4847 2711 4902 Dioscorum
2740 4846 2910 4901 habeo
2929 4887 2945 4913 ,
2977 4847 3066 4918 qui
3093 4847 3224 4901 nihil
3252 4847 3392 4902 aliud
3423 4849 3665 4904 muneris
3686 4861 3772 4904 at-

2178 4952 2284 5008 que
2322 4952 2498 5009 operte
2538 4938 2735 4994 habere
2773 4937 3040 5004 videntur,
3072 4954 3231 5009 quam
3272 4948 3329 4994 ut
3371 4955 3458 4996 me
3501 4953 3769 4997 recreent.

2179 5032 2318 5098 Quin
2351 5031 2638 5102 praclarus
2678 5045 2892 5103 quoque
2927 5031 3010 5087 vir
3051 5031 3312 5087 Patricius
3345 5032 3440 5087 tibi
3491 5034 3770 5100 narrabit,

2179 5140 2408 5195 quonam
2450 5134 2603 5195 pacto
2632 5126 2684 5180 in
2708 5125 2871 5180 animi
2897 5125 3179 5192 hilaritate,
3211 5125 3265 5181 in
3303 5126 3684 5190 oblectatione,
3721 5129 3775 5183 in

2181 5217 2361 5271 multis
2410 5217 2678 5288 obsequiis
2702 5217 2980 5288 degamus,
3007 5226 3259 5288 quantum
3295 5217 3508 5287 quidem
3537 5217 3603 5271 ad
3633 5217 3779 5274 hanc

2181 5307 2744 5363 commemorationem
2767 5309 2974 5363 attinet.
3006 5307 3158 5374 Quod
3183 5308 3228 5362 si
3255 5323 3317 5363 ea
3347 5323 3467 5378 quae
3495 5307 3621 5362 mihi
3654 5308 3780 5362 C(2-

2181 5411 2351 5452 sareae
2397 5397 2738 5464 acciderunt,
2793 5399 2848 5452 in
2896 5395 3095 5453 luctum
3129 5408 3180 5454 te
3219 5398 3545 5466 conjiciunt,
3582 5398 3633 5450 in
3670 5397 3780 5451 hoc

2181 5486 2340 5540 etiam
2371 5501 2482 5540 rem
2517 5501 2702 5556 parum
2733 5496 2786 5543 te
2833 5487 3045 5559 dignam
3076 5487 3225 5543 facis.
3261 5487 3392 5542 Nam
3425 5487 3531 5542 illic
3558 5502 3782 5556 quoque

2182 5576 2460 5632 luculenta:
2495 5593 2701 5633 rursum
2729 5579 2882 5634 nobis
2907 5595 3120 5635 coronae
3146 5589 3409 5635 contexta:
3433 5589 3556 5633 sunt
3587 5595 3600 5631 :
3634 5579 3784 5632 adeo

2184 5678 2241 5723 ut
2267 5683 2454 5723 omnes
2484 5683 2580 5724 nos
2607 5670 2840 5736 laudent,
2873 5671 3184 5742 prtedicent,
3217 5681 3376 5740 atque
3401 5670 3468 5726 ad
3492 5680 3784 5739 stuporem

2187 5775 2353 5832 usque
2370 5761 2720 5833 admirentur,
2747 5764 2886 5836 quod
2912 5764 3160 5837 gravibus
3181 5763 3388 5836 injuriis
3416 5761 3641 5834 acceptis
3657 5761 3782 5831 ejo-
