4058 6218
321 265 412 323 θΗ
1733 250 2117 311 EPISTOUE.

314 391 417 448 της
439 390 540 446 μου
567 371 852 442 Διόσκορος
876 370 1110 426 ἐνταῦθα
1135 373 1230 436 ὢν,
1249 372 1308 435 ὃς
1326 371 1420 426 καὶ
1447 372 1526 435 είς
1555 368 1890 440 Καισάρειαν

312 475 635 534 ἀπέστειλεν
673 473 888 544 οἰκέτην
933 475 1012 534 είς
1040 474 1170 527 αὐτὸ
1203 473 1379 537 τοῦτο,
1425 469 1759 543 παρακαλῶν
1797 468 1891 522 καὶ

311 577 565 647 δεόμενος
591 575 665 646 μὴ
692 574 1025 646 προτιμῆσαι
1053 575 1153 645 τῆς
1173 574 1338 629 αὐτοῦ
1360 574 1536 639 οἰκίας
1560 575 1779 638 ἑτέραν,
1796 575 1892 624 καὶ

310 676 492 746 ἕτεροι
517 675 575 728 δὲ
594 674 830 738 πλείους.
856 674 999 727 Ἀλλ’
1013 674 1312 742 ἀναγκαῖον
1342 676 1568 746 ἐνόμισα
1589 674 1697 727 τῶν
1716 673 1890 727 ἄλλων

309 775 501 830 τοῦτον
531 774 888 846 προτιμῆσαι,
924 775 1018 828 καὶ
1045 774 1396 846 κατήχθημεν
1429 774 1488 828 ἐν
1535 776 1649 837 τοῖς
1701 771 1886 826 αὐτοῦ.

310 878 427 944 Kal
456 877 635 931 πάντα
666 877 796 946 ἡμῖν
845 874 1008 939 αὐτὸς
1062 875 1292 943 γίνεται,
1333 875 1410 938 ὡς
1465 875 1561 929 καὶ
1617 873 1891 945 καταϐοᾷν

311 977 480 1033 αὑτοῦ
511 976 770 1047 συνεχῶς,
799 975 887 1030 διά
912 975 1010 1047 τὴν
1033 977 1234 1048 πολλὴν
1263 975 1428 1031 αὐτοῦ
1458 977 1759 1047 δαψίλειαν,
1797 978 1891 1031 καὶ

308 1078 412 1150 τὴν
438 1076 717 1148 ἀφθονίαν,
751 1077 818 1148 ἡν
839 1075 1106 1147 λβούλεται
1137 1077 1418 1148 παρέχειν.
1449 1077 1529 1130 Δι’
1573 1077 1722 1148 ἡμᾶς
1755 1076 1888 1146 γοῦν

308 1180 409 1235 καὶ
441 1177 674 1250 μετέστη
704 1175 902 1248 χωρίον
933 1176 1098 1231 οίκῶν
1121 1220 1137 1244 ,
1177 1176 1319 1231 ὥστε
1350 1177 1515 1232 παντὶ
1555 1175 1888 1249 θεραπεῦσαι

307 1277 524 1350 τρόπῳ,
572 1277 674 1348 τήν
713 1293 772 1329 τε
805 1275 983 1330 οἰκίαν
1008 1277 1140 1348 ἡμῖν
1176 1276 1576 1341 κατασκευάζει
1611 1278 1749 1350 πρὸς
1776 1295 1890 1348 χει-

313 1376 470 1447 μῶνα
489 1372 820 1446 ἐπιτηδείαν,
855 1373 1032 1428 πάντα
1059 1373 1228 1426 ποιῶν
1253 1374 1391 1447 ὑπὲρ
1425 1375 1613 1430 τούτου
1637 1377 1732 1430 καὶ
1757 1393 1893 1448 πρα-

310 1475 717 1544 γματευόμενος
735 1489 749 1504 ·
786 1472 880 1526 καὶ¹
899 1472 1034 1536 ὅλως
1049 1471 1200 1526 οὐδὲν
1227 1472 1562 1528 ἐλλέλειπται
1593 1474 1891 1546 θεραπείας

307 1578 520 1633 ἕνεκεν.
542 1578 652 1632 Καὶ
669 1578 846 1650 ἕτεροι
866 1577 923 1630 δὲ
949 1577 1132 1631 πολλοὶ
1161 1578 1446 1651 ἐπίτροποι
1473 1581 1567 1634 κα)⁵
1593 1581 1888 1651 οἰκονόμοι,

309 1679 466 1750 παρὰ
498 1679 606 1734 τῶν
647 1678 925 1733 δεσποτῶν
973 1678 1080 1732 τῶν
1121 1678 1330 1733 ἑαυτῶν
1380 1678 1760 1743 κελευσθέντες
1802 1678 1893 1732 διὰ

307 1778 677 1850 γραμμάτων,
739 1777 979 1851 συνεχῶς
1023 1779 1442 1851 παραγίνονται,
1481 1778 1692 1849 ἐτοιμοι
1749 1779 1892 1833 κατά

307 1879 492 1931 πάντα
539 1878 738 1950 τρόπον
769 1880 919 1950 ἡμᾶς
968 1878 1300 1934 ἀναπαῦσαι.
1361 1881 1545 1934 Ταῦτα
1596 1880 1654 1934 δὲ
1715 1881 1891 1934 πάντα

305 1977 533 2048 εἴρηκα,
567 1977 662 2032 καὶ
689 1977 758 2032 τά
790 1979 886 2049 μὲν
915 1977 1311 2050 ἀπωδυράμην,
1341 1979 1410 2033 τά
1442 1980 1706 2052 πρότερα,
1739 1981 1808 2034 τὰ
1834 1981 1892 2034 δέ

297 2069 488 2142 εἷπον,
520 2075 588 2130 τά
621 2077 858 2148 χρηστά,
891 2078 978 2132 ἵνα
1003 2077 1077 2149 μὴ
1099 2079 1385 2149 προπετῶς
1410 2097 1494 2143 τις
1528 2080 1676 2151 ἡμᾶς
1703 2080 1890 2134 ἐντεῦ-

305 2179 403 2234 θεν
437 2174 646 2252 ἐγείρῃ.
672 2181 736 2234 Et
759 2180 860 2252 μὲν
880 2181 990 2252 γάρ
1011 2184 1059 2236 οί
1086 2181 1398 2254 βουλόμενοι
1427 2183 1607 2238 δοῦναι
1635 2186 1769 2255 ἡμῖν
1793 2187 1891 2257 τὴν

302 2282 732 2354 χάριν,κυρίους
753 2283 901 2353 ἡμᾶς
918 2285 1119 2337 ποιοῖεν
1145 2283 1239 2337 τοῦ
1262 2279 1398 2337 εῐναι
1414 2285 1547 2338 ὅπου
1570 2283 1888 2356 βουλόμεθα,

303 2381 409 2435 καὶ
447 2381 522 2453 μὴ
559 2381 723 2436 πάλιν
756 2381 942 2455 ἕτερον
971 2384 1103 2454 ἡμῖν
1140 2383 1380 2455 μέλλοιεν
1417 2385 1764 2458 ἀποκληροῦν
1802 2387 1892 2440 τό·

303 2500 439 2548 πον,
468 2483 527 2536 δν
557 2483 622 2538 ἂν
650 2483 900 2546 ἐθέλωσι,
933 2484 1221 2548 κατάδεξαι
1249 2485 1349 2556 τὴν
1376 2487 1555 2557 χάριν.
1585 2487 1648 2540 Εἰ
1671 2486 1728 2538 δέ
1743 2486 1892 2540 ἔνθεν

300 2586 335 2656 ἡ
344 2585 464 2655 μᾶς
484 2584 818 2648 ἀνιστάντες,
857 2585 938 2649 εις
958 2585 1143 2657 ἕτερον
1175 2584 1420 2655 μέλλοιεν
1445 2585 1685 2657 πέμπειν
1706 2587 1890 2652 τόπον,

304 2684 408 2738 καὶ
446 2683 606 2737 πάλιν
636 2684 774 2751 ὀδός,
825 2686 920 2739 καὶ
977 2686 1139 2740 πάλιν
1178 2686 1476 2758 ἀποδημία,
1514 2688 1637 2758 ἐμοὶ
1693 2688 1894 2758 σφόδρα

303 2780 475 2836 τοῦτο
499 2781 906 2854 χαλεπώτερον
943 2783 1160 2854 πρῶτον
1189 2783 1307 2854 μὲν,
1339 2785 1548 2855 μήποτε
1578 2785 1657 2847 είς
1690 2783 1896 2854 μακρό-

304 2882 541 2953 τερονῆ
594 2882 675 2946 είς
733 2881 1112 2954 χαλεπώτερον
1161 2884 1311 2955 ἡμᾶς
1367 2883 1624 2953 πέμψωσι
1666 2882 1891 2955 χωρίον’

302 2983 508 3038 ἔπειτα
532 2983 608 3050 δὲ,
643 2983 723 3036 δτι
759 2983 968 3056 μυρίων
1007 2984 1233 3056 ἐξοριῶν
1258 2985 1384 3056 ἐμοὶ
1417 2985 1477 3038 τὸ
1502 2984 1706 3040 ὁδεύειν
1733 2987 1896 3055 χαλε,-

301 3082 580 3154 πώτερον.
600 3082 710 3136 Kal
738 3081 848 3155 γὰρ
880 3085 960 3148 είς
984 3083 1156 3148 αὑτάς
1181 3087 1332 3156 ἡμᾶς
1363 3086 1667 3157 κατήνεγκε
1685 3084 1778 3138 τοῦ
1802 3086 1896 3139 θα-

299 3183 476 3237 νάτου
502 3182 603 3247 τάς
630 3183 804 3248 πύλας
836 3183 1040 3256 ταύτης
1071 3185 1171 3256 τῆς
1196 3186 1502 3259 ἀποδημίας
1531 3188 1565 3260 ἡ
1614 3186 1889 3241 δυσκολία.

301 3284 424 3339 Kal
450 3283 794 3356 διατρίϐομεν
820 3283 914 3339 νῦν
942 3285 1001 3339 ἐν
1025 3285 1341 3357 Κουκουσῷ,
1368 3289 1432 3359 τῇ
1462 3287 1697 3360 διηνεκεί
1734 3288 1900 3344 καθέ-

303 3388 416 3461 δρα
451 3386 546 3440 καὶ
575 3385 775 3458 ἡσυχίᾳ
798 3383 1173 3458 ἀνακτώμενοι
1202 3386 1450 3453 ἑαυτοὺς,
1474 3388 1568 3442 καὶ
1600 3388 1698 3459 τὴν
1725 3389 1783 3443 ἐν
1817 3389 1898 3460 τῷ

310 3489 520 3562 μακρῷ
570 3487 748 3560 χρόνῳ
783 3487 1083 3559 γενομένην
1115 3488 1250 3559 ἡμῖν
1274 3469 1662 3560 ταλαιπωρίαν,
1693 3489 1787 3544 καὶ
1827 3489 1898 3544 τὰ

307 3588 758 3662 συντετριμμένα
778 3586 936 3659 ἡμῶν
961 3588 1112 3654 ὀστᾶ,
1139 3589 1234 3642 καὶ
1260 3588 1360 3662 τὴν
1388 3589 1898 3664 ταλαιπωρηθεῖσαν

304 3697 498 3769 σάρκα
523 3694 614 3750 διά
643 3695 742 3767 τῆς
769 3694 1001 3767 ἡσυχίας
1036 3694 1456 3766 θεραπεύοντες.
1499 3695 1806 3768 Ἀπήντησε
1840 3697 1898 3750 δὲ

303 3803 411 3858 καὶ
436 3803 472 3873 ἡ
498 3800 661 3873 κυρία
693 3817 796 3872 μου
820 3799 1164 3872 Σαϐινιανὴἡ
1190 3799 1436 3864 διάκονος
1461 3800 1601 3854 κατά
1622 3801 1721 3871 τὴν
1746 3799 1896 3875 [594]

303 3905 535 3978 ἡμέραν
565 3904 664 3976 τὴν
699 3903 885 3977 αὐτὴν,
915 3904 1036 3959 καθ’
1057 3903 1124 3976 ἡν
1156 3904 1252 3958 καὶ
1279 3905 1440 3974 ἡμεῖς
1470 3903 1886 3975 ἀπηντῆσαμεν,

308 4009 754 4082 συντετριμμένη
803 4010 904 4081 μέν
952 4009 1046 4064 καὶ
1099 4007 1655 4080 τεταλαιπωρημένη,
1691 4010 1786 4063 ἆτε
1841 4012 1900 4064 ἐν

307 4114 494 4186 τούτῳ
512 4113 611 4184 τῆς
636 4112 849 4186 ἡλικίας
875 4106 1032 4180 οὖσα,
1060 4112 1189 4168 ἔνθα
1215 4113 1309 4168 καὶ⁹
1332 4113 1597 4167 κινεῖσθαι
1619 4112 1896 4168 δύσκολον·

306 4221 470 4292 ὅμως
488 4219 546 4272 δὲ
568 4220 634 4290 τῇ
665 4218 944 4292 προθυμίᾳ
959 4217 1243 4286 νεάζουσα,
1275 4219 1371 4274 καὶ⁸
1390 4219 1616 4292 μηδενὸς
1647 4219 1901 4275 αίσθανο-

311 4325 460 4398 μένη
483 4324 589 4379 τῶν
613 4323 891 4396 λυπηρῶν.
923 4323 1144 4396 Ἐτοίμη
1165 4324 1275 4397 γάρ
1297 4324 1500 4398 ἔφησεν
1540 4321 1676 4379 εἷναι
1703 4325 1798 4379 καὶ
1819 4326 1899 4389 είς

310 4399 558 4482 Σκυθίαν
571 4426 996 4498 ἀπαντήσεσθαι,
1017 4427 1205 4500 ἐπειδὴ
1221 4429 1462 4494 τοιοῦτος
1482 4430 1701 4502 ἐκράτει
1720 4429 1896 4498 λόγος,

315 4534 400 4598 ὡς
433 4534 548 4587 ἐκεῖ
567 4533 726 4605 ἡμῶν
757 4532 1239 4604 ἀπαχθησομένων.
1262 4533 1484 4606 Ἐτοίμη
1519 4533 1577 4588 δέ
1614 4535 1792 4599 ἐστιν,
1823 4531 1900 4597 ῶς

321 4654 485 4709 φησι,
502 4636 695 4708 μηκέτι
716 4635 1077 4707 ὑποστρέφειν
1104 4634 1373 4707 μηδαμοῦ,
1403 4635 1518 4689 ἀλλ’
1550 4637 1668 4688 ἐκεῖ
1689 4633 1898 4706 διατρί-

314 4741 442 4795 ϐειν
468 4740 597 4796 ἔνθα
616 4741 684 4795 ἂν
716 4734 886 4812 ὦμεν.
920 4739 1130 4812 Σφόδρα
1159 4739 1216 4793 δὲ
1246 4741 1339 4794 καὶ
1366 4740 1536 4810 αὐτὴν
1571 4739 1900 4804 ὑπεδέξαντο

317 4846 372 4899 οἱ
397 4846 497 4918 τῆς
539 4844 863 4917 Ἐκκλησίας
889 4843 1028 4916 μετὰ
1059 4843 1261 4916 πολλῆς
1289 4843 1391 4916 τῆς
1424 4843 1658 4915 σπουδῆς
1687 4843 1900 4914 καὶτῆς

318 4948 556 5012 εύνοίας.
588 4949 698 5002 Kal
726 4947 755 5001 ὀ
782 4945 969 5019 κύριος
993 4945 1049 5000 δέ
1083 4963 1184 5017 μου
1207 4945 1607 5008 Κωνστάντιος,
1633 4943 1662 4996 ὁ
1684 4942 1902 4996 εὐλαϐέ-

322 5071 521 5117 στατος
560 5051 948 5126 πρεσϐύτερος,
983 5051 1149 5106 πάλαι
1175 5051 1241 5105 ἀν
1269 5049 1500 5104 ἐνταῦθα
1537 5045 1626 5122 ἦν.
1662 5049 1770 5103 Kal
1790 5046 1896 5119 γάρ

321 5158 424 5214 καὶ
446 5156 754 5211 ἐπέστειλέν
785 5173 893 5228 μοι,
928 5154 1261 5228 παρακαλῶν
1311 5156 1398 5209 ῖνα
1431 5153 1708 5224 ἐπιτρέψω
1750 5151 1900 5222 αύτῷ

320 5263 561 5318 ἐνταῦθα
591 5263 762 5317 ἐλθεῖν
785 5277 803 5294 ο
821 5262 920 5333 τῆς
946 5263 1054 5331 γὰρ
1082 5263 1222 5332 ἐμῆς
1249 5261 1472 5331 γνώμης
1493 5261 1658 5332 χωρὶς
1683 5261 1806 5332 μηδ’
1831 5260 1898 5315 ἂν

324 5366 592 5438 τολμῆσαι
614 5365 1036 5438 παραγενέσθαι,
1063 5364 1240 5418 καίτοι
1265 5380 1328 5433 γε
1364 5363 1568 5435 σφόδρα
1595 5364 1897 5436 ἐπιθυμῶν,

324 5469 447 5536 ιιαὶ,
464 5469 539 5534 ὥς
559 5488 742 5542 φησιν,
760 5469 879 5524 οὐδὲ
907 5469 1093 5524 αὐτόθι
1116 5470 1298 5541 μένειν
1318 5468 1637 5540 δυνάμενος·
1661 5468 1899 5542 κρύπτε-

324 5588 423 5626 ται
447 5573 575 5645 γάρ,
597 5572 695 5629 καὶ
722 5573 972 5629 λανθάνει
990 5591 1004 5606 ο
1035 5573 1269 5629 τοσαῦτα
1297 5573 1458 5630 αὐτὸν
1492 5573 1702 5643 συνέχει
1732 5571 1898 5638 κακὰ,

329 5673 512 5742 καθώς
530 5694 680 5751 φησι.
707 5678 1015 5751 Παρακαλῶ
1036 5678 1212 5735 τοίνυν
1242 5679 1316 5753 μὴ
1342 5679 1513 5746 άλλως
1553 5677 1783 5752 ποιήσῃς
1797 5673 1891 5731 τοῦ

3454 250 3558 306 61⁵3

1999 364 2166 418 τόπου
2220 366 2421 420 ἕνεκεν.
2463 366 2525 420 Εἰ
2562 366 2604 419 δ’
2641 360 2708 421 αὗ
2761 365 2920 420 πάλιν
2951 365 3301 433 δοκιμάσειας
3336 365 3567 418 ἀποπει-

2000 472 2268 544 ρασθῆναι
2294 472 2393 543 τῆς
2419 472 2644 543 γνώμης
2663 471 2863 536 αὐτῶν,
2882 470 3020 541 αὑτὴ
3045 471 3142 541 μὲν
3167 469 3376 522 οἴκοθεν
3402 470 3567 540 μηδὲν

1999 577 2178 648 εἴπῃς,
2203 577 2494 648 δοκίμασον
2531 578 2588 631 δὲ
2617 576 2719 630 ποῦ
2748 579 3103 649 προῄρηνται,
3148 575 3287 629 κατά
3316 576 3416 646 τὴν
3451 575 3568 629 σύν-

1999 683 2113 734 εσίν
2145 699 2269 735 σου*
2309 681 2532 737 δύναται
2571 683 2702 753 γάρ.
2728 682 2846 735 Κᾶν
2871 682 2986 753 ἴδῃς
3018 682 3098 733 ὅτι
3121 680 3346 749 πλησίον
3377 679 3565 732 αὐτόθι

1999 800 2102 835 που
2136 783 2194 836 ἐν
2229 784 2652 856 παραθαλασσίῳ
2683 784 2855 851 πόλει,
2888 785 2920 854 ἢ
2949 786 3009 836 ἐν
3042 782 3265 854 Κυζίκῳ
3286 823 3301 845 ,
3337 782 3370 852 ἢ
3406 781 3570 833 Νικο-

2003 889 2225 960 μηδείας
2251 891 2497 962 πλησίον,
2529 889 2800 943 καὶτοῦτο
2831 889 3134 956 κατάδεξαι.
3162 891 3224 942 Εί
3252 890 3294 941 δ’
3324 888 3431 958 ἆρα
3465 903 3569 957 μα-

2000 993 2256 1064 κρὸτερόν
2294 1011 2417 1060 που,
2446 993 2476 1065 ἣ
2498 994 2591 1047 τοῦ
2620 993 2785 1047 τόπου
2811 993 3000 1046 τούτου
3022 993 3372 1064 μακρότερον,
3389 992 3423 1062 ἢ
3446 1007 3567 1044 100’-

1997 1093 2154 1149 οὖτον
2211 1097 2332 1150 ὅσον
2378 1089 2551 1161 οὗτος,
2589 1096 2664 1168 μὴ
2694 1097 2826 1170 ἕλῃ·
2858 1097 2978 1150 ἐπεὶ
3027 1097 3231 1168 σφόδρα
3287 1095 3442 1149 τοῦτό
3478 1111 3567 1165 μοι

2001 1199 2137 1270 βαρὺ
2182 1200 2277 1254 καὶ
2319 1198 2720 1272 χαλεπώτερον.
2758 1201 2907 1265 Τέως
2951 1201 3058 1272 γὰρ
3098 1200 3294 1270 πολλῆς
3334 1198 3567 1252 ἐνταῦθα

1997 1303 2231 1370 ἀνέσεως
2262 1304 2624 1376 ἀπολαύομεν,
2663 1305 2738 1369 ὡς
2763 1305 2857 1358 καὶ
2888 1308 2946 1358 ὲν
2971 1305 3064 1358 δύο
3096 1305 3328 1376 ἡμέραις
3353 1304 3567 1358 ἃπασαν

1998 1409 2094 1480 τὴν
2119 1410 2309 1480 ἀηδίαν
2337 1410 2698 1481 ἀπονίψασθαι
2725 1411 2824 1482 τὴν
2871 1413 2934 1465 ἐκ
2963 1412 3063 1482 τῆς
3099 1410 3218 1464 ὀδοῦ
3253 1409 3566 1480 γεγενημέ-

2000 1531 2098 1585 νην
2125 1516 2274 1586 ἡμῖν.

2024 1673 2178 1742 Πρὸς
2217 1673 2331 1760 τὴγ
2359 1674 2555 1760 ᾳὺῖᾑν
2585 1673 2876 1760 ἐπιοςτολῄ
2916 1677 3024 1756 I_A',
3054 1671 3230 1760 6c’jc
3254 1675 3532 1745 διηγεῖται

2244 1743 2317 1797 τὰ
2347 1745 2418 1798 ἐν
2446 1746 2770 1812 Καισαρείᾳ
2798 1746 2957 1811 αὐτῷ
2988 1743 3319 1815 συμϐάντα.

2067 1902 2136 1951 α’.
2151 1896 2461 1969 Τίθρηνεῖς;
2477 1898 2530 1951 τί
2546 1899 2764 1967 κόπτεις
2782 1900 3002 1972 σαυτὴν,
3021 1901 3114 1954 καὶ
3133 1901 3284 1964 δίκας
3297 1903 3568 1971 ἀπαιτεῖς,

1997 1999 2064 2064 ἃς
2102 1999 2226 2054 οὔτε
2255 2003 2304 2054 οί
2331 2002 2515 2074 ἐχθροί
2547 2019 2638 2056 σου
2673 2004 2972 2075 ἀπαιτῆσαι
3021 2022 3079 2058 σε
3119 2005 3362 2076 ἴσχυσαν,
3396 2006 3567 2070 οὕτως

1997 2107 2062 2176 τῇ
2101 2105 2375 2176 τυραννίδι
2415 2107 2514 2178 τῆς
2545 2107 2782 2179 ἀθυμίας
2829 2109 3060 2163 ἐκδοῦσά
3092 2127 3186 2162 σου
3226 2112 3323 2181 τὴν
3353 2110 3567 2182 ψυχήν;

2000 2207 2080 2262 Τά
2112 2208 2222 2280 γὰρ
2242 2209 2564 2281 γράμματα,
2595 2212 2630 2265 ἃ
2659 2211 2748 2265 διά
2777 2213 3073 2283 Πατρικίου
3107 2215 3237 2284 ἡμῖν
3264 2189 3568 2288 διεπέμψω,

1998 2311 2173 2365 ταῦτα
2219 2313 2455 2384 ἐδήλωσέ
2487 2332 2577 2368 σου
2605 2315 2675 2369 τά
2706 2316 2994 2387 τραύματα
3043 2318 3142 2387 τῆς
3191 2319 3446 2382 διανοίας.
3484 2319 3572 2373 Διὸ

2001 2411 2094 2463 καὶ
2130 2411 2330 2482 σφόδρα
2351 2413 2502 2482 ἀλγῶ
2525 2415 2616 2468 καὶ
2640 2415 2936 2486 ὀδυνῶμαι,
2968 2417 3049 2470 ὅτι
3088 2418 3376 2488 ὀφείλουσα
3398 2422 3574 2475 πάντα

2001 2517 2169 2568 κινεῖν
2195 2517 2288 2569 καὶ
2310 2517 2814 2588 πραγματεύεσθαι,
2837 2519 2977 2572 ὥστε
3005 2521 3330 2575 ἀπελαύνειν
3355 2540 3447 2576 σου
3474 2525 3573 2594 τῆς

2001 2619 2178 2690 ψυχῆς
2202 2621 2300 2692 τὴν
2329 2621 2596 2692 ἀθυμίαν,
2630 2625 2894 2696 περιέρχῃ
2939 2627 3248 2696 συνάγουσα
3283 2627 3574 2700 λογισμοὺς

2002 2725 2294 2796 ὀδυνηροὺς
2319 2764 2334 2790 ,
2370 2728 2463 2780 καὶ
2497 2725 2565 2780 τά
2609 2728 2685 2798 μὴ
2713 2729 2839 2781 ὅντα
2870 2729 3064 2798 (10610
3099 2731 3206 2802 γὰρ
3239 2732 3405 2803 ἔφης)
3436 2735 3568 2788 ἀνα-

2004 2829 2331 2898 πλάττουσα,
2355 2831 2447 2884 καὶ
2467 2831 2864 2899 καταξαίνουσα
2889 2835 3089 2906 σαυτὴν
3109 2836 3232 2907 εἰκῆ
3249 2838 3342 2890 καὶ
3374 2839 3569 2910 μάτην,

2005 2937 2098 2990 καὶ
2127 2935 2220 2988 ἐπὶ
2243 2935 2411 3006 βλάϐῃ
2443 2937 2694 3009 μεγίστῃ.
2739 2939 2803 2991 Τί
2832 2940 2938 3012 γάρ
2973 2958 3032 2993 σε
3080 2942 3275 3007 λυπεῖ,
3315 2946 3396 2997 δτι
3429 2947 3574 2998 Κου-

2005 3044 2201 3096 κουσοῦ
2232 3045 2330 3097 οὐκ
2364 3045 2588 3115 ἴσχυσας
2608 3046 2756 3116 ἡμᾶς
2793 3047 3165 3117 μεταστῆσαι;
3196 3049 3388 3103 Καίτοι
3420 3067 3481 3119 γε
3514 3052 3575 3104 τὸ

2007 3147 2098 3202 σὺν
2131 3148 2294 3220 μέρος
2325 3149 2680 3220 μετέστησας,
2699 3151 2874 3205 πάντα
2896 3153 3165 3224 κινήσασα
3197 3157 3292 3208 καὶ
3321 3172 3576 3227 πραγμα-

2003 3254 2331 3325 τευσαμένη.
2363 3257 2426 3308 Εἰ
2453 3256 2508 3309 δὲ
2540 3257 2619 3319 είς
2642 3255 2793 3319 τέλος
2821 3256 3061 3328 τὸέργον
3105 3260 3204 3312 ούκ
3232 3256 3416 3331 ἦλθεν,
3451 3262 3573 3316 ούδέ

2005 3355 2094 3410 διά
2119 3355 2275 3410 τοῦτο
2301 3357 2484 3426 ἀλγεῖν
2507 3358 2604 3416 δεῖ.
2629 3360 2789 3424 Ἴσως
2821 3361 2930 3432 γάρ
2951 3361 3096 3426 ἔδοξε
3122 3361 3198 3433 τῷ
3227 3363 3346 3435 Θεῷ
3373 3382 3577 3436 μακρο-

2005 3461 2196 3533 τέρους
2223 3479 2312 3534 μοι
2340 3463 2562 3533 τεθῆναι
2591 3463 2696 3518 τῶν
2729 3466 2943 3538 δρόμων
2985 3471 3109 3533 τοὺς
3131 3470 3399 3536 διαύλους,
3434 3473 3575 3526 ὥστε

2006 3570 2101 3623 καὶ
2122 3569 2532 3642 λαμπροτέρους
2560 3570 2808 3640 γενέσθαι
2828 3574 2953 3638 τοὺς
2983 3577 3297 3644 στεφάνους.
3317 3579 3380 3630 Τί
3398 3579 3577 3634 τοίνυν

2008 3673 2193 3744 ἀλγεῖς
2224 3675 2364 3746 ὑπὲρ
2387 3676 2612 3744 τούτων,
2650 3678 2743 3746 ἀφ’
2770 3672 2846 3734 ῶν
2876 3681 3036 3750 ἡμεῖς
3065 3681 3574 3756 ἀνακηρυττόμεθα,

2006 3780 2124 3834 δέον
2157 3798 2217 3835 σε
2257 3783 2482 3853 σκιρτᾷν
2521 3782 2608 3835 διά
2636 3784 2808 3836 ταῦτα
2855 3784 2950 3837 καὶ
2979 3785 3222 3856 χορεύειν
3248 3789 3338 3842 καὶ
3378 3807 3578 3860 στεφα-

2006 3883 2248 3950 νοῦσθαι,
2261 3886 2341 3938 ὅτι
2355 3885 2609 3938 τοσούτου
2631 3885 2941 3958 κατηξιώθη
2950 3906 3046 3959 μεν
3065 3891 3406 3964 πράγματος,
3423 3894 3575 3970 [595]

2009 3989 2214 4060 σφόδρα
2236 3989 2650 4061 ὑπερϐαίνοντος
2668 3990 2824 4062 ἡμῶν
2839 3991 2936 4063 τὴν
2964 3992 3118 4058 ἀξίαν
3134 4011 3148 4059 ;
3167 3996 3304 4048 Ἀλλ’
3323 4000 3354 4067 ἡ
3373 3998 3577 4070 ἐρημία

2010 4114 2069 4150 σε
2093 4096 2253 4150 λυπεῖ
2275 4095 2382 4150 τῶν
2417 4094 2647 4149 ἐνταῦθα
2672 4113 2686 4164 ;
2716 4098 2825 4152 Kal
2858 4097 2910 4151 τί
2936 4100 3035 4171 τῆς
3064 4100 3346 4173 διατριϐῆς
3371 4103 3469 4174 τῆς
3490 4105 3576 4156 ἐν·

2008 4202 2182 4257 ταῦθα
2207 4202 2386 4274 ἥδιονς
2431 4202 2682 4274 Ἡσυχία,
2711 4203 2942 4276 γαλὴνη,
2962 4206 3354 4278 ἀπραγμοσύνη
3385 4208 3574 4281 πολλὴ,

2010 4306 2258 4379 σώματος
2286 4307 2575 4380 εὐρωστία.
2602 4309 2665 4361 Et
2693 4309 2801 4379 γὰρ
2831 4310 2968 4380 μήτε
2996 4311 3220 4382 ἀγοράν,
3249 4314 3386 4383 μήτε
3418 4313 3576 4369 ὢνιον

2009 4411 2120 4484 ἔχει
2147 4414 2182 4484 ἡ
2209 4412 2385 4477 πόλις,
2409 4412 2560 4466 οὐδὲν
2595 4411 2752 4465 τοῦτο
2789 4413 2924 4483 πρὸς
2953 4413 3072 4483 ἐμέ.
3109 4415 3293 4468 Πάντα
3335 4417 3444 4490 γάρ
3485 4435 3574 4488 μοι

2010 4515 2259 4588 καθάπερ
2288 4517 2360 4570 ἐκ·
2386 4516 2577 4588 πηγῶν
2613 4516 2848 4589 ἐπιρρεῖ.
2882 4518 2992 4571 Kal
3021 4518 3128 4590 γάρ
3148 4519 3239 4574 καὶ
3273 4519 3362 4572 τὸν
3389 4519 3576 4592 κύριόν

2011 4639 2112 4694 μου
2150 4621 2240 4675 τὸν
2265 4621 2562 4676 ἐπίσκοπον
2591 4621 2682 4675 τὸν
2713 4623 2969 4689 ἐνταῦθα,
3007 4626 3098 4678 καὶ
3132 4625 3226 4679 τὸν
3260 4625 3446 4697 κύριόν
3473 4644 3574 4696 μου

2007 4728 2296 4800 Διόσκορον
2328 4727 2456 4799 ἔχω,
2496 4728 2656 4800 ἔργον
2674 4728 2833 4783 τοῦτο
2861 4729 3215 4800 ποιουμένους
3239 4730 3442 4799 διόλου,
3476 4733 3576 4803 τὴν

2007 4832 2282 4904 ἡμετέραν
2301 4832 2628 4888 ἀνάπαυσιν.
2671 4833 2817 4904 Ἐρεῖ
2849 4833 2907 4887 δέ
2953 4850 3034 4886 σοι
3072 4834 3165 4887 καὶ
3197 4836 3226 4888 ὀ
3258 4835 3419 4901 καλὸς
3463 4839 3576 4892 Πα-

2005 4939 2234 5010 τρίκιος,
2268 4939 2414 5002 ὅπως
2438 4938 2692 5010 διάγομεν
2725 4940 2782 4993 ἐν
2809 4940 3061 5012 εὐθυμία,
3094 4942 3152 4995 ἐν
3173 4943 3576 5017 εύφροσύνῃ,ἐν

2009 5044 2274 5117 θεραπείᾳ
2304 5043 2493 5116 πολλῇ,
2515 5044 2576 5097 τό
2601 5061 2665 5112 γε
2690 5045 2770 5108 είς
2797 5045 2896 5116 τὴν
2926 5047 3204 5120 διατριϐὴν
3226 5048 3325 5119 τὴν
3345 5049 3577 5104 ἐνταῦθα

2006 5147 2161 5223 ἧκον.
2193 5151 2257 5207 El
2289 5149 2347 5202 δέ
2367 5149 2435 5204 τά
2457 5151 2515 5202 ἐν
2545 5149 2849 5221 Καισαρείᾳ
2887 5149 3135 5223 θρηνεῖς,
3167 5153 3261 5206 καὶ
3288 5153 3446 5207 τοῦτο
3485 5156 3580 5208 ἀν-

2007 5255 2174 5323 αξίως
2204 5271 2298 5306 σου
2330 5257 2521 5317 ποιεῖς.
2549 5254 2659 5307 Kal
2683 5255 2791 5326 γάρ
2818 5257 2936 5308 ἐκεῖ
2961 5256 3200 5327 λαμπροὶ
3226 5257 3388 5311 πάλιν
3416 5257 3580 5313 ἐπλάο

2008 5378 2184 5433 κησαν
2213 5361 2343 5431 ἡμῖν
2365 5361 2413 5413 οί
2441 5361 2714 5430 στέφανοι,
2747 5361 2822 5424 ώς
2846 5361 3053 5425 πάντας
3093 5363 3238 5433 ἡμᾶς
3269 5364 3579 5436 ἀνακηρύτ-

2005 5485 2141 5533 τειν,
2166 5467 2538 5539 ἀναγορεύειν,
2562 5467 2883 5538 θαυμάζειν,
2914 5467 3308 5539 ἐκπλήττεσθαι
3329 5509 3345 5536 ,
3377 5469 3462 5538 ἐφ’
3497 5463 3579 5536 οἷς

2009 5570 2194 5636 κακῶς
2236 5571 2498 5636 παθόντες
2551 5571 2938 5645 ἐξεϐλήθημεν.
2979 5572 3140 5628 Ἀλλά
3185 5573 3358 5628 ταῦτα
3392 5572 3578 5644 μηδεὶς

2008 5675 2143 5742 τέως
2166 5675 2376 5751 εἰδέτω,
2402 5679 2449 5734 εί
2478 5679 2570 5736 καὶ
2603 5677 2785 5734 πολλοὶ
2807 5677 2946 5735 αύτά
2971 5677 3398 5747 διαθρυλλοῦσιν,
3426 5675 3577 5744 Ἐδή-
