4058 6218
498 343 602 401 613

497 451 636 507 ὶωσε
659 455 764 524 γάρ
793 472 882 524 μοι
911 456 939 509 6
963 455 1148 526 κύριός
1175 473 1275 525 μου
1294 457 1734 522 Παιάνιος,δτιοί
1768 457 2066 526 πρεσϐύτε-

501 569 583 622 ροι
610 554 772 607 αὐτοῦ
806 554 897 607 τοῦ
925 556 1222 627 Φαρετρίου
1255 557 1512 628 πάρεισιν
1535 556 1746 621 αὐτόθι,
1777 559 1826 612 οἳ
1859 558 2066 626 ἔφησαν

502 654 629 721 ἡμῖν
681 657 977 719 κοινωνεῖν,
1029 656 1121 708 καὶ
1157 656 1321 727 μηδὲν
1369 656 1548 710 κοινὸν
1599 656 1746 727 ἔχειν
1780 659 1916 729 πρὸς
1942 659 2066 722 τοὺς

497 753 792 820 ἐναντίους,
833 755 965 826 μηδέ
1005 757 1355 824 συγγίνεσθαι
1401 759 1611 822 αὐτοῖς,
1639 759 1774 830 μηδὲ
1807 761 2068 832 κοινωνῆ-

499 869 606 904 σαι.
633 853 731 905 Ἵν⁹
751 849 842 908 οὖν
879 856 952 926 μὴ
979 856 1390 928 διαταράξωμεν
1419 860 1636 924 αὐτοὺς,
1676 860 1864 930 μηδεὶς
1895 860 2069 915 ταῦτα

498 951 714 1005 εἰδέτωο
771 955 866 1007 καὶ
917 955 1024 1026 γάρ
1077 957 1280 1027 σφόδρα
1313 957 1524 1028 χαλεπὰ
1567 958 1636 1011 τὰ
1668 959 1952 1029 συμϐάντα
1989 961 2068 1024 είς

424 1038 430 1046 ’
497 1053 662 1122 ἡμᾶς.
697 1053 804 1106 Καὶ
835 1057 882 1107 εί
920 1056 1082 1124 μηδὲν
1110 1056 1238 1109 ἄλλο
1262 1057 1578 1111 ἐπεπόνθειν
1603 1058 1795 1124 δεινὸν,
1819 1061 1978 1130 ἤρκει
1998 1058 2069 1112 τά

496 1153 673 1203 ἐκεῖσε
727 1153 993 1222 γενόμενα
1049 1155 1220 1226 μυρία
1272 1173 1361 1226 μοι
1413 1157 1745 1230 προξενῆσαι
1793 1157 2062 1230 βραϐεῖον

495 1253 665 1316 οὕτως
685 1257 812 1325 περὶ
831 1256 938 1310 τῶν
964 1258 1205 1327 ἐσχάτων
1237 1261 1370 1329 ἡμῖν
1398 1261 1426 1312 6
1449 1261 1692 1326 κίνδυνος
1715 1263 1925 1332 γέγονε.
1959 1263 2069 1316 Πα-

498 1355 719 1422 ρακαλῶ
748 1355 827 1420 δὲ,
855 1356 1140 1427 ἀπόρρητα
1178 1358 1317 1414 ἔστω
1351 1363 1502 1433 παρὰ
1529 1362 1632 1430 σοὶ,
1664 1363 1758 1417 καὶ
1787 1366 1844 1418 ἐν
1873 1363 2068 1436 βραχεῖ

497 1471 580 1507 σοι
616 1455 754 1508 αὐτά
781 1455 1132 1528 διηγήσομαι,
1161 1459 1259 1530 οὐχ
1286 1460 1372 1515 ἴνα
1397 1461 1646 1533 λυπήσω,
1696 1453 1820 1517 ἀλλ”
1867 1463 1953 1517 ἴνα
1981 1463 2069 1516 εὐ-

498 1557 708 1628 φρανῶ.
747 1553 912 1612 Αὖται
943 1559 1050 1629 γάρ
1101 1578 1201 1641 μου
1234 1564 1333 1632 τῆς
1370 1564 1639 1634 ἐμπορίας
1669 1565 1724 1616 αἱ
1759 1565 2065 1630 ὑποθέσεις,

496 1650 648 1718 οὗτός
684 1674 782 1726 μου
813 1659 840 1710 6
874 1657 1119 1724 πλοῦτος,
1154 1659 1288 1732 αὐτη
1313 1660 1420 1714 τῶν
1449 1663 1860 1734 ἁμαρτημάτων
1902 1683 2000 1733 μου
2025 1669 2057 1735 ἡ

495 1757 728 1829 δαπάνη,
759 1758 818 1810 16
858 1758 1093 1828 συνεχῶς
1118 1759 1203 1812 διὰ
1223 1761 1475 1814 τοιούτων
1500 1763 1702 1816 ὁδεύειν
1720 1765 2064 1836 πειρασμῶν,

496 1859 589 1911 καὶ
610 1859 907 1927 ἐπάγεσθαί
940 1877 1027 1930 μοι
1056 1861 1279 1922 τούτους
1298 1900 1312 1924 ,
1347 1864 1477 1933 παρ’
1514 1857 1588 1915 ὧν
1617 1863 1867 1934 οὐδαμῶς
1895 1883 2068 1936 προσ-

493 1959 745 2027 εδόκησα.
786 1961 1002 2032 Ἐπειδὴ
1027 1962 1134 2033 γὰρ
1151 1964 1446 2034 ἐμέλλομεν
1467 1965 1768 2020 ἐπιϐαίνειν
1784 1967 1887 2036 ,τῆς
1909 1969 2066 2020 Καπ-

495 2061 743 2114 παδοκῶν
769 2061 972 2131 χώρας,
997 2063 1400 2132 ἀπαλλαγέντες
1416 2064 1507 2118 τοῦ
1525 2066 1789 2132 Γαλάτου,
1813 2068 2066 2121 κάκείνου

493 2163 548 2215 δὲ
583 2162 766 2232 σχεδὸν
796 2163 1022 2216 θάνατον
1049 2166 1178 2233 ἡμῖν
1217 2164 1616 2236 ἀπειλήσαντος
1640 2206 1655 2230 ,
1696 2167 1880 2220 πολλοὶ
1923 2169 2067 2221 κατά

492 2261 588 2330 τὴν
610 2261 728 2312 ὁδὸν
756 2262 884 2330 ἡμῖν
910 2262 1186 2331 ἀπήντων,
1219 2261 1492 2329 λέγοντες,
1522 2263 1602 2315 ὅτι
1643 2263 1700 2316 '0
1736 2264 1926 2336 κύριος
1955 2268 2065 2320 Φα-

497 2360 706 2430 ρέτριος
736 2360 990 2430 ἀναμένει
1027 2378 1108 2423 σε,
1140 2362 1234 2413 καὶ
1268 2361 1538 2431 πανταχοῦ
1572 2363 1952 2435 περιέρχεται,
1991 2367 2066 2437 μὴ

492 2459 736 2529 ἀποτύχῃ
770 2460 869 2528 τῆς
919 2460 1205 2528 συντυχίας
1236 2477 1352 2522 σου,
1415 2461 1509 2512 καὶ
1562 2460 1738 2515 πάντα
1787 2466 1930 2516 ποιεῖ
1976 2465 2069 2517 καὶ

494 2557 959 2629 πραγματεύεται,
987 2558 1126 2612 ὥστε
1169 2577 1229 2612 σε
1280 2560 1427 2624 ἰδεῖν,
1461 2561 1556 2614 καὶ
1600 2561 2062 2633 περιπτύξασθαι,

494 2660 586 2711 καὶ
619 2663 796 2711 πᾶσαν
828 2657 1194 2722 ἐπιδείξασθαι
1222 2658 1470 2730 ἀγάπηνο
1511 2662 1602 2713 καὶ
1635 2661 1702 2714 τά
1730 2665 2067 2735 μοναστήρια

491 2757 812 2828 ἀνδρῶνκαὶ
839 2757 1114 2826 γυναικῶν
1171 2759 1441 2828 ἐκίνησεν.
1507 2759 1646 2830 Ἐγὼ
1694 2761 1751 2814 δὲ
1802 2761 1975 2814 ταῦτα
2006 2765 2068 2816 ἀ-

492 2857 688 2920 κούων,
737 2857 939 2910 τούτων
967 2859 1064 2928 μὲν
1088 2858 1236 2911 οὐδὲν
1262 2860 1622 2930 προσεδόκων,
1647 2861 1782 2916 ἀλλά
1808 2864 2068 2918 τάναντία

490 2958 787 3011 ἀνετύπουν
828 2959 956 3030 παρ’
975 2959 1194 3030 ἐμαυτῷ
1213 2977 1226 2989 ο
1249 2960 1356 3013 τῶν
1383 2962 1566 3030 μέντοι
1586 2960 1760 3018 ταῦτα
1783 2965 2064 3034 ἀπαγγελ-

497 3056 696 3110 λόντων
732 3057 906 3109 οὐδενὶ
933 3057 1138 3110 τούτων
1163 3059 1313 3112 οὐδὲν
1346 3059 1551 3129 ἔλεγον.

565 3155 631 3224 β’.
653 3154 874 3224 Ἐπειδὴ
890 3155 944 3206 δὲ
967 3155 1170 3224 ἐπέϐην
1186 3155 1281 3224 ὀψέ
1303 3173 1431 3208 ποτε
1447 3157 1546 3228 τῆς
1561 3159 1917 3231 Καισαρείας,
1937 3179 2064 3214 κατ-

491 3255 870 3326 ειργασμένος,
900 3255 1372 3326 τεταριχευμένος,
1406 3257 1462 3310 ἐν
1481 3256 1618 3328 αὐτῇ
1650 3259 1747 3330 τῆς
1778 3259 1973 3330 φλογὸς
1996 3265 2062 3334 τῇ

489 3358 640 3426 ἀκμῇ
662 3355 756 3408 τοῦ
782 3355 1015 3427 πυρετοῦ
1039 3356 1311 3427 κείμενος,
1343 3355 1542 3422 ἀλύων,
1581 3357 1651 3411 τὰ
1679 3358 1880 3430 ἔσχατα
1908 3361 2061 3435 [596]

489 3459 732 3528 πάσχων,
763 3458 1026 3528 ἐπέτυχον
1047 3458 1390 3527 καταγωγίου
1418 3460 1554 3530 πρὸς
1579 3461 1832 3533 αὐτῇζτῆς
1855 3463 2063 3528 πόλεως

486 3563 552 3630 τῇ
587 3561 813 3629 ἐσχατιᾷ
860 3559 1138 3630 κειμένου,
1174 3560 1270 3614 καὶ
1309 3561 1543 3633 σπουδὴν
1580 3563 1882 3637 ἐποιούμην
1919 3565 2061 3621 ὥστε

488 3658 582 3713 καὶ⁵
601 3661 804 3731 ἰατροῖς
820 3661 1119 3730 συντυχεῖν,
1138 3662 1234 3714 καὶ
1251 3661 1350 3732 τὴν
1367 3662 1596 3732 κάμινον
1611 3664 1826 3738 ἐκείνην
1849 3668 2058 3724 σϐέσαν

487 3755 556 3831 ἦν
583 3758 691 3830 γὰρ
713 3758 904 3829 αὐτὴὴ
939 3758 1090 3829 ἀκμὴ
1136 3757 1232 3812 τοῦ
1260 3758 1526 3830 τριταίου.
1571 3763 1682 3816 Καὶ
1719 3765 1930 3834 προσῆν
1964 3769 2061 3821 καὶ

486 3862 521 3931 ή
545 3861 643 3930 τῆς
675 3860 795 3914 ὁδοῦ
828 3858 1211 3931 ταλαιπωρία,
1254 3860 1284 3912 6
1322 3861 1590 3932 κάματος,
1623 3865 1656 3933 ἡ
1711 3865 1992 3937 συντριϐὴ,
2024 3868 2058 3938 ἡ

484 3959 593 4013 τῶν
633 3959 1078 4029 θεραπευσόντων
1118 3960 1365 4031 ἐρημία,
1410 3963 1446 4030 ή
1470 3961 1580 4015 τῶν
1615 3963 1935 4034 ἐπιτηδείων
1994 3967 2059 4020 ἀ-

485 4059 672 4130 πορία,
717 4059 776 4112 16
801 4059 1006 4129 μηδένα
1049 4063 1307 4133 παρεῖναι
1336 4063 1466 4133 ἡμῖν
1499 4061 1704 4134 ἰατρὸν,
1739 4063 1800 4117 τὸ
1828 4066 2057 4138 καμάτῳ

485 4152 580 4204 καὶ
608 4151 799 4204 θάλπει
825 4153 920 4205 καὶ
947 4155 1279 4223 ἀγρυπνίαις
1317 4157 1711 4229 καταταθῆναι,
1748 4160 1842 4214 καὶ
1870 4163 2056 4233 σχεδὸν

483 4249 645 4313 αὐτὸς
676 4250 868 4320 νεκρὸς
895 4262 923 4291 α
952 4249 1050 4317 ὢν,
1085 4253 1332 4323 εἰσῆλθον
1370 4256 1451 4318 είς
1477 4256 1578 4327 τὴν
1601 4258 1776 4313 πόλιν.
1824 4260 1959 4315 Τότε
1991 4262 2056 4333 δὴ

483 4351 845 4425 παρεγένοντο
863 4354 892 4407 6
918 4352 1120 4425 κλῆρος
1147 4354 1315 4422 ἅπας,
1352 4356 1381 4408 6
1405 4355 1576 4427 δῆμος
1603 4359 1632 4398 b
1659 4399 1675 4425 ,
1707 4360 2051 4431 μονάζοντες,

484 4457 805 4530 μονάστριαι
832 4497 846 4524 ,
902 4458 1111 4531 ἰατροὶ,
1171 4458 1371 4530 πολλῆς
1412 4459 1690 4532 ἁπήλαυον
1736 4463 2050 4536 θεραπείας,

479 4561 700 4616 πάντων
729 4560 908 4615 πάντα
930 4562 1061 4632 ήμῖν
1085 4561 1539 4635 διακονουμένων,
1573 4566 2048 4640 ὑπηρετουμένων.

492 4666 653 4719 Ἀλλὰ
681 4664 776 4720 καὶ¹
820 4663 993 4728 οὕτως
1033 4665 1213 4735 πολλῷ
1253 4665 1332 4736 τῷ
1366 4668 1520 4738 κάρῳ
1558 4669 1658 4741 τῆς
1699 4671 1894 4741 φλογὸς
1928 4693 2056 4730 κατ.

478 4771 756 4842 εχόμενος,
785 4772 842 4824 ἐν
871 4770 1117 4842 ἐσχάτοις
1143 4771 1290 4842 ἥμην
1311 4770 1502 4836 δεινοῖς
1527 4785 1573 4828 ο.
1603 4776 1766 4841 Τέλος
1791 4780 1932 4835 κατὰ
1959 4799 2050 4853 μι-

478 4880 609 4952 κρὸν
633 4879 793 4949 ἐληγε
825 4878 921 4932 καὶ
967 4877 1150 4946 ἐλὼφα
1189 4877 1250 4930 16
1278 4878 1510 4950 νόσημα.
1572 4878 1629 4934 '0
1656 4880 1713 4935 δὲ
1755 4884 2050 4958 Φαρέτριος

477 4983 716 5054 οὐδαμοῦ
732 5001 745 5014 ο
771 4984 886 5038 ἀλλ’
909 4984 1168 5055 ἀνέμενεν
1187 4985 1348 5056 ἡμῶν
1369 4985 1467 5057 τὴν
1496 4984 1692 5055 ἔξοδον,
1727 4989 1827 5044 οὐκ
1854 4986 1972 5048 οἶδα
1995 4995 2048 5048 τί

476 5087 635 5153 δόξαν
661 5087 829 5158 αὐτῷ.
875 5089 1088 5161 Ἐπειδὴ
1122 5090 1301 5144 τοίνυν
1333 5085 1474 5144 εἶδον
1495 5091 1679 5163 ἡρέμα
1701 5093 1956 5165 λωφῆσαν
1988 5097 2049 5151 16

478 5195 666 5256 κακὸν,
715 5193 1077 5265 ἐϐουλευόμην
1123 5195 1308 5250 λοιπὸν
1359 5197 1488 5269 περὶ⁸
1535 5197 1863 5271 ἀποδημίας,
1901 5202 2040 5256 ὥστε

480 5297 833 5356 ἐπιλαϐέσθαι
866 5301 963 5371 τῆς
993 5300 1326 5368 Κουκουσοῦ,
1359 5303 1454 5356 καὶ
1497 5305 1690 5374 μικρὸν
1723 5306 2044 5360 ἀναπαύσα-

477 5403 600 5459 σθαι
632 5403 740 5457 τῶν
771 5404 871 5474 τῆς
903 5404 1024 5458 ὁδοῦ
1057 5403 1372 5476 συμφορῶν.
1403 5405 1514 5460 Καὶ
1559 5408 1616 5462 ἐν
1649 5407 1856 5471 τούτοις
1882 5408 2038 5479 ἡμῶν

535 5647 560 5707 _'
588 5646 711 5707 Tres
732 5658 846 5693 mss.
873 5644 1165 5707 αὐτόνεκρος.

532 5705 562 5780 ξ
587 5706 649 5780 ςρ
674 5709 818 5767 δῆμος
839 5708 981 5780 «3095!.
1007 5709 1053 5754 in
1067 5705 1268 5780 fiunbus
1294 5723 1405 5759 mss.
1415 5746 1428 5773 ,
1455 5723 1546 5760 nec
1572 5710 1694 5774 legit
1718 5713 1979 5780 llilei'pres.

537 5773 556 5800 τ
585 5770 692 5820 Duo
708 5783 819 5819 mss.
843 5771 966 5832 ἥμην
989 5767 1229 5826 κινδύνοις.

1188 340 1244 397 S.
1285 341 1567 396 JOANNIS
1605 337 2097 396 CHRYSOSTOMI
2131 339 2447 402 ARCHIEP.
2487 341 3036 401 CONSTANTINOP.

3629 334 3734 392 6|}

2165 455 2352 524 ὄντων,
2369 460 2801 528 ἀπαγγέλλονται
2824 458 2888 512 ἀθ
2897 457 3017 529 ρόον
3034 453 3176 509 Ἰσαῦ
3185 471 3266 524 ροι
3284 452 3484 524 πλῆθος
3506 453 3733 525 ἄπειρον

2166 562 2587 634 κατατρέχοντες
2615 565 2712 635 τὴν
2742 560 3064 631 Καισαρέων
3088 558 3293 630 χώραν,
3322 557 3414 611 καί
3450 575 3570 610 τινα
3610 558 3722 612 κώ-

2170 683 2276 736 μην
2296 667 2536 738 μεγάλην
2560 668 2962 738 ἐμπρήσαντες,
2987 665 3082 718 καὶ
3108 663 3177 716 τὰ
3203 663 3406 733 ἔσχατα
3433 661 3729 726 διαθέντες.

2167 774 2335 827 Τοῦτο
2366 775 2604 837 ἀκούσας
2635 774 2664 826 6
2687 771 2987 843 τριϐοῦνος,
3014 767 3193 822 λαϐὼν
3227 769 3352 830 τοὺς
3399 764 3735 837 στρατιώτας

2167 881 2260 946 οὓς
2292 876 2458 951 εἶχεν,
2519 879 2760 950 ἐξῆλθεν.
2815 879 3202 932 Ἐδεδοίκεισαν
3247 874 3356 945 γὰρ
3403 874 3479 943 μὴ
3528 872 3624 926 καὶ
3666 874 3736 942 τῇ

2169 987 2320 1040 πόλει
2359 986 2725 1057 προσϐάλωσι,
2763 985 2857 1040 καὶ
2879 984 3078 1047 πάντες
3099 979 3238 1054 ἦσαν
3264 982 3322 1034 ἐν
3346 979 3517 1049 φόϐῳ,
3533 979 3734 1042 πάντες

2168 1097 2224 1149 ἐν
2255 1096 2496 1168 ἀγωνία,
2560 1097 2687 1167 περί⁵
2725 1093 2889 1148 αὐτοῦ
2933 1093 3027 1149 τοῦ
3055 1093 3283 1163 ἐδάφους
3323 1093 3426 1164 τῆς
3476 1095 3734 1165 πατρίδος

2171 1204 2588 1271 κινδυνεύοντες,
2631 1202 2707 1267 ὡς
2742 1203 2837 1256 καὶ
2863 1201 3060 1265 αὐτοὺς
3105 1202 3230 1264 τοὺς
3273 1199 3588 1271 πρεσϐύτας
3638 1199 3737 1270 τὴν

2172 1311 2417 1383 φυλακὴν
2435 1310 2540 1364 τῶν
2561 1309 2754 1382 τειχῶν
2774 1306 3266 1381 μεταχειρίζεσθαι.
3289 1306 3380 1358 Ἐν
3398 1303 3606 1367 τούτοις
3629 1303 3737 1356 τῶν

2171 1417 2512 1488 πραγμάτων
2543 1412 3061 1486 ὅντων,ὰθρόονύπὸ
3083 1412 3183 1482 τὴν
3230 1410 3305 1464 ἐω
3351 1408 3613 1481 δροῦγγος
3640 1426 3734 1479 μο-

2168 1521 2436 1584 ναζόντων
2487 1518 2660 1592 (οῦτω
2699 1518 2808 1590 γὰρ
2863 1517 2944 1570 δεῖ
2973 1517 3184 1579 εἰπεῖν,
3217 1514 3312 1568 καὶ¹
3349 1516 3415 1584 τῇ
3465 1512 3609 1576 λέξει
3639 1511 3738 1581 τὴν

2172 1627 2365 1698 μανίαν
2399 1625 2576 1679 αὐτῶν
2604 1621 2960 1692 ἐνδείξασθαι)
2998 1620 3304 1691 ἐπέστησαν
3333 1621 3397 1689 τῇ
3430 1621 3578 1687 οἰκία
3607 1617 3735 1669 ἔνθα

2167 1725 2339 1800 ἦμεν,
2393 1726 2740 1790 ἀπειλοῦντες
2789 1725 2956 1796 αὐτὴν
3008 1723 3220 1788 καίειν,
3271 1721 3629 1791 ἐμπιμπρᾷν,
3668 1719 3732 1772 τά

2167 1833 2368 1904 ἔσχατα
2391 1835 2540 1905 ἡμᾶς
2567 1831 2882 1896 διατιθέναι,
2917 1831 2965 1882 εί
2997 1828 3074 1900 μὴ
3101 1825 3425 1896 ἐξέλθοιμεν.
3474 1825 3584 1876 Καὶ
3609 1822 3730 1876 οῦτε

2167 1941 2194 1992 6
2223 1939 2331 1991 τῶν
2358 1940 2617 2010 Ἰσαύρων
2651 1937 2846 2000 αὐτοὺς
2871 1936 3054 2005 φόϐος,
3082 1933 3206 1987 οὐτε
3236 1935 3270 2004 ἡ
3297 1931 3576 2003 ἀρρωστία
3593 1930 3731 1982 οὕτω

2169 2041 2412 2112 σφοδρῶς
2437 2041 2784 2111 ἐπικειμένη,
2813 2038 2936 2092 οὐτε
2961 2037 3087 2091 ἄλλο
3114 2036 3262 2090 οὐδὲν
3289 2034 3541 2104 ἐποίησεν
3572 2033 3738 2084 ἐπιει-

2169 2145 2457 2216 κεστέρους
2512 2144 2728 2211 αὐτοὺς,
2782 2143 2895 2196 ἀλλ’
2930 2141 3211 2195 ἐπέκειντο
3261 2137 3514 2190 τοσούτου
3561 2135 3734 2205 θυμοῦ

2168 2250 2438 2316 πνέοντες,
2457 2249 2533 2314 ὡς
2549 2249 2644 2303 καὶ
2670 2249 2867 2311 αὐτοὺς
2895 2245 3198 2318 φοϐηθῆναι
3225 2245 3350 2307 τοὺς
3377 2241 3727 2313 ἐπαρχικούς.

2167 2359 2278 2410 Καὶ
2304 2357 2412 2429 γὰρ
2441 2356 2536 2410 καὶ
2564 2355 2744 2418 αὐτοῖς
2771 2352 3027 2423 ἠπείλουν
3050 2348 3281 2420 πληγάς,
3309 2347 3404 2400 καὶ
3433 2345 3734 2398 ἐκαλλωπί⁴

2167 2464 2320 2528 ζοντο
2370 2462 2446 2524 ὡς
2492 2461 2588 2515 καὶ
2635 2460 2738 2531 ἤδη
2786 2458 3010 2521 πολλοὺς
3069 2455 3309 2527 αἰσχρῶς
3359 2454 3735 2523 τυπτήσαντες

2165 2567 2512 2640 ἐπαρχικούς.
2554 2565 2740 2620 Ταῦτα
2785 2565 2835 2617 οί
2879 2561 3168 2635 ἐπαρχικοὶ
3209 2559 3558 2624 ἀκούσαντες,
3602 2576 3737 2612 κατ-

2167 2675 2364 2742 έφυγον
2385 2674 2464 2735 είς
2491 2672 2658 2742 ἡμᾶς,
2679 2667 3022 2738 παρεκάλουν
3045 2681 3103 2718 τε
3129 2663 3224 2719 καὶ
3249 2663 3476 2724 ἐδέοντο,
3506 2662 3586 2714 ὅτι
3608 2660 3738 2715 Κᾶν

2166 2782 2246 2844 είς
2284 2779 2556 2849 Ἰσαύρους
2590 2776 2868 2848 μέλλωμεν
2905 2772 3220 2844 ἐμπίπτειν,
3251 2766 3556 2833 ἀπάλλαξον
3591 2768 3742 2836 ἡμᾶς

2164 2885 2272 2957 τῶν
2297 2883 2500 2955 θηρίων
2523 2881 2748 2936 τούτων.
2786 2878 3047 2940 Ἀκούσας
3075 2879 3105 2930 6
3142 2874 3362 2945 ἡγεμὼν
3392 2872 3743 2942 κατέδραμεν

2165 2993 2262 3046 ἐπὶ
2287 2991 2385 3062 τὴν
2405 2988 2601 3052 οἰκίαν,
2632 2983 2948 3056 βουλόμενος
2971 2983 3099 3052 ἡμῖν
3118 2977 3400 3049 βοηθῆσαι.
3437 2975 3573 3028 Οὐδὲ
3594 2973 3742 3025 ἐκεί-

2164 3115 2255 3153 νου
2287 3092 2726 3165 παρακαλοῦντος
2775 3089 3060 3160 ηνέσχοντο
3114 3087 3162 3138 οί
3205 3081 3528 3154 μονάζοντες
3547 3119 3562 3144 ,
3599 3076 3741 3130 ἀλλά

2165 3204 2257 3257 καὶ
2285 3202 2445 3262 αὐτὸς
2473 3197 2790 3270 ἠσθένησεν.
2827 3192 3002 3270 Ὀρῶν
3036 3190 3214 3244 τοίνυν
3249 3188 3318 3241 τὰ
3351 3186 3656 3258 πράγματα
3686 3185 3742 3236 ἐν

2164 3306 2368 3379 ἀπορίᾳ
2401 3303 2591 3376 πολλῇ,
2621 3303 2714 3356 καὶ
2745 3298 2868 3353 οὐτε
2897 3295 3110 3370 τολμῶν
3147 3295 3279 3366 ἡμῖν
3333 3288 3741 3362 συμϐουλεῦσαι

2164 3415 2243 3478 εἰς
2268 3414 2425 3484 φόνον
2451 3408 2683 3481 φανερὸν
2712 3404 2968 3472 ἐξελθεῖν,
3009 3400 3134 3455 οὕτε
3159 3400 3320 3454 πάλιν
3347 3396 3494 3451 ἔνδον
3528 3395 3742 3466 μένειν,

2163 3517 2251 3572 διὰ
2274 3518 2372 3588 τὴν
2401 3515 2668 3585 τοσαύτην
2717 3511 2941 3567 ἐκείνων
2988 3499 3206 3580 μανίαν,
3239 3505 3449 3575 έπεμψε
3479 3504 3614 3575 πρὸς
3647 3505 3746 3557 16v

2165 3619 2316 3695 [597]
2331 3618 2642 3691 Φαρέτριον,
2662 3612 2994 3685 παρακαλῶν
3017 3609 3210 3680 ὀλίγων
3226 3609 3467 3664 ἐνδοῦναι
3487 3608 3744 3679 ἡμερῶν,

2160 3727 2249 3781 διά
2270 3742 2330 3778 τε
2349 3723 2447 3795 τὴν
2467 3718 2795 3793 ἀρρωστίαν,
2809 3716 2898 3772 διά
2914 3733 2973 3769 τε
2990 3714 3079 3769 16v
3097 3713 3440 3785 ἐπικείμενον
3465 3711 3737 3766 κίνδυνον.

2162 3825 2272 3881 Καὶ
2296 3825 2414 3879 οὐδέ
2443 3822 2616 3886 οὕτως
2650 3820 2866 3890 ἐγένετό
2892 3836 2947 3872 τι
2989 3817 3154 3872 πλέον
3175 3856 3190 3883 ,
3221 3816 3357 3872 ἀλλὰ
3381 3817 3473 3869 καὶ
3501 3817 3568 3886 τῇ
3600 3814 3739 3886 ἐξῆς

2163 3930 2503 4004 σφοδρότεροι
2528 3927 2910 4000 παρεγένοντο,
2948 3923 3046 3979 καὶ⁹
3064 3922 3174 3978 τῶν
3213 3920 3599 3993 πρεσϐυτέρων
3629 3921 3734 3974 οὐ-

2159 4039 2270 4102 δεὶς
2323 4035 2526 4106 ἐτόλμα
2563 4034 2907 4103 παραστῆναι
2936 4029 3031 4083 καὶ
3059 4027 3340 4100 βοηθῆσαι,
3389 4025 3502 4080 ἀλλ’
3530 4027 3736 4096 αἰσχυ-

2159 4143 2375 4214 νόμενοι
2409 4140 2506 4194 καὶ
2561 4135 2923 4211 ἐρυθριῶντες
2953 4131 3132 4210 (κατὰ
3159 4131 3267 4202 γὰρ
3295 4128 3521 4201 γνώμην
3550 4130 3739 4200 Φαρε-

2156 4247 2305 4320 τρίου
2328 4245 2512 4313 ἐλεγον
2534 4239 2708 4296 ταῦτα
2733 4239 3012 4309 γίνεσθαι)
3037 4236 3388 4308 ἐκρύπτοντο,
3415 4233 3738 4300 ἐλάνθανον,

2157 4351 2477 4422 καλούμενοι
2509 4346 2640 4419 παρ’
2675 4345 2834 4418 ἡμῶν
2882 4344 2981 4414 οὐχ
3014 4343 3308 4413 ὑπήκουον.
3345 4340 3412 4394 Τί
3440 4339 3522 4394 δεῖ
3553 4337 3738 4395 πολλά

2153 4456 2333 4526 λέγειν
2359 4471 2374 4520 ;
2401 4453 2511 4508 Καὶ
2541 4451 2720 4522 φόϐων
2735 4448 3004 4503 τοσούτων
3029 4445 3413 4518 ἐπικειμένων,
3437 4445 3531 4500 καὶ
3559 4445 3737 4500 θανά-

2153 4577 2248 4614 του
2291 4556 2476 4629 σχεδὸν
2503 4555 2694 4626 δήλου,
2755 4551 2974 4607 καὶτοῦ
3001 4549 3235 4624 πυρετοῦ
3277 4568 3345 4623 με
3393 4552 3740 4622 κατεργαζοο

2157 4667 2317 4741 μένου
2352 4663 2496 4730 (οὐδὲ
2519 4662 2626 4734 γὰρ
2653 4661 2784 4732 ἡμῖν
2818 4657 3108 4730 ἀπαλλαγὴ
3137 4657 3348 4712 οὐδέπω
3365 4657 3393 4697 ά
3409 4657 3517 4710 τῶν
3536 4658 3738 4712 κακῶν

2153 4771 2261 4825 τῶν
2278 4767 2567 4839 ἐντεῦθεν),
2601 4763 2942 4838 μεσημϐρίας
2973 4763 3145 4835 μέσης
3167 4762 3328 4835 ῥίψας
3352 4762 3543 4817 ἐαυτὸν
3565 4763 3650 4827 είς
3672 4763 3740 4817 16

2152 4879 2442 4944 λεκτίκιον,
2462 4875 2736 4947 ἐξηγόμην
2761 4872 2988 4936 ἐκεῖθεν,
3016 4871 3112 4924 τοῦ
3156 4872 3220 4943 δή
3231 4889 3330 4943 μου
3383 4871 3586 4935 παντὸς
3613 4889 3733 4925 κω·-

2153 4986 2394 5049 κύοντος,
2419 4981 2775 5046 ὀλολύζοντος,
2799 4976 3154 5048 ἐπαρωμένου
3187 4975 3266 5047 τῷ
3299 4974 3470 5029 ταῦτα
3498 4994 3738 5049 πεποιηο

2151 5093 2290 5156 κότι,
2319 5086 2729 5159 ὀλοφυρομένων
2751 5082 2970 5137 πάντων
2997 5081 3092 5136 καὶ
3120 5083 3481 5154 θρηνούντων.
3500 5085 3732 5158 Ἐπειδὴ

2148 5197 2206 5250 δὲ
2233 5197 2331 5265 τῆς
2369 5194 2572 5256 πόλεως
2597 5189 2841 5259 ἐξῆλθον,
2861 5187 2953 5240 καὶ
2975 5185 3083 5240 τῶν
3103 5185 3203 5257 κλη
3215 5185 3379 5257 ρικῶν
3404 5203 3550 5250 τινες
3582 5187 3744 5251 ἐξελ-

2149 5300 2331 5362 θόντες
2378 5296 2582 5368 ἠρέμα,
2639 5295 2787 5364 ἡμᾶς
2826 5291 3184 5363 προέπεμψαν
3217 5291 3549 5362 ὀδυρόμενοι.
3604 5294 3730 5346 Καί

2145 5415 2306 5451 τινων
2332 5395 2596 5464 λεγόντων
2629 5393 2979 5460 ἀκούσαντες,
3003 5392 3114 5446 Ποῦ
3159 5393 3321 5446 αὐτὸν
3365 5394 3605 5463 ἀπάγετε
3638 5397 3731 5459 είς

2147 5501 2376 5572 φανερὸν
2399 5499 2627 5555 θάνατον
2647 5516 2661 5567 ;
2685 5499 2770 5553 ἐτε
2778 5517 2866 5570 ρος
2883 5497 3035 5568 ἔλεγε
3061 5498 3197 5571 πρὸς
3216 5501 3362 5572 ἡμᾶς
3379 5501 3485 5554 τῶν
3509 5500 3733 5573 σφόδρα

2206 5713 2233 5751 (ι
2260 5713 2374 5781 MSS,
2412 5728 2582 5763 omnes
2617 5717 2852 5781 οὐδὲγὰρ
2885 5718 3010 5779 ἥμην
3048 5718 3337 5781 ’ἀπαλλαγεὶς
3379 5719 3581 5780 οὐδέπω,
3618 5725 3733 5768 εις.

2146 5777 2401 5828 Sententia
2420 5781 2594 5828 eodem
2623 5779 2808 5829 recidit.
