4058 6218
513 329 618 386 815

517 456 606 496 me
629 439 838 493 dicebat
870 453 884 490 :
920 435 1038 501 Abi,
1069 432 1332 488 obsecro:
1367 431 1418 483 in
1451 428 1660 484 Isauros
1686 425 1846 480 etiam
1889 422 2084 488 incide,

476 583 480 586 .
519 531 678 588 modo
701 546 732 582 e
761 529 919 582 nobis
946 525 1192 580 elabaris.
1235 521 1367 576 Nam
1411 532 1747 589 quocumque
1790 513 2042 570 incideris
2073 552 2091 580 ,

520 633 634 678 tuto
660 619 882 684 incides,
912 613 1201 672 dummodo
1229 625 1417 667 manus
1445 619 1654 664 nostras
1679 605 1919 677 effugias.
1969 604 2093 658 llaec

517 713 742 767 audiens
790 723 852 762 ac
883 705 1208 776 perspiciens
1254 702 1468 772 egregia
1512 707 1754 754 matrona
1807 695 2090 761 Seleucia,

516 801 714 855 domini
761 801 864 852 mei
913 795 1090 852 Ruﬁni
1135 809 1266 848 uxor
1301 794 1443 864 (nam
1476 807 1537 847 ea
1569 804 1824 860 perquam
1855 787 2093 842 ofﬁciose

518 908 616 945 nos
643 890 851 958 comit),
882 886 1128 956 precibus
1154 899 1360 938 mecum
1393 883 1534 951 egit,
1569 889 1624 934 ut
1672 880 1723 933 in
1753 879 1916 948 ipsius
1960 876 2093 931 sub-

519 983 776 1036 urbanam
807 979 1006 1042 villam,
1047 991 1164 1046 qum
1189 975 1423 1045 quinque
1461 985 1711 1042 passuum
1764 968 1999 1022 millibus
2028 967 2095 1021 ab

519 1075 652 1130 urbe
689 1071 938 1137 distabat,
970 1068 1186 1138 hospitii
1211 1082 1369 1122 causa
1407 1079 1494 1120 me
1521 1063 1820 1120 conferrem
1845 1102 1860 1127 ,
1889 1070 2092 1115 certos-

519 1180 624 1236 que
644 1163 888 1219 homines
913 1161 1201 1215 uobiscutn'
1220 1157 1382 1223 misit,
1415 1155 1730 1227 quibuscum
1759 1153 1884 1208 illuc
1915 1149 2096 1222 profe-

519 1260 591 1312 cti
628 1269 833 1311 sumus.

591 1350 645 1404 '5.
687 1348 755 1401 At
783 1361 848 1399 ne
870 1344 978 1399 illic
1003 1343 1217 1413 quidem
1236 1341 1319 1395 ha:
1341 1339 1626 1394 adversum
1655 1352 1754 1392 nos
1773 1341 2098 1405 comparata:

521 1438 729 1494 insidia:
775 1436 933 1490 ﬁnem
980 1434 1240 1488 habitune
1285 1439 1455 1486 erant.
1502 1430 1572 1485 Ut
1601 1430 1743 1483 enim
1792 1425 2099 1481 Pharetrius

522 1529 625 1585 hoc
651 1528 883 1593 rescivit,
917 1526 1110 1580 multas
1131 1524 1252 1594 ipsi,
1285 1533 1339 1577 ut
1355 1522 1580 1587 dicebat,
1608 1521 1780 1575 minas
1798 1517 2096 1573 intentavit.

523 1623 655 1676 Cum
695 1628 868 1673 autem
921 1632 1009 1671 me
1064 1615 1117 1668 in
1164 1614 1345 1668 villam
1393 1627 1544 1668 suam
1588 1610 1909 1680 excepisset,
1966 1605 2100 1661 nihil

523 1711 736 1781 quidem
760 1711 872 1779 ipse
890 1708 1080 1762 harum
1110 1720 1292 1760 rerum
1322 1704 1556 1760 sciebam
1587 1720 1603 1758 :
1630 1717 1752 1756 nam
1778 1702 1890 1770 ipsa
1913 1699 1978 1753 ad
2005 1712 2102 1752 nos

523 1816 758 1872 egressa,
795 1800 906 1853 haec
937 1814 1032 1853 nos
1057 1797 1270 1864 celavit,
1303 1794 1634 1866 procuratori
1663 1802 1838 1847 autem
1861 1807 1980 1858 suo,
2011 1789 2102 1860 qui

524 1896 632 1950 illic
669 1903 802 1957 erat,
833 1907 894 1946 ea
935 1891 1221 1960 exposuit,
1253 1889 1462 1959 ipsique
1504 1885 1794 1951 mandavit,
1845 1895 1904 1939 ut
1949 1882 2103 1937 nobis

524 2001 682 2042 omne
729 1984 888 2038 ofﬁcii
926 1997 1096 2053 genus
1147 1982 1480 2051 impertiret,
1529 1993 1592 2034 ac
1636 1979 1681 2034 si
1709 1978 1800 2048 qui
1852 1973 2103 2031 monachi

529 2080 795 2143 venirent,
847 2086 906 2131 ut
946 2091 1044 2130 nos
1088 2073 1427 2129 contumeliis
1474 2072 1821 2135 incesserent,
1855 2080 1944 2122 aut
1968 2066 2105 2121 male

525 2170 818 2235 afﬁcerent,
846 2183 911 2221 ex
932 2167 1050 2220 aliis
1078 2165 1220 2220 villis
1249 2165 1362 2218 suis
1388 2162 1648 2234 agricolas
1673 2169 1912 2231 cogeret,
1947 2170 2104 2228 atque

527 2263 594 2315 ita
615 2276 732 2314 cum
761 2257 1035 2312 monachis
1053 2271 1264 2310 manum
1285 2263 1614 2309 consereret.
1629 2253 1766 2320 Quin
1787 2266 1871 2305 nte
1895 2264 2104 2319 quoque

527 2349 765 2418 rogabat,
796 2356 852 2399 ut
882 2347 933 2399 in
955 2345 1170 2398 domum
1197 2359 1346 2398 suam
1378 2358 1496 2413 qua:
1521 2357 1700 2396 arcem
1733 2340 1982 2405 habebat,
2004 2353 2104 2392 nec

529 2442 650 2493 ullis
678 2439 877 2492 viribus
913 2435 1201 2505 expugnari
1241 2443 1471 2504 poterat,
1522 2431 1886 2502 confugerem,
1936 2441 1993 2483 ut
2041 2444 2108 2482 ex

529 2530 760 2601 episcopi
788 2527 1264 2583 acmonachorum
1297 2522 1544 2578 manibus
1567 2523 1827 2576 elaberer.
1880 2522 1948 2573 At
1972 2527 2029 2572 ιιι
2056 2519 2106 2572 id

531 2621 758 2674 facerem
783 2658 798 2682 ,
851 2617 1046 2671 adduci
1097 2631 1201 2669 non
1249 2613 1399 2684 potui
1444 2629 1458 2667 :
1489 2627 1672 2667 verum
1706 2611 1756 2664 in
1788 2610 1909 2665 villa
1938 2625 2112 2675 eram;

531 2711 720 2763 horum
762 2708 998 2760 omnittm
1026 2707 1242 2776 ignarus
1275 2720 1394 2776 qum
1441 2715 1620 2775 postea
1649 2705 1701 2759 in
1725 2719 1809 2759 mc
1834 2717 2111 2772 compara-

531 2803 744 2855 bantur.
803 2799 879 2854 Ne
923 2799 1025 2854 hoc
1068 2799 1280 2869 quidem
1341 2799 1471 2868 ipsis
1528 2797 1592 2852 ad
1648 2795 2108 2866 comprimendum

529 2908 681 2947 suum
708 2891 987 2946 adversum
1018 2904 1114 2943 nos
1145 2889 1375 2944 furorem
1416 2889 1546 2944 satis
1577 2887 1692 2941 fuit.
1750 2889 1939 2943 Postea
1967 2887 2110 2940 enim

531 2983 706 3039 media
738 2989 924 3046 nocte,
960 2995 1045 3034 me
1086 2980 1216 3034 nihil
1264 2979 1450 3034 horum
1477 2979 1680 3033 sciente
1724 2976 1942 3051 (acriter
1966 2978 2108 3031 enim

531 3075 764 3130 instabat
811 3072 1115 3127 Pharetrins
1140 3058 1179 3138 ,'
1206 3087 1393 3142 graves
1420 3072 1472 3125 in
1501 3086 1618 3125 eam
1643 3111 1658 3137 ,
1709 3081 1766 3125 ut
1796 3071 1889 3136 ait,
1939 3071 2110 3125 minas

531 3167 758 3236 iactans,
792 3177 1014 3232 eamque
1040 3176 1236 3232 cogens
1263 3172 1420 3229 atque
1447 3161 1743 3230 impellens,
1765 3171 1821 3215 ut
1844 3177 1926 3215 me
1951 3164 2110 3216 etiam

530 3255 841 3310 esuburhio
887 3249 1167 3322 ejiceret),
1216 3251 1446 3304 hominis
1501 3251 1956 3320 importunitatem
2004 3267 2108 3306 non

535 3348 713 3401 ferens
739 3344 948 3408 mulier,
978 3343 1240 3397 insciente
1266 3357 1372 3408 me,
1406 3342 1658 3396 barbaros
1687 3343 1874 3397 adesse
1904 3343 2110 3412 signiﬁ-

535 3436 695 3498 cavit,
726 3434 864 3503 quod
893 3434 1095 3489 scilicet
1123 3434 1228 3486 vim
1251 3448 1392 3500 eam,
1424 3447 1582 3503 quam
1607 3442 1898 3503 pateretur,
1931 3433 2112 3490 dicere

538 3543 647 3596 pra:
678 3525 876 3596 pudore
906 3526 1123 3586 minime
1144 3526 1451 3580 sustineret.
1503 3526 1678 3594 Atque
1727 3526 1902 3580 media
1950 3537 2108 3582 nocte

536 3617 807 3687 ingressus
839 3613 1093 3669 Evethius
1133 3615 1429 3685 presbyter,
1453 3630 1646 3686 meque
1690 3632 1721 3671 e
1771 3632 1962 3672 somno
2009 3633 2107 3672 ex-

532 3709 703 3762 citans
733 3747 748 3771 ,
797 3719 1006 3772 magno
1037 3719 1156 3758 cum
1205 3705 1441 3760 clamore
1472 3705 1587 3761 bare
1616 3705 1826 3761 diccbat
1855 3726 1866 3760 :
1916 3707 2109 3777 Surge,

533 3797 777 3859 ohsvcro,
810 3794 1097 3849 adventant
1127 3794 1372 3861 barbari,
1423 3810 1522 3850 nec
1570 3795 1726 3865 longe
1761 3796 1973 3850 absunt.
2018 3798 2127 3852 lliC'

535 3899 708 3942 tecum
733 3895 943 3956 reputes
974 3885 1155 3949 velim,
1182 3900 1414 3955 quonam
1443 3887 1622 3940 animo
1647 3901 1794 3941 eram
1829 3902 1950 3941 cum
1998 3887 2112 3942 haec

536 3979 796 4034 audirem.
844 3977 978 4032 Cum
1005 3987 1182 4032 autem
1212 3993 1278 4032 ex
1321 3979 1436 4048 ipso
1466 3978 1590 4048 quid
1619 3977 1758 4033 facto
1788 3993 1922 4048 opus
1948 3990 2110 4047 esset,

535 4067 895 4137 quaesivissem
922 4108 937 4133 ,
986 4083 1159 4137 neque
1210 4069 1350 4123 enim
1382 4083 1481 4123 nos
1522 4069 1574 4123 in
1620 4070 1806 4124 urbem
1828 4070 2115 4141 confugere

536 4171 692 4226 posse
720 4197 736 4222 ,
779 4171 845 4210 ne
891 4159 1136 4226 graviora
1170 4159 1275 4212 illic
1307 4168 1706 4229 perpeteremur
1729 4201 1744 4226 ,
1793 4177 1951 4231 quam
1998 4178 2116 4232 quae

537 4247 692 4300 nobis
740 4245 904 4299 lsauri
948 4245 1146 4300 illaturi
1177 4256 1380 4314 essent,
1425 4249 1574 4304 exire
1619 4266 1718 4306 nos
1755 4253 1946 4322 coegit.
2000 4252 2113 4307 Nox

537 4337 714 4393 illunis
739 4347 876 4403 erat,
908 4352 1011 4391 nox
1041 4335 1237 4404 media,
1262 4337 1550 4407 caliginosa
1575 4381 1589 4403 ,
1642 4347 1778 4396 tetra
1803 4358 1817 4409 ;
1873 4343 1926 4396 id
1975 4343 2116 4414 quod

544 4430 704 4484 etiam
735 4443 833 4484 nos
860 4429 912 4483 in
939 4443 1201 4483 summam
1231 4429 1442 4483 consilii
1473 4429 1704 4500 inopiam
1761 4433 2112 4504 conjiciebat:

539 4537 638 4576 nec
677 4521 954 4590 quisquam
987 4521 1138 4575 nobis
1170 4530 1364 4590 praesto
1396 4530 1531 4588 erat,
1563 4523 1653 4592 qui
1698 4539 1855 4595 opem
1905 4527 2069 4582 ferret
2099 4544 2113 4581 :

538 4626 724 4667 omnes
750 4612 893 4665 enim
915 4626 1012 4666 uos
1041 4612 1387 4682 reliquerant.
1414 4613 1556 4668 Metu
1582 4623 1756 4670 tamen
1784 4617 2111 4686 compulsus,

541 4715 602 4756 ac
627 4701 842 4772 jamjam
877 4712 1102 4757 mortem
1141 4713 1493 4772 exspectans,
1549 4706 1802 4759 aerumnis
1844 4709 2116 4763 confectus

537 4792 768 4857 surrexi,
815 4806 878 4847 ac
903 4791 1044 4847 faces
1074 4791 1292 4848 accendi
1318 4791 1472 4863 jussl.
1516 4793 1713 4850 Verum
1766 4796 1860 4849 has
1906 4813 2116 4868 quoque

538 4874 819 4952 presbyter
844 4884 1108 4954 exstingui
1132 4883 1292 4954 jussit
1316 4924 1331 4949 ,
1361 4899 1428 4939 ne
1455 4884 1666 4940 barbari
1692 4929 1706 4954 ,
1753 4886 1949 4954 aiebat,
1984 4890 2116 4945 lucis

537 4972 822 5040 splendore
839 4976 1018 5044 exciti,
1052 4977 1104 5031 in
1135 4991 1232 5032 nos
1262 4976 1517 5047 impetum
1547 4976 1802 5035 facerent.
1827 4981 2116 5038 Exstinctis

541 5063 716 5134 itaque
769 5065 974 5124 facibus
1003 5111 1019 5136 ,
1074 5071 1252 5126 mulus
1291 5069 1401 5144 (a),
1451 5072 1541 5142 qtti
1587 5072 1829 5129 lecticam
1881 5087 2115 5130 nostram

537 5157 776 5224 gestabat
801 5157 1010 5230 (aspera
1041 5163 1182 5218 enim
1211 5165 1497 5220 admodum
1524 5173 1578 5222 et
1604 5166 1768 5222 ardua
1795 5183 1858 5223 ac
1903 5178 2115 5239 petrosa

1269 322 1327 378 S.
1366 317 1639 377 .IOANNIS
1673 309 2154 372 CHRYSOSTOMI
2189 305 2507 364 ARCHIEP.
2547 301 3073 361 CONSTANTINUP.

3664 292 3771 350 616

2200 418 2536 490 presbytero,
2562 417 2651 486 qui
2681 415 2840 469 etiam
2868 413 2982 482 ipse
3011 428 3077 467 ex
3104 425 3242 482 equo
3270 410 3573 482 desilient,
3603 416 3772 472 mani-

2201 509 2300 563 bus
2355 523 2444 562 me
2498 514 2750 569 tenente;
2805 515 2967 572 atque
3015 503 3084 556 ita
3140 502 3685 572 tuanuductus,vel,
3726 516 3786 562 ut

2199 599 2398 653 rectius
2425 599 2634 668 loquar,
2664 605 2984 666 pertractus,
3016 593 3290 664 reptabam
3317 612 3332 649 :
3359 609 3532 665 neque
3561 597 3706 650 enim
3730 597 3782 652 in

2200 699 2344 745 tanta
2393 690 2494 744 loci
2557 689 2913 750 difﬁcultate,
2980 686 3400 756 periculosisque
3459 686 3777 752 montibus,

2199 781 2373 836 media
2396 791 2550 835 nocte
2581 779 2826 834 incedere
2856 786 3116 847 poteram.
3162 777 3379 848 Cogita,
3411 792 3610 848 quaeso,
3647 778 3776 848 quid

2199 872 2287 927 hic
2335 871 2463 926 mihi
2503 871 2667 924 animi
2707 878 2870 934 esset,
2919 883 3040 924 cum
3082 869 3242 922 tantis
3271 867 3426 922 malis
3454 869 3777 925 constrictus

2201 973 2433 1031 tenerer,
2465 978 2528 1017 ac
2569 962 2732 1017 febris
2760 969 3010 1031 urgeret,
3049 975 3151 1014 nec
3194 975 3379 1015 eorum
3427 975 3546 1029 qua:
3593 960 3668 1014 in.
3695 976 3777 1016 me

2199 1062 2397 1109 structa
2437 1052 2667 1116 fuerant,
2696 1052 2981 1123 quidquam
3023 1065 3258 1116 nossem,
3289 1065 3476 1105 verum
3516 1050 3776 1106 barbaros

2202 1147 2444 1202 timerem
2469 1161 2531 1200 ac
2558 1144 3043 1215 perhorrescerem,
3075 1143 3310 1213 nihilque
3334 1141 3476 1197 aliud
3499 1152 3776 1213 exspecta-

2200 1253 2334 1303 rem,
2363 1253 2521 1307 quam
2553 1246 2612 1291 ut
2648 1237 2700 1292 in
2746 1252 2931 1291 eorum
2977 1249 3169 1293 manus
3216 1233 3528 1288 inciderem.
3583 1234 3778 1289 Annon

2201 1328 2474 1383 existimas
2521 1327 2602 1381 vel
2653 1326 2748 1380 has
2797 1327 2940 1382 solas
2985 1325 3334 1388 calamitates,
3384 1323 3596 1379 etiamsi
3645 1323 3778 1378 nihil

2202 1420 2346 1474 aliud
2370 1419 2672 1485 accidisset,
2693 1419 2854 1472 multa
2882 1418 3034 1472 nobis
3062 1424 3276 1486 peccata
3301 1414 3783 1484 obliterare,atque

2203 1510 2470 1580 ingentem
2515 1508 2640 1562 mihi
2665 1508 2845 1578 gloria:
2875 1506 3154 1561 materiam
3193 1504 3531 1574 suppeditare
3576 1505 3780 1573 posse?

2206 1600 2401 1653 llarum
2427 1608 2603 1653 autem
2630 1598 3014 1662 calamitatum,
3061 1603 3120 1650 ut
3146 1596 3408 1659 existimo,
3458 1593 3574 1648 lucc
3615 1609 3782 1649 causa

2205 1688 2321 1743 fuit.
2365 1686 2493 1742 Cum
2523 1690 2750 1758 primum
2793 1689 3095 1744 Caesaream
3135 1687 3402 1758 ingressus
3426 1701 3562 1750 sunt,
3588 1700 3782 1741 omnes

2205 1780 2293 1850 qui
2322 1780 2631 1850 magistratu
2676 1779 3046 1848 fungebantur,
3073 1793 3138 1834 ex
3184 1777 3395 1831 vicariis
3419 1775 3515 1847 (b),
3545 1791 3609 1832 ex
3639 1791 3780 1846 pra:-

2207 1870 2410 1924 sidibus
2433 1870 2706 1938 sophistae,
2740 1869 3027 1932 extribuni,
3078 1866 3251 1938 plebei
3281 1881 3469 1921 omnes
3493 1908 3507 1931 ,
3562 1866 3784 1936 singulis

2207 1961 2394 2016 diebus
2423 1978 2507 2016 me
2536 1961 2796 2025 visebant,
2819 1961 3084 2023 colebant,
3104 1961 3156 2013 in
3177 1959 3342 2013 oculis
3367 1957 3630 2023 ferebant;
3647 1956 3781 2021 hac,

2207 2054 2386 2118 credo,
2419 2054 2750 2108 Pharetrium
2779 2062 3110 2122 pupugi-runt
3146 2068 3162 2105 :
3192 2065 3294 2106 nec
3319 2049 3516 2105 invidia
3565 2065 3625 2103 ea
3667 2063 3785 2118 qua:

2210 2161 2308 2201 nos
2335 2145 2792 2215 Constantinopoli
2823 2145 3042 2215 pepulit,
3088 2143 3173 2198 hic
3198 2157 3409 2214 quoque
3433 2159 3464 2196 a
3490 2143 3642 2196 nobis
3663 2143 3786 2196 abs-

2209 2239 2388 2304 cessit,
2443 2248 2497 2294 ttt
2539 2239 2750 2309 quidem
2793 2239 2983 2309 opinor
3027 2255 3042 2291 :
3089 2252 3259 2306 neque
3303 2237 3446 2290 enim
3488 2235 3692 2288 afﬁrmo
3730 2244 3782 2288 et

2209 2345 2492 2395 assevero,
2541 2331 2632 2385 sed
2663 2330 2911 2399 conjicio.
2958 2330 3022 2383 Et
3059 2328 3175 2398 quis
3219 2327 3432 2382 tandem
3478 2327 3579 2380 alia
3605 2366 3620 2391 ,
3670 2340 3783 2394 qua:

2211 2422 2365 2475 nobis
2395 2421 2445 2475 in
2470 2423 2548 2474 via
2581 2420 2896 2492 perferenda
2947 2419 3189 2486 fuerunt,
3221 2419 3463 2474 oratione
3507 2416 3790 2486 complecti

2211 2512 2407 2583 queat?
2439 2513 2671 2578 timores,
2701 2512 2976 2584 pericula?

2281 2602 2362 2657 De
2385 2604 2754 2659 calamitatibus
2777 2605 2959 2676 gaudet
2982 2602 3384 2674 Chrysoslamus.
3413 2601 3576 2657 Grave
3603 2601 3798 2654 malum

2213 2697 2462 2749 maestitia.
2497 2726 2569 2735 —
2609 2697 2738 2762 Qua:
2767 2697 2981 2767 quidem
3021 2698 3134 2767 ipse
3171 2696 3408 2766 quotidie
3456 2695 3748 2750 recordans
3777 2735 3794 2758 ,

2212 2788 2494 2856 animoque
2523 2787 2926 2850 circumferens,
2963 2803 3072 2856 pra:
3094 2787 3274 2840 laetitia
3299 2787 3459 2841 volito
3479 2795 3535 2840 et
3561 2785 3796 2848 exsulto,

2214 2879 2357 2932 velut
2385 2879 2649 2948 ingentem
2684 2877 2988 2933 thesaurum
3032 2879 3360 2933 reconditum
3388 2877 3589 2931 habens
3621 2893 3634 2928 :
3672 2891 3798 2929 nam

2215 2967 2319 3023 hoc
2371 2969 2551 3022 animo
2596 2978 2756 3038 atque
2805 2967 2908 3023 hoc
2963 2949 3159 3022 affectu
3210 2967 3464 3037 praeditus
3513 2982 3659 3021 sum.
3715 2965 3798 3020 0b

2217 3061 2372 3130 idque
2403 3070 2454 3115 te
2501 3061 2747 3128 obsecro,
2779 3069 2838 3115 ut
2882 3060 2984 3114 hoc
3025 3060 3239 3114 nomine
3269 3059 3482 3124 laeteris,
3536 3059 3800 3128 gaudeas,

2215 3154 2468 3217 exsultes,
2503 3153 2806 3222 Deumque,
2835 3152 2986 3221 cujus
3033 3151 3293 3207 beneficio
3330 3153 3431 3206 hoc
3473 3152 3799 3219 consequuti

2215 3259 2417 3306 sumus,
2458 3251 2519 3297 ut
2565 3251 2704 3297 tanta
2751 3255 3169 3312 perpeteremur,
3199 3242 3382 3298 laudes
3425 3258 3489 3297 ac
3530 3243 3800 3298 celebres.

2216 3335 2388 3404 Atque
2416 3333 2554 3404 apud
2604 3343 2654 3390 te
2693 3335 2852 3390 velim
2885 3335 2998 3390 [nec
3035 3336 3309 3390 contineas
3332 3377 3349 3402 ,
3406 3350 3504 3390 nec
3549 3338 3810 3404 cuiquam

2216 3426 2463 3481 enunties
2489 3442 2504 3479 ε
2537 3426 2744 3481 etiamsi
2766 3427 2962 3497 alioqui
2987 3427 3218 3496 prmtorii
3245 3427 3574 3496 potissimum
3605 3426 3809 3482 harum

2217 3531 2394 3570 rerum
2423 3515 2559 3570 fama
2588 3518 2888 3572 universam
2934 3517 3120 3571 urbem
3169 3517 3388 3586 implere
3434 3526 3695 3586 possunt,
3749 3526 3812 3572 ut

2217 3609 2305 3678 qui
2329 3609 2486 3662 etiam
2521 3609 2618 3678 ipsi
2660 3611 2711 3664 in
2756 3625 3022 3664 summum
3054 3610 3175 3664 vitae
3208 3609 3496 3680 periculum
3530 3612 3808 3666 venerint.

2287 3699 2342 3753 4.
2385 3697 2647 3754 Cteterum
2699 3715 2764 3754 ex
2805 3709 2856 3755 te
2903 3716 3060 3756 nemo
3091 3701 3142 3754 id
3171 3703 3422 3756 resciscat
3451 3719 3465 3754 :
3498 3700 3606 3755 imo
3636 3703 3811 3756 etiam

2218 3803 2333 3855 eos,
2359 3792 2444 3857 qui
2477 3790 2786 3858 narrabunt,
2838 3792 3152 3861 comprime.
3211 3791 3362 3858 Quod
3399 3791 3443 3845 si
3474 3791 3542 3845 ob
3585 3792 3820 3846 calami-

2220 3879 2342 3934 tatis
2385 3879 2636 3949 reliquias
2656 3881 2823 3946 doles,
2855 3880 2907 3936 id
2938 3896 3033 3951 pro
3055 3891 3203 3936 certo
3240 3881 3408 3948 habe,
3442 3896 3524 3935 me
3550 3882 3818 3937 omnibus

2218 3968 2590 4025 afflictionibus
2614 3971 2769 4042 plane
2798 3972 3075 4026 liberatum
3100 3986 3247 4038 esse,
3279 3971 3617 4041 firmioreque
3655 3973 3817 4026 vale-

2221 4062 2403 4117 tudine
2433 4077 2572 4129 esse,
2601 4077 2758 4133 quam
2788 4078 2907 4118 cum
2941 4065 3058 4119 istic
3084 4064 3355 4134 degerem.
3404 4064 3590 4135 Frigus
3619 4075 3820 4120 autem

2219 4143 2345 4223 quid
2376 4153 2708 4220 cxtimescis,
2752 4169 2870 4208 cum
2913 4163 2968 4208 et
3003 4153 3283 4208 commoda
3333 4153 3487 4208 nobis
3532 4153 3822 4210 domicilia

2220 4254 2525 4300 constructa
2551 4246 2658 4300 sint
2678 4285 2694 4310 ,
2724 4255 2777 4301 et
2802 4245 3048 4300 dominus
3077 4261 3230 4302 meus
3274 4245 3558 4300 Dioscorus
3583 4259 3820 4301 omnem

2221 4349 2437 4405 operam
2466 4345 2667 4402 navet,
2722 4351 2827 4406 quo
2850 4351 2947 4392 nos
2977 4352 3043 4391 ne
3072 4337 3314 4407 exiguam
3344 4335 3556 4405 quidem
3588 4334 3821 4406 frigoris

2221 4435 2427 4495 partem
2482 4427 2808 4482 sentiamus?
2878 4428 3030 4494 Quod
3075 4429 3119 4482 si
3161 4443 3227 4483 ex
3283 4429 3444 4482 initiis
3491 4427 3822 4497 conjectura

2221 4514 2341 4570 duci
2402 4526 2593 4585 potest,
2647 4517 2778 4572 mihi
2838 4518 2939 4574 hoc
2989 4519 3176 4573 caelum
3229 4519 3486 4574 orientale
3511 4534 3632 4574 esse
3665 4521 3824 4575 vide-

2221 4616 2309 4662 tur
2355 4607 2428 4678 (b)
2455 4649 2469 4672 ,
2527 4624 2697 4678 neque
2742 4608 2916 4665 minus
2972 4626 3130 4680 quant
3175 4609 3588 4664 Antiochenum.
3647 4609 3701 4665 Is
3732 4621 3823 4666 est

2222 4705 2395 4768 tepor,
2425 4713 2487 4754 ea
2517 4699 2630 4753 οωιὶ
2664 4701 2968 4770 temperies.
3017 4698 3149 4755 Illud
3192 4710 3369 4755 autem
3415 4699 3546 4753 mihi
3593 4715 3822 4768 permo-

2223 4787 2416 4844 lestum
2474 4787 2610 4854 fuit,
2667 4790 2807 4860 quod
2862 4789 3077 4855 dixisti,
3133 4789 3382 4845 Fortasse
3435 4790 3594 4844 etiam
3655 4790 3826 4843 nobis

2221 4895 2528 4944 succenses,
2561 4890 2618 4934 ut
2645 4881 2734 4950 qui
2763 4897 2860 4950 per
2884 4881 3140 4935 incuriam
3189 4879 3366 4934 ofﬁcio
3399 4891 3584 4934 nostro
3612 4879 3820 4934 defue-

2222 4971 2411 5026 ritnus.
2443 4971 2600 5041 Atqui
2633 4972 2836 5041 pt-idem
2882 4971 2948 5025 ad
2999 4981 3049 5026 te
3081 4971 3260 5026 literas
3289 4970 3534 5025 dedimus
3556 5011 3572 5036 ,
3613 4972 3819 5042 quibus

2284 5109 2356 5171 (α)
2392 5109 2562 5158 \‘icarii
2582 5107 2695 5171 olim
2718 5106 3052 5170 praefectorum
3077 5113 3232 5164 erant,
3252 5105 3317 5154 de
3330 5106 3513 5171 quibus
3533 5106 3746 5166 Cangius
3767 5107 3826 5154 in

2219 5169 2454 5218 GlosSario
2490 5178 2652 5218 Graeco
2685 5170 2734 5218 in
2773 5182 2892 5218 voce
2921 5181 3079 5229 Βιιάριος
3098 5206 3111 5225 ,
3137 5181 3246 5230 quze
3272 5169 3418 5216 etiam
3445 5180 3829 5224 nonnumquam

2221 5231 2672 5292 etaestxiscribitur.
2704 5231 2992 5292 Eii-vicariis
3015 5231 3092 5278 vel
3110 5230 3410 5292 lix-Vicimus
3425 5230 3466 5278 is
3489 5235 3724 5292 erat,qt_ti
3747 5237 3770 5272 \
3789 5231 3832 5276 i-

538 5245 620 5299 via
649 5251 804 5318 erat),
837 5249 889 5303 in
923 5265 1062 5319 genu
1090 5253 1270 5324 lapsus
1295 5295 1309 5320 ,
1367 5271 1453 5312 me
1503 5257 1592 5326 qui
1646 5258 1834 5313 lectica
1881 5260 2114 5314 inclusus

535 5349 702 5402 eram,
737 5336 882 5393 humi
927 5344 1250 5410 prostravit,
1288 5360 1582 5416 parumque
1608 5347 1776 5402 abfuit
1798 5349 1923 5418 quin
1954 5349 2117 5404 inter-

537 5425 690 5479 irctn.
717 5429 917 5484 Deinde
947 5447 1235 5505 exsurgens
1267 5438 1472 5490 tractim
1500 5437 1857 5503 ambulabam,
1890 5439 2114 5496 Evethio

596 5517 671 5626 (ll?
705 5524 756 5566 In
797 5533 958 5581 greco
991 5523 1200 5586 legitur,
1249 5534 1419 5589 βόρδιη,
1459 5529 1535 5576 cui
1569 5538 1796 5580 consonat
1831 5544 1922 5580 vox
1950 5529 2112 5592 latina,

596 5590 622 5624 Γ
657 5591 687 5626 ο
708 5591 726 5626 .'
743 5580 817 5626 hae
850 5595 994 5626 voces
1017 5585 1138 5626 anud
1161 5588 1424 5626 scrinlnmsg
1444 5590 1590 5626 mmlii
1616 5593 1703 5626 amvi
1723 5593 2009 5626 fimmmntnp
2032 5607 2112 5626 nn-

534 5573 687 5654 ρεςίςίο
708 5573 826 5654 ςιιὲ
850 5595 994 5654 vocs:
1017 5573 1138 5645 arma
1161 5573 1424 5654 seratas;
1444 5573 2114 5654 sinistraque};5:35:

534 5647 749 5714 currunt.
772 5648 838 5691 Ex
861 5644 1023 5714 verbis
1045 5644 1186 5714 porro
1208 5644 1526 5714 Clit-)jsostomi
1558 5655 1778 5714 arguitur
1804 5644 2043 5714 lecticam,
2065 5655 2112 5703 in

531 5705 912 5821 2:232:23“
933 5705 1227 5757 decubuisse
1253 5705 1460 5774 videtur,
1485 5705 1641 5763 unius
1651 5715 1769 5764 muli
1804 5713 1947 5767 dorso
1963 5705 2115 5770 fuisse

603 5779 742 5813 autat

2219 5289 2376 5340 carius
2400 5291 2574 5400 ﬁta-erat,
2599 5300 2654 5340 ut
2680 5291 3045 5356 Ex-prazfectus,
3068 5291 3151 5353 qui
3176 5291 3454 5354 praefectus,
3479 5297 3531 5338 ct
3546 5289 3628 5338 alii
3646 5290 3693 5337 id
3723 5304 3834 5351 ge-

2220 5365 2312 5400 nus
2327 5366 2407 5400 mu
2469 5387 2482 5400 .
3599 5363 3612 5373 ί

2220 5365 2312 5401 nus
2327 5355 2482 5402 mttlti.
2774 5355 2781 5356 '
3599 5363 3612 5373 ί

2283 5414 2354 5474 (b)
2386 5415 2584 5480 Cumait
2606 5415 2967 5480 Chrysostomus
2991 5426 3052 5462 ex
3077 5413 3227 5463 initiis
3258 5412 3353 5480 sibi
3376 5411 3529 5480 videri
3551 5412 3698 5460 istum
3725 5423 3833 5459 ae-

2218 5473 2412 5523 ration
2453 5477 2612 5525 minus
2656 5473 2943 5527 orientalem
2977 5489 3089 5524 esse
3121 5488 3266 5537 quam
3310 5473 3685 5537 Antiochenam,
3715 5484 3836 5521 non

2219 5537 2283 5584 de
2305 5537 2555 5601 positione
2581 5541 2766 5595 tMcusi,
2792 5538 2950 5601 qualis
2973 5539 3018 5601 in
3041 5535 3217 5586 tabulis
3258 5535 3596 5598 geographicis
3617 5545 3833 5601 reurg-

2219 5595 2455 5662 setttatur,
2481 5599 2611 5662 agit;
2638 5595 2950 5662 nequeenim
2973 5600 3197 5659 ignorare
3220 5595 3407 5662 poterat
3427 5603 3662 5644 Cucusum
3685 5595 3840 5662 mulo

2221 5658 2291 5723 ti_s_
2300 5657 2530 5718 gradibus
2545 5661 2606 5723 all
2625 5657 3014 5720 septentrionem
3033 5661 3185 5723 magis
3201 5657 3622 5723 accedere,_quam
3645 5658 3840 5723 stitio.

2217 5715 2406 5777 011ίὲιυῖ
2431 5722 2518 5787 δρα
2542 5715 2772 5787 loquitur,
2798 5733 2847 5774 ut
2876 5723 3047 5787 liquet,
3068 5715 3137 5770 de
3165 5721 3255 5772 luci
3277 5715 3530 5786 temperie,
3559 5715 3728 5778 qualis
3759 5730 3843 5766 ex

2215 5790 2318 5831 altu
2343 5783 2618 5850 petebatur.
