4058 6218
304 162 400 219 ϐίέἰ

297 285 442 354 ἡμᾶς
465 287 761 357 φιλούντων
778 310 790 323 ·
825 296 1078 366 Ἀπελθε,
1102 302 1293 375 δέομαί
1321 324 1410 362 σου
1430 325 1444 341 ο
1479 313 1558 376 εἰς
1593 314 1865 388 Ἰσαύρους

1683 194 2064 255 ΕΡΙΒΤΟΙΛΕ.

3441 209 3546 264 616

1979 315 2083 369 61:6
2107 316 2336 388 Εὐηθίου
2360 317 2454 372 τοῦ
2489 321 2858 394 πρεσϐυτέρου
2891 327 3250 400 κατεχόμενος
3275 329 3542 406 (κατεπή-

292 383 558 512 ξμπεσον,
603 390 765 512 μόνον
808 396 965 512 ἡμῶν
1018 400 1384 477 ἀπαλλάγηθι.
1447 410 1617 512 Ὅπου
1652 383 1762 488 γάρ
1799 418 1868 472 ἂν
1972 421 2103 492 δησε
2134 383 2243 493 γάρ
2270 425 2364 477 καὶ
2392 383 2552 490 αὐτὸς
2575 428 2669 481 τοῦ
2695 383 3161 504 ὑποζυγίου)ῗκαὶ
3189 383 3362 502 οὕτως
3389 383 3546 512 χειρι-

290 479 561 556 ἐμπέσῃς,
597 488 678 552 εἰς
711 490 1010 561 ἀσφάλειαν
1030 499 1344 572 ἐμπίπτεις,
1364 504 1429 560 ἃν
1461 479 1866 582 ἡμετέραςυδια-

291 580 487 651 φύγοις
517 589 726 659 χεῖρας.
784 592 970 649 Ταῦτα
1002 597 1283 658 ἀκούσασα
1331 607 1422 660 καὶ
1446 580 1691 682 ὁρῶσα-ἡ
1727 613 1864 685 καλὴ

285 678 570 750 Σελευκία,
600 688 632 757 ή
668 689 760 742 τοῦ
784 694 974 763 κυρίου
1007 715 1110 766 μου
1147 699 1426 774 Ῥουφίνου
1455 678 1713 782 ἐλευθέρα
1737 678 1865 784 (καί

284 780 394 853 γὰρ
456 786 659 858 σφόδρα
718 791 870 861 ἡμᾶς
929 795 1326 876 ἐθεράπευσε),
1379 780 1718 879 παρεκάλεσε
1747 780 1864 867 γκαὶ

283 879 507 953 ἐδεήθη,
533 884 674 940 ὥστε
699 891 780 952 εἰς
800 893 860 946 τὸ
891 897 1210 966 προάστειον
1233 905 1403 976 αὐτῆς
1418 910 1739 977 καταλῦσαι,
1758 914 1863 986 πρὸ

294 981 460 1037 πέντε
508 987 700 1055 μιλίων
747 993 846 1062 τῆς
874 997 1078 1063 πόλεως
1109 1001 1189 1065 ὃν,
1216 1006 1310 1058 καὶ
1343 1010 1687 1082 συνέπεμψεν
1728 981 1859 1086 ἡμῖν

281 1076 603 1153 ἀνθρώπους
625 1128 640 1153 ,
671 1093 765 1145 καὶ
795 1095 1105 1170 ἀπήλθομεν
1137 1104 1336 1162 ἐκεῖσε.

351 1213 425 1280 γ’.
465 1215 599 1268 Ἀλλ’
631 1219 748 1274 οὐδὲ
781 1222 899 1277 ἐκεῖ
932 1226 1153 1295 ἔμελλεν
1199 1234 1354 1305 ἡμῶν
1391 1238 1792 1312 ἀποστήσεσθαι
1822 1243 1855 1314 ἡ

282 1312 540 1386 ἐπιϐουλὴ
565 1318 722 1389 αὕτη.
765 1321 851 1385 Ὠς
886 1325 994 1396 γὰρ
1027 1327 1167 1397 ἔγνω
1197 1333 1225 1384 6
1245 1335 1558 1406 Φαρέτριος,
1590 1312 1856 1411 ἐδήλωσεν

283 1413 450 1484 αὐτῇ,
477 1416 658 1481 καθὼς
681 1419 852 1491 ἔλεγε,
885 1427 1084 1492 πολλὰς
1104 1430 1352 1496 ἀπειλάς.
1391 1436 1542 1490 Ἑπεί
1566 1436 1621 1489 δέ
1670 1455 1736 1507 με
1771 1440 1851 1503 εἰς

280 1513 339 1564 τὸ
361 1518 684 1584 προάστειον
731 1524 900 1594 αὐτῆς
951 1527 1276 1598 ὑπεδέξατο,
1314 1534 1468 1602 κάγὼ
1496 1536 1701 1591 τούτων
1752 1541 1851 1594 οὐκ

280 1612 428 1680 ᾔδειν
453 1616 636 1670 οὐδέν·
669 1619 781 1672 ἀλλ’
821 1623 1108 1689 ἐξελθοῦσα
1151 1631 1290 1702 πρὸς
1323 1634 1496 1703 ἡμᾶς,
1552 1635 1722 1690 ταῦτα
1755 1638 1853 1708 μὲν

279 1715 434 1782 ἡμᾶς
461 1716 789 1788 άπέκρυϐεν,
815 1723 1001 1794 ἐδήλου
1027 1726 1082 1778 δὲ
1104 1728 1182 1798 τῷ
1208 1730 1488 1802 ἐπιτρόπῳ
1510 1735 1687 1787 ἐκεῖσε
1715 1735 1849 1802 ὄντι,

277 1814 461 1866 πᾶσάν
482 1833 540 1868 τε
569 1819 700 1888 ἡμῖν
731 1821 1038 1877 ἀνάπαυσιν
1068 1832 1389 1900 παρασχεῖν,
1417 1833 1511 1885 καί⁸
1535 1832 1588 1884 εῖ
1614 1851 1759 1898 τινες
1773 1836 1852 1899 είς

271 1917 427 1984 ἡμᾶς
450 1919 726 1975 ἐπέλθοιεν
754 1925 1097 1992 μονάζοντες,
1130 1927 1443 2001 βουλόμενοι
1467 1936 1611 2004 ἡμᾶς
1644 1937 1850 2009 ἐνυϐρί-

271 2030 364 2067 σαι
385 2016 418 2086 ἤ
445 2021 754 2091 συντρίψαι,
777 2030 1103 2095 συναγαγεῖν
1122 2034 1399 2101 γεωργοὺς
1419 2034 1524 2088 ἀπὸ
1548 2037 1652 2089 τῶν
1675 2037 1848 2092 ἄλλων

268 2116 448 2186 αὐτῆς
480 2122 716 2192 χωρίων,
752 2125 847 2177 καὶ
866 2126 1006 2181 οὕτω
1031 2134 1444 2202 παρατάξασθαι
1472 2140 1604 2208 πρὸς
1631 2140 1844 2206 αὐτούς.

270 2215 584 2286 Παρεκάλέι
627 2223 684 2275 δέ
714 2225 810 2278 καὶ
863 2229 940 2291 εἰς
999 2229 1098 2301 τὴν
1133 2232 1307 2287 οἰκίαν
1354 2236 1523 2308 αὐτῆς
1561 2240 1848 2296 κάστελλον

265 2317 525 2386 ἔχουσαν,
571 2322 666 2374 καὶ
695 2324 992 2395 ἀχείρωτον
1013 2325 1175 2384 οὖσαν
1209 2341 1565 2405 καταφυγεῖν,
1588 2339 1725 2393 ὥστε
1752 2340 1844 2394 τοῦ

263 2415 574 2471 ἐπισκόπου
592 2423 685 2475 καὶ
711 2425 1052 2495 μοναζόντων
1068 2430 1324 2500 ἐκφυγεῖν
1341 2434 1438 2498 τὰς
1458 2439 1664 2507 χεῖρας.
1685 2439 1845 2492 Ἀλλά

260 2516 428 2568 τοῦτο
474 2519 574 2591 μὲν
620 2524 720 2577 οὐκ
749 2527 1080 2599 ἠνεσχόμην,
1116 2531 1399 2603 ἀλλ’ήμην
1455 2536 1512 2589 ἐν
1580 2537 1657 2607 τῷ
1715 2556 1846 2610 προ-

266 2617 497 2690 αστείῳ,
534 2622 682 2675 οὐδὲν
699 2623 856 2689 εἰδὼς
879 2626 988 2681 τῶν
1013 2628 1151 2698 μετά
1177 2631 1348 2684 ταῦτα
1370 2636 1844 2709 κατασκευαζομέ-

268 2734 401 2775 νων.
437 2723 568 2777 Οὐδὲ
593 2727 749 2781 τοῦτο
769 2730 953 2794 αὐτοῖς
973 2731 1205 2803 ἤρκεσεν
1224 2736 1305 2799 εἰς
1332 2736 1393 2790 τὸ
1423 2739 1720 2810 ἀποστῆναι
1743 2743 1844 2812 τῆς

261 2820 392 2872 καθ’
427 2823 584 2892 ήμῶν
611 2827 826 2896 μανίας.
853 2825 985 2884 Εἶτα
1011 2833 1219 2888 νυκτῶν
1248 2835 1448 2904 μέσων,
1465 2838 1615 2892 οὐδὲν
1639 2840 1843 2896 τούτων

260 2909 425 2984 εἰδὼς
451 2923 650 2991 (πολὺς
675 2926 783 2999 γὰρ
813 2930 1062 2984 ἐπέκειτο
1092 2934 1120 2984 6
1147 2935 1442 3006 Φαρέτριος
1467 2938 1660 3010 ἀπειλῇ
1687 2942 1842 2995 ἀπει-

259 3017 369 3072 λῶν
397 3023 604 3095 ἐκείνῃ,
628 3027 809 3092 καθώς
834 3047 988 3101 φησι,
1017 3035 1465 3104 καταναγκάξων,
1495 3039 1671 3108 ὠθῶν,
1699 3042 1840 3096 ὥστε

261 3123 422 3191 ἡμᾶς
460 3125 709 3180 ἐκϐαλεῖν
750 3131 846 3183 καὶ
885 3133 994 3186 τῶν
1035 3138 1414 3210 προαστείων),
1444 3142 1504 3194 οὐ
1535 3143 1774 3214 φέρουσα
1805 3148 1838 3217 ἡ

257 3224 403 3292 γυνὴ
423 3223 521 3294 τὴν
543 3227 836 3298 ἐπάχθειαν
853 3232 1149 3300 αὐτοῦ,οὐκ
1169 3237 1369 3302 εἰδότος
1393 3241 1548 3310 ἐμοῦ,
1574 3243 1838 3314 ἐδήλωσεν

261 3322 423 3396 [598]
462 3327 680 3391 αὐτόθι,
713 3331 795 3385 ὅτι
824 3333 874 3385 οί
916 3333 1180 3407 βάρϐαροι
1214 3339 1540 3407 ἐπέστησαν,
1591 3347 1838 3416 αἰσχυνο-

258 3423 406 3492 μένη
432 3425 530 3495 τὴν
565 3426 808 3500 ἀνάγκην
857 3435 1052 3504 εἰπεῖν,
1074 3436 1140 3507 ἣν
1173 3437 1480 3508 ὑπέμεινεν.
1523 3445 1629 3496 Καὶ
1659 3445 1837 3514 μέσων

258 3524 477 3577 νυκτῶν
528 3527 780 3583 εἰσελθὼν
834 3532 970 3602 πρός
1009 3552 1076 3605 με
1107 3536 1338 3607 Εὐήθιος
1369 3541 1397 3592 6
1447 3543 1836 3616 πρεσϐύτερος,

263 3624 601 3680 καθεύδοντά
660 3647 726 3698 με
783 3632 1074 3705 διεγείρας,
1135 3637 1272 3707 μετά
1320 3641 1521 3712 πολλῆς
1565 3644 1663 3714 τῆς
1709 3643 1838 3716 βοῆς

252 3727 439 3778 ταῦτα
465 3727 681 3796 ἔλεγεν·
713 3732 1022 3804 Ἀνάστηθι,
1053 3738 1376 3807 παρακαλῶ,
1412 3741 1675 3813 βάρϐαροι
1704 3744 1839 3797 ἐπέ-

256 3841 490 3898 στησαν,
525 3829 758 3884 ἐνταῦθα
786 3832 1006 3903 πλησίον
1056 3837 1206 3892 εἰσίν.
1253 3840 1532 3912 Ἐννόησον
1557 3843 1640 3906 τίς
1687 3846 1836 3916 ήμην

251 3926 440 3981 ταῦτα
461 3929 693 3984 ἀκούων.
723 3929 856 3988 Εἶτα
877 3934 952 3997 ὡς
978 3937 1114 4008 πρὸς
1139 3938 1300 3993 αὐτὸν
1328 3935 1500 4007 εἷπον,
1519 3944 1628 3996 Καὶ
1655 3945 1706 3997 τί
1727 3945 1834 3998 δέοι

252 4027 504 4099 πρᾶξαι;
533 4033 613 4096 είς
639 4032 737 4106 τὴν
766 4035 918 4090 πόλιν
963 4038 1023 4090 οὐ
1073 4041 1345 4112 δυνάμεθα
1374 4049 1726 4114 καταφυγεῖν,
1761 4048 1834 4120 μὴ

253 4130 626 4205 χαλεπώτερα
651 4135 912 4207 πάθωμεν
951 4131 1026 4191 ὧν
1055 4142 1102 4192 οἰ
1139 4141 1369 4212 Ἰσαῦροι
1403 4143 1682 4212 μέλλουσιν
1705 4148 1834 4218 ἡμῖν

245 4232 456 4291 ποιεῖν,
491 4232 798 4300 ἠνάγκαζεν
830 4235 1049 4302 ἐξιέναι.
1091 4239 1204 4306 Νὺξ
1245 4236 1313 4311 ἦν
1354 4242 1634 4314 άσέληνος,
1671 4247 1704 4317 ὴ
1739 4246 1832 4314 νὺξ

249 4329 428 4400 μέση,
459 4330 721 4403 ζοφώδης,
758 4339 1002 4409 σκοτεινή
1022 4355 1034 4368 ·
1067 4341 1160 4392 καὶ
1183 4340 1339 4394 τοῦτο
1362 4343 1491 4396 αὐτὸ
1519 4345 1680 4401 πάλιν
1701 4349 1834 4401 ἀπο-

245 4428 383 4499 ρίας
418 4429 716 4499 ἀνάμεστον
742 4429 810 4505 ἦν
837 4437 998 4506 ἡμῖν·
1039 4448 1130 4492 και
1161 4441 1333 4506 οὐδεὶς
1361 4446 1390 4496 6
1416 4444 1625 4516 παρὼν,
1660 4447 1832 4513 οὐδεὶς

245 4530 278 4578 ὁ
309 4528 547 4598 βοηθῶν,
585 4532 783 4597 πάντες
809 4536 916 4608 γὰρ
949 4538 1096 4607 ἡμᾶς
1129 4540 1700 4616 ἐγκατέλιπον.”ομως
1729 4548 1832 4602 ὐπὸ

250 4629 352 4681 τοῦ
396 4631 562 4700 φόϐου
595 4635 962 4700 συνωθισθεὶς,
999 4640 1094 4692 καὶ
1125 4642 1434 4711 προσδοκῶν
1459 4647 1657 4712 εὐθέως
1695 4650 1832 4704 ἀπο-

247 4728 558 4795 θανεῖσθαι,
611 4733 889 4807 διανέστην
939 4739 1521 4813 τεταλαιπωρημένος,
1572 4748 1832 4816 κελεύσας

243 4829 548 4900 λαμπάδας
576 4835 901 4910 ἀναφθῆναι.
921 4840 1079 4894 Ἀλλά
1119 4844 1213 4896 καὶ
1253 4845 1449 4909 ταύτας
1477 4849 1505 4899 6
1536 4850 1832 4918 πρεσϐύτε-

244 4953 355 5007 ρος
375 4938 626 4994 ἐκέλευσε
651 4941 994 5011 σϐέννυσθαι,
1027 4949 1254 5017 μήποτε,
1281 4950 1463 5020 φησὶν,
1493 4953 1541 5004 οἱ
1567 4952 1829 5025 βάρϐαροι

240 5043 340 5114 τῷ
380 5048 519 5114 φωτὶ
561 5048 881 5118 καλούμενοι
922 5050 1058 5123 πρὸς
1091 5054 1257 5123 ἡμᾶς,
1292 5055 1614 5112 ἐπιτεθῶσιν
1659 5062 1824 5131 ἡμῖν·

240 5149 595 5223 ἐσϐέσθησαν
622 5155 715 5206 καὶ
742 5157 797 5208 αἱ
826 5155 1122 5226 λαμπάδες.
1156 5153 1288 5212 Εἶτα
1316 5161 1343 5213 6
1370 5160 1570 5233 βόρδων
1593 5166 1621 5217 6
1647 5166 1829 5238 φέρων

238 5254 418 5324 ἡμῶν
463 5257 520 5309 :6
556 5257 824 5313 λεκτίκιον
857 5259 1115 5332 (τραχεῖα
1153 5259 1356 5334 γὰρῆν
1386 5266 1589 5338 σφόδρα
1625 5271 1659 5340 ἡ
1687 5269 1825 5334 ὁδὸς,

238 5358 357 5415 καὶ
382 5359 611 5433 ἀνάντης
636 5364 730 5417 καὶ
756 5364 1028 5436 λιθώδης),
1055 5366 1394 5440 κατενεχθεὶς
1423 5370 1514 5424 ἐπὶ
1535 5372 1683 5440 γόνυ,
1706 5391 1831 5428 κατ-

235 5466 458 5538 ήνεγκέ
513 5428 580 5540 με
630 5470 775 5525 ἔνδον
819 5428 1130 5536 ὄντα,υῶ
1175 5473 1372 5545 μικροῦ
1416 5476 1557 5541 δεῖν,
1607 5477 1828 5549 ἔμελλον

238 5570 610 5642 ἀπόλλυσθαι,
628 5570 746 5632 εἶτα
771 5577 978 5648 ἐκπηδὴ
987 5594 1110 5674 σας,
1129 5579 1420 5652 συρόμενος
1439 5583 1820 5656 περιεπάτουν,

1973 524 2354 595 αγωγούμενος
2395 527 2658 597 ἐϐάδιζον,
2706 533 2904 602 μᾶλλον
2951 536 3009 588 δέ
3061 537 3382 610 ἑλκόμενοςο
3419 543 3542 596 οὔτε

1970 626 2079 696 γὰρ
2131 626 2364 697 βαδίζειν
2407 625 2477 702 ἦν
2524 634 2604 698 εἰς
2647 637 2914 709 τοσαύτην
2959 640 3284 712 δυσχωρίαν,
3315 647 3409 700 καὶ
3437 647 3539 720 ὅρη

1969 729 2203 800 χαλεπὰ,
2230 733 2288 785 ἐν
2309 735 2463 788 νυκτὶ
2494 737 2652 810 μέσῃ.
2670 737 2950 811 Ἐννόησον
2974 743 3028 797 τί
3056 761 3122 814 με
3147 746 3374 816 πάσχειν
3397 749 3542 812 εἰκὸς

1966 827 2036 904 ἦν
2080 835 2354 900 τοσούτοις
2392 840 2744 911 συνεχόμενον
2781 849 2989 912 κακοῖς,
3024 848 3116 901 καὶ
3159 849 3253 902 τοῦ
3306 853 3539 924 πυρετοῦ

1968 937 2342 1010 ἐπικειμένου,
2399 943 2564 1014 μηδὲν
2610 945 2788 1000 εἰδότα
2836 949 2945 1002 τῶν
2996 956 3536 1027 κατεσκευασμένων,

1965 1039 2102 1094 ἀλλὰ
2146 1042 2423 1099 δεδοικότα
2466 1046 2592 1110 τοὺς
2639 1047 2967 1120 βαρϐάρους,
2996 1055 3091 1106 καὶ
3121 1057 3410 1127 τρέμοντα,
3445 1059 3538 1113 καὶ

1965 1145 2349 1215 προσδοκῶντα
2387 1151 2467 1213 εἰς
2494 1151 2594 1214 τὰς
2623 1155 2806 1224 χεῖρας
2843 1155 3023 1210 αὐτῶν
3051 1159 3424 1229 ἐμπεσεῖσθαι.
3462 1163 3536 1216 Οὐ

1963 1247 2110 1300 δοκεῖ
2135 1265 2217 1302 σοι
2246 1250 2381 1321 μόνα
2399 1252 2569 1308 ταῦτα
2593 1255 2661 1307 τὰ
2689 1256 3012 1327 παθήματα,
3035 1263 3082 1314 εἰ
3106 1264 3199 1316 καὶ
3225 1264 3390 1334 μηδὲν
3411 1264 3541 1318 ἀλλο

1966 1366 2057 1420 μοι
2101 1352 2288 1423 ἕτερον
2322 1355 2678 1427 συμϐεϐήκοι,
2712 1359 2882 1413 πολλά
2928 1361 3085 1431 ήμῶν
3123 1362 3381 1418 δύνασθαι
3419 1365 3537 1420 δια-

1961 1451 2107 1507 λύειν
2140 1455 2248 1508 τῶν
2279 1457 2708 1530 ἁμαρτημάτων,
2752 1464 2848 1516 καὶ
2893 1465 3092 1536 πολλήν
3141 1485 3230 1538 μοι
3277 1469 3538 1541 παρέχειν

1961 1557 2362 1630 εὐδοκιμήσεως
2389 1564 2675 1635 ἀφορμήν;
2717 1565 2791 1619 T6
2827 1567 2884 1619 δέ
2927 1571 3124 1636 αἴτιον,
3157 1571 3232 1633 ὡς
3258 1570 3432 1639 ἔγωγε
3457 1569 3539 1626 οἷο

1962 1677 2080 1729 μαι,
2111 1661 2312 1726 πάντες
2355 1664 2556 1729 εὐθέως
2593 1667 2899 1723 εἰσελθόντα
2929 1688 2997 1742 με
3039 1674 3097 1727 ἐν
3126 1674 3453 1745 Καισαρείᾳ,
3484 1677 3536 1730 οι

1957 1763 2015 1815 ἐν
2058 1762 2380 1834 ἀξιώμασιν,
2416 1769 2464 1819 οἱ
2521 1769 2630 1820 ἀπὸ
2683 1771 2968 1842 βικαρίων,
3012 1777 3061 1828 οἱ
3099 1777 3208 1829 ἀπὸ
3249 1780 3534 1849 ἡγεμόνων

1958 1868 2225 1936 σοφισταὶ,
2263 1870 2311 1921 οἱ
2341 1869 2449 1923 61:6
2482 1871 2796 1942 τριϐούνων,
2824 1877 2852 1928 6
2879 1875 3052 1946 δῆμος
3090 1877 3234 1942 ἄπας
3258 1881 3377 1933 καθ’
3401 1884 3532 1938 ἐκά-

1959 1986 2090 2040 στην
2116 1969 2302 2041 ἐώρων
2329 1972 2428 2043 τὴν
2454 1973 2685 2045 ἡμέραν,
2719 1977 3069 2047 ἐθεράπευον,
3105 1983 3200 2034 ἐπὶ
3227 1982 3328 2051 τῆς
3363 1985 3532 2056 κόρης

1954 2071 2061 2125 τῶν
2085 2072 2376 2144 ὀφθαλμῶν
2404 2075 2701 2142 ἐϐάσταζον
2721 2096 2734 2110 ·
2757 2079 2929 2134 ταῦτα
2957 2078 3110 2153 οἶμαι
3137 2085 3423 2143 ὐποκνίσαι
3441 2089 3531 2143 τὸν

1951 2175 2270 2246 Φαρέτριον,
2304 2180 2398 2231 καλ¹
2447 2180 2539 2232 τὸν
2585 2181 2778 2248 φθόνον
2819 2184 2911 2238 τὸν
2954 2187 3220 2243 ἐλάσαντα
3246 2191 3392 2260 ἡμᾶς
3421 2192 3532 2245 61:6

1952 2280 2592 2350 Κωνσταντινουπόλεως,
2617 2286 2737 2338 οὐδὲ
2761 2288 2992 2343 ἐνταῦθα
3017 2291 3174 2361 ἡμῶν
3203 2293 3528 2365 ἀποστῆναι,

1953 2381 2031 2445 ὡς
2082 2383 2258 2452 ἔγωγε
2309 2381 2491 2456 οἶμαι·
2517 2387 2640 2440 οὐδέ
2688 2390 2796 2460 γὰρ
2832 2390 3226 2464 ἀποφαίνομαι,
3259 2395 3374 2449 ἀλλ’
3401 2398 3532 2450 ὐπο-

1950 2483 2153 2537 πτεύω.
2183 2486 2247 2538 Τί
2291 2487 2356 2541 ἄν
2399 2506 2485 2553 τις
2523 2492 2663 2543 εἴποι
2711 2492 2780 2545 τὰ
2822 2493 2956 2548 ἀλλα
2989 2495 3057 2548 τὰ
3089 2498 3231 2552 κατὰ
3259 2499 3355 2570 τὴν
3387 2501 3525 2571 ὁδὸν,

1948 2589 2073 2653 τοὺς
2101 2589 2319 2658 φόϐους,
2347 2594 2476 2658 τοὺς
2510 2596 2822 2664 κινδύνους;

2021 2703 2200 2774 ’Ἀπερ
2220 2703 2342 2757 καθ’
2365 2705 2600 2778 ἐκάστην
2624 2707 2836 2780 ἡμέραν
2861 2711 3408 2785 ἀναμιμνησκόμενος
3431 2719 3510 2772 αὐ-

1946 2809 2055 2874 τὸς,
2088 2811 2182 2862 καὶ
2216 2811 2302 2863 ἀεὶ
2339 2812 2397 2864 ἐν
2427 2812 2636 2884 διανοίᾳ
2666 2816 2996 2887 περιφέρων,
3025 2818 3256 2888 πέτομαι
3294 2821 3400 2873 ὑπὸ
3427 2823 3504 2892 τῆ.

1947 2911 2158 2982 ἡδονῆς,
2198 2916 2405 2985 σκιρτῶ
2431 2916 2508 2979 ὡς
2535 2916 2807 2988 θησαυρὸν
2852 2919 3022 2989 μέγαν
3059 2921 3196 2991 ἔχων
3233 2924 3527 2994 ἀποκείμε-

1946 3029 2062 3064 νον·
2090 3014 2312 3086 καὶγὰρ
2336 3015 2507 3078 οὓτως
2531 3015 2640 3086 ἐχω
2665 3019 2760 3070 καὶ
2778 3019 3053 3090 διάκειμαι
3073 3033 3120 3074 ιι.
3152 3022 3300 3094 [599]
3318 3024 3409 3076 Διὸ
3430 3026 3526 3078 καὶ

1943 3115 2043 3186 τὴν
2096 3116 2193 3188 σὴν
2242 3119 2540 3189 παρακαλῶ
2572 3121 2858 3191 τιμιότητα
2902 3123 3112 3193 χαίρειν
3161 3127 3253 3178 ἐπὶ
3291 3127 3521 3194 τούτοις,

1945 3218 2351 3290 εὐφραίνεσθαι,
2383 3224 2635 3293 σκιρτᾷν,
2660 3223 2750 3278 τὸν
2795 3224 2926 3277 Θεὸν
2969 3226 3230 3291 δοξάζειν,
3263 3229 3353 3281 τὸν
3393 3247 3524 3282 κατ-

1943 3320 2254 3386 αξιώσαντα
2278 3327 2426 3395 ἡμᾶς
2456 3326 2678 3379 τοιαῦτα
2725 3329 2938 3383 παθεῖν.
2991 3331 3100 3383 Καὶ
3146 3333 3297 3403 παρά
3347 3337 3516 3408 σαυτῇ

1944 3427 2248 3503 παρακαλῶ
2275 3429 2449 3482 ταῦτα
2472 3429 2638 3500 ἔχειν,
2674 3433 2769 3486 καὶ
2797 3433 2935 3504 πρὸς
2963 3435 3163 3506 μηδένα
3190 3437 3444 3502 ἐξειπεῖν,
3472 3441 3522 3492 εἰ

1946 3533 2038 3585 καὶ
2072 3534 2140 3588 τά
2201 3533 2434 3602 μάλιστα
2487 3536 2538 3587 οἱ
2583 3535 2872 3607 ἐπαρχικοὶ
2909 3541 3087 3592 πᾶσαν
3117 3541 3390 3612 ἐμπλῆσαι
3419 3544 3520 3612 τὴν

1943 3619 2096 3672 πόλιν
2131 3621 2336 3690 έχουσι,
2368 3625 2460 3676 καὶ
2489 3626 2645 3678 αὐτοὶ
2668 3627 2795 3699 περὶ
2824 3627 2932 3681 τῶν
2970 3630 3214 3698 ἐσχάτων
3245 3631 3520 3684 κινδυνεύ-

1945 3738 2152 3788 σαντες.

2008 3838 2048 3889 δ’
2057 3879 2070 3892 .
2094 3837 2238 3909 Πλὴν
2256 3840 2408 3910 παρὰ
2422 3839 2522 3909 τῆς
2543 3841 2642 3909 σῆς
2657 3840 2940 3904 εὐλαϐείας
2962 3843 3149 3913 μηδεὶς
3179 3843 3362 3897 εἰδέτω
3387 3843 3513 3898 τοῦ·

1942 3956 2025 4002 το,
2065 3939 2201 3992 ἀλλά
2232 3941 2325 3993 καὶ
2354 3941 2683 3995 κατάστελλε
2711 3943 2836 4006 τοὺς
2857 3944 3132 4010 λέγοντας.
3166 3948 3229 4000 Εἰ
3258 3948 3314 4001 δὲ
3338 3949 3426 4003 διὰ
3445 3949 3516 4005 τά

1949 4043 2175 4112 λείψανα
2221 4043 2323 4112 τῆς
2373 4043 2669 4110 κακώσεως
2719 4047 2907 4116 ἀλγεῖς
2927 4089 2942 4114 ,
2991 4051 3129 4120 μάθε
3173 4053 3379 4122 σαφῶς,
3432 4056 3516 4109 ὅτι

1941 4148 2204 4220 καθαρῶς
2237 4149 2494 4205 ἀπάντων
2523 4151 2869 4223 ἀπηλλάγην,
2908 4155 3002 4207 καὶ
3043 4156 3516 4229 ἐρρωμενέστερον

1939 4254 2050 4326 ἔχω
2073 4257 2134 4310 τὸ
2164 4257 2344 4329 σῶμα,
2380 4258 2412 4328 ἢ
2441 4259 2630 4314 αὐτόθι
2657 4261 2972 4332 διατρίϐων.
3005 4263 3106 4316 Τὸν
3134 4265 3190 4317 δέ
3221 4266 3428 4336 κρυμὸν
3461 4266 3514 4318 τί

1937 4358 2178 4424 δέδοικας
2201 4377 2215 4426 ;
2241 4361 2456 4434 καὶγὰρ
2482 4364 2576 4417 καὶ
2603 4365 2880 4436 οἰκήματα
2904 4366 3185 4436 ἐπιτήδεια
3209 4367 3337 4436 ἡμῖν
3364 4384 3516 4420 κατε-

1944 4465 2237 4520 σκεύασται
2257 4482 2269 4494 ·
2303 4468 2398 4520 καὶ
2427 4468 2604 4522 πάντα
2623 4471 2650 4522 6
2681 4469 2870 4541 κύριός
2906 4486 3008 4541 μου
3038 4470 3326 4540 Διόσκορος
3373 4473 3516 4525 ποιεῖ

1938 4569 2032 4622 καὶ
2088 4570 2582 4641 πραγματεύεται,
2637 4571 2778 4624 ὥστε
2833 4572 2966 4643 μηδέ
3016 4572 3216 4644 μικρὰν
3265 4573 3512 4644 αἴσθησιν

1941 4670 2089 4740 ἡμᾶς
2111 4670 2298 4725 λαϐεῖν
2337 4672 2446 4724 ἀπὸ
2483 4672 2577 4724 τοῦ
2615 4676 2857 4743 κρυμοῦ;
2905 4674 2967 4726 Εἰ
2999 4674 3053 4726 δὲ
3084 4674 3230 4726 ἐστιν
3260 4675 3368 4728 ἀπὸ
3405 4675 3512 4728 τῶν

1937 4773 2240 4843 προοιμίων
2287 4774 2669 4843 στοχάσασθαι,
2703 4775 2826 4844 ἐμοὶ
2857 4776 2885 4828 6
2915 4774 3010 4827 νῦν
3054 4775 3162 4846 ἀὴρ
3199 4777 3512 4843 ἀνατολικὸς

1936 4871 2076 4929 εἶναι
2102 4875 2266 4940 δοκεῖ,
2305 4877 2398 4929 καί⁵
2432 4877 2585 4930 οὐδὲν
2613 4877 2828 4930 ἔλαττον
2871 4879 3216 4948 Ἀντιοχείας.
3245 4881 3510 4937 Τοσοῦτον

1933 4977 1995 5029 τὸ
2024 4977 2243 5043 θάλπος,
2273 4979 2508 5049 τοσαύτη
2551 4981 2584 5050 η
2632 4980 2900 5050 εὐκρασία
2936 4979 3032 5033 τοῦ
3083 4980 3263 5051 ἀέρος.
3298 4983 3509 5054 Σφόδρα

1934 5079 1990 5133 δέ
2033 5098 2098 5152 με
2136 5081 2414 5152 ἐλύπησας
2459 5081 2708 5147 εἰποῦσα,
2735 5085 2816 5137 ὅτι
2865 5084 2994 5150 ἴσως
3045 5087 3138 5139 καὶ
3186 5087 3321 5157 πρὸς
3361 5089 3506 5159 ἡμᾶς

1937 5183 2078 5254 λυπῇ
2111 5185 2187 5248 ὡς
2214 5186 2615 5257 ἀμελήσαντας.
2654 5186 2844 5241 Καίτοι
2884 5206 2947 5258 γε
2987 5191 3094 5260 πρὸ
3125 5191 3334 5244 πολλῶν
3372 5193 3508 5263 ἠμει-

1936 5291 2046 5364 ρῶν
2082 5293 2368 5349 ἐπέστειλα
2399 5295 2533 5366 πρὸς
2569 5295 2666 5368 τὴν
2698 5297 2793 5369 σὴν
2820 5297 3126 5370 τιμιότητα,
3169 5298 3505 5371 παρακαλῶν

1997 5535 2156 5602 {Duo
2179 5537 2400 5602 [pssan
2423 5537 2512 5600 γὰρ
2538 5537 2659 5602 ἔχων
2700 5541 2826 5589 οὕτω
2858 5540 3114 5602 διάκειμαι.
3135 5538 3277 5593 Alius
3301 5540 3379 5589 καὶ
3409 5533 3496 5600 γᾲρ

1936 5599 1999 5651 ὡς
2022 5600 2142 5661 ἔχων
2155 5599 2279 5646 οὕτω
2300 5597 2554 5662 διάκειμαι.
