4058 6218
486 305 588 361 617
690 320 693 321 ⁷

482 418 560 491 μὴ
586 413 755 472 κινεῖν
786 427 853 483 με
888 404 1157 462 ἐντεῦθεν.
1172 400 1318 470 Ἐγὼ
1344 398 1400 451 δὲ
1424 396 1581 449 τοῦτο
1600 392 1851 462 ἐννοῆσαι
1874 382 2042 457 εἶχον,

482 479 682 580 πολλῆς
832 498 1128 564 ἀπολογίας
1158 495 1289 558 δεῖν,
1322 490 1419 545 καὶ
1450 486 1662 541 πολλῶν
1694 481 1932 557 ἱδρώτων
1951 479 2047 532 καὶ

484 566 750 669 καμάτου,
779 594 866 646 ῖνα
895 587 1125 658 δυνηθῇς
1154 583 1290 655 πρὸς
1320 580 1480 634 τοῦτο
1515 570 1955 646 ἀπολογήσασθαι
1989 566 2051 621 τδ

484 665 651 765 ῥῆμα.
677 690 830 761 Τάχα
850 686 909 740 δὲ
936 685 1002 737 ἐκ
1028 681 1229 754 μέρους
1257 678 1352 731 καὶ
1371 672 1796 741 ἀπολελόγησαι,
1821 665 2051 721 εἰποῦσα

484 760 571 845 δτι.
592 760 778 848 ἀπλῶς
804 779 1090 850 λογίζομαι
1122 774 1281 829 τοῦτο
1307 770 1448 842 ὑπὲρ
1475 767 1569 823 τοῦ
1603 766 1785 832 αὔξειν
1814 764 1913 835 τὴν
1937 760 2052 815 θλί-

483 884 594 954 ψιν.
613 879 772 934 Ἀλλά
804 877 898 931 καὶ
929 874 1087 929 τοῦτο
1117 869 1279 924 πάλιν
1307 865 1590 937 λογίζομαι
1620 861 1870 932 ἔγκλημα
1898 856 2054 930 μέγι-
2146 906 2156 927 ι

487 952 631 1040 στον,
662 976 723 1031 τὸ
762 975 941 1043 λέγειν
984 971 1066 1024 ὅτι
1108 967 1204 1021 καὶ
1235 957 1763 1035 προσφιλοτιμοῦμαι
1815 957 1926 1018 τοῖς
1969 952 2056 1005 λο-

482 1073 700 1144 γισμοῖς
739 1069 839 1133 τὰς
871 1065 1087 1129 ὀδύνας·
1118 1062 1238 1117 δέον
1282 1060 1389 1130 γάρ
1430 1056 1609 1111 πάντα
1651 1070 1711 1107 σε
1749 1053 1921 1106 ποιεῖν
1962 1048 2057 1102 καῖ

484 1165 970 1242 πραγματεύεσθαι
996 1161 1137 1232 ύπέρ
1166 1156 1261 1214 τοῦ
1299 1153 1586 1211 καταλύειν
1619 1151 1719 1223 τὴν
1759 1147 1956 1218 θλίψιν,
1997 1145 2057 1199 τὸ

486 1267 696 1337 θέλημα
740 1263 835 1318 τοῦ
882 1261 1129 1317 διαϐόλου
1158 1257 1353 1320 ποιεῖς,
1399 1252 1639 1319 αῠξουσα
1685 1248 1784 1319 τήν
1822 1244 2058 1316 ἀθυμίαν

484 1362 582 1416 καὶ
611 1361 711 1430 τὴν
736 1358 1015 1429 λύπην.Ἣ
1041 1355 1142 1409 οὐκ
1168 1349 1327 1407 οἶσθα
1351 1350 1518 1405 πόσον
1543 1345 1714 1401 κακὸν
1745 1345 1779 1414 ή
1806 1340 2013 1412 ἀθυμία
2038 1356 2053 1404 ;

485 1455 609 1508 Τῶν
649 1454 707 1508 δέ
743 1452 1003 1522 Ίσαύρων
1044 1450 1234 1504 ἐνεκεν
1279 1446 1447 1518 μηδὲν
1491 1442 1660 1497 δέδιθι
1708 1437 1925 1493 λοιπόψ
1967 1435 2062 1488 καὶ

487 1550 597 1622 γὰρ
623 1546 968 1618 ὑπέστρεψαν
997 1546 1075 1610 εἰς
1096 1544 1199 1614 τὴν
1222 1542 1407 1613 χώραν
1436 1537 1616 1593 αὐτῶν
1633 1552 1649 1568 ⁸
1676 1533 1770 1589 καὶ
1791 1535 1819 1586 6
1839 1528 2062 1601 ἡγεμὼν

487 1648 667 1700 πάντα
692 1644 948 1714 ἐποίησεν
980 1641 1122 1711 ὑπὲρ
1153 1637 1343 1693 τούτου
1364 1654 1378 1668 ·
1403 1636 1498 1690 καὶ⁴
1521 1636 1579 1688 ἐν
1600 1629 1872 1701 ἀσφαλείᾳ
1892 1624 2062 1696 ἐσμέν

489 1743 670 1814 πολλῷ
720 1742 922 1813 μᾶλλον
965 1737 1201 1792 ἐνταῦθα
1241 1734 1412 1799 ὄντες,
1454 1731 1488 1803 ἢ
1530 1731 1618 1785 ὅτε
1655 1730 1713 1782 ἐν
1758 1722 2064 1795 Καισαρείᾳ

487 1838 651 1913 ἦμεν.
669 1839 875 1894 Οὐδένα
893 1838 1001 1906 γὰρ
1027 1832 1213 1889 λοιπὸν
1236 1831 1450 1887 δέδοικα
1471 1828 1547 1891 ὡς
1562 1828 1686 1888 τοὺς
1709 1822 2061 1885 ἐπισκόπους,

491 1937 631 2006 πλὴν
675 1935 890 2001 ὀλίγων.
928 1931 1106 1992 "om;
1171 1927 1350 1981 τοίνυν
1400 1922 1509 1978 τῶν
1550 1919 1809 1990 Ἰσαύρων
1857 1917 2065 1981 ἕνεκεν,

495 2031 659 2103 μηδὲν
696 2028 859 2083 δέδιθι
876 2045 891 2061 ·
922 2027 1019 2081 καὶ
1046 2025 1153 2097 γάρ
1182 2020 1554 2093 ἀνεχώρησαν,
1575 2015 1781 2071 καὶτοῦ
1802 2012 2067 2085 χειμῶνος

490 2125 885 2187 καταλαϐόντος
911 2124 1050 2177 οἴκοι
1080 2120 1187 2174 εἰσὶ
1215 2111 1797 2185 συγκεκλεισμένοι,ἆν
1826 2111 1935 2180 ἄρα
1958 2107 2070 2160 λοι-

492 2220 594 2273 πὸν
625 2218 764 2289 μετά
790 2218 887 2289 τήν
922 2212 1292 2285 Πεντεκοστήν
1321 2211 1605 2277 ἐξέλθοιεν.
1648 2206 1773 2269 Πῶς
1804 2205 1859 2258 δέ
1887 2202 2067 2271 λέγεις

493 2314 840 2388 γραμμάτων
860 2313 959 2366 οὐκ
988 2310 1311 2376 ἀπολαύειν;
1350 2307 1492 2376 Ἤδη
1544 2322 1625 2358 σοι
1663 2304 1811 2375 τρεῖς
1848 2300 2068 2369 ἔπεμψα

494 2409 800 2474 ἐπιστολάς,
831 2407 928 2478 τὴν
960 2407 1060 2478 μὲν
1109 2404 1198 2459 διά
1255 2402 1363 2457 τῶν
1409 2399 1743 2471 ἐπαρχικῶν,
1774 2396 1872 2466 τὴν
1902 2395 1959 2449 δέ
2001 2392 2070 2447 δι’

507 2505 811 2571 Ἀντωνίου,
835 2502 934 2574 τήν
975 2502 1033 2555 δέ
1082 2501 1150 2555 δι’
1193 2497 1499 2552 Ἀνατολίου
1547 2494 1641 2548 τοῦ
1691 2491 1903 2546 οἰκέτου
1953 2507 2069 2554 σου,

495 2599 880 2672 πολυστίχους’
930 2598 1031 2662 τάς
1075 2598 1132 2652 δέ
1167 2596 1261 2650 δύο
1305 2595 1537 2667 μάλιστα
1569 2593 1857 2663 φάρμακον
1902 2589 2074 2659 σωτή-

498 2713 634 2770 ριον,
662 2697 835 2751 πάντα
858 2694 1190 2766 ἀθυμοῦντα,
1220 2691 1401 2746 πάντα
1430 2685 1914 2756 σκανδαλιζόμενον
1951 2684 2074 2736 ίκα⁴

497 2794 596 2855 νάς
627 2791 1059 2863 ἀνακτήσασθαι,
1081 2788 1177 2843 καὶ
1206 2787 1346 2859 πρὸς
1379 2784 1625 2856 καθαράν
1652 2780 1918 2852 εὐθυμίαν
1936 2780 2074 2848 ἀγα-

435 2936 443 2941 .
498 2891 634 2957 γεῖν.
669 2887 925 2943 Λαϐοῦσα
955 2886 1133 2940 τοίνυν
1161 2884 1384 2949 ταύτας,
1429 2880 1664 2952 ἐπέρχου
1713 2877 1950 2948 συνεχῶς
1980 2878 2075 2931 καὶ

501 2982 589 3037 διά
616 2983 837 3045 παντὸς,
873 2983 967 3036 καὶ
1012 2981 1131 3051 ὄψει
1183 2978 1363 3036 αὐτῶν
1396 2977 1495 3048 τὴν
1522 2978 1693 3046 ἰσχὺν,
1728 2973 1821 3028 καὶ
1858 2973 1959 3044 τῆς
1994 2973 2078 3026 ία⁴

499 3081 684 3152 τρείας
720 3081 912 3149 πεῖραν
937 3078 1082 3148 λήψῃ
1112 3075 1334 3145 πολλὴν,
1371 3074 1466 3127 καὶ
1496 3072 1785 3140 ὠφέλειαν,
1809 3070 1903 3123 καὶ
1941 3070 2076 3139 ήμίν

501 3177 783 3248 δηλώσεις,
808 3175 890 3228 ὅτι
919 3172 1113 3241 γέγονέ
1139 3170 1220 3224 σοί
1252 3168 1403 3240 [600]
1427 3186 1480 3221 τι
1506 3168 1664 3222 πλέον
1691 3165 2077 3234 ἐκεῖθεν.Ἔχω

502 3273 596 3327 καὶ⁴
620 3272 807 3342 τρίτην
836 3268 1056 3339 ἑτοίμην
1096 3267 1334 3321 ἐοικυῖαν
1366 3264 1576 3328 αὐταῖς,
1609 3262 1674 3333 ήν
1714 3262 1815 3315 οὑκ
1846 3259 2081 3330 ἠϐουλή-

503 3367 604 3436 θην
652 3366 860 3437 πέμψαι
903 3363 1019 3427 νῦν,
1053 3362 1257 3432 σφόδρα
1301 3360 1546 3429 ἀλγήσας
1590 3358 1674 3427 ἐφ’
1706 3351 1789 3419 οἷς
1830 3355 2008 3424 λέγεις
2026 3365 2077 3419 α,

504 3462 589 3518 ὅτι
615 3465 709 3516 καὶ
738 3462 956 3530 συνάγω
982 3477 1073 3530 μοι
1097 3456 1391 3528 λογισμοὺς
1419 3454 1730 3525 όδυνηροὺς,
1757 3453 1850 3506 καὶ
1882 3451 1950 3504 τά
1981 3450 2081 3503 οὐκ

504 3555 632 3610 ὂντα
679 3556 1134 3617 ἀναπλάττουσα,
1191 3552 1407 3615 ἀνάξιον
1457 3551 1691 3618 σεαυτῆς
1734 3542 2080 3615 φθεγξαμένη

507 3653 678 3724 ῥῆμα,
712 3653 796 3720 ἐφ’
820 3646 863 3721 ᾧ
893 3650 990 3702 καῖ
1018 3647 1180 3711 αὐτὸς
1235 3645 1563 3717 αἰσχύνομαι
1615 3644 1711 3696 καὶ
1749 3641 2084 3710 ἐγκαλύπτο-

508 3767 629 3821 μαι.
662 3747 806 3819 Πλὴν
833 3748 1105 3815 ἀνάγνωθι
1135 3742 1370 3806 ἐκείνας,
1389 3743 1481 3794 καὶ
1502 3740 1600 3793 οὐκ
1622 3738 1702 3791 ἐτι
1723 3736 1897 3791 ταῦτα
1917 3738 2080 3806 ἐρεῖς,

508 3843 613 3898 κᾶν
663 3842 922 3913 μυριάκις
953 3840 1262 3910 φιλονεικῇς
1298 3836 1546 3906 ἀθυμεῖν.
1564 3833 1782 3904 Ἐπειδὴ
1830 3833 1924 3885 καὶ
1957 3829 2085 3902 περὶ

515 3938 871 4012 Ἡρακλείδου
901 3936 994 3991 τοῦ
1024 3935 1323 3988 ἐπισκόπου
1370 3935 1501 4005 ήμῖν
1544 3931 1839 4002 ἐδήλωσας,
1880 3929 2086 3995 ἔξεστιν

507 4034 678 4104 αύτῷ,
722 4036 771 4087 εί
821 4032 1125 4104 βουληθείη,
1176 4032 1358 4086 δοῦναι
1405 4031 1677 4093 ἔνστασιν,
1731 4027 1829 4082 καὶ
1870 4024 2088 4079 πάντων

509 4129 890 4198 ἀπαλλαγῆναι
909 4145 923 4158 ⁸
952 4128 1105 4185 οὐδὲν
1125 4127 1234 4199 γὰρ
1259 4126 1386 4181 ἀλλο
1402 4125 1668 4178 λείπεται.
1687 4121 1829 4189 Ἐγὼ
1848 4121 1904 4175 δὲ
1925 4122 1975 4174 εί
1994 4120 2089 4175 καὶ

515 4226 683 4296 μηδὲν
713 4224 858 4294 μέγα
882 4224 1062 4293 ήνυον,
1096 4223 1213 4276 ἀλλ’
1239 4223 1390 4292 ὅμως
1421 4220 1668 4287 ἐδήλωσα
1693 4221 1760 4289 τῇ
1791 4217 1958 4288 κυρίᾳ
1987 4233 2088 4287 μου

514 4319 800 4391 Πενταδίᾳ.
828 4317 970 4373 ὥστε
1013 4320 1192 4372 πᾶσαν
1221 4316 1456 4388 σπουδήν
1477 4313 1861 4379 ἐπιδείξασθαι,
1892 4312 1945 4367 αῖ
1970 4328 2090 4365 τινα

514 4417 817 4486 ἐπινοήσειε
848 4412 926 4484 τῷ
956 4415 1113 4486 κακῷ
1150 4410 1710 4486 παραμυθίαν.Ἕφης
1740 4408 1796 4461 δὲ
1827 4406 2089 4477 τετολμηο

514 4512 664 4566 κέναι
707 4512 945 4582 δηλῶσαί
988 4528 1077 4581 μοι
1109 4508 1177 4564 τὰ
1212 4507 1450 4579 λυπηρά,
1494 4504 1583 4563 διὰ
1619 4503 1679 4561 τὸ
1723 4504 1850 4573 παρ’
1882 4502 2089 4562 ἐκείνου

523 4608 897 4678 κελευσθῆναι.
929 4607 1064 4661 Ποία
1092 4605 1264 4677 τόλμα
1291 4603 1450 4658 τοῦτο
1474 4620 1491 4670 ;

584 4727 722 4782 Οὔτε
757 4727 888 4797 γοῦν
923 4724 1249 4795 ἐπαυσάμην
1280 4722 1476 4791 λέγων,
1505 4720 1630 4776 οὔτε
1675 4719 1977 4790 παύσομαι,
2008 4719 2091 4772 ὅτι

516 4821 574 4875 ἐν
600 4823 842 4895 λυπηρὸν
856 4821 1114 4906 ,ἁμαρτία
1143 4821 1336 4893 μόνον’
1367 4819 1437 4873 τά
1459 4817 1517 4870 δὲ
1556 4815 1692 4871 ἄλλα
1734 4815 1912 4873 πάντα
1947 4815 2094 4879 κόνις

519 4916 611 4968 καὶ
640 4917 863 4981 καπνός.
894 4917 957 4973 Τί
991 4916 1098 4992 γὰρ
1144 4915 1281 4987 βαρὺ
1323 4914 1694 4985 δεσμωτήριον
1730 4913 1971 4989 οἰκῆσαι,
2001 4911 2095 4964 καὶ

519 5009 707 5063 ἅλυσιν
733 5012 1079 5083 περικεῖσθαι
1098 5029 1113 5079 ;
1134 5012 1186 5066 τί
1216 5011 1274 5066 δὲ
1309 5011 1448 5084 βαρὺ
1481 5011 1710 5081 πάσχειν
1736 5009 1940 5076 κακῶς,
1970 5010 2095 5063 ὅταν

521 5105 790 5178 τοσαύτης
822 5108 1091 5179 ἐμπορίας
1138 5108 1200 5162 τὸ
1246 5108 1477 5179 πάσχειν
1506 5107 1692 5171 κακῶς
1718 5107 1975 5171 ὑπόθεσις
2006 5106 2099 5175 γέ-

522 5219 715 5273 νηται;
746 5203 881 5257 τίδὲ
915 5203 1098 5274 ἐξορία
1136 5203 1308 5276 βαρύς
1337 5204 1389 5257 τί
1426 5205 1483 5257 δὲ
1515 5205 1814 5277 δήμευσις;
1849 5205 2097 5276 Ῥήματα

520 5298 698 5353 ταῦτά
732 5300 848 5355 ἐστι
901 5299 1088 5355 δεινῶν
1126 5300 1466 5371 πραγμάτων
1496 5300 1699 5374 ἔρημα,
1736 5301 1957 5372 ῥήματα
2000 5300 2097 5353 λύ-

527 5409 636 5465 πης
660 5394 921 5463 ψιλά.”Αν
962 5413 1021 5449 τε
1058 5395 1167 5466 γάρ
1204 5396 1432 5453 θάνατον
1459 5397 1641 5469 εἴπῃς,
1670 5397 1732 5450 τὸ
1762 5397 1861 5468 τῆς
1886 5395 2099 5465 φύσεως

587 5550 615 5617 _I
639 5548 752 5617 _1_)uo
770 5561 885 5597 mss.
911 5549 1119 5617 ἀλγήσας
1141 5550 1301 5617 διόπερ
1318 5552 1446 5617 51M;-

589 5610 617 5657 β
639 5608 764 5674 Tres
794 5624 912 5674 msg.
936 5608 1123 5674 πάντως
1155 5608 1425 5671 ὑποστῆναί
1442 5629 1500 5674 με
1523 5611 1609 5661 δεῖ.
1632 5611 1747 5663 Μοι
1771 5611 1869 5662 duo
1890 5622 2002 5662 mss.
2027 5610 2101 5660 λέ·

522 5688 619 5735 γεις
638 5673 670 5732 ἢ
694 5672 838 5721 τόπον
865 5670 919 5720 ἐκ
934 5672 1080 5721 τόπου
1103 5670 1337 5737 ἀμείϐειν,
1358 5670 1641 5730 καὶπολλάς.

1168 288 1227 344 S.
1268 281 1555 343 JOANNIS
1581 268 2067 333 CllRYSﬂSTOMI

2187 264 2425 323 lCHlEP.
2458 257 3007 320 CONSTANTINOP.

2157 379 2377 452 ὄφλημα
2403 379 2581 448 λέγεις
2599 393 2612 407 ·
2639 376 2669 431 ὃ
2688 375 2905 438 πάντως
2932 371 3221 442 ὑπομεῖναι
3239 368 3361 423 δεῖὶ
3384 366 3480 423 καὶ
3500 367 3727 439 μηδενὸς

2156 484 2479 554 ἐπάγοντος·
2507 482 2573 538 ἄν
2602 498 2659 535 τε
2688 477 2903 550 ἐξορίαν
2930 476 3112 547 εἴπῃς,
3150 474 3303 528 οὐδὲν
3335 472 3525 544 ἕτερον
3549 470 3724 540 λέγεις
3839 474 3849 484 ⁵

2156 590 2193 662 ἢ
2223 586 2431 660 χώραν,
2457 585 2674 649 καὶτὰς
2696 581 2898 646 πολλὰς
2929 578 3113 643 πόλεις
3142 580 3273 651 ὁρᾷν
3291 595 3306 611 ·
3338 577 3403 632 άν
3420 593 3495 657 τε
3512 574 3732 647 χρημά-

2158 708 2267 747 των
2288 689 2552 761 δήμευσιν
2585 685 2767 757 εἴπῃς,
2800 683 3112 754 ἐλευθερίαν
3139 681 3339 751 λέγεις,
3368 679 3465 735 καὶ
3489 679 3552 734 τὸ
3575 677 3733 732 εὔλυ-

3611 245 3717 302 618

2159 808 2253 849 τον
2284 786 2447 847 εἶναι.

2230 930 2295 987 ε’.
2327 926 2618 1001 Μαρουθᾶν
2632 925 2723 980 τὸν
2743 923 3034 978 ἐπίσκοπον
3054 920 3130 993 μή
3149 916 3450 992 διαλείπῃς,
3469 918 3531 972 τό
3556 933 3619 987 γε
3653 917 3735 979 είς

2167 1038 2226 1092 σὲ
2254 1033 2414 1111 ἧκον,
2444 1031 2841 1107 θεραπεύουσα,
2872 1028 3013 1082 ὥστε
3038 1021 3409 1097 ἀνιμήσασθαι
3439 1022 3534 1077 τοῦ
3567 1021 3733 1091 βαρά-

2165 1140 2316 1212 θρου.
2356 1137 2605 1193 Μάλιστα
2627 1134 2737 1205 γὰρ
2768 1129 2933 1186 αὐτοῦ
2963 1129 3154 1199 δέομαι
3186 1125 3274 1179 διὰ
3309 1124 3381 1179 τά
3408 1126 3464 1178 ἐν
3492 1124 3733 1196 Περσίδι.

2166 1245 2277 1298 Καὶ⁸
2315 1242 2452 1315 μάθε
2481 1242 2610 1311 παρ’
2640 1237 2825 1303 αὐτοῦ,
2857 1238 2924 1290 ἂν
2962 1233 3181 1288 δυνατόν
3211 1248 3291 1284 σοι
3318 1230 3564 1301 γένηται,
3594 1230 3648 1283 τί
3676 1245 3733 1283 τε

2166 1346 2523 1420 κατώρθωται
2554 1346 2731 1398 ἐκεῖσε
2763 1342 2832 1395 δι’
2856 1339 3043 1404 αὑτοῦ,
3068 1338 3162 1390 καὶ
3185 1335 3330 1398 τίνος
3352 1334 3539 1388 ἐνεκεν
3560 1349 3735 1403 παρα-

2167 1452 2376 1520 γέγονε,
2406 1449 2501 1502 καὶ
2540 1445 2777 1518 δήλωσον
2807 1444 2957 1515 ήμῖν,
2993 1443 3042 1495 εἰ
3081 1440 3180 1504 τὰς
3211 1437 3303 1492 δύο
3332 1436 3640 1503 ἐπιστολὰς,
3670 1435 3735 1500 ἀς

2169 1553 2390 1624 ἔπεμψα
2426 1551 2594 1623 αὐτῷ,
2633 1548 2921 1610 ἀπέδωκας
2941 1563 2955 1577 ·
2998 1545 3103 1600 κᾶν
3144 1543 3241 1614 μὲν
3276 1539 3557 1613 βουληθείη
3605 1543 3734 1612 ήμῖν

2172 1657 2511 1722 ἐπιστεῖλαι,
2557 1655 2717 1710 πάλιν
2763 1651 3152 1722 ἐπιστελοῢμεν
3207 1647 3387 1719 αὐτῷ·
3436 1647 3499 1701 ἂν
3548 1646 3607 1699 δὲ
3656 1646 3731 1717 μὴ

2175 1761 2484 1834 βουληθείη,
2514 1760 2615 1815 κᾶν
2651 1759 2718 1830 τῇ
2754 1755 3009 1825 εὐλαϐείᾳ
3037 1771 3129 1807 σου
3159 1751 3396 1825 δηλώσῃ,
3428 1753 3477 1804 εῖ
3504 1769 3557 1804 τι
3582 1751 3732 1819 γέγο-

2174 1883 2262 1921 νεν
2292 1862 2476 1918 αὐτόθι
2506 1860 2688 1924 πλέον,
2720 1857 2816 1912 καὶ¹
2858 1857 2907 1910 εί
2961 1855 3142 1927 μέλλοι
3165 1873 3218 1909 τι
3256 1852 3552 1926 κατορθοῦν
3578 1854 3735 1908 πάλιν

2174 1966 2398 2025 κατιών.
2428 1963 2569 2034 Ἐγὼ
2618 1962 2726 2033 γὰρ
2768 1959 2857 2014 διά
2897 1958 3052 2013 τοῦτο
3091 1959 3183 2012 καὶ
3222 1957 3547 2022 ἐσπούδαζον
3597 1954 3740 2026 αὐτῷ

2176 2071 2554 2143 συγγενέσθαι.
2580 2067 2729 2139 Πλὴν
2759 2064 2938 2120 πάντα
2967 2063 3036 2116 τά
3062 2061 3212 2133 παρά
3240 2059 3335 2113 σοῦ
3358 2059 3621 2129 γενέσθω,
3644 2058 3740 2134 κᾶν

2178 2177 2378 2239 πάντες
2405 2170 2760 2242 κατακέφαλα
2790 2168 3084 2240 φέρωνται,
3110 2165 3181 2218 τά
3210 2164 3412 2234 σαυτῆς
3442 2162 3739 2233 πλήρου.”0

2177 2284 2287 2355 γὰρ
2319 2281 2507 2355 μισθός
2533 2296 2629 2334 σου
2662 2277 2814 2332 ἐσται
2842 2271 3261 2346 ἀπηρτισμένος.
3290 2270 3441 2324 Πάνυ
3464 2265 3559 2323 οὖν
3588 2267 3739 2321 αὐτὸν

2178 2390 2473 2453 οίκείωσαι,
2503 2386 2600 2440 καὶ
2623 2384 2699 2449 ὡς
2730 2383 2982 2455 ἐγχωρεῖ.
3009 2377 3342 2452 Παρακαλῶ,
3379 2376 3538 2430 τοῦτο
3567 2376 3597 2429 ὃ
3622 2374 3744 2445 μέλ-

2179 2495 2256 2549 λω
2286 2493 2463 2561 λέγειν
2493 2489 2566 2562 μὴ
2596 2488 2980 2560 παραδράμῃς,
3013 2483 3152 2539 ἀλλά
3181 2480 3382 2551 πολλὴν
3416 2480 3548 2550 περὶ
3587 2476 3748 2531 αὐτοῦ

2184 2595 2444 2660 ἐπίδειξαι
2498 2588 3076 2662 σπουδήν.Ἐδήλωσάν
3125 2602 3215 2657 μοι
3260 2584 3310 2638 οἱ
3348 2581 3672 2654 μονάζοντες
3703 2579 3754 2631 οἱ

2182 2697 2448 2768 Μαρσεῖς,
2478 2694 2528 2747 οί
2562 2692 2770 2757 Γότθοι,
2804 2688 2934 2743 ἔνθα
2974 2688 3062 2742 ἀεὶ
3096 2686 3377 2756 κέκρυπτο
3419 2681 3705 2754 Σεραπίων
3725 2689 3750 2719 ο

2183 2803 2213 2856 6
2239 2800 2558 2864 ἐπίσκοπος,
2593 2797 2678 2850 ὅτι
2697 2792 3031 2863 Μοδουάριος
3057 2784 3221 2861 ἦλθεν
3246 2789 3276 2842 6
3294 2785 3539 2847 διάκονος
3575 2783 3761 2850 ἀπαγ-

2182 2906 2412 2977 γέλλων,
2449 2904 2533 2958 ὅτι
2565 2899 2794 2963 Ούνίλας
2822 2899 2852 2952 6
2880 2896 3177 2958 ἐπίσκοπος
3221 2889 3372 2965 [601]
3399 2891 3428 2943 6
3457 2887 3763 2958 θαυμάσιος

2186 3011 2415 3073 ἐκεῖνος,
2440 3006 2502 3061 ὃν
2531 3003 2722 3078 πρώην
2751 2999 3133 3073 ἐχειροτόνησα
3159 2995 3257 3052 καλ⁵
3288 2992 3508 3065 ἔπεμψα
3529 2992 3610 3056 είς
3636 2991 3765 3044 Γοτ-

2189 3114 2329 3179 θίαν,
2364 3110 2538 3166 πολλά
2582 3109 2677 3164 καὶ
2717 3105 2928 3179 μεγάλα
2957 3101 3308 3175 κατορθώσας
3333 3095 3634 3168 ἐκοιμήθηο
3673 3095 3764 3147 καὶ

2186 3216 2319 3292 ἦλθε
2388 3217 2569 3287 φέρων
2634 3212 2939 3285 γράμματα
3012 3206 3110 3260 τοῦ
3166 3204 3332 3276 ρητὺς
3384 3202 3493 3256 τῶν
3552 3197 3768 3253 Γότθων

2190 3326 2443 3393 ἀξιοῦντα
2467 3320 2783 3393 πεμφθῆναι
2811 3318 2994 3380 αὐτοῖς
3034 3313 3354 3367 ἐπίσκοπον.
3371 3308 3525 3362 Ἐπεὶ
3550 3301 3648 3360 οὖν
3676 3306 3770 3359 οὒ·

2188 3432 2277 3486 δέν
2305 3430 2432 3487 ἄλλο
2463 3427 2576 3501 ὁρῶ
2613 3426 2751 3499 πρὸς
2797 3423 2896 3495 τὴν
2937 3418 3337 3490 ἀπειλουμένην
3383 3410 3775 3483 καταστροφὴν

2193 3531 2477 3588 συντελοῢν
2532 3531 2612 3593 είς
2660 3524 2962 3598 διόρθωσιν,
2996 3523 3030 3592 ή
3071 3520 3325 3592 μέλλησιν
3369 3517 3462 3571 καὶ
3502 3513 3776 3583 ἀναϐολὴν

2193 3636 2335 3706 (οὐδὲ
2363 3633 2473 3703 γάρ
2510 3631 2736 3686 δυνατὸν
2778 3628 2961 3690 αὐτοῖς
2992 3623 3222 3678 πλεῦσαι
3261 3623 3341 3685 είς
3378 3620 3469 3672 τὸν
3493 3618 3781 3689 Βόσπορον

2191 3727 2306 3792 νῦν,
2333 3724 2454 3778 ούδέ
2486 3725 2566 3787 είς
2602 3722 2670 3775 τὰ
2705 3719 2844 3791 μέρη
2879 3716 3115 3787 ἐκεῖνα),
3148 3709 3480 3783 ὑπερθέσθαι
3504 3708 3650 3770 τέως
3678 3706 3780 3761 αύ-

2191 3831 2319 3893 τοὺς
2347 3827 2436 3882 διὰ
2459 3826 2551 3881 τὸν
2582 3822 2826 3895 χειμῶνα
2846 3817 3265 3892 παρασκεύασον
3283 3832 3297 3846 ⁸
3321 3812 3458 3868 ἀλλά
3488 3810 3564 3883 μὴ
3587 3809 3787 3873 ἀπλῶς

2196 3934 2329 3987 αὐτὸ
2378 3929 2777 4002 παραδράμῃς·
2827 3923 3160 3994 κατόρθωμα
3205 3918 3315 3990 γάρ
3344 3917 3459 3969 ἐστι
3494 3915 3783 3986 μέγιστον.

2195 4038 2300 4091 Δύο
2327 4035 2436 4106 γάρ
2477 4036 2624 4088 ἐστιν
2655 4032 2691 4086 ἃ
2723 4028 2960 4103 μάλιστά
3001 4045 3071 4098 με
3114 4026 3278 4078 λυπεῖ
3305 4026 3353 4077 εί
3381 4023 3612 4091 γένοιτο,
3647 4020 3679 4073 ὃ
3710 4019 3790 4090 μὴ

2196 4140 2426 4211 γένοιτο,
2452 4138 2514 4192 τό
2559 4154 2619 4191 τε
2672 4134 2822 4207 παρά
2868 4133 3072 4188 τούτων
3120 4129 3334 4202 μέλλειν
3368 4124 3646 4197 γίνεσθαι,
3677 4122 3793 4177 τῶν

2197 4245 2432 4299 τοσαῦτα
2459 4242 2605 4296 κακά
2636 4239 3046 4313 ἐργασαμένων,
3087 4236 3181 4290 καὶ
3225 4232 3355 4305 παρ’
3379 4224 3454 4285 ὧν
3496 4230 3557 4282 ού
3593 4228 3791 4300 θέμις,

2197 4350 2259 4404 τό
2287 4366 2346 4401 τε
2376 4346 2559 4411 ἁπλῶς
2584 4363 2705 4400 τινα
2731 4342 3134 4413 γενέσθαι.”οτι
3166 4338 3275 4410 γὰρ
3321 4335 3382 4388 οὐ
3418 4329 3796 4398 σπουδάζουσι

2197 4470 2320 4508 τινα
2342 4455 2584 4522 γενναῖον
2615 4450 2858 4521 ποιῆσαι,
2889 4442 3043 4500 οἶσθα
3084 4443 3178 4497 καὶ
3219 4441 3378 4511 αύτή.
3419 4440 3482 4493 Et
3524 4436 3580 4489 δὲ
3627 4434 3799 4490 τοῦτο

2201 4558 2431 4631 γένοιτο,
2458 4556 2486 4610 ὃ
2514 4555 2590 4628 μὴ
2616 4556 2848 4624 γένοιτο,
2879 4549 2947 4604 τά
2976 4549 3102 4621 ἑξῆς
3128 4541 3543 4599 ἐπίστασαι.Ἴν’
3563 4534 3671 4594 οὖν
3697 4555 3802 4611 μη-

2202 4665 2291 4719 δὲν
2322 4664 2524 4718 τούτων
2567 4662 2813 4731 γένηται,
2841 4658 3022 4710 πᾶσαν
3071 4651 3305 4723 σπουδὴν
3351 4649 3616 4720 ποίησαι*
3659 4646 3801 4715 ἀψο-

2208 4768 2341 4841 φητὶ
2374 4768 2431 4822 δέ
2465 4766 2513 4820 εί
2538 4763 2760 4820 δυνατὸν
2798 4758 2866 4834 ἦν
2908 4760 3004 4813 καὶ
3027 4756 3393 4819 λανθανόντως
3420 4753 3511 4806 τὸν
3537 4750 3802 4807 Μοδουά-

2212 4870 2364 4944 ριονά
2400 4869 2534 4941 πρὸς
2571 4868 2718 4940 ἡμᾶς
2757 4864 3067 4935 ἐκδραμεῖν,
3113 4859 3346 4932 μέγιστα
3374 4857 3440 4911 ἀν
3476 4855 3706 4926 ἠνύετο.
3732 4852 3801 4906 ΕΞ

2204 4978 2261 5032 δὲ
2311 4976 2387 5048 μή
2414 4972 2658 5039 δυνατὸν,
2691 4974 2756 5025 ἐκ
2801 4969 2908 5022 τῶν
2940 4966 3322 5039 ἐγχωρούντων
3354 4962 3423 5016 τά
3465 4960 3679 5016 δυνατὰ
3708 4977 3801 5029 γι-

2205 5079 2584 5150 νέσθω.”οπερ
2638 5076 2748 5147 γὰρ
2796 5073 2889 5128 ἐπὶ
2933 5071 3039 5125 τῶν
3082 5068 3378 5142 χρημάτων
3409 5066 3652 5134 γίνεται,
3696 5060 3797 5119 καὶ

2206 5186 2297 5240 ἐπί
2325 5184 2425 5254 τῆς
2468 5185 2642 5255 χήρας
2675 5179 2894 5251 συνέϐη,
2928 5176 3085 5232 τοῦτο
3130 5175 3223 5229 καὶ
3256 5173 3349 5226 ἐπὶ
3380 5172 3488 5225 τῶν
3523 5169 3802 5242 πραγμά-

2206 5291 2552 5360 των.⁹Ὢσπερ
2583 5284 2693 5356 γὰρ
2737 5283 2922 5354 ἐκείνη
2970 5281 3064 5335 δύο
3107 5277 3328 5342 ὀϐολοὺς
3374 5272 3804 5338 καταϐαλοῦσα,

2209 5391 2457 5455 ἅπαντας
2499 5388 2893 5462 ύπερηκόντισε
2924 5387 3051 5450 τοὺς
3088 5383 3308 5438 πλείονα
3352 5377 3804 5441 καταϐαλόντας,

2272 5550 2295 5621 ξ
2324 5547 2428 5621 [λυο
2454 5558 2569 5594 mss.
2590 5546 2695 5595 ἔνθα
2719 5542 3059 5621 δήκέκρύπξετρ

2271 5609 2299 5649 d
2327 5592 2832 5663 Ῐιδθςνιῆέςίσπουέὴν
2852 5592 3093 5658 ἀπόδειξαι
3117 5592 3194 5653 νὲι
3228 5598 3451 5654 ἐπίδειξαι
3490 5592 3736 5657 ἀψοφητῦ
3767 5593 3812 5641 εῖ

2211 5673 2263 5723 δέ
2283 5672 2476 5720 δυνατὸν
2485 5671 2565 5719 τὸν
2581 5667 2894 5731 Μοδονάριον.
