4058 6218
423 200 525 254 v.17

428 323 603 368 tecum
645 312 954 383 agebamus,
1005 324 1071 364 ne
1101 323 1197 364 nos
1235 307 1365 377 hinc.
1383 318 1683 362 emoveres.
1744 303 1856 374 Ego
1885 318 2017 358 vero

426 401 556 459 illud
607 417 816 458 mecum
858 400 1092 470 cogitare
1126 407 1395 468 poteram,
1444 397 1597 466 longa
1645 395 1737 450 tibi
1777 395 2018 450 oratione

433 494 726 564 multisque
748 493 1022 548 laboribus
1059 508 1122 548 ac
1150 490 1432 546 sudoribus
1456 504 1591 560 opus
1623 489 1767 554 fore,
1805 498 1858 543 ut
1887 486 2017 542 mihi

319 647 366 655 _-
424 588 493 643 de
522 588 630 654 hoc
649 585 815 640 verbo
843 583 1202 638 satisfaceres.
1233 582 1564 651 Quamquam
1593 579 1816 634 fortasse
1841 578 2018 646 aliqua

327 673 338 678 ”
423 697 490 735 ex
526 689 678 750 parte
721 679 1048 744 satisfecisti,
1093 693 1214 733 cum
1241 677 1326 732 his
1355 677 1533 733 verbis
1583 691 1674 732 usa
1719 690 1817 742 es,
1874 673 2015 730 lstud

423 773 705 826 dumtaxat
730 771 929 840 cogito,
962 779 1019 823 ut
1043 768 1398 824 calamitatem
1427 783 1599 822 meam
1646 781 1891 836 augeam.
1947 767 2017 820 At

425 864 530 919 hoc
558 877 770 934 quoque
799 878 1010 917 rursum
1042 863 1093 915 in
1122 875 1334 916 summo
1382 848 1604 914 crimine
1644 875 1784 928 pono
1811 899 1827 926 ,
1875 858 2014 929 quod

423 960 504 1013 ais
528 965 580 1015 te
611 959 840 1013 libenter
861 958 928 1013 de
967 958 1226 1012 industria
1257 957 1470 1012 dolores
1501 957 1594 1010 tibi
1624 971 1718 1025 per
1739 956 2016 1025 cogitatio-

423 1067 524 1107 nes
545 1066 821 1106 accersere
855 1068 867 1102 :
898 1065 1018 1104 nam
1047 1065 1168 1104 cum
1199 1057 1247 1103 te
1277 1049 1408 1103 nihil
1437 1062 1540 1102 non
1572 1063 1730 1115 agerc
1757 1061 1819 1101 ae
1841 1046 2016 1100 moliri

421 1151 812 1212 oporteat,quo
833 1141 993 1195 animi
1015 1156 1299 1196 maerorem
1329 1141 1656 1208 exstinguas,
1677 1138 1788 1208 ipsa
1816 1149 2014 1202 tamen,

423 1234 566 1302 quod
596 1233 812 1287 diabolo
840 1240 1048 1302 gratum
1075 1241 1160 1287 cst
1180 1272 1193 1297 ,
1241 1231 1398 1296 facis,
1452 1245 1736 1284 mmrorem
1772 1229 2018 1283 videlicet

423 1324 697 1394 animique
729 1323 1026 1377 molestiam
1055 1337 1274 1391 angens.
1320 1324 1399 1374 An
1426 1330 1474 1375 te
1490 1319 1650 1390 fugit,
1675 1335 1831 1390 quam
1855 1335 2017 1389 grave

424 1417 622 1470 malum
663 1416 733 1470 sit
763 1416 1053 1471 mmslitia?
1084 1415 1159 1468 Bc
1190 1414 1382 1469 lsauris
1407 1424 1586 1468 autem
1617 1413 1749 1467 nihil
1771 1421 1852 1468 est
1875 1412 2014 1483 quod

426 1508 650 1577 posthac
677 1518 882 1561 metuas
916 1523 928 1559 :
964 1506 1161 1562 etenim
1196 1507 1247 1559 in
1272 1506 1542 1574 regionem
1584 1519 1734 1559 suam
1783 1519 1900 1559 sese
1925 1519 2013 1559 re-

423 1609 686 1670 ceperunt
721 1617 735 1653 :
769 1599 926 1669 idque
973 1607 1033 1652 ut
1072 1599 1342 1661 facerent,
1389 1611 1420 1650 a
1471 1597 1718 1666 prmfecto
1763 1595 1892 1649 nihil
1935 1604 2018 1650 est

423 1693 842 1762 praetermissum
872 1707 886 1744 :
918 1691 1189 1760 multoque
1217 1691 1378 1745 tutior
1405 1689 1491 1744 hic
1519 1705 1658 1754 sum,
1693 1704 1854 1758 quam
1886 1703 2006 1743 cum

425 1783 694 1840 Caesarea:
720 1797 980 1838 essemus.
1025 1781 1302 1838 Neminem
1330 1783 1470 1836 enim
1491 1789 1595 1834 tam
1628 1789 1827 1846 metuo,
1855 1795 2014 1848 quam

418 1877 730 1946 episcopos,
791 1875 974 1944 paucis
1011 1875 1266 1944 exceptis.
1319 1874 1502 1944 itaque
1546 1873 1613 1928 de
1659 1873 1854 1928 lsanris
1884 1871 2014 1926 nihil

420 1979 672 2024 metuas:
703 1968 903 2023 etenim
933 1977 1294 2033 recesserunt,
1325 1977 1549 2038 ortaque
1575 1965 1750 2021 hieme
1778 1966 1920 2020 domi
1953 1980 2012 2020 se

423 2060 785 2124 incluserunt,
821 2058 1002 2112 nescio
1047 2073 1114 2111 an
1157 2066 1275 2127 post
1325 2058 1679 2112 Pentecosten
1725 2056 2011 2126 egressuri.

417 2151 710 2218 Quomodo
748 2149 922 2205 nullas
954 2159 1006 2204 te
1027 2150 1208 2204 literas
1233 2150 1474 2219 recipere
1506 2147 1619 2203 ais?
1650 2148 1782 2203 Tres
1804 2148 1916 2216 jam
1947 2145 2017 2200 ad

419 2251 473 2296 te
501 2241 760 2311 epistolas
781 2241 923 2308 misi,
945 2255 1103 2298 unam
1125 2255 1224 2310 per
1252 2239 1531 2310 praetorios
1555 2239 1772 2305 milites,
1793 2239 2014 2294 alteram

418 2347 522 2402 per
549 2333 865 2398 Antonium,
897 2331 1058 2385 aliam
1088 2347 1182 2402 per
1210 2332 1466 2386 famulum
1505 2340 1652 2386 tuum
1685 2332 2012 2398 Anatolium,

420 2425 615 2494 longas
637 2439 862 2479 omnes:
898 2425 1199 2494 prmsertim
1228 2433 1406 2479 autem
1428 2424 1562 2478 duas
1589 2423 1872 2493 ejusmodi,
1898 2439 2016 2494 qua:

420 2515 691 2570 salutiferi
748 2515 1120 2570 medicamenti
1189 2515 1357 2570 instar
1416 2515 1712 2586 quemlibet
1781 2529 2017 2571 mmrore

420 2605 711 2673 afﬂictum,
734 2615 894 2676 atque
920 2605 1228 2661 scandalum
1244 2607 1538 2675 patientem
1561 2621 1831 2672 recreare,
1859 2615 2018 2676 atque

423 2698 493 2752 ad
529 2697 790 2767 integram
821 2698 982 2752 animi
1019 2697 1455 2768 tranquillitatem
1495 2712 1749 2753 revocare
1789 2697 2014 2768 possint.

420 2790 536 2844 llas
583 2789 745 2859 igitur
791 2803 910 2843 cum
967 2789 1272 2858 acceperis,
1323 2789 1550 2844 subinde
1598 2797 1756 2858 atque
1804 2789 2018 2844 as.~idue

418 2882 731 2951 pervolvas,
755 2890 915 2951 atque
943 2897 1127 2936 earnm
1148 2881 1253 2934 vim
1281 2889 1334 2934 et
1353 2879 1658 2934 facultatem
1683 2879 1975 2950 perspicies
2000 2898 2013 2934 :

417 2989 485 3028 ac
512 2973 890 3028 medicamenti
918 2972 1197 3027 utilitatem
1226 2971 1439 3026 abunde
1478 2971 1770 3040 experieris
1788 3013 1801 3033 ,
1831 2971 2016 3025 nobis-

416 3081 533 3136 que
565 3075 617 3120 te
647 3065 878 3120 fructum
906 3064 1033 3120 hinc
1057 3066 1361 3135 percepisse
1385 3064 1676 3119 nuntiabis.
1714 3063 1808 3120 Est
1836 3074 2014 3120 autem

420 3172 597 3226 penes
645 3173 730 3211 me
761 3159 913 3212 tertia
947 3172 1162 3227 quoque
1189 3157 1431 3226 ejusdem
1483 3159 1803 3227 argumenti,
1858 3174 2016 3229 quam

420 3261 575 3302 nunc
602 3246 669 3300 ad
699 3257 750 3302 te
779 3248 992 3302 mittere
1023 3247 1167 3302 nolui
1199 3266 1212 3302 :
1256 3264 1450 3319 magno
1480 3248 1623 3303 enim
1668 3249 1852 3304 dolore
1897 3249 2019 3304 hinc

420 3343 546 3391 sum
577 3337 816 3404 affectus,
860 3339 1000 3408 quod
1044 3349 1094 3394 te
1122 3339 1344 3394 acerbas
1371 3341 1722 3410 cogitationes
1746 3342 2020 3398 cumulare

422 3431 646 3496 scribis,
674 3439 833 3500 atque
862 3447 922 3486 ea
953 3447 1071 3502 quae
1111 3449 1215 3486 non
1244 3441 1367 3486 sunt
1391 3432 1666 3502 efﬁngere.
1701 3434 1851 3502 Quod
1897 3436 2018 3505 qui-

427 3521 554 3575 dem
585 3524 807 3577 verbum
835 3540 866 3577 a
911 3531 964 3578 te
1007 3523 1232 3593 proferri
1262 3525 1480 3580 minime
1512 3524 1692 3580 decuit
1738 3544 1752 3581 :
1797 3527 2020 3596 ejusque

423 3630 593 3669 causa
641 3616 756 3684 ipse
784 3632 996 3687 quoque
1049 3617 1312 3672 erubesco
1357 3633 1420 3673 ac
1473 3617 1674 3688 pudore
1719 3618 2018 3675 suffundor.

427 3707 701 3761 Caeterum
728 3708 982 3777 epistolas
1011 3707 1130 3763 illas
1156 3709 1271 3779 lege
1296 3751 1310 3775 ,
1357 3725 1420 3764 ac
1446 3711 1556 3780 jam
1584 3710 1666 3765 his
1705 3710 1885 3766 verbis
1939 3712 2015 3766 uti

429 3799 664 3865 desines,
694 3800 905 3855 etiamsi
935 3801 1131 3871 alioqui
1163 3801 1465 3856 sexcenties
1505 3817 1736 3858 moerere
1776 3801 2018 3858 studeas.

433 3891 698 3956 Quoniam
730 3901 907 3947 autem
927 3892 994 3948 de
1017 3893 1294 3948 Heraclide
1321 3908 1530 3963 quoque
1558 3895 1810 3964 episcopo
1837 3894 1903 3949 ad
1935 3910 2022 3950 me

435 3982 716 4050 scripsisti,
746 3983 870 4037 licet
899 3983 1034 4052 ipsi,
1079 3985 1121 4038 si
1154 3985 1320 4049 velit,
1375 3985 1680 4039 instantiam
1731 3985 1863 4040 dare
1916 3986 2018 4057 (α),

440 4083 592 4142 atque
623 4075 690 4127 ita
720 4074 982 4129 molestiis
1002 4076 1252 4130 omnibus
1273 4075 1488 4145 defungi
1519 4095 1532 4130 :
1566 4076 1694 4130 nihil
1716 4076 1858 4131 enim
1880 4077 2022 4132 aliud

443 4175 695 4232 superest.
751 4167 863 4237 Ego
892 4180 1021 4222 vero
1050 4169 1148 4222 etsi
1175 4168 1307 4221 nihil
1335 4168 1620 4222 admodum
1651 4167 2018 4238 proficiebam,

453 4263 619 4310 tamen
641 4257 910 4312 dominam
937 4265 1108 4312 meam
1141 4258 1450 4313 Pentadiam
1477 4261 1691 4324 monui,
1727 4268 1784 4313 ut
1807 4275 2021 4316 omnem

458 4344 763 4413 diligentiam
787 4347 1086 4413 adhiberet,
1107 4364 1211 4418 quo
1229 4349 1517 4403 calamitati
1540 4351 1786 4404 solatium
1809 4351 2023 4421 aliquod

462 4437 722 4494 inveniret.
774 4441 868 4495 Ais
891 4450 1066 4494 autem
1098 4449 1148 4495 te
1167 4481 1183 4506 ,
1223 4441 1363 4510 quod
1393 4443 1461 4495 ita
1489 4442 1581 4495 tibi
1609 4441 1679 4495 ab
1701 4457 1768 4497 eo
1793 4441 2022 4511 impera-

470 4535 567 4581 tum
590 4540 742 4593 esset,
771 4531 839 4586 de
859 4531 942 4585 his
963 4533 1222 4588 molestiis
1241 4535 1525 4588 certiorem
1544 4549 1628 4589 me
1648 4534 1826 4590 facere
1841 4550 2022 4590 ausam

475 4633 594 4675 esse.
633 4622 757 4689 Qua:
783 4634 961 4678 autem
990 4625 1104 4678 haec
1129 4623 1346 4684 audacia
1373 4624 1492 4678 est?

539 4711 666 4768 Nihil
692 4716 951 4770 molestum
975 4726 1157 4786 praeter
1174 4728 1529 4788 peccatum.-—
1543 4718 1839 4790 Numquam
1867 4719 2026 4789 igitur

481 4800 567 4857 hoc
603 4807 762 4864 dicere
804 4808 1002 4873 destiti,
1052 4825 1149 4866 nec
1195 4809 1469 4872 desistam,
1521 4825 1676 4864 uuam
1708 4811 1878 4866 solum
1911 4827 2024 4866 rem

491 4895 720 4954 molestam
760 4914 915 4963 esse,
980 4916 1171 4970 nempe
1215 4913 1490 4970 peccatum
1532 4918 1544 4953 :
1593 4901 1792 4971 reliqua
1846 4905 2022 4956 omnia

499 4985 684 5049 pulveris
716 5007 774 5046 ac
822 4992 949 5046 fumi
997 4994 1163 5046 instar
1192 5008 1329 5048 esse.
1358 4993 1488 5060 Qua:
1509 4994 1774 5059 molestia,
1809 5009 2026 5051 carcere

503 5075 639 5132 claudi
659 5095 708 5136 ac
728 5084 926 5139 catenis
951 5085 1172 5140 vinciri?
1206 5101 1324 5156 quce
1351 5085 1593 5140 molestia
1633 5085 2025 5141 calamitatibus

560 5210 621 5282 (a)_
641 5219 840 5282 inci-{eeo
860 5219 1086 5278 habetur,
1127 5227 1251 5269 δςςναι
1289 5230 1470 5282 imago.
1519 5225 1566 5268 In
1605 5218 1833 5282 Basilicis,
1868 5219 2026 5282 inquit

518 5275 940 5342 malttﬁnﬁlnssario
953 5275 1129 5334 meo.
1140 5282 1242 5330 haec
1255 5281 1524 5342 significant
1540 5281 1748 5331 mercdis
1766 5275 2027 5330 inStituiio-

527 5342 612 5405 nem
630 5348 640 5382 :
657 5337 716 5405 hic
732 5354 856 5398 vero,
877 5351 1000 5392 δοῦναι
1023 5355 1188 5393 tmuw
1205 5381 1218 5400 ,
1243 5337 1353 5405 quva:
1371 5349 1448 5391 est
1459 5343 1675 5405 juridica,
1697 5343 1927 5404 loquendi
1951 5355 2026 5405 ra-

536 5395 597 5467 tio,
615 5395 714 5467 nullo
743 5395 873 5467 modo
919 5410 1079 5466 potest
1113 5395 1373 5454 lioc'sénsn
1397 5395 1567 5467 accipi.
1593 5395 1928 5467 Tillemoutitts
1950 5403 2023 5451 le-

541 5456 690 5528 gendum
703 5456 1061 5528 opinatur,'soam
1085 5477 1278 5528 ῑιστασιν,
1319 5466 1445 5528 quod
1493 5456 1807 5528 signiﬁcaret,
1831 5465 2024 5514 abdica-

543 5517 675 5592 bgtetu
691 5517 780 5592 dare
792 5539 802 5583 ;
821 5517 908 5592 qui
926 5540 1126 5592 “sensus
1148 5527 1224 5576 hic
1255 5517 1470 5589 apprime
1501 5517 1778 5592 quadraret.
1795 5517 1893 5575 'Sed
1914 5539 2024 5576 cum

549 5585 669 5650 illiilli?!»
689 5585 853 5633 (mnino'
876 5587 993 5635 Ριιὶιί
1037 5597 1184 5650 atque
1231 5585 1332 5637 Mss.
1360 5585 1533 5642 unum;
1548 5591 1788 5650 habeant,
1822 5601 2024 5640 sensum

555 5643 686 5688 mutate
703 5655 771 5694 mn
788 5650 877 5697 ausi
900 5662 1081 5699 sumus.

782 5748 1029 5815 l’nnos.
1075 5752 1192 5814 Gn.
1242 5753 1367 5818 ιιι.

1877 189 2250 244 EPISTOLE.

3609 201 3712 255 618

2134 306 2322 373 premi,
2352 317 2471 358 cum
2495 304 2766 362 calamitas
2801 317 3060 365 tantarum
3087 325 3246 382 opum
3273 329 3430 372 causa
3463 318 3567 373 sit?
3595 335 3710 390 qua:

2128 395 2394 461 molestia,
2441 397 2694 467 relegatio
2737 414 2799 454 ac
2854 400 3114 458 bonorum
3168 407 3524 477 proscriptio?
3564 409 3711 468 Merit

2127 485 2286 540 verba
2335 485 2450 542 haec
2495 497 2639 555 sunt,
2685 505 2860 544 rerum
2891 493 3178 550 acerbitate
3207 511 3369 552 vacua
3398 516 3411 552 :
3443 500 3602 555 verba
3643 518 3711 557 ex

2127 591 2360 633 mmrore
2394 578 2650 648 profecta.
2699 580 2827 634 Nam
2857 581 2967 638 sive
2995 593 3220 640 mortem
3255 587 3474 656 dixeris,
3509 603 3708 648 natura:

2127 666 2364 722 debitum
2391 669 2544 736 dicis,
2574 671 2714 742 quod
2745 675 2956 742 quidem
2987 678 3205 732 omnino
3246 679 3577 736 subeundum
3607 697 3712 746 est,

2127 759 2336 816 etiamsi
2385 777 2416 816 a
2466 764 2681 818 nemine
2736 765 2994 822 inferatur
3024 787 3036 822 :
3069 769 3180 825 sive
3209 772 3453 827 exsilium
3488 773 3708 846 dixeris,

2128 851 2259 905 nihil
2303 851 2444 906 aliud
2491 851 2646 921 dicis,
2677 872 2832 926 quam
2862 859 3094 928 regionis
3119 875 3180 917 ac
3206 864 3487 921 multarum
3531 870 3711 924 civita-

2129 954 2236 997 tum
2310 955 2698 1014 prospectum:
2740 950 2850 1004 sive
2929 951 3190 1009 bonorum
3267 960 3708 1030 IlI'OSCI'ipliOHt‘ln

2125 1035 2345 1104 dixeris,
2393 1037 2688 1094 libertatem
2732 1041 2883 1108 dicis,
2931 1059 2994 1098 ac
3036 1046 3264 1102 solutum
3311 1060 3366 1105 et
3405 1055 3708 1122 expeditum

2125 1139 2265 1179 CSSC.

2197 1217 2250 1271 5.
2295 1218 2589 1274 Marutham
2621 1224 2925 1294 episcopum
2962 1226 3060 1298 (τι),
3089 1240 3342 1299 quantum
3374 1233 3424 1288 in
3453 1244 3504 1290 te
3533 1237 3711 1308 fuerit,

2125 1307 2372 1362 omnibus
2398 1308 2588 1365 officiis
2625 1315 2906 1383 complecti
2952 1333 3021 1372 ne
3065 1319 3298 1384 desinas,
3333 1333 3388 1376 ut
3410 1339 3528 1379 eum
3558 1342 3588 1381 e
3614 1307 3711 1382 ba;

2125 1397 2306 1451 rathro
2336 1400 2610 1455 extrahas.
2656 1403 2788 1458 Nam
2815 1407 2930 1475 ejus
2952 1422 3112 1477 opera
3138 1411 3207 1465 ob
3243 1412 3477 1469 Persidis
3504 1421 3713 1486 negotia

2124 1503 2448 1559 magnopere
2477 1508 2626 1562 egeo.
2659 1497 2854 1565 Atque,
2887 1498 2932 1552 si
2962 1499 3014 1552 id
3040 1516 3067 1552 a
3099 1511 3149 1556 te
3179 1503 3294 1558 fieri
3323 1514 3518 1574 potest,
3554 1524 3617 1563 ex
3647 1525 3711 1565 eo

2126 1577 2382 1671 intellige,
2416 1583 2666 1651 quidnam
2692 1586 2802 1641 illic
2827 1588 2992 1658 ipsius
3018 1593 3194 1647 studio
3211 1605 3370 1666 atque
3399 1613 3558 1668 opera
3592 1617 3713 1671 per-

2126 1669 2320 1726 fectum
2365 1674 2472 1728 sit:
2505 1684 2559 1730 et
2602 1692 2699 1732 cur
2739 1679 2876 1736 istuc
2915 1685 3184 1752 profectus
3217 1689 3304 1756 sit,
3333 1690 3418 1746 fac
3446 1669 3632 1763 sciam,
3657 1706 3714 1752 et

2128 1777 2254 1816 num
2285 1764 2335 1818 ei
2365 1765 2497 1820 duas
2524 1768 2799 1838 epistolas,
2829 1787 2960 1842 quas
2987 1775 3053 1830 ad
3072 1791 3191 1832 eum
3223 1780 3364 1844 misi,
3391 1784 3706 1853 reddideris;

2125 1853 2167 1906 si
2191 1855 2257 1908 ad
2289 1871 2375 1910 me
2401 1857 2638 1914 scribere
2670 1862 2816 1928 velit,
2851 1880 3060 1920 rursum
3102 1869 3368 1937 scribam;
3402 1874 3482 1929 sin
3513 1879 3710 1933 rescri-

2124 1945 2252 2001 bere
2293 1961 2562 2018 gravetur,
2613 1953 2821 2021 saltem,
2862 1957 2987 2026 quid
3031 1959 3138 2015 illic
3166 1962 3458 2031 profectum
3494 1968 3582 2035 sit,
3618 1971 3709 2025 tibi

2125 2051 2374 2110 exponat,
2405 2052 2457 2097 et
2485 2047 2737 2115 numquid
2770 2064 2953 2104 rursus
2973 2052 3160 2106 eodem
3189 2055 3532 2123 proficiscens
3570 2075 3709 2129 prte-

2125 2133 2346 2188 stiturns
2389 2136 2476 2189 sit.
2527 2136 2658 2191 Nam
2689 2155 2787 2208 ego
2817 2141 2916 2196 hac
2943 2142 3009 2199 de
3039 2160 3195 2201 causa
3227 2147 3397 2218 ipsum
3427 2156 3712 2211 convenire

2125 2225 2428 2282 studebam.
2475 2227 2770 2300 Utcumque
2812 2232 2900 2297 sit,
2945 2235 3196 2307 quidquid
3245 2249 3450 2296 tuarum
3484 2246 3710 2313 partium

2125 2327 2228 2383 est,
2280 2329 2492 2387 prmsta,
2539 2337 2839 2392 munusque
2888 2334 3033 2380 tuum
3074 2329 3251 2398 exple,
3281 2333 3488 2388 etiamsi
3528 2352 3715 2392 omnes

2128 2422 2296 2476 prono
2337 2410 2508 2480 capite
2547 2411 2598 2465 in
2646 2429 2885 2485 prteceps
2915 2415 3172 2474 ferantur.
3206 2421 3408 2478 Mcrccs
3452 2426 3593 2480 enim
3624 2439 3711 2482 tua

2127 2503 2364 2553 numeris
2419 2502 2666 2559 omnibus
2722 2505 2962 2561 absoluta
3013 2509 3134 2563 erit.
3191 2511 3326 2566 Eum
3369 2513 3526 2584 igitur
3555 2534 3711 2587 quam

2127 2591 2359 2646 maxime
2399 2594 2619 2662 poteris,
2652 2595 2981 2654 demereare.
3016 2600 3127 2656 Hoc
3155 2612 3332 2658 autem
3363 2608 3502 2676 quod
3540 2611 3713 2664 dictu-

2127 2695 2218 2735 rus
2245 2696 2384 2750 sum,
2414 2698 2480 2738 ne
2510 2694 2815 2754 pnetercas,
2845 2705 3029 2744 verum
3062 2691 3128 2747 de
3157 2708 3222 2747 eo
3251 2711 3501 2766 perquam
3528 2701 3714 2769 ingens

2127 2771 2356 2826 studium
2385 2774 2658 2831 exhibeas.
2691 2777 3052 2836 Narraverunt
3091 2785 3220 2839 mihi
3250 2786 3404 2841 Marsi
3441 2803 3502 2843 ac
3531 2790 3713 2846 Gotthi

2127 2864 2410 2928 monachi,
2460 2867 2599 2938 apud
2641 2883 2775 2938 quos
2821 2870 3080 2943 Serapion
3125 2877 3406 2947 cpiscopus
3457 2893 3714 2952 perpetuo

2127 2953 2488 3021 delitescebat,
2518 2957 2848 3015 Moduarium
2871 2962 3151 3019 diaconum
3179 2967 3408 3036 venisse,
3438 2971 3565 3025 illud
3587 2973 3716 3028 alle-

2128 3056 2356 3112 rentem,
2389 3049 2756 3107 admirandum
2787 3053 2935 3110 illum
2963 3059 3270 3129 episcopum
3302 3060 3531 3130 Unilam,
3556 3080 3712 3136 quem

2129 3157 2234 3196 non
2286 3142 2356 3194 ita
2405 3143 2608 3212 pridem
2657 3147 2895 3202 ordinavi
2951 3161 3110 3220 atque
3166 3153 3217 3207 in
3272 3155 3541 3213 Gotthiam
3569 3160 3712 3225 misi,

2129 3233 2309 3288 multis
2334 3250 2396 3289 ac
2421 3237 2624 3306 magnis
2653 3237 2813 3294 rebus
2841 3242 3023 3310 gestis,
3061 3243 3201 3298 diem
3230 3260 3384 3301 suum
3415 3259 3714 3306 extrctnnm

2126 3325 2383 3383 clausisse
2409 3345 2422 3382 :
2467 3345 2529 3384 ac
2577 3331 2716 3401 regis
2744 3331 3062 3390 Gotthorum
3093 3335 3273 3394 literas
3298 3341 3565 3409 attulisse,
3596 3346 3717 3413 qui-

2130 3417 2248 3482 bus,
2294 3427 2349 3472 ut
2391 3418 2455 3472 ad
2495 3435 2590 3478 eos
2629 3413 2912 3494 epiSeopus
2951 3427 3208 3494 mittatur,
3256 3433 3405 3499 petit.
3454 3433 3713 3498 Quoniam

2131 3508 2288 3578 igitur
2312 3508 2377 3563 ad
2409 3511 2807 3568 subversionem
2834 3530 2974 3582 eam,
3009 3518 3158 3588 cujus
3179 3519 3336 3575 minae
3362 3522 3512 3576 nobis
3537 3523 3712 3577 inten-

2132 3609 2329 3678 tantur,
2349 3602 2718 3674 depcllendam
2741 3607 2943 3664 nullum
2962 3610 3103 3665 aliud
3120 3611 3482 3681 adjumentum
3512 3618 3718 3686 Conspi-

2131 3697 2231 3763 cio,
2267 3715 2422 3768 quam
2462 3702 2852 3758 cunctationem
2883 3718 2948 3758 ac
2974 3704 3281 3760 dilationem
3324 3709 3342 3778 (
3374 3724 3544 3779 neque
3573 3709 3712 3764 enim

2132 3805 2272 3844 nunc
2300 3791 2398 3860 ipsi
2426 3793 2480 3846 in
2510 3792 2862 3861 Bosphorum,
2893 3803 2985 3848 aut
3008 3795 3059 3850 in
3105 3796 3222 3851 illas
3253 3807 3432 3866 partes
3467 3801 3716 3872 navigare

2134 3881 2400 3951 possunt),
2427 3881 2492 3936 da
2523 3897 2738 3952 operam
2766 3894 2823 3938 ut
2852 3885 2972 3940 illos
3000 3889 3258 3957 tantisper
3295 3890 3366 3946 ob
3393 3891 3602 3948 hiemen
3633 3909 3720 3948 re-

2132 3974 2360 4027 moreris
2399 3989 2413 4026 :
2459 3973 2594 4040 ltzce,
2640 3991 2854 4044 quaeso,
2901 3992 2969 4032 ne
3017 3979 3346 4050 negligenter
3390 3993 3714 4053 praetereas:

2132 4065 2274 4120 istud
2317 4067 2458 4122 enim
2502 4068 2716 4123 maximi
2760 4072 3014 4126 momenti
3060 4080 3159 4127 est.
3211 4073 3325 4129 Duo
3351 4077 3546 4146 quippe
3571 4089 3714 4144 sunt,

2133 4173 2252 4226 qua:
2295 4159 2340 4212 si
2381 4159 2708 4229 contingant,
2739 4162 2882 4232 quod
2929 4163 3068 4217 Deus
3099 4173 3323 4232 avertat,
3375 4170 3604 4224 maxime
3631 4187 3721 4222 me

2133 4251 2467 4318 excruciant;
2500 4268 2690 4322 nempe
2717 4262 2771 4309 et
2803 4253 2944 4324 quod
2973 4255 3040 4309 ab
3070 4255 3184 4310 istis
3213 4257 3478 4312 creandus
3509 4258 3597 4314 ille
3627 4262 3717 4324 sit,

2133 4347 2220 4414 qui
2265 4353 2341 4400 tot
2382 4347 2520 4400 mala
2567 4357 2964 4418 perpetrarunt,
2997 4359 3049 4404 et
3097 4364 3125 4403 a
3156 4351 3346 4418 quibus
3375 4352 3546 4406 creari
3571 4355 3720 4408 nefas

2134 4445 2248 4500 est;
2278 4445 2332 4492 et
2360 4437 2501 4508 quod
2533 4438 2844 4509 simpliciter
2871 4440 3130 4510 quispiam
3157 4449 3388 4496 creetur.
3417 4441 3547 4496 Nam
3575 4446 3716 4514 quod

2136 4546 2240 4585 non
2285 4530 2386 4586 hoc
2427 4532 2694 4598 studeant,
2726 4542 2782 4587 ut
2825 4534 3048 4602 probum
3082 4534 3250 4588 virum
3297 4535 3592 4601 instituant,
3626 4537 3717 4590 tihi

2133 4638 2344 4693 quoque
2392 4633 2727 4694 perspectum
2771 4633 2874 4680 est.
2903 4625 3054 4693 Quod
3088 4625 3133 4680 si
3175 4625 3277 4681 hoc
3307 4625 3416 4690 fiat,
3442 4627 3582 4697 quod
3612 4632 3719 4681 uti.

2135 4729 2256 4767 nam
2302 4729 2370 4768 ne
2418 4715 2528 4778 iiat,
2559 4731 2677 4786 qua:
2719 4715 2974 4787 deinceps
2998 4725 3288 4787 sequentur
3312 4716 3454 4772 haud
3483 4725 3536 4773 te
3565 4717 3715 4787 fugit.

2137 4807 2212 4859 Ac
2255 4806 2498 4876 proinde.
2550 4823 2616 4862 ne
2653 4807 2782 4877 quid
2829 4807 3017 4862 horum
3066 4809 3175 4873 fiat,
3207 4808 3352 4863 omni
3381 4809 3556 4864 studio
3593 4826 3722 4864 con-

2137 4899 2313 4953 tende.
2339 4899 2491 4967 Quod
2517 4900 2562 4954 si
2620 4899 2922 4955 Moduarius
2947 4901 3081 4956 clam
3105 4916 3166 4956 ac
3189 4902 3306 4956 sine
3347 4902 3457 4958 ullo
3497 4905 3722 4974 strepitu

2136 4992 2201 5046 ad
2232 5007 2330 5047 nos
2355 5008 2642 5048 excurrere
2670 5002 2869 5062 posset.
2900 4994 2953 5049 id
2982 5009 3160 5064 operae
3184 4996 3408 5066 pretium
3439 5005 3596 5052 esset.
3628 4998 3721 5050 Sin

2134 5094 2312 5139 autem
2354 5083 2404 5138 id
2447 5093 2697 5155 nequeat,
2725 5084 2873 5150 fiant,
2903 5095 2961 5141 ut
2989 5086 3132 5154 licet,
3159 5103 3277 5158 quae
3307 5087 3421 5144 fieri
3452 5098 3722 5158 poterunt.

2136 5174 2266 5228 Nam
2295 5175 2434 5244 quod
2462 5176 2514 5229 in
2545 5177 2783 5246 pecuniis
2806 5191 2903 5230 usu
2925 5179 3085 5241 venit,
3115 5187 3272 5248 atque
3298 5180 3457 5234 etiam
3486 5181 3536 5234 in
3565 5169 3722 5237 vidua

2135 5266 2221 5320 illa
2262 5266 2502 5336 contigit,
2532 5265 2634 5320 hoc
2662 5281 2873 5337 quoque
2899 5268 2950 5322 in
2979 5269 3202 5338 negotiis
3233 5267 3406 5323 locum
3438 5270 3618 5328 habet.
3657 5273 3724 5328 lit

2136 5360 2278 5414 enim
2324 5359 2410 5413 illa
2449 5358 2659 5414 duobus
2699 5359 2872 5414 obolis
2918 5361 3126 5416 collatis
3172 5378 3382 5429 omnes,
3435 5365 3524 5434 qui
3574 5366 3724 5431 plura

2135 5452 2491 5520 contulerant,
2533 5454 2821 5522 superavit,
2873 5464 2929 5508 ut
2957 5471 3076 5524 qua:
3107 5456 3382 5512 universas
3425 5471 3548 5510 suas
3594 5472 3723 5524 Opes

2197 5585 2272 5648 (α)
2307 5593 2374 5635 De
2399 5585 2609 5652 ttarutha
2629 5586 2731 5652 viro
2753 5594 2920 5652 sancto
2959 5589 3188 5652 Episcopo
3229 5587 3595 5650 Martyroyoleos
3622 5583 3717 5652 jlu~

2135 5647 2272 5700 ribus
2295 5654 2456 5699 actum
2482 5656 2558 5700 est
2580 5648 2630 5697 in
2656 5649 2751 5700 vita
2772 5647 3102 5712 cliljsostmni.
