4058 6218
447 368 548 422 δω

454 498 776 573 profudisset
815 493 965 566 (Luc.
996 486 1087 542 ἓιι.
1113 483 1166 536 2.
1196 481 1250 552 '5)
1277 497 1288 532 :
1321 478 1400 530 sic
1436 473 1596 528 etiam
1624 485 1714 539 qui
1741 469 1794 521 in
1826 465 2032 534 negotia

455 594 600 650 onmi
631 589 788 646 animi
815 582 1152 641 contentione
1179 571 1512 635 incumbunt,
1544 575 1797 638 quantum
1823 560 2034 631 quidem

458 691 509 745 in
557 687 681 757 ipsis
729 691 830 742 est,
876 669 1458 730 omniaconfeecrunt,
1504 658 1710 717 etiamsi
1755 655 1888 712 nihil
1915 653 2036 708 inde

453 775 694 833 utilitatis
720 766 962 830 manarit,
993 760 1400 828 mercedemque
1428 769 1575 810 suam
1604 750 1840 806 numeris
1864 745 2039 800 omni-

454 871 550 926 bus
582 865 879 920 absolutam
904 859 1118 913 habent.
1151 852 1349 908 llilario
1368 849 1620 919 episcopo
1642 841 1900 897 maximas
1919 853 2039 908 gra-

455 963 554 1016 tias
581 973 680 1028 ago
712 967 844 1024 :per
868 952 1049 1005 literas
1077 947 1217 1002 enim
1263 959 1292 997 a
1323 957 1408 996 me
1450 940 1617 1011 petiit,
1645 946 1706 992 ut
1728 933 1826 989 sibi
1859 934 1912 986 in
1946 946 2031 985 ur-

452 1055 572 1109 hem
591 1065 739 1105 suam
766 1043 992 1103 abeundi
1029 1047 1340 1113 potestatem
1359 1037 1605 1097 facerem,
1625 1026 2038 1098 compositisque

452 1147 610 1203 rebus
633 1159 692 1200 se
717 1142 783 1198 ad
811 1155 908 1195 nos
934 1139 1228 1195 rediturum
1253 1128 1557 1202 spopondit.
1589 1123 1850 1194 Quoniam
1879 1121 2040 1191 igitur

452 1240 618 1310 ipsius
647 1232 924 1306 prmsentia
957 1246 1059 1284 non
1087 1243 1272 1300 parum
1321 1223 1465 1278 utilis
1494 1228 1576 1275 est
1613 1219 1630 1289 (
1661 1232 1779 1270 nam
1810 1215 1890 1268 vir
1922 1212 2038 1282 pius

451 1343 551 1398 est,
587 1328 957 1398 constantique
1003 1338 1064 1378 ac
1110 1319 1314 1376 fervido
1342 1313 1584 1385 animo),
1630 1327 1752 1366 eum
1798 1308 2041 1362 hortatus

453 1439 570 1479 sum
591 1425 608 1454 ¹
631 1430 706 1484 ut,
752 1436 872 1475 cum
916 1432 980 1472 eo
1023 1412 1293 1486 profectus
1318 1409 1496 1474 fuerit,
1526 1404 1702 1459 statim
1730 1401 1932 1456 redeat.
1965 1400 2042 1452 Ac

455 1514 678 1588 proinde
703 1511 767 1566 da
802 1523 1038 1580 operam,
1068 1514 1124 1560 ut
1153 1503 1375 1574 epistola
1419 1508 1597 1553 nostra
1629 1503 1682 1550 et
1714 1492 1962 1550 celeriter
1990 1497 2043 1544 rt

458 1584 570 1664 tuto
601 1605 700 1676 ipsi
730 1602 1000 1667 reddatur,
1031 1615 1093 1653 ac
1123 1611 1228 1652 non
1251 1592 1559 1665 projiciatur
1588 1606 1600 1642 :
1633 1584 1893 1656 siquidem
1924 1596 2041 1637 ma-

457 1718 560 1774 gna
585 1717 704 1756 cum
731 1696 1016 1768 cupiditate
1039 1707 1102 1748 ac
1125 1686 1461 1746 vehementia
1502 1690 1713 1738 nostras
1740 1679 1922 1734 literas
1946 1690 2042 1746 po-

459 1769 711 1859 stulavit,
771 1791 1144 1860 ingentemque
1198 1781 1362 1852 ipsius
1426 1774 1709 1848 praesentia
1765 1769 2044 1826 utilitatem

459 1887 633 1942 affert.
673 1882 843 1938 Velim
886 1881 1044 1950 igitur
1086 1891 1176 1932 eas
1202 1874 1486 1944 diligenter
1505 1881 1680 1932 cures,
1719 1875 1775 1921 ut
1800 1863 1900 1920 nisi
1929 1877 2048 1933 pre-

459 1980 642 2050 sbyter
693 1973 963 2030 llelladius
1010 1969 1130 2024 istic
1173 1967 1261 2033 sil,
1317 1979 1412 2034 per
1457 1959 1771 2032 prudentem
1813 1954 2047 2024 aliquem

464 2071 633 2124 virum
665 2081 726 2121 ac
750 2064 972 2122 cerebro
998 2059 1280 2133 prteditum
1307 2053 1494 2109 amicis
1519 2048 1833 2106 reddantur.

550 2161 632 2215 Ad
667 2158 892 2215 eamdem
926 2152 1138 2226 epistola
1164 2149 1214 2204 Χ
1232 2148 1290 2201 V.
1324 2143 1615 2220 (Arabisso
1641 2153 1781 2195 anno
1804 2135 1957 2209 406.)

533 2255 702 2317 Tune,
725 2265 846 2307 cum
864 2248 931 2303 ab
952 2248 1167 2302 ineunte
1183 2249 1338 2297 aetate
1361 2247 1564 2294 tantum
1582 2230 1928 2306 philosophiae
1938 2243 2054 2299 spc-

465 2346 636 2399 cimen
655 2339 886 2404 dederis,
911 2337 1305 2401 humanumque
1332 2322 1881 2396 fastumproculcaris,
1900 2333 2051 2391 spem

465 2435 699 2492 habebas
716 2433 828 2486 fore
857 2439 913 2485 ut
931 2425 1266 2496 tranquillam
1284 2437 1347 2477 ac
1367 2428 1604 2491 pacatam
1625 2417 1784 2470 vitam
1803 2410 2052 2468 duceres?

466 2528 565 2596 Qui
585 2540 710 2582 vero
735 2523 786 2578 id
809 2521 920 2576 ﬁeri
937 2517 1138 2591 posset?
1151 2515 1280 2571 Nam
1298 2527 1418 2568 cum
1437 2509 1678 2565 homines
1693 2520 1812 2562 cum
1831 2501 2055 2560 homini-

467 2624 566 2679 bus
590 2619 936 2676 colluctantes
955 2655 968 2679 ,
1001 2614 1305 2667 innumeras
1333 2617 1443 2662 tum
1472 2605 1524 2660 in
1556 2599 1817 2674 palaestris
1857 2607 1969 2652 tum
2000 2597 2052 2650 in

465 2717 618 2774 bellis
646 2714 829 2786 plagas
853 2709 1112 2780 accipiant
1141 2725 1155 2762 :
1186 2715 1261 2769 tu,
1289 2718 1407 2774 qum
1435 2699 1692 2755 adversus
1727 2692 2054 2766 principatus

466 2823 519 2866 et
563 2816 874 2880 potestates,
918 2803 1176 2857 adversus
1205 2795 1388 2852 mundi
1433 2800 1671 2849 rectores
1714 2787 2051 2842 tenebrarum

468 2902 625 2971 hujus
664 2897 866 2963 surculi,
905 2895 1159 2948 adversus
1184 2886 1478 2959 spiritualia
1506 2881 1754 2953 nequitia:
1787 2889 1839 2933 te
1874 2875 2054 2932 accin-

469 2993 593 3048 xisti
634 2989 847 3062 (Bp/tes.
876 2987 929 3041 6.
965 2985 1074 3054 12),
1119 2991 1175 3038 et
1212 2980 1424 3051 quidem
1471 2977 1541 3031 ita
1587 2983 1826 3037 strenue,
1876 2977 2057 3037 totque

472 3099 670 3156 tropea
703 3080 941 3146 erexisti,
969 3093 1030 3132 ac
1057 3086 1134 3131 tot
1160 3073 1331 3129 modis
1367 3070 1598 3124 ferocem
1631 3067 1777 3119 illmn
1805 3069 1860 3117 et
1896 3060 2058 3132 pesti-

471 3181 643 3236 ferum
673 3177 968 3231 dwmonem
1013 3168 1257 3224 molestia
1297 3161 1539 3225 affecisti,
1581 3158 1723 3214 unde
1764 3155 1976 3210 tandem
2006 3153 2056 3208 in

474 3288 591 3327 eam
619 3283 766 3340 spent
787 3277 1032 3330 veneras,
1059 3259 1171 3315 fore
1202 3269 1252 3314 ut
1281 3253 1614 3325 tranquillam
1637 3265 1698 3305 ac
1726 3247 2056 3318 negotiorum

474 3361 732 3420 molestiis
758 3372 976 3414 vacuam
1001 3356 1162 3410 vitam
1188 3349 1412 3422 ageres?
1441 3345 1700 3414 Quocirca
1729 3357 1834 3395 non
1871 3352 1936 3393 eo
1961 3353 2058 3391 no-

477 3459 622 3513 mine
666 3452 959 3526 perturbari
985 3448 1250 3510 convenit,
1281 3441 1420 3514 quod
1453 3439 1616 3494 multa
1640 3435 1870 3505 undique
1896 3431 2058 3498 bella,

475 3523 734 3618 multique
772 3543 1026 3598 tumultus
1072 3554 1135 3595 ac
1164 3534 1589 3609 perturbationes
1632 3523 2060 3595 0riantur:quin

480 3641 676 3712 petitis,
723 3637 769 3692 si
816 3634 948 3690 nihil
980 3632 1168 3687 horum
1199 3627 1541 3697 contigisset,
1576 3631 1683 3676 tum
1711 3619 1924 3674 dentom
1950 3623 2064 3670 erat

483 3748 578 3788 cur
607 3729 899 3786 mirareris.
945 3723 1219 3795 Siquidem
1263 3716 1442 3774 virtuti
1487 3714 1638 3769 labor
1680 3727 1742 3765 ac
1777 3708 2062 3763 discrimen

481 3825 743 3880 adnexum
772 3827 871 3875 est.
896 3816 1058 3887 quue
1081 3824 1133 3868 tu
1162 3813 1306 3883 prius
1327 3810 1508 3873 etiam,
1540 3819 1696 3874 quam
1719 3809 1927 3856 nostras
1951 3797 2067 3852 lite-

481 3932 569 3972 ras
597 3916 759 3985 legas,
786 3916 1121 3981 perSpectnm
1153 3903 1336 3967 habes,
1369 3915 1469 3954 nec
1494 3912 1628 3968 opus
1655 3905 1738 3950 est
1765 3901 1820 3948 ut
1847 3890 1916 3945 ab
1951 3889 2068 3943 aliis

482 4011 693 4065 discas:
723 4019 844 4059 nam
874 4017 972 4058 nec
1001 3999 1121 4070 ipsi,
1161 4009 1218 4050 ut
1247 3996 1576 4066 ignorantem
1615 3987 1922 4049 doceamus,
1955 3980 2069 4035 hmc

484 4099 788 4154 scribimus.
837 4093 1047 4149 Scimus
1087 4088 1250 4154 enim,
1303 4099 1403 4140 nec
1451 4080 1718 4144 exsilium,
1767 4090 1867 4131 nec
1908 4087 2068 4144 cpum

483 4195 764 4266 iacturam,
809 4185 951 4257 quod
995 4183 1233 4253 plerique
1284 4173 1673 4233 intolerandum
1703 4171 1930 4234 ducunt,
1965 4180 2068 4220 non

487 4281 887 4344 contumeliam,
931 4292 1034 4332 nou
1077 4273 1235 4328 aliam
1267 4271 1429 4324 ullam
1459 4263 1761 4337 huiusmodi
1796 4259 2071 4317 calamita-

488 4392 596 4435 tem
647 4385 699 4431 te
737 4371 1046 4445 perturbare
1077 4381 1253 4438 posse.
1283 4361 1413 4418 Nam
1442 4375 1562 4415 cum
1593 4371 1808 4420 eorum,
1841 4353 1928 4424 qui
1961 4352 2073 4404 haec

490 4469 846 4544 pertulerunt,
873 4465 1001 4522 socii
1031 4461 1169 4518 beati
1194 4457 1567 4530 pra‘dicentur,
1597 4451 1766 4506 multo
1793 4459 1938 4504 certe
1959 4447 2076 4500 bea-

490 4569 661 4623 tiores
684 4568 812 4618 suut
834 4558 923 4630 qui
954 4558 1004 4611 in
1034 4555 1096 4609 iis
1123 4559 1422 4607 versantur.
1452 4547 1632 4615 anue
1661 4542 1729 4598 de
1757 4554 1914 4595 causa
1939 4538 2076 4592 Pau-

492 4661 574 4714 lus
609 4666 832 4725 utroqne
857 4649 1070 4706 nomine
1111 4659 1205 4702 eos
1242 4643 1329 4714 qui
1357 4641 1425 4696 ab
1451 4639 1794 4694 llebrazorum
1822 4631 2077 4701 religione

491 4750 560 4806 ad
587 4724 944 4805 Christianam
984 4740 1140 4795 fidem
1169 4753 1228 4794 se
1256 4733 1611 4796 contulerant,
1641 4729 1723 4782 his
1758 4725 1933 4781 verbis
1961 4724 2076 4777 lau-

493 4845 584 4898 dat
611 4860 624 4896 :
666 4833 1092 4896 Rememoramini
1117 4831 1353 4902 pristinos
1375 4827 1502 4890 dies,
1528 4824 1583 4877 in
1601 4821 1777 4891 quibus
1810 4817 2083 4871 illuminatt'

497 4952 738 5007 magnum
766 4943 1016 4988 certamen
1042 4924 1346 4982 sustinuistis
1373 4919 1678 4989 passionum,
1708 4915 1759 4967 in
1784 4911 1941 4965 altero
1970 4910 2084 4978 qui-

498 5000 614 5082 dem
643 5023 927 5094 opprobriis
951 5036 1012 5073 ac
1039 5012 1445 5072 tribulationibus
1477 5007 1820 5080 spectaculum
1859 5002 2002 5073 facti,
2032 5000 2083 5053 in

502 5093 873 5172 alterorautem
901 5111 1023 5167 socii
1068 5109 1232 5163 taliter
1275 5101 1671 5160 conversantium
1705 5097 1868 5164 e/fccti
1899 5093 2082 5166 (Hebr.

504 5213 590 5267 10.
624 5209 714 5265 32.
743 5207 857 5278 55).
889 5205 970 5261 0b
996 5202 1154 5273 idque
1183 5216 1251 5256 ne
1276 5213 1374 5253 nos
1399 5197 1611 5267 quidem
1650 5193 1860 5262 longam
1889 5186 2089 5256 episto—

506 5303 611 5356 lam
659 5298 962 5356 condimus.
1011 5293 1179 5350 Nemo
1220 5291 1362 5346 enim
1413 5287 1480 5342 ad
1525 5301 1646 5342 eum
1691 5283 1780 5354 qui
1811 5279 2090 5344 victorian;

506 5393 730 5462 adeptus
773 5401 876 5456 est,
902 5403 966 5444 ac
994 5386 1319 5447 luculentum
1349 5393 1604 5450 tropaeum
1637 5374 1839 5435 statuit,
1863 5370 2089 5433 accedit,

509 5493 566 5540 ut
587 5461 744 5554 opem
771 5479 924 5543 ferat,
953 5477 1046 5532 sed
1071 5486 1132 5532 ut
1158 5475 1367 5530 laudem
1395 5482 1449 5528 et
1475 5466 1925 5541 prazdieationem.
1949 5461 2094 5540 Quo-

574 5623 592 5654 ί
625 5621 698 5670 sic
718 5625 826 5668 Mss.
845 5625 1049 5672 omnes;
1073 5610 1210 5669 aditi,
1245 5605 1420 5658 hortati
1452 5609 1580 5672 sunt.
1604 5603 2098 5672 veramiessetlanp-

510 5661 1095 5746 mﬁﬁgo'ﬁ'té’éiiagégt
1131 5661 1267 5742 patet
1309 5681 1377 5740 ex
1420 5669 1553 5746 serie
1571 5661 1886 5746 :‘l-z‘pt'stolam,
1923 5661 2095 5724 inquit,

513 5728 781 5806 sesima
803 5738 895 5790 cito
934 5728 1268 5806 mittito,'qnia
1301 5729 1352 5783 in
1395 5742 1454 5780 ea
1491 5728 1704 5779 hortatus
1736 5737 1843 5776 sum
1877 5735 2009 5784 erait,
2045 5728 2098 5771 ut

513 5799 867 5876 quamprimum
890 5799 1071 5853 redeat.

1231 346 1288 399 S.
1328 335 1602 396 .IOANNIS
1663 317 2128 385 CHRYSOS‘I'OMI
2170 318 2486 375 ARCHIEP.
2527 307 3063 372 CONSTANTINOP.

3617 295 3719 352 6'30

2145 432 2284 485 niam
2331 429 2490 500 igitur
2537 442 2634 482 nos
2673 438 2881 496 quoque
2927 421 3125 476 scimus
3151 425 3402 488 quantam
3435 416 3486 492 in
3513 415 3577 468 iis
3601 428 3720 484 qum

2141 522 2234 576 tibi
2277 518 2604 585 acciderunt,
2635 513 3024 587 plti|050plii.ttn
3067 508 3392 571 exhibueris,
3426 507 3634 562 beatam
3671 513 3719 557 te

2141 613 2384 668 ducimus
2427 626 2492 666 ac
2529 610 2866 679 suSpicitnus,
2921 615 3028 659 tum
3059 603 3129 658 ob
3159 601 3487 671 patientiam,
3515 605 3627 656 tum
3652 596 3724 649 oh

2142 703 2357 776 praemia
2388 717 2507 773 quae
2530 701 2653 756 hinc
2675 700 2767 755 tibi
2790 699 2840 754 in
2880 705 3150 768 posterum
3180 689 3560 748 reconduntur.
3593 688 3722 756 Quia

2140 806 2318 853 autem
2367 797 2478 851 SCiO
2523 805 2576 850 te
2621 793 2689 848 de
2735 807 2910 848 rerum
2940 798 3238 844 nostrarum
3275 783 3727 840 statu'certiorem

2145 890 2257 946 ﬁeri
2288 884 2522 956 cupere;
2564 884 2826 955 siquidem
2855 883 2946 938 diu
2989 879 3128 936 tacui
3155 897 3168 935 :
3202 877 3304 933 hoc
3328 877 3544 941 habeto,
3572 887 3670 926 nos
3699 888 3730 926 e

2143 980 2455 1052 gravissimo
2483 978 2698 1049 quidem
2728 974 2917 1030 morbo
2945 971 3252 1035 emersisse,
3275 977 3527 1024 caeterum
3557 964 3730 1018 morbi

2144 1074 2396 1144 reliquias
2437 1074 2729 1127 etiamnum
2766 1067 3127 1125 circumferre.
3157 1063 3398 1132 Optimos
3437 1067 3584 1115 certe
3614 1071 3730 1112 me-

2143 1167 2293 1222 dicos
2340 1176 2534 1236 priesto
2579 1164 2836 1217 habemus
2877 1177 2890 1213 :

2145 1258 2322 1327 inopia
2349 1256 2628 1312 medicina:
2670 1254 2946 1310 utilitatem
2990 1246 3286 1302 labefactat.
3320 1244 3416 1298 llic
3443 1241 3589 1298 enim
3626 1256 3729 1293 non

2144 1348 2308 1405 modo
2350 1346 2772 1404 necessariorum
2821 1341 3334 1396 medicamentorum
3378 1331 3600 1404 penuria
3626 1338 3732 1390 est,

2145 1452 2570 1511 czeterarutnque
2616 1453 2793 1494 rerum
2842 1435 3032 1505 quibus
3065 1445 3264 1500 aegrum
3293 1441 3488 1496 corpus
3507 1423 3731 1480 relevari

2147 1542 2344 1605 potest,
2375 1546 2558 1587 verum
2585 1530 2743 1586 etiam
2773 1527 2938 1582 fames
2962 1539 3024 1579 ac
3043 1521 3208 1594 pestis
3239 1519 3537 1575 imminent.
3563 1516 3736 1585 Atque

2150 1627 2264 1681 hmo
2293 1623 2431 1680 mala
2461 1630 2753 1694 perpetuus
2782 1620 3048 1674 latronum
3079 1617 3307 1684 impetus
3345 1610 3455 1680 jam
3487 1605 3732 1679 parturit,

2149 1719 2238 1790 qui
2281 1733 2440 1788 quam
2473 1714 2781 1785 longissime
2822 1719 3146 1783 grassantes,
3175 1715 3335 1776 atque
3361 1715 3549 1759 omnes
3584 1699 3736 1755 undi-

2147 1827 2254 1882 que
2281 1811 2394 1866 vias
2419 1806 2856 1869 intercludentes,
2888 1804 3012 1858 hinc
3035 1815 3246 1874 quoque
3270 1811 3375 1852 non
3404 1809 3623 1866 parvum
3648 1793 3731 1857 iis,

2150 1902 2240 1971 qui
2263 1902 2364 1956 iter
2387 1899 2608 1965 faciunt,
2650 1895 2941 1968 periculum
2981 1902 3184 1948 creant.
3215 1889 3354 1946 Sane
3381 1885 3735 1949 Andronicus,

2153 2004 2210 2050 ut
2252 1995 2366 2065 ipse
2409 1993 2504 2059 ait,
2538 1992 2803 2046 ineorum
2847 2001 3038 2042 manus
3083 1981 3286 2048 incidit,
3327 1990 3489 2050 atque
3517 1977 3584 2034 ab
3612 1977 3740 2047 ipsis

2153 2087 2465 2158 dispoliatus
2484 2087 2498 2116 ¹
2517 2126 2533 2152 ,
2585 2084 2656 2138 ita
2685 2083 2862 2137 salvus
2906 2078 3096 2136 evasit.
3123 2073 3479 2144 Quamobrem
3506 2082 3558 2126 te
3587 2084 3737 2140 rogo,

2155 2196 2224 2236 ne
2247 2195 2404 2250 quem
2432 2175 2652 2248 posthac
2681 2175 2784 2230 huc
2807 2173 3009 2230 mittas.
3043 2170 3134 2224 Est
3163 2168 3305 2224 enim
3331 2162 3644 2229 verendum,
3673 2177 3740 2215 ne

2155 2271 2502 2344 profectionis
2541 2269 2607 2324 ad
2657 2283 2754 2322 nos
2781 2280 2940 2321 causa
2981 2263 3050 2328 ei,
3093 2263 3181 2333 qui
3227 2261 3327 2315 iter
3367 2259 3468 2312 hoc
3497 2255 3733 2324 suscipit,

2156 2377 2344 2419 necem
2388 2369 2649 2416 accersat.
2683 2357 2834 2427 Quod
2864 2357 2908 2411 si
2939 2353 3165 2418 accidat,
3195 2367 3300 2405 non
3331 2360 3382 2404 te
3420 2347 3554 2418 fugit
3577 2361 3742 2416 quan-

2158 2463 2269 2510 tum
2295 2452 2534 2508 dolorem
2581 2450 2632 2505 id
2680 2449 2833 2505 nobis
2862 2447 3145 2501 allaturum
3167 2443 3256 2496 sit.
3291 2439 3488 2494 Verum
3515 2437 3560 2492 si
3584 2450 3743 2506 quem

2157 2554 2409 2617 spectata:
2448 2541 2569 2597 fidei
2611 2539 2883 2595 hominem
2923 2533 3266 2594 nancisearis,
3296 2529 3386 2600 qui
3425 2528 3494 2583 ob
3524 2527 3626 2581 alia
3650 2539 3743 2579 ne-

2156 2638 2300 2709 gotia
2345 2635 2450 2691 hoc
2488 2649 2548 2690 se
2584 2631 2842 2696 conferat,
2885 2643 2983 2698 per
3013 2641 3158 2691 eum,
3198 2639 3304 2694 quo
3331 2629 3471 2676 statu
3495 2618 3750 2673 valetudo

2158 2707 2246 2786 tua
2290 2729 2394 2796 sit,
2437 2728 2518 2782 fac
2555 2726 2740 2781 sciam.
2787 2720 3039 2779 Privatim
3085 2725 3262 2772 autem
3287 2729 3350 2768 ac
3379 2721 3575 2767 nostra:
3601 2707 3750 2764 utili-

2160 2826 2283 2882 tatis
2325 2838 2484 2894 causa
2514 2835 2673 2878 nemo
2700 2819 2806 2875 huc
2847 2818 3057 2880 veniat,
3089 2813 3159 2869 ob
3187 2827 3307 2868 eum
3331 2825 3487 2881 quem
3516 2806 3753 2862 diximus

2161 2925 2381 2973 metum.

2945 1157 3039 1212 sed
3085 1154 3505 1210 necessariarum
3549 1161 3729 1204 rerum

2267 3009 2348 3064 Ad
2373 3007 2599 3062 eamdem
2625 3002 2838 3074 epistola
2866 2999 2916 3055 Χ
2932 2998 3028 3054 VI.
3058 2997 3290 3068 (Cucuso
3319 3008 3460 3049 anno
3489 2989 3640 3061 405.)

2236 3101 2372 3156 Deus
2403 3116 2492 3170 per
2521 3097 2637 3153 laeta
2660 3106 2706 3150 et
2734 3096 2945 3149 aduersa
2983 3092 3180 3162 piorum
3214 3089 3366 3142 vitam
3402 3084 3757 3155 gubernat.—

2166 3194 2459 3262 Utrutnque
2503 3188 2784 3264 ineffabilis
2843 3184 2937 3240 Dei
2990 3179 3334 3251 benignitatis
3374 3183 3756 3245 argumentum

2163 3297 2246 3345 est
2269 3303 2284 3354 ;
2311 3299 2504 3370 nempe
2532 3267 2672 3353 quod
2707 3290 2761 3334 et
2789 3286 2867 3333 tot
2896 3277 2986 3332 tibi
3016 3283 3292 3342 tantasque
3319 3267 3638 3325 tentationes
3668 3266 3757 3319 in-

2164 3379 2287 3436 ferri
2326 3365 2618 3449 permittit,
2652 3387 2758 3443 quo
2784 3367 3172 3440 splendidiores
3212 3373 3440 3418 coronas
3477 3357 3757 3418 obtinens,

2165 3481 2220 3529 ct
2249 3447 2640 3543 quamprimum
2670 3464 2752 3519 his
2773 3471 2826 3517 te
2854 3460 3062 3523 liberat,
3097 3472 3165 3511 ne
3192 3455 3452 3508 illatarum
3479 3447 3764 3503 calamita-

2168 3539 2280 3621 tum
2309 3539 2656 3618 diuturnitate
2697 3569 2908 3610 rursum
2951 3548 3289 3620 Opprintaris.
3312 3543 3392 3599 Ad
3432 3541 3574 3596 hunc
3608 3539 3762 3594 enim

2169 3656 2382 3714 modum
2413 3655 2552 3709 Deus
2576 3649 2790 3704 fortium
2821 3646 2982 3702 etiam
3014 3643 3223 3696 illormn
3251 3637 3509 3698 virorum,
3546 3635 3649 3685 hoc
3678 3639 3767 3684 est

2169 3745 2530 3818 apostolorum
2559 3751 2614 3798 et
2641 3737 3019 3811 prophetarum
3049 3732 3208 3788 vitam
3239 3724 3549 3799 gubernavit
3569 3764 3584 3787 ,
3613 3734 3767 3776 nunc

2171 3840 2365 3894 ﬂuctus
2401 3834 2620 3892 excitari
2651 3832 2833 3889 sinens
2853 3871 2867 3895 ,
2897 3841 3037 3882 nunc
3063 3831 3241 3880 autem
3283 3819 3630 3875 adversarum
3670 3827 3768 3867 re-

2173 3947 2291 3988 rum
2315 3943 2462 3984 mare
2486 3926 2790 3994 increpans,
2812 3935 2876 3976 ac
2899 3933 3094 3974 saevam
3119 3923 3370 3984 tempesta
3379 3897 3560 3964 temin
3584 3919 3769 3960 amca-

2173 4038 2296 4079 nam
2344 4017 2778 4090 tranquillitatem
2821 4017 3163 4068 convertens.
3197 4005 3359 4075 Igitur
3401 4001 3528 4054 flere
3567 4011 3632 4052 ac
3686 4006 3774 4050 te-

2174 4117 2343 4184 ipsam
2364 4088 2595 4167 mter-ore
2614 4105 2880 4162 conﬁcere
2899 4101 3103 4163 desine,
3126 4112 3224 4152 nec
3244 4095 3519 4150 dumtaxat
3542 4088 3775 4144 crebras

2174 4223 2288 4273 eas,
2318 4207 2426 4260 imo
2466 4211 2749 4274 perpetuas
2776 4196 3095 4252 acerbitates
3127 4234 3142 4256 ,
3170 4204 3287 4260 qua:
3314 4186 3405 4242 tibi
3439 4181 3775 4247 inferuntur,

2176 4308 2302 4354 ante
2343 4273 2528 4352 oculos
2568 4293 2660 4347 tibi
2701 4302 2972 4362 propone,
3006 4298 3186 4339 verum
3227 4281 3383 4336 etiam
3425 4273 3778 4330 celerrimam

2178 4403 2363 4446 earum
2407 4375 2772 4454 depulsionem
2801 4421 2816 4445 ,
2861 4390 3085 4444 eamque
3132 4387 3250 4442 qtae
3289 4369 3411 4423 hinc
3439 4365 3532 4421 tibi
3562 4363 3785 4433 paritur

2179 4479 2322 4537 omni
2363 4477 2604 4532 oratione
2634 4470 3054 4544 praestantiorem
3101 4458 3606 4517 remunerationem.
3632 4452 3783 4508 Nam

2181 4573 2320 4644 quod
2351 4585 2558 4627 amnem
2589 4567 2714 4632 tela,
2741 4574 2794 4619 et
2824 4562 3030 4624 umbra,
3063 4567 3118 4612 ct
3147 4557 3318 4608 fumus
3346 4562 3446 4613 est,
3476 4559 3533 4604 et
3558 4547 3606 4602 si
3640 4547 3786 4616 quid

2184 4639 2266 4721 liis
2307 4665 2462 4718 vilius
2493 4659 2616 4730 fingi
2659 4663 2876 4729 potest,
2906 4653 3006 4708 hoc
3047 4657 3172 4704 sunt
3210 4659 3396 4702 omnes
3427 4641 3516 4697 tibi
3558 4639 3790 4696 inflictas

2183 4756 2499 4812 acerbitates
2520 4794 2534 4817 ,
2563 4751 2606 4804 si
2635 4763 2756 4804 cum
2786 4747 2849 4802 iis
2879 4742 3108 4814 prtemiis
3136 4736 3476 4794 conferantur
3499 4747 3617 4801 qua:
3650 4730 3793 4784 hinc

2187 4850 2281 4906 tibi
2313 4843 2588 4903 tribuenda
2633 4848 2778 4896 sunt.
2817 4835 2951 4904 Quid
2997 4833 3138 4890 enim
3175 4839 3258 4885 est
3287 4829 3505 4882 civitate
3534 4823 3695 4892 pelli,
3734 4831 3793 4874 et

2187 4961 2252 5000 ex
2281 4944 2398 4998 aliis
2429 4941 2560 4996 locis
2588 4939 2640 4992 in
2667 4937 2767 4990 alia
2797 4929 3022 4988 subinde
3059 4928 3314 4996 migrare,
3342 4931 3502 4991 atque
3538 4917 3798 4988 undique

2189 5035 2446 5109 exagitari
2476 5043 2529 5089 et
2556 5027 2838 5102 proscribi,
2865 5035 2920 5080 et
2945 5022 3012 5078 ad
3041 5017 3322 5075 tribunalia
3350 5013 3510 5077 trahi,
3541 5019 3600 5066 et
3622 5026 3650 5062 a
3681 5010 3799 5064 mi-

2190 5101 2373 5184 litibus
2399 5101 2617 5195 raptari,
2638 5130 2693 5176 et
2717 5118 2783 5172 ab
2806 5118 2870 5173 iis
2895 5115 2984 5186 qui
3007 5109 3276 5168 sexcentis
3301 5102 3577 5160 beneficiis
3603 5101 3800 5156 affecti

2194 5221 2390 5278 fuerint
2409 5260 2423 5282 ,
2456 5193 2722 5273 contraria
2753 5225 2892 5267 nunc
2917 5205 3120 5279 perpeti
3143 5245 3158 5267 ,
3186 5209 3343 5270 atque
3370 5209 3481 5252 tum
3509 5210 3538 5248 a
3568 5193 3804 5247 famulis

2195 5323 2307 5370 tum
2334 5327 2363 5365 a
2393 5309 2577 5366 liberis
2605 5305 2782 5361 vexari
2808 5343 2823 5368 ,
2855 5316 2975 5356 cum
3021 5297 3209 5352 horum
3259 5289 3532 5360 praemium
3587 5281 3804 5338 caelum

2196 5404 2292 5465 sit,
2316 5410 2370 5456 et
2398 5398 2678 5468 purissima
2701 5396 2786 5450 illa
2813 5394 2968 5454 bona,
2999 5403 3117 5458 qua:
3140 5399 3238 5440 nec
3266 5379 3443 5436 verbis
3469 5375 3590 5431 ullis
3613 5372 3808 5442 expli-

2197 5494 2306 5552 cari
2337 5499 2570 5564 queunt,
2603 5503 2700 5544 nec
2732 5488 2888 5541 linem
2927 5481 3160 5546 habent,
3196 5488 3384 5532 verum
3423 5463 3811 5526 immortalem

2264 5655 2280 5686 ί
2318 5650 2452 5700 Prius
2475 5647 2612 5703 editi,
2651 5651 2791 5705 atque
2829 5641 3113 5705 extricatur,
3139 5633 3240 5693 vel,
3264 5628 3510 5705 dimissus:
3529 5621 3813 5705 993M?”

2202 5693 2902 5778 ιιηυϊάῖιιῖεῖίθιέὲάιέαεαδς
2929 5711 2982 5754 ει
2999 5693 3272 5778 laesisse-
3294 5693 3824 5778 αξξῑῖξρὲξῇπςίξξὲεε

2205 5747 2915 5833 Euhiguif"ﬁc"iiti§§é'ﬁio’s
2933 5747 3294 5820 est'latrouum,
3319 5755 3485 5809 obvios
3506 5747 3760 5813 spoliare.
