4058 6218
518 376 616 430 (39.1

518 492 822 567 παρέχοντα
850 490 944 564 τὴν
976 492 1034 555 ἐξ
1073 490 1251 544 αὐτῶν
1283 491 1579 545 ἀπόλαυσιν
1606 508 1620 558 ;
1652 492 1881 561 Ἀφεῖσα
1912 494 2086 548 τοίνυν

516 583 615 648 τάς
664 581 969 647 ἐπιϐουλὰς,
1023 580 1119 644 τάς
1163 582 1445 653 ἐπηρείας,
1496 581 1593 647 τάς
1642 582 1748 636 τῶν
1794 583 2091 654 χρημάτων

520 674 737 746 ζημίας,
771 674 867 733 τὰς
895 672 1316 742 μεταναστάσεις
1353 673 1451 739 τὰς
1497 676 1758 743 συνεχεῖς,
1786 672 1883 745 τὴν
1916 675 1973 727 ἐν
1998 673 2091 728 ἀλ-

519 766 701 838 λοτρία
727 764 1001 835 διαγωγὴν
1032 764 1361 834 λογίζεσθαι,
1394 765 1487 817 καὶ
1519 762 1689 834 πηλοῦ
1724 764 1920 827 παντὸς
1943 764 2093 817 εὐτε-

517 859 766 930 λέστερον
794 858 964 912 ταῦτα
992 857 1399 918 καταπατοῦσα,
1429 855 1598 909 ἐννόει
1633 857 1757 919 τοὺς
1798 857 1862 909 ἐκ
1888 854 2091 909 τούτων

519 968 598 1004 σοι
624 950 911 1021 τεχθέν-ξας
956 952 1012 1002 ἐν
1060 953 1167 1012 τοῖς
1212 951 1457 1021 οὐρανοῖς
1495 949 1816 1021 θησαυροὺς,
1862 948 1957 1001 καὶ
1993 948 2090 1018 τὴν

516 1042 784 1095 ἀνάλωτον
836 1041 1249 1113 πραγματείαν,
1303 1040 1396 1094 καὶ
1456 1040 1546 1092 τὸν
1595 1039 1789 1093 ἄσυλον
1840 1037 2084 1093 πλοῦτον.

528 1135 684 1190 ’Δλλά
711 1135 771 1188 τὸ
806 1135 966 1206 σῶμά
998 1152 1090 1187 σου
1123 1133 1308 1198 κακῶς
1334 1135 1395 1186 ἐκ
1427 1132 1534 1185 τῶν
1561 1132 1734 1186 πόνων
1758 1131 1960 1185 τούτων
1993 1130 2090 1184 καὶ

512 1225 892 1297 ταλαιπωριῶν
918 1224 1149 1297 διετέθη,
1185 1225 1279 1279 καὶ
1306 1224 1374 1278 τά
1409 1224 1511 1294 τῆς
1532 1223 1840 1294 ἀρρωστίας
1872 1222 2090 1292 ἐπέτρι-

512 1316 617 1384 qm
646 1318 700 1369 αί
728 1316 836 1369 τῶν
862 1316 1069 1387 ἐχθρῶν
1091 1314 1370 1369 ἐπιϐουλαί
1394 1333 1408 1381 ;
1453 1315 1619 1369 Πάλιν
1658 1314 1848 1384 ἐτέρας
1888 1330 1976 1382 μοι
2005 1311 2091 1363 λέ-

513 1424 628 1475 γεις
659 1408 925 1478 ἐμπορίας
951 1408 1225 1471 ὑπόθεσιν,
1265 1407 1504 1478 μεγάλης
1541 1406 1633 1459 καὶ
1661 1406 1886 1473 ἀφάτου.
1921 1399 2090 1456 Οἶσθα

514 1500 642 1570 γὰρ,
675 1497 827 1553 οἶσθα
871 1500 1057 1569 σαφῶς
1109 1499 1292 1571 ἡλίκον
1330 1498 1447 1552 ἐστὶ
1489 1497 1735 1568 σώματος
1787 1493 2089 1567 ἀρρωστίαν

513 1590 773 1660 γενναίως
816 1591 910 1645 καὶ⁷
950 1590 1089 1661 μετά
1135 1590 1480 1662 εὐχαριστίας
1530 1590 1787 1657 ἐνεγκεῖν.
1835 1585 2024 1650 Τοῦτο,
2062 1585 2091 1638 ὃ

512 1682 770 1746 πολλάκις
795 1679 966 1748 εἷπον,
1004 1682 1095 1737 τὸν
1126 1682 1375 1755 Λάζαρον
1412 1681 1771 1751 ἐστεφάνωσε,
1809 1678 1965 1733 τοῦτο
1998 1678 2090 1732 ἐπὶ

510 1774 618 1827 τῶν
660 1774 883 1841 ἀγώνιον
920 1774 1028 1828 τῶν
1075 1774 1165 1828 τοῦ
1205 1773 1322 1827 Ἰὼϐ
1362 1774 1453 1828 τὸν
1487 1772 1728 1827 διάϐολον
1754 1770 2088 1841 κατῄσχυνε,

511 1868 605 1920 καὶ
631 1866 719 1920 τὸν
748 1866 983 1938 ἀθλητὴν
1008 1867 1107 1937 τῆς
1140 1866 1434 1938 καρτερίας
1472 1864 1686 1935 ἐκείνης
1716 1862 2091 1933 λαμπρότερον

510 1959 777 2028 ἀπέφηνε.
810 1956 979 2011 Τοῦτο
1011 1957 1104 2012 καλ⁵
1136 1957 1518 2028 φιλοπτωχίας,
1556 1957 1662 2010 ικαὶ
1691 1954 1791 2026 τῆς
1822 1953 1928 2007 τῶν
1950 1969 2093 2023 ,χρη-

515 2052 699 2120 μάτων
727 2049 1045 2121 ὑπεροψίας,
1086 2051 1181 2105 καὶ
1218 2051 1318 2121 τῆς
1361 2049 1561 2121 ἀθρόας
1587 2047 1800 2118 ἐκείνης
1829 2044 1936 2099 τῶν
1968 2042 2092 2098 παί-

509 2141 615 2196 δων
664 2142 955 2214 ἀποϐολῆς,
999 2141 1093 2196 καὶ
1143 2140 1253 2195 τῶν
1306 2140 1514 2212 μυρίων
1547 2138 1848 2193 ἐπιϐουλῶν
1894 2136 2093 2207 μᾶλλον

509 2232 671 2287 αὐτὸν
703 2231 1021 2303 ἀνεκήρυξε,
1070 2231 1166 2287 καὶ
1204 2230 1266 2285 τὸ
1313 2231 1663 2301 ἀναίσχυντον
1711 2226 1806 2282 τοῦ
1856 2226 2091 2299 πονηροῦ

511 2316 666 2396 [604]
684 2324 932 2393 δαίμονος
956 2323 1164 2377 ἐκείνου
1192 2323 1366 2394 στόμα
1392 2323 1593 2394 έφραξε
1619 2322 1756 2393 μετά
1778 2320 1975 2391 πολλῆς
1996 2320 2094 2389 τῆς

509 2415 843 2485 περιουσίας.
884 2414 1046 2469 Ταῦτ’
1104 2410 1196 2469 οῦν
1243 2414 1666 2485 ἀναλογιζομένη
1717 2412 1954 2483 συνεχῶς
1999 2411 2094 2464 καὶ

509 2507 669 2579 αὐτὴ,
702 2510 857 2580 χαῖρε
908 2508 1002 2561 καὶ⁸
1049 2508 1339 2580 εὐφραίνου
1382 2507 1472 2561 τὸν
1504 2507 1758 2578 μέγιστον
1794 2502 1955 2560 ἆθλον
1977 2505 2093 2558 δια-

509 2597 737 2665 νύσασα,
783 2600 877 2652 καὶ
926 2599 1217 2669 κεφάλαιον
1259 2598 1367 2653 τῶν
1410 2597 1731 2670 πειρασμῶν
1773 2596 1962 2668 πράως
1997 2595 2093 2664 φέ-

512 2709 699 2762 ρουσα,
731 2692 825 2747 καὶ
862 2691 1001 2765 ὑπὲρ
1033 2691 1236 2746 τούτων
1271 2690 1568 2757 δοξάξουσα
1598 2691 1687 2744 τὸν
1714 2687 2091 2760 φιλάνθρωπον

507 2782 660 2846 Θεὸν,
712 2782 801 2836 τὸν
847 2782 1140 2855 δυνάμενον
1189 2784 1288 2855 μὲν
1343 2783 1535 2856 ἀθρόον
1592 2781 1848 2852 ἀφανίσαι
1894 2780 2091 2851 πάντα,

466 2884 477 2889 “
506 2874 733 2943 ἀφιέντα
771 2873 828 2928 δέ
849 2874 1114 2943 γίνεσθαι,
1148 2874 1288 2929 ὥστε
1334 2892 1416 2929 σοι
1449 2874 1832 2946 λαμπροτέραν
1858 2875 1957 2942 τὴν
1990 2891 2093 2927 καε-

505 2965 605 3038 λὴν
652 2966 856 3038 ταύτην
900 2968 1151 3036 γενέσθαι
1194 2969 1595 3040 πραγματείαν.
1648 2967 1745 3021 Διά
1783 2965 1943 3021 τοῦτο
1996 2966 2091 3019 καὶ

507 3060 663 3128 ἡμεῖς
712 3075 772 3112 σε
827 3060 1216 3131 μακαρίζοντες
1261 3062 1321 3114 οὐ
1380 3059 1683 3131 παυόμεθα.
1718 3059 2002 3130 Ἥσθημεν
2034 3057 2091 3112 δέ

505 3150 587 3202 ὅτι
615 3151 709 3202 καὶ
739 3149 844 3203 τῶν
882 3150 1045 3203 δικῶν
1077 3150 1452 3220 ἀπαλλαγεῖσα
1492 3152 1584 3204 καὶ
1627 3152 1983 3222 πραγμάτων,
2014 3149 2089 3213 ὥς

506 3258 588 3294 σοι
622 3241 829 3314 πρέπον
855 3237 944 3314 ἦν,
974 3241 1116 3295 οὐτω
1141 3241 1219 3313 τῷ
1247 3244 1528 3314 πράγματι
1556 3243 1708 3306 τέλος
1734 3242 2009 3313 ἐπέθηκας
2030 3242 2090 3295 τὸ

505 3335 647 3388 κατά
673 3334 770 3406 τὴν
796 3334 1057 3401 διάλυσιν,
1084 3333 1208 3388 οὐτε
1235 3334 1511 3406 ἀνάνδρως
1539 3334 1677 3389 αὐτά
1709 3334 2005 3407 προϊεμένη
2036 3346 2087 3397 ο,

503 3425 615 3480 οὐδ’
656 3422 721 3480 αὖ
779 3425 1123 3497 κατασχοῦσα
1167 3426 1360 3493 πάλιν,
1399 3428 1494 3481 καὶ
1532 3427 1840 3498 ἐμπείρασα
1889 3425 2088 3496 σαυτὴν

502 3516 891 3589 δικαστηρίοις,
931 3519 1167 3582 καὶτοῖς
1209 3519 1274 3573 ὲκ
1317 3518 1520 3572 τούτων
1565 3520 1787 3581 κακοῖςο
1821 3516 1956 3571 ἀλλά
1987 3516 2086 3588 μὲ-

507 3625 608 3678 σην
632 3606 896 3662 όδεύσασα
945 3607 1083 3672 ὁδὸν,
1129 3610 1226 3661 καὶ
1268 3609 1368 3679 τήν
1408 3624 1490 3661 σοι
1527 3608 1839 3678 πρέπουσαν
1883 3604 2090 3659 ἐλευθε-

509 3700 629 3770 ρίαν
650 3700 1078 3773 καρπωσαμένη,
1100 3700 1193 3754 καὶ
1219 3699 1417 3771 πολλὴν
1436 3699 1537 3770 τὴν
1562 3698 1772 3753 σύνεσιν
1793 3700 1852 3751 ἐν
1884 3698 2086 3752 ἅπασιν

505 3791 906 3862 ἐπιδειξαμένη,
944 3792 1037 3845 καὶ
1075 3791 1173 3863 τὴν
1214 3790 1612 3863 μακροθυμίαν,
1646 3790 1741 3843 κα)⁵
1766 3790 1865 3863 τὴν
1893 3806 2086 3860 καρτε-

507 3884 650 3956 ρίαν,
685 3889 777 3939 καὶ
807 3885 907 3957 τὴν
953 3885 1247 3957 ὑπομονὴν,
1283 3885 1378 3937 καὶ
1428 3882 1489 3937 τὸ
1536 3882 1936 3955 ἀνεξαπάτητον
1981 3881 2084 3935 δεί-

507 3975 643 4042 ξασα
665 3976 763 4047 τῆς
792 3976 893 4045 σῆς
932 3975 1217 4039 συνέσεως.

799 4067 955 4135 Πρὸς
987 4066 1102 4135 τὴν
1136 4066 1333 4135 αὐτὴν
1361 4064 1654 4134 ἐπιστολὴ
1688 4066 1791 4120 IZ'.

576 4158 741 4212 Οὐδὲν
774 4157 922 4223 ξένον
945 4158 975 4198 ι’
1006 4157 1123 4210 οὐδὲ
1162 4157 1385 4221 ἀπεικὸς
1417 4157 1636 4228 γέγονεν
1675 4158 1763 4212 ἐπὶ
1794 4159 1892 4229 τῆς
1930 4158 2087 4210 εὐλα·

508 4253 661 4316 ϐείας
683 4251 781 4322 τῆς
811 4250 929 4321 σῆς,
958 4249 1092 4304 ἀλλὰ
1136 4251 1229 4303 καὶ
1264 4250 1467 4321 σφόδρα
1512 4252 1656 4316 είκὸς
1684 4251 1777 4304 καὶ
1798 4251 2085 4305 ἀκόλουθον

505 4344 567 4399 τὸ
595 4346 660 4415 τῇ
695 4341 943 4414 συνεχείᾳ
978 4341 1086 4395 τῶν
1124 4340 1436 4412 ἐπαλλήλων
1482 4341 1823 4413 πειρασμῶν,
1854 4340 2085 4395 εὐτονὼο

505 4436 641 4507 τερά
668 4452 749 4488 σοι
785 4432 1030 4503 γενέσθαι
1069 4432 1167 4502 τῆς
1207 4430 1383 4502 ψυχῆς
1410 4430 1478 4485 τά
1512 4431 1698 4505 νεῦρα,
1730 4434 1824 4487 καὶ
1864 4433 2085 4504 μείζονα

506 4528 644 4598 πρὸς
674 4527 740 4581 τὰ
787 4525 1137 4595 παλαίσματα
1174 4523 1272 4595 τὴν
1310 4522 1619 4596 προθυμίαν
1652 4524 1747 4577 καὶ
1777 4525 1874 4595 τὴν
1910 4526 2080 4594 ίσχύν,

508 4619 602 4672 καὶ
636 4616 833 4687 πολλὴν
879 4613 1124 4669 ἐντεῦθεν
1174 4613 1570 4684 καρπώσασθαί
1617 4630 1678 4666 σε
1724 4614 1826 4685 τὴν
1868 4614 2080 4686 ἡδονήν.

506 4712 741 4782 Τοιαύτη
775 4708 880 4781 γὰρ
909 4707 1006 4778 τῆς
1040 4705 1268 4775 θλίψεως
1294 4708 1328 4778 ἡ
1357 4705 1537 4776 φύσις,
1560 4706 1688 4759 ὅταν
1714 4706 1965 4773 γενναίας
1990 4708 2084 4762 καὶ

410 4806 417 4813 “
506 4804 759 4875 νεανικῆς
797 4801 1117 4872 ἐπιλάϐηται
1161 4798 1361 4871 ψυχῆς,
1394 4797 1568 4852 ταῦτα
1610 4798 1938 4871 ἐργάζεσθαι
1986 4799 2083 4852 πέ-

508 4913 698 4964 φυκεν.
754 4896 861 4948 Καὶ
905 4894 1154 4965 καθάπερ
1181 4893 1245 4963 fab
1286 4891 1397 4964 πῦρ
1437 4890 1800 4962 δοκιμώτερον
1845 4892 1992 4944 ποιεῖ
2023 4889 2084 4945 τδ

507 4988 747 5058 χρυσίον,
780 4988 908 5041 ὅταν
945 4987 1093 5061 αὐτῷ
1124 4986 1475 5059 συγγένηται·
1506 4986 1647 5040 οὕτω
1673 4985 1765 5041 καὶ
1803 4988 1923 5050 ταῖς
1951 5003 2084 5060 χρυ-

508 5080 626 5141 σαῖς
652 5078 849 5148 ψυχαῖς
870 5078 1097 5149 ἐπιοῦσα
1130 5077 1327 5147 θλίψις,
1367 5076 1755 5149 καθαρωτέρας
1791 5075 1960 5141 αὐτάς
1989 5079 2083 5148 ἐρ-

506 5144 851 5235 γάζεται-’καὶ
876 5144 1284 5240 ιδοκιμωτέρα-ς.
1331 5169 1423 5223 Διδ
1464 5144 1557 5223 καὶ
1609 5144 1816 5233 Παῦλος
1868 5144 2078 5237 ἔλεγεν·

516 5261 580 5313 Ἠ
602 5261 810 5330 θλίψις
841 5257 1158 5329 ὑπομονὴν
1185 5259 1611 5329 κατεργάζεται,
1636 5259 1676 5327 ἡ
1707 5259 1776 5312 δὲ
1806 5257 2081 5328 ὑπομονὴ

506 5349 777 5419 δοκιμήν.
809 5353 908 5404 Διά
935 5350 1109 5404 ταῦτα
1137 5352 1230 5404 καὶ
1258 5353 1419 5421 ἡμεῖς
1443 5349 1752 5422 σκιρτῶμεν
1778 5351 1878 5405 καὶ
1901 5349 2083 5419 χαίρο-

509 5456 628 5511 μεν,
663 5441 752 5493 καὶ
787 5444 883 5510 τῆς
924 5442 1156 5511 ἐρημίας
1188 5440 1389 5511 ταύτης
1429 5441 1690 5511 μεγίστην
1726 5439 2082 5511 καρπούμεθα

506 5532 852 5605 παράκλησιν
875 5534 966 5585 ἐπὶ
988 5535 1054 5604 τῇ
1084 5533 1303 5603 ἀνδρείᾳ
1326 5549 1418 5585 σου
1444 5532 1630 5603 ταύτῃ.
1663 5531 1760 5585 Διὰ
1780 5531 1952 5585 ταῦτα
1982 5531 2082 5585 κᾶν

487 5608 691 5698 ’μυρίοι
714 5640 776 5677 σε
815 5621 1134 5677 κυκλὼσωσι
1179 5621 1353 5688 λύκοι,
1397 5622 1491 5676 καὶ
1540 5622 1729 5676 πολλαὶ
1772 5624 2083 5692 συναγωγαὶ

576 5752 594 5826 ξ
762 5749 1147 5826 ωςεέιπροεμένη.
1174 5749 1298 5800 Ειίίι,
1320 5748 1588 5811 προϊεμένη·

569 5816 598 5858 ιδ
620 5812 769 5866 Sam.
795 5814 927 5864 οὐδὲν
940 5812 1145 5867 ἀνάξιον.

1249 376 1304 430 S.
1346 374 1627 431 JOANNIS
1667 374 2087 433 CIIRYSOSTO.’

2191 374 2508 433 Αῆειιιερ.
2546 376 3090 438 CONSTANTINOP.

3668 378 3774 434 62‘).

2195 495 2661 566 πονηρευομένων,
2712 497 2866 552 οὐδὲν
2918 498 3264 569 δεδοίκαμεν*
3332 495 3445 550 ἀλλ’
3500 496 3774 569 εὐχόμεθα

2194 586 2293 656 μὲν
2330 589 2421 641 καὶ
2455 590 2578 654 τοὺς
2612 590 2769 657 ὄντας
2804 592 3093 663 σϐεσθῆναι
3128 590 3487 662 πειροσμούς,
3521 592 3617 643 καὶ
3657 588 3775 644 ἐτέ-

2195 697 2318 752 ρους
2363 679 2421 733 δὲ
2464 681 2539 752 μὴ
2590 682 3016 752 προσγενέσθαι,
3070 679 3383 734 δεσποτικὸν
3440 678 3773 750 πληροῦντες

2191 771 2373 841 νόμον,
2407 771 2497 824 τὸν
2533 771 2820 826 κελεύοντα
2852 772 3104 843 εὔχεσθαι
3136 770 3210 842 μὴ
3250 769 3508 823 εἰσελθεῖν
3536 772 3617 833 εἰς
3656 785 3777 823 πει-

2196 862 2426 933 ρασμόν·
2494 864 2540 916 εί
2583 863 2627 917 δ’
2682 863 2791 935 ἄρα
2849 862 3224 934 συγχωρηθείη
3276 861 3531 932 γενέσθαι
3579 860 3772 927 πάλιν,

2192 952 2497 1025 θαρροῦμεν
2544 954 2684 1026 ὑπὲρ
2724 956 2823 1025 τῆς
2866 955 3070 1026 χρυσῆς
3122 971 3215 1006 σου
3273 952 3485 1024 ψυχῆς,
3535 954 3635 1024 τῆς
3680 952 3778 1005 καὶ

2191 1045 2437 1101 ἐντεῦθεν
2476 1048 2731 1118 μέγιστον
2783 1049 2951 1118 ἑαυτῇ
2991 1046 3328 1117 συναγούσης
3367 1046 3614 1099 πλοῦτον.
3656 1045 3779 1097 Τίνι

2190 1137 2297 1209 γάρ
2345 1155 2401 1191 σε
2444 1138 2740 1203 δεδίξεσθαι
2784 1138 3121 1209 δυνήσονται,
3167 1140 3215 1191 οί
3259 1136 3402 1191 κατά
3434 1137 3534 1206 τῆς
3565 1136 3780 1189 ἑαυτῶν

2191 1228 2366 1281 πάντα
2391 1228 2693 1300 τολμῶντες
2730 1229 3003 1299 κεφαλῆς;
3041 1228 3223 1298 Ζημία
3265 1228 3595 1299 χρημάτωνς
3636 1225 3780 1278 Ἀλλ’

2191 1315 2250 1373 εὖ
2281 1316 2373 1373 οἷδ’
2404 1321 2484 1373 ὅτι
2513 1320 2659 1384 κόνις
2701 1336 2784 1372 σοι
2826 1319 3019 1383 ταῦτα,
3055 1320 3151 1372 καί⁵
3182 1317 3353 1390 πηλοῦ
3401 1317 3599 1380 παντὸς
3624 1317 3780 1369 εὐτε-

2191 1409 2414 1481 λέστερα
2457 1409 2594 1463 εἶναι
2615 1411 2912 1481 νομίζεται.
2954 1408 3115 1463 Ἀλλά
3141 1409 3398 1481 πατρίδος
3443 1408 3639 1478 ἐκϐολῇ
3683 1407 3782 1460 καὶ.

2190 1502 2398 1567 οίκίας;
2448 1501 2571 1555 Αλλ’
2605 1498 2760 1555 οἶσθα
2791 1503 2854 1556 σύ
2882 1499 2979 1554 καὶ
3009 1500 3108 1566 τὰς
3137 1500 3379 1572 μεγάλας
3417 1500 3511 1552 καὶ
3543 1498 3782 1552 πολυαν-

2193 1592 2443 1665 θρώπους
2475 1595 2654 1658 πόλεις
2693 1594 2941 1667 καθάπερ
2977 1593 3074 1657 τὰς
3101 1595 3339 1665 ἐρήμους
3381 1592 3553 1655 οὕτως
3584 1591 3778 1651 οἰκεῖν,

2193 1684 2390 1756 ἡσυχίᾳ
2418 1684 2511 1737 καὶ
2542 1683 2942 1756 ἀπραγμοσύνῃ
2974 1683 3066 1737 τὸν
3096 1682 3311 1737 ἅπαντα
3342 1682 3623 1751 συζήσατα
3649 1682 3780 1750 χρό-

2193 1792 2317 1837 νον,
2361 1775 2455 1827 καὶ
2505 1775 2602 1839 τάς
2653 1774 2911 1845 βιωτικάς
2963 1774 3402 1843 καταπατήσασα
3452 1772 3774 1841 φαντασίας.

2206 1862 2364 1916 Ἀλλά
2393 1863 2618 1918 θάνατον
2644 1862 2955 1918 ἀπειλοῦσιν
2980 1880 2995 1929 ;
3043 1863 3204 1917 Ἀλλά
3228 1864 3291 1916 σύ
3330 1861 3427 1915 καὶ
3452 1861 3612 1915 τοῦτο
3643 1877 3777 1931 προ-

2194 1952 2430 2007 λαϐοῦσα
2457 1954 2545 2009 διὰ
2588 1955 2786 2018 παντὸς
2824 1954 3154 2026 ἐμελέτησας
3184 1954 3275 2008 τοῦ
3313 1954 3528 2026 χρόνου,
3556 1952 3661 2007 κᾶν
3694 1952 3780 2005 ἐλο

2194 2045 2431 2099 κύσωσιν
2453 2044 2602 2118 [605]
2621 2045 2713 2099 ἐπὶ
2747 2044 2980 2117 σφαγὴν,
3016 2045 3208 2118 νεκρὸν
3224 2045 3317 2098 ἐπὶ
3337 2045 3541 2115 ταύτην
3564 2044 3781 2109 ἔλξουσι

2196 2134 2355 2205 σῶμα
2384 2145 2431 2189 ο.
2460 2134 2525 2187 Τί
2557 2135 2635 2188 δεῖ
2664 2135 2731 2188 τά
2760 2134 2929 2188 πολλά
2956 2134 3169 2204 λέγειν;
3214 2132 3403 2197 Οὐδείς
3427 2150 3487 2186 σε
3509 2132 3662 2186 οὐδὲν
3691 2134 3782 2202 ἐρ·

2194 2227 2463 2297 γάσασθαι
2488 2226 2774 2299 δυνήσεται
2812 2226 3070 2290 τοιοῦτον,
3107 2218 3169 2279 οὐ
3200 2225 3298 2297 τὴν
3328 2223 3607 2295 ὑπομονὴν
3640 2224 3781 2295 μετά

2196 2319 2393 2391 πολλῆς
2419 2320 2516 2389 οὐχ
2540 2318 2759 2390 εὑρήσει
2791 2317 2890 2389 τῆς
2920 2317 3235 2389 περιουσίας
3281 2318 3337 2371 ἐν
3367 2316 3449 2370 σοὶ
3481 2316 3652 2370 πάλαι
3680 2334 3780 2370 κα-

2193 2411 2573 2484 τορθωθεῖσαν.
2611 2410 2722 2482 Τὴν
2759 2408 2868 2481 γάρ
2922 2409 3112 2481 στενὴν
3150 2409 3244 2463 ἀεὶ
3281 2408 3373 2463 καὶ
3410 2408 3778 2479 τεθλιμμένην

2193 2501 2460 2556 ὁδεύσασα
2488 2501 2625 2566 ὁδὸν,
2651 2502 2709 2554 ἐν
2731 2500 2934 2555 ἅπασιν
2975 2500 3266 2572 ὲγυμνάσω
3303 2500 3531 2563 τούτοις.
3576 2498 3778 2569 Διόπερ

2193 2594 2292 2665 τὴν
2326 2593 2613 2665 καλλίστην
2644 2592 2847 2665 ταύτην
2869 2595 3180 2666 ἐπιστήμην
3217 2594 3277 2646 ἐν
3302 2594 3415 2656 τοῖς
3450 2591 3780 2663 γυμνασίοις

2193 2686 2498 2758 ἀσκήσασα,
2526 2685 2621 2739 νῦν
2652 2687 2711 2740 ἐν
2733 2687 2845 2750 τοῖς
2876 2684 3052 2755 ἀγῶσι
3080 2684 3433 2756 λαμπροτέρα
3475 2681 3775 2752 ἀνεφάνης,

2191 2780 2254 2833 οὐ
2280 2778 2436 2850 μόνον
2458 2777 2609 2832 οὐδὲν
2637 2776 2741 2831 ὐπὸ
2767 2775 2875 2830 τῶν
2894 2775 3191 2848 γινομένων
3212 2762 3607 2847 ’θορυϐουμένψ
3638 2772 3781 2828 ἀλλὰ

2194 2871 2288 2925 καὶ
2316 2868 2681 2942 πτερουμένη,
2717 2868 2812 2923 καὶ
2847 2868 3143 2941 σκιρτῶσα,
3176 2869 3270 2922 καὶ
3324 2866 3641 2939 χορεύουσα.
3674 2860 3781 2919 Ὧν

2192 2960 2303 3033 γὰρ
2360 2959 2689 3031 προσέλαϐες
2728 2958 2797 3012 τά
2835 2959 3131 3029 γυμνάσια,
3154 2956 3358 3011 τούτων
3399 2957 3525 3019 τοὺς
3555 2955 3783 3024 ἀγῶνας

2194 3047 2333 3120 μετὰ
2372 3047 2570 3116 πολλῆς
2593 3048 2689 3101 νῦν
2731 3046 3125 3119 μεταχειρίζεις
3163 3047 3261 3118 τῆς
3287 3046 3554 3111 εὐκολίας,
3585 3047 3644 3099 ἐν
3674 3062 3781 3114 γυ-

2192 3139 2414 3209 ναικείῳ
2437 3138 2669 3209 σώματι,
2696 3138 2791 3192 καὶ
2834 3138 3110 3209 ἀραχνίων
3138 3136 3530 3208 ἀσθενεστέρῳ,
3563 3135 3780 3206 ἀνδρῶν

2193 3231 2543 3303 σφριγῶντων
2566 3232 2659 3284 καὶ
2681 3231 2806 3294 τοὺς
2817 3230 3042 3295 όδὰντας
3069 3229 3375 3302 β’ρυχόντων
3409 3228 3548 3300 μετά
3577 3228 3777 3283 πολλοῦ

2189 3322 2282 3377 τοῦ
2315 3322 2547 3392 γέλωτος
2582 3322 2681 3394 τὴν
2714 3322 2909 3394 μανίαν
2955 3321 3365 3385 καταπατοῦσα,
3413 3324 3508 3375 καὶ
3552 3320 3779 3374 πλείονα

2190 3412 2379 3485 ἑτοίμη
2407 3409 2542 3468 οὐσα
2570 3413 2780 3481 παθεῖν,
2807 3414 2840 3486 ἡ
2871 3415 3065 3467 ἐκεῖνοι
3091 3412 3621 3485 παρασκευάζονται.
3652 3412 3782 3467 Μαι

2189 3504 2353 3576 καρία
2395 3506 2459 3560 σὺ
2496 3506 2590 3559 καὶ
2626 3504 3002 3578 τρισμακαρία
3034 3506 3142 3560 τῶν
3180 3504 3432 3560 ἐντεῦθεν
3469 3506 3780 3575 στεφάνων,

2192 3596 2390 3667 μᾶλλον
2414 3597 2472 3651 δέ
2504 3598 2598 3651 καὶ
2626 3597 2806 3651 αὐτῶν
2833 3598 2942 3652 τῶν
2964 3597 3209 3667 ἀγώνων.
3252 3596 3486 3668 Τοιαύτη
3521 3596 3631 3668 γὰρ
3664 3596 3782 3651 τῶν

2189 3688 2631 3759 παλαισμάτωνὴ
2663 3688 2825 3759 φύσις
2848 3688 3072 3753 τούτων,
3104 3688 3198 3741 καὶ
3223 3688 3328 3759 πρὸ
3359 3688 3470 3741 τῶν
3505 3686 3782 3759 βραϐείων

2189 3782 2281 3835 καὶ
2300 3784 2357 3836 ἐν
2377 3782 2560 3843 αὐτοῖς
2572 3783 2687 3845 τοῖς
2714 3782 3034 3853 σκάμμασιν
3054 3781 3166 3852 ἔχει
3186 3780 3279 3835 καὶ
3299 3780 3397 3844 τὰς
3423 3778 3658 3851 ἀμοιϐἀς
3679 3781 3783 3833 καὶ

2187 3874 2286 3938 τάς
2323 3871 2637 3936 ἀντιδόσεις,
2673 3871 2772 3943 τὴν
2799 3870 3012 3943 ἡδονὴν,
3051 3872 3118 3942 ἢν
3156 3868 3463 3943 καρποῦσαι
3511 3868 3628 3932 νῦν,
3672 3869 3782 3938 τὴν

2189 3964 2544 4038 εὐφροσύνην,
2575 3964 2673 4036 τὴν
2701 3963 2974 4035 ἀνδρείαν,
3005 3962 3103 4034 τὴν
3141 3961 3459 4033 καρτερίαν,
3498 3959 3601 4031 τὴν
3638 3960 3782 4013 ὑπο.

2192 4058 2378 4130 μονὴν,
2402 4057 2465 4111 τὸ
2489 4055 2779 4116 ἀνάλωτον,
2802 4053 2861 4107 τὸ
2887 4052 3206 4125 ἀχείρωτον,
3230 4053 3291 4106 τὸ
3320 4051 3537 4105 πάντων
3567 4050 3741 4121 ὐψηλο
3756 4081 3778 4094 -

2186 4149 2351 4221 τέραν
2378 4146 2538 4210 εἶναι,
2569 4146 2630 4225 τὸ
2653 4146 2825 4210 οὕτως
2864 4145 3061 4217 ἐαυτὴν
3086 4143 3347 4214 ἀσκῆσαι,
3369 4143 3445 4206 ὼς
3480 4141 3647 4214 μηδὲν
3676 4142 3779 4200 δότ

2186 4238 2378 4293 νασθαι
2412 4237 2563 4310 παρά
2593 4236 2817 4309 μηδενὸς
2843 4235 3035 4289 παθεῖν
3059 4234 3249 4301 δεινὸν,
3267 4234 3327 4288 τὸ
3354 4232 3618 4287 τοσούτων
3643 4233 3780 4287 κλυ-

2185 4327 2389 4382 δωνίων
2415 4326 2717 4397 γενομένων
2765 4326 2860 4378 ἐπὶ
2915 4324 3015 4395 τῆς
3056 4324 3259 4397 πέτρας
3291 4325 3531 4389 ἑστάναι,
3576 4322 3638 4376 τὸ
3672 4322 3781 4392 τῆς

2189 4417 2457 4489 θαλάττης
2483 4418 2812 4490 μαινομένης
2839 4416 3086 4491 ἐξουρίας
3108 4416 3369 4490 φέρεσθαι
3400 4415 3537 4487 μετά
3567 4414 3780 4485 πολλῆς

2186 4510 2286 4581 τῆς
2311 4510 2569 4579 γαλήνης.
2604 4509 2788 4562 Ταῦτα
2815 4511 2914 4580 τῆς
2955 4508 3185 4581 θλίψεως
3218 4509 3310 4562 καὶ
3352 4508 3459 4579 πρὸ
3490 4508 3590 4578 τῆς
3617 4506 3780 4577 βασι-

2187 4600 2335 4664 λείας
2362 4600 2470 4653 τῶν
2502 4600 2745 4671 οὐρανῶν
2781 4600 3040 4667 ἐνταῦθα,
3090 4599 3162 4653 τά
3209 4598 3438 4654 ἔπαθλα.
3471 4595 3603 4653 Οἶδα
3636 4601 3774 4670 γάρ,

2187 4686 2303 4745 οῖδα
2329 4691 2411 4744 δτι
2441 4689 2537 4746 νῦν
2563 4690 2684 4743 οὐδέ
2715 4690 3058 4762 περικεῖσθαι
3089 4691 3151 4745 τὸ
3183 4690 3343 4762 σῶμα
3370 4690 3500 4761 ἡγῇ,
3531 4688 3640 4743 ὑπὸ
3672 4690 3778 4761 τῆς

2181 4781 2379 4853 ἡδονῆς
2407 4782 2766 4855 πτερουμένη,
2799 4781 2912 4836 ἀλλ’
2951 4782 3017 4853 ἢν
3056 4781 3246 4854 καιρὸς
3283 4780 3443 4852 καλῇ,
3472 4779 3779 4834 εὐκολώτε-

2191 4890 2283 4945 ρον
2311 4873 2444 4930 αὐτὸ
2463 4874 2724 4948 ἀποδύσῃ,
2749 4875 2784 4948 ἢ
2811 4874 2985 4948 ἕτεροι
3008 4873 3077 4929 τὰ
3104 4874 3314 4946 ἱμάτια,
3342 4873 3380 4927 ἃ.
3407 4873 3771 4945 περίκεινται.

2188 4966 2360 5038 Χαῖρε
2392 4966 2570 5021 τοίνυν
2606 4966 2701 5020 καὶ
2734 4965 3025 5036 εὐφραίνου
3074 4964 3181 5020 καὶ.Δ
3218 4964 3357 5035 ὑπὲρ
3398 4964 3623 5035 σαυτῆς,
3679 4966 3771 5017 καὶ

2189 5057 2327 5133 ὑπὲρ
2372 5058 2481 5113 τῶν
2523 5057 2621 5130 τὴν
2675 5058 2951 5130 μακαρίαν
2998 5056 3435 5128 τελευτησάντων
3487 5055 3767 5126 τελευτὴν,

2186 5153 2288 5207 οὐκ
2324 5152 2383 5205 ἐν
2430 5150 2606 5221 κλίνῃ,
2648 5150 2768 5203 οὐδὲ
2808 5151 2865 5203 ἐν
2902 5148 3068 5221 οἰκία.
3110 5147 3227 5202 ἀλλ’
3272 5149 3331 5201 ἐν
3369 5146 3773 5219 δεσμωτηρίοις

2187 5242 2282 5296 καὶ
2323 5240 2544 5296 ἁλύσεσι
2589 5241 2684 5294 καὶ
2736 5240 3007 5311 βασάνοις.
3050 5240 3248 5313 Θρήνει
3293 5240 3353 5295 δὲ
3400 5239 3595 5310 μόνους
3642 5240 3776 5305 τοὺς

2184 5331 2354 5386 ταῦτα
2395 5330 2680 5396 ποιοῦντας
2732 5332 2825 5386 καὶ
2877 5331 3098 5402 δάκρυε.
3153 5333 3265 5386 Καὶ
3311 5332 3418 5405 γάρ
3471 5330 3569 5385 καὶ
3606 5332 3777 5387 τοῦτο

2184 5420 2333 5485 ἀξιον
2369 5420 2468 5488 τῆς
2501 5420 2599 5488 σῆς
2641 5420 2972 5491 φιλοσοφίας.
3021 5420 3236 5492 Ἐπειδὴ
3284 5420 3340 5474 δὲ
3384 5422 3479 5474 καὶ
3510 5421 3641 5491 περὶ
3670 5422 3773 5491 τῆς

2185 5510 2278 5564 τοῦ
2314 5509 2561 5580 σώματος
2587 5513 2742 5583 ἡμῶν
2775 5513 2983 5582 ὑγιείας
3031 5512 3209 5583 βούλει
3243 5512 3553 5583 μανθάνειν,
3583 5512 3772 5582 ἀπηλ-

2185 5600 2429 5672 λάγημεν
2481 5602 2619 5666 τέως
2663 5604 2760 5675 τῆς
2810 5602 2999 5675 πρώην
3042 5604 3363 5677 ἐνοχλούσης
3402 5606 3533 5676 ἡμῖν
3576 5605 3777 5677 ἀρρω-

2186 5694 2361 5756 στίας,
2400 5694 2493 5747 καὶ
2533 5695 2662 5765 ῥᾷον
2693 5694 3009 5774 διακείμεθα
3047 5694 3167 5751 νῦν·
3218 5696 3357 5769 πλὴν
3383 5698 3431 5752 εί
3479 5696 3557 5772 μὴ
3600 5695 3777 5753 πάλιν

2263 5814 2284 5843 (⁵
2304 5807 2413 5859 Duo
2435 5820 2548 5859 mss.
2572 5809 2727 5865 ἕξουσι
2754 5811 2912 5874 σῶμα.
