4058 6218
366 282 468 338 θιὶι

280 392 286 400 ’
353 395 583 450 fructum
627 404 787 467 atque
833 397 1242 455 oblectationem
1289 398 1559 470 praebent?
1582 396 1936 464 Quamobrem

351 482 599 554 insidias,
631 486 957 554 vexationes,
988 505 1150 560 opum
1173 489 1454 560 jacturam,
1487 489 1764 545 continuas
1790 488 1938 544 loco-

359 593 472 632 runt
505 579 858 646 mutationes,
889 589 1049 651 atque
1089 581 1141 636 in
1170 590 1352 637 extera
1383 581 1600 652 regione
1635 595 1939 636 commora-

353 669 553 724 tionem
578 669 922 728 considerare
947 675 1255 743 supersede,
1287 683 1444 744 atque
1477 673 1590 729 haec
1617 673 1726 727 luto
1753 674 1940 744 quovis

353 760 511 814 vilius
540 762 876 831 proculcans,
904 778 999 818 eos
1025 765 1306 819 thesauros
1335 764 1425 834 qui
1458 765 1581 819 hinc
1607 764 1699 818 tibi
1728 765 1780 818 in
1807 763 1939 818 creto

351 852 625 918 creantur,
656 862 1024 924 quaestumque
1065 856 1154 926 qui
1194 855 1462 910 exhauriri
1491 865 1545 910 et
1570 854 1811 910 consumi
1841 869 1937 908 ne-

350 945 499 1013 quit,
523 955 685 1016 atquc
712 961 842 1016 opes
869 947 938 1002 ab
965 948 1108 1002 omni
1139 948 1445 1018 prmdonum
1477 948 1666 1017 injuria
1709 955 1847 1001 tutas
1885 954 1939 1001 et

350 1035 620 1091 immunes
660 1038 841 1094 animo
871 1039 1159 1108 perpende.
1188 1043 1256 1094 At
1284 1055 1476 1110 corpus
1505 1051 1649 1094 tuum
1679 1039 1748 1094 ob
1786 1039 1937 1093 labo-

351 1140 440 1179 res
467 1135 521 1180 et
542 1143 810 1184 aerumnas
841 1131 979 1186 male
1006 1130 1252 1186 affectum
1281 1141 1361 1187 est
1385 1173 1400 1198 ,
1440 1132 1775 1201 hostiumque
1803 1130 1939 1184 insi-

349 1216 456 1272 dia:
482 1219 727 1274 morbum
752 1220 1125 1278 adduxerunt?
1151 1222 1413 1278 Nimirum
1446 1222 1675 1292 ingentis
1716 1221 1936 1275 alterius

350 1320 512 1381 atque
540 1312 820 1369 incffabilis
845 1325 1087 1387 quaestus
1111 1317 1386 1372 materiam
1417 1316 1543 1369 mihi
1572 1329 1754 1369 rursus
1784 1328 1935 1368 com-

351 1418 640 1460 memoras.
687 1405 803 1461 Scis
845 1407 986 1462 enim
1008 1448 1022 1472 ,
1053 1408 1188 1472 scis,
1219 1408 1462 1475 inquam,
1494 1406 1683 1475 plane»,
1724 1414 1936 1475 quanta:

351 1493 526 1548 laudis
572 1495 681 1563 sit,
728 1485 980 1568 corporis
1011 1499 1254 1552 morbum
1285 1511 1545 1568 generoso
1572 1499 1751 1551 animo
1779 1504 1937 1564 atque

350 1602 477 1642 cum
505 1588 796 1658 gratiarum
827 1591 1036 1646 actione
1059 1589 1218 1646 ferre.
1249 1591 1390 1656 lloc,
1416 1599 1472 1644 ut
1497 1604 1640 1660 saepe
1662 1589 1805 1653 dixi,
1837 1587 1938 1642 La-

351 1693 480 1732 zaro
508 1695 763 1734 coronam
805 1683 981 1737 attulit
1015 1699 1028 1736 :
1060 1682 1162 1738 hoc
1194 1684 1244 1736 in
1272 1683 1390 1738 Jobi
1417 1682 1798 1738 certaminibus
1823 1681 1938 1735 dia—

352 1770 530 1824 bolum
564 1771 850 1841 ignominia
891 1773 1101 1840 affccit,
1150 1774 1482 1845 pttgiletnque
1528 1773 1598 1828 ob
1635 1770 1935 1842 hujusmodi

352 1861 659 1950 patientiam
687 1864 969 1920 clariorem
999 1865 1249 1920 reddidit.
1279 1865 1391 1920 lloc
1418 1863 1586 1934 magis
1611 1879 1767 1934 quam
1802 1877 1932 1932 pau-

352 1953 579 2022 pertatis
613 1969 784 2021 amor,
818 1970 979 2025 eputn
1019 1956 1377 2026 contemptio,
1417 1969 1479 2010 ac
1522 1954 1798 2024 repentina
1843 1953 1934 2007 illa

353 2045 584 2099 ﬁliorum
609 2045 846 2114 amissio,
875 2058 928 2103 et
955 2057 1221 2103 sexcenta:
1248 2048 1473 2114 insidiae,
1501 2047 1672 2117 ipsum
1698 2044 1852 2101 laude
1872 2060 1936 2100 ac

353 2136 732 2203 praedicatione
782 2138 1000 2206 extulit,
1029 2149 1186 2210 atque
1217 2140 1496 2210 impudens
1531 2138 1765 2208 perversi
1797 2137 1934 2191 illius

350 2225 608 2284 daemonis
637 2243 699 2284 os
724 2229 976 2299 perfacile
1004 2231 1286 2288 obstruxit.
1316 2232 1441 2287 Haec
1470 2233 1630 2303 igitur
1665 2233 1776 2302 ipsa
1805 2243 1935 2301 quo-

349 2335 454 2387 que
499 2330 756 2390 perpetuo
801 2331 972 2376 tecum
1019 2334 1268 2394 reputans
1293 2365 1308 2390 ,
1349 2323 1520 2395 gaude
1549 2331 1604 2380 et
1641 2322 1931 2390 oblectare,

349 2411 492 2479 quod
523 2413 756 2468 maximo
785 2415 1078 2470 certamine
1101 2415 1379 2485 perfuncta
1404 2416 1503 2484 sis,
1529 2425 1687 2487 atque
1714 2415 1766 2471 id
1793 2416 1934 2486 quod

352 2503 702 2558 tentationum
732 2513 889 2574 caput
911 2515 1012 2571 est,
1042 2505 1126 2562 fac
1151 2507 1357 2576 placido
1377 2508 1556 2562 animo
1577 2506 1738 2571 feras,
1761 2521 1935 2577 eoque

351 2598 568 2652 nomine
595 2597 809 2669 benigni
832 2599 926 2654 Dei
951 2600 1168 2671 gloriam
1198 2601 1476 2670 prmdices,
1499 2601 1590 2671 qui
1614 2617 1735 2656 cum
1757 2600 1932 2655 omnia

347 2691 526 2746 subito
572 2691 751 2748 delere
790 2708 853 2749 ac
893 2693 961 2749 de
999 2695 1173 2749 medio
1213 2695 1398 2750 tollere
1436 2702 1631 2766 queat,
1661 2709 1723 2749 ea
1756 2702 1933 2749 tamen

348 2782 476 2836 oriri
525 2782 686 2850 sinit,
736 2793 792 2837 ut
830 2784 924 2839 tibi
968 2784 1189 2854 pulcher
1215 2785 1302 2841 hic
1331 2796 1566 2856 qtnestus
1606 2773 1934 2859 splendidior

348 2873 572 2927 exsistat
619 2873 698 2929 Ob
725 2874 881 2946 idque
925 2876 1132 2931 beatam
1181 2886 1231 2932 te
1275 2877 1566 2946 praedicare
1604 2878 1931 2933 minimein-

348 2965 716 3021 termittimus.
748 2967 883 3021 illud
913 2976 1088 3023 autem
1117 2968 1268 3024 nobis
1288 2969 1542 3039 voluptati
1573 2969 1687 3036 fuit,
1717 2971 1855 3041 quod
1878 2978 1933 3025 et

348 3058 530 3113 litibus
553 3070 604 3113 et
628 3060 874 3130 negotiis,
905 3069 960 3115 ut
990 3069 1042 3117 te
1069 3061 1282 3131 dignum
1314 3071 1449 3126 erat,
1482 3063 1750 3130 defuncta,
1783 3063 1932 3133 ejus-

347 3151 491 3205 modi
528 3152 605 3206 rei
636 3151 792 3207 ﬁnem
826 3153 1174 3223 imposucris,
1205 3163 1261 3209 ut
1287 3171 1384 3210 nec
1413 3170 1473 3209 ea
1503 3155 1690 3226 ignave
1717 3155 1930 3225 abjece-

348 3245 425 3300 ris
448 3287 462 3309 ,
499 3261 598 3300 nec
644 3261 852 3300 rursum
883 3247 1163 3304 retinueris
1189 3290 1201 3312 ,
1243 3263 1305 3302 ac
1342 3248 1690 3304 tribunalibus
1714 3289 1727 3313 ,
1762 3248 1930 3320 iisque

344 3354 467 3408 qua:
498 3337 621 3393 hinc
649 3340 893 3394 oriuntur
918 3341 1069 3394 malis
1095 3342 1316 3410 tcipsam
1347 3341 1706 3405 transﬁxeris;
1746 3356 1930 3396 verum

346 3429 580 3485 medium
611 3431 711 3485 iter
737 3431 971 3502 ingressa
1002 3432 1076 3486 sis
1097 3472 1111 3494 ,
1141 3447 1396 3502 eamque,
1439 3447 1556 3502 qua:
1602 3431 1694 3485 tibi
1736 3445 1932 3487 conve-

346 3521 562 3587 nicbat,
612 3522 911 3576 libertatem
958 3523 1292 3592 perceperis,
1353 3531 1514 3592 atque
1563 3521 1830 3592 ingentem
1875 3522 1928 3578 in

344 3613 597 3668 otnnihus
627 3613 786 3668 rebus
815 3613 1149 3684 prudentiam
1192 3629 1300 3682 pr:c
1331 3624 1380 3668 te
1424 3613 1630 3680 tuleris,
1675 3614 1819 3670 edito
1850 3615 1929 3669 vi-

341 3703 539 3756 delicct
589 3710 698 3756 tum
730 3703 998 3772 patientia:
1040 3717 1103 3757 ac
1149 3705 1467 3766 tolerantize,
1517 3714 1628 3760 tum
1667 3704 1929 3776 ejusmodi

345 3793 666 3863 prudentize,
699 3809 814 3864 qua:
843 3793 1114 3849 fraudibus
1142 3794 1504 3850 circumscribi
1527 3795 1730 3866 nequit,
1761 3795 1929 3850 docu-
1971 3817 1982 3827 ι

343 3896 550 3939 ιιιειιιο.

342 3978 426 4030 At!
453 3977 681 4031 eamdem
711 3978 853 4047 epist.
883 3976 1076 4032 XVII.
1109 3977 1333 4048 (Scripta
1360 3993 1501 4032 anno
1525 3978 1630 4034 404
1662 3979 1744 4033 vel
1774 3978 1924 4051 405.)

414 4066 690 4123 Calamitas
719 4073 825 4136 pios
856 4069 1157 4123 robustiores
1182 4069 1366 4122 reddit.
1388 4101 1458 4110 —
1476 4068 1616 4124 Nihil
1644 4071 1801 4125 alieni
1824 4072 1840 4102 ⁸
1865 4086 1928 4126 ac

345 4159 657 4228 prmpnsteri
689 4161 740 4214 in
773 4167 822 4214 te
851 4161 1092 4229 conligit,
1123 4161 1245 4231 quin
1278 4161 1450 4232 potius
1477 4161 1615 4230 quod
1640 4162 1925 4218 admodum

352 4249 544 4303 rationi
577 4263 991 4306 consentaneum
1022 4262 1199 4315 esset,
1234 4267 1425 4322 nempe
1466 4261 1523 4307 ut
1555 4268 1648 4322 per
1685 4254 1926 4310 assiduas

345 4341 668 4396 tentationcs
699 4351 812 4396 tuas
838 4342 1001 4396 animi
1036 4343 1109 4397 tui
1141 4343 1314 4397 nervis
1341 4343 1455 4412 plus
1477 4343 1762 4410 ﬁrmitatis,
1787 4345 1929 4414 plus-

340 4449 448 4502 que
491 4432 558 4486 ad
601 4434 877 4489 subeunda
923 4436 1212 4490 certamina
1264 4435 1552 4490 alacritatis
1601 4450 1663 4492 ac
1718 4437 1928 4492 roboris

336 4521 658 4585 accederet,
693 4523 919 4594 hincque
960 4539 1204 4595 magnam
1231 4527 1556 4595 voluptatem
1604 4527 1923 4597 perciperes.

337 4613 474 4668 Nam
527 4613 642 4668 ιιωο
682 4615 995 4669 calamitatis
1039 4625 1225 4670 natura
1265 4627 1369 4683 est,
1405 4627 1458 4670 ut
1498 4633 1617 4670 cum
1647 4617 1836 4672 fortem
1866 4631 1930 4672 ac

339 4714 616 4758 strenuam
649 4706 880 4783 animam
914 4714 1066 4760 nacta
1097 4715 1216 4771 est,
1245 4706 1361 4762 inec
1399 4707 1611 4764 efﬁcere
1644 4709 1832 4764 soleat.
1861 4709 1929 4765 Et

339 4796 480 4850 sicut
512 4795 647 4866 ignis
675 4812 862 4851 aurum
895 4797 1167 4867 probatius
1196 4799 1359 4854 efﬁcit
1385 4819 1397 4854 :
1426 4799 1613 4854 eodem
1645 4802 1804 4855 modo
1835 4817 1927 4856 ca-

342 4887 576 4953 lamitas,
607 4888 814 4942 animos
842 4903 1034 4942 aureos
1062 4889 1300 4955 subiens,
1333 4890 1571 4959 puriorcs
1592 4906 1683 4944 eos
1707 4905 1769 4945 ac
1793 4907 1928 4960 pra:-

336 4980 628 5032 stantiores
668 4980 859 5034 reddit.
901 4981 1086 5051 quue
1132 4984 1290 5035 etiam
1343 4983 1554 5038 nomine
1602 4982 1796 5038 Paulus
1844 4984 1926 5040 his

340 5069 523 5123 verbis
558 5069 842 5123 utebatur:
875 5068 1151 5124 Tribulatio
1188 5072 1480 5140 patientiam
1517 5083 1753 5143 aperatur
1780 5089 1798 5126 :
1828 5091 1924 5145 pa-

337 5159 516 5211 tientia
559 5170 724 5212 autcm
762 5161 1107 5230 probationem
1144 5163 1333 5232 (Rom.
1365 5164 1418 5217 5.
1446 5164 1498 5219 5.
1527 5164 1622 5235 4).
1664 5165 1925 5230 Quocirca

335 5265 437 5303 nos
465 5265 678 5321 quoque
707 5252 1033 5306 cxsnltamus
1057 5268 1120 5307 ac
1147 5254 1324 5308 lmtitia
1358 5256 1739 5324 perfundimur,
1768 5267 1926 5326 atque

333 5357 404 5394 ex
440 5342 538 5395 hac
579 5353 661 5398 tua
693 5345 852 5399 animi
882 5347 1246 5416 magnitudine
1273 5349 1560 5402 maximum
1589 5349 1810 5420 hujusce
1833 5366 1924 5406 so-

334 5433 584 5488 litndinis
629 5435 876 5490 solatium
927 5438 1220 5493 haurimus.
1264 5439 1339 5494 Ac
1385 5439 1642 5507 proinde,
1689 5442 1848 5498 etiam
1880 5442 1924 5498 si

332 5527 484 5580 mille
513 5527 618 5595 lupi
649 5541 713 5580 ac
740 5528 888 5582 multi
919 5539 1210 5584 conventus
1242 5531 1642 5602 malignantium
1683 5541 1734 5588 te
1766 5533 1922 5589 undi-

333 5632 443 5687 que
483 5617 799 5682 obsideant,
831 5619 958 5674 nihil
991 5623 1237 5680 timemus
1267 5643 1279 5680 :
1309 5641 1488 5682 verum
1535 5624 1661 5681 illud
1708 5627 1922 5698 quidem

408 5711 421 5741 ι
455 5707 619 5767 sun,
645 5707 764 5761 nihil
787 5708 989 5775 indigni.

1817 282 2188 340 EPISTUL-E.

3529 277 3632 331 0‘22

2055 411 2351 466 precamur,
2384 405 2438 450 ut
2463 402 2516 449 et
2546 403 2836 465 praesentes
2863 395 3181 450 tentationes
3204 391 3626 463 exstinguautur,

2048 501 2147 541 nec
2165 487 2284 542 alite
2312 487 2528 556 insuper
2550 486 2808 543 accedant
2827 528 2844 553 ,
2873 487 3192 542 dominicam
3221 486 3427 542 scilicet
3458 486 3628 555 legem

2045 578 2321 647 explentes
2342 620 2357 646 ,
2402 595 2521 649 quae
2559 594 2690 643 nos,
2733 595 2800 634 ne
2829 578 2880 632 in
2915 580 3261 634 tentationem
3291 576 3587 633 incidamus
3607 616 3626 645 ,

2046 670 2254 736 precari
2285 669 2437 738 jubet
2466 669 2485 740 (
2512 669 2696 724 Matth.
2721 670 2810 725 9.6.
2835 672 2895 725 ιιι
2919 670 2938 741 )
2964 689 2976 723 :
3007 671 3094 724 sin
3121 679 3300 724 autem
3329 669 3469 724 Deus
3509 682 3630 723 rur-

2043 775 2160 814 sum
2192 762 2388 814 exoriri
2419 762 2592 828 sinat,
2637 762 2705 817 de
2747 778 2909 817 aurea
2952 773 3038 816 tua
3083 763 3288 824 anima,
3341 776 3460 830 qua:
3503 760 3628 814 hinc

2043 849 2202 903 etiam
2231 852 2585 920 ampliSsimas
2610 852 2711 907 sibi
2741 868 2870 921 epes
2899 853 3098 923 aggerit
3117 894 3134 918 ,
3162 853 3302 907 bono
3340 866 3404 905 ac
3443 849 3624 905 ﬁdenti

2043 939 2221 994 animo
2249 956 2452 996 sumus.
2472 943 2678 997 Etenim
2703 959 2928 1013 quanam
2953 961 3010 998 re
3031 955 3288 999 terrorem
3313 941 3404 998 tibi
3432 940 3626 998 afferre

2043 1040 2311 1100 poterunt,
2337 1036 2421 1104 qui
2455 1036 2506 1090 in
2535 1052 2688 1090 suum
2710 1048 2867 1106 caput
2887 1051 3142 1107 suamque
3167 1035 3452 1106 perniciem
3471 1035 3626 1105 quid-

2044 1126 2123 1178 vis
2143 1128 2377 1196 aggressi
2401 1130 2560 1183 sunt?
2582 1131 2825 1199 Opumne
2841 1129 3198 1197 detrimento?
3219 1130 3288 1184 At
3308 1127 3436 1182 illud
3462 1128 3625 1196 probe

2042 1217 2172 1284 scio,
2209 1229 2258 1273 te
2285 1235 2375 1274 eas
2406 1221 2636 1289 pulveris
2668 1223 2834 1277 instar
2859 1222 3075 1287 habere,
3103 1237 3167 1276 ac
3187 1222 3373 1291 quovis
3403 1221 3512 1274 luto
3539 1221 3622 1273 vi-

2043 1311 2201 1369 liores
2226 1314 2552 1370 existimare.
2585 1315 2666 1370 An
2694 1316 2877 1385 patriae
2904 1331 2965 1370 ac
2991 1316 3180 1370 domus
3211 1315 3532 1369 amissione?
3554 1315 3623 1368 At

2042 1409 2098 1455 tu
2138 1403 2342 1471 amplas
2369 1393 2542 1459 'etiam
2583 1421 2648 1461 ae
2686 1406 2990 1476 frequentes
3027 1406 3187 1460 urbes
3224 1421 3329 1459 non
3378 1419 3531 1460 secus
3559 1419 3625 1459 ac

2040 1493 2355 1551 solitudines
2398 1497 2632 1553 incolere
2663 1499 2834 1562 nosti,
2883 1508 2942 1553 ut
2980 1514 3099 1569 qua:
3138 1499 3190 1551 in
3221 1499 3330 1552 otio
3355 1512 3418 1552 ac
3445 1497 3624 1566 quiete

2041 1599 2200 1639 omne
2232 1586 2350 1640 vitae
2399 1597 2604 1658 tempus
2635 1591 2993 1661 transegeris,
3037 1601 3198 1660 atque
3238 1589 3458 1658 hujusce
3499 1588 3623 1641 vita:

2041 1692 2263 1747 pompas
2288 1693 2502 1749 semper
2537 1683 2866 1752 prolrivuris.
2900 1685 2966 1736 At
2999 1691 3224 1738 mortem
3271 1680 3623 1736 minitanlur?

2039 1770 2121 1825 Tu
2147 1787 2273 1828 vero
2301 1780 2636 1829 antevertens
2667 1775 2866 1828 nullum
2896 1783 3102 1844 tempus
3129 1773 3376 1836 omisisti,
3402 1773 3526 1843 quin
3555 1771 3624 1827 de

2038 1876 2099 1915 ea
2117 1863 2376 1932 cogitares
2402 1881 2414 1917 :
2446 1873 2626 1934 atque,
2655 1865 2700 1919 si
2727 1865 2791 1919 ad
2811 1880 2994 1921 necem
3019 1874 3068 1920 te
3092 1865 3368 1929 traxerint,
3391 1864 3620 1918 cadaver

2038 1952 2311 2007 dumtaxat
2338 1953 2404 2008 ad
2425 1969 2542 2008 eam
2572 1955 2782 2010 trahent
2804 1958 2842 2011 '.
2867 1956 3002 2024 Quid
3032 1956 3264 2025 pluribus
3291 1956 3465 2010 verbis
3486 1971 3620 2024 opus

2038 2043 2154 2099 est?
2187 2043 2354 2100 Nemo
2381 2055 2433 2100 te
2465 2055 2609 2100 tanto
2636 2048 2742 2101 ullo
2782 2049 2922 2103 malo
2963 2047 3173 2103 afﬁcere
3211 2049 3436 2118 poterit,
3478 2047 3619 2115 quod

2039 2151 2144 2190 non
2172 2138 2406 2191 inveniat
2425 2137 2741 2208 jampridem
2775 2156 2803 2193 a
2837 2150 2888 2195 te
2918 2155 3105 2210 magna
3135 2140 3384 2208 patientia
3424 2139 3618 2193 tolera-

2038 2235 2172 2282 tum.
2203 2228 2336 2284 Nam
2359 2245 2480 2285 cum
2511 2245 2605 2300 per
2633 2241 2830 2287 arctam
2856 2242 2909 2287 et
2937 2242 3211 2301 angustam
3244 2233 3379 2286 viam
3407 2245 3622 2298 semper

2037 2321 2138 2376 iter
2162 2323 2368 2390 feceris,
2395 2323 2478 2378 his
2501 2325 2746 2380 omnibus
2765 2324 3009 2379 diuturna
3034 2324 3413 2380 exercitatione
3435 2338 3620 2377 assue-

2037 2415 2178 2468 visti.
2209 2415 2284 2468 Ac
2311 2414 2536 2483 proinde
2566 2431 2684 2470 cum
2715 2415 3124 2486 pulcherrimam
3167 2415 3304 2471 hanc
3342 2415 3618 2469 scientiam

2038 2505 2090 2559 in
2115 2504 2375 2574 paltestris
2399 2505 2651 2574 colueris,
2681 2523 2821 2562 nunc
2849 2507 2898 2561 in
2929 2506 3306 2562 certaminibus
3333 2505 3616 2560 clariorem

2040 2606 2090 2653 te
2121 2597 2389 2667 prmbuisti
2417 2617 2430 2652 :
2454 2599 2652 2669 quippe
2677 2615 2795 2670 qua:
2823 2599 2892 2654 ob
2920 2615 2981 2654 ea
3012 2615 3128 2669 qua:
3152 2598 3485 2666 contingunt,
3510 2613 3614 2652 non

2038 2691 2196 2746 modo
2222 2705 2330 2746 non
2360 2692 2714 2757 conturberis,
2737 2707 2921 2746 verum
2943 2692 3100 2746 etiam
3127 2690 3274 2744 velut
3305 2689 3403 2742 alis
3427 2690 3618 2742 instru-

2036 2791 2119 2836 cta
2146 2783 2361 2838 exsilias
2385 2798 2448 2838 ac
2483 2783 2758 2853 tripudies.
2784 2783 2914 2837 Nam
2943 2797 3167 2852 quarum
3193 2795 3371 2836 rerum
3407 2781 3614 2835 exerci-

2037 2875 2107 2928 tia
2129 2875 2420 2944 occupasti,
2447 2875 2630 2930 harum
2655 2875 2945 2929 certamina
2976 2874 3108 2928 mira
3138 2888 3257 2928 cum
3283 2872 3537 2928 facilitate
3560 2873 3612 2926 in

2035 2965 2282 3020 muliebri
2305 2974 2360 3020 ct
2389 2965 2598 3021 araneis
2629 2965 2976 3020 imbecilliore
3017 2979 3244 3034 corpore
3281 2979 3423 3018 nunc
3456 2963 3610 3027 obis,

2034 3056 2518 3112 valentissimorum
2574 3072 2638 3112 ac
2688 3056 2935 3112 dentibus
2980 3055 3320 3110 stridentium
3377 3055 3614 3109 virorum

2036 3146 2269 3202 furorem
2298 3147 2498 3218 ingenti
2529 3163 2648 3202 cum
2677 3147 2785 3202 risu
2809 3147 3057 3201 calcans:
3089 3154 3147 3200 ut
3169 3162 3287 3216 qua:
3315 3146 3460 3216 plura
3495 3162 3616 3215 per-

2035 3239 2144 3307 peti
2188 3247 2368 3307 parata
2407 3238 2511 3304 sis,
2558 3254 2716 3308 quam
2761 3238 2836 3294 illi
2884 3239 3085 3294 inferre
3122 3247 3330 3308 parent.
3371 3238 3446 3292 Te
3490 3253 3617 3292 vero

2034 3330 2242 3387 beatam
2269 3373 2284 3397 ,
2329 3347 2392 3386 ac
2434 3341 2514 3386 ter
2553 3332 2791 3399 beatam,
2837 3331 2907 3386 ob
2934 3346 3162 3386 coronas
3200 3346 3320 3401 quae
3351 3330 3474 3384 hinc
3515 3331 3610 3384 tibi

2033 3433 2431 3493 comparantur,
2463 3425 2570 3479 imo
2591 3425 2764 3494 potius
2789 3423 2860 3478 ob
2890 3424 3002 3492 ipsa
3030 3423 3344 3478 certamina.
3374 3423 3443 3476 Ea
3470 3421 3614 3476 enim

2035 3516 2224 3571 horum
2255 3515 2602 3571 certaminum
2631 3524 2820 3571 natura
2846 3524 2950 3582 est,
2979 3524 3036 3570 ut
3060 3517 3218 3571 etiam
3242 3525 3364 3569 ante
3399 3521 3614 3583 pra-mia

2034 3612 2088 3666 in
2134 3611 2245 3681 ipsa
2275 3624 2487 3680 quoque
2514 3624 2676 3664 arena
2708 3623 2856 3664 suam
2891 3607 3191 3664 mercedem
3235 3608 3499 3671 habeant,
3530 3607 3615 3658 ni-

2033 3702 2227 3756 mirum
2259 3701 2602 3773 voluptatem,
2633 3717 2735 3772 qua
2765 3716 2906 3757 nunc
2931 3700 3144 3766 frueris,
3171 3699 3333 3754 animi
3356 3698 3612 3762 lmtitiam,

2033 3792 2425 3862 fortitudinem,
2451 3795 2757 3864 patientiam
2788 3811 2801 3848 :
2833 3793 3067 3863 illudque
3095 3793 3244 3855 item,
3273 3790 3412 3858 quod
3438 3807 3610 3860 expu-

2031 3885 2179 3957 gnari
2221 3896 2380 3956 atque
2417 3886 2646 3956 opprimi
2691 3899 2949 3955 nequeas,
2979 3883 3120 3954 quod
3166 3883 3416 3937 onmibus
3455 3883 3617 3936 rebus

2032 3977 2314 4032 sublimior
2339 3977 2412 4030 sis
2437 4018 2451 4040 ,
2481 3977 2622 4046 quod
2649 3976 2728 4031 sic
2768 3975 2993 4046 tcipsam
3022 3976 3327 4030 exercueris
3349 4017 3364 4041 ,
3397 3984 3454 4029 ιιι
3483 3973 3616 4028 nihil

2033 4069 2127 4125 tibi
2157 4069 2475 4124 incommodi
2499 4083 2528 4124 a
2557 4082 2822 4138 quoquam
2848 4067 3030 4122 inferri
3055 4068 3240 4136 possit,
3264 4067 3403 4138 quod
3426 4075 3614 4122 exorta

2034 4170 2140 4217 tam
2166 4161 2311 4232 gravi
2337 4170 2651 4232 tempestate
2673 4161 2724 4216 in
2747 4170 2893 4232 petra
2918 4163 3200 4228 consistas,
3223 4159 3364 4232 quod
3386 4159 3615 4230 denique

2032 4253 2164 4308 mari
2212 4252 2422 4308 furente
2469 4267 2657 4323 magna
2717 4267 2839 4307 cum
2892 4253 3270 4322 tranquillitate
3318 4251 3612 4306 secundum

2032 4357 2244 4398 cursum
2274 4352 2476 4399 teneas.
2503 4344 2624 4398 llaec
2648 4343 2808 4398 etiam
2839 4352 2962 4397 ante
2984 4344 3233 4397 caelorum
3255 4357 3496 4412 regnum,
3521 4357 3612 4394 ca-

2035 4435 2282 4490 lamitatis
2314 4435 2530 4506 pmmia
2579 4436 2629 4489 in
2668 4433 2768 4490 hac
2807 4435 2915 4488 vita
2959 4441 3104 4489 sunt.
3147 4433 3278 4490 lllud
3311 4435 3452 4488 enim
3484 4433 3614 4488 mihi

2032 4526 2513 4595 exploratissimum
2539 4533 2621 4581 est
2644 4567 2658 4590 ,
2692 4534 2746 4581 te
2771 4540 2912 4580 nunc
2939 4527 3118 4581 animo
3151 4527 3220 4581 ita
3248 4534 3610 4594 comparatam

2032 4632 2172 4683 esse,
2199 4626 2260 4671 ut
2293 4632 2361 4672 ne
2391 4631 2618 4687 corpore
2646 4616 2859 4687 quidem
2897 4617 3134 4671 indutam
3177 4627 3227 4672 te
3261 4632 3382 4672 esse
3421 4616 3612 4671 existi-

2033 4723 2147 4764 mes
2167 4750 2180 4773 ,
2215 4709 2285 4764 ita
2319 4717 2371 4764 te
2401 4717 2683 4779 pennatam
2714 4709 2887 4764 reddit
2914 4711 3156 4779 voluptas
3185 4727 3199 4765 :
3230 4724 3292 4764 ac
3331 4710 3373 4763 si
3403 4718 3610 4779 tempus

2033 4800 2085 4854 id
2117 4801 2383 4870 postulet,
2414 4801 2708 4870 promptius
2751 4800 2880 4856 illud
2921 4811 3144 4856 exutura
3185 4801 3293 4866 sis,
3333 4816 3490 4871 quam
3522 4801 3615 4855 alii

2031 4903 2228 4960 vestes,
2260 4892 2449 4963 quibus
2468 4891 2663 4947 obtecti
2688 4901 2830 4946 sunt.
2853 4891 3035 4947 Gaude
3064 4891 3220 4962 igitur
3241 4899 3295 4946 et
3321 4892 3609 4957 oblectare,

2034 4996 2143 5043 tum
2173 4997 2263 5042 tuo
2293 4987 2530 5053 nomine,
2563 4996 2674 5041 tum
2702 5000 2886 5040 eorum
2913 4985 3001 5054 qui
3028 4985 3232 5040 beatam
3261 4995 3485 5039 mortem
3513 4985 3614 5041 ob-

2032 5078 2226 5141 ierunt,
2259 5091 2363 5130 non
2393 5076 2444 5130 in
2475 5077 2633 5139 lecto,
2664 5090 2762 5130 nec
2789 5074 2954 5142 domi,
2986 5074 3080 5129 sed
3110 5077 3162 5129 in
3184 5091 3396 5132 carcere
3422 5087 3473 5131 et
3500 5077 3614 5131 vin-

2032 5170 2167 5224 culis
2192 5184 2255 5222 ac
2283 5167 2578 5223 tormentis.
2610 5169 2714 5222 Eos
2738 5178 2918 5222 autem
2947 5168 3091 5223 solos
3121 5169 3240 5239 lnge
3263 5184 3326 5224 ac
3362 5169 3612 5236 lacrynns

2030 5279 2390 5334 prosequere,
2421 5263 2511 5334 qui
2551 5263 2666 5318 haec
2701 5272 3023 5331 perpetrant.
3050 5262 3180 5316 Nam
3223 5263 3359 5317 istud
3404 5278 3614 5333 quoque

2037 5367 2124 5412 tua
2157 5356 2487 5428 philosophia
2515 5356 2732 5427 dignum
2774 5366 2874 5410 est.
2905 5355 3163 5423 Quoniam
3191 5367 3368 5411 autem
3395 5356 3460 5411 de
3487 5373 3610 5411 cor-

2030 5450 2175 5519 poris
2196 5463 2404 5518 quoque
2431 5447 2599 5502 nostri
2630 5447 2932 5503 valetudine
2955 5447 3151 5502 certior
3183 5447 3294 5503 ﬁeri
3324 5448 3491 5516 cupis,
3515 5461 3613 5501 nos

2030 5554 2188 5606 exlco
2217 5539 2436 5602 morbo,
2463 5539 2553 5609 qui
2585 5555 2753 5610 nuper
2777 5539 2931 5595 nobis
2969 5539 3267 5594 molestiam
3297 5541 3608 5605 exhibebat,

2029 5631 2347 5688 emersimus
2372 5647 2386 5684 :
2411 5647 2654 5701 nuncque
2678 5633 2899 5689 meliore
2932 5631 3232 5688 valetudine
3259 5647 3438 5686 sumus
3460 5671 3472 5692 .
3500 5645 3609 5683 mo-

2099 5722 2116 5753 ³
2151 5727 2248 5770 Duo
2267 5727 2395 5785 3158.,
2423 5722 2671 5776 habebunt.
