4058 6218
439 279 547 336 625

438 396 511 451 do
556 407 627 449 ne
667 399 852 449 rursus
898 389 1071 444 hiems
1104 379 1363 439 stomachi
1403 372 1572 431 nostri
1599 364 2017 425 imbecillitatem

439 488 678 545 adventu
703 501 803 539 suo
831 482 1027 540 laedat;
1056 492 1176 532 nam
1202 473 1267 528 de
1294 468 1509 530 lsauris.
1536 461 1684 521 omni
1707 468 1853 516 metu
1873 455 2021 511 vacui

455 588 661 634 sumus.

656 660 887 719 XVIII.
917 657 1174 716 Cuteric.
1207 652 1438 725 (Cucuso
1465 660 1607 702 attno
1634 641 1787 705 ιοι.)

516 760 642 817 Sive
677 756 1007 826 frequenter,
1033 750 1149 807 sive
1183 761 1307 803 raro
1343 741 1545 799 scribas
1564 780 1582 807 ,
1610 751 1710 793 nos
1738 743 1912 826 tamen
1937 727 2028 799 ju-

445 851 644 907 dicium
674 822 834 911 ίιιικι,
862 842 1006 915 quod
1044 840 1112 895 ab
1139 838 1291 894 initio
1314 835 1382 890 de
1409 842 1496 888 tua
1524 829 1745 886 caritate
1773 822 2027 887 fecimus,

448 945 660 996 firmum
685 951 748 994 ac
772 935 962 992 stabile
985 932 1295 988 retinemus.
1323 926 1379 982 ld
1407 925 1551 981 enim
1579 919 1909 991 exploratum
1934 926 2032 967 no-

448 1034 534 1089 bis
555 1042 638 1089 est
655 1073 671 1098 ,
698 1039 782 1096 te,
810 1029 923 1083 sive
958 1025 1193 1089 scribas,
1220 1021 1337 1077 sive
1360 1018 1518 1074 sileas
1536 1055 1553 1081 ,
1585 1011 1775 1069 eodem
1818 1019 2034 1075 semper

449 1139 573 1195 erga
604 1096 703 1179 nos
736 1121 914 1176 animo
936 1133 1001 1174 ac
1027 1115 1203 1172 studio
1229 1126 1370 1170 esse.
1408 1109 1570 1165 Velim
1596 1114 1772 1161 autem
1813 1096 2033 1195 celerri-

448 1188 594 1270 mam
623 1212 715 1269 tibi
744 1211 1023 1267 sanitatem
1048 1208 1186 1263 Deus
1215 1202 1471 1275 praebeat,
1493 1209 1651 1268 atque
1671 1193 1817 1251 omni
1844 1188 2035 1247 morbo

448 1316 505 1360 te
550 1305 762 1359 liberet.
804 1301 986 1371 Neque
1031 1299 1173 1354 enim
1216 1293 1417 1363 vulgari
1462 1286 1819 1349 sollicitudine
1863 1279 2037 1336 allecti

454 1410 639 1451 sumus
658 1433 673 1459 ,
701 1409 822 1448 cum
862 1392 931 1447 de
961 1400 1052 1444 tuo
1081 1387 1270 1444 morbo
1299 1385 1366 1440 ad
1407 1396 1504 1437 nos
1528 1381 1747 1436 allatum
1777 1385 1880 1431 est.
1913 1372 2038 1427 Ideo

455 1497 511 1544 te
535 1488 901 1549 obsecramus,
934 1491 991 1536 ut
1018 1480 1225 1550 quoties
1255 1475 1500 1539 licuerit,
1528 1471 1600 1526 de
1629 1482 1714 1524 tua
1740 1463 2040 1520 valetudine

456 1592 559 1631 nos
586 1575 841 1631 certiores
865 1571 1059 1636 facias,
1086 1581 1141 1625 et
1170 1583 1295 1641 num
1322 1565 1511 1620 melius
1538 1556 1822 1630 aliquando
1846 1564 2042 1622 corpus

458 1675 609 1723 tuum
639 1679 700 1720 se
727 1663 920 1718 habeat
943 1660 1165 1717 indices.
1196 1657 1306 1713 Nec
1330 1656 1471 1710 enim
1505 1664 1557 1707 te
1583 1650 1731 1720 fugit,
1757 1660 1915 1717 quant
1941 1642 2038 1698 do-

458 1757 690 1819 leamus,
734 1768 855 1809 eum
901 1761 953 1807 te
996 1749 1182 1805 morbo
1229 1747 1395 1802 teneri
1439 1742 1710 1805 audimus,
1741 1754 1804 1793 ac
1844 1741 2042 1807 quanta

459 1844 642 1901 lmtitia
663 1842 978 1908 afliciamur,
1004 1855 1067 1896 ac
1098 1854 1204 1909 pra:
1228 1837 1497 1907 voluptate
1527 1832 1666 1887 velut
1714 1843 1915 1900 pennas
1958 1826 2042 1879 iit-

459 1937 686 1992 duamus
703 1976 719 2001 ,
746 1950 867 1992 cum
896 1944 949 1992 te
983 1934 1120 1989 bene
1144 1931 1321 1987 valere
1346 1925 1710 1998 intelligimus.
1736 1922 1862 1977 Haac
1888 1919 2045 1991 igitur

463 2044 586 2083 eum
615 2027 784 2092 scias,
816 2025 1155 2081 ornatissima
1184 2037 1248 2078 ac
1276 2018 1604 2076 nobilissima
1636 2013 1850 2071 domina
1887 2025 2003 2065 mea
2024 2049 2042 2076 ,

462 2119 671 2186 quoties
699 2116 919 2173 facultas
944 2116 1174 2179 dabitur,
1201 2111 1270 2167 ad
1299 2126 1397 2167 nos
1424 2108 1657 2165 scribere
1680 2120 1747 2161 ne
1777 2101 2042 2175 graveris,

462 2224 670 2280 quaque
699 2207 999 2263 valetudine
1037 2207 1112 2261 sis
1131 2245 1147 2272 ,
1180 2203 1433 2258 indicare.
1460 2199 1645 2268 Neque
1671 2196 1814 2252 enim
1842 2190 2046 2263 vulgari

468 2299 725 2357 beneﬁcio
762 2313 862 2354 nos
899 2296 1100 2354 aflieies
1122 2335 1140 2363 ,
1172 2309 1291 2351 cum
1319 2290 1579 2363 ejusmodi
1623 2289 1690 2344 ad
1738 2301 1836 2343 nos
1864 2287 2047 2342 literas

463 2390 693 2447 miseris.

461 2480 625 2541 XIX.
663 2479 920 2535 Marciano
948 2487 993 2535 et
1022 2477 1321 2533 Marcellino
1339 2474 1434 2547 (a).
1460 2472 1638 2547 (Anno
1665 2471 1769 2527 404
1793 2470 1877 2525 vel
1896 2465 2046 2536 405.)

533 2570 667 2630 illud
687 2570 901 2642 quidem
921 2584 1257 2642 caperemus,
1279 2578 1337 2624 ut
1359 2581 1476 2634 vos,
1503 2579 1534 2620 a
1554 2563 1743 2635 quibus
1770 2569 2049 2629 tant0pere

461 2680 724 2733 amamur,
755 2673 1046 2736 praesentes
1073 2677 1287 2734 quoque
1314 2671 1680 2717 cerneremus.
1706 2659 1775 2710 At
1797 2652 2048 2725 quoniam

462 2758 516 2815 id
539 2759 758 2815 minime
786 2757 911 2814 licet
938 2756 1082 2830 (nam
1104 2765 1160 2812 et
1183 2756 1281 2811 via:
1305 2752 1683 2825 longinquitas,
1705 2759 1760 2806 et
1776 2748 1968 2810 hiems,
1994 2754 2050 2801 et

462 2850 774 2920 praedonum
800 2858 974 2905 metus
1002 2848 1070 2906 ad
1098 2846 1481 2919 profectionem
1520 2839 1910 2914 impediendam
1938 2836 2050 2892 suf-

465 2940 702 3011 ficiunt),
733 2938 860 2994 illud
886 2939 1073 2995 saltem
1105 2946 1382 3008 Optamus,
1429 2943 1487 2990 ut
1521 2948 1616 2991 eos
1658 2932 1745 3003 qui
1790 2932 1973 2986 literas
2018 2944 2050 2983 a

464 3031 623 3088 nobis
639 3032 706 3087 ad
735 3046 831 3086 vos
852 3031 1045 3096 ferant,
1070 3032 1265 3101 saepius
1290 3029 1660 3084 nanciscamur
1686 3043 1700 3079 :
1723 3040 1830 3097 quo
1849 3021 2053 3091 cupidi.

467 3131 631 3179 tatem
676 3134 911 3179 noetram
962 3122 1292 3192 amplissime
1333 3121 1547 3190 explere
1592 3117 1878 3188 possimus.
1919 3115 2051 3183 Quia

465 3225 643 3272 autem
663 3258 679 3283 ,
710 3225 819 3270 tum
856 3215 929 3270 ob
957 3213 1115 3285 hujus
1142 3213 1244 3270 loci
1272 3212 1610 3268 solitudinem
1631 3252 1648 3277 ,
1690 3219 1799 3264 tum
1839 3206 1980 3278 quod
2020 3220 2052 3260 a

466 3306 678 3377 publica
720 3306 803 3361 via
852 3307 1034 3376 procul
1076 3304 1267 3372 distet,
1301 3303 1405 3359 hoc
1429 3302 1582 3358 nobis
1603 3300 1912 3370 ademptum
1935 3306 2050 3363 cst,

467 3414 499 3452 a
531 3398 681 3454 vobis
706 3408 852 3468 pcto,
880 3408 940 3453 ut
965 3399 1011 3453 si
1042 3398 1220 3453 minus
1248 3396 1439 3453 crebro
1463 3394 1567 3449 hoc
1593 3392 1870 3458 faciamus,
1899 3389 2054 3446 nobis

469 3492 676 3548 veniam
709 3492 953 3548 tribuatis
986 3510 999 3546 :
1028 3500 1206 3562 atque,
1236 3492 1348 3546 sive
1376 3489 1701 3553 scribamus,
1732 3488 1847 3543 sive
1897 3486 2055 3543 silea-

469 3597 611 3647 mus,
642 3581 782 3639 idem
821 3583 889 3639 de
918 3592 1100 3639 nostra
1123 3598 1249 3652 erga
1280 3598 1375 3637 vos
1400 3580 1771 3638 benevolentia
1793 3579 2052 3649 judicium

473 3672 735 3741 habeatis,
765 3674 895 3730 illud
923 3674 1193 3730 vobiscum
1217 3682 1544 3743 reputantes,
1571 3670 1918 3727 diuturnioris
1945 3669 2055 3740 ple-

470 3779 696 3834 rumque
735 3764 929 3820 silentii
955 3766 1121 3825 nostri
1147 3780 1362 3820 causam
1392 3764 1492 3819 loci
1519 3764 1694 3835 potius
1713 3762 2053 3818 solitudinem

471 3868 626 3921 esse,
653 3869 811 3922 quam
839 3854 1234 3926 negligentiam.

662 3943 791 4001 XX.
820 3945 1066 4017 Agapeto.
1099 3945 1329 4015 (Scripta
1358 3945 1548 4001 Cucnsi
1575 3960 1715 4000 anno
1736 3940 1887 4016 404.)

544 4036 821 4091 Sincerttm
839 4046 997 4106 atque
1012 4037 1309 4103 ardentem,
1329 4037 1541 4107 lucique
1569 4045 1865 4105 expertem,
1882 4049 1945 4089 ac
1961 4049 2057 4105 pu-

474 4128 592 4181 rum
609 4140 847 4181 amorem
861 4135 1008 4180 tuum
1027 4138 1361 4197 perspectum
1381 4128 1552 4184 habeo
1571 4147 1583 4182 :
1599 4128 1845 4199 quodque
1862 4142 1961 4184 nec
1972 4142 2059 4182 ne-

473 4215 739 4285 gotiorum
769 4215 940 4283 turba,
967 4232 1065 4272 nec
1082 4218 1336 4288 temporis
1351 4219 1716 4286 diuturnitate,
1736 4235 1836 4275 nec
1853 4219 2058 4274 itineris

475 4306 860 4377 longinquitate
883 4305 1148 4363 debilitari
1175 4308 1374 4378 possit;
1406 4309 1519 4364 scio
1546 4310 1674 4365 item
1696 4325 1852 4381 quam
1874 4310 2057 4380 cupias

475 4398 643 4453 oculis
684 4412 783 4454 nos
819 4412 1075 4466 cernere,
1105 4414 1502 4470 congressuque
1540 4410 1724 4456 nostro
1753 4401 1878 4456 frui.
1910 4402 2056 4468 Quo-

475 4492 619 4545 niam
641 4499 819 4547 atttcm
848 4507 1006 4557 nunc,
1042 4502 1150 4547 tum
1182 4492 1252 4547 ob
1277 4492 1483 4548 itineris
1512 4493 1920 4564 longitudinem,
1947 4504 2055 4548 tum

473 4581 692 4637 obanni
735 4592 977 4652 tempus,
1010 4594 1118 4638 tum
1147 4584 1217 4639 ob
1256 4583 1561 4641 Isaurorum
1601 4594 1838 4653 metum,
1878 4586 1930 4640 id
1968 4586 2056 4641 vix

477 4672 591 4728 fieri
635 4683 842 4743 potest,
872 4675 938 4729 da
976 4690 1195 4745 operam
1219 4716 1231 4739 ,
1262 4684 1319 4730 ttt
1342 4691 1459 4731 eam
1485 4691 1641 4747 quam
1670 4676 1837 4732 litera:
1865 4676 2057 4733 afferre

474 4764 649 4819 solent
675 4765 1084 4823 oblectationem
1118 4766 1270 4822 nobis
1318 4769 1591 4838 praebeas,
1623 4768 1851 4824 subinde
1874 4770 1942 4825 de
1969 4778 2054 4825 tua

477 4855 741 4926 totiusque
771 4857 959 4913 donius
984 4868 1086 4913 tum
1111 4858 1411 4914 valetudine
1432 4860 1691 4915 certiores
1713 4875 1810 4916 nos
1832 4859 2053 4917 faciens.

471 4943 607 5000 Nam
634 4946 678 5000 si
718 4945 1021 5017 hujusmodi
1067 4949 1250 5007 literas
1286 4967 1317 5008 a
1346 4960 1396 5005 te
1424 4950 1616 5005 crebro
1656 4955 2054 5021 acceperimus,

474 5051 582 5092 non
609 5039 903 5108 vulgarem,
931 5042 1091 5101 etiam
1118 5044 1170 5098 in
1190 5044 1477 5100 solitudine
1504 5044 1780 5115 degentes,
1807 5049 2056 5102 consola-

476 5128 674 5183 tionem
717 5130 1008 5199 capiemus.
1049 5132 1231 5203 Neque
1261 5136 1403 5190 enim
1448 5136 1695 5207 ignoras,
1724 5137 1939 5194 domine
1962 5139 2059 5204 tni,

475 5234 817 5288 summopere
845 5224 1144 5281 venerande
1169 5235 1330 5297 atque
1357 5228 1666 5285 adtnirande
1686 5271 1701 5296 ,
1729 5241 1928 5300 quanto
1955 5248 2050 5285 no-

475 5308 558 5366 bis
580 5310 757 5366 studio
786 5324 945 5385 atque
974 5331 1118 5372 curae
1147 5320 1216 5373 sit
1244 5318 1493 5374 valetudo
1518 5329 1629 5376 tua.

789 5405 949 5462 XXI.
981 5410 1185 5476 Alphio.
1227 5410 1408 5479 (Anno
1448 5413 1581 5468 forte
1608 5414 1756 5484 Δ405.)

531 5492 607 5553 Te
626 5494 837 5550 beatum
855 5511 917 5551 ac
935 5506 1013 5552 ter
1031 5498 1263 5573 beatum,
1283 5510 1440 5573 atque
1455 5505 1615 5560 etiam
1631 5506 1826 5577 saepius
1841 5506 2053 5562 beatum

539 5607 992 5688 ςιι)Δ
1025 5613 1312 5688 μπρὶιιιιιιιιι
1354 5625 1405 5669 et
1449 5621 1771 5688 Marcellinum
1809 5626 2057 5688 castigavi-

477 5660 827 5745 t‘uiis'adl'lideut
841 5660 995 5745 trium
1025 5660 1159 5735 Mss,
1174 5660 1789 5745 aitbiitui'an'Htiié'é'

475 5732 578 5787 circ
602 5732 762 5787 tlnttun
781 5741 874 5787 est.

1216 272 1275 325 S.
1314 259 1590 323 JOANNIS
1626 239 2097 313 CHRYSOSTOMI
2133 235 2447 294 ARClIlEP.
2488 229 3013 294 CONSTANTlXOP.

3728 200 3747 230 τ

3610 220 3741 293 est:

2129 354 2219 425 qui
2231 348 2491 424 ejusmodi
2510 361 2594 403 res
2605 344 2958 411 effleis,atque
2974 331 3233 407 ejusmodi
3247 329 3469 403 negotiis
3481 329 3715 385 animum

2126 418 2455 513 a'djicis,quaa
2468 440 2733 510 ingentem
2749 433 2801 488 in
2815 430 2958 487 cazlis
2972 426 3279 482 thesaurum
3294 421 3389 478 tibi
3400 418 3718 476 recondunt.
3748 448 3757 459 ο

2128 511 2310 604 Neque
2340 511 2482 588 enim
2501 526 2789 598 vulgariter
2805 523 3038 577 animum
3066 525 3308 573 nostrum
3328 511 3568 574 erexisti,
3598 526 3720 566 eum

2129 625 2196 681 dc
2225 602 2442 681 domino
2469 629 2650 676 nostro
2666 617 2873 673 Joanne
2890 608 3205 684 presbytero
3226 604 3381 661 nobis
3405 602 3535 660 illud
3557 617 3722 672 expo-
3776 645 3780 650 .

2130 716 2305 783 suisti,
2334 724 2385 771 te
2405 713 2629 769 multum
2655 722 2836 780 opera:
2857 701 3186 765 adhibuisse,
3209 706 3267 753 ut
3287 712 3410 753 eum
3433 694 3719 760 excitares,

2134 819 2295 880 atque
2336 809 2389 863 in
2420 803 2750 880 Phteniciam
2797 799 3056 854 mitteres.
3101 788 3256 860 Quod
3303 797 3482 843 autem
3528 800 3718 840 aurum

2134 876 2348 971 quoque
2390 876 2489 967 ipsi
2528 891 2761 957 dedisti,
2788 900 3110 961 quamquam
3152 892 3207 937 tu
3248 894 3345 951 pro
3384 885 3579 933 cretera
3632 884 3722 929 tua

2134 965 2332 1066 pietate
2359 965 2461 1045 hoc
2488 984 2769 1048 reticuisti,
2803 979 3021 1035 minime
3048 986 3225 1030 tamen
3269 971 3320 1025 id
3346 967 3502 1024 nobis
3527 965 3726 1022 obscu-

2138 1061 2255 1139 rum
2286 1082 2383 1137 fuit
2424 1098 2437 1134 :
2487 1093 2607 1133 nam
2656 1075 2707 1131 id
2748 1073 2908 1129 etiam
2950 1074 3283 1138 compertum
3313 1061 3635 1121 habuimus,
3664 1073 3727 1112 ac

2138 1174 2509 1230 liberalitatem
2539 1184 2656 1225 eam
2687 1181 2787 1238 qua
2815 1177 2942 1219 usus
2966 1177 3045 1217 es.
3075 1154 3156 1215 Ob
3181 1170 3405 1225 eamque
3430 1166 3646 1208 causam
3677 1159 3730 1205 te

2142 1264 2394 1321 admirari
2422 1277 2484 1315 ac.
2509 1259 2751 1314 laudibus
2780 1257 2831 1310 in
2860 1254 3050 1310 etclam
3089 1249 3229 1305 ferre
3265 1262 3370 1302 non
3401 1243 3727 1306 desinimus,

2143 1356 2286 1428 quod
2317 1355 2368 1410 in
2397 1353 2480 1409 his
2518 1352 2681 1407 rebus
2724 1349 2876 1403 dives
2918 1346 2992 1400 sis
3034 1344 3086 1397 in
3127 1339 3319 1411 quibus
3358 1336 3576 1392 divitem
3606 1346 3730 1388 esse

2142 1424 2411 1510 convenit,
2446 1452 2601 1513 teque
2630 1439 2994 1503 obsecramus,
3017 1443 3076 1488 ut
3104 1428 3296 1487 crebro
3323 1427 3390 1483 ad
3417 1441 3514 1481 nos
3544 1424 3733 1479 literas

2144 1538 2259 1595 des.
2293 1537 2427 1595 Nam
2467 1537 2513 1593 si
2556 1534 2674 1590 ﬁeri
2719 1539 2933 1604 posset,
2967 1537 3026 1583 ut
3054 1525 3222 1581 oculis
3253 1532 3305 1577 te
3341 1533 3689 1577 cerneremus
3712 1557 3731 1582 ,

2148 1647 2341 1703 magno
2363 1630 2414 1685 id
2436 1643 2565 1686 sane
2585 1638 2907 1684 emeremus.
2930 1620 3190 1690 Quoniam
3218 1624 3394 1671 autem
3419 1613 3472 1669 id
3495 1609 3731 1666 nondum

2147 1723 2291 1789 licet,
2321 1721 2426 1788 fac,
2454 1734 2636 1790 qumso
2655 1759 2671 1783 ,
2702 1714 2926 1773 subinde
2951 1712 3018 1767 ad
3048 1725 3148 1766 nos
3176 1707 3380 1764 scribas
3399 1748 3416 1773 ,
3447 1720 3510 1760 ac
3535 1703 3605 1758 de
3645 1713 3734 1757 tua

2149 1814 2418 1882 totiusque
2444 1811 2634 1868 domus
2661 1817 2767 1864 ture
2793 1803 3101 1862 valetudine
3126 1800 3386 1857 certiores
3415 1811 3515 1852 nos
3546 1795 3732 1853 facias.

2146 1904 2333 1975 Neque
2363 1903 2506 1959 enim
2540 1902 2656 1958 leve
2684 1899 2933 1957 solatium
2954 1896 3243 1966 ‘apiemus
3280 1888 3398 1946 haec
3430 1889 3731 1943 audientes.

2148 1996 2284 2052 Cum
2316 1995 2492 2066 igitur,
2522 2009 2682 2065 quam
2707 1990 2860 2048 nobis
2885 1997 3093 2061 gratum
3126 1986 3363 2041 facturus
3382 1983 3478 2047 sis,
3511 1982 3739 2038 minimo

2155 2091 2389 2158 ignores,
2419 2102 2485 2142 ne
2506 2085 2828 2150 committas,
2861 2092 2919 2138 ut
2942 2089 3086 2137 tanta
3116 2078 3298 2134 laetitia
3326 2091 3630 2133 careamus.

2148 2178 2342 2235 XXII.
2372 2178 2553 2242 Casta,
2594 2176 2813 2243 Valerio,
2840 2173 3157 2246 Diapltanto,
3187 2168 3434 2242 Cyriaco,
3459 2166 3743 2222 Antiochia

2490 2268 2811 2341 presbyteris.
2845 2265 3073 2340 (Cucuso
3094 2278 3235 2319 anno
3263 2259 3407 2332 405.)

2220 2362 2373 2431 Quod
2395 2363 2604 2433 longam
2645 2369 2879 2415 nostram
2899 2356 3178 2428 epistolam
3222 2354 3437 2410 brevem
3475 2351 3740 2417 dixeritis,

2150 2452 2289 2509 haud
2307 2452 2552 2525 equidem
2577 2452 2761 2506 miror.
2781 2450 2857 2505 Ea
2875 2448 3018 2505 enim
3048 2446 3339 2503 amantium
3359 2452 3543 2500 natura
3563 2452 3665 2509 cst,
3684 2452 3744 2498 ut

2150 2543 2448 2600 satietatem
2467 2543 2828 2606 nesciant,uec
2839 2555 3088 2610 umquam
3103 2537 3300 2609 espleri
3316 2536 3523 2608 possint
3536 2551 3740 2590 :verunt

2151 2651 2258 2707 quo
2286 2637 2435 2707 plura
2454 2636 2522 2690 ab
2552 2636 2616 2690 iis
2637 2648 2771 2705 quos
2799 2642 2980 2687 amant
3004 2630 3327 2701 acceperint,
3347 2642 3410 2683 eo
3433 2629 3582 2697 plura
3610 2641 3740 2682 con-

2151 2730 2447 2800 cupiscant.
2479 2726 2560 2784 Ob
2580 2742 2803 2797 eamque
2818 2740 3033 2780 causam
3054 2721 3262 2778 etiamsi
3292 2719 3517 2788 decuplo
3548 2718 3740 2788 major,

2155 2836 2314 2891 quam
2342 2820 2509 2891 prior,
2538 2819 2603 2875 ad
2626 2833 2723 2873 vos
2752 2818 2976 2888 cpistola
3008 2815 3261 2879 venisset,
3294 2826 3363 2867 ne
3407 2811 3497 2865 illa
3524 2810 3740 2881 quidem

2159 2909 2435 2967 brevitatis
2465 2908 2782 2966 vocabulum
2818 2905 3092 2978 effugisset
3126 2921 3141 2959 :
3172 2918 3358 2960 verum
3390 2902 3504 2971 ipsa
3531 2914 3744 2971 quoque

2155 3018 2320 3075 parva
2348 3013 2534 3059 vocata
2569 3002 2790 3069 fuisset,
2820 3000 2930 3056 imo
2958 3014 3064 3055 non
3090 2982 3280 3054 vocata
3303 2995 3614 3059 dumtaxat,
3646 2990 3742 3048 scd

2155 3095 2317 3151 etiam
2361 3109 2522 3164 parva
2577 3092 2754 3149 habita
2802 3091 3011 3146 fuisset.
3058 3085 3211 3161 Quod
3256 3086 3417 3142 etiam
3464 3083 3598 3139 mihi
3645 3099 3743 3139 usu

2156 3187 2306 3243 venit
2333 3204 2348 3241 :
2378 3201 2502 3242 nam
2532 3185 2598 3241 ad
2621 3198 3010 3257 quemcumque
3033 3180 3234 3236 amoris
3254 3194 3378 3250 erga
3399 3191 3499 3233 nos
3517 3175 3742 3247 gradum

2157 3280 2550 3351 perveneritis,
2606 3293 2671 3334 eo
2718 3277 2937 3333 minime
2989 3274 3225 3331 contenti
3270 3286 3455 3328 sumus
3500 3287 3514 3324 :
3558 3285 3745 3345 verum

2158 3374 2358 3428 amoris
2405 3373 2729 3428 incrementa
2772 3384 2986 3440 semper
3028 3368 3374 3437 expetimus,
3401 3364 3747 3432 caritatisque

2160 3462 2422 3529 debitum,
2466 3463 2608 3533 quod
2638 3461 2847 3517 etiamsi
2873 3457 3086 3530 semper
3116 3458 3388 3523 solvatur,
3413 3470 3632 3524 semper
3662 3461 3745 3506 ta-

2160 3571 2283 3612 men
2314 3554 2538 3612 debetur
2569 3553 2809 3628 (Nemini
2850 3551 2991 3608 enim
3016 3592 3032 3618 ,
3082 3551 3252 3619 inquit
3297 3548 3387 3604 ille
3410 3587 3426 3613 ,
3472 3546 3750 3616 quidquam

2160 3649 2398 3717 debeatis,
2429 3641 2527 3703 nisi
2548 3658 2602 3701 ut
2630 3648 2840 3702 invicem
2873 3646 3095 3716 diligatis
3123 3642 3297 3717 [Rom.
3322 3642 3402 3697 15.
3427 3639 3532 3713 8]),
3566 3639 3749 3708 quoti-

2162 3739 2247 3795 die
2271 3754 2302 3795 a
2329 3739 2479 3795 vobis
2503 3736 2873 3809 efﬂagitamus,
2907 3751 3119 3804 semper
3146 3732 3359 3805 quidem
3392 3731 3519 3786 illud
3547 3729 3748 3784 affatim

2160 3828 2486 3900 accipientes
2511 3870 2527 3894 ,
2563 3844 2664 3884 nec
2695 3836 2873 3883 tamen
2916 3841 3014 3881 nos
3043 3824 3171 3880 illud
3203 3838 3453 3893 umquam
3492 3822 3640 3877 omni
3683 3837 3749 3877 ex

2164 3930 2314 3991 parte
2353 3920 2624 3991 accepisse
2652 3920 2993 3975 arbitrantes.
3028 3917 3107 3973 Ne
3131 3959 3144 3982 ,
3174 3930 3356 3985 qumso
3382 3957 3397 3981 ,
3432 3915 3751 3983 przeclarum
3788 3954 3791 3955 γ

2164 4012 2266 4066 ltoc
2291 4011 2551 4079 debitum,
2584 4011 2958 4081 duplicemque
2986 4009 3313 4085 voluptatem
3342 4005 3566 4071 habens,
3592 4005 3748 4058 nobis

2162 4105 2468 4172 persolvere
2497 4101 2774 4158 desinatis.
2805 4099 2937 4155 Nam
2988 4110 3041 4153 et
3080 4099 3169 4166 qui
3226 4096 3554 4167 persolvunt,
3582 4104 3635 4149 et
3659 4094 3748 4164 qui

2162 4176 2429 4262 aeeipiunt
2451 4234 2466 4259 ,
2505 4208 2687 4262 parem
2711 4191 3034 4261 voluptatem
3074 4196 3471 4258 consequuntur
3502 4203 3517 4240 :
3548 4185 3750 4255 quippe

2161 4297 2282 4340 cum
2306 4284 2514 4354 utrique
2559 4299 2654 4353 per
2682 4281 2986 4352 hujusmodi
3036 4279 3355 4335 solutionem
3393 4292 3549 4347 teque
3602 4276 3755 4331 locu.

2165 4375 2452 4446 pletentur.
2479 4373 2632 4441 Quod
2660 4373 2873 4444 quidem
2895 4373 2946 4427 in
2966 4371 3204 4442 pecuniis
3232 4369 3345 4424 fieri
3368 4367 3551 4439 nequit
3576 4385 3589 4421 :
3625 4382 3750 4422 nam

2163 4464 2252 4534 qui
2284 4465 2555 4532 persolvit,
2587 4464 2828 4533 egentior
2861 4462 2983 4517 hinc
3012 4461 3275 4526 efficitur;
3311 4460 3354 4513 is
3396 4468 3583 4513 contra
3612 4499 3628 4525 ,
3661 4457 3753 4527 qui

2162 4554 2389 4624 accepit,
2421 4553 2706 4623 cupitisior.
2740 4554 2807 4608 At
2850 4555 2901 4608 in
2934 4554 3170 4608 caritatis
3208 4559 3486 4605 contractu
3517 4547 3620 4602 hoc
3651 4562 3755 4601 usu

2162 4645 2346 4700 venire
2389 4645 2607 4699 minime
2634 4645 2791 4700 solet.
2824 4643 3005 4715 Neque
3033 4644 3177 4699 enim
3208 4658 3330 4698 eum
3373 4641 3460 4709 qtti
3493 4639 3756 4710 persttlvit

2163 4734 2375 4790 inanem
2402 4751 2466 4790 ac
2489 4750 2712 4805 vacuum
2739 4735 2988 4805 relinquit
3015 4751 3028 4801 ;
3060 4735 3109 4789 id
3140 4731 3278 4805 quod
3311 4732 3532 4801 pecunia
3563 4729 3750 4793 efﬁcit,

2161 4840 2282 4883 cum
2312 4827 2379 4882 ad
2404 4800 2750 4897 accipientem
2789 4827 2976 4898 migrat
3001 4800 3019 4890 ;ﬁ
3047 4800 3175 4897 quin
3214 4825 3393 4897 potius
3422 4823 3597 4894 ipsum
3637 4830 3753 4876 tum

2163 4920 2378 4976 demum
2424 4920 2823 4990 locupletiorem
2874 4921 3082 4985 reddit,
3131 4934 3251 4973 cum
3302 4930 3420 4972 eain
3474 4914 3748 4991 persolvit.

2165 5012 2291 5068 llazc
2342 5013 2499 5084 igitur
2547 5029 2667 5069 cum
2707 5011 2887 5068 sciatis
2911 5053 2926 5078 ,
2969 5009 3392 5083 pra‘stantissitni
3433 5024 3496 5063 ac
3526 5006 3754 5077 piissimi

2165 5102 2365 5158 domini
2398 5104 2522 5165 mei,
2556 5120 2623 5159 ne
2658 5119 2907 5174 umquam
2937 5102 3213 5158 ﬂorentem
3253 5116 3377 5172 erga
3406 5115 3492 5155 me
3519 5099 3756 5154 benevo-

2162 5194 2378 5250 lentiam
2409 5195 2663 5251 exhibere
2693 5196 3005 5251 intermitte.
3047 5193 3177 5249 Nam
3205 5194 3304 5247 etsi
3336 5201 3393 5246 ιιι
3439 5191 3491 5246 id
3522 5190 3752 5255 faciatis,

2165 5284 2297 5340 nihil
2329 5295 2509 5341 nostra
2553 5286 2925 5343 cohortatione
2969 5285 3216 5356 indigetis
3246 5301 3263 5343 :
3298 5293 3472 5338 tamen
3499 5282 3753 5353 quoniam

2166 5389 2262 5430 vos
2293 5379 2540 5444 apprime
2588 5392 2852 5445 amamus,
2900 5386 3180 5449 propterea
3210 5392 3325 5441 vos,
3352 5375 3511 5431 etiam
3545 5373 3589 5426 si
3620 5371 3751 5427 nihil

2167 5481 2388 5520 necesse
2418 5467 2505 5532 sit,
2554 5466 2928 5533 admonemus,
2956 5478 3012 5523 ut
3064 5482 3207 5538 smpe
3238 5468 3306 5519 ad
3336 5480 3433 5520 nos
3473 5462 3747 5531 scribatis=

2166 5567 2325 5628 atque
2370 5574 2476 5627 quo
2519 5568 2655 5614 statu
2714 5562 2963 5616 valetudo
3009 5574 3184 5616 vestra
3248 5559 3359 5623 sit,
3418 5553 3748 5627 significetis.

2166 5651 2417 5716 Quamvis
2439 5652 2580 5708 enim
2614 5654 2744 5708 nihil
2773 5654 2838 5707 ad
2866 5670 2984 5708 eam
3014 5670 3128 5708 rem
3160 5652 3423 5707 monitore
3450 5647 3598 5703 vobis
3616 5658 3752 5714 Opus

2170 5746 2257 5811 sit,
2287 5752 2339 5798 at
2369 5759 2466 5802 nos
2498 5753 2673 5805 tamen
2699 5744 2749 5803 id
2796 5760 3023 5824 quoque,
3061 5745 3180 5823 quia
3208 5743 3548 5802 vehementer
3575 5754 3735 5811 expo-
