4058 6218
477 279 583 332 6ἳὸ

474 395 736 468 διηνεκῶς
777 399 906 471 παρ’
943 401 1097 471 ὑμῶν
1161 398 1565 469 ἐπιζητοῦντες.
1627 400 1749 453 Ὅτι
1788 399 1887 471 μὲν
1941 398 2048 470 γὰρ

475 489 715 562 ἐργῶδες
742 491 900 544 τοῦτο
926 490 1132 553 λοιπὸν,
1191 492 1285 543 καὶ
1309 490 1398 543 διὰ
1430 492 1529 563 τὴν
1577 491 1673 545 τοῦ
1702 492 1856 556 ἔτους
1882 493 2053 565 ῶραν,

472 578 572 633 καὶ
604 578 691 632 διὰ
717 578 816 650 τὴν
848 580 947 649 τῆς
969 580 1090 633 όδοῦ
1120 580 1429 645 δυσκολίαν,
1462 583 1523 635 οὐ
1555 582 1769 636 πολλῶν
1797 580 2055 652 φαινομέ-

472 687 580 725 νων
600 669 707 724 τῶν
726 670 1040 742 ὁδοιπόρων,
1094 672 1202 725 τῶν
1233 674 1372 744 πρὸς
1400 674 1561 727 τοῦτο
1584 674 2054 746 διακονησομένων

474 762 624 832 ὑμῖν.
671 761 791 815 οὑδὲ
822 765 983 833 ἡμεῖς
1014 765 1337 835 ἀγνοοῦμεν·
1372 765 1512 838 πλὴν
1544 766 1659 820 ἀλλ’
1697 766 1773 831 ὼς
1799 767 1898 831 ένι,
1958 767 2053 822 καὶ

471 848 584 908 οἷόν
610 854 669 906 τέ
696 856 814 907 ἐστι
847 855 941 909 καὶ
973 858 1032 908 ἐν
1063 857 1298 929 τοσαύτῃ
1350 859 1629 932 δυσκολίᾳ,
1659 860 1898 930 συνεχῶς
1926 864 2047 914 ἐπι-

476 944 713 997 στέλλειν
748 946 1189 1017 παρακαλοῦμεν,
1218 949 1311 1001 καὶ
1330 949 1481 1020 παρὰ
1508 950 1605 1021 τῆς
1628 950 1899 1021 ὑμετέρας
1925 953 2054 1022 ἀγά-

472 1048 583 1104 πης
621 1032 824 1105 ταύτην
854 1033 1110 1107 αἰτοῦμεν
1142 1036 1241 1109 τὴν
1274 1038 1454 1109 χάριν.
1509 1040 1621 1092 Καὶ
1656 1040 1733 1110 τῷ
1790 1043 1962 1113 κυρίῳ
1992 1043 2051 1096 δέ
2084 1083 2092 1089 .

477 1141 580 1195 μου
605 1125 684 1196 τῷ
712 1126 1090 1199 εὐλαϐεστάτῳ
1149 1130 1505 1203 πρεσϐυτέρῳ
1551 1133 1837 1205 Ῥωμανῷ,
1870 1134 2051 1199 καθὼς

473 1217 818 1282 ἐκελεύσατε,
871 1220 1293 1293 ἀπεστάλκαμεν
1351 1225 1445 1277 καὶ
1490 1224 1680 1279 τούτου
1726 1226 1889 1297 χάριν
1921 1227 2051 1297 ὑμῖν

473 1310 675 1376 ειδότες
704 1313 923 1384 πολλήν.
974 1315 1127 1368 Ἐπεὶ
1174 1319 1267 1370 καὶ
1292 1317 1449 1372 τοῦτο
1472 1321 1677 1392 σφόδρα
1719 1324 1868 1391 ἡμᾶς
1910 1324 2047 1393 ἀγα-

474 1402 702 1457 πὼντων
739 1406 876 1468 ἐστὶ,
927 1409 1022 1461 καὶ
1081 1409 1199 1479 μεθ’
1240 1411 1546 1483 ὑπερϐολῆς
1603 1414 1921 1482 φιλούντων,
1988 1419 2050 1472 τὸ

473 1495 813 1565 τηλικούτοις
837 1497 1060 1569 ἀνδράσι
1099 1502 1194 1554 καὶ
1236 1501 1326 1555 διὰ
1350 1503 1459 1556 τῶν
1485 1506 1830 1577 γραμμάτων
1857 1512 2050 1579 πειρᾶ-

476 1583 633 1649 σθαι,
659 1588 753 1641 καλ⁸
801 1588 1001 1661 πολλὴν
1058 1592 1326 1646 ποιεῖσθαι
1373 1596 1611 1667 σπουδὴν
1662 1598 2049 1671 ἀκριϐέστερον

476 1675 767 1731 συνάπτειν
815 1680 982 1749 ἡμᾶς.
1028 1681 1320 1753 Δεξάμενοι
1367 1686 1546 1739 τοίνυν
1589 1688 1748 1759 ἡμῶν
1778 1690 1876 1762 τὴν
1914 1692 2051 1763 πρὸς

474 1767 635 1821 αὐτὸν
661 1768 966 1840 ἐπιστολὴν,
999 1772 1091 1824 καὶ
1115 1772 1294 1827 δοῦναι
1326 1774 1736 1850 παρακλὴθητε,
1766 1781 1860 1833 καὶ
1882 1781 2053 1852 χωρὶς

472 1858 572 1926 τῆς
609 1858 898 1929 ἐπιστολῆς
929 1867 1245 1932 προσειπεῖν
1260 1866 1422 1920 αὐτὸν
1452 1868 1610 1921 πάλιν
1650 1869 1710 1935 ἐξ
1737 1870 1915 1942 ἡμῶν.
1941 1873 2052 1927 Καὶ

473 1949 580 2020 γάρ
610 1954 708 2021 οὐχ
733 1952 809 2017 ὡς
834 1953 1025 2025 ἔτυχεν
1055 1956 1263 2011 ἀνωθεν
1293 1962 1388 2014 καὶ
1414 1959 1474 2026 ἐξ
1503 1962 1677 2034 ἀρχῆς
1711 1966 1938 2036 ἐρασταὶ
1954 1984 2049 2035 γε-

472 2040 711 2111 γόναμεν
769 2044 937 2099 αὐτοῦ
976 2046 1343 2119 σφοδρότατοι·
1408 2051 1503 2104 καὶ
1546 2052 1706 2106 τοῦτο
1736 2055 2051 2124 μανθανέτω

469 2130 559 2184 διά
586 2132 688 2202 τῆς
721 2133 968 2206 γλώττης
994 2137 1094 2208 τῆς
1124 2138 1418 2209 ὑμετέρας,
1451 2142 1534 2195 ὅτι
1572 2143 1672 2213 τὴν
1704 2143 1874 2215 αὐτὴν
1913 2146 2051 2213 ἀγά-

473 2236 582 2289 πην
623 2222 856 2292 μένομεν
890 2225 1292 2298 διατηροῦντες,
1320 2231 1452 2301 ἡμῖν
1485 2234 1668 2297 αὐτοῖς
1720 2234 1790 2289 τά
1816 2238 2050 2306 μέγιστα

473 2313 841 2384 χαριζόμενον
876 2318 970 2370 καὶ
998 2317 1081 2370 ὅτι
1108 2319 1205 2389 τὴν
1248 2321 1451 2389 μεταξὺ
1490 2324 1649 2395 σιγὴν
1700 2326 1762 2378 οὐ
1810 2326 2051 2397 ῥαθυμίᾳ

474 2405 874 2475 πεποιήκαμεν,
899 2406 1035 2460 ἀλλά
1058 2408 1133 2479 τῷ
1150 2410 1453 2481 γράμματα
1478 2414 1769 2486 ἀναμένειν
1799 2418 2049 2484 δέξασθαι

473 2491 622 2560 παρά
653 2493 754 2564 τῆς
795 2493 1079 2559 εὐλαϐείας
1138 2498 1323 2551 αὐτοῦ.
1377 2500 1594 2574 Ἐπειδὴ
1640 2504 1696 2558 δὲ
1749 2507 2049 2579 προτέρους

468 2584 619 2653 ἡμᾶς
648 2584 847 2655 ᾔτησεν
876 2587 1198 2652 ἐπιστεῖλαι,
1252 2590 1359 2642 ίδοὺ
1393 2594 1487 2645 καὶ
1541 2594 1700 2649 τοῦτο
1762 2596 2047 2670 ποιοῦμεν,

471 2674 566 2727 καὶ
582 2675 1003 2748 παρακαλοῦμεν
1022 2679 1113 2733 καὶ
1128 2681 1290 2735 αὐτὸν
1321 2684 1556 2755 συνεχῶς
1576 2686 1734 2742 τοῦτο
1749 2689 1885 2759 πρὸς
1901 2674 2049 2761 ἡμᾶς

469 2768 663 2819 ποιεῖν.

812 2865 862 2915 Κ
866 2862 926 2915 Γ¹
932 2904 945 2916 .
988 2864 1270 2935 Ῥωμανῷ
1308 2870 1705 2940 πρεσϐυτέρῳ.

542 2967 711 3028 Οἶσθα
754 2975 850 3029 καὶ
891 2978 1074 3042 αὐτὸς,
1104 2980 1259 3052 κύριέ
1293 3000 1393 3053 μου
1429 2987 1725 3057 τιμιώτατε
1764 2989 1857 3043 καὶ
1889 2989 2046 3043 εὐλα-

472 3061 722 3132 ϐέστατε,
748 3067 863 3132 πῶς
890 3068 975 3121 ἀεὶ
1005 3071 1132 3141 περὶ
1156 3072 1253 3143 τὴν
1280 3073 1376 3144 σὴν
1392 3076 1675 3130 εὐλάϐειαν
1704 3078 2041 3151 διετέθημεν,

471 3155 705 3220 καὶπῶς
730 3158 818 3211 ἀεὶ
851 3160 1217 3232 συνδεδεμένοι
1252 3181 1331 3218 σοι
1379 3166 1459 3238 τῷ
1498 3168 1646 3239 νόμῳ
1691 3170 1791 3241 τῆς
1823 3172 2045 3241 ἀγάπης

466 3247 867 3321 διετελέσαμεν,
898 3252 1267 3325 θαυμάζοντές
1299 3274 1391 3310 σου
1421 3260 1520 3330 τὴν
1544 3259 1651 3312 τῶν
1681 3262 1899 3333 τρόπων
1931 3266 2046 3318 ἐπι-

470 3338 706 3404 είκειαν,
740 3342 835 3395 καὶ
871 3344 1299 3418 ἐκπληττόμενοι
1333 3350 1431 3420 τῆς
1476 3351 1678 3422 ἀρετῆς
1709 3369 1803 3407 σου
1824 3354 1923 3426 τὴν
1952 3357 2044 3410 εὐ-

472 3430 708 3501 μορφίαν
731 3471 745 3497 ,
768 3433 835 3486 δι’
862 3428 930 3506 ἦς
969 3437 1175 3501 πάντας
1207 3440 1334 3505 τοὺς
1372 3443 1798 3513 ἐντυγχάνοντας
1827 3449 2045 3519 χειροῦ-

474 3536 582 3575 σαι.
613 3520 711 3575 Διά
736 3522 981 3594 δήτοῦτο
1003 3528 1097 3581 καὶ
1129 3531 1195 3583 ἐκ
1231 3531 1445 3602 μακροῦ
1478 3533 1777 3605 καθήμενοι
1824 3537 2045 3609 διαστή-

471 3628 657 3682 ματος,
690 3613 777 3668 ἀεί
809 3632 871 3668 σε
916 3616 1009 3669 ἐπὶ
1057 3621 1155 3691 τῆς
1198 3620 1434 3686 διανοίας
1493 3627 1897 3698 περιφέρομεν,
1950 3631 2045 3684 καὶ

468 3702 713 3778 ὅπουπερ
744 3705 810 3760 ἂν
840 3709 1075 3781 ἐρημίας
1111 3712 1521 3785 ἀπενεχθῶμεν,
1556 3717 1911 3775 ἐπιλαθέσθαι
1949 3740 2041 3776 σου

469 3796 570 3867 τῆς
599 3798 821 3873 ἀγάπης
852 3802 916 3855 οὐ
938 3802 1245 3875 δυνάμεθαο
1282 3807 1396 3861 ἀλλ’
1425 3808 1500 3873 ὡς
1523 3810 1765 3881 παρόντα
1793 3816 1887 3868 καί⁵
1914 3816 2045 3888 πλη-

470 3890 583 3943 σίον
609 3892 757 3958 ὄντα,
785 3893 928 3949 οὑτω
956 3898 1049 3951 καὶ
1076 3899 1290 3971 ὁρῶμεν
1319 3902 1411 3956 καὶ
1457 3904 1840 3977 φανταζόμεθα
1857 3949 1872 3973 ,
1933 3913 2044 3973 τοῖς

468 3983 566 4054 τῆς
591 3986 811 4057 ἀγάπης
836 3988 1133 4059 ὀφθαλμοῖς
1162 3995 1419 4065 συνεχῶς,
1463 3996 1666 4068 μᾶλλον
1700 3999 1758 4052 δὲ
1778 3999 2044 4071 διηνεκῶς

468 4089 530 4125 σε
567 4073 873 4143 βλέποντες,
905 4080 999 4132 καὶ
1021 4082 1157 4151 πρὸς
1179 4084 1425 4150 ἅπαντας
1454 4089 1922 4160 ἀνακηρύττοντὲς
1948 4109 2042 4147 σου

465 4163 565 4235 τὴν
590 4165 893 4221 εὐλάϐειαν.
930 4170 1361 4244 Παρακαλοῦμεν
1389 4177 1452 4249 δὴ
1511 4180 1604 4232 καὶ
1635 4180 1800 4234 αὐτὸν
1830 4184 2043 4255 μεμνῆ-

468 4257 592 4311 σθαι
645 4258 802 4330 ἡμῶν
832 4259 1113 4331 διηνεκῶς,
1144 4264 1237 4317 καί⁵
1284 4267 1379 4336 τὴν
1428 4269 1650 4342 ἀγάπην
1678 4274 1744 4344 ἢν
1779 4273 1840 4339 ἐξ
1866 4275 2042 4348 ἀρχῆς

466 4350 597 4421 περὶ
627 4351 776 4421 ἡμᾶς
833 4351 1111 4417 ἐπεδείξω,
1162 4354 1368 4426 ταύτην
1426 4358 1521 4412 καὶ
1559 4360 1655 4413 νῦν
1684 4363 2042 4434 ἀκμάζουσαν

465 4440 760 4513 διατηρεῖν,
790 4443 882 4497 καὶ
903 4441 1155 4514 εὔχεσθαι
1186 4440 1321 4518 μετά
1347 4449 1548 4521 πολλῆς
1584 4452 1862 4520 ἐκτενείας
1900 4458 2039 4531 ὑπὲρ

464 4534 560 4605 τῆς
612 4533 993 4600 ταπεινώσεως
1046 4537 1147 4609 τῆς
1194 4541 1502 4612 ἡμετέρας,
1556 4542 1649 4596 καὶ
1703 4546 2040 4603 ἐπιστέλλειν

463 4625 624 4695 ἡνίκα
655 4626 723 4679 ἂν
749 4626 866 4697 ἐξῇ,
901 4627 991 4681 καὶ
1039 4628 1105 4683 τά
1138 4631 1263 4701 περὶ
1303 4630 1406 4702 τῆς
1435 4632 1646 4701 ὑγιείας
1676 4636 1775 4707 τῆς
1818 4639 1917 4710 σῆς
1943 4640 2039 4715 δη-

461 4714 618 4772 λοῦν·
647 4717 735 4771 ἵνα
766 4721 858 4772 καὶ
892 4720 949 4772 ἐν
970 4719 1175 4793 ἐρημία
1222 4722 1540 4794 καθήμενοι,
1577 4727 1778 4800 πολλὴν
1810 4748 2037 4805 καρπω..

464 4807 688 4878 σώμεθα
746 4810 844 4885 τὴν
877 4811 1243 4884 παράκλησιν,
1296 4814 1397 4886 τῆς
1442 4817 1551 4870 ἀπὸ
1578 4818 1687 4873 τῶν
1731 4822 1907 4893 εὐχῶν
1944 4844 2036 4882 σου

464 4901 781 4973 συμμαχίας
799 4904 865 4957 ἐκ
895 4905 1148 4960 τοσούτου
1185 4907 1546 4975 ἀπολαύοντες
1577 4912 1966 4988 διαστήματος.

922 4995 1074 5069 [609]
1114 5000 1238 5052 KA'.
1294 5000 1576 5070 'Ho'vzlcp.

532 5082 703 5149 Αὐτὸς
735 5084 835 5153 μὲν
873 5089 1203 5162 συγγνώμης
1228 5092 1396 5161 ἀξιοῖς
1425 5098 1608 5166 τυχεῖν
1652 5098 1791 5171 ὑπὲρ
1834 5099 1927 5155 τοῦ
1960 5103 2037 5175 μὴ

462 5175 889 5245 παραγενέσθαι,
919 5179 1018 5248 τὴν
1046 5183 1356 5255 ἀρρωστίαν
1393 5187 1849 5259 προϐαλλόμενος.
1895 5195 2037 5261 Ἐγὼ

459 5264 520 5355 δέ
547 5284 607 5320 σε
635 5270 730 5323 καὶ
761 5274 1011 5342 στεφανῶ
1033 5276 1126 5329 καὶ
1153 5277 1511 5350 ἀνακηρύττω
1539 5281 1638 5352 τῆς
1659 5281 1903 5354 γνώμης,
1940 5288 2034 5355 ἀφ’

458 5350 528 5430 ἦς
554 5360 649 5412 καὶ
680 5364 1079 5433 παραγέγονας,
1110 5368 1204 5422 καὶ
1230 5369 1339 5423 τῶν
1361 5350 1622 5427 ἐλθόντων
1641 5350 1794 5429 οὐδὲν
1814 5350 2034 5432 ἔλαττόν

459 5450 604 5519 ἔχεις
628 5455 757 5522 παρ’
782 5455 913 5524 ἡμῖν
941 5456 1082 5509 κατά
1100 5457 1191 5513 τὸν
1223 5459 1322 5530 τῆς
1352 5461 1572 5535 ἀγάπης
1608 5463 1779 5533 λόγον.
1830 5469 2034 5534 Ἱκανὸς

457 5541 517 5596 δὲ
550 5543 578 5595 ὁ
604 5541 735 5606 Θεὸς
766 5545 981 5616 καὶτῆς
1029 5549 1362 5621 κατεχούσης
1418 5570 1478 5610 σε
1518 5556 1826 5622 ἀπαλλάξαι
1860 5561 2034 5633 ἀρῤωο

460 5634 635 5698 στίας,
668 5635 761 5688 καὶ
794 5636 932 5707 πρὸς
960 5638 1207 5709 καθαράν
1256 5642 1442 5708 ὑγείαν
1477 5647 1844 5716 ἐπαναγαγεῖν
1873 5690 1888 5715 ,
1942 5653 2030 5707 ἵνα

462 5742 553 5779 σου
580 5727 673 5781 καὶ
697 5728 794 5799 τῆς
823 5728 942 5781 κατ’
972 5729 1094 5799 ὄψιν
1130 5731 1525 5804 ἀπολαύσωμεν
1581 5740 1886 5811 συντυχίας.
1919 5744 2028 5799 Καὶ

464 5819 570 5894 γὰρ
603 5820 805 5894 σφόδρα
845 5821 1215 5897 ἐπιθυμοῦμέν
1271 5841 1329 5880 σε
1383 5826 1508 5887 ίδεῖν
1561 5829 1652 5883 καὶ
1696 5832 2025 5905 περιπτύξαι

1205 276 1260 330 s.
1295 274 1579 330 :OANNIS
1618 268 2101 329 CHRYSOSTOMI
2134 272 2451 333 ABCIIIEP.
2478 253 3021 331 CONSTANTINOP.

3634 271 3747 331 626

2159 398 2311 463 σθαι,
2371 399 2462 453 καὶ
2492 398 2589 469 τὴν
2629 397 2785 467 φίλην
2846 396 2977 465 ἡμῖν
3029 392 3253 461 φιλῆσαι
3292 389 3563 460 κεφαλήν.
3592 388 3746 456 Ἕως

2155 489 2202 543 δ’
2233 489 2299 544 ἂν
2320 490 2490 543 ταῦτα
2516 491 2578 542 τό
2603 506 2663 542 τε
2685 488 2990 560 ἀρρωστεῖν
3025 496 3050 525 Il
3081 499 3175 535 σου
3206 480 3308 552 τὴν
3333 480 3620 549 εὐγένειαν
3644 483 3741 537 καὶ

2156 582 2190 651 ἡ
2225 579 2320 634 τοῦ
2354 580 2510 644 ἔτους
2566 578 2686 649 ῶρα
2714 576 3009 647 διακωλύῃ,
3033 576 3093 628 οὐ
3127 571 3453 643 παυσόμεθα
3496 571 3742 641 συνεχῶς

2154 671 2562 735 ἐπιστέλλοντές
2614 687 2706 725 σου
2755 670 2827 741 τῇ
2860 667 3159 739 τιμιότητι,
3200 664 3299 718 καὶ
3337 664 3439 733 τὴν
3488 663 3741 718 ἐντεῦθεν

2154 760 2289 829 ἡμῖν
2314 758 2496 822 αὐτοῖς
2530 755 3045 830 πραγματευόμενοι
3077 753 3298 825 ἡδονήν.

2526 852 2656 906 KE'.
2708 846 2981 912 Ἐλπιόἰῳ
3011 843 3345 907 ἐπισκόπφ.

2237 941 2428 1012 Ἡμεῖς
2490 941 2588 1012 μὲν
2628 938 2963 1011 ἐϐουλόμεθα
3021 935 3261 1007 συνεχῶς
3301 934 3646 990 ἐπιστέλλειν
3674 939 3743 1006 τῇ

2153 1032 2410 1104 εὐλαϐείᾳ
2428 1034 2492 1103 τῇ
2526 1034 2615 1103 σῇ,
2656 1032 2750 1086 καὶ
2776 1027 2932 1084 οἶσθα
2959 1028 3118 1083 τοῦτο
3154 1028 3251 1082 καὶ
3280 1027 3468 1091 αὐτὸς,
3491 1027 3747 1081 δέσποτα

2152 1121 2478 1192 τιμιώτατε·
2519 1124 2633 1178 ἀλλ’
2668 1122 2855 1194 ἐπειδὴ
2878 1122 3037 1174 τοῦτο
3077 1121 3225 1191 ἡμᾶς
3276 1121 3643 1189 παραιρεῖται
3684 1121 3744 1173 τὸ

2154 1212 2354 1283 μηδένα
2377 1213 2611 1283 συνεχῶς
2632 1214 2765 1285 ἡμῖν
2785 1209 3173 1284 ἐπιχωριάζειν
3201 1210 3267 1279 (ἦ
3293 1227 3352 1262 τε
3388 1210 3503 1281 γὰρ
3535 1210 3746 1281 ἐρημία

2151 1300 2244 1355 τοῦ
2270 1303 2470 1374 χωρίου
2495 1302 2686 1356 τούτου
2708 1341 2724 1369 ,
2777 1302 2805 1355 ὃ
2836 1318 2897 1354 τε
2931 1300 3039 1354 τῶν
3074 1298 3288 1372 λῃστῶν
3317 1298 3487 1368 φόϐος
3533 1298 3743 1371 ταύτην

2151 1394 2453 1457 ἐπιτείνων.
2483 1395 2667 1449 λοιπὸν
2706 1394 2761 1448 δέ
2799 1394 2895 1448 καὶ
2927 1395 2961 1463 ἡ
3000 1391 3095 1446 τοῦ
3129 1392 3282 1455 έτους
3308 1391 3430 1462 ὥρα
3455 1390 3559 1455 τάς
3591 1392 3747 1456 ὀδοὺς

2151 1484 2587 1555 ἀποτειχίζουσα,
2612 1485 2776 1538 πᾶσιν
2795 1483 2991 1539 ἄϐατον
3015 1479 3277 1551 ποιεῖτὴν
3302 1480 3621 1535 Κουκουσὸν
3657 1481 3685 1521 δ
3703 1480 3745 1550 ),

2152 1573 2266 1627 ἀλλ’
2296 1575 2461 1643 ἡνίκα
2488 1574 2563 1628 ἂν.
2585 1574 2931 1644 ἐπι-τύχωμεν
2960 1572 3474 1643 γραμματηφόρων,
3510 1573 3748 1644 πληροῦ.

2156 1682 2255 1735 μεν
2281 1665 2443 1737 ἡμῶν
2495 1665 2593 1737 τὴν
2633 1664 2947 1735 ἐπιθυμίαν,
2991 1666 3125 1735 ἡμῖν
3175 1664 3361 1727 αὐτοῖς
3409 1667 3482 1717 τά
3511 1667 3743 1735 μέγιστα

2152 1755 2517 1827 χαριζόμενοι.
2555 1758 2620 1809 '0
2671 1755 2737 1811 δέ
2783 1756 2893 1810 καὶ.Δ
2921 1754 3016 1808 νῦν
3056 1757 3440 1825 πεποιήκαμεν
3501 1754 3593 1809 διά
3637 1757 3743 1809 τῶν

2153 1846 2357 1918 κυρίων
2404 1863 2503 1917 μου
2554 1846 2662 1899 τῶν
2703 1845 3059 1916 τιμιωτάτων.
3096 1844 3508 1916 πρεσϐυτέρων,
3557 1847 3661 1917 τήν
3684 1864 3743 1899 τε

2152 1935 2503 2007 ὀφειλομένην
2529 1935 2866 1999 ἀποδιδόντες
2892 1935 3197 2006 πρόσρησιν
3223 1937 3297 2005 τῇ
3314 1932 3602 2006 θεοσεϐείᾳ
3628 1953 3746 2002 σου,

2153 2026 2247 2080 καὶ
2276 2025 2717 2097 παρακαλοῦντες
2747 2023 2911 2095 ἡνίκα
2943 2024 3008 2078 ἂν
3035 2021 3127 2094 ἐξῇ
3158 2023 3254 2077 καὶ
3277 2023 3442 2077 αὐτὸν
3466 2026 3601 2097 ἡμῖν
3623 2027 3748 2079 ἐπι-

2153 2118 2411 2179 στέλλειν,
2451 2116 2629 2170 καὶτὰ
2664 2115 2907 2187 περὶτῆς
2946 2113 3132 2183 ὑγείας
3158 2114 3365 2185 δηλοῦνι
3383 2115 3481 2185 τῆς
3513 2116 3637 2186 σῆς.
3669 2119 3749 2171 Οὐ

2150 2210 2258 2279 γὰρ
2275 2210 2511 2276 ἀγνοεῖς,
2536 2207 2771 2261 δέσποτά
2799 2223 2899 2276 μου
2919 2206 3217 2277 τιμιώτατε
3241 2207 3336 2263 καὶ
3353 2206 3743 2273 εὐλαϐἑατατε,

2149 2299 2297 2361 ὅπως
2324 2301 2456 2369 ἡμῖν
2486 2298 2947 2371 περισπούδαστον
2995 2297 3082 2351 ἀεὶ
3122 2298 3251 2371 περὶ
3296 2298 3500 2368 ταύτης
3531 2299 3748 2369 μανθὰ.⁴

2150 2406 2283 2444 νειν.
2319 2391 2384 2444 Εί
2422 2391 2531 2461 γὰρ
2560 2390 2652 2444 καὶ
2691 2390 2827 2461 πρὸς
2871 2388 3040 2452 αὐτὰς
3066 2389 3467 2461 ἀπῳκίσθημεν
3488 2390 3593 2460 τῆς
3618 2393 3745 2447 καθ’

2149 2484 2182 2552 ἡ
2191 2483 2296 2552 μᾶς
2316 2478 2638 2553 οἰκουμένης
2659 2480 2755 2544 τάς
2772 2479 3049 2553 ἐσχατιάς,
3076 2481 3191 2535 ἀλλ’
3211 2481 3364 2552 ὅμως
3390 2481 3493 2551 τῆς
3517 2482 3747 2553 ἀγάπης

2151 2589 2245 2625 σου
2301 2573 2401 2642 τῆς
2446 2572 2673 2641 γνησίας
2709 2571 2801 2626 καὶ
2846 2570 3077 2643 θερμῆς,
3120 2571 3218 2642 τῆς
3276 2571 3610 2642 εἰλικρινοῦς
3648 2576 3744 2626 καὶ⁵

2148 2664 2336 2718 ἀδόλου
2394 2662 2748 2718 ἐπιλαθέσθαι
2810 2662 2871 2716 οὐ
2909 2661 3205 2734 δυνάμεθα,
3230 2662 3349 2716 ἀλλ’
3387 2664 3638 2735 ὅπουπερ
3675 2666 3753 2721 ἂν»

2148 2752 2418 2823 ἀπίωμεν,
2458 2752 2844 2824 περιφέροντες
2870 2751 3039 2823 αὐτὴν
3092 2751 3320 2821 ἄπιμεν,
3358 2753 3626 2824 μεγίστην
3656 2757 3743 2809 έντο

2154 2842 2343 2897 τεῦθεν
2377 2843 2747 2916 καρπούμενοι
2776 2843 2875 2915 τὴν
2902 2844 3272 2915 παραμυθίαν.

2558 2953 2700 3022 Kq'.
2740 2952 2957 3024 Μάγνῳ
2982 2954 3314 3020 ἐπισκόπῳ.

2217 3069 2280 3122 El
2311 3069 2404 3122 καὶ
2424 3068 2585 3131 αὐτὸς
2608 3068 2737 3138 ἡμῖν
2765 3067 2864 3121 οὐκ
2890 3067 3260 3133 ἐπέσταλκας,
3297 3069 3477 3123 καίτοι
3502 3071 3614 3127 τῶν
3636 3090 3741 3126 xu-

2148 3158 2280 3229 ρίων
2325 3175 2425 3229 μου
2474 3157 2585 3211 τῶν
2640 3156 3018 3229 πρεσϐυτέρων
3080 3161 3563 3231 παραγενομένων,
3620 3163 3739 3217 ἀλλ’

2145 3253 2309 3322 ἡμεῖς
2335 3252 2435 3321 τῆς
2455 3267 2516 3304 τε
2544 3250 2749 3306 ἄνωθέν
2776 3267 2872 3303 σου
2904 3250 3088 3320 φιλίας
3115 3253 3475 3324 μεμνημένοι,
3512 3257 3610 3308 καὶ
3636 3257 3738 3327 τὴν

2144 3343 2255 3396 τῶν
2274 3341 2493 3416 τρόπων
2515 3358 2609 3395 σου
2639 3340 3013 3411 θαυμάζοντες
3034 3342 3356 3405 ἐπιείκειαν,
3392 3343 3488 3396 κα)⁵
3511 3342 3612 3413 τὴν
3635 3343 3737 3413 τῆς

2141 3433 2321 3505 ψυχῆς
2350 3434 2619 3506 ἀνδρείαν,
2650 3434 2847 3497 εἰδότες
2879 3434 2935 3487 δὲ
2965 3433 3059 3487 καὶ
3083 3433 3145 3486 τὸ
3167 3433 3409 3505 φίλτρον,
3427 3434 3456 3487 δ
3491 3436 3583 3488 ἀεὶ
3606 3437 3738 3506 περὶ

2141 3528 2292 3597 ἡμᾶς
2330 3527 2609 3593 ἐπεδείξω,
2665 3525 2919 3597 πρότεροι
2967 3527 3080 3589 τοῖς
3114 3526 3251 3599 πρὸς
3284 3527 3388 3597 τὴν
3416 3527 3514 3599 σὴν
3556 3528 3738 3599 ἐμμέ-

2143 3615 2295 3669 λειαν
2323 3617 2747 3688 ἐπεπηδήσαμεν
2784 3618 3095 3689 γράμμασι,
3126 3618 3355 3687 χάριτάς
3386 3619 3447 3672 τέ
3476 3636 3560 3672 σοι
3600 3621 3737 3690 ὁμο-

2144 3706 2408 3777 λογοῦμεν
2436 3709 2535 3779 τῆς
2555 3708 2869 3771 διαθέσεως,
2906 3710 2974 3780 ἦν
2998 3711 3125 3780 περὶ
3157 3711 3304 3779 ἡμᾶς
3332 3711 3733 3765 ἐπιδείκνυσαιο

2144 3799 2205 3851 οὐ
2242 3798 2350 3870 γάρ
2382 3798 2572 3853 ἔλαθεν
2614 3801 2760 3870 ἡμᾶς
2792 3799 2970 3863 τοῦτο,
3021 3801 3202 3854 καίτοι
3248 3819 3311 3870 γε
3358 3804 3422 3855 ἐκ
3473 3804 3733 3857 τοσούτω

2146 3893 2484 3963 καθημένους
2519 3893 2914 3964 διαστήματοςο
2954 3894 3378 3965 παρακαλοῦμεν
3407 3891 3524 3960 οὖν,
3566 3897 3736 3967 ἡνίκα

2144 3985 2209 4040 ἂν
2243 3986 2359 4057 ἐξῇ,
2392 3986 2624 4057 γράφειν
2648 3987 2780 4056 ἡμῖν
2810 3986 3071 4057 συνεχῶς,
3090 3987 3187 4042 καὶ
3212 3988 3280 4041 τὰ
3309 3987 3563 4058 περὶτῆς
3604 3986 3727 4053 ὑγι-

2140 4079 2255 4144 είας
2291 4079 2387 4148 τῆς
2410 4073 2558 4148 [610]
2586 4076 2683 4146 σῆς
2718 4071 3175 4145 εὐαγγελίζεσθαι.
3218 4076 3387 4131 Ὅταν
3422 4074 3533 4146 γὰρ
3560 4073 3733 4129 ἀκού-

2146 4184 2326 4238 σωμεν
2347 4169 2471 4230 τούς
2502 4168 2763 4237 σφοδροὺς
2810 4167 2967 4239 ἡμῶν
3006 4168 3260 4238 ἐραστὰς,
3295 4169 3389 4222 καὶ
3422 4169 3730 4237 γενναίους,

2143 4258 2284 4312 οὑτω
2303 4258 2781 4329 διεγηγερμένους,
2834 4258 3100 4330 νὴφοντάς
3134 4277 3193 4312 τε
3224 4259 3317 4313 καὶ
3348 4259 3734 4331 ἐγρηγορότας

2143 4350 2270 4420 περὶ
2301 4349 2398 4419 τὴν
2419 4349 2527 4402 τῶν
2565 4348 2902 4420 Ἐκκλησιῶν
2932 4351 3211 4421 πρόνοια-ν,
3275 4353 3333 4404 ἐν
3391 4352 3574 4423 ὑγιεία
3619 4352 3735 4407 διά-
3846 4398 3855 4409 .

2140 4459 2277 4510 γειν,
2308 4440 2508 4512 πολλὴν
2538 4442 2631 4494 καὶ
2656 4441 2909 4495 ἐντεῦθεν
2935 4442 3299 4515 καρπούμεθα
3312 4442 3411 4512 τὴν
3442 4443 3732 4515 παράκλη-

2143 4550 2245 4586 σιν.
2286 4531 2449 4586 Ταῦτ’
2468 4528 2563 4585 οῦν
2586 4531 2761 4596 είδὼς,
2793 4532 3030 4587 δέσποτά
3055 4551 3156 4604 μου
3177 4532 3472 4603 τιμιώτατε
3506 4534 3601 4587 καὶ
3632 4537 3699 4589 εὐ
3716 4564 3732 4577 -

2139 4623 2458 4690 λαϐέστατε,
2495 4624 2570 4696 μὴ
2598 4624 2851 4677 κατόκνει
2877 4625 3113 4695 συνεχῶς
3136 4625 3307 4678 ταῦτα
3332 4625 3463 4695 ἡμῖν
3501 4624 3728 4695 δηλοῦν.

2141 4713 2297 4768 Οὐτω
2314 4712 2443 4784 γάρ,
2468 4714 2571 4768 κᾶν
2613 4713 2751 4785 πρὸς
2784 4713 2955 4778 αὐτὰς
2982 4714 3372 4786 ἀπενεχθῶμεν
3415 4716 3516 4786 τῆς
3540 4719 3730 4772 οἰκου-

2143 4805 2310 4877 μένης
2337 4804 2436 4870 τάς
2469 4805 2722 4876 ἐσχατιὰς
2742 4845 2756 4871 ,
2795 4805 2996 4877 πολλὴν
3043 4806 3450 4877 καρπωσόμεθα
3482 4809 3583 4878 τὴν
3619 4827 3717 4863 παο

2143 4898 2404 4969 ράκλησιν
2420 4939 2434 4964 ,
2468 4898 2671 4969 ταύτης
2702 4896 2941 4969 συνεχῶς
2964 4896 3326 4962 ἀπολαύοντες
3346 4898 3446 4970 τῆς
3462 4916 3727 4972 παραμυο

2139 4988 2259 5052 θίας
2291 4999 2338 5041 ε.

2560 5084 2687 5135 KZ'.
2716 5082 2919 5150 Δόμνφ
2956 5082 3285 5145 ἐπισκόπφ.

2209 5171 2318 5225 Καὶ
2346 5174 2437 5228 τοῦ
2471 5173 2681 5243 πέμψαι
2712 5172 2804 5226 τὸν
2847 5173 3174 5243 τιμιώτατον
3224 5173 3597 5245 πρεσϐύτερον
3637 5177 3720 5237 είς

2135 5262 2429 5333 ἐπίσκηψιν
2444 5265 2477 5333 ἡ
2487 5264 2613 5333 μετέ
2624 5281 2742 5334 ραν,
2774 5265 2869 5317 καὶ
2898 5264 2991 5317 τοῦ
3020 5265 3228 5335 γράψαι
3259 5265 3460 5328 πολλάς
3482 5266 3595 5335 ἔχω
3623 5267 3720 5336 χάν-

2138 5366 2290 5420 ριτας
2313 5352 2379 5421 τῇ
2408 5351 2664 5421 εὐλαϐείᾳ
2691 5354 2755 5423 τῇ
2781 5354 2869 5421 σῇ.
2896 5352 3130 5405 δέσποτα
3158 5353 3474 5422 τιμιώτατε.
3507 5356 3715 5425 Ἀμφό-

2132 5455 2265 5509 τερα
2322 5439 2431 5511 γάρ
2457 5441 2685 5509 γνησίας
2719 5442 2939 5510 ἀγάπης
2990 5443 3083 5494 καὶ
3142 5442 3349 5513 θερμῆς
3392 5444 3710 5508 διαθέσεως.

2133 5529 2232 5582 Διά
2252 5528 2409 5583 τοῦτο
2432 5530 2526 5582 καὶ
2558 5531 2615 5583 ἐν
2649 5531 2851 5603 ἐρημίᾳ
2870 5532 3253 5603 διατρίϐοντες,
3291 5527 3490 5597 πολλὴν
3522 5534 3719 5588 ivssi--

2196 5661 2223 5728 ξ
2247 5657 2330 5728 _S_Sc
2345 5673 2522 5728 _omn_es
2545 5675 2660 5728 mss.
2688 5659 2820 5728 Εόίιὶ
2848 5674 2965 5711 vero
2985 5662 3040 5711 τό
3057 5680 3109 5712 τε
3128 5664 3410 5728 ἀρρωστίας,
3434 5666 3581 5715 male.

2194 5721 2224 5763 δ
2250 5721 2401 5771 Valic.
2425 5724 2511 5780 τήν
2534 5724 2797 5773 Κοκουσόν.

2196 5782 2362 5852 c‘Mgs.
2404 5784 2876 5852 xapwmoépeﬂg‘t‘hv
2926 5786 3245 5851 παραμυθίαν,
3285 5789 3455 5847 ταύτης
3498 5788 3717 5852 συνεχῶς

2134 5844 2447 5902 ἀπολαύοντες
2464 5844 2546 5905 τῆς
2570 5844 2928 5911 παρακλήσεως.
