4058 6218
327 331 434 388 69.5

330 449 513 506 timus.
563 457 595 497 a
621 442 770 498 vobis
820 441 1092 512 postulare
1133 459 1421 514 numquam
1464 442 1800 500 desinemus.
1845 442 1915 497 Et

325 537 546 608 quidem
596 536 845 606 quoniam
902 544 1014 590 tum
1073 546 1292 606 prapter
1341 537 1466 591 anni
1523 545 1771 606 tempus,
1805 543 1916 590 tum

328 635 548 698 propter
604 627 812 681 itineris
844 626 1245 695 difﬁcultatem,
1295 626 1436 682 haud
1479 626 1632 681 multi
1681 626 1916 682 viatores

328 728 476 784 sunt,
508 720 596 789 qui
623 718 773 774 vobis
800 719 866 772 ad
895 717 1030 774 hanc
1059 734 1172 773 rem
1203 734 1418 788 cperam
1451 733 1646 773 navare
1672 717 1910 788 possint,

329 811 470 866 istud
496 811 606 878 jam
642 809 856 865 difﬁcile
883 825 1002 864 esse
1031 824 1135 864 non
1158 810 1468 879 ignoramus
1501 827 1515 860 :
1544 801 1732 864 saltem
1763 817 1821 862 ut
1846 807 1912 862 li-

325 912 432 968 cet,
450 912 608 973 atque
624 901 676 954 in
702 909 844 955 tanta
862 900 1172 956 difﬁcultate
1200 901 1312 954 ﬁeri
1331 908 1524 969 potest,
1545 913 1642 954 vos
1657 899 1912 954 obsecra-

325 1009 468 1060 mus,
497 1002 734 1063 utquam
762 992 1058 1062 saepissime
1084 993 1327 1047 seribatis
1348 1033 1363 1058 ,
1392 1001 1552 1062 atque
1584 991 1723 1046 hanc
1761 1005 1791 1044 a
1820 1005 1915 1045 ve-

323 1093 434 1138 stra
465 1084 685 1139 caritate
712 1083 935 1154 gratiam
963 1083 1310 1153 postulamus.
1340 1082 1479 1150 Quin
1509 1082 1912 1153 religiosissima

323 1190 540 1245 quoque
568 1174 788 1228 domino
812 1189 934 1229 meo
965 1175 1275 1246 presbytero
1295 1173 1560 1240 Romano,
1578 1181 1637 1228 ut
1656 1173 1908 1244 jussistis,

324 1266 668 1335 scripsimus:
687 1261 860 1336 eoque
885 1267 1101 1322 nomine
1132 1266 1400 1335 ingentem
1423 1267 1586 1320 etiam
1613 1264 1764 1318 vobis
1790 1277 1913 1332 gra-

323 1361 452 1411 tiam
481 1356 757 1412 habemus.
776 1355 1215 1427 Quandoquidem
1249 1356 1351 1411 hoc
1377 1369 1588 1426 quoque
1611 1353 1679 1408 ab
1708 1351 1911 1423 ingenti

322 1464 388 1504 ac
411 1448 670 1518 singulari
695 1447 923 1518 quodam
944 1448 1110 1502 nostri
1136 1463 1319 1503 amore
1344 1446 1719 1519 proﬁciscitur,
1743 1444 1906 1516 quod,

323 1550 382 1593 ut
407 1539 572 1593 tantis
593 1539 720 1593 viris
747 1538 945 1594 arctius
982 1553 1080 1594 nos
1113 1539 1374 1609 copuletis
1397 1580 1411 1604 ,
1445 1553 1540 1610 per
1566 1538 1745 1593 literas
1774 1551 1908 1606 ope-

319 1646 434 1685 ram
462 1630 619 1694 datis,
646 1645 1020 1700 summumque
1039 1630 1106 1685 ad
1147 1629 1197 1684 id
1223 1630 1456 1684 studium
1484 1629 1765 1685 adhibetis.
1796 1629 1908 1684 Vc-

320 1721 415 1774 lim
453 1720 654 1791 itaque,
689 1730 746 1776 ut
771 1737 889 1776 cum
919 1732 1158 1776 nostram
1189 1721 1254 1776 ad
1281 1737 1402 1777 eum
1432 1721 1709 1792 epistolam
1748 1735 1904 1775 acce-

320 1813 526 1882 peritis,
557 1828 674 1868 eam
707 1814 806 1883 ipsi
836 1813 1091 1880 reddatis,
1128 1824 1287 1883 atque
1329 1828 1450 1868 eum
1505 1811 1630 1866 licet
1681 1811 1907 1881 epistola

317 1921 425 1958 non
451 1914 671 1972 accepta
709 1919 832 1960 meo
870 1905 1086 1961 nomine
1110 1905 1371 1960 salutetis.
1397 1903 1720 1974 Jampridetn
1762 1903 1903 1957 enim

314 2004 420 2061 est,
451 1995 592 2065 quod
621 2012 743 2052 eum
781 1996 1127 2052 vehementer
1169 2013 1352 2052 amare
1401 1998 1693 2068 coepimus;
1746 1997 1904 2067 idque

316 2095 376 2140 ut
405 2103 470 2141 ex
502 2103 596 2142 ore
623 2097 802 2144 vestro
835 2090 1094 2160 intelligat
1121 2091 1280 2161 cupio
1301 2131 1318 2157 ,
1361 2105 1460 2145 nos
1490 2089 1733 2146 eamdem
1777 2104 1904 2159 erga

312 2195 438 2234 eum
487 2181 913 2236 benevolentiam
940 2186 1196 2249 retinere,
1228 2198 1397 2253 eaque
1435 2183 1488 2237 in
1516 2197 1577 2238 re
1611 2182 1679 2238 de
1721 2183 1903 2238 nobis-

312 2273 444 2343 ipsis
473 2273 674 2343 optime
702 2275 895 2329 mereri
922 2292 937 2341 ;
963 2275 1198 2345 illudque
1224 2285 1500 2346 prteterea,
1536 2291 1633 2330 nos
1662 2289 1767 2329 non
1802 2290 1900 2330 nc-

311 2365 561 2434 gligentia
590 2379 642 2420 et
675 2367 916 2420 socordia
950 2367 1078 2422 nihil
1109 2368 1173 2422 ad
1199 2384 1322 2423 eum
1349 2369 1623 2424 literarum
1651 2366 1862 2423 dedisse
1882 2408 1897 2432 ,

310 2457 406 2512 sed
434 2456 573 2527 quod
599 2458 666 2512 ab
683 2452 848 2527 ipsius
870 2460 1061 2527 pietate
1080 2460 1259 2514 literas
1285 2469 1736 2530 exspectaremus.
1757 2458 1904 2526 Quo-

312 2549 455 2601 niam
485 2557 683 2615 autem,
713 2558 767 2604 ut
803 2552 1008 2619 priores
1056 2552 1412 2606 scriberemus
1441 2593 1455 2616 ,
1488 2551 1775 2621 postulavit
1801 2592 1814 2614 ,
1846 2560 1901 2607 et

311 2638 416 2693 hoc
454 2655 664 2710 quoque
693 2640 919 2696 facimus
949 2659 964 2696 :
996 2651 1048 2697 et
1078 2642 1216 2697 idem
1260 2651 1318 2697 ut
1355 2643 1468 2713 ipse
1507 2643 1679 2697 facere
1703 2641 1768 2696 ad
1801 2656 1899 2696 nos

309 2746 418 2785 non
451 2733 792 2799 intermittat,
830 2735 1196 2791 obsecramus.
1675 2752 1680 2756 '

375 2821 610 2876 XXIII.
643 2823 874 2879 Romano
902 2825 1211 2897 presbytero.
1245 2825 1264 2897 (
1287 2824 1497 2882 Cucuso
1523 2841 1663 2881 anno
1687 2824 1838 2897 403.)

379 2913 502 2968 Scis
529 2923 581 2967 tu
604 2929 814 2986 quoque
831 2916 1088 2986 profecto,
1110 2917 1326 2974 domine
1353 2917 1423 2972 mi
1453 2916 1895 2973 rcverendissitne

297 3020 366 3059 ac
411 3006 830 3076 religiosissime,
869 3024 1026 3080 quem
1053 3025 1266 3080 semper
1301 3025 1424 3080 erga
1457 3019 1507 3066 te
1534 3011 1766 3064 animum
1799 3008 1896 3061 ba-

297 3096 586 3150 buerimus
610 3113 624 3163 ;
652 3105 705 3151 et
731 3113 837 3167 quo
866 3107 1020 3169 pacto
1056 3115 1271 3169 semper
1295 3101 1532 3155 caritatis
1562 3101 1677 3169 lege
1721 3110 1893 3154 tecum

294 3188 512 3242 astricti
542 3187 813 3256 fuerimus,
845 3205 1057 3246 morum
1099 3200 1306 3248 tuorum
1358 3193 1674 3249 suavitatem
1717 3191 1892 3246 admi-

297 3288 512 3345 rantes,
543 3279 859 3352 virtutisque
906 3291 1029 3350 tum,
1058 3298 1150 3354 per
1167 3301 1324 3355 quam
1356 3299 1541 3340 omnes
1570 3300 1681 3350 eos,
1710 3285 1796 3353 qui
1827 3283 1896 3338 ad

299 3383 353 3427 te
385 3373 672 3439 accedunt,
706 3384 822 3431 tuos
867 3375 1069 3442 reddis,
1098 3377 1544 3447 pulchritudinem
1600 3378 1894 3447 suSpicien-

298 3474 407 3518 tes.
434 3465 550 3530 Quo
577 3467 734 3520 etiam
766 3467 844 3535 ﬁt,
898 3477 956 3522 ut
983 3471 1231 3539 quamvis
1264 3470 1421 3540 longo
1463 3485 1492 3524 a
1527 3459 1582 3524 te'
1611 3469 1892 3524 intervallo

293 3556 502 3622 dissiti,
534 3558 712 3612 animo
741 3568 915 3615 tamen
942 3569 995 3614 et
1024 3561 1342 3631 cogitatione
1365 3570 1413 3614 te
1431 3559 1889 3626 eircumfcramus,

297 3658 470 3716 atque
494 3648 544 3700 in
573 3663 964 3720 quamcumque
981 3651 1324 3707 solitudinem
1347 3652 1658 3718 avehamur,
1678 3661 1780 3706 tute
1812 3661 1893 3705 ta-

293 3756 426 3795 men
469 3742 713 3796 caritatis
763 3743 1004 3798 oblivisci
1057 3745 1275 3800 minime
1307 3746 1589 3816 possimus,
1623 3759 1805 3799 verum
1837 3753 1893 3799 ut

296 3841 623 3899 praesentem
682 3848 744 3888 ac
787 3836 1138 3905 propinquum
1179 3837 1514 3900 intueamur,
1545 3839 1894 3908 caritatisque

292 3923 472 3976 oculis
523 3935 776 3993 perpetuo
819 3937 1283 3995 reprteseutemus,
1317 3928 1424 3983 imo
1479 3939 1534 3982 ut
1568 3929 1764 3983 rectius
1809 3929 1892 3983 lo-

291 4030 457 4081 quar,
491 4016 706 4070 assidue
735 4025 784 4072 te
811 4032 1093 4073 cernamus
1115 4060 1130 4085 ,
1157 4028 1318 4089 atque
1345 4020 1484 4090 apud
1512 4036 1698 4076 omnes
1721 4021 1890 4090 pieta-

294 4114 410 4158 tem
457 4113 600 4159 tuam
649 4107 1016 4176 prmdicemus.
1062 4110 1416 4177 Quamobrem
1457 4111 1552 4166 abs
1584 4123 1635 4166 te
1682 4127 1893 4182 quoque

293 4196 554 4267 petimus,
579 4207 634 4252 ut
664 4201 832 4253 nostri
869 4202 1180 4254 memoriam
1228 4217 1513 4271 numquam
1549 4202 1888 4269 intermittas,

291 4303 530 4358 eamque
561 4289 1008 4357 benevolentiam,
1037 4305 1196 4360 quam
1246 4292 1399 4346 nobis
1447 4307 1659 4361 semper
1685 4294 1893 4362 prmsti-

292 4380 435 4444 tisti,
467 4395 610 4435 nunc
637 4396 850 4451 quoque
889 4382 1156 4452 vigentem
1203 4398 1524 4448 conserves;
1577 4400 1640 4439 ac
1671 4399 1765 4453 pro
1796 4400 1892 4438 no-

289 4482 411 4528 stra
445 4473 648 4528 vilitate
698 4474 923 4529 obnian
974 4475 1040 4528 ad
1093 4475 1257 4530 Deum
1289 4491 1473 4546 preces
1519 4476 1794 4541 adhibeas,
1823 4477 1890 4530 ad

291 4580 528 4634 nosque,
553 4580 672 4619 cum
704 4565 936 4633 licuerit,
963 4567 1143 4622 literas
1170 4567 1361 4634 des,ac
1383 4568 1449 4623 de
1477 4579 1562 4622 tua
1591 4569 1890 4624 valetudine

289 4656 565 4710 certiores
589 4671 686 4710 nos
713 4657 874 4712 facias
904 4676 917 4714 :
953 4673 1080 4728 qtto,
1108 4659 1266 4712 etiam
1297 4661 1348 4712 in
1381 4660 1663 4714 Solitudiue
1691 4661 1889 4715 seden—

292 4760 404 4810 tes,
453 4745 724 4816 ingentem
768 4749 1189 4804 consolationem
1241 4751 1543 4818 capiamus,
1582 4762 1786 4806 tuarum
1812 4754 1890 4806 vi-

287 4836 497 4892 delicet
543 4851 759 4906 precum
812 4839 1050 4895 subsidio
1084 4856 1116 4895 e
1161 4850 1307 4894 tanto
1345 4841 1582 4895 locorum
1616 4844 1891 4898 intervallo

285 4929 562 4984 fruentes.

477 5022 695 5078 XXIV.
746 5025 1021 5098 Hesychia.
1066 5027 1086 5098 (
1113 5027 1322 5081 Cucuso
1342 5041 1482 5080 anno
1508 5027 1631 5082 403.
1656 5026 1676 5098 )

376 5115 522 5170 Petis
549 5124 609 5170 ut
654 5117 781 5172 illud
825 5117 918 5171 tibi
949 5118 1238 5187 ignoscam,
1269 5117 1409 5189 quod
1444 5119 1510 5173 ad
1541 5134 1624 5173 me
1658 5134 1764 5172 non
1793 5133 1887 5174 ve-

291 5209 468 5275 neris,
500 5209 672 5263 morbi
698 5210 1040 5266 excusatione
1069 5219 1243 5265 utens.
1294 5210 1408 5282 Ego
1436 5219 1612 5265 autem
1642 5211 1887 5265 volunta-

292 5302 373 5355 tis
398 5301 612 5356 nomine
641 5310 692 5357 te
719 5301 880 5357 laudo
907 5317 970 5357 ac
993 5303 1227 5372 praedico
1247 5343 1262 5368 ,
1295 5318 1391 5372 per
1425 5318 1584 5372 quam
1609 5304 1770 5358 etiam
1792 5319 1888 5357 ve-

291 5393 452 5456 nisti,
486 5405 645 5464 atque
670 5405 927 5466 quantum
958 5396 1024 5451 ad
1051 5395 1327 5451 caritatem
1356 5395 1582 5462 attinet,
1612 5395 1778 5450 nihilo
1800 5395 1884 5449 in-

292 5484 508 5542 feriore
535 5489 675 5557 apud
707 5504 807 5544 nos
837 5489 956 5543 loco
985 5504 1063 5552 es,
1091 5503 1249 5558 quam
1285 5486 1376 5558 qui
1396 5496 1678 5543 venerunt.
1709 5488 1890 5543 Potest

287 5585 482 5630 autem
516 5578 656 5633 Deus
683 5594 747 5634 ex
779 5594 845 5633 eo
890 5577 1078 5632 morbo
1099 5618 1114 5643 ,
1141 5593 1247 5648 quo
1275 5577 1500 5642 teneris,
1549 5586 1600 5632 te
1630 5577 1887 5643 eximere,

293 5679 466 5740 atque
493 5672 711 5742 integra:
731 5671 940 5726 sanitati
968 5671 1268 5738 restituere,
1292 5680 1346 5726 ut
1364 5679 1656 5740 Conspectu
1682 5684 1893 5740 quoque

299 5773 408 5821 tuo
433 5774 586 5837 atque
613 5781 899 5837 congressu
931 5764 1187 5824 fruamur.
1212 5767 1478 5841 Siquidem
1509 5775 1560 5825 te
1591 5763 1770 5823 videre
1805 5773 1887 5821 at-

1784 330 2163 385 ενιδτοιηε.

3506 328 3606 382 6Ὶὸ

2023 457 2127 512 que
2150 441 2452 512 complecti,
2475 457 2761 512 carumque
2781 441 2921 498 istud
2947 442 3101 497 nobis
3120 452 3281 513 caput
3305 445 3606 500 exosculari

2023 533 2280 604 majorem
2308 533 2361 586 in
2394 533 2612 588 modum
2641 549 2883 589 avemus.
2907 532 3173 600 Quamdiu
3193 543 3372 588 autem
3399 532 3472 598 id,
3495 543 3604 588 tum

2022 641 2119 696 per
2147 627 2391 682 morbum
2424 633 2590 689 tuum,
2623 636 2730 680 tum
2767 643 2864 696 per
2890 627 3014 682 anni
3045 637 3254 697 tempus
3295 627 3517 682 mini‘me
3542 628 3607 682 li-

2021 719 2183 786 cebit,
2212 721 2397 774 literas
2425 720 2492 775 ad
2541 730 2592 775 te
2636 722 2785 785 dare,
2817 736 3060 792 eamque,
3093 737 3210 791 qure
3244 721 3369 778 hinc
3400 721 3468 777 ad
3505 739 3604 780 nos

2020 809 2180 875 redit,
2209 810 2534 881 voluptatem
2556 812 2838 882 nobisipsis
2855 827 3166 883 comparare
3189 813 3406 868 minime
3430 813 3604 868 inter-

2021 904 2312 958 mittemus.
3401 941 3404 943 λ

2114 991 2220 1046 XX
2233 992 2296 1048 V.
2329 992 2538 1064 Elpidio
2559 994 2833 1068 Episcopo.
2865 995 2885 1070 (
2925 997 3132 1052 Cucuso
3160 1012 3301 1054 anno
3325 998 3449 1054 404.
3485 999 3508 1068 )

2091 1083 2224 1139 lllud
2246 1084 2464 1155 quidem
2495 1086 2774 1155 vellemus,
2805 1087 2960 1142 nobis
2985 1088 3049 1142 ad
3084 1097 3133 1144 te
3159 1104 3316 1158 quam
3360 1089 3606 1160 stepissi-

2018 1188 2106 1228 me
2135 1175 2316 1230 literas
2347 1175 2475 1231 dare
2504 1176 2687 1230 liceret
2713 1195 2727 1231 :
2761 1178 2918 1247 idque
2957 1178 3071 1249 ipse
3110 1179 3236 1243 seis,
3266 1179 3484 1236 domine
3513 1197 3604 1237 re-

2018 1265 2425 1321 Verendissime.
2472 1267 2624 1332 Quod
2653 1269 2904 1337 quoniam
2961 1270 3114 1325 nobis
3164 1272 3434 1337 adimitur,
3479 1287 3604 1341 pro-

2017 1365 2196 1423 pterea
2232 1355 2373 1425 quod
2410 1371 2569 1412 nemo
2597 1357 2664 1411 ad
2705 1373 2804 1413 nos
2835 1359 3024 1414 crebro
3064 1360 3329 1432 accedat(
3374 1376 3494 1415 nam
3548 1371 3603 1416 et

2018 1447 2199 1516 oppidi
2243 1448 2466 1518 hujusce
2515 1451 2788 1516 solitudo,
2839 1461 2892 1506 et
2936 1452 3199 1506 latronum
3254 1464 3429 1508 metus
3481 1469 3622 1508 eam

2015 1531 2235 1610 augens,
2260 1556 2322 1596 ac
2348 1541 2580 1612 denique
2616 1544 2738 1598 anui
2770 1553 2976 1614 tempus
3004 1547 3191 1600 itinera
3216 1546 3596 1610 intercludons,

2013 1630 2276 1687 Cucusum
2300 1633 2444 1687 omni
2475 1649 2541 1689 ex
2567 1645 2715 1703 parte
2742 1635 2934 1689 inviam
2958 1635 3392 1706 reddit),quoties
3428 1637 3566 1691 tabel
3585 1668 3598 1678 -

2012 1723 2201 1778 larium
2232 1725 2606 1793 nanciscimur,
2637 1726 2912 1797 cupiditati
2962 1737 3160 1783 nostrae
3206 1728 3593 1794 satisfacimus,

2013 1815 2068 1868 iu
2097 1815 2200 1870 hoc
2223 1816 2427 1871 scilicet
2451 1817 2604 1871 nobis
2627 1818 2726 1886 ipsi
2752 1835 2909 1888 quam
2926 1819 3290 1888 gratissimum
3315 1819 3592 1874 facientes.

2009 1906 2162 1974 Quod
2186 1908 2400 1978 quidem
2439 1924 2581 1965 nunc
2607 1911 2766 1966 etiam
2792 1926 2886 1981 per
2900 1912 3325 1982 religiosissimos
3348 1912 3594 1968 dominos

2011 2014 2162 2054 meos
2184 2001 2524 2071 presbyteros
2553 2001 2794 2069 facimus,
2821 2003 3074 2056 nimirum
3116 2012 3171 2058 et
3207 2003 3444 2058 debitum
3475 2004 3591 2072 pie-

2011 2093 2101 2148 tati
2133 2101 2235 2148 tute
2260 2093 2592 2148 salutationis
2615 2109 2812 2149 munus
2831 2095 3218 2164 persolventes,
3239 2107 3292 2150 et
3319 2106 3370 2151 te
3395 2111 3589 2166 rogan-

2010 2195 2091 2240 tes
2114 2227 2130 2252 ,
2162 2195 2239 2254 ut,
2269 2186 2480 2256 quoties
2504 2185 2725 2241 facultas
2754 2186 2988 2254 dabitur,
3023 2195 3077 2242 tu
3119 2202 3332 2256 quoque
3378 2187 3445 2240 ad
3493 2201 3590 2241 nos

2007 2274 2311 2344 scribas,ac
2336 2290 2444 2345 quo
2464 2285 2602 2330 statu
2629 2275 2879 2330 valetudo
2911 2285 2997 2330 tua
3024 2276 3113 2341 sit,
3134 2290 3392 2342 exponas.
3408 2274 3592 2345 Neque

2008 2367 2152 2422 enim
2203 2375 2255 2421 te
2293 2365 2456 2437 fugit,
2490 2367 2936 2422 reverendissime
2963 2382 3027 2422 ac
3074 2367 3478 2436 religiosissime
3504 2367 3590 2419 do-

2006 2460 2168 2522 mine,
2203 2471 2405 2528 quanto
2425 2473 2638 2528 semper
2664 2459 2818 2514 nobis
2855 2459 3031 2513 studio
3056 2468 3216 2529 atque
3243 2473 3385 2513 cura:
3428 2459 3498 2513 sit
3523 2458 3592 2513 de

2005 2567 2066 2608 ea
2093 2552 2291 2620 aliquid
2316 2552 2629 2622 intelligere.
2661 2551 2914 2618 Quamvis
2937 2550 3078 2606 enim
3102 2550 3167 2604 ad
3199 2559 3468 2604 extremos
3499 2565 3592 2604 us-

2005 2658 2108 2712 que
2131 2643 2276 2697 orbis
2317 2643 2484 2697 nostri
2527 2643 2658 2697 ﬁnes
2689 2643 2877 2698 remoti
2922 2643 3122 2708 simus,
3153 2649 3330 2696 tamen
3364 2655 3505 2696 vera:
3534 2649 3590 2695 et

2005 2733 2264 2800 ardentis,
2296 2747 2360 2786 ac
2403 2734 2667 2798 sinceraa,
2721 2742 2879 2801 atque
2932 2732 3001 2786 ab
3044 2732 3189 2786 omni
3220 2730 3343 2786 fuco
3396 2730 3586 2785 alienae

2005 2823 2241 2880 caritatis
2309 2831 2410 2876 tua:
2461 2823 2700 2876 oblivisci
2759 2822 2976 2877 minime
3025 2836 3306 2891 possumus
3335 2862 3352 2888 ,
3403 2836 3585 2875 verum

2002 2930 2361 2987 quascumque
2397 2914 2448 2967 itt
2501 2922 2671 2968 terras
2718 2913 3104 2980 abscedamus,
3136 2927 3253 2968 eam
3307 2912 3584 2968 nobiscum

2002 3009 2458 3075 circumferimus,
2510 3005 2905 3076 maximumque
2953 3005 3076 3062 hinc
3121 3004 3367 3062 solatium
3410 3005 3587 3076 perci-

2003 3100 2197 3170 pimus.

2103 3189 2209 3248 ΧΧ
2227 3190 2318 3246 γι.
2350 3190 2540 3263 Magno
2568 3191 2823 3261 episcopo.
2854 3189 2875 3264 (
2899 3189 3107 3245 Cucuso
3133 3204 3274 3244 anno
3298 3188 3463 3260 405.)

2077 3284 2190 3340 Etsi
2239 3283 2413 3339 nullas
2462 3283 2558 3338 abs
2607 3292 2658 3338 te
2707 3283 2888 3338 literas
2933 3282 3256 3352 accepimus,
3279 3282 3436 3350 idque
3461 3296 3584 3335 cum

1999 3375 2198 3430 domini
2229 3374 2332 3429 mei
2361 3373 2662 3444 presbyteri
2691 3375 2794 3427 huc
2819 3372 3110 3436 venissent,
3133 3387 3231 3425 nos
3263 3380 3460 3435 tamen,
3487 3386 3580 3424 ve-

2001 3469 2130 3524 teris
2155 3467 2400 3522 amicitize
2443 3482 2707 3521 memores
2729 3507 2743 3530 ,
2777 3475 2885 3520 tttm
2915 3480 3124 3519 morum
3162 3472 3375 3518 tuorum
3401 3464 3548 3518 suavi
3568 3494 3584 3504 ο

2002 3569 2162 3615 tatem
2183 3559 2448 3628 animique
2486 3556 2848 3611 fortitudinem
2879 3556 3230 3616 admit-antes.
3263 3569 3327 3610 ac
3367 3565 3511 3623 pra-tt
3531 3569 3588 3607 r-

1999 3667 2060 3707 ea
2091 3665 2213 3706 eum
2245 3666 2368 3720 erga
2423 3665 2522 3704 nos
2555 3664 2816 3711 amorem,
2848 3663 3006 3718 quem
3039 3661 3250 3715 semper
3274 3661 3386 3716 pra:
3415 3655 3465 3698 te
3497 3653 3583 3698 ιιι-

2000 3743 2104 3796 listi
2130 3783 2144 3806 ,
2170 3749 2505 3812 perspectum
2552 3739 2827 3801 habentes,
2863 3740 3068 3807 priores
3093 3737 3160 3790 ad
3189 3745 3240 3789 te
3263 3733 3545 3789 scribimus
3564 3774 3581 3798 ,

1998 3841 2057 3888 ut
2103 3843 2157 3888 ct
2192 3833 2282 3886 tibi
2332 3832 2401 3887 ob
2447 3847 2564 3886 eam
2597 3830 3059 3892 benevolentiam,
3098 3842 3257 3897 quam
3306 3842 3431 3896 erga
3484 3841 3582 3881 nos

1999 3925 2274 3980 ostendisti
2317 3927 2334 3991 (
2368 3939 2539 3992 neque
2568 3922 2708 3975 enim
2739 3935 2857 3983 nos,
2890 3928 3036 3973 tanto
3059 3919 3185 3973 licet
3210 3918 3304 3973 abs
3333 3927 3383 3972 te
3412 3918 3584 3972 inter-

2002 4015 2141 4070 vallo
2167 4015 2463 4084 disjuuctos
2489 4054 2504 4077 ,
2562 4012 2662 4064 hoc
2701 4009 2900 4081 fugit),
2951 4011 3148 4079 gratias
3187 4024 3405 4079 agamus
3449 4018 3502 4063 et
3532 4019 3583 4063 te

1999 4121 2238 4171 oremus,
2264 4113 2322 4159 ttt
2345 4105 2553 4175 quoties
2575 4103 2785 4156 occasio
2806 4101 3036 4164 dabitur,
3065 4100 3372 4171 frequenter
3392 4101 3458 4154 ad
3486 4117 3582 4155 nos

2000 4197 2207 4252 scribas
2232 4237 2248 4261 ,
2293 4195 2465 4265 deque
2503 4192 2820 4248 valetudinis
2854 4204 2957 4247 tua:
3000 4201 3138 4246 statu
3178 4191 3436 4247 certiores
3487 4210 3584 4247 nos

1997 4288 2182 4342 facias.
2209 4286 2342 4342 Nam
2372 4301 2494 4341 cum
2524 4301 2639 4351 eos,
2673 4301 2702 4341 τι
2734 4287 2923 4355 quibus
2943 4286 3288 4340 vehementer
3318 4301 3580 4348 amamur,

1996 4383 2192 4452 quique
2230 4391 2448 4436 strenuo
2492 4388 2650 4450 atque
2679 4389 2882 4433 attento
2925 4393 2988 4432 ac
3031 4379 3266 4447 vigilanti
3316 4378 3579 4431 animoin

1999 4475 2360 4530 Eeclcsiarum
2405 4488 2590 4527 curam
2622 4471 2947 4535 incumbant,
2989 4484 3150 4524 sanos
3193 4479 3247 4524 ct
3287 4469 3582 4522 incolumes

1997 4582 2118 4622 eSse
2145 4566 2422 4632 audimus,
2455 4581 2560 4618 non
2604 4578 2817 4632 parvam
2851 4578 2916 4617 ex
2947 4577 3009 4616 ea
3055 4577 3114 4617 re
3161 4560 3581 4616 consolationem

1997 4661 2254 4730 capimus.
2284 4661 2406 4713 lltcc
2433 4658 2591 4728 igitur
2630 4673 2747 4711 cum
2780 4655 2922 4711 scias
2943 4697 2957 4722 ,
2985 4656 3202 4710 domine
3228 4655 3296 4708 mi
3326 4669 3582 4708 reveren-

1997 4752 2217 4807 dissime
2243 4767 2306 4807 ac
2349 4751 2771 4821 religiosissime,
2796 4767 2862 4804 ne
2908 4758 2995 4814 te,
3021 4763 3223 4818 qumso,
3269 4747 3383 4802 haec
3428 4745 3584 4801 nobis

1997 4862 2156 4915 quam
2207 4843 2502 4914 saepissime
2548 4859 2642 4913 per
2681 4842 2860 4896 literas
2898 4841 3198 4912 signiﬁcare
3249 4840 3443 4910 pigeat.
3491 4839 3582 4895 Sic

1996 4940 2139 4994 enim
2187 4939 2276 4993 fiet
2306 4948 2383 5002 ut,
2415 4935 2622 4992 etiamsi
2652 4935 2718 4989 ad
2751 4935 2964 4988 ultimas
2989 4949 3153 5003 usque
3185 4942 3356 4988 terras
3381 4934 3579 4988 aveha-

1997 5048 2153 5096 mur,
2183 5031 2308 5085 dum
2340 5041 2516 5083 tamen
2567 5027 2868 5097 hujusmodi
2911 5026 3207 5081 consolatio
3247 5026 3399 5080 nobis
3446 5041 3580 5080 cou-

2000 5127 2230 5178 tinenter
2285 5128 2565 5191 suppetat,
2623 5117 2891 5188 ingentem
2964 5118 3214 5172 maeroris
3260 5117 3578 5171 levationem

1996 5214 2308 5270 sentiamus.

2102 5302 2350 5360 XXVII.
2379 5303 2578 5358 Damno
2598 5303 2855 5371 episcopo.
2887 5300 3115 5372 (Cucuso
3137 5316 3278 5354 anno
3303 5300 3454 5367 404.)
3539 5343 3552 5354 .

2065 5397 2284 5468 Magnas
2315 5395 2494 5466 pietati
2522 5404 2648 5459 tute,
2675 5393 3118 5450 rcvercndissime
3154 5392 3369 5447 domine
3391 5432 3406 5456 ,
3457 5407 3583 5460 gra-

1998 5489 2098 5544 tias
2145 5487 2340 5553 habeo,
2371 5497 2480 5542 tum
2513 5487 2654 5557 quod
2684 5486 3039 5541 venerabilem
3081 5487 3446 5556 presbyterum
3500 5485 3584 5536 vi-

1996 5580 2148 5635 sendi
2179 5581 2347 5635 nostri
2375 5593 2537 5632 causa
2568 5579 2799 5642 miseris,
2831 5587 2940 5632 tum
2967 5578 3108 5646 quod
3135 5576 3200 5632 ad
3234 5592 3330 5632 nos
3351 5576 3558 5642 scripse

1996 5673 2090 5728 ris.
2121 5671 2250 5726 Nam
2279 5681 2564 5742 utrumque
2605 5671 2828 5726 sincera:
2854 5669 3114 5733 caritatis,
3146 5679 3306 5740 atque
3342 5665 3580 5721 ardentis

2001 5763 2392 5824 benevolentiae
2434 5773 2807 5836 argumentum
2829 5771 2930 5822 cst.
2966 5760 3090 5819 ldco
3121 5762 3279 5819 etiam
3311 5761 3361 5816 in
3387 5757 3578 5814 solitu-
