4058 6218
465 327 568 381 (2i

458 445 583 500 dine
627 441 900 510 degentes,
939 441 1207 512 ingentem
1243 439 1366 495 hinc
1409 439 1830 495 consolationem
1861 438 2041 494 hausi-

461 549 598 589 mus.
629 533 902 606 Siquidcm
925 548 953 585 a
986 532 1142 586 tantis
1168 531 1298 584 viris
1325 539 1430 584 tam
1457 531 1695 600 impense
1717 531 1904 598 amari,
1935 548 2042 586 non

470 627 640 682 levem
674 627 760 691 iis,
791 625 881 695 qui
905 632 1170 688 amantur,
1195 623 1614 678 consolationem
1641 622 1814 678 affert.
1847 625 1924 679 Ac
1948 639 2044 678 cu-

465 732 646 787 perem
686 715 902 786 quidem
961 722 1057 768 tuo
1114 729 1326 784 quoque
1379 724 1598 785 aSpectu
1651 729 2046 785 congressuque

465 807 888 876 suavissimaque
942 805 1312 861 benevolentia
1367 815 1456 860 tua
1498 806 1733 860 animum
1781 815 2045 861 saturare.

467 901 729 968 Quoniam
756 906 933 953 autem
967 897 1016 953 id
1049 900 1266 952 minime
1302 899 1423 953 licet
1464 901 1480 968 (
1517 915 1638 951 nam
1664 915 1836 968 neque
1864 898 1914 952 id
1946 915 2046 953 no-

465 994 548 1047 bis
593 993 929 1057 conceditur,
953 1009 1051 1048 nec
1086 992 1177 1046 tibi
1209 993 1332 1045 item
1357 992 1425 1046 ob
1457 991 1712 1045 Ecclesia:
1761 993 1911 1045 istius
1951 1006 2049 1046 cu-

468 1101 580 1138 ram
601 1126 618 1152 ,
646 1085 732 1140 cui
759 1101 954 1156 prates,
993 1083 1148 1139 facile
1175 1085 1301 1156 est),
1329 1083 1394 1136 ad
1425 1083 1713 1137 secundum
1753 1083 2050 1152 navigatio-

478 1190 600 1230 nem
633 1175 937 1232 necessario
967 1177 1240 1238 venimus,
1293 1189 1482 1243 nempe
1533 1184 1587 1228 ut
1629 1174 2051 1228 consolationem

468 1281 612 1334 eam,
649 1277 806 1337 quam
850 1266 1089 1335 epistolae
1123 1265 1388 1331 afferunt,
1437 1266 1590 1320 nobis
1638 1265 1766 1334 ipsis
1802 1265 2056 1320 adhibea-

471 1373 608 1412 mus.
640 1359 820 1428 Neque
849 1360 991 1413 enim
1020 1358 1086 1412 ad
1125 1375 1312 1412 eorum
1353 1359 1595 1422 animos,
1624 1359 1712 1428 qui
1739 1360 2054 1428 corporibus

469 1451 720 1518 disiuncti
769 1460 934 1516 sunt,
968 1452 1322 1506 consolandos
1365 1467 1549 1521 parum
1592 1453 1848 1507 momenti
1896 1453 2058 1508 habet

472 1542 718 1613 cpistola,
745 1546 950 1598 sincera
976 1544 1199 1598 caritate
1223 1543 1452 1612 perfusa.
1481 1543 1834 1612 Quamobrem
1864 1555 1920 1600 ut
1959 1547 2059 1602 hac

471 1634 836 1696 ponsolatione
867 1651 1024 1704 qualn
1068 1635 1364 1704 saqiissittte
1409 1636 1664 1703 fruamur,
1699 1638 1905 1706 quoties
1928 1639 2057 1692 licc-

479 1725 574 1792 bit,
603 1741 664 1780 ac
693 1726 806 1781 ﬁeri
837 1722 1048 1797 potci'it,
1081 1728 1149 1784 dc
1173 1729 1490 1784 valetudinis
1532 1739 1634 1784 tum
1670 1739 1810 1785 statu
1849 1731 1916 1786 ad
1962 1747 2060 1787 nos

477 1817 717 1872 scribere
743 1835 809 1872 ne
836 1820 1101 1888 graveris.
1140 1820 1414 1890 Siquidem
1441 1817 1727 1876 amicitiam
1772 1832 1915 1876 tuam
1943 1839 2060 1877 am-

477 1910 774 1980 plissimum
805 1913 1109 1967 thesaurum
1138 1955 1151 1976 ,
1181 1921 1237 1968 et
1287 1915 1545 1968 bonormn
1574 1915 1876 1985 congeriem
1917 1916 2060 1970 omni

477 2001 742 2054 sermonis
773 2002 1018 2056 facultate
1045 2003 1407 2058 sublimiorem
1437 2004 1700 2060 ducimus.
1745 2007 1822 2060 Ac
1846 2007 1889 2060 si
1915 2006 2061 2074 ejus-

477 2091 620 2145 modi
675 2091 857 2146 literas
900 2094 1126 2148 subinde
1165 2096 1508 2164 accipiamus,
1535 2105 1738 2151 tantum
1766 2114 1830 2152 cx
1860 2098 1942 2152 his
1973 2113 2064 2153 vo-

479 2183 695 2250 luptatis
731 2186 999 2254 capiemus
1027 2225 1043 2252 ,
1095 2195 1151 2239 ut
1198 2202 1266 2242 ne
1303 2187 1641 2244 solitudinem
1668 2189 1880 2258 quidem
1909 2191 2062 2244 istam

476 2288 788 2329 SBIIIIMINIS.

539 2363 644 2417 XX
661 2363 823 2420 Vl”.
855 2365 1046 2421 Basilio
1074 2371 1380 2439 presbytero.
1406 2370 1586 2439 (Anno
1613 2371 1826 2426 circiter
1847 2371 1992 2441 404.)

561 2456 672 2509 Etsi
711 2456 865 2510 nobis
892 2467 1182 2526 conspectu
1214 2469 1303 2513 tuo
1333 2470 1494 2530 atque
1520 2476 1811 2531 congressu
1843 2463 1940 2516 frui
1970 2463 2067 2516 mi-

481 2545 625 2600 uime
648 2546 890 2617 contigit,
915 2556 1091 2603 tamen
1115 2564 1234 2603 cum
1262 2551 1328 2604 de
1356 2561 1441 2605 tua
1471 2553 1664 2607 virtute
1689 2554 1754 2607 ad
1784 2568 1880 2608 nos
1910 2553 2068 2609 affer-

484 2645 590 2700 tur,
626 2650 691 2690 ac
733 2637 847 2690 zelo
869 2652 954 2704 eo,
986 2654 1094 2709 quo
1121 2639 1376 2696 adversus
1401 2643 1622 2712 gentiles
1651 2645 1842 2714 flagras
1865 2687 1878 2710 ,
1926 2647 2069 2716 ipso-

485 2743 600 2782 rum
628 2745 866 2784 errorem
894 2744 1138 2787 evertens
1162 2773 1178 2800 ,
1205 2749 1403 2804 eosque
1438 2737 1579 2791 velut
1624 2746 1867 2806 porrecta
1908 2755 2069 2795 manu

484 2817 552 2872 ad
609 2821 888 2876 veritatem
949 2822 1188 2891 ducens,
1247 2841 1351 2879 non
1408 2842 1564 2882 secus
1605 2843 1669 2882 ac
1719 2829 1764 2883 si
1816 2829 2064 2896 adesses,

487 2919 772 2982 tecumque
811 2913 1120 2970 diuturnum
1158 2932 1310 2970 usum
1360 2933 1426 2973 ac
1465 2919 1586 2973 vita:
1629 2921 2069 2977 consuetudinem

489 3004 880 3072 habuissemus,
906 3009 1106 3064 honore
1134 3025 1196 3064 ac
1212 3013 1552 3067 veneratione
1571 3025 1622 3067 te
1643 3015 2068 3083 complectimur.

490 3095 673 3166 anue
697 3097 766 3154 de
793 3113 950 3153 causa
973 3100 1178 3169 priores
1207 3101 1272 3154 ad
1305 3112 1356 3155 te
1385 3103 1718 3173 scripsimus,
1749 3105 1817 3158 ob
1847 3121 1928 3170 ea,
1951 3122 2071 3176 qua:

488 3203 608 3242 cum
632 3189 787 3246 laude
811 3193 976 3262 geris,
1011 3192 1224 3247 beatum
1260 3203 1310 3248 te
1331 3195 1686 3264 praedicantes
1709 3208 1868 3268 atque
1897 3199 2070 3253 admi-

488 3289 689 3346 rantes,
720 3297 783 3338 ac
822 3285 1170 3354 postulantes,
1199 3294 1254 3339 ut
1301 3287 1414 3357 ipse
1455 3303 1666 3358 quoque
1705 3291 1771 3343 ad
1801 3305 1918 3357 nos,
1947 3305 2072 3346 cum

491 3373 693 3439 licebit,
739 3375 962 3430 scribas.
1011 3375 1141 3430 Nam
1169 3377 1271 3432 etsi
1298 3393 1522 3449 corpore
1559 3395 1589 3434 a
1617 3389 1667 3435 te
1703 3380 1952 3450 disjuucti
1982 3397 2073 3438 su-

491 3481 610 3520 mus
636 3506 652 3532 ,
692 3466 928 3522 caritatis
963 3475 1140 3524 tamen
1171 3469 1397 3524 vinculis
1442 3481 1616 3526 tecum
1666 3471 2070 3545 adstringimur,

491 3560 742 3630 pietatem
775 3567 919 3614 tuam
950 3561 1227 3617 nobiscum
1257 3574 1585 3632 reputantes.
1611 3566 1734 3621 lianc
1761 3567 1920 3637 igitur
1947 3583 2070 3623 cum

491 3651 655 3718 scias,
689 3652 847 3706 velim
874 3652 940 3708 ad
969 3667 1067 3708 nos
1102 3654 1330 3710 subinde
1362 3657 1598 3712 scribere
1626 3667 1680 3713 ct
1699 3667 1845 3728 gesta
1870 3667 1958 3715 tua
1988 3676 2074 3717 re-

494 3743 635 3798 ferre
691 3761 760 3799 ne
798 3746 1041 3816 graveris
1074 3762 1088 3801 :
1118 3762 1225 3818 quo
1249 3789 1264 3812 ,
1305 3748 1465 3803 etiam
1498 3747 1551 3803 in
1599 3750 1883 3807 solitudine
1925 3769 2073 3808 com-

492 3847 764 3894 morantes
794 3881 808 3903 ,
855 3839 1122 3910 ingentem
1173 3841 1299 3896 hinc
1327 3842 1746 3899 consolationem
1777 3847 2068 3915 capiamus.

495 3929 706 3985 XXIX.
731 3930 1008 3988 Chalcidice
1032 3942 1078 3986 et
1109 3933 1429 4004 Asyncritiaa.
1459 3936 1476 4003 (
1504 3935 1711 3990 Cucuso
1740 3952 1878 3992 anno
1900 3937 2052 4008 405.)

565 4023 723 4077 Parvi
748 4025 996 4088 facienda:
1013 4036 1128 4079 sunt
1145 4027 1301 4097 hujus
1324 4027 1438 4081 vita:
1465 4029 1704 4083 molestia:
1724 4046 1743 4095 ;
1766 4029 1913 4095 nihil,
1940 4045 2075 4100 pra:-

493 4126 568 4167 ter
607 4127 888 4183 peccatum,
917 4132 1026 4170 vere
1054 4119 1322 4172 molestum
1350 4129 1442 4174 est.
1467 4150 1540 4162 ——
1578 4121 1717 4176 Nihil
1763 4137 1829 4177 ex
1856 4121 1938 4176 his
1963 4137 2079 4177 mo-

493 4207 659 4260 lestiis
679 4247 694 4273 ,
744 4223 874 4275 quas
904 4209 1120 4262 evenire
1165 4211 1467 4280 perspicitis
1493 4226 1589 4267 vos
1624 4213 1897 4280 perturbet
1935 4230 1948 4268 :
1978 4228 2078 4268 nec

493 4299 644 4353 densi
697 4298 1027 4368 negotiorum
1090 4298 1280 4354 fluctus
1324 4303 1516 4356 animis
1559 4303 1750 4357 vesn'is
1795 4305 2076 4358 tmnultum

493 4387 739 4446 afferant.
776 4390 1040 4459 Ejusmodi
1069 4392 1208 4445 enim
1237 4401 1318 4446 est
1344 4405 1488 4447 arcta
1522 4395 1604 4448 illa
1634 4405 1687 4448 et
1723 4407 1943 4465 angusta
1968 4398 2073 4462 via,

492 4483 799 4553 complures
827 4483 1165 4538 difﬁcultates
1195 4500 1258 4540 ac
1289 4486 1484 4540 multos
1521 4480 1758 4541 sudores
1786 4497 1839 4542 et
1870 4489 2077 4543 labores

492 4575 717 4633 habens.
750 4574 946 4630 Verum
978 4575 1091 4630 haec
1117 4575 1309 4641 ﬁnunt,
1342 4586 1499 4646 atque
1527 4593 1632 4631 una
1677 4593 1798 4632 cum
1846 4578 1945 4632 hac
1971 4581 2077 4634 vita

490 4669 920 4739 exstinguuntur.
951 4666 1082 4721 Nam
1106 4667 1312 4721 etiamsi
1355 4676 1501 4721 arcta
1534 4667 1612 4720 via
1655 4677 1760 4734 est,
1790 4669 1872 4722 via
1899 4677 2075 4724 tamen

490 4770 571 4813 cst
605 4776 617 4812 :
651 4767 706 4814 ut
743 4759 961 4830 przemia
994 4758 1104 4826 illa,
1135 4773 1252 4828 quzc
1280 4758 1314 4812 ii
1347 4759 1433 4828 qui
1461 4758 1670 4827 placido
1697 4773 1758 4814 ac
1807 4759 1931 4814 forti
1958 4760 2076 4814 ani-

499 4866 586 4906 mo
621 4851 736 4905 bzcc
763 4850 943 4906 ferunt
973 4851 1362 4920 adipiscuntur,
1397 4859 1650 4921 perpetua
1672 4860 1726 4906 et
1756 4851 2076 4906 immortalia

495 4953 640 5005 sunt,
673 4943 1063 5013 sudoribusque
1114 4944 1270 5013 longe
1309 4945 1530 5015 majora.
1561 4945 1916 5011 Quamobrem
1965 4957 2076 5001 tum

489 5035 808 5088 calamitatis
838 5035 1177 5105 fragilitatem
1221 5054 1284 5092 ac
1317 5037 1658 5105 brevitatem,
1695 5048 1804 5095 tum
1831 5042 2079 5110 praemio-

491 5141 605 5179 rum
635 5129 1038 5197 perpetuitatem
1068 5141 1226 5199 atque
1254 5132 1703 5185 immortalitatem
1737 5133 2076 5189 animadver-

493 5228 685 5285 teutcs,
727 5217 850 5273 date
900 5235 1116 5288 Operam
1148 5263 1163 5287 ,
1198 5231 1254 5275 ut
1283 5223 1462 5276 omnia
1504 5238 1768 5292 generoso
1793 5225 1971 5278 animo
2001 5223 2078 5277 fc-

492 5309 643 5376 ratis,
694 5327 792 5366 nec
821 5313 1189 5377 committatis,
1239 5324 1295 5378 ut
1341 5315 1452 5369 ullo
1505 5331 1683 5369 rerum
1732 5315 2075 5370 adversarum

491 5412 686 5456 eventu
727 5405 1130 5472 perturbemini.
1162 5406 1276 5460 Una
1317 5409 1458 5461 enim
1502 5422 1588 5461 res
1619 5407 1840 5462 molesta
1885 5421 2077 5475 pecca-

493 5504 602 5547 tum
631 5505 754 5547 cst:
793 5503 989 5548 caetera
1023 5497 1198 5548 omnia
1227 5539 1243 5560 ,
1289 5497 1389 5552 hoc
1413 5507 1514 5563 est,
1549 5499 1736 5552 exsilia
1765 5538 1779 5562 ,
1811 5498 2073 5551 bonormn

494 5586 931 5658 proscriptiones,
984 5587 1361 5656 relegationcs,
1392 5591 1634 5658 insidiae,
1679 5600 1976 5660 cunctaque
2022 5589 2075 5645 id

497 5695 658 5751 genus
686 5679 791 5733 alia
815 5719 828 5744 ,
859 5679 1042 5734 umbra
1072 5680 1332 5750 quaedam,
1357 5691 1409 5737 ct
1433 5681 1630 5749 fumus,
1647 5690 1702 5736 ct
1730 5698 1940 5737 aranea:
1972 5682 2075 5737 tela

495 5782 638 5844 sunt,
658 5778 709 5827 et
737 5771 781 5829 si
812 5770 939 5846 quid
966 5771 1107 5828 aliud
1131 5771 1212 5828 his
1243 5773 1396 5830 vilius
1428 5789 1545 5832 esse
1573 5783 1766 5845 potest.
1789 5774 2071 5843 Quocirca,

1217 315 1277 380 5.
1313 319 1592 381 JUANNIS
1628 317 2100 378 CllRYSOSTOMl
2138 323 2456 381 ARCllIEP.
2501 324 3037 382 CONSTANTINOP.

3636 331 3738 388 613

2151 449 2211 494 ut
2235 439 2461 493 antehac
2500 453 2715 509 quoque
2752 438 2935 494 multis
2983 437 3365 495 tentationibus
3412 440 3738 510 perferendis

2153 541 2412 599 nssuetm,
2467 550 2610 588 nunc
2648 548 2862 604 quoque
2889 575 2902 597 ,
2931 548 3088 602 quam
3145 549 3238 602 par
3289 543 3393 598 est,
3433 536 3738 604 patientiam

2155 631 2423 691 prmstatc.
2475 623 2747 694 Siquidem
2811 639 2876 679 ea
2923 625 3061 678 hanc
3111 624 3218 677 vim
3261 624 3502 680 habitura
3537 635 3642 694 est,
3688 638 3744 683 ut

2154 728 2250 769 vos
2285 717 2338 768 in
2383 730 2574 785 magna
2601 716 2890 771 securitate
2924 731 2986 770 ac
3011 715 3393 785 tranquillitate
3433 719 3742 785 constituat,

2157 807 2663 877 praestantioresqne
2704 807 2921 863 efﬁciat.
2951 807 3028 861 Ac
3070 807 3116 860 si
3156 822 3290 876 quos
3340 798 3764 875 nanciscamini,’

2157 898 2245 966 qui
2268 896 2338 951 ob
2368 913 2462 952 sua
2495 900 2704 968 negotia
2737 897 2839 952 huc
2885 897 3122 961 veniant,
3150 897 3217 952 de
3244 908 3419 953 vestra
3444 899 3749 956 valetudine

2157 990 2226 1043 ad
2274 1003 2373 1044 nos
2427 990 2618 1044 crebro
2666 991 2848 1044 literas
2877 989 3019 1042 date.
3051 988 3212 1042 Scitis
3241 990 3384 1043 enim
3415 997 3752 1060 quantopere

2127 1082 2278 1151 ,cjus
2323 1083 2551 1136 studiosi
2598 1090 2788 1148 simus,
2821 1097 3087 1152 quamque
3107 1082 3304 1137 crebro
3332 1083 3400 1138 de
3441 1099 3504 1138 ea
3547 1083 3751 1153 aliquid

2161 1175 2345 1229 audire
2363 1177 2662 1244 cupiamus.

2300 1265 2478 1321 XXX.
2514 1267 2720 1322 IIeortio
2747 1269 3000 1337 episcopo.
3033 1267 3268 1339 (Cucuso
3294 1283 3434 1322 anno
3458 1267 3609 1338 404.)

2234 1360 2496 1430 Equidem
2538 1361 2652 1430 ipse
2695 1361 2880 1415 literas
2904 1362 3087 1424 etiam,
3117 1359 3311 1430 quibus
3337 1375 3421 1414 me
3446 1359 3515 1414 de
3541 1368 3632 1414 tua
3661 1375 3751 1412 va-

2167 1451 2404 1506 letudine
2444 1451 2726 1505 certiorem
2777 1452 2999 1516 laceres,
3023 1451 3269 1520 accipere
3307 1449 3607 1519 cupiebam.
3635 1449 3755 1505 Seis

2162 1543 2329 1608 enim,
2379 1543 2835 1598 reverendissime
2886 1543 3122 1605 domine,
3165 1557 3270 1611 quo
3314 1556 3528 1610 semper
3571 1541 3756 1594 animo

2167 1652 2288 1706 crga
2323 1645 2372 1691 te
2419 1635 2628 1690 fuerim.
2677 1637 2867 1691 Verum
2911 1635 3160 1706 quoniam
3212 1634 3312 1688 hoc
3355 1633 3749 1687 tabellariorum

2167 1730 2383 1799 penuria
2416 1729 2565 1784 vobis
2589 1729 2828 1783 fortassis
2869 1729 3084 1799 eripuit,
3117 1727 3315 1782 idcirco
3357 1728 3468 1795 ipse
3488 1725 3751 1787 homines,

2168 1821 2257 1891 qui
2286 1821 2351 1875 ad
2395 1829 2446 1875 te
2494 1821 2919 1890 proficiscantur,
2969 1831 3174 1884 nactus,
3229 1819 3397 1872 literis
3432 1828 3483 1873 te
3528 1819 3752 1881 lacesso,

2169 1924 2327 1983 teque
2366 1929 2495 1983 rogo
2529 1923 2582 1967 et
2623 1913 2869 1975 obsecro,
2914 1921 2971 1966 ut
3009 1913 3216 1982 quoties
3259 1912 3481 1966 facultas
3519 1909 3754 1971 dabitur.

2171 2006 2284 2074 ipse
2311 2020 2523 2075 quoque
2549 2004 2612 2059 ad
2643 2020 2740 2058 nos
2777 2021 2932 2074 quam
2962 2004 3254 2073 sa‘pissime
3297 2002 3519 2067 scribas,
3547 2017 3762 2071 quaque

2173 2097 2475 2152 valetudine
2515 2097 2609 2164 sis,
2645 2113 2902 2166 exponas.
2952 2097 3280 2166 Quamquam
3324 2095 3465 2148 enim
3495 2095 3546 2148 in
3577 2093 3763 2148 deser-

2172 2191 2378 2244 tissimo
2423 2189 2567 2244 orbis
2609 2189 2726 2244 loco
2771 2188 3104 2252 habitamus,
3154 2201 3218 2241 ac
3263 2186 3573 2256 praedonum
3615 2195 3762 2240 metu

2171 2280 2503 2344 obsidemur,
2536 2279 2853 2348 multasque,
2877 2287 2932 2332 ut
2961 2279 3013 2332 in
3038 2286 3257 2332 externa
3283 2277 3518 2346 regione,
3548 2286 3763 2346 tamque

2175 2380 2321 2425 vasta
2369 2370 2674 2437 solitudine,
2720 2369 3050 2424 calamitates
3097 2369 3425 2438 perpetimur
3457 2383 3472 2420 :
3504 2376 3677 2421 tamen
3719 2369 3763 2421 si

2172 2463 2482 2533 frequentes
2510 2480 2536 2515 a
2565 2473 2635 2529 te,
2661 2463 2744 2517 cui
2775 2461 3034 2516 carissimi
3075 2476 3277 2523 sumus,
3312 2460 3490 2513 literas
3533 2458 3767 2526 accipia-

2178 2571 2318 2621 mus,
2343 2571 2460 2624 qua:
2493 2568 2590 2608 nos
2615 2554 2684 2610 de
2715 2563 2802 2608 tua
2832 2552 3133 2608 valetudine
3155 2552 3412 2607 certiores
3442 2551 3654 2613 faciant,
3686 2549 3768 2602 in-

2183 2655 2394 2717 gentem
2423 2645 2568 2711 hinc,
2608 2655 2684 2701 tot
2713 2646 2836 2700 licet
2861 2644 3246 2700 calamitatibus
3271 2642 3533 2712 oppressi,
3572 2655 3770 2696 conso-

2180 2739 2432 2793 lationem
2492 2738 2784 2807 capiemus.
2835 2736 3042 2802 Quanta
3087 2735 3229 2788 enim
3284 2732 3522 2787 caritatis
3579 2731 3656 2784 \is
3698 2731 3771 2785 sit

2177 2831 2510 2900 exploratum
2540 2829 2724 2895 babes,
2753 2829 2999 2900 quodque
3026 2841 3130 2881 non
3161 2825 3451 2880 amicorum
3491 2823 3772 2877 dumtaxat

2175 2923 2481 2994 prmscntia,
2507 2921 2602 2977 sed
2629 2921 2788 2976 etiam
2813 2921 2984 2976 literae
3011 2921 3199 2988 ingens
3225 2915 3468 2971 solatium
3515 2913 3769 2969 afferant.

2177 3019 2306 3084 Quae
2351 3032 2472 3071 cum
2516 3016 2588 3071 ita
2627 3015 2751 3081 sint,
2784 3014 2885 3078 fac,
2908 3027 3108 3083 qua-so,
3138 3009 3276 3064 hanc
3321 3007 3474 3062 nobis
3515 3005 3772 3074 volupta—

2179 3119 2286 3164 tem
2312 3106 2644 3177 frequentius
2683 3105 2979 3175 impertias,
3011 3101 3078 3157 de
3101 3098 3404 3155 valetudine
3429 3106 3537 3161 tua,
3569 3095 3640 3150 de
3664 3109 3770 3163 qua

2179 3201 2513 3269 potissimum
2561 3198 2760 3268 aliquid
2807 3195 2993 3252 audire
3031 3195 3310 3264 capimus,
3363 3191 3624 3246 certiores
3671 3201 3772 3240 nos

2177 3294 2396 3348 faciens.
2891 3355 2898 3360 _

2404 3383 2620 3439 XXXI.
2652 3381 2973 3436 Marcellino.
3006 3379 3185 3452 (Anno
3210 3376 3345 3431 forte
3370 3372 3520 3442 405.)

2251 3477 2363 3534 Etsi
2391 3477 2644 3532 diuturno
2669 3475 2882 3530 silentio
2905 3475 3042 3527 inter
3072 3486 3169 3526 nos
3198 3478 3420 3538 uterque
3447 3466 3524 3520 usi
3555 3477 3772 3525 sumus,

2179 3584 2355 3627 tamen
2384 3569 2578 3626 veteris
2620 3569 2760 3623 illius
2785 3583 2847 3622 ac
2875 3568 3097 3622 sincerae
3139 3573 3244 3618 tn-.e
3284 3559 3521 3616 caritatis
3559 3571 3778 3610 memo—

2182 3667 2313 3721 riam
2345 3665 2563 3719 minime
2597 3661 2909 3732 abjecimus,
2939 3673 3121 3714 verum
3154 3656 3431 3710 florentem
3459 3666 3574 3705 eam
3603 3659 3660 3703 et
3685 3649 3774 3702 in-

2185 3768 2387 3827 tegram
2428 3755 2739 3820 retinemus,
2757 3768 2982 3820 eamque
3003 3763 3336 3821 quocumque
3359 3742 3771 3815 proﬁciscimur,

2185 3849 2461 3903 nobiscum
2512 3845 2938 3902 circumferimus
2965 3885 2978 3907 ,
3020 3841 3357 3908 maximoque
3405 3836 3529 3890 hinc
3574 3834 3776 3888 solatio

2183 3939 2466 3992 al'licimur.
2497 3939 2675 4008 anue
2705 3937 2772 3992 de
2801 3949 2960 3990 causa
3006 3931 3249 3986 homines
3289 3943 3429 3982 nunc
3481 3925 3642 3987 nacti,
3677 3923 3776 3993 qui

2184 4031 2248 4086 ad
2277 4039 2329 4086 te
2359 4047 2416 4086 se
2442 4031 2738 4093 conferant,
2782 4028 3016 4084 debitum
3062 4019 3394 4078 salutationis
3443 4030 3641 4070 munus
3676 4015 3774 4067 tibi

2187 4123 2561 4194 persolvimus,
2609 4119 2845 4190 illudque
2882 4117 3262 4188 signiﬁcamus,
3311 4123 3411 4165 nos
3447 4104 3659 4162 etiamsi
3704 4103 3777 4157 ad

2183 4221 2461 4269 extremos
2501 4227 2666 4281 usque
2701 4211 2844 4264 orbis
2869 4219 3131 4264 terrarum
3161 4204 3290 4258 ﬁnes
3317 4200 3664 4261 abducamur,
3691 4197 3778 4252 sic

2187 4313 2362 4360 tamen
2399 4304 2569 4368 abire,
2603 4313 2660 4357 ut
2691 4313 2742 4358 te
2769 4304 2820 4357 in
2852 4303 3032 4356 animo
3073 4308 3256 4354 nostro
3305 4295 3518 4366 penitus
3564 4291 3777 4345 inscul-

2190 4404 2336 4464 ptum
2367 4403 2666 4447 teneamus.
2691 4393 2952 4460 Quoniam
2980 4399 3158 4444 autetn
3191 4388 3274 4452 iis,
3308 4385 3397 4455 qui
3439 4383 3540 4437 hoc
3583 4381 3776 4434 animo

2189 4487 2395 4558 praediti
2425 4495 2570 4553 sunt,
2600 4502 2706 4540 non
2742 4495 2944 4540 tantum
2988 4483 3249 4548 scribere,
3276 4481 3368 4535 sed
3393 4478 3553 4534 etiam
3583 4476 3654 4530 ab
3681 4476 3774 4542 iis,

2184 4595 2317 4649 quos
2355 4579 2426 4633 ita
2470 4589 2686 4643 ament,
2739 4577 2919 4632 literas
2963 4576 3206 4646 accipere
3253 4568 3636 4643 periucundum
3663 4577 3776 4634 est,

2187 4671 2324 4726 hanc
2347 4671 2501 4726 nobis
2522 4670 2868 4740 voluptatem,
2887 4664 3105 4720 domine
3119 4663 3424 4734 cumprimis
3441 4658 3776 4723 venerande,

2183 4765 2342 4818 velim
2371 4762 2611 4832 duplices
2641 4781 2653 4816 :
2681 4771 2841 4832 atque
2869 4761 3077 4832 quoties
3107 4758 3329 4814 facultas
3377 4755 3500 4817 erit,
3543 4754 3778 4807 subinde

2187 4857 2252 4910 ad
2282 4870 2380 4911 nos
2410 4855 2632 4920 scribas,
2669 4863 2857 4924 ecqua
2902 4851 3204 4907 valetudine
3247 4850 3320 4903 sis
3359 4859 3623 4916 exponas.
3655 4844 3776 4899 Scis

2187 4949 2328 5005 enim
2359 4964 2517 5020 quam
2550 4947 2703 5002 nobis
2722 4962 2864 5001 curae
2890 4945 2956 4998 sit
2978 4945 3090 4997 haic
3107 4943 3368 5004 ediscere,
3387 4946 3773 5006 quantamque,

2186 5043 2345 5096 etiam
2372 5043 2423 5096 iu
2450 5050 2635 5097 extera
2684 5041 2898 5110 regione
2939 5035 3211 5106 degentes,
3261 5030 3682 5087 consolationem
3708 5043 3771 5080 ex

2185 5137 2286 5189 hac
2315 5151 2373 5190 re
2397 5135 2687 5202 capiamus.

2395 5223 2585 5278 XXXI
2596 5222 2641 5276 1.
2669 5221 2941 5276 Euthaliw.
2970 5217 3198 5290 (Cucuso
3223 5231 3365 5270 anno
3389 5215 3492 5270 40l
3521 5215 3539 5284 )

2257 5317 2506 5384 Quamvis
2534 5316 2810 5386 pauciores
2830 5314 2924 5368 abs
2949 5323 2999 5367 te
3025 5310 3281 5382 epistolas
3309 5307 3584 5376 accipiam,
3611 5320 3774 5375 quam

2184 5409 2251 5464 ad
2280 5419 2330 5463 te
2346 5409 2572 5473 mittam,
2595 5424 2698 5462 non
2731 5416 2906 5461 tamen
2937 5414 3215 5475 propterea
3244 5400 3480 5456 scribere
3503 5399 3770 5453 desinam.

2185 5500 2305 5552 Mihi
2346 5499 2486 5553 enim
2533 5498 2645 5568 ipse
2689 5509 2895 5568 gratum
2941 5495 3098 5560 facio,
3130 5493 3254 5547 dum
3286 5490 3353 5544 ad
3379 5491 3609 5545 animant
3655 5495 3770 5540 tam

2184 5591 2390 5646 sincera
2438 5604 2564 5660 erga
2602 5604 2688 5644 me
2730 5585 3102 5644 benevolentia
3139 5581 3415 5654 praeditam
3464 5579 3769 5648 frequenter

2186 5682 2382 5737 scribo.
2417 5683 2483 5736 At
2511 5683 2779 5752 quoniam,
2809 5681 2896 5751 qui
2941 5694 3118 5734 rerum
3148 5685 3358 5730 tuarum
3380 5681 3548 5727 status
3567 5670 3656 5733 sit,
3687 5670 3774 5722 in-

2190 5776 2422 5848 telligere
2447 5775 2785 5832 vehementer
2830 5783 3044 5846 expeto,
3079 5773 3276 5830 idcirco
3317 5765 3570 5841 epistolas
3607 5761 3773 5818 etiam
