  <div class='ocr_page' id='page_1' title='image "/cluster/home/n/w/nwhite01/storage/ocr_20150623/52/hvd.32044073501918/248.png"; bbox 0 0 4058 6218; ppageno 0'>
   <div class='ocr_carea' id='block_1_1' title="bbox 366 204 470 262">
    <p class='ocr_par' dir='ltr' id='par_1_1' title="bbox 366 204 470 262">
     <span class='ocr_line' id='line_1_1' title="bbox 366 204 470 262; baseline -0.058 0"><span class='ocrx_word' id='word_1_1' title='bbox 366 204 470 262; x_wconf 64' lang='lat'>6:27</span> 
     </span>
    </p>
   </div>
   <div class='ocr_carea' id='block_1_2' title="bbox 367 314 1951 405">
    <p class='ocr_par' dir='ltr' id='par_1_2' title="bbox 367 314 1951 405">
     <span class='ocr_line' id='line_1_2' title="bbox 367 314 1951 405; baseline 0.011 -33"><span class='ocrx_word' id='word_1_2' title='bbox 367 321 463 405; x_wconf 73' lang='grc' dir='ltr'>θεν</span> <span class='ocrx_word' id='word_1_3' title='bbox 491 318 789 391; x_wconf 77' lang='grc' dir='ltr'>ἐδεξάμεθα</span> <span class='ocrx_word' id='word_1_4' title='bbox 815 321 912 393; x_wconf 74' lang='grc' dir='ltr'>τὴν</span> <span class='ocrx_word' id='word_1_5' title='bbox 943 314 1306 399; x_wconf 64' lang='grc' dir='ltr'>παράκλησιν.</span> <span class='ocrx_word' id='word_1_6' title='bbox 1337 329 1409 385; x_wconf 80' lang='grc' dir='ltr'>Τὸ</span> <span class='ocrx_word' id='word_1_7' title='bbox 1429 330 1533 404; x_wconf 78' lang='grc' dir='ltr'>γὰρ</span> <span class='ocrx_word' id='word_1_8' title='bbox 1563 332 1830 400; x_wconf 77' lang='grc' dir='ltr'>τοιούτους</span> <span class='ocrx_word' id='word_1_9' title='bbox 1855 334 1951 389; x_wconf 82' lang='grc' dir='ltr'>άν-</span> 
     </span>
    </p>
   </div>
   <div class='ocr_carea' id='block_1_3' title="bbox 368 407 1952 495">
    <p class='ocr_par' dir='ltr' id='par_1_3' title="bbox 368 407 1952 495">
     <span class='ocr_line' id='line_1_3' title="bbox 368 407 1952 495; baseline 0.011 -33"><span class='ocrx_word' id='word_1_10' title='bbox 368 407 503 479; x_wconf 76' lang='grc' dir='ltr'>δρας</span> <span class='ocrx_word' id='word_1_11' title='bbox 535 408 677 463; x_wconf 74' lang='grc' dir='ltr'>οὔτω</span> <span class='ocrx_word' id='word_1_12' title='bbox 707 412 969 482; x_wconf 77' lang='grc' dir='ltr'>σφοδροὺς</span> <span class='ocrx_word' id='word_1_13' title='bbox 1008 416 1244 485; x_wconf 74' lang='grc' dir='ltr'>ἐραστάς</span> <span class='ocrx_word' id='word_1_14' title='bbox 1267 418 1433 489; x_wconf 74' lang='grc' dir='ltr'>ἔχειν,</span> <span class='ocrx_word' id='word_1_15' title='bbox 1466 422 1526 475; x_wconf 88' lang='grc' dir='ltr'>οὑ</span> <span class='ocrx_word' id='word_1_16' title='bbox 1553 424 1650 495; x_wconf 78' lang='grc' dir='ltr'>τὴν</span> <span class='ocrx_word' id='word_1_17' title='bbox 1680 424 1952 495; x_wconf 80' lang='grc' dir='ltr'>τυχοῦσαν</span> 
     </span>
    </p>
   </div>
   <div class='ocr_carea' id='block_1_4' title="bbox 368 501 1951 591">
    <p class='ocr_par' dir='ltr' id='par_1_4' title="bbox 368 501 1951 591">
     <span class='ocr_line' id='line_1_4' title="bbox 368 501 1951 591; baseline 0.013 -40"><span class='ocrx_word' id='word_1_18' title='bbox 368 501 527 572; x_wconf 77' lang='grc' dir='ltr'>φέρει</span> <span class='ocrx_word' id='word_1_19' title='bbox 558 503 669 565; x_wconf 83' lang='grc' dir='ltr'>τοῖς</span> <span class='ocrx_word' id='word_1_20' title='bbox 707 503 1091 575; x_wconf 83' lang='grc' dir='ltr'>ἀγαπωμένοις</span> <span class='ocrx_word' id='word_1_21' title='bbox 1115 510 1485 580; x_wconf 87' lang='grc' dir='ltr'>παραμυθίαν.</span> <span class='ocrx_word' id='word_1_22' title='bbox 1517 514 1626 567; x_wconf 73' lang='grc' dir='ltr'>Καὶ</span> <span class='ocrx_word' id='word_1_23' title='bbox 1654 514 1951 591; x_wconf 71' lang='grc' dir='ltr'>ἐϐουλόμην</span> 
     </span>
    </p>
   </div>
   <div class='ocr_carea' id='block_1_5' title="bbox 369 593 1951 678">
    <p class='ocr_par' dir='ltr' id='par_1_5' title="bbox 369 593 1951 678">
     <span class='ocr_line' id='line_1_5' title="bbox 369 593 1951 678; baseline 0.013 -35"><span class='ocrx_word' id='word_1_24' title='bbox 369 593 473 663; x_wconf 78' lang='grc' dir='ltr'>μὲν</span> <span class='ocrx_word' id='word_1_25' title='bbox 500 595 619 646; x_wconf 78' lang='grc' dir='ltr'>κατ’</span> <span class='ocrx_word' id='word_1_26' title='bbox 650 593 771 664; x_wconf 67' lang='grc' dir='ltr'>ὅφιν</span> <span class='ocrx_word' id='word_1_27' title='bbox 793 600 1069 669; x_wconf 80' lang='grc' dir='ltr'>συντυχεῖν</span> <span class='ocrx_word' id='word_1_28' title='bbox 1084 602 1149 671; x_wconf 86' lang='grc' dir='ltr'>τῇ</span> <span class='ocrx_word' id='word_1_29' title='bbox 1173 601 1427 675; x_wconf 65' lang='grc' dir='ltr'>εὐλαϐείᾳ</span> <span class='ocrx_word' id='word_1_30' title='bbox 1448 606 1514 675; x_wconf 76' lang='grc' dir='ltr'>τῇ</span> <span class='ocrx_word' id='word_1_31' title='bbox 1540 608 1629 677; x_wconf 78' lang='grc' dir='ltr'>σῇ,</span> <span class='ocrx_word' id='word_1_32' title='bbox 1657 607 1751 659; x_wconf 80' lang='grc' dir='ltr'>καὶ</span> <span class='ocrx_word' id='word_1_33' title='bbox 1779 609 1951 678; x_wconf 84' lang='grc' dir='ltr'>ἐμφο-</span> 
     </span>
    </p>
   </div>
   <div class='ocr_carea' id='block_1_6' title="bbox 368 683 1950 774">
    <p class='ocr_par' dir='ltr' id='par_1_6' title="bbox 368 683 1950 774">
     <span class='ocr_line' id='line_1_6' title="bbox 368 683 1950 774; baseline 0.013 -39"><span class='ocrx_word' id='word_1_34' title='bbox 368 683 603 759; x_wconf 85' lang='grc' dir='ltr'>ρηθῆναι</span> <span class='ocrx_word' id='word_1_35' title='bbox 642 684 741 755; x_wconf 85' lang='grc' dir='ltr'>τῆς</span> <span class='ocrx_word' id='word_1_36' title='bbox 793 686 1016 761; x_wconf 72' lang='grc' dir='ltr'>ἡδίάτης</span> <span class='ocrx_word' id='word_1_37' title='bbox 1065 708 1158 745; x_wconf 86' lang='grc' dir='ltr'>σου</span> <span class='ocrx_word' id='word_1_38' title='bbox 1209 692 1525 760; x_wconf 77' lang='grc' dir='ltr'>διαθέσεως.</span> <span class='ocrx_word' id='word_1_39' title='bbox 1596 698 1735 752; x_wconf 85' lang='grc' dir='ltr'>Ἀλλ’</span> <span class='ocrx_word' id='word_1_40' title='bbox 1763 700 1950 774; x_wconf 79' lang='grc' dir='ltr'>ἐπειδὴ</span> 
     </span>
    </p>
   </div>
   <div class='ocr_carea' id='block_1_7' title="bbox 366 777 1952 867">
    <p class='ocr_par' dir='ltr' id='par_1_7' title="bbox 366 777 1952 867">
     <span class='ocr_line' id='line_1_7' title="bbox 366 777 1952 867; baseline 0.012 -35"><span class='ocrx_word' id='word_1_41' title='bbox 366 777 528 834; x_wconf 84' lang='grc' dir='ltr'>τοῦτο</span> <span class='ocrx_word' id='word_1_42' title='bbox 557 782 654 836; x_wconf 87' lang='grc' dir='ltr'>οὑκ</span> <span class='ocrx_word' id='word_1_43' title='bbox 685 783 763 838; x_wconf 82' lang='grc' dir='ltr'>ἔνι</span> <span class='ocrx_word' id='word_1_44' title='bbox 790 783 940 856; x_wconf 72' lang='grc' dir='ltr'>(οὔτε</span> <span class='ocrx_word' id='word_1_45' title='bbox 961 787 1068 859; x_wconf 79' lang='grc' dir='ltr'>γάρ</span> <span class='ocrx_word' id='word_1_46' title='bbox 1101 790 1232 861; x_wconf 82' lang='grc' dir='ltr'>ἡμῖν</span> <span class='ocrx_word' id='word_1_47' title='bbox 1262 791 1504 857; x_wconf 84' lang='grc' dir='ltr'>δυνατὸν,</span> <span class='ocrx_word' id='word_1_48' title='bbox 1528 793 1650 849; x_wconf 77' lang='grc' dir='ltr'>οὔτε</span> <span class='ocrx_word' id='word_1_49' title='bbox 1680 798 1747 866; x_wconf 79' lang='grc' dir='ltr'>τῇ</span> <span class='ocrx_word' id='word_1_50' title='bbox 1775 796 1952 867; x_wconf 88' lang='grc' dir='ltr'>τιμιό-</span> 
     </span>
    </p>
   </div>
   <div class='ocr_carea' id='block_1_8' title="bbox 368 871 1950 958">
    <p class='ocr_par' dir='ltr' id='par_1_8' title="bbox 368 871 1950 958">
     <span class='ocr_line' id='line_1_8' title="bbox 368 871 1950 958; baseline 0.013 -36"><span class='ocrx_word' id='word_1_51' title='bbox 368 871 496 943; x_wconf 89' lang='grc' dir='ltr'>τητί</span> <span class='ocrx_word' id='word_1_52' title='bbox 526 891 616 926; x_wconf 90' lang='grc' dir='ltr'>σου</span> <span class='ocrx_word' id='word_1_53' title='bbox 644 873 844 947; x_wconf 73' lang='grc' dir='ltr'>ῥᾴδιον,</span> <span class='ocrx_word' id='word_1_54' title='bbox 875 877 963 931; x_wconf 82' lang='grc' dir='ltr'>διὰ</span> <span class='ocrx_word' id='word_1_55' title='bbox 985 880 1084 948; x_wconf 79' lang='grc' dir='ltr'>τὴν</span> <span class='ocrx_word' id='word_1_56' title='bbox 1112 882 1212 951; x_wconf 84' lang='grc' dir='ltr'>τῆς</span> <span class='ocrx_word' id='word_1_57' title='bbox 1270 883 1596 954; x_wconf 86' lang='grc' dir='ltr'>Ἐκκλησίας</span> <span class='ocrx_word' id='word_1_58' title='bbox 1626 887 1725 958; x_wconf 87' lang='grc' dir='ltr'>τῆς</span> <span class='ocrx_word' id='word_1_59' title='bbox 1764 888 1950 941; x_wconf 86' lang='grc' dir='ltr'>αὑτόοι</span> 
     </span>
    </p>
   </div>
   <div class='ocr_carea' id='block_1_9' title="bbox 369 964 1949 1051">
    <p class='ocr_par' dir='ltr' id='par_1_9' title="bbox 369 964 1949 1051">
     <span class='ocr_line' id='line_1_9' title="bbox 369 964 1949 1051; baseline 0.013 -37"><span class='ocrx_word' id='word_1_60' title='bbox 369 965 688 1035; x_wconf 88' lang='grc' dir='ltr'>πρόνοιαν),</span> <span class='ocrx_word' id='word_1_61' title='bbox 748 968 839 1021; x_wconf 76' lang='grc' dir='ltr'>ἐπὶ</span> <span class='ocrx_word' id='word_1_62' title='bbox 901 970 992 1025; x_wconf 77' lang='grc' dir='ltr'>τὸν</span> <span class='ocrx_word' id='word_1_63' title='bbox 1037 971 1288 1043; x_wconf 87' lang='grc' dir='ltr'>δεύτερον</span> <span class='ocrx_word' id='word_1_64' title='bbox 1351 964 1659 1046; x_wconf 82' lang='grc' dir='ltr'>ἀναγκαίως</span> <span class='ocrx_word' id='word_1_65' title='bbox 1714 979 1949 1051; x_wconf 73' lang='grc' dir='ltr'>ἤλθομεν</span> 
     </span>
    </p>
   </div>
   <div class='ocr_carea' id='block_1_10' title="bbox 367 1053 1951 1141">
    <p class='ocr_par' dir='ltr' id='par_1_10' title="bbox 367 1053 1951 1141">
     <span class='ocr_line' id='line_1_10' title="bbox 367 1053 1951 1141; baseline 0.012 -35"><span class='ocrx_word' id='word_1_66' title='bbox 367 1053 556 1121; x_wconf 81' lang='grc' dir='ltr'>πλοῦν,</span> <span class='ocrx_word' id='word_1_67' title='bbox 592 1055 690 1127; x_wconf 78' lang='grc' dir='ltr'>τὴν</span> <span class='ocrx_word' id='word_1_68' title='bbox 722 1058 828 1111; x_wconf 79' lang='grc' dir='ltr'>ἀπὸ</span> <span class='ocrx_word' id='word_1_69' title='bbox 859 1059 967 1113; x_wconf 91' lang='grc' dir='ltr'>τῶν</span> <span class='ocrx_word' id='word_1_70' title='bbox 995 1063 1339 1135; x_wconf 80' lang='grc' dir='ltr'>γραμμάτων</span> <span class='ocrx_word' id='word_1_71' title='bbox 1382 1069 1711 1141; x_wconf 78' lang='grc' dir='ltr'>παραψυχὴν</span> <span class='ocrx_word' id='word_1_72' title='bbox 1738 1072 1951 1136; x_wconf 80' lang='grc' dir='ltr'>ἑαυτοῖς</span> 
     </span>
    </p>
   </div>
   <div class='ocr_carea' id='block_1_11' title="bbox 366 1146 1946 1231">
    <p class='ocr_par' dir='ltr' id='par_1_11' title="bbox 366 1146 1946 1231">
     <span class='ocr_line' id='line_1_11' title="bbox 366 1146 1946 1231; baseline 0.012 -34"><span class='ocrx_word' id='word_1_73' title='bbox 366 1146 737 1216; x_wconf 68' lang='grc' dir='ltr'>χαριζόμενοι.</span> <span class='ocrx_word' id='word_1_74' title='bbox 769 1151 845 1202; x_wconf 86' lang='grc' dir='ltr'>Ού</span> <span class='ocrx_word' id='word_1_75' title='bbox 871 1151 980 1222; x_wconf 87' lang='grc' dir='ltr'>γάρ</span> <span class='ocrx_word' id='word_1_76' title='bbox 1013 1154 1209 1225; x_wconf 86' lang='grc' dir='ltr'>μικρὸν</span> <span class='ocrx_word' id='word_1_77' title='bbox 1231 1157 1324 1211; x_wconf 77' lang='grc' dir='ltr'>καὶ</span> <span class='ocrx_word' id='word_1_78' title='bbox 1352 1159 1609 1231; x_wconf 86' lang='grc' dir='ltr'>ἐπιστολὴ</span> <span class='ocrx_word' id='word_1_79' title='bbox 1626 1159 1831 1215; x_wconf 81' lang='grc' dir='ltr'>δύναιτ’</span> <span class='ocrx_word' id='word_1_80' title='bbox 1858 1161 1946 1229; x_wconf 84' lang='grc' dir='ltr'>ἂν,</span> 
     </span>
    </p>
   </div>
   <div class='ocr_carea' id='block_1_12' title="bbox 363 1238 1947 1326">
    <p class='ocr_par' dir='ltr' id='par_1_12' title="bbox 363 1238 1947 1326">
     <span class='ocr_line' id='line_1_12' title="bbox 363 1238 1947 1326; baseline 0.013 -37"><span class='ocrx_word' id='word_1_81' title='bbox 363 1238 596 1308; x_wconf 79' lang='grc' dir='ltr'>γνησίας</span> <span class='ocrx_word' id='word_1_82' title='bbox 623 1241 843 1312; x_wconf 79' lang='grc' dir='ltr'>ἀγάπης</span> <span class='ocrx_word' id='word_1_83' title='bbox 860 1244 1345 1319; x_wconf 82' lang='grc' dir='ltr'>ἀνακεχρωσμένη,</span> <span class='ocrx_word' id='word_1_84' title='bbox 1367 1253 1448 1316; x_wconf 87' lang='grc' dir='ltr'>εἰς</span> <span class='ocrx_word' id='word_1_85' title='bbox 1475 1254 1818 1326; x_wconf 84' lang='grc' dir='ltr'>παράκλησιν</span> <span class='ocrx_word' id='word_1_86' title='bbox 1840 1254 1947 1309; x_wconf 89' lang='grc' dir='ltr'>τῶν</span> 
     </span>
    </p>
   </div>
   <div class='ocr_carea' id='block_1_13' title="bbox 361 1328 1948 1417">
    <p class='ocr_par' dir='ltr' id='par_1_13' title="bbox 361 1328 1948 1417">
     <span class='ocr_line' id='line_1_13' title="bbox 361 1328 1948 1417; baseline 0.012 -36"><span class='ocrx_word' id='word_1_87' title='bbox 361 1328 442 1399; x_wconf 84' lang='grc' dir='ltr'>τῷ</span> <span class='ocrx_word' id='word_1_88' title='bbox 492 1331 704 1402; x_wconf 79' lang='grc' dir='ltr'>σώματι</span> <span class='ocrx_word' id='word_1_89' title='bbox 751 1337 1189 1408; x_wconf 88' lang='grc' dir='ltr'>κεχωρισμένων.</span> <span class='ocrx_word' id='word_1_90' title='bbox 1225 1341 1321 1395; x_wconf 83' lang='grc' dir='ltr'>Ἵν⁹</span> <span class='ocrx_word' id='word_1_91' title='bbox 1353 1337 1447 1396; x_wconf 80' lang='grc' dir='ltr'>οὖν</span> <span class='ocrx_word' id='word_1_92' title='bbox 1477 1343 1681 1415; x_wconf 82' lang='grc' dir='ltr'>ταύτης</span> <span class='ocrx_word' id='word_1_93' title='bbox 1710 1346 1948 1417; x_wconf 90' lang='grc' dir='ltr'>συνεχῶς</span> 
     </span>
    </p>
   </div>
   <div class='ocr_carea' id='block_1_14' title="bbox 363 1422 1949 1509">
    <p class='ocr_par' dir='ltr' id='par_1_14' title="bbox 363 1422 1949 1509">
     <span class='ocr_line' id='line_1_14' title="bbox 363 1422 1949 1509; baseline 0.009 -31"><span class='ocrx_word' id='word_1_94' title='bbox 363 1422 731 1495; x_wconf 81' lang='grc' dir='ltr'>ἀπολαύωμεν</span> <span class='ocrx_word' id='word_1_95' title='bbox 755 1426 856 1496; x_wconf 78' lang='grc' dir='ltr'>τῆς</span> <span class='ocrx_word' id='word_1_96' title='bbox 881 1430 1251 1502; x_wconf 87' lang='grc' dir='ltr'>παραμυθίας,</span> <span class='ocrx_word' id='word_1_97' title='bbox 1285 1433 1478 1499; x_wconf 83' lang='grc' dir='ltr'>ὁσάκις</span> <span class='ocrx_word' id='word_1_98' title='bbox 1505 1437 1573 1491; x_wconf 79' lang='grc' dir='ltr'>ἂν</span> <span class='ocrx_word' id='word_1_99' title='bbox 1603 1438 1697 1509; x_wconf 75' lang='grc' dir='ltr'>ἐξῇ</span> <span class='ocrx_word' id='word_1_100' title='bbox 1732 1439 1825 1492; x_wconf 71' lang='grc' dir='ltr'>καὶ</span> <span class='ocrx_word' id='word_1_101' title='bbox 1859 1439 1949 1493; x_wconf 79' lang='grc' dir='ltr'>δυ-</span> 
     </span>
    </p>
   </div>
   <div class='ocr_carea' id='block_1_15' title="bbox 365 1510 1945 1603">
    <p class='ocr_par' dir='ltr' id='par_1_15' title="bbox 365 1510 1945 1603">
     <span class='ocr_line' id='line_1_15' title="bbox 365 1510 1945 1603; baseline 0.012 -38"><span class='ocrx_word' id='word_1_102' title='bbox 365 1512 527 1567; x_wconf 80' lang='grc' dir='ltr'>νατὸν</span> <span class='ocrx_word' id='word_1_103' title='bbox 553 1510 611 1587; x_wconf 81' lang='grc' dir='ltr'>ᾗ,</span> <span class='ocrx_word' id='word_1_104' title='bbox 640 1516 874 1587; x_wconf 86' lang='grc' dir='ltr'>γράφειν</span> <span class='ocrx_word' id='word_1_105' title='bbox 894 1520 1024 1590; x_wconf 85' lang='grc' dir='ltr'>ἡμῖν</span> <span class='ocrx_word' id='word_1_106' title='bbox 1045 1519 1117 1574; x_wconf 88' lang='grc' dir='ltr'>τά</span> <span class='ocrx_word' id='word_1_107' title='bbox 1136 1523 1263 1593; x_wconf 83' lang='grc' dir='ltr'>περὶ</span> <span class='ocrx_word' id='word_1_108' title='bbox 1283 1525 1382 1594; x_wconf 83' lang='grc' dir='ltr'>τῆς</span> <span class='ocrx_word' id='word_1_109' title='bbox 1404 1524 1593 1595; x_wconf 77' lang='grc' dir='ltr'>ὑγείας</span> <span class='ocrx_word' id='word_1_110' title='bbox 1617 1528 1717 1600; x_wconf 84' lang='grc' dir='ltr'>τῆς</span> <span class='ocrx_word' id='word_1_111' title='bbox 1743 1530 1842 1602; x_wconf 85' lang='grc' dir='ltr'>σῆς</span> <span class='ocrx_word' id='word_1_112' title='bbox 1870 1531 1945 1603; x_wconf 76' lang='grc' dir='ltr'>μὴ</span> 
     </span>
    </p>
   </div>
   <div class='ocr_carea' id='block_1_16' title="bbox 364 1604 1947 1685">
    <p class='ocr_par' dir='ltr' id='par_1_16' title="bbox 364 1604 1947 1685">
     <span class='ocr_line' id='line_1_16' title="bbox 364 1604 1947 1685; baseline 0.011 -29"><span class='ocrx_word' id='word_1_113' title='bbox 364 1604 641 1660; x_wconf 81' lang='grc' dir='ltr'>κατόκνει.</span> <span class='ocrx_word' id='word_1_114' title='bbox 673 1609 782 1662; x_wconf 78' lang='grc' dir='ltr'>Καὶ</span> <span class='ocrx_word' id='word_1_115' title='bbox 811 1608 920 1681; x_wconf 85' lang='grc' dir='ltr'>γάρ</span> <span class='ocrx_word' id='word_1_116' title='bbox 953 1610 1224 1685; x_wconf 81' lang='grc' dir='ltr'>θησαυρὸν</span> <span class='ocrx_word' id='word_1_117' title='bbox 1266 1615 1520 1685; x_wconf 88' lang='grc' dir='ltr'>μέγιστον</span> <span class='ocrx_word' id='word_1_118' title='bbox 1570 1617 1664 1671; x_wconf 74' lang='grc' dir='ltr'>καὶ</span> <span class='ocrx_word' id='word_1_119' title='bbox 1718 1618 1947 1674; x_wconf 89' lang='grc' dir='ltr'>πλοῦτον</span> 
     </span>
    </p>
   </div>
   <div class='ocr_carea' id='block_1_17' title="bbox 363 1694 1942 1780">
    <p class='ocr_par' dir='ltr' id='par_1_17' title="bbox 363 1694 1942 1780">
     <span class='ocr_line' id='line_1_17' title="bbox 363 1694 1942 1780; baseline 0.012 -33"><span class='ocrx_word' id='word_1_120' title='bbox 363 1694 570 1764; x_wconf 78' lang='grc' dir='ltr'>ἄφατον</span> <span class='ocrx_word' id='word_1_121' title='bbox 598 1698 819 1767; x_wconf 78' lang='grc' dir='ltr'>ἀγαθῶν</span> <span class='ocrx_word' id='word_1_122' title='bbox 837 1702 938 1773; x_wconf 85' lang='grc' dir='ltr'>τὴν</span> <span class='ocrx_word' id='word_1_123' title='bbox 974 1703 1073 1774; x_wconf 84' lang='grc' dir='ltr'>σὴν</span> <span class='ocrx_word' id='word_1_124' title='bbox 1104 1704 1384 1776; x_wconf 77' lang='grc' dir='ltr'>ἡγούμεθα</span> <span class='ocrx_word' id='word_1_125' title='bbox 1411 1708 1542 1778; x_wconf 88' lang='grc' dir='ltr'>ἡμῖν</span> <span class='ocrx_word' id='word_1_126' title='bbox 1564 1703 1703 1762; x_wconf 75' lang='grc' dir='ltr'>εἶναι</span> <span class='ocrx_word' id='word_1_127' title='bbox 1739 1709 1942 1780; x_wconf 81' lang='grc' dir='ltr'>φιλίαν.</span> 
     </span>
    </p>
   </div>
   <div class='ocr_carea' id='block_1_18' title="bbox 358 1789 1945 1874">
    <p class='ocr_par' dir='ltr' id='par_1_18' title="bbox 358 1789 1945 1874">
     <span class='ocr_line' id='line_1_18' title="bbox 358 1789 1945 1874; baseline 0.011 -34"><span class='ocrx_word' id='word_1_128' title='bbox 358 1789 486 1862; x_wconf 30' lang='grc' dir='ltr'>,Κάν</span> <span class='ocrx_word' id='word_1_129' title='bbox 512 1792 750 1863; x_wconf 81' lang='grc' dir='ltr'>συνεχῶς</span> <span class='ocrx_word' id='word_1_130' title='bbox 771 1794 1027 1850; x_wconf 87' lang='grc' dir='ltr'>τοιούτων</span> <span class='ocrx_word' id='word_1_131' title='bbox 1068 1797 1430 1869; x_wconf 85' lang='grc' dir='ltr'>ἀπολαύωμεν</span> <span class='ocrx_word' id='word_1_132' title='bbox 1482 1800 1726 1869; x_wconf 84' lang='grc' dir='ltr'>ἀγαθῶν,</span> <span class='ocrx_word' id='word_1_133' title='bbox 1778 1796 1945 1874; x_wconf 84' lang='grc' dir='ltr'>ἡγουν</span> 
     </span>
    </p>
   </div>
   <div class='ocr_carea' id='block_1_19' title="bbox 359 1877 1946 1964">
    <p class='ocr_par' dir='ltr' id='par_1_19' title="bbox 359 1877 1946 1964">
     <span class='ocr_line' id='line_1_19' title="bbox 359 1877 1946 1964; baseline 0.011 -34"><span class='ocrx_word' id='word_1_134' title='bbox 359 1877 472 1931; x_wconf 77' lang='grc' dir='ltr'>τῶν</span> <span class='ocrx_word' id='word_1_135' title='bbox 495 1882 858 1954; x_wconf 78' lang='grc' dir='ltr'>γραμμάτων,</span> <span class='ocrx_word' id='word_1_136' title='bbox 882 1884 1001 1940; x_wconf 86' lang='grc' dir='ltr'>οὑδέ</span> <span class='ocrx_word' id='word_1_137' title='bbox 1026 1887 1125 1959; x_wconf 81' lang='grc' dir='ltr'>τῆς</span> <span class='ocrx_word' id='word_1_138' title='bbox 1145 1888 1377 1942; x_wconf 80' lang='grc' dir='ltr'>ἐνταῦθα</span> <span class='ocrx_word' id='word_1_139' title='bbox 1400 1890 1634 1961; x_wconf 81' lang='grc' dir='ltr'>ἐρημίας</span> <span class='ocrx_word' id='word_1_140' title='bbox 1661 1891 1946 1964; x_wconf 79' lang='grc' dir='ltr'>ληψόμεθα</span> 
     </span>
    </p>
   </div>
   <div class='ocr_carea' id='block_1_20' title="bbox 357 1970 1943 2058">
    <p class='ocr_par' dir='ltr' id='par_1_20' title="bbox 357 1970 1943 2058">
     <span class='ocr_line' id='line_1_20' title="bbox 357 1970 1943 2058; baseline 0.011 -36"><span class='ocrx_word' id='word_1_141' title='bbox 357 1970 632 2043; x_wconf 76' lang='grc' dir='ltr'>αἴσθησιν,</span> <span class='ocrx_word' id='word_1_142' title='bbox 657 1975 766 2028; x_wconf 80' lang='grc' dir='ltr'>ἀπὸ</span> <span class='ocrx_word' id='word_1_143' title='bbox 787 1976 895 2031; x_wconf 90' lang='grc' dir='ltr'>τῶν</span> <span class='ocrx_word' id='word_1_144' title='bbox 920 1980 1221 2036; x_wconf 71' lang='grc' dir='ltr'>ἐπιστολῶν</span> <span class='ocrx_word' id='word_1_145' title='bbox 1256 1980 1367 2035; x_wconf 87' lang='grc' dir='ltr'>τῶν</span> <span class='ocrx_word' id='word_1_146' title='bbox 1412 1982 1522 2037; x_wconf 87' lang='grc' dir='ltr'>σῶν</span> <span class='ocrx_word' id='word_1_147' title='bbox 1558 1982 1758 2056; x_wconf 79' lang='grc' dir='ltr'>πολλὴν</span> <span class='ocrx_word' id='word_1_148' title='bbox 1807 2002 1943 2058; x_wconf 87' lang='grc' dir='ltr'>καρ-</span> 
     </span>
    </p>
   </div>
   <div class='ocr_carea' id='block_1_21' title="bbox 356 2062 1140 2144">
    <p class='ocr_par' dir='ltr' id='par_1_21' title="bbox 356 2062 1140 2144">
     <span class='ocr_line' id='line_1_21' title="bbox 356 2062 1140 2144; baseline 0.017 -30"><span class='ocrx_word' id='word_1_149' title='bbox 356 2062 462 2115; x_wconf 61' lang='grc' dir='ltr'>πού</span> <span class='ocrx_word' id='word_1_150' title='bbox 470 2080 623 2134; x_wconf 89' lang='grc' dir='ltr'>μενοι</span> <span class='ocrx_word' id='word_1_151' title='bbox 648 2065 748 2139; x_wconf 81' lang='grc' dir='ltr'>τὴν</span> <span class='ocrx_word' id='word_1_152' title='bbox 773 2068 1140 2144; x_wconf 81' lang='grc' dir='ltr'>εὐφροσύνην.</span> 
     </span>
    </p>
   </div>
   <div class='ocr_carea' id='block_1_22' title="bbox 705 2184 1601 2259">
    <p class='ocr_par' dir='ltr' id='par_1_22' title="bbox 705 2184 1601 2259">
     <span class='ocr_line' id='line_1_22' title="bbox 705 2184 1601 2259; baseline 0.007 -23"><span class='ocrx_word' id='word_1_153' title='bbox 705 2184 842 2238; x_wconf 83' lang='lat' dir='ltr'>KH&#39;.</span> <span class='ocrx_word' id='word_1_154' title='bbox 883 2185 1179 2255; x_wconf 79' lang='grc' dir='ltr'>Βασιλείῳ</span> <span class='ocrx_word' id='word_1_155' title='bbox 1203 2188 1601 2259; x_wconf 77' lang='grc' dir='ltr'>πρεσϐυτέρῳ.</span> 
     </span>
    </p>
   </div>
   <div class='ocr_carea' id='block_1_23' title="bbox 428 2269 1944 2354">
    <p class='ocr_par' dir='ltr' id='par_1_23' title="bbox 428 2269 1944 2354">
     <span class='ocr_line' id='line_1_23' title="bbox 428 2269 1944 2354; baseline 0.009 -31"><span class='ocrx_word' id='word_1_156' title='bbox 428 2269 493 2324; x_wconf 80' lang='grc' dir='ltr'>Εἰ</span> <span class='ocrx_word' id='word_1_157' title='bbox 522 2270 616 2325; x_wconf 79' lang='grc' dir='ltr'>καὶ</span> <span class='ocrx_word' id='word_1_158' title='bbox 647 2273 746 2344; x_wconf 81' lang='grc' dir='ltr'>τῆς</span> <span class='ocrx_word' id='word_1_159' title='bbox 778 2275 895 2327; x_wconf 85' lang='grc' dir='ltr'>κατ’</span> <span class='ocrx_word' id='word_1_160' title='bbox 926 2276 1051 2346; x_wconf 72' lang='grc' dir='ltr'>ὄψιν</span> <span class='ocrx_word' id='word_1_161' title='bbox 1101 2295 1195 2331; x_wconf 84' lang='grc' dir='ltr'>σου</span> <span class='ocrx_word' id='word_1_162' title='bbox 1230 2281 1519 2351; x_wconf 82' lang='grc' dir='ltr'>συντυχίας</span> <span class='ocrx_word' id='word_1_163' title='bbox 1551 2280 1651 2336; x_wconf 91' lang='grc' dir='ltr'>οὑκ</span> <span class='ocrx_word' id='word_1_164' title='bbox 1697 2282 1944 2354; x_wconf 88' lang='grc' dir='ltr'>ἀπηλαύ-</span> 
     </span>
    </p>
   </div>
   <div class='ocr_carea' id='block_1_24' title="bbox 355 2363 1940 2444">
    <p class='ocr_par' dir='ltr' id='par_1_24' title="bbox 355 2363 1940 2444">
     <span class='ocr_line' id='line_1_24' title="bbox 355 2363 1940 2444; baseline 0.008 -27"><span class='ocrx_word' id='word_1_165' title='bbox 355 2379 556 2434; x_wconf 81' lang='grc' dir='ltr'>σαμεν,</span> <span class='ocrx_word' id='word_1_166' title='bbox 614 2363 748 2418; x_wconf 72' lang='grc' dir='ltr'>ἀλλὰ</span> <span class='ocrx_word' id='word_1_167' title='bbox 793 2366 893 2437; x_wconf 80' lang='grc' dir='ltr'>τὴν</span> <span class='ocrx_word' id='word_1_168' title='bbox 918 2368 1120 2441; x_wconf 84' lang='grc' dir='ltr'>ἀρετήν</span> <span class='ocrx_word' id='word_1_169' title='bbox 1156 2387 1250 2423; x_wconf 88' lang='grc' dir='ltr'>σου</span> <span class='ocrx_word' id='word_1_170' title='bbox 1286 2366 1588 2444; x_wconf 63' lang='grc' dir='ltr'>τῆςψυχῆς</span> <span class='ocrx_word' id='word_1_171' title='bbox 1629 2374 1940 2441; x_wconf 86' lang='grc' dir='ltr'>ἀκούοντες,</span> 
     </span>
    </p>
   </div>
   <div class='ocr_carea' id='block_1_25' title="bbox 353 2457 1940 2537">
    <p class='ocr_par' dir='ltr' id='par_1_25' title="bbox 353 2457 1940 2537">
     <span class='ocr_line' id='line_1_25' title="bbox 353 2457 1940 2537; baseline 0.008 -27"><span class='ocrx_word' id='word_1_172' title='bbox 353 2457 452 2511; x_wconf 64' lang='grc' dir='ltr'>καλ¹</span> <span class='ocrx_word' id='word_1_173' title='bbox 475 2457 567 2511; x_wconf 79' lang='grc' dir='ltr'>τὸν</span> <span class='ocrx_word' id='word_1_174' title='bbox 597 2457 759 2530; x_wconf 78' lang='grc' dir='ltr'>ζῆλον</span> <span class='ocrx_word' id='word_1_175' title='bbox 778 2457 837 2512; x_wconf 80' lang='grc' dir='ltr'>ὃν</span> <span class='ocrx_word' id='word_1_176' title='bbox 865 2458 1007 2531; x_wconf 76' lang='grc' dir='ltr'>ἔχεις</span> <span class='ocrx_word' id='word_1_177' title='bbox 1037 2462 1176 2516; x_wconf 88' lang='grc' dir='ltr'>κατά</span> <span class='ocrx_word' id='word_1_178' title='bbox 1196 2462 1305 2517; x_wconf 86' lang='grc' dir='ltr'>τῶν</span> <span class='ocrx_word' id='word_1_179' title='bbox 1346 2464 1940 2537; x_wconf 44' lang='grc' dir='ltr'>Ἑλλήνωνικαταλύων</span> 
     </span>
    </p>
   </div>
   <div class='ocr_carea' id='block_1_26' title="bbox 351 2547 1938 2631">
    <p class='ocr_par' dir='ltr' id='par_1_26' title="bbox 351 2547 1938 2631">
     <span class='ocr_line' id='line_1_26' title="bbox 351 2547 1938 2631; baseline 0.008 -30"><span class='ocrx_word' id='word_1_180' title='bbox 351 2547 539 2603; x_wconf 80' lang='grc' dir='ltr'>αὐτῶν</span> <span class='ocrx_word' id='word_1_181' title='bbox 570 2550 670 2622; x_wconf 81' lang='grc' dir='ltr'>τὴν</span> <span class='ocrx_word' id='word_1_182' title='bbox 713 2550 941 2622; x_wconf 86' lang='grc' dir='ltr'>πλάνην,</span> <span class='ocrx_word' id='word_1_183' title='bbox 974 2552 1070 2607; x_wconf 76' lang='grc' dir='ltr'>καὶ</span> <span class='ocrx_word' id='word_1_184' title='bbox 1101 2554 1237 2625; x_wconf 75' lang='grc' dir='ltr'>πρὸς</span> <span class='ocrx_word' id='word_1_185' title='bbox 1267 2554 1526 2627; x_wconf 82' lang='grc' dir='ltr'>ἀλήθειαν</span> <span class='ocrx_word' id='word_1_186' title='bbox 1557 2558 1938 2631; x_wconf 86' lang='grc' dir='ltr'>χειραγωγῶν,</span> 
     </span>
    </p>
   </div>
   <div class='ocr_carea' id='block_1_27' title="bbox 349 2639 1940 2724">
    <p class='ocr_par' dir='ltr' id='par_1_27' title="bbox 349 2639 1940 2724">
     <span class='ocr_line' id='line_1_27' title="bbox 349 2639 1940 2724; baseline 0.007 -31"><span class='ocrx_word' id='word_1_187' title='bbox 349 2639 432 2704; x_wconf 84' lang='grc' dir='ltr'>ὡς</span> <span class='ocrx_word' id='word_1_188' title='bbox 458 2641 724 2713; x_wconf 83' lang='grc' dir='ltr'>παρόντες</span> <span class='ocrx_word' id='word_1_189' title='bbox 746 2644 839 2697; x_wconf 80' lang='grc' dir='ltr'>καὶ</span> <span class='ocrx_word' id='word_1_190' title='bbox 863 2646 1273 2717; x_wconf 85' lang='grc' dir='ltr'>συγγενόμενοι.</span> <span class='ocrx_word' id='word_1_191' title='bbox 1298 2650 1391 2702; x_wconf 75' lang='grc' dir='ltr'>καὶ</span> <span class='ocrx_word' id='word_1_192' title='bbox 1419 2649 1586 2703; x_wconf 90' lang='grc' dir='ltr'>πολύν</span> <span class='ocrx_word' id='word_1_193' title='bbox 1608 2668 1689 2705; x_wconf 93' lang='grc' dir='ltr'>σοι</span> <span class='ocrx_word' id='word_1_194' title='bbox 1715 2668 1940 2724; x_wconf 88' lang='grc' dir='ltr'>συντρα-</span> 
     </span>
    </p>
   </div>
   <div class='ocr_carea' id='block_1_28' title="bbox 352 2732 1939 2815">
    <p class='ocr_par' dir='ltr' id='par_1_28' title="bbox 352 2732 1939 2815">
     <span class='ocr_line' id='line_1_28' title="bbox 352 2732 1939 2815; baseline 0.009 -31"><span class='ocrx_word' id='word_1_195' title='bbox 352 2732 548 2800; x_wconf 78' lang='grc' dir='ltr'>φέντες</span> <span class='ocrx_word' id='word_1_196' title='bbox 574 2734 786 2805; x_wconf 86' lang='grc' dir='ltr'>χρόνον,</span> <span class='ocrx_word' id='word_1_197' title='bbox 808 2734 983 2801; x_wconf 78' lang='grc' dir='ltr'>οὕτως</span> <span class='ocrx_word' id='word_1_198' title='bbox 1015 2755 1074 2790; x_wconf 90' lang='grc' dir='ltr'>σε</span> <span class='ocrx_word' id='word_1_199' title='bbox 1097 2738 1394 2810; x_wconf 77' lang='grc' dir='ltr'>αἰδούμεθα</span> <span class='ocrx_word' id='word_1_200' title='bbox 1418 2742 1512 2796; x_wconf 73' lang='grc' dir='ltr'>καὶ</span> <span class='ocrx_word' id='word_1_201' title='bbox 1545 2743 1813 2815; x_wconf 89' lang='grc' dir='ltr'>τιμῶμεν.</span> <span class='ocrx_word' id='word_1_202' title='bbox 1847 2744 1939 2799; x_wconf 86' lang='grc' dir='ltr'>Διὸ</span> 
     </span>
    </p>
   </div>
   <div class='ocr_carea' id='block_1_29' title="bbox 352 2822 1935 2908">
    <p class='ocr_par' dir='ltr' id='par_1_29' title="bbox 352 2822 1935 2908">
     <span class='ocr_line' id='line_1_29' title="bbox 352 2822 1935 2908; baseline 0.007 -29"><span class='ocrx_word' id='word_1_203' title='bbox 352 2822 451 2879; x_wconf 83' lang='grc' dir='ltr'>καὶ</span> <span class='ocrx_word' id='word_1_204' title='bbox 483 2827 749 2896; x_wconf 89' lang='grc' dir='ltr'>πρότερον</span> <span class='ocrx_word' id='word_1_205' title='bbox 775 2825 1200 2902; x_wconf 84' lang='grc' dir='ltr'>ἐπεπηδὴσαμεν</span> <span class='ocrx_word' id='word_1_206' title='bbox 1224 2834 1338 2895; x_wconf 85' lang='grc' dir='ltr'>τοῖς</span> <span class='ocrx_word' id='word_1_207' title='bbox 1368 2832 1506 2905; x_wconf 83' lang='grc' dir='ltr'>πρὸς</span> <span class='ocrx_word' id='word_1_208' title='bbox 1541 2834 1602 2887; x_wconf 84' lang='grc' dir='ltr'>σὲ</span> <span class='ocrx_word' id='word_1_209' title='bbox 1621 2835 1935 2908; x_wconf 88' lang='grc' dir='ltr'>γράμμασι,</span> 
     </span>
    </p>
   </div>
   <div class='ocr_carea' id='block_1_30' title="bbox 353 2914 1940 2999">
    <p class='ocr_par' dir='ltr' id='par_1_30' title="bbox 353 2914 1940 2999">
     <span class='ocr_line' id='line_1_30' title="bbox 353 2914 1940 2999; baseline 0.009 -30"><span class='ocrx_word' id='word_1_210' title='bbox 353 2916 754 2989; x_wconf 78' lang='grc' dir='ltr'>μακαρίζοντές</span> <span class='ocrx_word' id='word_1_211' title='bbox 797 2935 854 2972; x_wconf 89' lang='grc' dir='ltr'>σε</span> <span class='ocrx_word' id='word_1_212' title='bbox 908 2919 1048 2992; x_wconf 82' lang='grc' dir='ltr'>ὑπὲρ</span> <span class='ocrx_word' id='word_1_213' title='bbox 1072 2914 1146 2976; x_wconf 84' lang='grc' dir='ltr'>ὧν</span> <span class='ocrx_word' id='word_1_214' title='bbox 1173 2923 1477 2996; x_wconf 82' lang='grc' dir='ltr'>κατορθοῖς,</span> <span class='ocrx_word' id='word_1_215' title='bbox 1517 2926 1612 2980; x_wconf 78' lang='grc' dir='ltr'>καὶ</span> <span class='ocrx_word' id='word_1_216' title='bbox 1642 2926 1940 2999; x_wconf 76' lang='grc' dir='ltr'>Θαυμάζον-</span> 
     </span>
    </p>
   </div>
   <div class='ocr_carea' id='block_1_31' title="bbox 349 3008 1939 3094">
    <p class='ocr_par' dir='ltr' id='par_1_31' title="bbox 349 3008 1939 3094">
     <span class='ocr_line' id='line_1_31' title="bbox 349 3008 1939 3094; baseline 0.01 -34"><span class='ocrx_word' id='word_1_217' title='bbox 349 3024 465 3073; x_wconf 79' lang='grc' dir='ltr'>τες,</span> <span class='ocrx_word' id='word_1_218' title='bbox 502 3009 597 3063; x_wconf 73' lang='grc' dir='ltr'>καὶ</span> <span class='ocrx_word' id='word_1_219' title='bbox 622 3008 899 3074; x_wconf 79' lang='grc' dir='ltr'>αἰτοῦντες</span> <span class='ocrx_word' id='word_1_220' title='bbox 919 3012 1015 3066; x_wconf 78' lang='grc' dir='ltr'>καὶ</span> <span class='ocrx_word' id='word_1_221' title='bbox 1041 3013 1206 3067; x_wconf 74' lang='grc' dir='ltr'>αὑτὸν</span> <span class='ocrx_word' id='word_1_222' title='bbox 1238 3016 1369 3086; x_wconf 86' lang='grc' dir='ltr'>ἡμῖν</span> <span class='ocrx_word' id='word_1_223' title='bbox 1419 3017 1754 3074; x_wconf 75' lang='grc' dir='ltr'>ἐπιστέλλειν</span> <span class='ocrx_word' id='word_1_224' title='bbox 1776 3020 1939 3094; x_wconf 77' lang='grc' dir='ltr'>ἡνίκα</span> 
     </span>
    </p>
   </div>
   <div class='ocr_carea' id='block_1_32' title="bbox 349 3100 1937 3182">
    <p class='ocr_par' dir='ltr' id='par_1_32' title="bbox 349 3100 1937 3182">
     <span class='ocr_line' id='line_1_32' title="bbox 349 3100 1937 3182; baseline 0.006 -26"><span class='ocrx_word' id='word_1_225' title='bbox 349 3102 419 3156; x_wconf 79' lang='grc' dir='ltr'>ἂν</span> <span class='ocrx_word' id='word_1_226' title='bbox 448 3100 567 3172; x_wconf 75' lang='grc' dir='ltr'>ἐξῇ.</span> <span class='ocrx_word' id='word_1_227' title='bbox 592 3102 703 3156; x_wconf 78' lang='grc' dir='ltr'>Καὶ</span> <span class='ocrx_word' id='word_1_228' title='bbox 728 3102 836 3174; x_wconf 85' lang='grc' dir='ltr'>γάρ</span> <span class='ocrx_word' id='word_1_229' title='bbox 853 3105 903 3157; x_wconf 88' lang='grc' dir='ltr'>εἰ</span> <span class='ocrx_word' id='word_1_230' title='bbox 929 3104 1023 3159; x_wconf 77' lang='grc' dir='ltr'>καὶ</span> <span class='ocrx_word' id='word_1_231' title='bbox 1050 3103 1128 3176; x_wconf 84' lang='grc' dir='ltr'>τῷ</span> <span class='ocrx_word' id='word_1_232' title='bbox 1157 3104 1372 3178; x_wconf 82' lang='grc' dir='ltr'>σώματί</span> <span class='ocrx_word' id='word_1_233' title='bbox 1399 3124 1494 3161; x_wconf 93' lang='grc' dir='ltr'>σου</span> <span class='ocrx_word' id='word_1_234' title='bbox 1529 3109 1937 3182; x_wconf 88' lang='grc' dir='ltr'>κεχωρίσμεθα,</span> 
     </span>
    </p>
   </div>
   <div class='ocr_carea' id='block_1_33' title="bbox 347 3196 1938 3278">
    <p class='ocr_par' dir='ltr' id='par_1_33' title="bbox 347 3196 1938 3278">
     <span class='ocr_line' id='line_1_33' title="bbox 347 3196 1938 3278; baseline 0.004 -27"><span class='ocrx_word' id='word_1_235' title='bbox 347 3196 488 3251; x_wconf 83' lang='grc' dir='ltr'>ἀλλά</span> <span class='ocrx_word' id='word_1_236' title='bbox 512 3198 580 3268; x_wconf 79' lang='grc' dir='ltr'>τῇ</span> <span class='ocrx_word' id='word_1_237' title='bbox 611 3196 801 3271; x_wconf 78' lang='grc' dir='ltr'>ἀγάπῃ</span> <span class='ocrx_word' id='word_1_238' title='bbox 831 3213 912 3250; x_wconf 90' lang='grc' dir='ltr'>σοι</span> <span class='ocrx_word' id='word_1_239' title='bbox 948 3197 1310 3268; x_wconf 88' lang='grc' dir='ltr'>συνδεδέμεθα</span> <span class='ocrx_word' id='word_1_240' title='bbox 1328 3239 1344 3266; x_wconf 98' lang='grc'>,</span> <span class='ocrx_word' id='word_1_241' title='bbox 1380 3201 1686 3267; x_wconf 78' lang='grc' dir='ltr'>ἐννοοῦντες</span> <span class='ocrx_word' id='word_1_242' title='bbox 1705 3202 1802 3275; x_wconf 80' lang='grc' dir='ltr'>τὴν</span> <span class='ocrx_word' id='word_1_243' title='bbox 1839 3204 1938 3278; x_wconf 84' lang='grc' dir='ltr'>σὴν</span> 
     </span>
    </p>
   </div>
   <div class='ocr_carea' id='block_1_34' title="bbox 348 3282 1936 3367">
    <p class='ocr_par' dir='ltr' id='par_1_34' title="bbox 348 3282 1936 3367">
     <span class='ocr_line' id='line_1_34' title="bbox 348 3282 1936 3367; baseline 0.003 -23"><span class='ocrx_word' id='word_1_244' title='bbox 348 3287 671 3350; x_wconf 74' lang='grc' dir='ltr'>εὖλάϐειαν.,</span> <span class='ocrx_word' id='word_1_245' title='bbox 716 3288 881 3342; x_wconf 81' lang='grc' dir='ltr'>Ταῦτ’</span> <span class='ocrx_word' id='word_1_246' title='bbox 939 3282 1035 3346; x_wconf 75' lang='grc' dir='ltr'>οὖν</span> <span class='ocrx_word' id='word_1_247' title='bbox 1067 3289 1243 3354; x_wconf 85' lang='grc' dir='ltr'>εἰδὼς,</span> <span class='ocrx_word' id='word_1_248' title='bbox 1285 3291 1359 3363; x_wconf 86' lang='grc' dir='ltr'>μὴ</span> <span class='ocrx_word' id='word_1_249' title='bbox 1388 3291 1642 3347; x_wconf 89' lang='grc' dir='ltr'>κατόκνει</span> <span class='ocrx_word' id='word_1_250' title='bbox 1694 3296 1936 3367; x_wconf 84' lang='grc' dir='ltr'>συνεχῶς</span> 
     </span>
    </p>
   </div>
   <div class='ocr_carea' id='block_1_35' title="bbox 346 3377 1936 3457">
    <p class='ocr_par' dir='ltr' id='par_1_35' title="bbox 346 3377 1936 3457">
     <span class='ocr_line' id='line_1_35' title="bbox 346 3377 1936 3457; baseline 0.006 -27"><span class='ocrx_word' id='word_1_251' title='bbox 346 3381 482 3449; x_wconf 70' lang='grc' dir='ltr'>ἡμῖν</span> <span class='ocrx_word' id='word_1_252' title='bbox 508 3377 867 3443; x_wconf 76' lang='grc' dir='ltr'>ἐπιστέλλειν,</span> <span class='ocrx_word' id='word_1_253' title='bbox 894 3379 989 3433; x_wconf 76' lang='grc' dir='ltr'>καὶ</span> <span class='ocrx_word' id='word_1_254' title='bbox 1013 3380 1082 3434; x_wconf 80' lang='grc' dir='ltr'>τά</span> <span class='ocrx_word' id='word_1_255' title='bbox 1101 3380 1503 3452; x_wconf 80' lang='grc' dir='ltr'>κατορθώματα</span> <span class='ocrx_word' id='word_1_256' title='bbox 1534 3382 1602 3437; x_wconf 88' lang='grc' dir='ltr'>τά</span> <span class='ocrx_word' id='word_1_257' title='bbox 1632 3384 1701 3447; x_wconf 76' lang='grc' dir='ltr'>σά</span> <span class='ocrx_word' id='word_1_258' title='bbox 1720 3385 1936 3457; x_wconf 88' lang='grc' dir='ltr'>δηλοῦν,</span> 
     </span>
    </p>
   </div>
   <div class='ocr_carea' id='block_1_36' title="bbox 348 3470 1936 3544">
    <p class='ocr_par' dir='ltr' id='par_1_36' title="bbox 348 3470 1936 3544">
     <span class='ocr_line' id='line_1_36' title="bbox 348 3470 1936 3544; baseline 0.004 -21"><span class='ocrx_word' id='word_1_259' title='bbox 348 3471 459 3536; x_wconf 72' lang='grc' dir='ltr'>ἵνα,</span> <span class='ocrx_word' id='word_1_260' title='bbox 497 3471 592 3524; x_wconf 77' lang='grc' dir='ltr'>καὶ</span> <span class='ocrx_word' id='word_1_261' title='bbox 620 3470 681 3524; x_wconf 85' lang='grc' dir='ltr'>ἐν</span> <span class='ocrx_word' id='word_1_262' title='bbox 717 3470 925 3543; x_wconf 78' lang='grc' dir='ltr'>ἐρημίᾳ</span> <span class='ocrx_word' id='word_1_263' title='bbox 974 3470 1339 3542; x_wconf 87' lang='grc' dir='ltr'>διατρίϐοντες</span> <span class='ocrx_word' id='word_1_264' title='bbox 1363 3513 1379 3539; x_wconf 95' lang='grc'>,</span> <span class='ocrx_word' id='word_1_265' title='bbox 1441 3473 1644 3544; x_wconf 85' lang='grc' dir='ltr'>πολλὴν</span> <span class='ocrx_word' id='word_1_266' title='bbox 1685 3476 1936 3532; x_wconf 87' lang='grc' dir='ltr'>ἐντεῦθεν</span> 
     </span>
    </p>
   </div>
   <div class='ocr_carea' id='block_1_37' title="bbox 348 3561 1295 3635">
    <p class='ocr_par' dir='ltr' id='par_1_37' title="bbox 348 3561 1295 3635">
     <span class='ocr_line' id='line_1_37' title="bbox 348 3561 1295 3635; baseline 0.001 -18"><span class='ocrx_word' id='word_1_267' title='bbox 348 3561 778 3633; x_wconf 67' lang='grc' dir='ltr'>καρπωσιὶῳεθα</span> <span class='ocrx_word' id='word_1_268' title='bbox 802 3562 901 3634; x_wconf 78' lang='grc' dir='ltr'>τὴν</span> <span class='ocrx_word' id='word_1_269' title='bbox 931 3562 1295 3635; x_wconf 88' lang='grc' dir='ltr'>παράκλησιν.</span> 
     </span>
    </p>
   </div>
   <div class='ocr_carea' id='block_1_38' title="bbox 528 3674 1756 3752">
    <p class='ocr_par' dir='ltr' id='par_1_38' title="bbox 528 3674 1756 3752">
     <span class='ocr_line' id='line_1_38' title="bbox 528 3674 1756 3752; baseline 0.007 -22"><span class='ocrx_word' id='word_1_270' title='bbox 528 3674 677 3749; x_wconf 68' lang='lat'>[611.]</span> <span class='ocrx_word' id='word_1_271' title='bbox 705 3678 833 3731; x_wconf 73' lang='lat' dir='ltr'>KO&#39;.</span> <span class='ocrx_word' id='word_1_272' title='bbox 873 3676 1169 3745; x_wconf 76' lang='grc' dir='ltr'>Χαλκιδίᾳ</span> <span class='ocrx_word' id='word_1_273' title='bbox 1204 3678 1305 3731; x_wconf 84' lang='grc' dir='ltr'>καί</span> <span class='ocrx_word' id='word_1_274' title='bbox 1354 3680 1756 3752; x_wconf 80' lang='grc' dir='ltr'>Ἀσυγκριτίᾳ.</span> 
     </span>
    </p>
   </div>
   <div class='ocr_carea' id='block_1_39' title="bbox 415 3780 1936 3860">
    <p class='ocr_par' dir='ltr' id='par_1_39' title="bbox 415 3780 1936 3860">
     <span class='ocr_line' id='line_1_39' title="bbox 415 3780 1936 3860; baseline 0.004 -24"><span class='ocrx_word' id='word_1_275' title='bbox 415 3781 604 3853; x_wconf 73' lang='grc' dir='ltr'>Μηδὲν</span> <span class='ocrx_word' id='word_1_276' title='bbox 635 3781 781 3852; x_wconf 83' lang='grc' dir='ltr'>ὑμᾶς</span> <span class='ocrx_word' id='word_1_277' title='bbox 834 3780 1147 3851; x_wconf 80' lang='grc' dir='ltr'>ταραττέτω</span> <span class='ocrx_word' id='word_1_278' title='bbox 1178 3781 1287 3835; x_wconf 90' lang='grc' dir='ltr'>τῶν</span> <span class='ocrx_word' id='word_1_279' title='bbox 1333 3784 1737 3855; x_wconf 87' lang='grc' dir='ltr'>συμϐαινόντων</span> <span class='ocrx_word' id='word_1_280' title='bbox 1768 3786 1936 3860; x_wconf 83' lang='grc' dir='ltr'>λυπη-</span> 
     </span>
    </p>
   </div>
   <div class='ocr_carea' id='block_1_40' title="bbox 350 3872 1936 3952">
    <p class='ocr_par' dir='ltr' id='par_1_40' title="bbox 350 3872 1936 3952">
     <span class='ocr_line' id='line_1_40' title="bbox 350 3872 1936 3952; baseline 0 -22"><span class='ocrx_word' id='word_1_281' title='bbox 350 3876 482 3952; x_wconf 77' lang='grc' dir='ltr'>ρῶν,</span> <span class='ocrx_word' id='word_1_282' title='bbox 516 3872 653 3947; x_wconf 86' lang='grc' dir='ltr'>μηδέ</span> <span class='ocrx_word' id='word_1_283' title='bbox 684 3875 752 3927; x_wconf 74' lang='grc' dir='ltr'>τὰ</span> <span class='ocrx_word' id='word_1_284' title='bbox 785 3872 1063 3943; x_wconf 77' lang='grc' dir='ltr'>ἐπάλληλα</span> <span class='ocrx_word' id='word_1_285' title='bbox 1095 3873 1203 3928; x_wconf 90' lang='grc' dir='ltr'>τῶν</span> <span class='ocrx_word' id='word_1_286' title='bbox 1229 3876 1570 3946; x_wconf 86' lang='grc' dir='ltr'>πραγμάτων</span> <span class='ocrx_word' id='word_1_287' title='bbox 1598 3878 1819 3949; x_wconf 88' lang='grc' dir='ltr'>κύματα</span> <span class='ocrx_word' id='word_1_288' title='bbox 1848 3880 1936 3934; x_wconf 89' lang='grc' dir='ltr'>θο-</span> 
     </span>
    </p>
   </div>
   <div class='ocr_carea' id='block_1_41' title="bbox 350 3960 1936 4043">
    <p class='ocr_par' dir='ltr' id='par_1_41' title="bbox 350 3960 1936 4043">
     <span class='ocr_line' id='line_1_41' title="bbox 350 3960 1936 4043; baseline 0.004 -24"><span class='ocrx_word' id='word_1_289' title='bbox 350 3965 586 4042; x_wconf 85' lang='grc' dir='ltr'>ρυϐείτω</span> <span class='ocrx_word' id='word_1_290' title='bbox 607 3962 762 4035; x_wconf 83' lang='grc' dir='ltr'>ὑμῶν</span> <span class='ocrx_word' id='word_1_291' title='bbox 785 3962 883 4034; x_wconf 77' lang='grc' dir='ltr'>τὴν</span> <span class='ocrx_word' id='word_1_292' title='bbox 912 3960 1169 4019; x_wconf 78' lang='grc' dir='ltr'>διάνοιαν.</span> <span class='ocrx_word' id='word_1_293' title='bbox 1195 3964 1428 4037; x_wconf 82' lang='grc' dir='ltr'>Τοιαύτη</span> <span class='ocrx_word' id='word_1_294' title='bbox 1451 3964 1561 4038; x_wconf 82' lang='grc' dir='ltr'>γάρ</span> <span class='ocrx_word' id='word_1_295' title='bbox 1594 3970 1625 4038; x_wconf 84' lang='grc' dir='ltr'>ἡ</span> <span class='ocrx_word' id='word_1_296' title='bbox 1654 3969 1815 4043; x_wconf 81' lang='grc' dir='ltr'>στενὴ</span> <span class='ocrx_word' id='word_1_297' title='bbox 1841 3972 1936 4025; x_wconf 76' lang='grc' dir='ltr'>καὶ</span> 
     </span>
    </p>
   </div>
   <div class='ocr_carea' id='block_1_42' title="bbox 343 4055 1933 4132">
    <p class='ocr_par' dir='ltr' id='par_1_42' title="bbox 343 4055 1933 4132">
     <span class='ocr_line' id='line_1_42' title="bbox 343 4055 1933 4132; baseline 0.003 -20"><span class='ocrx_word' id='word_1_298' title='bbox 343 4058 686 4130; x_wconf 73' lang='grc' dir='ltr'>τεθλιμμένη</span> <span class='ocrx_word' id='word_1_299' title='bbox 753 4056 871 4120; x_wconf 71' lang='grc' dir='ltr'>ὁδὸς</span> <span class='ocrx_word' id='word_1_300' title='bbox 901 4097 917 4123; x_wconf 96' lang='grc'>,</span> <span class='ocrx_word' id='word_1_301' title='bbox 968 4056 1170 4128; x_wconf 84' lang='grc' dir='ltr'>πολλὴν</span> <span class='ocrx_word' id='word_1_302' title='bbox 1220 4055 1418 4129; x_wconf 81' lang='grc' dir='ltr'>ἔχουσα</span> <span class='ocrx_word' id='word_1_303' title='bbox 1468 4060 1567 4132; x_wconf 82' lang='grc' dir='ltr'>τὴν</span> <span class='ocrx_word' id='word_1_304' title='bbox 1598 4060 1886 4117; x_wconf 83' lang='grc' dir='ltr'>δυσκολίαν</span> <span class='ocrx_word' id='word_1_305' title='bbox 1916 4104 1933 4130; x_wconf 90' lang='grc'>,</span> 
     </span>
    </p>
   </div>
   <div class='ocr_carea' id='block_1_43' title="bbox 348 4149 1934 4221">
    <p class='ocr_par' dir='ltr' id='par_1_43' title="bbox 348 4149 1934 4221">
     <span class='ocr_line' id='line_1_43' title="bbox 348 4149 1934 4221; baseline 0.004 -18"><span class='ocrx_word' id='word_1_306' title='bbox 348 4151 580 4215; x_wconf 76' lang='grc' dir='ltr'>πολλοὺς</span> <span class='ocrx_word' id='word_1_307' title='bbox 606 4149 735 4214; x_wconf 74' lang='grc' dir='ltr'>τοὺς</span> <span class='ocrx_word' id='word_1_308' title='bbox 764 4149 992 4221; x_wconf 77' lang='grc' dir='ltr'>ἱδρῶτας</span> <span class='ocrx_word' id='word_1_309' title='bbox 1016 4149 1109 4202; x_wconf 76' lang='grc' dir='ltr'>καὶ</span> <span class='ocrx_word' id='word_1_310' title='bbox 1135 4150 1261 4215; x_wconf 83' lang='grc' dir='ltr'>τοὺς</span> <span class='ocrx_word' id='word_1_311' title='bbox 1294 4149 1511 4215; x_wconf 83' lang='grc' dir='ltr'>πόνους.</span> <span class='ocrx_word' id='word_1_312' title='bbox 1566 4151 1726 4207; x_wconf 84' lang='grc' dir='ltr'>Ἀλλά</span> <span class='ocrx_word' id='word_1_313' title='bbox 1761 4154 1934 4210; x_wconf 84' lang='grc' dir='ltr'>ταῦτα</span> 
     </span>
    </p>
   </div>
   <div class='ocr_carea' id='block_1_44' title="bbox 349 4241 1930 4322">
    <p class='ocr_par' dir='ltr' id='par_1_44' title="bbox 349 4241 1930 4322">
     <span class='ocr_line' id='line_1_44' title="bbox 349 4241 1930 4322; baseline 0.003 -26"><span class='ocrx_word' id='word_1_314' title='bbox 349 4246 450 4322; x_wconf 81' lang='grc' dir='ltr'>μὲν</span> <span class='ocrx_word' id='word_1_315' title='bbox 478 4242 837 4315; x_wconf 84' lang='grc' dir='ltr'>παροδεύεται</span> <span class='ocrx_word' id='word_1_316' title='bbox 872 4243 965 4296; x_wconf 76' lang='grc' dir='ltr'>καὶ</span> <span class='ocrx_word' id='word_1_317' title='bbox 989 4241 1067 4314; x_wconf 85' lang='grc' dir='ltr'>τῷ</span> <span class='ocrx_word' id='word_1_318' title='bbox 1091 4241 1316 4315; x_wconf 87' lang='grc' dir='ltr'>παρόντι</span> <span class='ocrx_word' id='word_1_319' title='bbox 1340 4244 1777 4313; x_wconf 87' lang='grc' dir='ltr'>συγκαταλύεται</span> <span class='ocrx_word' id='word_1_320' title='bbox 1808 4246 1930 4318; x_wconf 86' lang='grc' dir='ltr'>βίῳ.</span> 
     </span>
    </p>
   </div>
   <div class='ocr_carea' id='block_1_45' title="bbox 348 4332 1931 4409">
    <p class='ocr_par' dir='ltr' id='par_1_45' title="bbox 348 4332 1931 4409">
     <span class='ocr_line' id='line_1_45' title="bbox 348 4332 1931 4409; baseline 0 -17"><span class='ocrx_word' id='word_1_321' title='bbox 348 4340 468 4395; x_wconf 78' lang='grc' dir='ltr'>Κᾶν</span> <span class='ocrx_word' id='word_1_322' title='bbox 505 4337 615 4409; x_wconf 80' lang='grc' dir='ltr'>γὰρ</span> <span class='ocrx_word' id='word_1_323' title='bbox 645 4334 805 4405; x_wconf 87' lang='grc' dir='ltr'>στενὴ</span> <span class='ocrx_word' id='word_1_324' title='bbox 828 4334 1017 4406; x_wconf 76' lang='grc' dir='ltr'>ἡόδὸς,</span> <span class='ocrx_word' id='word_1_325' title='bbox 1044 4332 1159 4388; x_wconf 77' lang='grc' dir='ltr'>ἀλλ’</span> <span class='ocrx_word' id='word_1_326' title='bbox 1182 4334 1302 4399; x_wconf 84' lang='grc' dir='ltr'>ὁδός</span> <span class='ocrx_word' id='word_1_327' title='bbox 1330 4337 1478 4390; x_wconf 86' lang='grc' dir='ltr'>ἐστιν</span> <span class='ocrx_word' id='word_1_328' title='bbox 1498 4355 1510 4369; x_wconf 91' lang='grc'><strong>·</strong></span> <span class='ocrx_word' id='word_1_329' title='bbox 1551 4336 1620 4391; x_wconf 78' lang='grc' dir='ltr'>τά</span> <span class='ocrx_word' id='word_1_330' title='bbox 1662 4334 1718 4390; x_wconf 86' lang='grc' dir='ltr'>δὲ</span> <span class='ocrx_word' id='word_1_331' title='bbox 1746 4336 1812 4392; x_wconf 88' lang='grc' dir='ltr'>ἐκ</span> <span class='ocrx_word' id='word_1_332' title='bbox 1838 4338 1931 4392; x_wconf 90' lang='grc' dir='ltr'>τοῦ</span> 
     </span>
    </p>
   </div>
   <div class='ocr_carea' id='block_1_46' title="bbox 344 4423 1933 4501">
    <p class='ocr_par' dir='ltr' id='par_1_46' title="bbox 344 4423 1933 4501">
     <span class='ocr_line' id='line_1_46' title="bbox 344 4423 1933 4501; baseline 0.004 -25"><span class='ocrx_word' id='word_1_333' title='bbox 344 4428 523 4487; x_wconf 78' lang='grc' dir='ltr'>ταῦτα</span> <span class='ocrx_word' id='word_1_334' title='bbox 548 4426 733 4501; x_wconf 83' lang='grc' dir='ltr'>φέρειν</span> <span class='ocrx_word' id='word_1_335' title='bbox 764 4424 958 4497; x_wconf 84' lang='grc' dir='ltr'>πράως</span> <span class='ocrx_word' id='word_1_336' title='bbox 1010 4424 1105 4477; x_wconf 80' lang='grc' dir='ltr'>καὶ</span> <span class='ocrx_word' id='word_1_337' title='bbox 1133 4424 1397 4496; x_wconf 82' lang='grc' dir='ltr'>γενναίως</span> <span class='ocrx_word' id='word_1_338' title='bbox 1443 4423 1674 4499; x_wconf 84' lang='grc' dir='ltr'>βραϐεϊα</span> <span class='ocrx_word' id='word_1_339' title='bbox 1709 4427 1933 4501; x_wconf 85' lang='grc' dir='ltr'>διηνεκῆ</span> 
     </span>
    </p>
   </div>
   <div class='ocr_carea' id='block_1_47' title="bbox 347 4516 1935 4590">
    <p class='ocr_par' dir='ltr' id='par_1_47' title="bbox 347 4516 1935 4590">
     <span class='ocr_line' id='line_1_47' title="bbox 347 4516 1935 4590; baseline -0.002 -12"><span class='ocrx_word' id='word_1_340' title='bbox 347 4524 445 4578; x_wconf 77' lang='grc' dir='ltr'>καὶ</span> <span class='ocrx_word' id='word_1_341' title='bbox 480 4521 744 4585; x_wconf 80' lang='grc' dir='ltr'>ἀθάνατα,</span> <span class='ocrx_word' id='word_1_342' title='bbox 782 4520 876 4574; x_wconf 71' lang='grc' dir='ltr'>καὶ</span> <span class='ocrx_word' id='word_1_343' title='bbox 906 4516 1087 4590; x_wconf 80' lang='grc' dir='ltr'>πολλῷ</span> <span class='ocrx_word' id='word_1_344' title='bbox 1116 4516 1337 4588; x_wconf 77' lang='grc' dir='ltr'>μείζονα</span> <span class='ocrx_word' id='word_1_345' title='bbox 1364 4518 1473 4572; x_wconf 91' lang='grc' dir='ltr'>τῶν</span> <span class='ocrx_word' id='word_1_346' title='bbox 1509 4517 1769 4590; x_wconf 76' lang='grc' dir='ltr'>ἱδρώτων.</span> <span class='ocrx_word' id='word_1_347' title='bbox 1815 4520 1935 4575; x_wconf 82' lang='grc' dir='ltr'>Ἐν-</span> 
     </span>
    </p>
   </div>
   <div class='ocr_carea' id='block_1_48' title="bbox 346 4609 1933 4685">
    <p class='ocr_par' dir='ltr' id='par_1_48' title="bbox 346 4609 1933 4685">
     <span class='ocr_line' id='line_1_48' title="bbox 346 4609 1933 4685; baseline -0.001 -17"><span class='ocrx_word' id='word_1_348' title='bbox 346 4613 567 4669; x_wconf 83' lang='grc' dir='ltr'>νοοῦσαι</span> <span class='ocrx_word' id='word_1_349' title='bbox 614 4612 793 4665; x_wconf 85' lang='grc' dir='ltr'>τοίνυν</span> <span class='ocrx_word' id='word_1_350' title='bbox 849 4611 943 4664; x_wconf 70' lang='grc' dir='ltr'>καὶ</span> <span class='ocrx_word' id='word_1_351' title='bbox 971 4609 1031 4663; x_wconf 80' lang='grc' dir='ltr'>τὸ</span> <span class='ocrx_word' id='word_1_352' title='bbox 1058 4610 1322 4681; x_wconf 77' lang='grc' dir='ltr'>ἐπίκηρον</span> <span class='ocrx_word' id='word_1_353' title='bbox 1354 4611 1448 4663; x_wconf 77' lang='grc' dir='ltr'>καὶ</span> <span class='ocrx_word' id='word_1_354' title='bbox 1490 4611 1553 4665; x_wconf 87' lang='grc' dir='ltr'>τὸ</span> <span class='ocrx_word' id='word_1_355' title='bbox 1597 4612 1933 4685; x_wconf 87' lang='grc' dir='ltr'>πρόσκαιρον</span> 
     </span>
    </p>
   </div>
   <div class='ocr_carea' id='block_1_49' title="bbox 346 4701 1931 4778">
    <p class='ocr_par' dir='ltr' id='par_1_49' title="bbox 346 4701 1931 4778">
     <span class='ocr_line' id='line_1_49' title="bbox 346 4701 1931 4778; baseline 0 -19"><span class='ocrx_word' id='word_1_356' title='bbox 346 4709 450 4778; x_wconf 81' lang='grc' dir='ltr'>τῆς</span> <span class='ocrx_word' id='word_1_357' title='bbox 472 4704 726 4775; x_wconf 76' lang='grc' dir='ltr'>θλίψεως,</span> <span class='ocrx_word' id='word_1_358' title='bbox 758 4703 850 4757; x_wconf 73' lang='grc' dir='ltr'>καί⁸</span> <span class='ocrx_word' id='word_1_359' title='bbox 876 4702 938 4756; x_wconf 68' lang='grc' dir='ltr'>τὸ</span> <span class='ocrx_word' id='word_1_360' title='bbox 964 4702 1210 4773; x_wconf 80' lang='grc' dir='ltr'>διηνεκὲς</span> <span class='ocrx_word' id='word_1_361' title='bbox 1236 4702 1329 4756; x_wconf 77' lang='grc' dir='ltr'>καὶ</span> <span class='ocrx_word' id='word_1_362' title='bbox 1356 4701 1624 4756; x_wconf 87' lang='grc' dir='ltr'>ἀθάνατον</span> <span class='ocrx_word' id='word_1_363' title='bbox 1644 4703 1751 4758; x_wconf 90' lang='grc' dir='ltr'>τῶν</span> <span class='ocrx_word' id='word_1_364' title='bbox 1773 4706 1931 4776; x_wconf 85' lang='grc' dir='ltr'>ἀμοι-</span> 
     </span>
    </p>
   </div>
   <div class='ocr_carea' id='block_1_50' title="bbox 343 4792 1934 4867">
    <p class='ocr_par' dir='ltr' id='par_1_50' title="bbox 343 4792 1934 4867">
     <span class='ocr_line' id='line_1_50' title="bbox 343 4792 1934 4867; baseline -0.001 -15"><span class='ocrx_word' id='word_1_365' title='bbox 343 4799 482 4861; x_wconf 80' lang='grc' dir='ltr'>ϐῶν,</span> <span class='ocrx_word' id='word_1_366' title='bbox 507 4797 702 4867; x_wconf 83' lang='grc' dir='ltr'>φέρετε</span> <span class='ocrx_word' id='word_1_367' title='bbox 734 4795 911 4848; x_wconf 87' lang='grc' dir='ltr'>πάντα</span> <span class='ocrx_word' id='word_1_368' title='bbox 929 4793 1212 4863; x_wconf 87' lang='grc' dir='ltr'>γενναίως,</span> <span class='ocrx_word' id='word_1_369' title='bbox 1244 4792 1435 4864; x_wconf 83' lang='grc' dir='ltr'>μηδενί</span> <span class='ocrx_word' id='word_1_370' title='bbox 1459 4793 1569 4848; x_wconf 89' lang='grc' dir='ltr'>τῶν</span> <span class='ocrx_word' id='word_1_371' title='bbox 1591 4797 1934 4866; x_wconf 86' lang='grc' dir='ltr'>συμπιπτόν-</span> 
     </span>
    </p>
   </div>
   <div class='ocr_carea' id='block_1_51' title="bbox 340 4885 1933 4962">
    <p class='ocr_par' dir='ltr' id='par_1_51' title="bbox 340 4885 1933 4962">
     <span class='ocr_line' id='line_1_51' title="bbox 340 4885 1933 4962; baseline 0.002 -20"><span class='ocrx_word' id='word_1_372' title='bbox 340 4907 457 4942; x_wconf 86' lang='grc' dir='ltr'>των</span> <span class='ocrx_word' id='word_1_373' title='bbox 487 4887 766 4959; x_wconf 76' lang='grc' dir='ltr'>δυσχερῶν</span> <span class='ocrx_word' id='word_1_374' title='bbox 795 4885 1214 4959; x_wconf 86' lang='grc' dir='ltr'>ταραττόμεναι.</span> <span class='ocrx_word' id='word_1_375' title='bbox 1256 4887 1351 4939; x_wconf 85' lang='grc' dir='ltr'>Ἓν</span> <span class='ocrx_word' id='word_1_376' title='bbox 1381 4886 1490 4960; x_wconf 88' lang='grc' dir='ltr'>γάρ</span> <span class='ocrx_word' id='word_1_377' title='bbox 1540 4889 1656 4942; x_wconf 84' lang='grc' dir='ltr'>ἐστι</span> <span class='ocrx_word' id='word_1_378' title='bbox 1689 4888 1933 4962; x_wconf 73' lang='grc' dir='ltr'>λυπηρὸν</span> 
     </span>
    </p>
   </div>
   <div class='ocr_carea' id='block_1_52' title="bbox 347 4970 1935 5051">
    <p class='ocr_par' dir='ltr' id='par_1_52' title="bbox 347 4970 1935 5051">
     <span class='ocr_line' id='line_1_52' title="bbox 347 4970 1935 5051; baseline 0 -18"><span class='ocrx_word' id='word_1_379' title='bbox 347 4978 600 5051; x_wconf 74' lang='grc' dir='ltr'>ἁμαρτία</span> <span class='ocrx_word' id='word_1_380' title='bbox 633 4977 821 5048; x_wconf 87' lang='grc' dir='ltr'>μόνον·</span> <span class='ocrx_word' id='word_1_381' title='bbox 867 4975 935 5029; x_wconf 76' lang='grc' dir='ltr'>τὰ</span> <span class='ocrx_word' id='word_1_382' title='bbox 968 4975 1025 5029; x_wconf 82' lang='grc' dir='ltr'>δὲ</span> <span class='ocrx_word' id='word_1_383' title='bbox 1062 4975 1198 5030; x_wconf 79' lang='grc' dir='ltr'>ἄλλα</span> <span class='ocrx_word' id='word_1_384' title='bbox 1242 4976 1440 5042; x_wconf 84' lang='grc' dir='ltr'>πάντα,</span> <span class='ocrx_word' id='word_1_385' title='bbox 1471 4970 1698 5049; x_wconf 80' lang='grc' dir='ltr'>ἐξορίαι,</span> <span class='ocrx_word' id='word_1_386' title='bbox 1733 4977 1935 5051; x_wconf 87' lang='grc' dir='ltr'>δημεύ-</span> 
     </span>
    </p>
   </div>
   <div class='ocr_carea' id='block_1_53' title="bbox 346 5068 1934 5139">
    <p class='ocr_par' dir='ltr' id='par_1_53' title="bbox 346 5068 1934 5139">
     <span class='ocr_line' id='line_1_53' title="bbox 346 5068 1934 5139; baseline 0.002 -15"><span class='ocrx_word' id='word_1_387' title='bbox 346 5086 487 5135; x_wconf 87' lang='grc' dir='ltr'>σεις,</span> <span class='ocrx_word' id='word_1_388' title='bbox 540 5069 856 5138; x_wconf 70' lang='grc' dir='ltr'>ἀπαγωγαὶ,</span> <span class='ocrx_word' id='word_1_389' title='bbox 895 5068 1199 5133; x_wconf 82' lang='grc' dir='ltr'>ἐπιϐουλαὶ,</span> <span class='ocrx_word' id='word_1_390' title='bbox 1236 5070 1331 5123; x_wconf 74' lang='grc' dir='ltr'>καὶ</span> <span class='ocrx_word' id='word_1_391' title='bbox 1366 5070 1467 5123; x_wconf 83' lang='grc' dir='ltr'>ὅσα</span> <span class='ocrx_word' id='word_1_392' title='bbox 1494 5074 1721 5124; x_wconf 81' lang='grc' dir='ltr'>τοιαῦτα</span> <span class='ocrx_word' id='word_1_393' title='bbox 1746 5112 1761 5139; x_wconf 93' lang='grc'>,</span> <span class='ocrx_word' id='word_1_394' title='bbox 1805 5072 1934 5127; x_wconf 89' lang='grc' dir='ltr'>σκιά</span> 
     </span>
    </p>
   </div>
   <div class='ocr_carea' id='block_1_54' title="bbox 345 5160 1933 5234">
    <p class='ocr_par' dir='ltr' id='par_1_54' title="bbox 345 5160 1933 5234">
     <span class='ocr_line' id='line_1_54' title="bbox 345 5160 1933 5234; baseline 0.002 -18"><span class='ocrx_word' id='word_1_395' title='bbox 345 5164 435 5227; x_wconf 87' lang='grc' dir='ltr'>τίς</span> <span class='ocrx_word' id='word_1_396' title='bbox 474 5165 621 5216; x_wconf 88' lang='grc' dir='ltr'>ἐστιν</span> <span class='ocrx_word' id='word_1_397' title='bbox 654 5165 748 5216; x_wconf 78' lang='grc' dir='ltr'>καὶ</span> <span class='ocrx_word' id='word_1_398' title='bbox 775 5160 981 5225; x_wconf 85' lang='grc' dir='ltr'>καπνὸς</span> <span class='ocrx_word' id='word_1_399' title='bbox 1012 5162 1107 5216; x_wconf 76' lang='grc' dir='ltr'>καὶ</span> <span class='ocrx_word' id='word_1_400' title='bbox 1130 5161 1362 5234; x_wconf 81' lang='grc' dir='ltr'>ἀράχνη,</span> <span class='ocrx_word' id='word_1_401' title='bbox 1409 5164 1503 5219; x_wconf 79' lang='grc' dir='ltr'>καὶ</span> <span class='ocrx_word' id='word_1_402' title='bbox 1531 5163 1587 5219; x_wconf 76' lang='grc' dir='ltr'>εί</span> <span class='ocrx_word' id='word_1_403' title='bbox 1632 5182 1685 5218; x_wconf 89' lang='grc' dir='ltr'>τι</span> <span class='ocrx_word' id='word_1_404' title='bbox 1728 5164 1933 5219; x_wconf 90' lang='grc' dir='ltr'>τούτων</span> 
     </span>
    </p>
   </div>
   <div class='ocr_carea' id='block_1_55' title="bbox 347 5248 1935 5331">
    <p class='ocr_par' dir='ltr' id='par_1_55' title="bbox 347 5248 1935 5331">
     <span class='ocr_line' id='line_1_55' title="bbox 347 5248 1935 5331; baseline -0.003 -21"><span class='ocrx_word' id='word_1_405' title='bbox 347 5254 747 5325; x_wconf 79' lang='grc' dir='ltr'>εὐτελέστερον.</span> <span class='ocrx_word' id='word_1_406' title='bbox 785 5255 916 5307; x_wconf 77' lang='grc' dir='ltr'>’Δτε</span> <span class='ocrx_word' id='word_1_407' title='bbox 948 5248 1041 5308; x_wconf 81' lang='grc' dir='ltr'>οὑν</span> <span class='ocrx_word' id='word_1_408' title='bbox 1070 5253 1327 5306; x_wconf 79' lang='grc' dir='ltr'>καὶκατὰ</span> <span class='ocrx_word' id='word_1_409' title='bbox 1351 5253 1442 5308; x_wconf 80' lang='grc' dir='ltr'>τὸν</span> <span class='ocrx_word' id='word_1_410' title='bbox 1474 5255 1784 5331; x_wconf 79' lang='grc' dir='ltr'>ἔμπροσθεν</span> <span class='ocrx_word' id='word_1_411' title='bbox 1808 5259 1935 5327; x_wconf 80' lang='grc' dir='ltr'>χρό-</span> 
     </span>
    </p>
   </div>
   <div class='ocr_carea' id='block_1_56' title="bbox 345 5342 1933 5431">
    <p class='ocr_par' dir='ltr' id='par_1_56' title="bbox 345 5342 1933 5431">
     <span class='ocr_line' id='line_1_56' title="bbox 345 5342 1933 5431; baseline 0.001 -34"><span class='ocrx_word' id='word_1_412' title='bbox 345 5362 437 5398; x_wconf 73' lang='grc' dir='ltr'>νον</span> <span class='ocrx_word' id='word_1_413' title='bbox 468 5344 692 5407; x_wconf 69' lang='grc' dir='ltr'>πολλοὺς</span> <span class='ocrx_word' id='word_1_414' title='bbox 728 5342 1090 5415; x_wconf 87' lang='grc' dir='ltr'>μελετήσασαι</span> <span class='ocrx_word' id='word_1_415' title='bbox 1115 5343 1301 5414; x_wconf 86' lang='grc' dir='ltr'>φέρειν</span> <span class='ocrx_word' id='word_1_416' title='bbox 1330 5349 1694 5431; x_wconf 73' lang='grc' dir='ltr'>πειρασμοὺς,</span> <span class='ocrx_word' id='word_1_417' title='bbox 1716 5345 1811 5400; x_wconf 72' lang='grc' dir='ltr'>καὶ</span> <span class='ocrx_word' id='word_1_418' title='bbox 1839 5346 1933 5400; x_wconf 77' lang='grc' dir='ltr'>νῦν</span> 
     </span>
    </p>
   </div>
   <div class='ocr_carea' id='block_1_57' title="bbox 347 5433 1932 5528">
    <p class='ocr_par' dir='ltr' id='par_1_57' title="bbox 347 5433 1932 5528">
     <span class='ocr_line' id='line_1_57' title="bbox 347 5433 1932 5528; baseline 0.001 -39"><span class='ocrx_word' id='word_1_419' title='bbox 347 5437 453 5507; x_wconf 80' lang='grc' dir='ltr'>τὴν</span> <span class='ocrx_word' id='word_1_420' title='bbox 487 5435 857 5528; x_wconf 78' lang='grc' dir='ltr'>ἁρμόττουσαν</span> <span class='ocrx_word' id='word_1_421' title='bbox 890 5433 1416 5528; x_wconf 21' lang='grc' dir='ltr'>ὑμῖνᾲέπιδείκνυσθε</span> <span class='ocrx_word' id='word_1_422' title='bbox 1446 5439 1748 5528; x_wconf 74' lang='grc' dir='ltr'>ὑπομονήν.</span> <span class='ocrx_word' id='word_1_423' title='bbox 1783 5436 1932 5509; x_wconf 76' lang='grc' dir='ltr'>Αὕτη</span> 
     </span>
    </p>
   </div>
   <div class='ocr_carea' id='block_1_58' title="bbox 353 5524 1933 5617">
    <p class='ocr_par' dir='ltr' id='par_1_58' title="bbox 353 5524 1933 5617">
     <span class='ocr_line' id='line_1_58' title="bbox 353 5524 1933 5617; baseline -0.001 -35"><span class='ocrx_word' id='word_1_424' title='bbox 353 5528 465 5599; x_wconf 78' lang='grc' dir='ltr'>γάρ</span> <span class='ocrx_word' id='word_1_425' title='bbox 486 5530 543 5581; x_wconf 83' lang='grc' dir='ltr'>ἐν</span> <span class='ocrx_word' id='word_1_426' title='bbox 571 5524 836 5597; x_wconf 66' lang='grc' dir='ltr'>ἀσφαλείᾳ,</span> <span class='ocrx_word' id='word_1_427' title='bbox 876 5524 973 5579; x_wconf 68' lang='grc' dir='ltr'>καὶ</span> <span class='ocrx_word' id='word_1_428' title='bbox 992 5524 1146 5596; x_wconf 75' lang='grc' dir='ltr'>ἀδείᾳ</span> <span class='ocrx_word' id='word_1_429' title='bbox 1173 5527 1263 5580; x_wconf 66' lang='grc' dir='ltr'>καί¹</span> <span class='ocrx_word' id='word_1_430' title='bbox 1291 5528 1488 5617; x_wconf 70' lang='grc' dir='ltr'>γαλήνῃ</span> <span class='ocrx_word' id='word_1_431' title='bbox 1526 5524 1719 5617; x_wconf 41' lang='grc' dir='ltr'>⁷ξολ)οῇ</span> <span class='ocrx_word' id='word_1_432' title='bbox 1765 5544 1933 5582; x_wconf 84' lang='grc' dir='ltr'>κατα-</span> 
     </span>
    </p>
   </div>
   <div class='ocr_carea' id='block_1_59' title="bbox 365 5565 1930 5765">
    <p class='ocr_par' dir='ltr' id='par_1_59' title="bbox 365 5565 1930 5765">
     <span class='ocr_line' id='line_1_59' title="bbox 365 5565 1930 5630; baseline -0.003 -33"><span class='ocrx_word' id='word_1_433' title='bbox 365 5565 541 5599; x_wconf 57' lang='grc' dir='ltr'>ικιισν</span> <span class='ocrx_word' id='word_1_434' title='bbox 572 5565 836 5597; x_wconf 55' lang='grc' dir='ltr'>αντε-’σνντ-</span> <span class='ocrx_word' id='word_1_435' title='bbox 879 5565 973 5579; x_wconf 75' lang='lat'>&quot;&#39;&quot;</span> <span class='ocrx_word' id='word_1_436' title='bbox 993 5565 1146 5596; x_wconf 73' lang='grc' dir='ltr'>*ν’-τ·</span> <span class='ocrx_word' id='word_1_437' title='bbox 1174 5565 1263 5580; x_wconf 70' lang='grc' dir='ltr'>’νυη</span> <span class='ocrx_word' id='word_1_438' title='bbox 1301 5565 1488 5630; x_wconf 68' lang='grc' dir='ltr'>ιυυιιινῃ</span> <span class='ocrx_word' id='word_1_439' title='bbox 1526 5565 1719 5617; x_wconf 57' lang='grc' dir='ltr'>ποιφιι</span> <span class='ocrx_word' id='word_1_440' title='bbox 1767 5565 1930 5582; x_wconf 60' lang='grc' dir='ltr'>’κυνι-</span> 
     </span>
     <span class='ocr_line' id='line_1_60' title="bbox 365 5618 1930 5765; baseline 0.004 -93"><span class='ocrx_word' id='word_1_441' title='bbox 365 5619 555 5693; x_wconf 65' lang='lat' dir='ltr'>stipa:</span> <span class='ocrx_word' id='word_1_442' title='bbox 597 5620 739 5691; x_wconf 76' lang='grc' dir='ltr'>ὑμᾶς</span> <span class='ocrx_word' id='word_1_443' title='bbox 766 5618 1072 5693; x_wconf 73' lang='grc' dir='ltr'>δυνήσεται,</span> <span class='ocrx_word' id='word_1_444' title='bbox 1116 5619 1205 5673; x_wconf 78' lang='grc' dir='ltr'>καὶ</span> <span class='ocrx_word' id='word_1_445' title='bbox 1250 5619 1613 5765; x_wconf 60' lang='grc' dir='ltr'>δοκιμωτέροις</span> <span class='ocrx_word' id='word_1_446' title='bbox 1693 5622 1930 5700; x_wconf 82' lang='grc' dir='ltr'>ποιῆσαι.</span> 
     </span>
    </p>
   </div>
   <div class='ocr_carea' id='block_1_60' title="bbox 1787 218 2167 303">
    <p class='ocr_par' dir='ltr' id='par_1_60' title="bbox 1787 218 2167 303">
     <span class='ocr_line' id='line_1_61' title="bbox 1787 218 2167 303; baseline 0 -27"><span class='ocrx_word' id='word_1_447' title='bbox 1787 218 2167 303; x_wconf 61' lang='grc' dir='ltr'>εριετοιιε.</span> 
     </span>
    </p>
   </div>
   <div class='ocr_carea' id='block_1_61' title="bbox 3480 234 3619 290">
    <p class='ocr_par' dir='ltr' id='par_1_61' title="bbox 3480 234 3619 290">
     <span class='ocr_line' id='line_1_62' title="bbox 3480 234 3619 290; baseline 0.014 -2"><span class='ocrx_word' id='word_1_448' title='bbox 3480 280 3497 288; x_wconf 80' lang='grc'>,</span> <span class='ocrx_word' id='word_1_449' title='bbox 3520 234 3619 290; x_wconf 72' lang='lat'>6:28</span> 
     </span>
    </p>
   </div>
   <div class='ocr_carea' id='block_1_62' title="bbox 2058 338 3627 426">
    <p class='ocr_par' dir='ltr' id='par_1_62' title="bbox 2058 338 3627 426">
     <span class='ocr_line' id='line_1_63' title="bbox 2058 338 3627 426; baseline 0.011 -36"><span class='ocrx_word' id='word_1_450' title='bbox 2058 338 2167 391; x_wconf 79' lang='lat' dir='ltr'><strong><em>Kal</em></strong></span> <span class='ocrx_word' id='word_1_451' title='bbox 2198 338 2435 409; x_wconf 84' lang='grc' dir='ltr'>γράφετε</span> <span class='ocrx_word' id='word_1_452' title='bbox 2472 341 2708 414; x_wconf 88' lang='grc' dir='ltr'>συνεχῶς</span> <span class='ocrx_word' id='word_1_453' title='bbox 2751 350 2879 418; x_wconf 83' lang='grc' dir='ltr'>ἡμῖν</span> <span class='ocrx_word' id='word_1_454' title='bbox 2910 347 2978 400; x_wconf 79' lang='grc' dir='ltr'>τά</span> <span class='ocrx_word' id='word_1_455' title='bbox 3025 348 3275 421; x_wconf 70' lang='grc' dir='ltr'>περὶτῆς</span> <span class='ocrx_word' id='word_1_456' title='bbox 3310 350 3496 421; x_wconf 83' lang='grc' dir='ltr'>ὑγείας</span> <span class='ocrx_word' id='word_1_457' title='bbox 3524 353 3627 426; x_wconf 76' lang='grc' dir='ltr'>τῆς</span> 
     </span>
    </p>
   </div>
   <div class='ocr_carea' id='block_1_63' title="bbox 2049 426 3627 514">
    <p class='ocr_par' dir='ltr' id='par_1_63' title="bbox 2049 426 3627 514">
     <span class='ocr_line' id='line_1_64' title="bbox 2049 426 3627 514; baseline 0.011 -34"><span class='ocrx_word' id='word_1_458' title='bbox 2049 426 2339 499; x_wconf 82' lang='grc' dir='ltr'>ὑμετέρας,</span> <span class='ocrx_word' id='word_1_459' title='bbox 2361 430 2426 485; x_wconf 81' lang='grc' dir='ltr'>ἄν</span> <span class='ocrx_word' id='word_1_460' title='bbox 2453 450 2603 496; x_wconf 89' lang='grc' dir='ltr'>τινας</span> <span class='ocrx_word' id='word_1_461' title='bbox 2629 434 2824 508; x_wconf 75' lang='grc' dir='ltr'>εὕρητε</span> <span class='ocrx_word' id='word_1_462' title='bbox 2846 436 2912 489; x_wconf 91' lang='grc' dir='ltr'>δι’</span> <span class='ocrx_word' id='word_1_463' title='bbox 2944 438 3079 493; x_wconf 83' lang='grc' dir='ltr'>ίδίαν</span> <span class='ocrx_word' id='word_1_464' title='bbox 3108 440 3297 510; x_wconf 90' lang='grc' dir='ltr'>χρείαν</span> <span class='ocrx_word' id='word_1_465' title='bbox 3323 460 3627 514; x_wconf 82' lang='grc' dir='ltr'>παραγενο-</span> 
     </span>
    </p>
   </div>
   <div class='ocr_carea' id='block_1_64' title="bbox 2050 520 3624 605">
    <p class='ocr_par' dir='ltr' id='par_1_64' title="bbox 2050 520 3624 605">
     <span class='ocr_line' id='line_1_65' title="bbox 2050 520 3624 605; baseline 0.011 -33"><span class='ocrx_word' id='word_1_466' title='bbox 2050 520 2245 592; x_wconf 80' lang='grc' dir='ltr'>μένους</span> <span class='ocrx_word' id='word_1_467' title='bbox 2270 521 2524 579; x_wconf 85' lang='grc' dir='ltr'>ἐνταῦθα.</span> <span class='ocrx_word' id='word_1_468' title='bbox 2559 525 2701 578; x_wconf 86' lang='grc' dir='ltr'>Ἰστε</span> <span class='ocrx_word' id='word_1_469' title='bbox 2730 526 2838 598; x_wconf 80' lang='grc' dir='ltr'>γὰρ</span> <span class='ocrx_word' id='word_1_470' title='bbox 2870 528 3017 593; x_wconf 88' lang='grc' dir='ltr'>ὅπως</span> <span class='ocrx_word' id='word_1_471' title='bbox 3065 531 3234 602; x_wconf 78' lang='grc' dir='ltr'>αὐτῆς</span> <span class='ocrx_word' id='word_1_472' title='bbox 3265 533 3624 605; x_wconf 79' lang='grc' dir='ltr'>ἀντεχόμεθα,</span> 
     </span>
    </p>
   </div>
   <div class='ocr_carea' id='block_1_65' title="bbox 2047 609 3625 704">
    <p class='ocr_par' dir='ltr' id='par_1_65' title="bbox 2047 609 3625 704">
     <span class='ocr_line' id='line_1_66' title="bbox 2047 609 3625 704; baseline 0.012 -42"><span class='ocrx_word' id='word_1_473' title='bbox 2047 609 2143 662; x_wconf 81' lang='grc' dir='ltr'>καὶ</span> <span class='ocrx_word' id='word_1_474' title='bbox 2169 610 2317 676; x_wconf 82' lang='grc' dir='ltr'>ὅπως</span> <span class='ocrx_word' id='word_1_475' title='bbox 2345 611 2648 686; x_wconf 83' lang='grc' dir='ltr'>βουλόμεθα</span> <span class='ocrx_word' id='word_1_476' title='bbox 2675 616 3003 690; x_wconf 89' lang='grc' dir='ltr'>πυκνότερον</span> <span class='ocrx_word' id='word_1_477' title='bbox 3029 621 3158 691; x_wconf 78' lang='grc' dir='ltr'>περὶ</span> <span class='ocrx_word' id='word_1_478' title='bbox 3185 622 3387 704; x_wconf 79' lang='grc' dir='ltr'>ταύτης</span> <span class='ocrx_word' id='word_1_479' title='bbox 3418 626 3625 696; x_wconf 84' lang='grc' dir='ltr'>μανθά-</span> 
     </span>
    </p>
   </div>
   <div class='ocr_carea' id='block_1_66' title="bbox 2047 716 2182 756">
    <p class='ocr_par' dir='ltr' id='par_1_66' title="bbox 2047 716 2182 756">
     <span class='ocr_line' id='line_1_67' title="bbox 2047 716 2182 756; baseline 0.015 -2"><span class='ocrx_word' id='word_1_480' title='bbox 2047 716 2182 756; x_wconf 90' lang='grc' dir='ltr'>νειν.</span> 
     </span>
    </p>
   </div>
   <div class='ocr_carea' id='block_1_67' title="bbox 2484 817 3200 890">
    <p class='ocr_par' dir='ltr' id='par_1_67' title="bbox 2484 817 3200 890">
     <span class='ocr_line' id='line_1_68' title="bbox 2484 817 3200 890; baseline 0.01 -19"><span class='ocrx_word' id='word_1_481' title='bbox 2484 820 2530 871; x_wconf 83' lang='grc' dir='ltr'><strong>Λ</strong></span> <span class='ocrx_word' id='word_1_482' title='bbox 2551 854 2566 869; x_wconf 95' lang='grc'>.</span> <span class='ocrx_word' id='word_1_483' title='bbox 2614 817 2845 888; x_wconf 76' lang='grc' dir='ltr'>Ἐορτίφ</span> <span class='ocrx_word' id='word_1_484' title='bbox 2873 820 3200 890; x_wconf 73' lang='grc' dir='ltr'>ἐπισκόπφ.</span> 
     </span>
    </p>
   </div>
   <div class='ocr_carea' id='block_1_68' title="bbox 2129 926 3627 1013">
    <p class='ocr_par' dir='ltr' id='par_1_68' title="bbox 2129 926 3627 1013">
     <span class='ocr_line' id='line_1_69' title="bbox 2129 926 3627 1013; baseline 0.013 -36"><span class='ocrx_word' id='word_1_485' title='bbox 2129 926 2272 995; x_wconf 83' lang='grc' dir='ltr'>Ἐγὼ</span> <span class='ocrx_word' id='word_1_486' title='bbox 2295 926 2395 998; x_wconf 85' lang='grc' dir='ltr'>μὲν</span> <span class='ocrx_word' id='word_1_487' title='bbox 2422 928 2728 1000; x_wconf 76' lang='grc' dir='ltr'>ἐπεθύμουν</span> <span class='ocrx_word' id='word_1_488' title='bbox 2754 932 2849 986; x_wconf 72' lang='grc' dir='ltr'>καὶ</span> <span class='ocrx_word' id='word_1_489' title='bbox 2889 935 3193 1006; x_wconf 84' lang='grc' dir='ltr'>γράμματα</span> <span class='ocrx_word' id='word_1_490' title='bbox 3220 936 3474 1003; x_wconf 83' lang='grc' dir='ltr'>δέξασθαι</span> <span class='ocrx_word' id='word_1_491' title='bbox 3521 941 3627 1013; x_wconf 88' lang='grc' dir='ltr'>τῆς</span> 
     </span>
    </p>
   </div>
   <div class='ocr_carea' id='block_1_69' title="bbox 2047 1018 3623 1104">
    <p class='ocr_par' dir='ltr' id='par_1_69' title="bbox 2047 1018 3623 1104">
     <span class='ocr_line' id='line_1_70' title="bbox 2047 1018 3623 1104; baseline 0.01 -33"><span class='ocrx_word' id='word_1_492' title='bbox 2047 1018 2146 1088; x_wconf 87' lang='grc' dir='ltr'>σῆς</span> <span class='ocrx_word' id='word_1_493' title='bbox 2173 1019 2485 1091; x_wconf 86' lang='grc' dir='ltr'>τιμιότητος</span> <span class='ocrx_word' id='word_1_494' title='bbox 2508 1024 2637 1095; x_wconf 74' lang='grc' dir='ltr'>περὶ</span> <span class='ocrx_word' id='word_1_495' title='bbox 2663 1025 2765 1095; x_wconf 83' lang='grc' dir='ltr'>τῆς</span> <span class='ocrx_word' id='word_1_496' title='bbox 2789 1025 2975 1093; x_wconf 79' lang='grc' dir='ltr'>ὑγείας</span> <span class='ocrx_word' id='word_1_497' title='bbox 3003 1028 3103 1098; x_wconf 82' lang='grc' dir='ltr'>τῆς</span> <span class='ocrx_word' id='word_1_498' title='bbox 3124 1031 3223 1100; x_wconf 82' lang='grc' dir='ltr'>σῆς</span> <span class='ocrx_word' id='word_1_499' title='bbox 3242 1032 3374 1101; x_wconf 85' lang='grc' dir='ltr'>ἡμῖν</span> <span class='ocrx_word' id='word_1_500' title='bbox 3402 1031 3623 1104; x_wconf 85' lang='grc' dir='ltr'>δηλοῦν-</span> 
     </span>
    </p>
   </div>
   <div class='ocr_carea' id='block_1_70' title="bbox 2044 1109 3625 1194">
    <p class='ocr_par' dir='ltr' id='par_1_70' title="bbox 2044 1109 3625 1194">
     <span class='ocr_line' id='line_1_71' title="bbox 2044 1109 3625 1194; baseline 0.009 -30"><span class='ocrx_word' id='word_1_501' title='bbox 2044 1116 2129 1165; x_wconf 79' lang='grc' dir='ltr'>τα.</span> <span class='ocrx_word' id='word_1_502' title='bbox 2163 1109 2333 1167; x_wconf 74' lang='grc' dir='ltr'>Οἶσθα</span> <span class='ocrx_word' id='word_1_503' title='bbox 2354 1114 2461 1187; x_wconf 86' lang='grc' dir='ltr'>γὰρ</span> <span class='ocrx_word' id='word_1_504' title='bbox 2489 1116 2637 1180; x_wconf 85' lang='grc' dir='ltr'>ὅπως</span> <span class='ocrx_word' id='word_1_505' title='bbox 2665 1117 2752 1171; x_wconf 81' lang='grc' dir='ltr'>ἀεὶ</span> <span class='ocrx_word' id='word_1_506' title='bbox 2774 1119 2900 1189; x_wconf 69' lang='grc' dir='ltr'>περὶ</span> <span class='ocrx_word' id='word_1_507' title='bbox 2936 1120 3036 1191; x_wconf 76' lang='grc' dir='ltr'>τὴν</span> <span class='ocrx_word' id='word_1_508' title='bbox 3063 1121 3163 1194; x_wconf 79' lang='grc' dir='ltr'>σὴν</span> <span class='ocrx_word' id='word_1_509' title='bbox 3192 1121 3509 1194; x_wconf 79' lang='grc' dir='ltr'>διετέθημεν</span> <span class='ocrx_word' id='word_1_510' title='bbox 3535 1126 3625 1178; x_wconf 84' lang='grc' dir='ltr'>εὑ-</span> 
     </span>
    </p>
   </div>
   <div class='ocr_carea' id='block_1_71' title="bbox 2045 1201 3622 1284">
    <p class='ocr_par' dir='ltr' id='par_1_71' title="bbox 2045 1201 3622 1284">
     <span class='ocr_line' id='line_1_72' title="bbox 2045 1201 3622 1284; baseline 0.01 -29"><span class='ocrx_word' id='word_1_511' title='bbox 2045 1201 2286 1270; x_wconf 88' lang='grc' dir='ltr'>λάϐειαν,</span> <span class='ocrx_word' id='word_1_512' title='bbox 2312 1204 2547 1260; x_wconf 80' lang='grc' dir='ltr'>δέσποτα</span> <span class='ocrx_word' id='word_1_513' title='bbox 2576 1208 2890 1279; x_wconf 85' lang='grc' dir='ltr'>τιμιώτατε.</span> <span class='ocrx_word' id='word_1_514' title='bbox 2932 1210 3069 1265; x_wconf 83' lang='grc' dir='ltr'>Ἀλλ’</span> <span class='ocrx_word' id='word_1_515' title='bbox 3090 1212 3276 1284; x_wconf 87' lang='grc' dir='ltr'>ἐπειδὴ</span> <span class='ocrx_word' id='word_1_516' title='bbox 3304 1214 3461 1268; x_wconf 86' lang='grc' dir='ltr'>τοῦτο</span> <span class='ocrx_word' id='word_1_517' title='bbox 3489 1217 3622 1280; x_wconf 76' lang='grc' dir='ltr'>ἴσως</span> 
     </span>
    </p>
   </div>
   <div class='ocr_carea' id='block_1_72' title="bbox 2045 1286 3617 1377">
    <p class='ocr_par' dir='ltr' id='par_1_72' title="bbox 2045 1286 3617 1377">
     <span class='ocr_line' id='line_1_73' title="bbox 2045 1286 3617 1377; baseline 0.008 -29"><span class='ocrx_word' id='word_1_518' title='bbox 2045 1295 2152 1349; x_wconf 86' lang='grc' dir='ltr'>τῶν</span> <span class='ocrx_word' id='word_1_519' title='bbox 2178 1286 2668 1371; x_wconf 79' lang='grc' dir='ltr'>γραμματηφόρων</span> <span class='ocrx_word' id='word_1_520' title='bbox 2725 1303 2868 1373; x_wconf 80' lang='grc' dir='ltr'>ὑμᾶς</span> <span class='ocrx_word' id='word_1_521' title='bbox 2911 1304 3213 1374; x_wconf 87' lang='grc' dir='ltr'>περιείλετο</span> <span class='ocrx_word' id='word_1_522' title='bbox 3250 1318 3275 1345; x_wconf 80' lang='grc' dir='ltr'>ιι</span> <span class='ocrx_word' id='word_1_523' title='bbox 3330 1308 3363 1377; x_wconf 95' lang='grc' dir='ltr'>ἡ</span> <span class='ocrx_word' id='word_1_524' title='bbox 3400 1307 3617 1373; x_wconf 88' lang='grc' dir='ltr'>σπάνις,</span> 
     </span>
    </p>
   </div>
   <div class='ocr_carea' id='block_1_73' title="bbox 2043 1389 3622 1469">
    <p class='ocr_par' dir='ltr' id='par_1_73' title="bbox 2043 1389 3622 1469">
     <span class='ocr_line' id='line_1_74' title="bbox 2043 1389 3622 1469; baseline 0.008 -29"><span class='ocrx_word' id='word_1_525' title='bbox 2043 1389 2224 1459; x_wconf 90' lang='grc' dir='ltr'>ἡμεῖς,</span> <span class='ocrx_word' id='word_1_526' title='bbox 2260 1389 2606 1460; x_wconf 78' lang='grc' dir='ltr'>ἐπιτυχόντες</span> <span class='ocrx_word' id='word_1_527' title='bbox 2629 1392 2736 1446; x_wconf 88' lang='grc' dir='ltr'>τῶν</span> <span class='ocrx_word' id='word_1_528' title='bbox 2767 1394 2902 1464; x_wconf 81' lang='grc' dir='ltr'>πρὸς</span> <span class='ocrx_word' id='word_1_529' title='bbox 2923 1396 3022 1464; x_wconf 80' lang='grc' dir='ltr'>τὴν</span> <span class='ocrx_word' id='word_1_530' title='bbox 3052 1396 3153 1465; x_wconf 83' lang='grc' dir='ltr'>σὴν</span> <span class='ocrx_word' id='word_1_531' title='bbox 3180 1396 3464 1451; x_wconf 78' lang='grc' dir='ltr'>εὐλάϐειαν</span> <span class='ocrx_word' id='word_1_532' title='bbox 3517 1400 3622 1469; x_wconf 75' lang='grc' dir='ltr'>ἀφο</span> 
     </span>
    </p>
   </div>
   <div class='ocr_carea' id='block_1_74' title="bbox 2046 1479 3626 1559">
    <p class='ocr_par' dir='ltr' id='par_1_74' title="bbox 2046 1479 3626 1559">
     <span class='ocr_line' id='line_1_75' title="bbox 2046 1479 3626 1559; baseline 0.006 -27"><span class='ocrx_word' id='word_1_533' title='bbox 2046 1479 2405 1550; x_wconf 88' lang='grc' dir='ltr'>ικνουμένων,</span> <span class='ocrx_word' id='word_1_534' title='bbox 2437 1482 2688 1554; x_wconf 87' lang='grc' dir='ltr'>πρότεροι</span> <span class='ocrx_word' id='word_1_535' title='bbox 2717 1486 2831 1547; x_wconf 85' lang='grc' dir='ltr'>τοῖς</span> <span class='ocrx_word' id='word_1_536' title='bbox 2860 1484 3182 1556; x_wconf 85' lang='grc' dir='ltr'>γράμμασιν</span> <span class='ocrx_word' id='word_1_537' title='bbox 3205 1487 3626 1559; x_wconf 79' lang='grc' dir='ltr'>ἐπεπηδὴσαμεν</span> 
     </span>
    </p>
   </div>
   <div class='ocr_carea' id='block_1_75' title="bbox 2042 1571 3622 1650">
    <p class='ocr_par' dir='ltr' id='par_1_75' title="bbox 2042 1571 3622 1650">
     <span class='ocr_line' id='line_1_76' title="bbox 2042 1571 3622 1650; baseline 0.005 -26"><span class='ocrx_word' id='word_1_538' title='bbox 2042 1573 2156 1635; x_wconf 86' lang='grc' dir='ltr'>τοῖς</span> <span class='ocrx_word' id='word_1_539' title='bbox 2189 1571 2326 1643; x_wconf 78' lang='grc' dir='ltr'>πρὸς</span> <span class='ocrx_word' id='word_1_540' title='bbox 2362 1572 2462 1645; x_wconf 83' lang='grc' dir='ltr'>τὴν</span> <span class='ocrx_word' id='word_1_541' title='bbox 2496 1574 2594 1645; x_wconf 78' lang='grc' dir='ltr'>σὴν</span> <span class='ocrx_word' id='word_1_542' title='bbox 2620 1575 2928 1647; x_wconf 85' lang='grc' dir='ltr'>τιμιότητα,</span> <span class='ocrx_word' id='word_1_543' title='bbox 2956 1578 3049 1631; x_wconf 88' lang='grc' dir='ltr'>καί</span> <span class='ocrx_word' id='word_1_544' title='bbox 3086 1595 3145 1632; x_wconf 91' lang='grc' dir='ltr'>σε</span> <span class='ocrx_word' id='word_1_545' title='bbox 3177 1578 3622 1650; x_wconf 73' lang='grc' dir='ltr'>παρακαλοῦμεν,</span> 
     </span>
    </p>
   </div>
   <div class='ocr_carea' id='block_1_76' title="bbox 2044 1664 3621 1741">
    <p class='ocr_par' dir='ltr' id='par_1_76' title="bbox 2044 1664 3621 1741">
     <span class='ocr_line' id='line_1_77' title="bbox 2044 1664 3621 1741; baseline 0.006 -26"><span class='ocrx_word' id='word_1_546' title='bbox 2044 1664 2205 1734; x_wconf 86' lang='grc' dir='ltr'>ἡνίκα</span> <span class='ocrx_word' id='word_1_547' title='bbox 2232 1664 2298 1717; x_wconf 80' lang='grc' dir='ltr'>ἂν</span> <span class='ocrx_word' id='word_1_548' title='bbox 2330 1664 2447 1735; x_wconf 79' lang='grc' dir='ltr'>ἐξῇ,</span> <span class='ocrx_word' id='word_1_549' title='bbox 2483 1667 2577 1719; x_wconf 79' lang='grc' dir='ltr'>καὶ</span> <span class='ocrx_word' id='word_1_550' title='bbox 2606 1667 2768 1721; x_wconf 82' lang='grc' dir='ltr'>αὑτὸν</span> <span class='ocrx_word' id='word_1_551' title='bbox 2814 1670 3055 1740; x_wconf 90' lang='grc' dir='ltr'>συνεχῶς</span> <span class='ocrx_word' id='word_1_552' title='bbox 3102 1672 3233 1741; x_wconf 82' lang='grc' dir='ltr'>ἡμῖν</span> <span class='ocrx_word' id='word_1_553' title='bbox 3270 1671 3621 1736; x_wconf 81' lang='grc' dir='ltr'>ἐπιστέλλειν,</span> 
     </span>
    </p>
   </div>
   <div class='ocr_carea' id='block_1_77' title="bbox 2042 1754 3624 1829">
    <p class='ocr_par' dir='ltr' id='par_1_77' title="bbox 2042 1754 3624 1829">
     <span class='ocr_line' id='line_1_78' title="bbox 2042 1754 3624 1829; baseline 0.003 -22"><span class='ocrx_word' id='word_1_554' title='bbox 2042 1754 2290 1826; x_wconf 72' lang='grc' dir='ltr'>καὶπερὶ</span> <span class='ocrx_word' id='word_1_555' title='bbox 2326 1755 2426 1826; x_wconf 83' lang='grc' dir='ltr'>τῆς</span> <span class='ocrx_word' id='word_1_556' title='bbox 2462 1754 2647 1824; x_wconf 84' lang='grc' dir='ltr'>ὑγείας</span> <span class='ocrx_word' id='word_1_557' title='bbox 2683 1759 2785 1827; x_wconf 82' lang='grc' dir='ltr'>τῆς</span> <span class='ocrx_word' id='word_1_558' title='bbox 2811 1757 2911 1829; x_wconf 81' lang='grc' dir='ltr'>σῆς</span> <span class='ocrx_word' id='word_1_559' title='bbox 2937 1756 3151 1827; x_wconf 86' lang='grc' dir='ltr'>δηλοῦν.</span> <span class='ocrx_word' id='word_1_560' title='bbox 3203 1757 3472 1828; x_wconf 87' lang='grc' dir='ltr'>Οἰκοῦμεν</span> <span class='ocrx_word' id='word_1_561' title='bbox 3513 1758 3624 1829; x_wconf 80' lang='grc' dir='ltr'>γὰρ</span> 
     </span>
    </p>
   </div>
   <div class='ocr_carea' id='block_1_78' title="bbox 2042 1846 3623 1921">
    <p class='ocr_par' dir='ltr' id='par_1_78' title="bbox 2042 1846 3623 1921">
     <span class='ocr_line' id='line_1_79' title="bbox 2042 1846 3623 1921; baseline 0.001 -22"><span class='ocrx_word' id='word_1_562' title='bbox 2042 1846 2239 1918; x_wconf 89' lang='grc' dir='ltr'>χωρίον</span> <span class='ocrx_word' id='word_1_563' title='bbox 2263 1847 2621 1918; x_wconf 83' lang='grc' dir='ltr'>ἐρημότατον,</span> <span class='ocrx_word' id='word_1_564' title='bbox 2653 1848 2749 1902; x_wconf 75' lang='grc' dir='ltr'>καὶ</span> <span class='ocrx_word' id='word_1_565' title='bbox 2783 1848 2965 1920; x_wconf 83' lang='grc' dir='ltr'>πάσης</span> <span class='ocrx_word' id='word_1_566' title='bbox 2987 1846 3096 1920; x_wconf 69' lang='grc' dir='ltr'>τῆς⁴</span> <span class='ocrx_word' id='word_1_567' title='bbox 3108 1848 3231 1902; x_wconf 82' lang='grc' dir='ltr'>καθ’</span> <span class='ocrx_word' id='word_1_568' title='bbox 3263 1851 3412 1921; x_wconf 78' lang='grc' dir='ltr'>ἡμᾶς</span> <span class='ocrx_word' id='word_1_569' title='bbox 3442 1851 3623 1902; x_wconf 80' lang='grc' dir='ltr'>οἰκου-</span> 
     </span>
    </p>
   </div>
   <div class='ocr_carea' id='block_1_79' title="bbox 2044 1936 3620 2012">
    <p class='ocr_par' dir='ltr' id='par_1_79' title="bbox 2044 1936 3620 2012">
     <span class='ocr_line' id='line_1_80' title="bbox 2044 1936 3620 2012; baseline 0 -22"><span class='ocrx_word' id='word_1_570' title='bbox 2044 1936 2213 2008; x_wconf 84' lang='grc' dir='ltr'>μένης</span> <span class='ocrx_word' id='word_1_571' title='bbox 2230 1937 2564 2009; x_wconf 85' lang='grc' dir='ltr'>ἐρημότερον</span> <span class='ocrx_word' id='word_1_572' title='bbox 2584 1954 2598 1967; x_wconf 90' lang='grc'><strong>·</strong></span> <span class='ocrx_word' id='word_1_573' title='bbox 2628 1938 3063 2012; x_wconf 86' lang='grc' dir='ltr'>πολιορκούμεθα</span> <span class='ocrx_word' id='word_1_574' title='bbox 3085 1940 3178 1992; x_wconf 72' lang='grc' dir='ltr'>καὶ</span> <span class='ocrx_word' id='word_1_575' title='bbox 3208 1939 3357 2010; x_wconf 80' lang='grc' dir='ltr'>φόϐῳ</span> <span class='ocrx_word' id='word_1_576' title='bbox 3384 1938 3620 2010; x_wconf 77' lang='grc' dir='ltr'>λῃστῶν,</span> 
     </span>
    </p>
   </div>
   <div class='ocr_carea' id='block_1_80' title="bbox 2040 2028 3623 2103">
    <p class='ocr_par' dir='ltr' id='par_1_80' title="bbox 2040 2028 3623 2103">
     <span class='ocr_line' id='line_1_81' title="bbox 2040 2028 3623 2103; baseline -0.001 -19"><span class='ocrx_word' id='word_1_577' title='bbox 2040 2028 2136 2084; x_wconf 77' lang='grc' dir='ltr'>καὶ</span> <span class='ocrx_word' id='word_1_578' title='bbox 2173 2028 2372 2093; x_wconf 85' lang='grc' dir='ltr'>πολλὰς</span> <span class='ocrx_word' id='word_1_579' title='bbox 2419 2030 2497 2095; x_wconf 84' lang='grc' dir='ltr'>ὡς</span> <span class='ocrx_word' id='word_1_580' title='bbox 2545 2032 2606 2084; x_wconf 88' lang='grc' dir='ltr'>ἐν</span> <span class='ocrx_word' id='word_1_581' title='bbox 2637 2029 2894 2103; x_wconf 83' lang='grc' dir='ltr'>ἀλλοτρίᾳ</span> <span class='ocrx_word' id='word_1_582' title='bbox 2930 2030 3026 2085; x_wconf 73' lang='grc' dir='ltr'>καὶ</span> <span class='ocrx_word' id='word_1_583' title='bbox 3050 2031 3108 2083; x_wconf 91' lang='grc' dir='ltr'>ἐν</span> <span class='ocrx_word' id='word_1_584' title='bbox 3139 2028 3379 2102; x_wconf 82' lang='grc' dir='ltr'>τοσαύτῃ</span> <span class='ocrx_word' id='word_1_585' title='bbox 3414 2028 3623 2101; x_wconf 66' lang='grc' dir='ltr'>ἐρημίᾳ.</span> 
     </span>
    </p>
   </div>
   <div class='ocr_carea' id='block_1_81' title="bbox 2039 2122 3620 2196">
    <p class='ocr_par' dir='ltr' id='par_1_81' title="bbox 2039 2122 3620 2196">
     <span class='ocr_line' id='line_1_82' title="bbox 2039 2122 3620 2196; baseline -0.001 -19"><span class='ocrx_word' id='word_1_586' title='bbox 2039 2122 2246 2193; x_wconf 76' lang='grc' dir='ltr'>θλίψεις</span> <span class='ocrx_word' id='word_1_587' title='bbox 2294 2123 2676 2195; x_wconf 77' lang='grc' dir='ltr'>ὑπομένομενο</span> <span class='ocrx_word' id='word_1_588' title='bbox 2726 2124 2867 2196; x_wconf 83' lang='grc' dir='ltr'>πλὴν</span> <span class='ocrx_word' id='word_1_589' title='bbox 2909 2124 3005 2177; x_wconf 83' lang='grc' dir='ltr'>ἐὰν</span> <span class='ocrx_word' id='word_1_590' title='bbox 3045 2124 3200 2195; x_wconf 88' lang='grc' dir='ltr'>ὑμῶν</span> <span class='ocrx_word' id='word_1_591' title='bbox 3252 2123 3360 2176; x_wconf 89' lang='grc' dir='ltr'>τῶν</span> <span class='ocrx_word' id='word_1_592' title='bbox 3416 2123 3620 2195; x_wconf 86' lang='grc' dir='ltr'>σφόδρα</span> 
     </span>
    </p>
   </div>
   <div class='ocr_carea' id='block_1_82' title="bbox 2036 2214 3620 2287">
    <p class='ocr_par' dir='ltr' id='par_1_82' title="bbox 2036 2214 3620 2287">
     <span class='ocr_line' id='line_1_83' title="bbox 2036 2214 3620 2287; baseline -0.001 -18"><span class='ocrx_word' id='word_1_593' title='bbox 2036 2217 2188 2287; x_wconf 80' lang='grc' dir='ltr'>ἡμᾶς</span> <span class='ocrx_word' id='word_1_594' title='bbox 2217 2214 2554 2284; x_wconf 85' lang='grc' dir='ltr'>ἀγαπώντων</span> <span class='ocrx_word' id='word_1_595' title='bbox 2575 2214 2794 2278; x_wconf 85' lang='grc' dir='ltr'>πυκνῶς</span> <span class='ocrx_word' id='word_1_596' title='bbox 2811 2216 3155 2286; x_wconf 83' lang='grc' dir='ltr'>ἐπιτυγχάνω</span> <span class='ocrx_word' id='word_1_597' title='bbox 3161 2232 3259 2286; x_wconf 90' lang='grc' dir='ltr'>μεν</span> <span class='ocrx_word' id='word_1_598' title='bbox 3278 2216 3620 2286; x_wconf 86' lang='grc' dir='ltr'>γραμμάτων</span> 
     </span>
    </p>
   </div>
   <div class='ocr_carea' id='block_1_83' title="bbox 2037 2307 3621 2380">
    <p class='ocr_par' dir='ltr' id='par_1_83' title="bbox 2037 2307 3621 2380">
     <span class='ocr_line' id='line_1_84' title="bbox 2037 2307 3621 2380; baseline 0.001 -20"><span class='ocrx_word' id='word_1_599' title='bbox 2037 2307 2106 2362; x_wconf 81' lang='grc' dir='ltr'>τά</span> <span class='ocrx_word' id='word_1_600' title='bbox 2134 2308 2265 2379; x_wconf 82' lang='grc' dir='ltr'>περὶ</span> <span class='ocrx_word' id='word_1_601' title='bbox 2290 2308 2389 2378; x_wconf 84' lang='grc' dir='ltr'>τῆς</span> <span class='ocrx_word' id='word_1_602' title='bbox 2420 2307 2609 2376; x_wconf 85' lang='grc' dir='ltr'>ὑγείας</span> <span class='ocrx_word' id='word_1_603' title='bbox 2639 2311 2738 2380; x_wconf 83' lang='grc' dir='ltr'>τῆς</span> <span class='ocrx_word' id='word_1_604' title='bbox 2761 2308 3031 2379; x_wconf 81' lang='grc' dir='ltr'>ὑμετέρας</span> <span class='ocrx_word' id='word_1_605' title='bbox 3052 2308 3377 2380; x_wconf 79' lang='grc' dir='ltr'>δηλούντων,</span> <span class='ocrx_word' id='word_1_606' title='bbox 3419 2307 3621 2379; x_wconf 82' lang='grc' dir='ltr'>πολλὴν</span> 
     </span>
    </p>
   </div>
   <div class='ocr_carea' id='block_1_84' title="bbox 2038 2398 3620 2473">
    <p class='ocr_par' dir='ltr' id='par_1_84' title="bbox 2038 2398 3620 2473">
     <span class='ocr_line' id='line_1_85' title="bbox 2038 2398 3620 2473; baseline 0 -19"><span class='ocrx_word' id='word_1_607' title='bbox 2038 2400 2134 2455; x_wconf 75' lang='grc' dir='ltr'>καὶ</span> <span class='ocrx_word' id='word_1_608' title='bbox 2171 2402 2230 2454; x_wconf 89' lang='grc' dir='ltr'>ἐν</span> <span class='ocrx_word' id='word_1_609' title='bbox 2250 2400 2540 2460; x_wconf 83' lang='grc' dir='ltr'>τοσαύταις</span> <span class='ocrx_word' id='word_1_610' title='bbox 2573 2400 2963 2473; x_wconf 90' lang='grc' dir='ltr'>περιστάσεσιν</span> <span class='ocrx_word' id='word_1_611' title='bbox 3015 2399 3168 2464; x_wconf 74' lang='grc' dir='ltr'>ὄντες</span> <span class='ocrx_word' id='word_1_612' title='bbox 3213 2398 3620 2471; x_wconf 89' lang='grc' dir='ltr'>καρπωσόμεθα</span> 
     </span>
    </p>
   </div>
   <div class='ocr_carea' id='block_1_85' title="bbox 2038 2488 3620 2566">
    <p class='ocr_par' dir='ltr' id='par_1_85' title="bbox 2038 2488 3620 2566">
     <span class='ocr_line' id='line_1_86' title="bbox 2038 2488 3620 2566; baseline 0 -21"><span class='ocrx_word' id='word_1_613' title='bbox 2038 2492 2404 2564; x_wconf 86' lang='grc' dir='ltr'>παράκλησιν.</span> <span class='ocrx_word' id='word_1_614' title='bbox 2437 2488 2609 2548; x_wconf 71' lang='grc' dir='ltr'>Οἶσθα</span> <span class='ocrx_word' id='word_1_615' title='bbox 2634 2493 2741 2566; x_wconf 85' lang='grc' dir='ltr'>γάρ</span> <span class='ocrx_word' id='word_1_616' title='bbox 2762 2494 2862 2565; x_wconf 80' lang='grc' dir='ltr'>ὅση</span> <span class='ocrx_word' id='word_1_617' title='bbox 2901 2493 3123 2565; x_wconf 86' lang='grc' dir='ltr'>ἀγάπης</span> <span class='ocrx_word' id='word_1_618' title='bbox 3142 2492 3393 2564; x_wconf 87' lang='grc' dir='ltr'>δύναμις,</span> <span class='ocrx_word' id='word_1_619' title='bbox 3419 2493 3514 2546; x_wconf 74' lang='grc' dir='ltr'>καὶ</span> <span class='ocrx_word' id='word_1_620' title='bbox 3543 2492 3620 2555; x_wconf 87' lang='grc' dir='ltr'>ὡς</span> 
     </span>
    </p>
   </div>
   <div class='ocr_carea' id='block_1_86' title="bbox 2037 2584 3619 2656">
    <p class='ocr_par' dir='ltr' id='par_1_86' title="bbox 2037 2584 3619 2656">
     <span class='ocr_line' id='line_1_87' title="bbox 2037 2584 3619 2656; baseline -0.001 -19"><span class='ocrx_word' id='word_1_621' title='bbox 2037 2584 2099 2638; x_wconf 87' lang='grc' dir='ltr'>οὑ</span> <span class='ocrx_word' id='word_1_622' title='bbox 2130 2585 2400 2656; x_wconf 86' lang='grc' dir='ltr'>παρουσία</span> <span class='ocrx_word' id='word_1_623' title='bbox 2447 2584 2555 2637; x_wconf 93' lang='grc' dir='ltr'>τῶν</span> <span class='ocrx_word' id='word_1_624' title='bbox 2609 2584 2917 2656; x_wconf 79' lang='grc' dir='ltr'>φιλούντων</span> <span class='ocrx_word' id='word_1_625' title='bbox 2938 2584 3116 2656; x_wconf 88' lang='grc' dir='ltr'>μόνον,</span> <span class='ocrx_word' id='word_1_626' title='bbox 3151 2585 3287 2639; x_wconf 87' lang='grc' dir='ltr'>ἀλλά</span> <span class='ocrx_word' id='word_1_627' title='bbox 3317 2584 3411 2638; x_wconf 78' lang='grc' dir='ltr'>καὶ</span> <span class='ocrx_word' id='word_1_628' title='bbox 3434 2584 3619 2655; x_wconf 89' lang='grc' dir='ltr'>γράμ-</span> 
     </span>
    </p>
   </div>
   <div class='ocr_carea' id='block_1_87' title="bbox 2040 2671 3619 2748">
    <p class='ocr_par' dir='ltr' id='par_1_87' title="bbox 2040 2671 3619 2748">
     <span class='ocr_line' id='line_1_88' title="bbox 2040 2671 3619 2748; baseline -0.003 -17"><span class='ocrx_word' id='word_1_629' title='bbox 2040 2693 2186 2748; x_wconf 87' lang='grc' dir='ltr'>ματα</span> <span class='ocrx_word' id='word_1_630' title='bbox 2219 2676 2418 2748; x_wconf 78' lang='grc' dir='ltr'>πολλὴν</span> <span class='ocrx_word' id='word_1_631' title='bbox 2443 2675 2711 2747; x_wconf 82' lang='grc' dir='ltr'>φέρειτὴν</span> <span class='ocrx_word' id='word_1_632' title='bbox 2745 2676 3118 2748; x_wconf 81' lang='grc' dir='ltr'>παραμυθίαν.</span> <span class='ocrx_word' id='word_1_633' title='bbox 3155 2675 3319 2729; x_wconf 79' lang='grc' dir='ltr'>Ταῦτ’</span> <span class='ocrx_word' id='word_1_634' title='bbox 3338 2673 3432 2729; x_wconf 74' lang='grc' dir='ltr'>οὖν</span> <span class='ocrx_word' id='word_1_635' title='bbox 3462 2671 3619 2741; x_wconf 72' lang='grc' dir='ltr'>εἰδὼς</span> 
     </span>
    </p>
   </div>
   <div class='ocr_carea' id='block_1_88' title="bbox 2035 2766 3711 2839">
    <p class='ocr_par' dir='ltr' id='par_1_88' title="bbox 2035 2766 3711 2839">
     <span class='ocr_line' id='line_1_89' title="bbox 2035 2766 3711 2839; baseline -0.001 -17"><span class='ocrx_word' id='word_1_636' title='bbox 2035 2768 2415 2838; x_wconf 77' lang='grc' dir='ltr'>ἐπιδαψιλεύου</span> <span class='ocrx_word' id='word_1_637' title='bbox 2450 2766 2656 2839; x_wconf 89' lang='grc' dir='ltr'>ταύτην</span> <span class='ocrx_word' id='word_1_638' title='bbox 2683 2769 2815 2837; x_wconf 82' lang='grc' dir='ltr'>ἡμῖν</span> <span class='ocrx_word' id='word_1_639' title='bbox 2846 2766 2946 2839; x_wconf 80' lang='grc' dir='ltr'>τὴν</span> <span class='ocrx_word' id='word_1_640' title='bbox 3001 2766 3360 2839; x_wconf 86' lang='grc' dir='ltr'>εὐφροσύνην,</span> <span class='ocrx_word' id='word_1_641' title='bbox 3396 2769 3618 2839; x_wconf 83' lang='grc' dir='ltr'>συνεχέ-</span> <span class='ocrx_word' id='word_1_642' title='bbox 3700 2796 3711 2805; x_wconf 61' lang='grc' dir='ltr'>ι</span> 
     </span>
    </p>
   </div>
   <div class='ocr_carea' id='block_1_89' title="bbox 2036 2854 3617 2933">
    <p class='ocr_par' dir='ltr' id='par_1_89' title="bbox 2036 2854 3617 2933">
     <span class='ocr_line' id='line_1_90' title="bbox 2036 2854 3617 2933; baseline 0.001 -20"><span class='ocrx_word' id='word_1_643' title='bbox 2036 2876 2226 2930; x_wconf 90' lang='grc' dir='ltr'>στερον</span> <span class='ocrx_word' id='word_1_644' title='bbox 2250 2858 2321 2913; x_wconf 89' lang='grc' dir='ltr'>τά</span> <span class='ocrx_word' id='word_1_645' title='bbox 2352 2858 2482 2930; x_wconf 74' lang='grc' dir='ltr'>περὶ</span> <span class='ocrx_word' id='word_1_646' title='bbox 2528 2859 2626 2928; x_wconf 80' lang='grc' dir='ltr'>τῆς</span> <span class='ocrx_word' id='word_1_647' title='bbox 2655 2857 2845 2927; x_wconf 85' lang='grc' dir='ltr'>ὑγείας</span> <span class='ocrx_word' id='word_1_648' title='bbox 2888 2859 2987 2930; x_wconf 81' lang='grc' dir='ltr'>τῆς</span> <span class='ocrx_word' id='word_1_649' title='bbox 3015 2859 3117 2931; x_wconf 82' lang='grc' dir='ltr'>σῆς</span> <span class='ocrx_word' id='word_1_650' title='bbox 3154 2859 3354 2931; x_wconf 85' lang='grc' dir='ltr'>δηλῶν,</span> <span class='ocrx_word' id='word_1_651' title='bbox 3391 2861 3519 2933; x_wconf 70' lang='grc' dir='ltr'>περὶ</span> <span class='ocrx_word' id='word_1_652' title='bbox 3548 2854 3617 2933; x_wconf 83' lang='grc' dir='ltr'>ἦς</span> 
     </span>
    </p>
   </div>
   <div class='ocr_carea' id='block_1_90' title="bbox 2037 2948 3298 3022">
    <p class='ocr_par' dir='ltr' id='par_1_90' title="bbox 2037 2948 3298 3022">
     <span class='ocr_line' id='line_1_91' title="bbox 2037 2948 3298 3022; baseline 0.002 -19"><span class='ocrx_word' id='word_1_653' title='bbox 2037 2950 2271 3022; x_wconf 80' lang='grc' dir='ltr'>μάλιστα</span> <span class='ocrx_word' id='word_1_654' title='bbox 2306 2948 2774 3022; x_wconf 83' lang='grc' dir='ltr'>περισπούδαστον</span> <span class='ocrx_word' id='word_1_655' title='bbox 2806 2952 2941 3021; x_wconf 81' lang='grc' dir='ltr'>ἡμῖν</span> <span class='ocrx_word' id='word_1_656' title='bbox 2983 2949 3298 3022; x_wconf 89' lang='grc' dir='ltr'>μανθάνειν.</span> 
     </span>
    </p>
   </div>
   <div class='ocr_carea' id='block_1_91' title="bbox 2439 3058 3212 3133">
    <p class='ocr_par' dir='ltr' id='par_1_91' title="bbox 2439 3058 3212 3133">
     <span class='ocr_line' id='line_1_92' title="bbox 2439 3058 3212 3133; baseline 0.001 -18"><span class='ocrx_word' id='word_1_657' title='bbox 2439 3058 2590 3133; x_wconf 73' lang='grc'>[612]</span> <span class='ocrx_word' id='word_1_658' title='bbox 2624 3066 2757 3115; x_wconf 84' lang='lat' dir='ltr'><strong><em>AA&#39;.</em></strong></span> <span class='ocrx_word' id='word_1_659' title='bbox 2801 3061 3212 3130; x_wconf 75' lang='grc' dir='ltr'>Μαρκελλίνῳ.</span> 
     </span>
    </p>
   </div>
   <div class='ocr_carea' id='block_1_92' title="bbox 2104 3170 3621 3245">
    <p class='ocr_par' dir='ltr' id='par_1_92' title="bbox 2104 3170 3621 3245">
     <span class='ocr_line' id='line_1_93' title="bbox 2104 3170 3621 3245; baseline -0.003 -17"><span class='ocrx_word' id='word_1_660' title='bbox 2104 3171 2341 3245; x_wconf 77' lang='grc' dir='ltr'>Μακρὰν</span> <span class='ocrx_word' id='word_1_661' title='bbox 2391 3171 2493 3242; x_wconf 85' lang='grc' dir='ltr'>μὲν</span> <span class='ocrx_word' id='word_1_662' title='bbox 2549 3172 2889 3243; x_wconf 78' lang='grc' dir='ltr'>ἐσιγὴσαμεν</span> <span class='ocrx_word' id='word_1_663' title='bbox 2944 3170 3244 3243; x_wconf 86' lang='grc' dir='ltr'>ἀμφότεροι</span> <span class='ocrx_word' id='word_1_664' title='bbox 3278 3170 3437 3243; x_wconf 81' lang='grc' dir='ltr'>σιγὴν</span> <span class='ocrx_word' id='word_1_665' title='bbox 3484 3170 3621 3243; x_wconf 76' lang='grc' dir='ltr'>πρὸς</span> 
     </span>
    </p>
   </div>
   <div class='ocr_carea' id='block_1_93' title="bbox 2032 3263 3620 3338">
    <p class='ocr_par' dir='ltr' id='par_1_93' title="bbox 2032 3263 3620 3338">
     <span class='ocr_line' id='line_1_94' title="bbox 2032 3263 3620 3338; baseline -0.001 -18"><span class='ocrx_word' id='word_1_666' title='bbox 2032 3266 2316 3338; x_wconf 86' lang='grc' dir='ltr'>ἀλλήλους,</span> <span class='ocrx_word' id='word_1_667' title='bbox 2340 3264 2439 3336; x_wconf 81' lang='grc' dir='ltr'>τῆς</span> <span class='ocrx_word' id='word_1_668' title='bbox 2457 3264 2514 3318; x_wconf 84' lang='grc' dir='ltr'>δὲ</span> <span class='ocrx_word' id='word_1_669' title='bbox 2540 3265 2761 3334; x_wconf 81' lang='grc' dir='ltr'>ἀγάπης</span> <span class='ocrx_word' id='word_1_670' title='bbox 2785 3281 2879 3318; x_wconf 91' lang='grc' dir='ltr'>σου</span> <span class='ocrx_word' id='word_1_671' title='bbox 2897 3265 2996 3336; x_wconf 76' lang='grc' dir='ltr'>τῆς</span> <span class='ocrx_word' id='word_1_672' title='bbox 3023 3263 3254 3335; x_wconf 89' lang='grc' dir='ltr'>ἀρχαίας</span> <span class='ocrx_word' id='word_1_673' title='bbox 3274 3264 3368 3317; x_wconf 79' lang='grc' dir='ltr'>καὶ</span> <span class='ocrx_word' id='word_1_674' title='bbox 3388 3264 3620 3335; x_wconf 85' lang='grc' dir='ltr'>γνησίας</span> 
     </span>
    </p>
   </div>
   <div class='ocr_carea' id='block_1_94' title="bbox 2032 3356 3618 3430">
    <p class='ocr_par' dir='ltr' id='par_1_94' title="bbox 2032 3356 3618 3430">
     <span class='ocr_line' id='line_1_95' title="bbox 2032 3356 3618 3430; baseline -0.001 -18"><span class='ocrx_word' id='word_1_675' title='bbox 2032 3361 2164 3429; x_wconf 88' lang='grc' dir='ltr'>ἡμῖν</span> <span class='ocrx_word' id='word_1_676' title='bbox 2198 3358 2412 3430; x_wconf 84' lang='grc' dir='ltr'>ἐκείνης</span> <span class='ocrx_word' id='word_1_677' title='bbox 2465 3358 2567 3411; x_wconf 87' lang='grc' dir='ltr'>οὑκ</span> <span class='ocrx_word' id='word_1_678' title='bbox 2619 3356 3046 3428; x_wconf 80' lang='grc' dir='ltr'>ἐπιλελήσμεθα,</span> <span class='ocrx_word' id='word_1_679' title='bbox 3090 3356 3207 3409; x_wconf 77' lang='grc' dir='ltr'>ἀλλ’</span> <span class='ocrx_word' id='word_1_680' title='bbox 3262 3356 3618 3427; x_wconf 74' lang='grc' dir='ltr'>ἀκμάζουσαν</span> 
     </span>
    </p>
   </div>
   <div class='ocr_carea' id='block_1_95' title="bbox 2032 3444 3618 3519">
    <p class='ocr_par' dir='ltr' id='par_1_95' title="bbox 2032 3444 3618 3519">
     <span class='ocr_line' id='line_1_96' title="bbox 2032 3444 3618 3519; baseline -0.001 -20"><span class='ocrx_word' id='word_1_681' title='bbox 2032 3446 2202 3519; x_wconf 78' lang='grc' dir='ltr'>αὑτὴν</span> <span class='ocrx_word' id='word_1_682' title='bbox 2231 3446 2618 3519; x_wconf 85' lang='grc' dir='ltr'>διατηροῦμεν,</span> <span class='ocrx_word' id='word_1_683' title='bbox 2651 3449 2746 3502; x_wconf 77' lang='grc' dir='ltr'>καὶ</span> <span class='ocrx_word' id='word_1_684' title='bbox 2774 3449 3016 3518; x_wconf 85' lang='grc' dir='ltr'>ὅπουπερ</span> <span class='ocrx_word' id='word_1_685' title='bbox 3049 3444 3116 3500; x_wconf 81' lang='grc' dir='ltr'>ἂν</span> <span class='ocrx_word' id='word_1_686' title='bbox 3141 3446 3413 3517; x_wconf 87' lang='grc' dir='ltr'>ἀπίωμεν,</span> <span class='ocrx_word' id='word_1_687' title='bbox 3448 3447 3618 3518; x_wconf 81' lang='grc' dir='ltr'>αὑτὴν</span> 
     </span>
    </p>
   </div>
   <div class='ocr_carea' id='block_1_96' title="bbox 2032 3515 3616 3611">
    <p class='ocr_par' dir='ltr' id='par_1_96' title="bbox 2032 3515 3616 3611">
     <span class='ocr_line' id='line_1_97' title="bbox 2032 3515 3616 3611; baseline 0 -23"><span class='ocrx_word' id='word_1_688' title='bbox 2032 3515 2425 3611; x_wconf 36' lang='grc' dir='ltr'>περι-φέρομεν,</span> <span class='ocrx_word' id='word_1_689' title='bbox 2479 3515 2745 3610; x_wconf 81' lang='grc' dir='ltr'>μεγίστην</span> <span class='ocrx_word' id='word_1_690' title='bbox 2802 3515 3057 3591; x_wconf 80' lang='grc' dir='ltr'>ἐντεῦθεν</span> <span class='ocrx_word' id='word_1_691' title='bbox 3111 3515 3484 3609; x_wconf 83' lang='grc' dir='ltr'>καρπούμενοι</span> <span class='ocrx_word' id='word_1_692' title='bbox 3517 3515 3616 3606; x_wconf 67' lang='grc' dir='ltr'>τήν</span> 
     </span>
    </p>
   </div>
   <div class='ocr_carea' id='block_1_97' title="bbox 2035 3627 3616 3706">
    <p class='ocr_par' dir='ltr' id='par_1_97' title="bbox 2035 3627 3616 3706">
     <span class='ocr_line' id='line_1_98' title="bbox 2035 3627 3616 3706; baseline -0.004 -17"><span class='ocrx_word' id='word_1_693' title='bbox 2035 3632 2403 3706; x_wconf 86' lang='grc' dir='ltr'>παράκλησιν.</span> <span class='ocrx_word' id='word_1_694' title='bbox 2434 3634 2526 3687; x_wconf 82' lang='grc' dir='ltr'>Διὸ</span> <span class='ocrx_word' id='word_1_695' title='bbox 2548 3631 2614 3703; x_wconf 82' lang='grc' dir='ltr'>δὴ</span> <span class='ocrx_word' id='word_1_696' title='bbox 2640 3633 2735 3687; x_wconf 74' lang='grc' dir='ltr'>καὶ</span> <span class='ocrx_word' id='word_1_697' title='bbox 2759 3631 2854 3686; x_wconf 91' lang='grc' dir='ltr'>νῦν</span> <span class='ocrx_word' id='word_1_698' title='bbox 2871 3632 3219 3701; x_wconf 80' lang='grc' dir='ltr'>ἐπιτυχόντες</span> <span class='ocrx_word' id='word_1_699' title='bbox 3234 3631 3339 3683; x_wconf 90' lang='grc' dir='ltr'>τῶν</span> <span class='ocrx_word' id='word_1_700' title='bbox 3360 3627 3496 3700; x_wconf 81' lang='grc' dir='ltr'>πρὸς</span> <span class='ocrx_word' id='word_1_701' title='bbox 3513 3628 3616 3698; x_wconf 83' lang='grc' dir='ltr'>τὴν</span> 
     </span>
    </p>
   </div>
   <div class='ocr_carea' id='block_1_98' title="bbox 2034 3720 3617 3798">
    <p class='ocr_par' dir='ltr' id='par_1_98' title="bbox 2034 3720 3617 3798">
     <span class='ocr_line' id='line_1_99' title="bbox 2034 3720 3617 3798; baseline -0.004 -18"><span class='ocrx_word' id='word_1_702' title='bbox 2034 3727 2134 3798; x_wconf 85' lang='grc' dir='ltr'>σὴν</span> <span class='ocrx_word' id='word_1_703' title='bbox 2149 3727 2433 3796; x_wconf 81' lang='grc' dir='ltr'>εὐγένειαν</span> <span class='ocrx_word' id='word_1_704' title='bbox 2449 3725 2889 3796; x_wconf 78' lang='grc' dir='ltr'>ἀφικνουμένων,</span> <span class='ocrx_word' id='word_1_705' title='bbox 2909 3725 3009 3795; x_wconf 82' lang='grc' dir='ltr'>τήν</span> <span class='ocrx_word' id='word_1_706' title='bbox 3031 3741 3090 3777; x_wconf 89' lang='grc' dir='ltr'>τε</span> <span class='ocrx_word' id='word_1_707' title='bbox 3112 3720 3468 3793; x_wconf 74' lang='grc' dir='ltr'>ὀφειλομένην</span> <span class='ocrx_word' id='word_1_708' title='bbox 3487 3720 3617 3775; x_wconf 68' lang='grc' dir='ltr'>ἀποη</span> 
     </span>
    </p>
   </div>
   <div class='ocr_carea' id='block_1_99' title="bbox 2030 3808 3616 3889">
    <p class='ocr_par' dir='ltr' id='par_1_99' title="bbox 2030 3808 3616 3889">
     <span class='ocr_line' id='line_1_100' title="bbox 2030 3808 3616 3889; baseline -0.004 -18"><span class='ocrx_word' id='word_1_709' title='bbox 2030 3818 2283 3888; x_wconf 80' lang='grc' dir='ltr'>διδόαμεν</span> <span class='ocrx_word' id='word_1_710' title='bbox 2328 3817 2653 3889; x_wconf 80' lang='grc' dir='ltr'>πρόσρησιν,</span> <span class='ocrx_word' id='word_1_711' title='bbox 2693 3816 2787 3869; x_wconf 77' lang='grc' dir='ltr'>καὶ</span> <span class='ocrx_word' id='word_1_712' title='bbox 2835 3814 3123 3886; x_wconf 87' lang='grc' dir='ltr'>δηλοῦμεν,</span> <span class='ocrx_word' id='word_1_713' title='bbox 3179 3812 3264 3867; x_wconf 80' lang='grc' dir='ltr'>ὅτι</span> <span class='ocrx_word' id='word_1_714' title='bbox 3314 3810 3421 3867; x_wconf 74' lang='grc' dir='ltr'>κᾶν</span> <span class='ocrx_word' id='word_1_715' title='bbox 3477 3808 3616 3882; x_wconf 77' lang='grc' dir='ltr'>πρὸς</span> 
     </span>
    </p>
   </div>
   <div class='ocr_carea' id='block_1_100' title="bbox 2032 3902 3610 3980">
    <p class='ocr_par' dir='ltr' id='par_1_100' title="bbox 2032 3902 3610 3980">
     <span class='ocr_line' id='line_1_101' title="bbox 2032 3902 3610 3980; baseline -0.007 -15"><span class='ocrx_word' id='word_1_716' title='bbox 2032 3911 2202 3975; x_wconf 78' lang='grc' dir='ltr'>αὑτὰς</span> <span class='ocrx_word' id='word_1_717' title='bbox 2241 3909 2630 3980; x_wconf 83' lang='grc' dir='ltr'>ἀπενεχθῶμεν</span> <span class='ocrx_word' id='word_1_718' title='bbox 2675 3909 2774 3976; x_wconf 82' lang='grc' dir='ltr'>τῆς</span> <span class='ocrx_word' id='word_1_719' title='bbox 2825 3905 3150 3977; x_wconf 85' lang='grc' dir='ltr'>οἰκουμένης</span> <span class='ocrx_word' id='word_1_720' title='bbox 3186 3903 3287 3967; x_wconf 89' lang='grc' dir='ltr'>τάς</span> <span class='ocrx_word' id='word_1_721' title='bbox 3332 3902 3610 3974; x_wconf 77' lang='grc' dir='ltr'>ἐσχατιάς,</span> 
     </span>
    </p>
   </div>
   <div class='ocr_carea' id='block_1_101' title="bbox 2032 3994 3613 4072">
    <p class='ocr_par' dir='ltr' id='par_1_101' title="bbox 2032 3994 3613 4072">
     <span class='ocr_line' id='line_1_102' title="bbox 2032 3994 3613 4072; baseline -0.003 -18"><span class='ocrx_word' id='word_1_722' title='bbox 2032 4001 2245 4072; x_wconf 67' lang='grc' dir='ltr'>ἔχοντές</span> <span class='ocrx_word' id='word_1_723' title='bbox 2268 4018 2327 4055; x_wconf 86' lang='grc' dir='ltr'>σε</span> <span class='ocrx_word' id='word_1_724' title='bbox 2357 4002 2563 4072; x_wconf 80' lang='grc' dir='ltr'>ἄπιμεν</span> <span class='ocrx_word' id='word_1_725' title='bbox 2593 4001 2651 4053; x_wconf 88' lang='grc' dir='ltr'>ἐν</span> <span class='ocrx_word' id='word_1_726' title='bbox 2682 3997 2892 4069; x_wconf 73' lang='grc' dir='ltr'>διανοίᾳ</span> <span class='ocrx_word' id='word_1_727' title='bbox 2931 3996 3410 4068; x_wconf 83' lang='grc' dir='ltr'>ἐγκεκολαμμένον</span> <span class='ocrx_word' id='word_1_728' title='bbox 3454 3994 3613 4067; x_wconf 84' lang='grc' dir='ltr'>ἡμῶν</span> 
     </span>
    </p>
   </div>
   <div class='ocr_carea' id='block_1_102' title="bbox 2032 4087 3611 4163">
    <p class='ocr_par' dir='ltr' id='par_1_102' title="bbox 2032 4087 3611 4163">
     <span class='ocr_line' id='line_1_103' title="bbox 2032 4087 3611 4163; baseline -0.004 -16"><span class='ocrx_word' id='word_1_729' title='bbox 2032 4093 2110 4163; x_wconf 82' lang='grc' dir='ltr'>τῷ</span> <span class='ocrx_word' id='word_1_730' title='bbox 2142 4092 2424 4146; x_wconf 91' lang='grc' dir='ltr'>συνειδότι.</span> <span class='ocrx_word' id='word_1_731' title='bbox 2469 4090 2607 4145; x_wconf 85' lang='grc' dir='ltr'>Ἀλλ’</span> <span class='ocrx_word' id='word_1_732' title='bbox 2634 4090 2824 4161; x_wconf 82' lang='grc' dir='ltr'>ἐπειδὴ</span> <span class='ocrx_word' id='word_1_733' title='bbox 2849 4091 2965 4153; x_wconf 85' lang='grc' dir='ltr'>τοῖς</span> <span class='ocrx_word' id='word_1_734' title='bbox 2995 4087 3138 4143; x_wconf 79' lang='grc' dir='ltr'>οὑτω</span> <span class='ocrx_word' id='word_1_735' title='bbox 3164 4088 3527 4159; x_wconf 87' lang='grc' dir='ltr'>διακειμένοις</span> <span class='ocrx_word' id='word_1_736' title='bbox 3550 4087 3611 4141; x_wconf 81' lang='grc' dir='ltr'>οὑ</span> 
     </span>
    </p>
   </div>
   <div class='ocr_carea' id='block_1_103' title="bbox 2030 4180 3731 4256">
    <p class='ocr_par' dir='ltr' id='par_1_103' title="bbox 2030 4180 3731 4256">
     <span class='ocr_line' id='line_1_104' title="bbox 2030 4180 3731 4256; baseline -0.006 -16"><span class='ocrx_word' id='word_1_737' title='bbox 2030 4186 2093 4240; x_wconf 85' lang='grc' dir='ltr'>τὸ</span> <span class='ocrx_word' id='word_1_738' title='bbox 2112 4187 2344 4256; x_wconf 78' lang='grc' dir='ltr'>γράφειν</span> <span class='ocrx_word' id='word_1_739' title='bbox 2386 4185 2567 4255; x_wconf 89' lang='grc' dir='ltr'>μόνον,</span> <span class='ocrx_word' id='word_1_740' title='bbox 2621 4181 2757 4238; x_wconf 90' lang='grc' dir='ltr'>ἀλλά</span> <span class='ocrx_word' id='word_1_741' title='bbox 2802 4182 2897 4236; x_wconf 69' lang='grc' dir='ltr'>καὶ</span> <span class='ocrx_word' id='word_1_742' title='bbox 2934 4182 2998 4235; x_wconf 81' lang='grc' dir='ltr'>τὸ</span> <span class='ocrx_word' id='word_1_743' title='bbox 3027 4180 3281 4252; x_wconf 87' lang='grc' dir='ltr'>δέχεσθαι</span> <span class='ocrx_word' id='word_1_744' title='bbox 3309 4180 3613 4251; x_wconf 86' lang='grc' dir='ltr'>γράμματα</span> <span class='ocrx_word' id='word_1_745' title='bbox 3730 4220 3731 4223; x_wconf 54' lang='grc' dir='ltr'>η</span> 
     </span>
    </p>
   </div>
   <div class='ocr_carea' id='block_1_104' title="bbox 2035 4262 3613 4347">
    <p class='ocr_par' dir='ltr' id='par_1_104' title="bbox 2035 4262 3613 4347">
     <span class='ocr_line' id='line_1_105' title="bbox 2035 4262 3613 4347; baseline -0.006 -18"><span class='ocrx_word' id='word_1_746' title='bbox 2035 4274 2187 4347; x_wconf 76' lang='grc' dir='ltr'>παρὰ</span> <span class='ocrx_word' id='word_1_747' title='bbox 2211 4274 2322 4330; x_wconf 90' lang='grc' dir='ltr'>τῶν</span> <span class='ocrx_word' id='word_1_748' title='bbox 2341 4272 2486 4328; x_wconf 75' lang='grc' dir='ltr'>οὕτω</span> <span class='ocrx_word' id='word_1_749' title='bbox 2519 4272 2881 4345; x_wconf 87' lang='grc' dir='ltr'>φιλουμένων,</span> <span class='ocrx_word' id='word_1_750' title='bbox 2927 4262 3129 4341; x_wconf 75' lang='grc' dir='ltr'>πόλλὴν</span> <span class='ocrx_word' id='word_1_751' title='bbox 3164 4270 3319 4341; x_wconf 80' lang='grc' dir='ltr'>φέρει</span> <span class='ocrx_word' id='word_1_752' title='bbox 3365 4269 3462 4339; x_wconf 85' lang='grc' dir='ltr'>τὴν</span> <span class='ocrx_word' id='word_1_753' title='bbox 3491 4268 3613 4337; x_wconf 76' lang='grc' dir='ltr'>ἡδο-ι</span> 
     </span>
    </p>
   </div>
   <div class='ocr_carea' id='block_1_105' title="bbox 2032 4360 3611 4440">
    <p class='ocr_par' dir='ltr' id='par_1_105' title="bbox 2032 4360 3611 4440">
     <span class='ocr_line' id='line_1_106' title="bbox 2032 4360 3611 4440; baseline -0.007 -21"><span class='ocrx_word' id='word_1_754' title='bbox 2032 4368 2159 4440; x_wconf 76' lang='grc' dir='ltr'>νην,</span> <span class='ocrx_word' id='word_1_755' title='bbox 2194 4364 2551 4421; x_wconf 80' lang='grc' dir='ltr'>διπλασίασον</span> <span class='ocrx_word' id='word_1_756' title='bbox 2584 4367 2716 4437; x_wconf 87' lang='grc' dir='ltr'>ἡμῖν</span> <span class='ocrx_word' id='word_1_757' title='bbox 2753 4364 2852 4434; x_wconf 84' lang='grc' dir='ltr'>τὴν</span> <span class='ocrx_word' id='word_1_758' title='bbox 2880 4360 3241 4432; x_wconf 78' lang='grc' dir='ltr'>εὐφροσύνην,</span> <span class='ocrx_word' id='word_1_759' title='bbox 3269 4360 3502 4412; x_wconf 82' lang='grc' dir='ltr'>δέσποτα</span> <span class='ocrx_word' id='word_1_760' title='bbox 3531 4373 3611 4410; x_wconf 68' lang='grc' dir='ltr'>τιη</span> 
     </span>
    </p>
   </div>
   <div class='ocr_carea' id='block_1_106' title="bbox 2036 4449 3609 4533">
    <p class='ocr_par' dir='ltr' id='par_1_106' title="bbox 2036 4449 3609 4533">
     <span class='ocr_line' id='line_1_107' title="bbox 2036 4449 3609 4533; baseline -0.008 -17"><span class='ocrx_word' id='word_1_761' title='bbox 2036 4460 2273 4533; x_wconf 82' lang='grc' dir='ltr'>μιώτατε</span> <span class='ocrx_word' id='word_1_762' title='bbox 2293 4498 2308 4525; x_wconf 93' lang='grc'>,</span> <span class='ocrx_word' id='word_1_763' title='bbox 2335 4460 2431 4514; x_wconf 77' lang='grc' dir='ltr'>καὶ</span> <span class='ocrx_word' id='word_1_764' title='bbox 2451 4458 2614 4530; x_wconf 88' lang='grc' dir='ltr'>ἡνίκα</span> <span class='ocrx_word' id='word_1_765' title='bbox 2642 4459 2710 4512; x_wconf 81' lang='grc' dir='ltr'>ἂν</span> <span class='ocrx_word' id='word_1_766' title='bbox 2736 4456 2851 4528; x_wconf 75' lang='grc' dir='ltr'>ἐξῇ,</span> <span class='ocrx_word' id='word_1_767' title='bbox 2893 4455 3073 4527; x_wconf 85' lang='grc' dir='ltr'>γράφε</span> <span class='ocrx_word' id='word_1_768' title='bbox 3102 4452 3338 4523; x_wconf 88' lang='grc' dir='ltr'>συνεχῶς</span> <span class='ocrx_word' id='word_1_769' title='bbox 3365 4452 3514 4523; x_wconf 85' lang='grc' dir='ltr'>ἡμῖν,</span> <span class='ocrx_word' id='word_1_770' title='bbox 3538 4449 3609 4515; x_wconf 64' lang='grc' dir='ltr'>τά</span> 
     </span>
    </p>
   </div>
   <div class='ocr_carea' id='block_1_107' title="bbox 2033 4541 3611 4623">
    <p class='ocr_par' dir='ltr' id='par_1_107' title="bbox 2033 4541 3611 4623">
     <span class='ocr_line' id='line_1_108' title="bbox 2033 4541 3611 4623; baseline -0.007 -18"><span class='ocrx_word' id='word_1_771' title='bbox 2033 4551 2164 4623; x_wconf 71' lang='grc' dir='ltr'>περὶ</span> <span class='ocrx_word' id='word_1_772' title='bbox 2194 4550 2294 4621; x_wconf 78' lang='grc' dir='ltr'>τῆς</span> <span class='ocrx_word' id='word_1_773' title='bbox 2330 4549 2543 4619; x_wconf 86' lang='grc' dir='ltr'>ὑγιείας</span> <span class='ocrx_word' id='word_1_774' title='bbox 2585 4548 2685 4620; x_wconf 78' lang='grc' dir='ltr'>τῆς</span> <span class='ocrx_word' id='word_1_775' title='bbox 2717 4548 2819 4618; x_wconf 85' lang='grc' dir='ltr'>σῆς</span> <span class='ocrx_word' id='word_1_776' title='bbox 2862 4545 3062 4619; x_wconf 85' lang='grc' dir='ltr'>δηλῶν.</span> <span class='ocrx_word' id='word_1_777' title='bbox 3116 4541 3284 4599; x_wconf 81' lang='grc' dir='ltr'>Οἶσθα</span> <span class='ocrx_word' id='word_1_778' title='bbox 3312 4543 3421 4613; x_wconf 82' lang='grc' dir='ltr'>γάρ</span> <span class='ocrx_word' id='word_1_779' title='bbox 3461 4543 3611 4605; x_wconf 75' lang='grc' dir='ltr'>ὅπως</span> 
     </span>
    </p>
   </div>
   <div class='ocr_carea' id='block_1_108' title="bbox 2034 4634 3610 4717">
    <p class='ocr_par' dir='ltr' id='par_1_108' title="bbox 2034 4634 3610 4717">
     <span class='ocr_line' id='line_1_109' title="bbox 2034 4634 3610 4717; baseline -0.006 -18"><span class='ocrx_word' id='word_1_780' title='bbox 2034 4647 2165 4717; x_wconf 88' lang='grc' dir='ltr'>ἡμῖν</span> <span class='ocrx_word' id='word_1_781' title='bbox 2200 4642 2666 4716; x_wconf 74' lang='grc' dir='ltr'>περισπούδαστον</span> <span class='ocrx_word' id='word_1_782' title='bbox 2688 4640 2864 4695; x_wconf 88' lang='grc' dir='ltr'>ταῦτα</span> <span class='ocrx_word' id='word_1_783' title='bbox 2894 4639 3203 4712; x_wconf 87' lang='grc' dir='ltr'>μανθάνειν,</span> <span class='ocrx_word' id='word_1_784' title='bbox 3230 4638 3323 4692; x_wconf 76' lang='grc' dir='ltr'>καὶ</span> <span class='ocrx_word' id='word_1_785' title='bbox 3353 4638 3484 4708; x_wconf 81' lang='grc' dir='ltr'>ὅσην</span> <span class='ocrx_word' id='word_1_786' title='bbox 3514 4634 3610 4697; x_wconf 68' lang='grc' dir='ltr'>καὶ</span> 
     </span>
    </p>
   </div>
   <div class='ocr_carea' id='block_1_109' title="bbox 2033 4723 3611 4809">
    <p class='ocr_par' dir='ltr' id='par_1_109' title="bbox 2033 4723 3611 4809">
     <span class='ocr_line' id='line_1_110' title="bbox 2033 4723 3611 4809; baseline -0.008 -18"><span class='ocrx_word' id='word_1_787' title='bbox 2033 4738 2092 4791; x_wconf 87' lang='grc' dir='ltr'>ἐν</span> <span class='ocrx_word' id='word_1_788' title='bbox 2115 4736 2370 4809; x_wconf 77' lang='grc' dir='ltr'>ἀλλοτρίᾳ</span> <span class='ocrx_word' id='word_1_789' title='bbox 2389 4734 2775 4807; x_wconf 88' lang='grc' dir='ltr'>διατρίϐοντες,</span> <span class='ocrx_word' id='word_1_790' title='bbox 2812 4730 3059 4786; x_wconf 87' lang='grc' dir='ltr'>ἐντεῦθεν</span> <span class='ocrx_word' id='word_1_791' title='bbox 3082 4725 3486 4800; x_wconf 84' lang='grc' dir='ltr'>καρπωσόμεθα</span> <span class='ocrx_word' id='word_1_792' title='bbox 3510 4723 3611 4797; x_wconf 79' lang='grc' dir='ltr'>τὴν</span> 
     </span>
    </p>
   </div>
   <div class='ocr_carea' id='block_1_110' title="bbox 2034 4830 2913 4903">
    <p class='ocr_par' dir='ltr' id='par_1_110' title="bbox 2034 4830 2913 4903">
     <span class='ocr_line' id='line_1_111' title="bbox 2034 4830 2913 4903; baseline 0.003 -20"><span class='ocrx_word' id='word_1_793' title='bbox 2034 4830 2398 4903; x_wconf 85' lang='grc' dir='ltr'>παράκλησιν.</span> <span class='ocrx_word' id='word_1_794' title='bbox 2904 4892 2913 4899; x_wconf 24' lang='grc' dir='ltr'>κ</span> 
     </span>
    </p>
   </div>
   <div class='ocr_carea' id='block_1_111' title="bbox 2589 4918 3051 4986">
    <p class='ocr_par' dir='ltr' id='par_1_111' title="bbox 2589 4918 3051 4986">
     <span class='ocr_line' id='line_1_112' title="bbox 2589 4918 3051 4986; baseline -0.002 -12"><span class='ocrx_word' id='word_1_795' title='bbox 2589 4920 2731 4974; x_wconf 74' lang='lat' dir='ltr'>AB’.‘</span> <span class='ocrx_word' id='word_1_796' title='bbox 2762 4918 3051 4986; x_wconf 59' lang='lat' dir='ltr'>meum.</span> 
     </span>
    </p>
   </div>
   <div class='ocr_carea' id='block_1_112' title="bbox 2105 5028 3612 5102">
    <p class='ocr_par' dir='ltr' id='par_1_112' title="bbox 2105 5028 3612 5102">
     <span class='ocr_line' id='line_1_113' title="bbox 2105 5028 3612 5102; baseline -0.003 -16"><span class='ocrx_word' id='word_1_797' title='bbox 2105 5032 2225 5088; x_wconf 82' lang='grc' dir='ltr'>Κάν</span> <span class='ocrx_word' id='word_1_798' title='bbox 2251 5032 2505 5096; x_wconf 82' lang='grc' dir='ltr'>ἐλάττους</span> <span class='ocrx_word' id='word_1_799' title='bbox 2523 5032 2768 5102; x_wconf 90' lang='grc' dir='ltr'>δέχωμαι</span> <span class='ocrx_word' id='word_1_800' title='bbox 2791 5029 3082 5093; x_wconf 79' lang='grc' dir='ltr'>ἐπιστολάς</span> <span class='ocrx_word' id='word_1_801' title='bbox 3104 5028 3252 5102; x_wconf 75' lang='grc' dir='ltr'>παρὰ</span> <span class='ocrx_word' id='word_1_802' title='bbox 3266 5028 3365 5101; x_wconf 84' lang='grc' dir='ltr'>τῆς</span> <span class='ocrx_word' id='word_1_803' title='bbox 3393 5028 3612 5099; x_wconf 66' lang='grc' dir='ltr'>κοσμιόη</span> 
     </span>
    </p>
   </div>
   <div class='ocr_carea' id='block_1_113' title="bbox 2033 5117 3613 5196">
    <p class='ocr_par' dir='ltr' id='par_1_113' title="bbox 2033 5117 3613 5196">
     <span class='ocr_line' id='line_1_114' title="bbox 2033 5117 3613 5196; baseline -0.003 -19"><span class='ocrx_word' id='word_1_804' title='bbox 2033 5142 2198 5195; x_wconf 87' lang='grc' dir='ltr'>τητος</span> <span class='ocrx_word' id='word_1_805' title='bbox 2225 5125 2325 5195; x_wconf 84' lang='grc' dir='ltr'>τῆς</span> <span class='ocrx_word' id='word_1_806' title='bbox 2357 5125 2476 5195; x_wconf 80' lang='grc' dir='ltr'>σῆς,</span> <span class='ocrx_word' id='word_1_807' title='bbox 2508 5117 2583 5178; x_wconf 84' lang='grc' dir='ltr'>ὧν</span> <span class='ocrx_word' id='word_1_808' title='bbox 2602 5123 2766 5188; x_wconf 76' lang='grc' dir='ltr'>αὑτὸς</span> <span class='ocrx_word' id='word_1_809' title='bbox 2787 5123 2991 5196; x_wconf 88' lang='grc' dir='ltr'>πέμπω</span> <span class='ocrx_word' id='word_1_810' title='bbox 3020 5122 3157 5195; x_wconf 79' lang='grc' dir='ltr'>πρὸς</span> <span class='ocrx_word' id='word_1_811' title='bbox 3184 5123 3283 5193; x_wconf 77' lang='grc' dir='ltr'>τὴν</span> <span class='ocrx_word' id='word_1_812' title='bbox 3298 5121 3409 5193; x_wconf 73' lang='grc' dir='ltr'>σὴν</span> <span class='ocrx_word' id='word_1_813' title='bbox 3438 5119 3613 5192; x_wconf 74' lang='grc' dir='ltr'>ἐμμι-</span> 
     </span>
    </p>
   </div>
   <div class='ocr_carea' id='block_1_114' title="bbox 2032 5211 3605 5288">
    <p class='ocr_par' dir='ltr' id='par_1_114' title="bbox 2032 5211 3605 5288">
     <span class='ocr_line' id='line_1_115' title="bbox 2032 5211 3605 5288; baseline -0.004 -16"><span class='ocrx_word' id='word_1_814' title='bbox 2032 5221 2202 5284; x_wconf 84' lang='grc' dir='ltr'>λειαν,</span> <span class='ocrx_word' id='word_1_815' title='bbox 2236 5219 2336 5272; x_wconf 88' lang='grc' dir='ltr'>οὑκ</span> <span class='ocrx_word' id='word_1_816' title='bbox 2368 5218 2748 5288; x_wconf 84' lang='grc' dir='ltr'>ἀποστήσομαι</span> <span class='ocrx_word' id='word_1_817' title='bbox 2784 5215 3022 5288; x_wconf 90' lang='grc' dir='ltr'>συνεχῶς</span> <span class='ocrx_word' id='word_1_818' title='bbox 3053 5216 3302 5288; x_wconf 87' lang='grc' dir='ltr'>γράφων.</span> <span class='ocrx_word' id='word_1_819' title='bbox 3356 5211 3605 5285; x_wconf 81' lang='grc' dir='ltr'>Ἐμαυτῷ</span> 
     </span>
    </p>
   </div>
   <div class='ocr_carea' id='block_1_115' title="bbox 2033 5305 3612 5382">
    <p class='ocr_par' dir='ltr' id='par_1_115' title="bbox 2033 5305 3612 5382">
     <span class='ocr_line' id='line_1_116' title="bbox 2033 5305 3612 5382; baseline -0.002 -19"><span class='ocrx_word' id='word_1_820' title='bbox 2033 5312 2142 5382; x_wconf 71' lang='grc' dir='ltr'>γάρ</span> <span class='ocrx_word' id='word_1_821' title='bbox 2166 5310 2465 5382; x_wconf 76' lang='grc' dir='ltr'>χαρίζομαι</span> <span class='ocrx_word' id='word_1_822' title='bbox 2490 5308 2649 5364; x_wconf 88' lang='grc' dir='ltr'>τοῦτο</span> <span class='ocrx_word' id='word_1_823' title='bbox 2686 5309 2877 5377; x_wconf 84' lang='grc' dir='ltr'>ποιῶν,</span> <span class='ocrx_word' id='word_1_824' title='bbox 2919 5307 3056 5381; x_wconf 84' lang='grc' dir='ltr'>πρὸς</span> <span class='ocrx_word' id='word_1_825' title='bbox 3107 5306 3283 5379; x_wconf 74' lang='grc' dir='ltr'>ψυχὴν</span> <span class='ocrx_word' id='word_1_826' title='bbox 3304 5305 3447 5361; x_wconf 82' lang='grc' dir='ltr'>οὑτω</span> <span class='ocrx_word' id='word_1_827' title='bbox 3478 5323 3612 5377; x_wconf 76' lang='grc' dir='ltr'>γνη-</span> 
     </span>
    </p>
   </div>
   <div class='ocr_carea' id='block_1_116' title="bbox 2036 5398 3610 5475">
    <p class='ocr_par' dir='ltr' id='par_1_116' title="bbox 2036 5398 3610 5475">
     <span class='ocr_line' id='line_1_117' title="bbox 2036 5398 3610 5475; baseline -0.003 -19"><span class='ocrx_word' id='word_1_828' title='bbox 2036 5406 2165 5467; x_wconf 79' lang='grc' dir='ltr'>σίως</span> <span class='ocrx_word' id='word_1_829' title='bbox 2196 5403 2323 5475; x_wconf 79' lang='grc' dir='ltr'>περὶ</span> <span class='ocrx_word' id='word_1_830' title='bbox 2344 5404 2493 5475; x_wconf 79' lang='grc' dir='ltr'>ἡμᾶς</span> <span class='ocrx_word' id='word_1_831' title='bbox 2513 5402 2866 5474; x_wconf 86' lang='grc' dir='ltr'>διακειμένην</span> <span class='ocrx_word' id='word_1_832' title='bbox 2888 5404 2983 5457; x_wconf 76' lang='grc' dir='ltr'>καὶ</span> <span class='ocrx_word' id='word_1_833' title='bbox 3008 5401 3226 5473; x_wconf 83' lang='grc' dir='ltr'>θερμῶς</span> <span class='ocrx_word' id='word_1_834' title='bbox 3254 5398 3348 5455; x_wconf 74' lang='grc' dir='ltr'>καὶ</span> <span class='ocrx_word' id='word_1_835' title='bbox 3375 5400 3610 5470; x_wconf 81' lang='grc' dir='ltr'>συνεχῶς</span> 
     </span>
    </p>
   </div>
   <div class='ocr_carea' id='block_1_117' title="bbox 2034 5494 3609 5569">
    <p class='ocr_par' dir='ltr' id='par_1_117' title="bbox 2034 5494 3609 5569">
     <span class='ocr_line' id='line_1_118' title="bbox 2034 5494 3609 5569; baseline -0.002 -21"><span class='ocrx_word' id='word_1_836' title='bbox 2034 5494 2381 5549; x_wconf 83' lang='grc' dir='ltr'>ἐπιστέλλων.</span> <span class='ocrx_word' id='word_1_837' title='bbox 2430 5496 2577 5567; x_wconf 82' lang='grc' dir='ltr'>Πλὴν</span> <span class='ocrx_word' id='word_1_838' title='bbox 2612 5495 2726 5550; x_wconf 84' lang='grc' dir='ltr'>ἀλλ’</span> <span class='ocrx_word' id='word_1_839' title='bbox 2756 5494 2943 5569; x_wconf 78' lang='grc' dir='ltr'>ἐπειδὴ</span> <span class='ocrx_word' id='word_1_840' title='bbox 3000 5494 3205 5566; x_wconf 85' lang='grc' dir='ltr'>σφόδρα</span> <span class='ocrx_word' id='word_1_841' title='bbox 3268 5496 3398 5566; x_wconf 85' lang='grc' dir='ltr'>ἡμῖν</span> <span class='ocrx_word' id='word_1_842' title='bbox 3457 5510 3609 5565; x_wconf 73' lang='grc' dir='ltr'>περι-ρ</span> 
     </span>
    </p>
   </div>
   <div class='ocr_carea' id='block_1_118' title="bbox 2103 5633 3271 5704">
    <p class='ocr_par' dir='ltr' id='par_1_118' title="bbox 2103 5633 3271 5704">
     <span class='ocr_line' id='line_1_119' title="bbox 2103 5633 3271 5704; baseline -0.006 -15"><span class='ocrx_word' id='word_1_843' title='bbox 2103 5642 2127 5670; x_wconf 78' lang='grc'>⁸</span> <span class='ocrx_word' id='word_1_844' title='bbox 2154 5637 2351 5690; x_wconf 80' lang='lat' dir='ltr'>Coislin.</span> <span class='ocrx_word' id='word_1_845' title='bbox 2376 5637 2654 5704; x_wconf 80' lang='grc' dir='ltr'>περιείλετο,</span> <span class='ocrx_word' id='word_1_846' title='bbox 2678 5641 2829 5688; x_wconf 83' lang='lat' dir='ltr'>reclc.</span> <span class='ocrx_word' id='word_1_847' title='bbox 2853 5637 2981 5689; x_wconf 79' lang='lat' dir='ltr'>Edil.</span> <span class='ocrx_word' id='word_1_848' title='bbox 3010 5633 3271 5701; x_wconf 71' lang='grc' dir='ltr'>παρείλετο.</span> 
     </span>
    </p>
   </div>
  </div>
