4058 6218
1506 170 1540 191 κ

485 334 588 388 69.9

486 444 819 500 σπούδιστον
847 442 1137 513 μανθάνειν
1166 443 1224 495 ἐν
1253 442 1395 495 τίσιν
1420 443 1567 513 ὁρμᾷ
1598 442 1665 496 τὰ
1701 440 1786 507 σὰ,
1817 438 2056 507 συνεχῶς

480 535 582 589 καὶ
601 535 944 607 γραμμάτων
976 531 1350 603 ἐπιθυμοῦμεν
1378 531 1692 596 ἀπολαύειν,
1724 532 1810 585 ἵνα
1854 530 2059 602 μανθά-

489 642 666 697 νωμεν
687 623 951 694 διηνεκῶς
979 622 1122 693 άπερ
1160 622 1558 692 ἐπιθυμοῦμεν,
1608 622 1689 675 δτι
1716 622 1775 675 ἐν
1824 619 2059 690 εὐθυμία

487 714 581 768 xal
632 710 902 781 ἀσφαλείᾳ
924 709 1128 776 διάγεις
1159 708 1349 780 πολλῇ.
1375 708 1594 762 Τούτων
1621 707 1730 778 γὰρ
1757 704 2060 761 ἀπολαύου-

486 819 555 856 σα
579 813 628 866 ιι,
660 801 742 852 ὅτι
772 796 972 868 πολλὴν
993 799 1119 867 ποιῇ
1151 797 1248 866 τῆς
1266 795 1447 877 ψυχῆς
1464 794 1564 864 τῆς
1591 793 1691 864 σῆς
1719 790 2056 862 ἐπιμέλειαν,

485 893 578 946 καὶ
607 891 715 944 τῶν
766 888 1034 960 βιωτικῶν
1064 887 1414 959 ὑπερορῶσα,
1466 884 1565 957 τὴν
1598 887 1679 948 είς
1703 884 1795 939 τὸν
1834 882 2059 956 οὐρανὸν

485 982 602 1035 ὁδὸν
631 980 887 1051 βαδίζεις,
910 980 1062 1034 οὐδὲν
1088 977 1240 1050 οἶμαι
1263 978 1372 1032 δεῖν
1397 977 1776 1049 ἀμφιϐάλλειν.
1803 972 1933 1029 Οἶδα
1949 975 2059 1046 γάρ

488 1090 579 1126 σου
607 1074 704 1144 τῆς
726 1074 904 1144 ψυχῆς
922 1072 981 1125 τὸ
1008 1072 1247 1141 εὐγενὲς,
1274 1071 1369 1126 καὶ
1395 1070 1719 1143 ἐλευθέριον,
1750 1068 1845 1122 καὶ
1874 1069 2056 1141 ἀπρα-

486 1160 763 1233 γμοσύνης
809 1161 1004 1231 γέμον,
1033 1161 1128 1216 καλ
1176 1160 1284 1214 τῶν
1334 1159 1603 1230 βιωτικῶν
1643 1157 2059 1230 ἀπηλλαγμένον

487 1254 799 1324 φροντίδων.
832 1251 1120 1314 Ἐννοοῦσα
1147 1253 1327 1306 τοίνυν
1347 1252 1512 1322 ἡλίκα
1539 1254 1669 1323 ἡμῖν
1694 1250 1889 1323 χαρίζῃ
1907 1248 2060 1304 τοῦτο

487 1343 738 1406 ποιοῦσα,
775 1343 938 1414 ἡνίκα
975 1343 1041 1397 ἂν
1064 1343 1157 1415 ἐξῇ
1190 1345 1285 1397 καὶ
1305 1344 1528 1398 δυνατὸν
1557 1339 1613 1418 ᾖ,
1665 1344 1901 1415 συνεχῶς
1928 1344 2060 1414 ἡμῖν

487 1436 845 1502 ἐπιστέλλειν,
880 1437 1132 1504 καθάπερ
1167 1438 1608 1510 προειρήκαμεν,
1658 1437 2057 1509 παρακλήθητι,

488 1525 627 1579 ὥστε
655 1526 856 1597 πολλὴν
895 1527 1041 1597 ἡμᾶς
1063 1528 1155 1580 καὶ
1176 1526 1423 1580 ἐντεῦθεν
1452 1528 1551 1597 τῆς
1573 1527 1808 1599 ἐρημίας
1833 1525 2057 1595 ταύτης,

490 1618 548 1670 ἐν
639 1616 1005 1688 διατρίϐομεν,
1034 1616 1219 1671 λαϐεῖν
1251 1616 1626 1690 παραμυθίαν.
1663 1618 1743 1672 Τά
1772 1616 1880 1688 γάρ
1906 1616 2060 1687 ὑμῶν

487 1706 596 1759 τῶν
624 1706 960 1774 ἀγαπώντων
985 1709 1134 1778 ἡμᾶς
1162 1708 1467 1778 γράμματα
1489 1709 1615 1762 ὅταν
1634 1708 1872 1777 συνεχῶς
1894 1708 2061 1779 φέρη-

488 1814 575 1849 ται
597 1796 734 1867 πρὸς
765 1798 930 1867 ἡμᾶς,
964 1796 1032 1851 τὰ
1070 1798 1197 1869 περὶ
1231 1798 1332 1868 τῆς
1363 1799 1572 1868 ὑγιείας
1596 1799 1748 1869 ὑμῶν
1776 1798 2058 1869 δηλοῦντα,

488 1887 547 1940 οὑ
582 1887 679 1956 τῆς
704 1888 970 1960 τυχούσης
1003 1890 1153 1961 ἡμᾶς
1185 1889 1521 1961 ἐμπίπλησιν
1543 1890 1899 1962 εὐφροσύνης,
1928 1891 2063 1947 ἀλλὰ

485 1977 756 2050 τοσαύτην
788 1982 921 2051 ἡμῖν
947 1982 1166 2051 ἐμποιεῖ
1186 1982 1284 2054 τὴν
1314 1983 1503 2055 ἡδονὴν
1523 2024 1539 2049 ,
1570 1983 1646 2047 ὡς
1682 1984 1817 2054 μηδέ
1859 1983 2061 2056 μικράν

487 2070 741 2142 αἴσθησιν
762 2072 858 2141 τῆς
881 2072 1117 2145 ἐρημίας
1142 2074 1368 2146 ταύτης,
1401 2076 1460 2128 ἐν
1488 2068 1523 2146 ᾖ
1544 2073 1913 2146 διατρίϐομεν,
1930 2076 2062 2146 λαμ-

488 2158 689 2215 ὃάνειν.

1050 2257 1187 2311 ΛΡ.
1230 2257 1480 2328 Ἅὸολίᾳ.

559 2341 669 2393 Kal
706 2342 878 2415 ταύτῃ
911 2359 1005 2397 σου
1045 2344 1142 2416 τὴν
1172 2346 1395 2417 ἀγάπην
1442 2347 1668 2414 ἔδειξας,
1708 2348 1807 2420 τὴν
1831 2347 2060 2419 γνησίαν

489 2433 582 2484 καί¹
619 2433 844 2504 θερμὴν,
878 2435 958 2487 ὅτι
989 2437 1083 2489 καὶ
1122 2438 1181 2490 ἐν
1209 2438 1492 2510 ἀρρωστίᾳ.
1537 2436 1705 2505 οὖσα,
1747 2440 1890 2495 οὕτω
1935 2458 2061 2497 συν-

488 2526 627 2593 εχῶς
655 2528 787 2596 ἡμῖν
813 2527 1164 2592 ἐπιστέλλεις.
1222 2531 1412 2600 Ἡμεῖς
1440 2531 1497 2584 δὲ
1555 2531 1925 2603 ἐπιθυμοῦμεν
1962 2535 2062 2603 τῆς

486 2632 545 2666 τε
571 2617 882 2687 ἀρρωστίας
917 2635 977 2671 σε
1006 2618 1408 2691 ἀπαλλαγῆναι,
1441 2622 1535 2675 καὶ
1561 2622 1793 2676 ἐνταῦθα
1824 2640 2062 2695 παραγε-

486 2704 743 2778 νομένην,
772 2707 898 2761 ὅταν
937 2708 1032 2780 ἐξῇ
1058 2752 1073 2775 ,
1109 2709 1431 2765 θεάσασθαι.
1459 2714 1569 2766 Kal
1604 2712 1765 2767 τοῦτο
1790 2710 1945 2768 οἶσθα
1967 2717 2061 2771 καὶ

484 2794 646 2865 αὑτὴ,
678 2795 840 2867 κυρία
865 2813 965 2867 μου
992 2800 1340 2872 κοσμιωτάτη
1363 2800 1458 2855 καὶ
1482 2800 1874 2876 εὑλαϐεστάτη.
1909 2806 2062 2859 Ἐπεὶ

486 2883 600 2950 οὖν,
656 2888 791 2958 ὅπερ
823 2889 918 2942 καὶ
956 2889 1266 2963 ἔμπροσθεν
1299 2893 1634 2960 ἐπέσταλκα,
1671 2894 1766 2950 νῦν
1814 2898 1873 2950 ἐν
1908 2897 2059 2972 [615]

488 2980 726 3051 φροντίδι
780 2981 988 3051 μείζονι
1035 2981 1456 3056 καθεστήκαμεν
1499 2987 1766 3063 (καὶγὰρ
1796 2991 1905 3045 ἀπὸ
1952 2993 2061 3046 τῶν

486 3068 831 3138 γραμμάτων
886 3070 1300 3141 ἐστοχασάμεθά
1342 3090 1436 3126 σου
1494 3075 1593 3147 τῆς
1623 3078 1934 3149 ἀρρωστίας
1963 3081 2061 3153 τὴν

486 3158 839 3230 ὑπερϐολήν),
862 3159 951 3212 διά
974 3177 1053 3213 τοι
1091 3161 1268 3227 τοῦτο,
1311 3164 1471 3234 ἡνίκα
1507 3167 1574 3220 ἂν
1603 3168 1739 3236 πρὸς
1760 3170 1821 3223 τὸ
1854 3170 2061 3241 βέλτιον

487 3248 655 3319 ἐπιδῷ
683 3267 765 3304 σοι
814 3250 874 3302 τὸ
934 3249 1113 3327 σῶμα,
1144 3249 1232 3305 διὰ
1280 3253 1479 3323 τάχους
1508 3254 1585 3316 ώς
1615 3255 1794 3325 βούλει
1823 3258 2061 3329 δηλῶσαι

488 3341 619 3411 ἡμῖν
648 3341 1032 3412 παρακλήθητι
1068 3342 1225 3397 τοῦτο
1252 3344 1403 3408 αὑτὸ,
1446 3345 1532 3400 ἵνα
1576 3347 1885 3422 βαρυτάτης
1911 3353 2062 3423 ἡμᾶς

487 3431 740 3503 ἀνεθῆναι
765 3433 997 3505 ποιήσῃς
1023 3434 1322 3506 φροντίδος.
1359 3438 1479 3492 Ὀτι
1510 3439 1619 3512 γὰρ
1643 3441 1738 3495 καὶ
1764 3441 1859 3496 νῦν
1878 3443 1978 3499 οὑκ
2003 3447 2061 3499 ἐν

490 3523 661 3593 μικρᾷ
695 3521 1109 3596 καθεστήκαμεν
1159 3527 1364 3600 ἀθυμίᾳ
1394 3530 1493 3600 τῆς
1532 3531 1841 3604 ἀρρωστίας
1877 3536 2061 3593 ἕνεκεν

489 3612 586 3682 τῆς
615 3613 877 3700 σῆς,οὑδέ
910 3615 1046 3687 αὑτὴ
1085 3617 1316 3685 ἀγνοεῖς.
1362 3620 1547 3674 Εἰδυῖα
1575 3623 1754 3677 τοίνυν
1782 3627 1880 3696 τὴν
1902 3644 2062 3700 φρον-

486 3702 604 3757 τίδα
634 3705 691 3757 ἐν
779 3704 875 3759 νῦν
896 3708 1084 3778 ἐσμεν,
1124 3709 1260 3780 ὅπερ
1294 3711 1786 3785 παρεκαλέσαμεν,
1836 3698 2061 3788 ποιήσαι

482 3793 811 3852 σπούδασον.
841 3797 905 3850 Εἰ
954 3799 1046 3852 καὶ
1089 3799 1157 3853 τά
1208 3800 1441 3870 μάλιστα
1495 3802 1646 3857 οὑδέν
1680 3821 1760 3859 σοι
1795 3808 1873 3871 είς
1905 3808 2062 3864 τοῦτο

488 3883 570 3938 δεῖ
602 3886 1037 3960 παρακλήσεως
1075 3889 1191 3944 ἀλλ’
1219 3886 1277 3945 εὖ
1307 3888 1405 3946 οἷδ’
1437 3893 1520 3946 ὅτι
1548 3893 1688 3948 ὅσων
1712 3896 1778 3950 ἂν
1800 3898 2062 3973 ἐπιτύχῃς

490 3981 997 4117 ἔραμματηφόρων,
1020 3983 1080 4035 οὑ
1104 3981 1287 4055 παύσῃ
1316 3984 1383 4038 δι’
1409 3985 1639 4040 ἑκάστου
1665 3988 1797 4059 ἡμῖν
1821 3991 2063 4047 ἐπιστέλο

521 4082 674 4117 ουσα.

521 4082 674 4121 ουσα.

1020 4162 1149 4214 AA'.
1192 4164 1500 4232 Καρτερία.

560 4248 671 4302 Kal
703 4245 862 4302 τοῦτο
889 4248 990 4319 τῆς
1021 4251 1244 4323 ἀγάπης
1286 4254 1385 4324 τῆς
1421 4256 1543 4326 σῆς,
1581 4259 1680 4330 τῆς
1717 4277 2063 4334 μεμεριμνη-

493 4340 661 4411 μένης
699 4339 875 4410 ψυχῆς
906 4342 1008 4411 τῆς
1038 4342 1286 4413 σφοδρῶς
1318 4346 1448 4416 περὶ
1497 4347 1645 4417 ἡμᾶς
1692 4351 2060 4425 διακειμένης.

493 4432 550 4485 τὸ
597 4431 671 4503 μὴ
721 4431 883 4503 μόνον
930 4433 1247 4488 ἀποστεῖλαι
1292 4435 1355 4489 τὸ
1403 4437 1752 4511 πολυάρχιον,
1784 4444 1920 4499 ἀλλά
1969 4449 2063 4502 καὶ

493 4524 763 4593 σκοπῆσαι
806 4523 956 4587 ὅπως
1001 4522 1067 4578 ἂν
1100 4525 1311 4593 γένοιτο
1334 4529 1625 4601 χρήσιμον,
1664 4535 1981 4604 προσθεῖναί
2001 4555 2062 4592 τε

491 4615 636 4686 αὑτῴ
679 4615 739 4669 τό
776 4632 835 4668 τε
881 4616 1148 4688 νάρδινον,
1189 4619 1374 4673 καὶτὸ
1418 4620 1702 4689 γλεύκινον
1756 4624 1954 4693 ἔλαιον,
1984 4628 2062 4683 δι-

487 4707 750 4779 ορθοῦντα
772 4706 935 4760 αὑτοῦ
951 4707 1048 4779 τὴν
1066 4709 1173 4763 ἀπὸ
1187 4709 1287 4780 τῆς
1321 4714 1541 4783 μακρᾶς
1564 4714 1870 4789 ἀποδημίας
1900 4718 2060 4791 ξηρά-

491 4817 649 4871 τητα.
708 4801 819 4855 Kal
854 4800 915 4854 τὸ
957 4801 1128 4871 αὑτὴν
1165 4801 1258 4856 καὶ
1309 4806 1719 4860 κατασκευάσαι
1764 4808 1941 4876 τοῦτο,
1970 4813 2061 4867 καὶ

494 4889 569 4960 μὴ
618 4892 826 4961 ἑτέροις
873 4892 1185 4963 ἐπιτρέψαι,
1217 4892 1312 4946 καὶ
1340 4892 1413 4965 μὴ
1447 4894 1547 4967 τῆς
1577 4896 1879 4968 ταχύτητος
1911 4902 2063 4970 γενέ-

494 4980 637 5043 σθαι,
679 4981 816 5034 ἀλλά
839 4982 934 5036 τοῦ
972 4984 1227 5052 γενέσθαι
1265 4984 1552 5039 σπουδαῖον
1580 4987 1734 5052 αὐτὸ,
1767 4991 1862 5044 καὶ
1902 4992 2064 5048 τοῦτο

492 5070 729 5140 μάλιστα
768 5073 1168 5145 ἐκπλήττεσθαι
1194 5077 1343 5147 ἡμᾶς
1380 5078 1480 5149 τὴν
1528 5078 1765 5135 διάθεσιν
1791 5082 1889 5153 τὴν
1936 5088 2064 5157 περὶ

495 5162 640 5231 ἡμᾶς
673 5161 961 5231 πεποίηκε.
997 5165 1096 5218 Διὰ
1118 5164 1275 5220 τοῦτό
1310 5182 1392 5220 σοι
1426 5168 1655 5239 χάριτας
1693 5171 2064 5245 ὁμολογοῦμεν

492 5248 549 5303 ἐν
584 5251 746 5321 μόνον
781 5252 1161 5321 ἐγκαλοῦντες,
1200 5256 1302 5321 ὅτι,
1337 5255 1366 5310 ὁ
1413 5259 1648 5328 μάλιστα
1701 5265 2066 5334 περισπούδα-

492 5358 615 5394 στον
641 5337 710 5412 ἦν
748 5345 899 5414 ἡμῖν,
929 5343 1087 5399 τοῦτο
1122 5346 1221 5400 οὑκ
1265 5345 1516 5418 ἔπεμψας
1544 5349 1633 5404 διὰ
1663 5350 1772 5405 τῶν
1798 5356 2062 5425 γραμμά-

491 5448 618 5493 των,
643 5432 710 5485 τά
737 5434 1026 5502 εὐαγγέλια
1068 5435 1210 5505 λέγω
1237 5436 1338 5507 τῆς
1377 5438 1477 5506 σῆς
1501 5440 1706 5509 ὑγείας.
1731 5444 1841 5497 Καὶ
1863 5446 1939 5509 ώς
1970 5447 2063 5501 νῦν

490 5523 549 5575 ἐν
578 5523 814 5593 φροντίδι
847 5525 1283 5598 καθεστήκαμεν,
1313 5528 1413 5582 οὑκ
1466 5531 1668 5597 ειδότες
1718 5529 1806 5588 οἷα
1844 5537 1943 5609 τῆς
1971 5538 2066 5611 ἀρ-

496 5660 803 5780 “sagax-luo
820 5658 989 5726 optimi
1010 5672 1144 5722 mss.,
1163 5664 1311 5723 atque
1332 5662 1396 5712 ila
1419 5662 1542 5727 legit
1561 5664 1828 5730 Inlerpres.
1842 5668 1929 5719 Ed.
1944 5670 2061 5722 ἀπο-

1182 332 1241 386 S.
1281 326 1565 385 JOANNIS
1594 319 2077 383 CHRYSUSTOMI
2109 316 2426 376 ARCUIEP.
2466 312 3012 374 CONSTANTINOP.

3617 309 3726 368 630

2160 433 2394 506 ρωστίας
2423 433 2624 504 ἕστηκε
2657 431 2755 502 τῆς
2790 429 2920 500 σῆςο
2949 427 3119 491 οὕτως
3155 427 3336 482 ἂνιδιά
3371 426 3569 498 τάχους
3597 429 3730 500 ἡμῖν

2159 524 2380 595 πέμψῃς
2400 524 2701 596 γράμματα
2718 519 3132 591 ἀπαγγέλλοντα
3148 520 3299 590 ἡμῖν,
3318 518 3398 572 ὅτι
3419 518 3636 573 λέλυται
3664 521 3733 574 τά

2155 616 2257 686 τῆς
2289 616 2467 679 νόσου,
2482 614 2551 668 τὰ
2573 614 2803 684 μέγιστα
2820 613 2954 682 ἡμῖν
2978 612 3163 683 χαριῇ.
3193 611 3377 664 Εἰδυῖα
3391 611 3568 665 τοίνυν
3584 613 3733 676 ὅπικ

2160 706 2364 778 σφόδρα
2396 703 2772 775 ἐπιθυμοῦμεν
2797 701 3008 773 μαθεῖν,
3034 702 3116 754 ὅτι
3142 701 3206 772 δὴ
3237 703 3300 754 ἐκ
3325 702 3422 772 τῆς
3449 700 3733 767 ἀσθενείας

2157 796 2359 869 ταύτης
2384 796 2708 866 ἀνήνεγκας,
2750 792 2975 864 χαρίζου
3010 793 3141 863 ἡμῖν
3172 791 3374 863 ταύτην
3406 791 3505 864 τὴν
3539 793 3739 863 εὐφρο-

2161 887 2349 959 σύνην,
2391 887 2450 939 ἐν
2483 886 2549 956 τῇ
2583 882 2945 957 χαλεπωτάτῃ,
2985 881 3160 954 ταύτῃ
3190 883 3395 954 ἐρημίᾳ
3417 899 3477 935 τε
3503 884 3598 937 καὶ
3632 901 3736 938 πο-

2158 976 2375 1048 λιορκίᾳ
2403 975 2463 1029 οὑ
2498 972 2700 1046 μικράν
2729 972 2996 1043 ἐσομένην
3017 972 3156 1043 ἡμῖν
3173 972 3541 1042 παράκλησιν.

2738 1095 2872 1147 AE'.
2918 1090 3157 1159 Ἀλφίῳ.

2241 1210 2300 1266 '0
2343 1210 2475 1274 Θεός
2514 1226 2597 1263 σοι
2624 1209 2718 1263 τὸν
2749 1206 2940 1279 μισθὸν
2978 1205 3112 1278 δῴη,
3138 1207 3234 1261 καὶ
3280 1208 3339 1261 ἐν
3380 1209 3458 1280 τῷ
3504 1213 3736 1284 παρόντι

2162 1303 2282 1375 βίῳ,
2313 1302 2408 1356 καὶ
2437 1304 2496 1355 ἐν
2519 1299 2597 1371 τῷ
2627 1298 2872 1370 μέλλοντι
2903 1298 3083 1361 αἰῶνι,
3109 1298 3209 1369 τῆς
3223 1299 3450 1369 γνησίας
3480 1301 3576 1354 καὶ
3610 1301 3737 1373 θερ.

2164 1395 2271 1465 μῆς
2301 1394 2429 1465 περὶ
2456 1393 2604 1464 ἡμᾶς
2628 1390 2869 1461 ἀγάπης»
2898 1389 2998 1460 τῆς
3030 1388 3376 1460 εἰλικρινοῦς,
3405 1392 3501 1445 και
3530 1391 3738 1447 ἀνυπο-

2161 1484 2369 1556 κρίτου,
2408 1483 2506 1553 τῆς
2557 1482 2835 1552 ἀκινήτου,
2872 1479 2965 1532 καὶ
3009 1479 3428 1551 ἀπεριτρέπτου.
3479 1483 3555 1535 Οὑ
3623 1484 3736 1554 γάρ

2165 1576 2337 1647 μικρά
2360 1575 2629 1645 δείγματα
2658 1573 2759 1643 τῆς
2774 1572 2900 1645 περὶ
2926 1574 3075 1643 ἡμᾶς
3090 1570 3401 1635 διαθέσεως,
3438 1573 3531 1627 καὶ
3558 1574 3737 1629 ταῦτα

2160 1667 2225 1719 ἐκ
2251 1664 2504 1719 τοσούτου
2539 1665 2844 1735 καθήμενος
2860 1664 3250 1734 διαστήματος,
3272 1663 3551 1730 ἐπεδείξω,
3574 1665 3731 1736 κὺριέ

2165 1775 2265 1831 μου
2291 1756 2587 1828 τιμιώτατε
2620 1757 2715 1810 καὶ
2742 1755 3116 1825 εὑγενέστατε,
3139 1754 3276 1809 ἀλλά
3309 1756 3406 1809 καὶ
3436 1754 3609 1809 πολλά
3637 1758 3730 1812 καὶ

2164 1850 2393 1921 μεγάλα.
2430 1849 2530 1903 Διά
2565 1849 2723 1903 τοῦτό
2760 1866 2842 1903 σοι
2875 1849 3107 1919 χάριτας
3142 1846 3323 1920 ίσμεν,
3363 1850 3458 1903 καὶ
3495 1849 3732 1919 συνεχῶς

2161 1941 2494 1996 ἐπιστέλλειν
2538 1940 2859 2012 βουλόμεθα,
2900 1939 3016 1994 ἀλλ’
3038 1940 3100 1994 οὑ
3128 1939 3403 2011 δυνάμεθα
3450 1940 3642 2003 ὁσάκις
3666 1941 3736 1995 ἂν

2162 2030 2497 2103 βουλώμεθα,
2529 2031 2811 2100 γράφομεν
2833 2028 2890 2081 δὲ
2918 2027 3107 2092 ὁσάκις
3138 2027 3205 2082 ἂν
3230 2026 3528 2099 δυνώμεθα.
3562 2024 3741 2083 Οἶσθα

2159 2122 2269 2195 γὰρ
2299 2122 2393 2177 καὶ
2423 2123 2523 2194 τὴν
2570 2122 2675 2176 ἀπὸ
2698 2121 2791 2176 τοῦ
2823 2120 3108 2192 χειμῶνος,
3142 2118 3238 2173 καὶ
3258 2118 3356 2192 τὴν
3369 2118 3474 2173 ἀπὸ
3494 2119 3605 2172 τῶν
3637 2119 3739 2193 ln-

2164 2214 2401 2287 στρικῶν
2429 2214 2634 2284 ἐφόδων
2676 2213 2967 2285 γινομένην
2997 2213 3058 2266 ἐν
3094 2213 3215 2275 ταῖς
3246 2211 3381 2274 ὁδοῖς
3417 2210 3737 2264 δυσκολίαν.

2160 2307 2252 2379 Μὴ
2278 2306 2456 2360 τοίνυν
2471 2304 2699 2379 νομίσῃς
2722 2304 2983 2376 ῥᾳθυμεῖν
3006 2304 3173 2374 ἡμᾶς,
3191 2303 3317 2355 ὅταν
3336 2301 3545 2371 μακράν
3571 2304 3743 2373 σιγή-

2161 2410 2344 2463 σωμεν
2393 2394 2573 2463 σιγὴν,
2609 2391 2745 2446 ἀλλά
2772 2394 2838 2463 τῇ
2879 2393 3071 2445 σπάνει
3102 2390 3210 2443 τῶν
3241 2390 3743 2462 γραμματηφόρων

2161 2484 2315 2558 [6141
2342 2485 2497 2538 τοῦτο
2517 2482 2753 2553 λογίζου,
2779 2482 2852 2554 μὴ
2875 2484 2939 2553 τῇ
2967 2480 3227 2552 ὀλιγωρία
3253 2483 3320 2551 τῇ
3350 2481 3612 2552 ἡμετέρᾳ.
3647 2483 3740 2545 Ὠς

2160 2578 2274 2646 εἴγε
2316 2576 2536 2629 δυνατὸν
2586 2570 2654 2646 ἦν
2702 2575 3089 2644 συνεχέστερον
3142 2573 3497 2638 ἐπιστέλλειν,
3525 2574 3625 2627 οὑκ
3668 2573 3741 2627 ἂν

2160 2668 2484 2738 ὠκνήσαμεν
2525 2664 2707 2719 πυκνὰ
2747 2664 3057 2734 πέμποντές
3089 2682 3170 2718 σοι
3201 2664 3529 2735 γράμματα.
3573 2664 3743 2734 Ἡμῖν

2162 2761 2270 2832 γάρ
2300 2761 2513 2823 ἑαυτοῖς
2543 2757 2928 2830 ἐχαριζόμεθα,
2957 2758 3056 2829 τὴν
3080 2757 3434 2829 ὀφειλομένην
3456 2774 3537 2810 σοι
3569 2757 3744 2828 πρόσ-

2162 2870 2321 2925 ρησιν
2354 2851 2733 2921 συνεχέστερον
2775 2849 3134 2913 ἀποδιδόντες.
3181 2849 3347 2904 Ταῦτ’
3398 2845 3492 2903 οῦν
3557 2847 3747 2912 εἰδὼς.

2160 2943 2339 3013 γράφε
2370 2942 2503 3012 ἡμῖν
2536 2937 2773 3009 συνεχῶς
2799 2940 2894 2992 καὶ
2931 2938 3092 3004 αὑτὸς
3123 2937 3191 2993 τά
3225 2938 3354 3011 περὶ
3389 2942 3489 3010 τῆς
3527 2939 3747 3008 ὑγιείας
3844 2951 3849 2954 ’

2160 3034 2261 3100 τῆς
2290 3034 2409 3106 σῆς..
2430 3033 2608 3103 Ὅπερ
2635 3031 2769 3100 ἔφης
2785 3029 3185 3085 ἀπεσταλκέναι
3211 3032 3362 3102 ἡμῖν,
3385 3030 3544 3084 τοῦτο
3562 3030 3745 3094 οὐδεὶς

2160 3124 2416 3194 ἐκόμισεν
2459 3120 2712 3187 ἐνταῦθα,
2755 3120 2869 3176 ἀλλ’
2919 3121 3307 3194 ὑπέστρεψενὸ
3351 3121 3490 3191 έχων
3527 3120 3616 3175 διὰ
3647 3123 3744 3174 τὸν

2160 3216 2266 3268 τῶν
2298 3214 2508 3288 λῃστῶν
2532 3214 2717 3285 φόϐον.
2756 3213 2903 3285 Πλὴν
2920 3212 3345 3285 παρακαλοῦμέν
3373 3230 3433 3266 σε
3467 3212 3543 3285 μὴ
3564 3216 3744 3267 ποιεῖν

2159 3307 2338 3373 τοῦτο,
2396 3306 2530 3379 μηδὲ
2579 3304 2862 3368 δυσκολίας
2919 3303 3097 3375 σαυτῷ
3155 3305 3411 3377 παρέχειν
3444 3305 3539 3359 καὶ
3592 3306 3745 3376 πρά-

2160 3414 2363 3469 γματα.
2393 3397 2473 3451 Τά
2500 3396 2608 3469 γάρ
2632 3395 2841 3467 μεγάλα
2871 3411 2965 3448 σου
2995 3395 3163 3465 δῶρα,
3185 3396 3246 3449 τὸ
3268 3396 3490 3466 γνήσιόν
3524 3413 3619 3449 σου
3646 3398 3748 3450 καὶ

2162 3489 2361 3562 θερμὸν
2398 3489 2497 3560 τῆς
2537 3488 2846 3553 διαθέσεως,
2901 3481 2962 3542 οῦ
3034 3486 3296 3559 διηνεκῶς
3348 3487 3745 3557 ἀπολαύοντες,

2162 3579 2513 3652 ἐντρυφῶμεν
2542 3578 2629 3633 ἀεὶ
2651 3581 2718 3649 τῇ
2755 3578 2943 3649 μνήμῃ
2971 3576 3069 3649 τῆς
3093 3577 3193 3649 σῆς
3216 3577 3458 3649 ἀγάπης.

2287 3694 2433 3760 AG".
2470 3689 2707 3759 Μάρωνι
2740 3688 3115 3758 πμσόυτέμρ
3145 3689 3245 3744 καὶ
3270 3688 3608 3760 μονάζοντι.

2244 3806 2435 3875 Ἡμεῖς
2463 3806 2529 3876 τῇ
2565 3803 2663 3875 μὲν
2692 3803 2882 3875 ἀγάπῃ
2906 3802 3267 3873 συνδεδέμεθά
3300 3820 3382 3856 σοι
3417 3803 3512 3856 καὶ
3536 3805 3603 3874 τῇ
3623 3802 3750 3856 διας

2164 3898 2329 3962 θέσει,
2361 3896 2454 3952 καὶ
2495 3896 2570 3960 ὼς
2620 3896 2862 3967 παρόντα
2901 3912 2961 3949 σε
3006 3894 3236 3949 ἐνταῦθα
3291 3895 3461 3959 οὑτως
3498 3895 3742 3965 ὁρῶμεν.

2134 3990 2402 4049 ,Τοιοῦτοι
2429 3988 2538 4060 γὰρ
2568 3988 2668 4059 τῆς
2697 3988 2918 4058 ἀγάπης
2959 3988 3008 4040 οί
3038 3986 3334 4058 ὀφθαλμοί·
3367 3987 3466 4057 οὑχ
3496 3986 3599 4057 ὁδῷ
3630 3986 3752 4039 δια-

2162 4082 2473 4143 κόπτονται,
2509 4078 2569 4131 οὑ
2614 4079 2791 4149 χρόνῳ
2843 4078 3214 4149 μαραίνονται.
3276 4077 3638 4149 Ἐϐουλόμεθα
3682 4078 3750 4132 δὲ

2163 4173 2258 4227 καὶ
2290 4174 2671 4245 συνεχέστερον
2705 4170 3037 4225 ἐπιστέλλειν
3067 4172 3134 4241 τῇ
3182 4169 3439 4242 εὐλαϐείᾳ
3470 4187 3585 4234 σου,
3622 4170 3747 4224 ἀλλ’

2163 4264 2351 4337 ἐπειδὴ
2385 4263 2542 4319 τοῦτο
2572 4264 2673 4318 οὑκ
2696 4262 2773 4316 ἔνι
2805 4261 2983 4334 ῥᾴδιον
3023 4261 3113 4315 διὰ
3151 4260 3250 4332 τὴν
3282 4262 3381 4332 τῆς
3400 4261 3522 4314 ὁδοῦ
3547 4261 3750 4315 δυσκο-

2161 4357 2301 4424 λίαν,
2334 4357 2427 4411 καὶ
2456 4357 2553 4429 τὴν
2583 4354 2817 4428 ἀπορίαν
2847 4354 2955 4408 τῶν
2993 4354 3309 4426 ὁδοιπόρων,
3346 4355 3511 4426 ἡνίκα
3541 4355 3610 4407 ἂν
3639 4355 3746 4427 ἐξῇ

2162 4448 2640 4521 προσαγορεύομέν
2691 4465 2785 4502 σου
2824 4448 2923 4519 τὴν
2970 4447 3283 4519 τιμιότητα,
3313 4446 3408 4500 καὶ
3454 4445 3616 4516 δῆλόν
3655 4464 3749 4500 σοι

2162 4542 2443 4611 ποιοῦμεν,
2470 4541 2550 4594 ὅτι
2580 4538 2842 4611 διηνεκῶς
2874 4539 2967 4592 ἐπὶ
2997 4538 3217 4609 μνήμης
3247 4554 3307 4591 σε
3338 4537 3552 4608 ἔχομεν,
3594 4540 3652 4592 ἐν
3670 4542 3748 4610 τῇ

2161 4635 2305 4707 ψυχῇ
2342 4637 2407 4707 τῇ
2454 4633 2700 4706 ἡμετέρᾳ
2741 4632 3145 4704 περιφέροντες,
3172 4632 3413 4701 ὅπουπερ
3455 4630 3521 4684 ἂν
3564 4625 3748 4702 ὦμεν.

2163 4728 2331 4800 Δήλου
2378 4726 2555 4781 τοίνυν
2604 4725 2699 4780 καὶ
2743 4724 2906 4787 αὐτὸς
2942 4727 3074 4796 ἡμῖν
3105 4724 3486 4796 συνεχέστερον
3512 4723 3582 4778 τά
3611 4728 3753 4797 περὶ

2163 4821 2258 4891 τῆς
2283 4818 2490 4888 ὑγιείας
2510 4816 2609 4887 τῆς
2638 4815 2756 4885 σῆς,
2789 4815 2877 4868 ἴνα
2910 4816 3003 4868 καὶ
3041 4813 3119 4885 τῷ
3152 4813 3363 4884 σώματι
3396 4815 3751 4883 κεχωρισμέ-

2164 4929 2262 4977 νοι,
2301 4907 2659 4982 μανθάνοντες
2692 4906 2931 4977 συνεχῶς
2980 4905 3048 4959 τά
3092 4907 3220 4976 περὶ
3263 4906 3363 4976 τῆς
3393 4903 3613 4976 ῥώσεως
3638 4906 3751 4974 τῆς

2165 5002 2283 5073 σῆς,
2324 4999 2675 5071 εὐθυμότεροι
2709 4996 3006 5068 γινώμεθα,
3051 4997 3146 5049 καῖ
3194 4995 3393 5066 πολλὴν
3435 4997 3493 5049 ἐν
3531 4996 3750 5068 ἐρημίᾳ

2164 5090 2460 5161 καθήμενοι
2487 5086 2771 5160 δεχώμεθα
2790 5087 2889 5159 τὴν
2912 5084 3272 5156 παράκλησιν.
3297 5085 3370 5139 Οὑ
3402 5084 3603 5156 μικράν
3626 5084 3749 5156 γὰρ

2162 5184 2293 5253 ἡμῖν
2321 5180 2658 5253 εὐφροσύνην
2677 5179 2889 5250 κομίζει
2910 5178 2971 5232 τὸ
3001 5177 3220 5232 ἀκούειν
3249 5178 3375 5250 περὶ
3403 5177 3502 5250 τῆς
3526 5177 3749 5245 ὑγιείας

2161 5272 2261 5341 τῆς
2286 5271 2405 5341 σῆς.
2440 5272 2551 5324 Kal
2578 5271 2685 5343 πρὸ
2725 5270 2941 5325 πάντων
2979 5268 3232 5339 εὔχεσθαι
3276 5270 3416 5342 ὑπὲρ
3460 5267 3616 5341 ἡμῶν
3639 5285 3753 5322 πα-

2167 5361 2484 5433 ρακλὴθητι.

2498 5519 2627 5572 ΛΖ’.
2673 5515 3052 5587 Τραγνιυλίνῳ
3071 5515 3400 5583 ἐπισκόπει).

2235 5632 2338 5686 Τὸν
2365 5631 2552 5704 κύριόν
2585 5647 2686 5700 μου
2726 5628 2817 5683 τὸν
2858 5629 3184 5701 τιμιώτατον
3213 5630 3511 5686 ἐπίσκοπον
3538 5628 3740 5684 Σέλευ-

2170 5744 2262 5782 κον
2291 5723 2495 5780 οἴκοθεν
2522 5723 2617 5793 μὲν
2650 5723 2678 5774 ὁ
2717 5721 2844 5792 περὶ
2873 5723 3017 5792 ἡμᾶς
3056 5722 3316 5795 ἀνέστησε
3349 5723 3530 5790 πόθος,
3555 5721 3747 5777 ἐντεῦ-
