4058 6218
298 324 401 380 699

300 433 531 493 subinde
570 432 815 496 accipere
854 445 1007 496 aveo,
1051 445 1158 502 quo
1202 430 1252 487 id
1281 431 1422 503 quod
1465 434 1623 503 cupio
1670 433 1895 490 subinde

304 526 619 597 intelligam,
648 538 846 594 nempe
873 532 924 578 te
951 524 1004 577 in
1030 538 1226 594 magna
1247 524 1410 579 animi
1437 525 1814 595 tranquillitate
1833 539 1897 579 ac

305 617 597 674 securitate
643 615 865 669 versari.
910 613 1043 669 Nam
1088 615 1133 669 si
1176 614 1291 670 ham
1321 614 1413 671 tibi
1467 615 1663 680 adsint,
1691 615 1816 685 quin
1836 623 1898 669 tu

302 721 522 765 summa
545 721 674 763 cura
704 717 758 761 et
796 705 973 762 studio
1015 707 1205 761 animae
1232 714 1337 761 tuae
1358 706 1628 771 consulas,
1658 717 1899 761 contem-

309 803 523 872 ptisque
580 799 801 869 hujusce
828 799 952 853 vitae
982 790 1142 854 rebus
1163 799 1267 853 iter
1289 796 1503 854 caeleste
1529 806 1733 864 teneas,
1754 796 1899 851 nullo

309 893 474 950 modo
515 891 866 947 dubitandum
886 900 1035 963 puto.
1064 890 1337 961 Siquidem
1365 890 1432 947 de
1458 890 1651 946 animm
1677 899 1781 945 tua:
1800 905 1899 945 no-

308 986 517 1041 bilitate
545 993 706 1055 atque
725 984 1051 1054 ingenuitate
1074 982 1202 1037 mihi
1225 990 1309 1038 est
1332 982 1688 1053 exploratum,
1715 996 1904 1051 quam-

311 1094 419 1150 que
443 1092 474 1132 a
511 1078 848 1148 negotiorum
891 1076 1205 1133 tumultibus
1243 1085 1403 1147 atque
1423 1075 1583 1144 hujus
1608 1076 1731 1130 vitae
1759 1074 1903 1130 curis

313 1172 571 1227 immunis
599 1186 661 1224 ac
694 1170 860 1225 libera
903 1169 998 1224 sis.
1029 1167 1162 1224 Cum
1195 1167 1354 1238 igitur
1394 1175 1646 1238 quantam
1674 1180 1706 1220 a
1729 1164 1902 1229 nobis,

312 1259 531 1330 quando
559 1258 610 1313 id
638 1257 786 1322 facis,
830 1257 1052 1327 gratiam
1091 1257 1260 1321 ineas,
1310 1254 1724 1321 animadvertas,
1769 1268 1906 1325 quo-

313 1352 418 1407 ties
444 1349 668 1405 facultas
691 1349 965 1419 continget
992 1362 1054 1402 ac
1080 1346 1192 1402 fieri
1213 1346 1427 1416 poterit,
1459 1344 1906 1413 quemadmodum

311 1441 424 1513 jam
446 1440 581 1507 dixi,
608 1454 791 1511 quaeso
819 1438 887 1494 ad
916 1452 1015 1494 nos
1036 1436 1239 1493 scribas
1264 1454 1279 1490 :
1306 1451 1412 1507 quo
1434 1450 1531 1491 nos
1549 1435 1673 1490 hinc
1697 1449 1910 1505 quoque

320 1532 625 1589 solitudinis
663 1531 839 1601 hujus,
871 1530 926 1585 in
955 1544 1059 1600 qua
1079 1530 1339 1599 degimus,
1376 1527 1695 1584 levationem
1729 1526 1910 1596 capia-

319 1640 464 1680 mus.
485 1623 695 1679 Etenim
717 1622 885 1677 literre
901 1629 1113 1687 vestrae,
1134 1620 1234 1675 hoc
1253 1628 1336 1674 est
1350 1633 1534 1674 eorum
1552 1617 1744 1688 quibus
1763 1615 1911 1671 cordi

319 1729 528 1779 sumus,
569 1729 692 1770 cum
738 1713 929 1769 crebro
972 1712 1040 1766 ad
1078 1726 1176 1766 nos
1212 1708 1527 1776 afferuntur,
1555 1724 1619 1764 ac
1640 1707 1709 1763 de
1737 1716 1913 1762 vestra

324 1805 634 1863 valetudine
659 1804 917 1860 certiores
947 1816 1045 1856 nos
1071 1802 1288 1867 faciunt,
1322 1816 1430 1856 non
1459 1800 1729 1869 vulgarem
1763 1797 1915 1852 nobis

321 1899 652 1968 voluptatem
694 1893 950 1957 afferunt;
978 1907 1165 1948 verum
1189 1900 1338 1946 tanto
1360 1904 1456 1945 nos
1484 1888 1677 1960 gaudio
1699 1888 1916 1958 perfun-

327 1992 481 2056 dunt,
509 1997 569 2045 ut
591 1988 930 2044 solitudinem
956 1985 1116 2054 hanc,
1158 1985 1213 2040 in
1240 1999 1345 2056 qua
1388 1996 1806 2046 commoramur,
1849 1994 1918 2036 ne

326 2082 591 2138 tantulum
618 2080 833 2151 quidem
862 2078 1176 2134 sentiamus.

432 2170 717 2229 XXXIII.
747 2171 966 2226 Adoliw.
988 2161 1231 2242 ‘(Cueuso
1258 2182 1401 2223 anno
1426 2166 1531 2224 404
1559 2166 1642 2223 vel
1668 2161 1821 2236 405.)

402 2265 482 2320 Tu
509 2264 635 2320 hinc
659 2276 868 2335 quoque
895 2262 1120 2317 sincera:
1145 2259 1297 2337 istius
1316 2268 1371 2314 et
1397 2256 1637 2313 ardentis
1660 2265 1766 2311 tua:
1786 2253 1922 2310 cari—

332 2357 465 2414 tatis
488 2357 866 2412 documentum
896 2352 1110 2419 dedisti,
1141 2350 1284 2423 quod
1309 2364 1429 2405 cum
1459 2347 1682 2404 adversa
1717 2345 1917 2401 valetu-

330 2448 461 2505 dine
489 2447 585 2514 sis,
617 2446 799 2502 literas
833 2452 1009 2499 tamen
1035 2440 1102 2498 ad
1126 2455 1225 2497 nos
1266 2440 1395 2497 dare
1433 2453 1539 2495 non
1579 2435 1920 2493 intermittas.

329 2540 445 2596 Nos
470 2553 598 2594 vero
619 2547 670 2593 te
700 2535 889 2591 morbo
920 2532 1156 2599 liberari,
1176 2540 1338 2603 atque
1356 2572 1371 2597 ,
1398 2545 1519 2586 cum
1562 2527 1795 2595 licuerit,
1825 2540 1923 2580 ve-

230 2701 241 2709 .
331 2631 572 2686 nientem
602 2628 703 2683 huc
730 2625 915 2682 videre
957 2624 1219 2696 cupimus.
1255 2621 1418 2693 quue
1458 2622 1569 2691 ipsa
1611 2619 1738 2686 scis,
1771 2632 1928 2673 orna-

334 2724 542 2779 tissima
556 2735 687 2776 mea
707 2734 770 2775 ac
794 2716 1192 2789 religiosissima
1213 2714 1448 2770 demina.
1468 2711 1729 2781 Quoniam
1747 2709 1927 2781 igitur,

333 2826 396 2870 ut
423 2814 587 2869 etiam
624 2810 849 2866 antehac
886 2808 1098 2878 scripsi,
1130 2819 1273 2861 nunc
1296 2805 1351 2861 in
1377 2804 1581 2875 majore
1606 2816 1733 2858 cura
1758 2808 1813 2856 et
1831 2799 1931 2854 sol-

334 2904 613 2961 licitudine
653 2899 1154 2972 sumus(siquidem
1180 2913 1250 2953 ex
1291 2896 1463 2952 literis
1508 2894 1612 2950 tuis
1653 2891 1928 2963 ingentem

334 2995 514 3053 morbi
545 2992 619 3048 tui
663 2989 1078 3062 magnitudinem
1123 3001 1245 3044 esse
1286 2982 1676 3056 conjecimus),
1706 2981 1926 3048 idcirco,

336 3103 464 3143 cum
493 3086 713 3140 meliore
738 3081 978 3153 corporis
1002 3078 1302 3135 valetudine
1337 3076 1521 3142 fueris,
1552 3075 1712 3129 velim
1739 3070 1929 3128 celeri-

339 3190 427 3235 ter
452 3177 505 3232 id
538 3177 689 3232 nobis
717 3173 1003 3246 significes,
1023 3186 1129 3244 quo
1154 3185 1252 3226 nos
1276 3166 1592 3240 gravissima
1613 3179 1739 3222 cura
1760 3163 1929 3219 leves.

339 3273 480 3329 Nam
511 3269 652 3343 quod
677 3282 819 3325 nunc
845 3266 915 3322 ob
943 3265 1188 3321 morbum
1220 3273 1365 3317 tuum
1397 3258 1537 3315 haud
1553 3258 1656 3315 levi
1681 3255 1933 3313 maestitia

343 3363 666 3427 afficiamur,
700 3375 768 3416 ne
789 3361 903 3430 ipsa
930 3356 1144 3429 quidem
1172 3356 1403 3426 ignoras.
1433 3353 1789 3422 Quapropter,
1812 3362 1934 3403 cum

342 3470 529 3512 curam
556 3468 695 3519 eam,
727 3467 829 3522 qua
856 3465 999 3506 nunc
1026 3448 1334 3520 premimur,
1359 3461 1425 3500 ex
1437 3445 1692 3515 ploratam
1715 3440 1935 3507 habeas,

344 3547 401 3602 id
433 3545 575 3617 quod
602 3545 696 3599 abs
728 3554 778 3599 te
805 3542 1055 3614 petimus,
1089 3541 1268 3596 facere
1299 3538 1474 3594 stude.
1506 3537 1839 3606 Quamquam
1869 3531 1938 3587 ad

348 3641 456 3695 hoc
484 3638 779 3708 Prwsertim
802 3635 930 3689 nihil
956 3644 1037 3688 est
1058 3648 1155 3686 cur
1180 3642 1231 3686 te
1257 3632 1508 3685 cohorter
1540 3645 1554 3682 :
1581 3641 1755 3698 neque
1794 3625 1937 3680 enim

349 3730 558 3791 dubito,
584 3727 708 3796 quin
739 3725 947 3795 quoties
974 3721 1279 3778 tabellarios
1303 3729 1456 3775 nacta
1483 3718 1666 3784 fueris,
1687 3716 1845 3772 toties
1873 3713 1941 3769 ad

352 3836 455 3876 nos
480 3819 743 3889 scriptura
773 3817 867 3870 sis.

568 3910 837 3967 XXXIV.
879 3906 1145 3964 Carteriaz.
1169 3905 1400 3978 (Cucuso
1426 3917 1567 3958 anno
1587 3900 1744 3972 405.)

430 4006 573 4061 Istud
615 4018 826 4075 quoque
874 4016 970 4071 pro
1013 4009 1099 4053 tua
1127 3998 1350 4053 caritate
1388 3995 1659 4064 animique
1686 3990 1944 4046 sollicitu-

351 4101 503 4164 dine,
536 4109 696 4169 atque
726 4095 924 4166 ingenti
952 4107 1075 4164 erga
1110 4106 1209 4147 nos
1252 4090 1620 4144 benevolentia
1648 4086 1745 4141 abs
1784 4093 1836 4140 te
1872 4082 1947 4137 fa-

354 4203 505 4250 ctum
524 4199 628 4255 est,
645 4187 785 4261 quod
810 4202 917 4243 nnn
940 4185 1112 4241 solum
1139 4181 1506 4254 polyarchium
1530 4177 1825 4251 (a)misi3ti.
1857 4192 1950 4231 ve-

356 4301 479 4343 rum
506 4284 667 4340 etiam
694 4280 822 4337 illud
865 4277 1137 4349 spectasti,
1164 4288 1395 4345 quonam
1442 4278 1598 4342 pacto
1640 4268 1795 4325 nobis
1833 4268 1950 4323 usui

358 4393 485 4435 esse
514 4375 703 4446 possit,
734 4381 894 4442 atque
919 4370 1020 4440 ipsi
1067 4376 1178 4423 tum
1208 4366 1511 4432 nardinum,
1542 4373 1652 4418 tum
1684 4371 1975 4418 musteum.

358 4469 543 4524 oleum
594 4462 864 4530 addidisti,
886 4475 993 4532 quo
1027 4459 1193 4529 ipsius
1229 4456 1454 4513 siccitati
1476 4470 1544 4511 ex
1565 4455 1727 4526 longo
1765 4454 1954 4509 itinere

360 4566 656 4616 contractae
684 4554 996 4612 medereris.
1022 4552 1158 4620 Quin
1189 4550 1293 4606 hoc
1313 4563 1524 4619 quoque
1557 4547 1772 4602 nomine
1810 4556 1953 4601 tuam

365 4665 496 4722 erga
522 4665 622 4704 nos
651 4644 1079 4704 benevolentiam
1108 4655 1449 4711 summopere
1475 4639 1721 4694 admirati
1749 4652 1952 4703 sumus,

363 4744 512 4817 quod
553 4744 782 4814 ipsamet
823 4740 926 4795 hoc
964 4736 1208 4799 effecisti,
1239 4749 1303 4789 ac
1340 4748 1445 4788 non
1493 4732 1616 4787 aliis
1644 4731 1697 4787 id
1722 4729 1961 4786 efficien-

365 4839 497 4893 dum
530 4833 814 4899 mandasti,
852 4839 1012 4901 atque
1039 4838 1099 4883 ut
1128 4827 1293 4903 probe
1316 4826 1492 4895 potius
1518 4838 1581 4879 ac
1610 4823 1763 4886 scite,
1801 4836 1959 4892 quam

367 4939 432 4985 ut
458 4928 775 4985 festinanter
799 4924 971 4988 fieret,
997 4934 1216 4992 operam
1251 4916 1462 4973 dedisti.
1494 4914 1619 4971 Ideo
1640 4914 1838 4987 gratias
1868 4912 1963 4968 tibi

370 5022 604 5092 agimus,
634 5020 687 5074 in
727 5017 831 5072 hoc
866 5015 1041 5072 solum
1087 5020 1141 5068 te
1176 5019 1512 5075 accusantes,
1559 5006 1701 5078 quod
1724 5006 1776 5062 id
1823 5005 1964 5077 quod

372 5115 611 5171 maxime
636 5109 953 5181 optabamus
976 5121 1071 5177 per
1100 5105 1282 5160 literas
1297 5101 1516 5157 minime
1533 5098 1747 5167 misisti,
1766 5098 1867 5154 hoc
1886 5107 1969 5153 est

372 5206 667 5280 jucundum
688 5202 758 5259 de
779 5211 867 5256 tua
889 5200 1118 5255 sanitate
1150 5194 1412 5251 nuntium.
1458 5191 1719 5249 Utautem
1769 5188 1969 5245 idcirco

378 5298 541 5355 anxio
570 5297 751 5351 animo
771 5306 980 5358 sumus,
1006 5288 1150 5361 quod
1188 5285 1363 5343 morbi
1411 5285 1485 5340 tui
1520 5292 1718 5339 statum
1756 5280 1967 5336 nescia-

380 5408 504 5449 mus
533 5410 547 5447 :
573 5389 763 5447 eodem
790 5386 971 5449 modo,
1000 5385 1045 5439 si
1073 5382 1245 5453 primo
1285 5392 1496 5450 quoque
1539 5385 1779 5447 tempore
1817 5372 1972 5429 nobis

386 5487 570 5542 literas
596 5480 829 5547 miseris,
849 5476 1042 5548 quibus
1068 5489 1189 5530 eum
1217 5469 1547 5543 profligatum
1576 5476 1631 5524 et
1653 5465 1973 5522 exstinctum

453 5617 534 5677 (α)
567 5620 730 5677 Genus
745 5608 1009 5677 unguenti,
1024 5606 1150 5677 quod
1173 5603 1289 5677 alibi
1305 5608 1624 5677 memoratum
1648 5592 1979 5677 non

391 5662 549 5751 niihil;
568 5662 894 5746 nardtituntvet
916 5662 1150 5751 musteum
1169 5665 1346 5737 oleant,
1371 5671 1793 5751 unguentahquren
1808 5662 1980 5751 essent:

430 5743 441 5751 ·
464 5741 475 5751 ·
650 5750 653 5751 ν
682 5740 892 5751 ιμη-ιμι-
940 5742 1029 5751 Α--ρ
1055 5736 1267 5751 “nun...”
1311 5735 1352 5751 ,ο
1393 5741 1440 5751 ..-
1461 5738 1579 5751 .-.κη
1600 5736 1619 5751 ε
1669 5734 1706 5751 ,ο
1797 5733 1848 5751 ,η

396 5717 512 5794 ad;
530 5717 1267 5798 ἶιίἿηΜέςὲερι-τηαιὶρηε
1306 5717 1352 5781 εἰ
1389 5717 1706 5781 schematibus
1738 5717 1980 5774 illustrant

401 5791 781 5864 ranouwar't.
803 5795 852 5860 2,
880 5793 965 5844 lib.
990 5791 1221 5855 l.cap.3.

1754 322 2133 380 ΕιηδτοιιΑε.

3487 320 3589 376 650

2010 450 2130 490 esse
2158 435 2533 506 intelligamus,
2565 447 2799 488 maxnuo
2828 446 2924 487 nos
2967 430 3225 487 beneficio
3262 430 3592 487 devinxeris.

2006 528 2139 582 Cum
2177 527 2335 599 igitur
2363 529 2520 595 scias,
2550 543 2707 598 quam
2729 524 3073 581 vehementer
3106 524 3399 596 intelligere
3418 525 3597 594 cupiti-

2009 632 2150 685 mus,
2181 627 2233 674 te
2270 634 2337 673 ex
2382 620 2483 674 hac
2523 618 2748 675 adversa
2793 617 3097 674 valetudine
3135 616 3246 687 jam
3290 616 3594 682 emersisse,

2011 709 2169 776 hanc,
2210 725 2410 780 quaeso,
2455 711 2778 778 voluptatem
2818 709 2970 764 nobis
3022 708 3213 777 largire
3256 722 3377 776 qua:
3416 707 3473 761 in
3500 706 3602 762 hac

2013 802 2389 857 molestissima
2422 803 2706 858 solitudine
2731 811 2786 857 et
2811 800 3089 857 obsidione
3116 814 3221 857 non
3248 814 3466 870 parvam
3500 816 3601 856 no-

2013 891 2096 968 bis
2121 893 2539 948 consolationem
2579 893 2800 946 allatura
2829 902 2930 947 est.

2222 982 2459 1038 XXXV.
2500 984 2707 1055 Alphio.
2742 985 2976 1052 (Cucuso
3006 997 3144 1036 anno
3170 981 3323 1051 403.)
3403 1026 3406 1030 λ

2088 1078 2258 1133 Velim
2300 1078 2392 1133 tibi
2423 1078 2563 1133 Deus
2592 1078 2814 1132 sincerae
2843 1086 3001 1146 atque
3027 1071 3261 1130 ardentis
3288 1089 3352 1129 ac
3377 1089 3520 1146 pura:
3548 1082 3601 1129 et

2014 1170 2083 1226 ab
2130 1171 2277 1226 omni
2315 1171 2652 1226 simulatione
2690 1171 2899 1232 alienae,
2928 1170 3198 1239 firmaeque
3224 1177 3277 1223 et
3305 1168 3604 1224 constantis

2017 1279 2140 1334 erga
2191 1278 2288 1318 nos
2329 1264 2585 1329 caritatis,
2634 1272 2741 1318 tum
2773 1264 2824 1317 in
2851 1262 2951 1316 hac
2976 1261 3228 1333 praesenti
3258 1262 3383 1324 vita,
3413 1270 3522 1315 tum
3550 1260 3604 1314 in

2017 1355 2195 1409 futuro
2216 1371 2352 1423 aevo,
2385 1356 2663 1425 praemium
2702 1355 2916 1409 tribuat.
2960 1353 3068 1409 Nec
3116 1353 3258 1407 enim
3297 1366 3458 1421 parva
3497 1359 3605 1405 tua:

2018 1462 2142 1516 erga
2170 1460 2266 1501 nos
2304 1446 2693 1501 benevolentia:
2718 1444 3058 1506 documenta,
3089 1442 3248 1511 idque
3275 1450 3421 1495 tanto
3447 1455 3477 1493 a
3512 1455 3606 1492 no-

2018 1536 2100 1591 bis
2129 1538 2366 1592 locorum
2395 1539 2675 1593 intervallo
2708 1537 3024 1605 disjunctus,
3056 1534 3365 1595 exhibuisti.
3393 1532 3607 1587 domine

2019 1630 2092 1684 mi
2123 1630 2533 1685 honoratissime
2575 1645 2638 1684 ac
2677 1627 3086 1700 generosissime
3109 1667 3123 1689 ,
3151 1640 3333 1680 verum
3364 1634 3417 1677 et
3444 1620 3607 1676 multa

2020 1732 2071 1777 et
2102 1723 2374 1793 prieclara.
2415 1724 2597 1792 quue
2639 1723 2855 1777 nomine
2882 1720 3079 1791 gratias
3107 1719 3199 1773 tibi
3231 1710 3529 1781 habemus,
3555 1722 3610 1768 et

2021 1825 2163 1883 smpe
2188 1813 2255 1868 ad
2285 1824 2337 1869 te
2362 1814 2596 1868 scribere
2624 1812 2865 1883 cupimus
2891 1830 2904 1866 :
2928 1826 3109 1866 verum
3133 1808 3339 1879 quoties
3365 1806 3611 1862 volumus

2023 1921 2129 1959 non
2156 1906 2297 1972 licet,
2328 1905 2423 1960 sed
2449 1906 2659 1975 quoties
2686 1917 2967 1974 possumus
2994 1900 3295 1955 scribimus.
3324 1897 3442 1953 Scis
3467 1896 3610 1950 enim

2023 2008 2216 2068 quanta
2247 2013 2312 2053 ex
2339 1996 2515 2052 hieme
2539 2010 2603 2051 ac
2630 1994 2939 2065 praedonum
2965 1993 3168 2059 impetu
3192 1991 3441 2045 itinerum
3473 1986 3612 2042 difﬁ-

2016 2090 2195 2173 cultas
2223 2090 2446 2144 oriatur.
2478 2087 2819 2157 Quapmpter
2845 2099 2966 2140 cum
2997 2083 3248 2137 diuturno
3274 2090 3512 2150 tempore
3540 2077 3613 2133 si-

2028 2180 2216 2243 lemus,
2243 2193 2310 2234 ne
2335 2177 2389 2233 id
2418 2176 2736 2249 negligentia
2765 2183 2944 2230 nostra
2970 2172 3080 2227 fieri
3109 2170 3402 2236 existimes,
3428 2182 3611 2223 verum

2008 2272 2430 2341 tabellariorum
2456 2270 2648 2340 inOpite
2675 2266 2837 2334 istud,
2869 2280 2977 2320 non
3006 2262 3267 2319 socordia:
3296 2270 3494 2315 nostrae
3521 2257 3615 2313 ad-

2029 2363 2251 2417 scribas.
2282 2360 2416 2415 Nam
2442 2360 2488 2414 si
2513 2359 2707 2430 smpius
2735 2357 2801 2412 ad
2833 2366 2885 2411 te
2910 2353 3176 2411 scribendi
3205 2350 3426 2406 facultas
3454 2348 3618 2404 offer-

2031 2462 2196 2518 retur,
2229 2450 2557 2522 frequentius
2580 2448 2647 2504 ad
2675 2458 2727 2504 te
2768 2447 2949 2501 literas
2978 2444 3108 2498 dare
3144 2442 3362 2497 minime
3405 2453 3503 2494 nos
3540 2438 3619 2507 pi-

2029 2545 2247 2616 guisset.
2269 2542 2541 2615 Siquidem
2562 2540 2831 2596 nobismet
2847 2536 3206 2610 gratissimum
3231 2533 3475 2599 facimus,
3498 2545 3620 2586 cum

2032 2634 2212 2690 debito
2242 2632 2334 2689 tibi
2375 2631 2709 2688 salutationis
2747 2643 2971 2684 munere
3006 2625 3201 2695 saepius
3232 2621 3617 2694 perfungimur.

2037 2727 2161 2782 flzec
2189 2740 2309 2780 cum
2337 2724 2507 2789 scias,
2542 2732 2597 2778 tu
2626 2735 2836 2793 quoque
2864 2719 2932 2775 de
2962 2728 3048 2772 tua
3078 2714 3377 2771 valetudine
3413 2712 3481 2767 ad
3523 2724 3621 2765 nos

2034 2820 2270 2874 scribere
2299 2832 2371 2872 ne
2407 2815 2719 2871 intermitte.
2748 2812 2898 2881 Quod
2941 2821 3117 2865 autem
3147 2818 3198 2863 te
3226 2805 3379 2861 nobis
3408 2804 3620 2859 misisse

2035 2909 2226 2966 scribis
2247 2948 2263 2973 ,
2299 2906 2402 2962 hoc
2441 2900 2600 2962 neuio
2630 2904 2733 2959 huc
2760 2902 2973 2969 attulit;
3006 2914 3195 2956 verum
3224 2897 3312 2968 qui
3345 2895 3395 2950 id
3425 2893 3622 2949 affere—

2037 3001 2162 3064 bat.
2188 3000 2502 3071 prmdonum
2529 3006 2674 3053 metu
2699 2995 3020 3069 perterritus
3050 2990 3239 3063 pedem
3269 2989 3471 3044 retulit.
3503 2986 3623 3041 Ca:-

2038 3104 2211 3152 terum
2227 3094 2271 3149 si
2292 3108 2378 3149 me
2393 3106 2562 3157 amas,
2588 3105 2657 3146 ne
2678 3089 2780 3143 hoc
2806 3086 2988 3153 facias,
3016 3100 3083 3139 ne
3106 3080 3442 3137 difficultates
3469 3086 3629 3146 atque

2039 3188 2252 3260 negotia
2292 3185 2385 3241 tibi
2430 3183 2528 3254 ipsi
2559 3181 2833 3238 exhibeas.
2864 3177 2996 3232 Nam
3043 3173 3335 3245 ingentium
3365 3169 3626 3225 donorum

2041 3258 2161 3334 loco
2203 3277 2466 3332 sinceram
2506 3281 2667 3343 atque
2695 3268 2970 3325 ardentem
3017 3274 3158 3319 tuam
3206 3258 3638 3317 benevolentiam

2042 3370 2219 3428 duco:
2250 3382 2408 3440 quam
2451 3380 2570 3421 cum
2615 3376 2828 3431 semper
2874 3357 3244 3416 obtineimus,
3290 3367 3358 3408 ex
3398 3349 3633 3405 caritatis

2044 3470 2150 3516 tuae
2174 3456 2544 3526 recordatione
2567 3467 2780 3521 semper
2806 3450 3129 3517 voluptatem
3155 3443 3415 3513 capimus.

2043 3547 2312 3606 XXXVI.
2347 3545 2551 3602 Maroni
2577 3546 2593 3576 ⁸
2625 3540 2909 3614 presbytero
2936 3536 3204 3591 monacho.
3236 3531 3341 3607 (Ab
3363 3545 3505 3586 anno
3532 3529 3636 3586 4οῑ

2721 3631 2787 3687 ad
2819 3630 2973 3700 407.)

2117 3732 2227 3789 Nos
2241 3728 2478 3788 caritatis
2497 3726 2711 3799 quidem
2733 3738 2797 3779 ac
2816 3717 3198 3777 benevolentia:
3218 3711 3440 3769 vinculis
3458 3718 3633 3764 tecum

2049 3824 2447 3895 adstringimur,
2476 3836 2537 3875 ac
2563 3829 2614 3874 te
2636 3826 2693 3873 ut
2721 3816 2808 3871 hic
2828 3819 3148 3884 prmsentem
3178 3808 3462 3860 intuemur.
3486 3800 3639 3871 Ejus-
3720 3852 3725 3861 ,

2050 3918 2193 3974 modi
2228 3893 2424 3986 quippe
2456 3909 2690 3967 caritatis
2719 3905 2859 3961 oculi
2890 3911 3034 3966 sunt,
3069 3910 3128 3955 ut
3162 3911 3260 3952 nec
3290 3894 3412 3950 ullis
3435 3893 3636 3946 viarum

2052 3981 2721 4081 spatiisinterrumpnntur,
2737 4011 2837 4050 nec
2851 4005 2955 4049 tem
2964 3992 3105 4062 poris
3138 3985 3482 4043 diuturnitate
3497 3981 3642 4037 dehi-

2056 4072 2291 4154 litentur.
2316 4096 2645 4164 Cuperemus
2665 4095 2840 4141 autem
2867 4083 3109 4139 crebrius
3126 4092 3336 4149 quoque
3356 4074 3422 4129 ad
3444 4083 3497 4128 te
3518 4072 3638 4127 lite-

2056 4207 2144 4249 ras
2169 4192 2316 4255 dare;
2336 4163 2517 4243 verum
2536 4181 2785 4254 quoniam
2816 4177 2868 4233 id
2897 4187 3007 4230 tum
3028 4173 3097 4227 ob
3124 4169 3328 4226 itineris
3355 4163 3640 4222 difficulta-

2059 4295 2188 4351 tem,
2217 4254 2326 4338 tum
2349 4280 2419 4336 ob
2445 4291 2633 4335 eorum
2673 4273 2764 4344 qui
2809 4271 2911 4327 iter
2954 4267 3152 4323 faciunt
3190 4262 3463 4318 raritatem
3502 4254 3642 4310 haud

2060 4346 2217 4434 facile
2235 4382 2339 4441 est,
2361 4370 2575 4442 quoties
2600 4367 2725 4422 licet
2753 4373 2805 4419 te
2831 4362 3145 4423 salutamus,
3174 4353 3374 4423 tibique
3402 4348 3531 4403 illud
3566 4346 3643 4442 si-

2062 4436 2401 4541 gnificamus,
2420 4477 2518 4517 nos
2539 4459 2616 4514 tui
2639 4468 2923 4525 numquam
2946 4464 3053 4504 non
3072 4445 3399 4506 meminisse,
3418 4448 3575 4508 teque
3592 4436 3646 4490 in

2064 4526 2243 4616 animo
2270 4566 2475 4619 nostro,
2498 4560 2835 4623 quocumque
2856 4541 3067 4598 tandem
3099 4539 3152 4593 in
3183 4537 3303 4591 loco
3329 4533 3515 4593 simus,
3543 4526 3650 4583 cir-

2066 4649 2353 4707 cumferre.
2382 4618 2531 4700 Cura.
2548 4641 2705 4711 igitur
2727 4646 2780 4693 tu
2806 4647 3038 4707 quoque,
3060 4639 3119 4685 ut
3142 4627 3210 4683 de
3237 4635 3324 4680 tua
3345 4618 3650 4677 valetudine

2068 4757 2227 4815 quam
2256 4738 2553 4809 smpissime
2575 4731 2831 4789 certiores
2867 4726 3075 4790 fiamus,
3109 4736 3237 4793 quo,
3275 4718 3398 4772 licet
3426 4727 3653 4782 corpore

2072 4804 2285 4900 scutati,
2307 4804 2377 4887 de
2397 4838 2486 4884 tua
2520 4822 2826 4880 valetudine
2849 4815 3075 4874 subinde
3118 4808 3315 4882 aliquid
3353 4804 3651 4900 audientes,

2071 4925 2329 4982 alacriore
2354 4918 2534 4975 animo
2556 4916 2743 4978 simus,
2775 4911 3168 4980 ingentemque,
3201 4900 3360 4957 etiam
3386 4898 3440 4953 in
3469 4894 3658 4951 solitu-

2074 5018 2199 5072 dine
2242 5011 2513 5075 scdentes,
2545 5001 2965 5063 consolationem
3016 4995 3307 5066 capiamus.
3356 4989 3466 5044 Nec
3511 4986 3656 5041 enim

2076 5121 2237 5179 parva
2275 5103 2549 5172 voluptate
2574 5095 2855 5159 affieimur,
2895 5105 3015 5146 cum
3047 5097 3097 5143 te
3135 5085 3335 5156 optime
3362 5081 3541 5135 valere
3567 5094 3661 5132 au-

2077 5168 2274 5255 dimus.
2307 5168 2446 5251 Ante
2474 5190 2652 5247 omnia
2698 5194 2877 5242 autem
2904 5179 3031 5238 illud
3059 5187 3111 5235 te
3144 5192 3262 5242 oro,
3289 5184 3347 5229 ut
3372 5186 3470 5244 pro
3507 5168 3662 5225 nobis

2080 5304 2269 5363 preces
2296 5286 2362 5341 ad
2393 5285 2560 5340 Deum
2582 5277 2857 5335 adhibeas.

2082 5360 2382 5440 XXXVII.
2434 5372 2788 5444 Tranquillino
2841 5367 3094 5439 episcopo.
3123 5360 3353 5432 (Cueuso
3394 5366 3560 5416 anno.
3604 5362 3665 5410 ut

2366 5538 2371 5543 1
2525 5471 2760 5537 putatur,
2782 5459 2904 5523 104,
2934 5456 3018 5512 vel
3044 5452 3193 5523 405.)

2157 5538 2675 5621 Reverendissimum
2716 5552 2989 5610 dominum
3021 5561 3197 5603 meum
3228 5542 3533 5612 episcopum
3566 5531 3655 5587 Se-

2085 5662 2318 5725 leucum,
2344 5662 2401 5710 ut
2423 5652 2604 5708 relicta
2633 5648 2792 5704 domo
2822 5645 2926 5699 huc
2952 5655 3012 5696 se
3037 5636 3304 5693 conferret
3327 5672 3340 5693 .
3369 5626 3534 5683 nostri
3565 5621 3661 5675 dc-

2152 5774 2170 5808 ι
2203 5768 2426 5821 savium
2448 5771 2588 5818 textu
2612 5761 2755 5827 legit,
2782 5764 3016 5817 nmmo;
3040 5752 3090 5802 in
3111 5759 3286 5812 ωτι,
3310 5737 3510 5796 ueram.
