4058 6218
476 347 571 402 651
1220 353 1279 410 S.
1318 354 1595 412 JOANNIS
1630 351 2097 410 CIIRYSOSTOMI
2134 352 2452 411 ARCHIEP.
2493 356 3025 415 CONSTANTINOP.
3060 392 3067 397 -

480 459 730 514 siderimn
782 464 1029 518 excitant
1057 481 1071 517 :
1101 473 1157 518 ut
1201 474 1378 520 autem
1430 466 1553 522 hinc
1605 480 1794 522 rursus
1838 467 2056 521 domum

479 550 700 617 rediret,
725 554 798 607 tui
819 570 988 621 amor.
1012 554 1147 609 Nam
1166 555 1251 610 hic
1268 571 1391 611 eum
1414 556 1639 620 induxit,
1662 566 1788 613 utet
1807 557 2060 623 hiemem,

440 653 447 662 '
482 649 538 694 et
564 641 767 697 itineris
786 642 1170 711 difﬁcultatem,
1192 653 1246 700 et
1267 646 1641 716 gravissimum
1672 648 1915 704 morbum
1936 662 2065 704 con-

485 739 764 787 temneret.
793 734 1103 789 Collaudato
1128 736 1305 808 itaque
1346 738 1513 809 ipsius
1556 754 1741 795 amore
1774 754 1837 794 ac
1863 740 2062 804 studio,
2089 815 2093 818 λ

3652 357 3757 414 632

2173 466 2297 521 llzcc
2325 468 2483 537 igitur
2506 484 2625 524 eum
2653 486 2755 524 non
2779 479 2831 526 te
2855 470 3077 542 fugiant,
3105 472 3441 527 ornatissima
3461 481 3517 528 et
3540 475 3760 546 religio-

2168 558 2379 614 sissima
2400 559 2612 616 domina
2639 564 3018 626 mea,subinde
3044 579 3255 635 quoque
3272 567 3384 635 ipsa
3402 565 3471 621 de
3496 575 3584 620 tua
3611 567 3763 621 vale-

2169 649 2355 706 tudine
2377 652 2443 706 ad
2463 667 2559 707 nos
2575 654 2767 709 scribe.
2786 655 3118 726 Quamquam
3143 658 3285 712 enim
3315 644 3432 725 nos,
3450 672 3571 712 cum
3600 658 3763 713 nulla:

2171 740 2328 797 nobis
2362 741 2459 796 abs
2490 751 2542 797 te
2568 744 2738 799 litera:
2764 744 3058 800 redduntur
3081 786 3096 811 ,
3119 760 3213 800 eos
3242 747 3331 815 qui
3359 746 3517 803 istinc
3542 748 3765 803 veniunt

480 824 694 880 domine
723 827 793 879 mi
824 828 1259 895 praestantissime
1277 872 1293 897 ,
1322 830 1585 887 diuturnae
1631 831 1787 903 hujus
1815 847 2067 887 aerumna:
2170 832 2240 890 de
2265 834 2365 889 hac
2390 849 2451 890 re
2480 849 2692 905 semper
2720 836 3055 892 seiscitamur
3079 856 3094 892 :
3123 850 3298 893 tamen
3323 854 3351 891 a
3381 849 3435 895 te
3458 854 3672 911 quoque
3699 840 3766 894 li-

483 916 757 986 praemium
784 918 883 987 ipsi
922 922 1155 990 repende
1178 964 1193 989 ,
1219 922 1356 978 banc
1382 924 1631 979 nimirum
1652 965 1666 990 ,
1696 940 1853 999 quam
1880 924 2026 981 soles
2047 966 2063 991 ,
2122 976 2147 993 ,
2174 935 2315 981 teras
2338 966 2353 992 ,
2379 942 2499 996 qua:
2524 926 2592 982 de
2622 938 2724 983 tua:
2748 928 3065 985 valetudinis
3107 938 3245 986 statu
3291 930 3410 987 laeta
3442 933 3597 988 nobis
3625 950 3767 988 nun»

480 1008 756 1063 caritatem
798 1024 921 1080 erga
965 1025 1086 1067 eum
1140 1012 1449 1070 ostendens.
1497 1013 1605 1070 Nos
1651 1015 1794 1070 enim
1850 1030 1974 1071 eum
1998 1014 2067 1070 ad

482 1106 598 1152 tuas
623 1112 834 1167 manus,
864 1103 1009 1157 velut
1037 1102 1105 1158 ad
1136 1104 1476 1175 tranquillum
1507 1106 1788 1177 quemdam
1817 1116 2027 1178 portum
2047 1149 2063 1177 ,

481 1190 892 1259 transmisimus,
920 1194 1115 1264 quippe
1137 1196 1226 1266 qui
1253 1206 1396 1252 tuam
1422 1199 1729 1255 comitatem
1757 1240 1774 1265 ,
1801 1215 1864 1256 ac
1889 1201 2067 1256 since-

482 1293 594 1333 ram
619 1322 634 1346 ,
658 1279 981 1353 ferventem,
1014 1284 1224 1341 firmam
1246 1296 1405 1359 atque
1433 1298 1764 1346 constantem
1795 1292 2068 1367 caritatem

484 1382 813 1442 compertam
843 1375 1155 1433 habeamus.
1186 1381 1262 1434 Ac
1289 1381 1333 1435 si
1372 1383 1635 1453 quispiam
1664 1385 1819 1440 istinc
1847 1384 2023 1440 veniat
2050 1425 2067 1452 ,

484 1463 642 1535 idque
664 1464 817 1521 facile
841 1467 945 1535 sit,
973 1470 1040 1524 de
1072 1481 1160 1525 tua
1189 1473 1489 1531 valetudine
1519 1476 1674 1531 velim
1699 1477 1764 1532 ad
1797 1494 1894 1533 nos
1932 1478 2069 1534 scri-

483 1557 594 1611 bas.
624 1558 958 1631 Eupsychius
983 1564 1124 1617 enim
1154 1564 1220 1618 ad
1247 1580 1343 1620 nos
1368 1582 1472 1621 non
1500 1583 1644 1623 nunc
1666 1571 1924 1625 accessit:
1949 1571 2070 1627 ideo

486 1652 613 1707 nihil
639 1670 707 1709 ex
734 1655 799 1710 iis
829 1672 947 1727 quae
969 1698 985 1725 ,
1009 1674 1131 1714 cum
1159 1677 1330 1731 nuper
1359 1663 1425 1718 ad
1457 1680 1554 1719 nos
1579 1666 1870 1734 scriberes,
1893 1668 2068 1725 dictu-

484 1759 601 1798 rum
628 1745 774 1801 illum
800 1748 1001 1817 aiebas,
1033 1752 1172 1807 scire
1199 1754 1486 1822 potuimus,
1515 1757 1656 1827 quod
1688 1759 1930 1815 videlicet
1957 1761 2071 1832 ipse

485 1849 745 1906 nusquam
772 1849 1041 1910 appareat.
1060 1842 1186 1898 Haec
1207 1844 1367 1916 igitur
1398 1860 1518 1902 cum
1541 1848 1633 1903 tibi
1659 1851 1875 1906 minime
1891 1852 2070 1921 ignota

484 1928 623 1994 sint,
658 1937 768 1984 tum
796 1946 857 1986 ea
887 1948 1006 2003 qua:
1044 1949 1142 2004 per
1185 1951 1308 1991 eum
1341 1954 1509 2007 nuper
1536 1940 1688 1995 nobis
1726 1941 2068 2013 significanda

485 2033 787 2086 Curaveras,
810 2031 919 2078 tum
942 2026 985 2078 si
1012 2026 1138 2095 quid
1158 2027 1301 2083 aliud
1321 2029 1549 2099 amplius
1574 2040 1672 2086 nos
1694 2033 1830 2088 scire
1851 2048 2072 2090 necesse

483 2106 572 2173 sit,
595 2125 735 2164 nunc
756 2112 944 2168 saltem
970 2114 1052 2170 fac
1075 2116 1324 2181 sciamus,
1348 2135 1411 2175 ac
1425 2120 1493 2176 de
1511 2129 1595 2175 tua
1615 2123 1932 2191 valetudine,
1955 2140 2072 2195 quae

485 2201 640 2257 nobis
664 2218 886 2259 summa:
914 2221 1056 2261 cura:
1080 2217 1184 2274 est,
1206 2217 1263 2265 ct.
1283 2211 1351 2266 de
1380 2227 1503 2282 qua,
1532 2229 1651 2268 cum
1682 2224 1932 2284 perpetua
1959 2217 2069 2270 sol-

485 2289 756 2346 licitudine
796 2292 1120 2363 laboremus,
1153 2309 1412 2369 perpetuo
1458 2317 1669 2373 quoque
1701 2304 1886 2361 audire
1924 2307 2073 2376 cupi-

485 2394 630 2443 mus,
661 2381 861 2450 aliquid
909 2384 1065 2441 nobis
1092 2387 1351 2457 significa.

486 2468 823 2529 XXXVIII.
860 2474 1137 2548 Hymnett'o
1160 2478 1236 2549 (a)
1266 2481 1537 2537 archialro.
1566 2483 1797 2554 (Cucuso
1823 2501 1984 2555 anno,
2013 2496 2073 2544 ut

1088 2578 1322 2639 putatur,
1349 2571 1500 2645 405.)

552 2654 665 2710 Etsi
694 2670 801 2710 non
837 2658 1029 2715 crebro
1050 2659 1117 2715 ad
1146 2671 1199 2717 te
1237 2662 1418 2718 literas
1444 2664 1705 2731 dedimus,
1737 2675 1794 2722 at
1816 2679 2072 2740 perpetuo

483 2751 661 2801 tamen
700 2748 959 2804 memoria
990 2758 1041 2805 te
1068 2759 1337 2821 gestamus
1362 2795 1377 2818 ,
1409 2763 1471 2810 ut
1496 2757 1586 2827 qui
1617 2757 1868 2814 ferventis
1894 2762 1965 2815 tui
2009 2777 2073 2818 ae

484 2830 729 2904 probi‘et
771 2839 964 2896 sinceri
1010 2844 1210 2899 amoris
1247 2845 1432 2917 ingens
1463 2848 1644 2917 paucis
1686 2850 1874 2908 diebus
1901 2853 2069 2909 docu-

485 2937 720 2982 mentum
750 2932 1071 3000 ceperimus.
1105 2935 1291 3005 quue
1320 2940 1536 2996 nomine
1563 2944 2068 3001 reverendissimum

481 3018 753 3074 dominum
782 3038 957 3078 meum
984 3026 1293 3096 episcopum
1320 3029 1599 3086 Seleucum
1624 3034 1689 3088 ad
1721 3042 1838 3089 tuas
1859 3051 2069 3104 manus,

482 3126 587 3164 non
616 3127 771 3167 secus
796 3123 954 3185 atque
981 3116 1031 3171 in
1060 3128 1269 3187 portum
1292 3163 1306 3187 ,
1336 3125 1765 3182 transmittimus.
1796 3127 1926 3182 Nam
1955 3129 2070 3198 ipse

480 3201 791 3268 gravissima
833 3206 965 3260 tussi
995 3221 1215 3264 vexatur
1236 3251 1252 3278 ,
1287 3226 1444 3281 quam
1485 3216 1645 3270 etiam
1675 3217 1913 3274 infestius
1942 3224 2067 3278 anui

482 3298 691 3363 tempus
711 3307 885 3365 auget,
910 3299 1313 3371 gravioremque
1336 3303 1526 3359 reddit.
1550 3307 1681 3362 Cum
1712 3310 1870 3379 igitur
1894 3314 2067 3372 morbi

482 3390 720 3437 naturam
768 3397 1101 3458 perspectam
1148 3390 1379 3462 habeas,
1408 3396 1623 3454 domine
1652 3403 1722 3455 mi
1759 3406 2070 3475 cumprimis

481 3474 800 3542 venerande,
821 3476 886 3532 da
914 3494 1149 3548 operam,
1179 3492 1235 3538 ut
1253 3500 1375 3540 eum
1405 3501 1468 3542 ex
1502 3487 1601 3545 bac
1623 3474 1935 3562 tempestate
1963 3497 2070 3553 eri-

480 3559 613 3631 pias,
634 3564 823 3619 morbo
846 3567 1183 3626 incommodo
1198 3575 1326 3629 artis
1349 3587 1452 3632 tua:
1472 3578 1572 3633 vim
1596 3559 1891 3652 opponens,
1914 3589 2067 3655 cujus

478 3668 581 3723 ope
606 3664 763 3727 atque
790 3658 1098 3729 adjumento
1117 3663 1312 3720 multos
1337 3678 1500 3737 saepe,
1532 3684 1651 3724 cum
1676 3672 1728 3726 in
1757 3673 1894 3728 idem
1923 3677 2068 3745 peri-

478 3743 657 3799 culum
686 3748 977 3818 venissent,
1014 3768 1082 3808 ne
1109 3754 1370 3824 ejusmodi
1399 3757 1643 3816 ﬂuctibus
1671 3743 2023 3822 obruerentur
2047 3808 2064 3837 ,

477 3848 509 3887 e
538 3835 812 3906 naufragio
838 3843 1014 3895 statim
1042 3845 1309 3902 exemisti.

548 3923 707 4018 :YXX
718 3926 817 3981 IX.
847 3927 1143 3989 Chalcidice.
1176 3934 1409 4006 (Cueuso
1437 3954 1578 3995 anno
1607 3941 1711 3997 404
1737 3944 1822 3999 vel
1850 3945 2000 4018 605.)

547 4016 832 4073 Caritatem
864 4036 1019 4088 eam,
1052 4040 1207 4095 quam
1232 4026 1343 4097 jam
1376 4029 1498 4087 inde
1525 4033 1593 4088 ab
1621 4033 1771 4089 initio
1815 4051 1938 4108 erga
1968 4016 2067 4095 nos

477 4105 664 4171 habes,
698 4125 819 4165 novt
846 4129 858 4165 :
883 4119 1130 4186 quodque
1156 4119 1421 4189 vigentem
1452 4126 1852 4194 eanrretineas,
1880 4105 1944 4184 ac
1971 4144 2066 4185 cn-

475 4200 810 4257 mulatiorcm
836 4207 1059 4263 subinde
1087 4211 1298 4281 reddas,
1321 4230 1545 4287 eamque
1570 4220 1638 4273 ob
1652 4219 2061 4292 disjunctiouem

476 4293 711 4341 nostram
745 4329 760 4356 ,
790 4297 1101 4363 tantumque
1150 4299 1405 4367 temporis
1449 4303 1677 4370 spatium
1704 4345 1719 4370 ,
1750 4321 1854 4361 non
1904 4308 2063 4363 modo

472 4379 747 4437 obscurari
780 4399 885 4439 non
911 4386 1076 4455 sinas,
1092 4387 1187 4443 sed
1208 4389 1367 4445 etiam
1398 4394 1563 4463 magis
1585 4394 1900 4454 inflammes.
1931 4399 2062 4455 lllud

417 4514 421 4519 .
471 4486 683 4544 quoque
718 4474 852 4543 scio,
888 4485 937 4533 te
969 4476 1148 4533 literas
1174 4488 1384 4536 nostras
1412 4499 1597 4555 magna
1626 4500 1746 4541 cum
1775 4490 1935 4544 animi
1964 4506 2059 4545 vo-

471 4563 673 4635 luptate
697 4567 971 4638 accipere;
1002 4577 1178 4642 teque,
1211 4573 1324 4629 sive
1345 4576 1567 4643 scribas,
1593 4578 1709 4635 sive
1735 4587 1931 4648 taceas,
1964 4597 2061 4639 eo-

471 4656 592 4711 dem
624 4666 800 4713 tamen
828 4674 1043 4731 semper
1077 4663 1257 4719 animo
1295 4681 1420 4737 erga
1446 4683 1543 4723 nos
1571 4684 1689 4726 esse
1712 4688 1727 4724 :
1753 4670 1804 4726 id
1835 4675 1976 4728 enim
2007 4685 2062 4731 et

469 4745 652 4802 multis
686 4747 740 4802 in
769 4749 931 4806 rebus
953 4792 969 4817 ,
997 4759 1051 4806 et
1078 4767 1220 4823 same
1246 4770 1363 4809 sum
1392 4767 1669 4827 expertus.
1698 4760 2058 4827 Quamobrem

469 4844 523 4891 te
548 4852 666 4907 oro,
684 4846 744 4894 ut
767 4842 1011 4899 eumdem
1038 4860 1163 4917 erga
1185 4860 1283 4902 nos
1308 4850 1541 4904 animum
1569 4852 1800 4910 retinere
1830 4870 2055 4927 pergas:

467 4926 728 4997 siquidem
747 4933 941 4991 sinceri
970 4936 1042 4991 tui
1071 4939 1271 5001 amoris
1291 4941 1454 4996 multa
1484 4943 1726 5014 pignora,
1751 4948 1915 5003 multa
1932 4926 2057 5005 mo-

468 5017 703 5075 nimenta
732 5020 1009 5082 habemus.
1039 5028 1240 5086 Idcirco
1280 5039 1333 5087 te
1364 5041 1634 5106 tamquam
1662 5037 1714 5093 in
1743 5039 1925 5096 animo
1956 5058 2058 5099 no-

466 5117 578 5163 stro
609 5109 924 5184 iuseulptam
955 5130 1213 5190 perpetuo
1238 5122 1661 5185 circumferimus
1681 5173 1697 5196 ,
1729 5133 1911 5205 tuique
1934 5152 2053 5192 me-

465 5201 687 5255 moriam
714 5202 784 5257 ita
813 5214 1075 5275 tenemus,
1106 5222 1166 5266 ut
1192 5213 1333 5268 nulla
1361 5217 1628 5275 oblivione
1651 5201 1837 5278 deleri
1866 5227 2053 5293 possit,

464 5289 672 5348 etiamsi
689 5308 793 5349 non
815 5310 960 5370 saepe
978 5302 1275 5361 scribamus
1294 5306 1363 5363 ob
1387 5309 1780 5371 tabellariorum
1799 5289 2052 5387 inopiam.

527 5428 868 5513 {Q‘Ya'i‘f‘lﬂﬁs
891 5438 1354 5513 cnl‘CDislipiattttset
1374 5445 1751 5513 Savil._semper,
1775 5449 2054 5513 [tymetht'lm

464 5487 661 5539 ιυὼέυιι
705 5495 895 5569 Νομίαν,
910 5487 1360 5567 hyn’u’ieiidi'iéiié;
1375 5487 1751 5560 7r'éiitEIr'33'Xh’

463 5563 524 5599 an
568 5550 836 5601 Itmnethms
857 5565 921 5601 su
940 5562 1225 5601 Ωιιῐὶρηαηιι
1242 5565 1410 5601 Λίβυι-ο
1435 5582 1529 5601 ..ηη
1555 5570 1706 5601 ...ιειηι
1744 5570 1910 5601 δίη-ι..
1926 5582 2012 5601 ..ρο

602 5603 625 5614 .,
664 5613 675 5625 ,
814 5603 827 5606 τ
942 5603 984 5622 -.
1243 5603 1412 5617 κων
1553 5603 1724 5621 ..........
1745 5603 1912 5623 ..ιω

464 5612 756 5710 ξξξέξίεξξτηῗέξι
778 5616 1561 5710 ,Ψῖξὲῇἓδῇθίὶέἷθὲἱδὶῗὶεέ
1573 5633 1791 5710 essese
1808 5637 2054 5710 ,φαῖμ-

464 5673 583 5750 latii,
605 5676 827 5750 unde,_ut
848 5680 1074 5750 observat
1094 5673 1565 5750 Ducteuiinﬁcodiee
1573 5673 1921 5749 iiéiid‘é’sii'n?

465 5737 541 5790 lus
564 5745 643 5791 est
660 5738 725 5791 de
742 5737 1006 5798 Contitibtts
1027 5754 1079 5799 et
1099 5737 1709 5819 Archiatrissacx—‘i'palali'i:

850 5552 921 5633 έη
940 5552 1227 5633 appellatas,
1242 5552 2053 5633 diagré'tisﬁi'lmitiii
2096 5606 2105 5619 .

2170 1017 2326 1085 tient,
2357 1026 2621 1088 perpetuo
2650 1019 2892 1089 accipere
2919 1036 3157 1076 avemus.

2450 1134 2569 1190 XL.
2597 1135 2911 1207 Asyncritiaz.
2941 1135 3169 1208 (Cucuso
3195 1156 3336 1195 anno
3351 1142 3501 1213 404.)

2241 1225 2320 1283 Te
2348 1227 2402 1282 in
2429 1242 2617 1300 magna
2631 1229 2930 1285 calamitate
2947 1246 3086 1285 nunc
3111 1233 3307 1288 versari
3326 1235 3455 1289 scio.
3478 1236 3549 1290 At
3567 1251 3758 1306 quent-

2173 1316 2462 1374 admodum
2519 1319 2620 1395 hoc
2648 1320 2782 1384 scio,
2831 1322 2908 1376 sic
2934 1330 2988 1377 et
3017 1322 3144 1377 illud
3180 1327 3372 1392 etiam,
3406 1326 3674 1395 ingentem
3709 1338 3763 1383 te

2175 1423 2271 1478 pro
2300 1408 2385 1467 his
2410 1392 2803 1469 calamitatibus
2844 1412 3146 1470 mercedem
3171 1423 3329 1483 atque
3361 1392 3594 1485 amplum
3626 1432 3763 1486 pne-

2176 1503 2340 1565 mium
2392 1513 2448 1558 et
2482 1488 2978 1561 remunerationem
3026 1521 3266 1562 manere.
3309 1507 3503 1563 Maeror
3556 1509 3759 1565 etenim

2174 1594 2367 1649 anima:
2389 1593 2664 1649 utilitatem
2686 1595 2858 1661 affert,
2887 1596 3041 1667 eique
3064 1597 3280 1666 prtemia
3302 1598 3461 1653 multa
3481 1598 3758 1661 conciliat.

2173 1684 2299 1742 llrec
2327 1684 2487 1756 igitur
2513 1685 2689 1749 sciens
2716 1696 2875 1757 atque
2903 1689 3251 1744 considerans
3271 1689 3596 1756 ,maximam
3626 1688 3759 1745 hinc

2172 1777 2594 1835 consolationem
2608 1779 2817 1851 accipe:
2834 1796 2932 1836 nec
2949 1782 3303 1838 calamitatum
3320 1782 3589 1838 dumtaxat
3600 1798 3759 1839 acer-

2174 1870 2312 1926 bitas
2339 1871 2431 1927 tibi
2461 1870 2533 1928 ob
2556 1871 2739 1929 oculos
2760 1882 3019 1939 versetur,
3042 1888 3228 1928 verum
3252 1876 3410 1928 etiam
3428 1873 3759 1931 emolumen-

2176 1969 2285 2015 tum
2315 1962 2456 2033 quod
2499 1977 2566 2019 ex
2596 1959 2661 2017 iis
2683 1962 2979 2033 colligitur;
3010 1974 3073 2019 ac
3100 1963 3325 2020 subinde
3349 1963 3414 2019 ad
3445 1980 3545 2021 nos
3572 1965 3641 2021 de
3672 1975 3759 2021 tua

2174 2052 2475 2110 valetudine
2521 2054 2717 2111 scribe.
2747 2053 2928 2124 Neque
2951 2054 3093 2113 enim
3125 2054 3228 2111 levi
3251 2055 3436 2112 dolore
3460 2056 3636 2113 allecti
3667 2073 3759 2113 su-

2175 2159 2315 2213 mus,
2342 2160 2463 2200 eum
2489 2155 2541 2202 te
2565 2146 2785 2203 adversa
2815 2144 3117 2201 valetudine
3142 2159 3262 2202 esse
3289 2146 3613 2218 accepimus.
3637 2149 3762 2205 ideo

2173 2249 2364 2308 magna
2391 2251 2513 2293 cum
2538 2237 2806 2295 celeritate
2829 2236 2970 2295 scire
2985 2237 3326 2295 vehementer
3349 2241 3614 2310 cupimus,
3634 2258 3760 2298 num

2173 2324 2243 2383 de
2267 2327 2524 2399 gravitate
2542 2327 2738 2399 aliquid
2762 2330 3050 2397 remiserit,
3068 2342 3176 2403 quo
3195 2343 3258 2385 ea
3282 2344 3430 2397 cura,
3455 2346 3615 2403 quam
3636 2331 3761 2391 bitu:

2174 2408 2538 2490 concepimus,
2566 2419 2823 2477 levemur.

2386 2507 2539 2565 XLI.
2556 2508 2818 2567 Valentino
2845 2511 2946 2585 (a).
2978 2510 3210 2584 (Cueuso
3231 2525 3372 2572 anno
3393 2511 3546 2585 404.)

2248 2598 2481 2657 Tertiam
2512 2600 2648 2659 banc
2676 2604 2954 2674 epistolam
2986 2607 3138 2662 mitto
3160 2647 3176 2672 ,
3202 2621 3322 2663 eum
3354 2609 3467 2679 ipse
3494 2621 3527 2664 a
3558 2615 3611 2664 te
3637 2607 3761 2666 nul-

2176 2693 2280 2748 lant
2307 2696 2626 2766 acceperim.
2654 2695 2850 2753 Verum
2874 2700 3014 2770 quod
3045 2716 3235 2772 magna
3253 2717 3373 2758 cum
3411 2704 3575 2759 animi
3604 2706 3760 2760 volu-

2175 2794 2320 2855 ptate
2344 2786 2527 2843 literas
2544 2796 2757 2844 nostras
2782 2792 3073 2862 acceperis.
3103 2808 3330 2864 eumque
3350 2794 3441 2865 qui
3463 2810 3557 2850 eas
3581 2797 3762 2855 reddi.

2174 2875 2274 2942 dit,
2300 2892 2406 2947 quo
2426 2877 2651 2937 decebat
2668 2879 2872 2936 honore
2900 2881 3160 2949 alieceris,
3183 2896 3342 2955 atque
3364 2888 3487 2941 item
3520 2886 3570 2942 id
3598 2903 3761 2943 omne

2174 2967 2315 3037 quod
2335 2978 2541 3027 tuarum
2559 2971 2787 3041 partium
2810 2982 2925 3028 erat
2939 2974 2992 3031 in
3017 2974 3082 3030 iis
3107 2976 3287 3043 rebus,
3307 2993 3424 3050 qua:
3441 2987 3581 3033 tuam
3599 2995 3760 3051 Opem

2176 3062 2535 3132 requirebant,
2564 3066 2896 3135 pracsutcris,
2927 3068 3305 3139 intelleximus,
3336 3086 3434 3128 nec
3470 3073 3758 3144 quidquam

2175 3153 2367 3217 horum
2400 3156 2554 3213 nobis
2581 3157 2735 3213 latuit
2763 3173 2779 3211 :
2810 3159 3018 3216 interim
3049 3170 3223 3218 tamen
3253 3163 3450 3219 nullam
3475 3165 3759 3235 epistolam

2173 3245 2497 3315 accepimus.
2528 3250 2606 3305 Ac
2633 3251 2677 3305 si
2716 3250 2928 3319 quidem
2955 3252 3090 3307 alius
3114 3268 3184 3309 ex
3213 3254 3278 3310 iis
3304 3256 3391 3326 qui
3438 3257 3617 3313 minus
3661 3273 3759 3329 ge-

2175 3353 2368 3395 neroso
2408 3340 2585 3394 animo
2614 3352 2775 3411 sunt,
2806 3342 3107 3412 ltujusmodi
3125 3346 3352 3411 ,silentio
3381 3362 3508 3403 usus
3537 3350 3759 3415 fuisset,

2174 3430 2245 3486 ita
2275 3432 2783 3489 existimavissemus
2809 3475 2824 3502 ,
2854 3451 2974 3490 eum
3000 3438 3358 3495 excusationis
3387 3454 3551 3495 causa
3586 3456 3758 3512 nego-

2174 3523 2366 3579 tiorum
2405 3526 2601 3580 molem
2647 3527 2995 3596 pneteudcre.
3029 3529 3161 3584 Cum
3193 3540 3367 3586 autem
3413 3533 3610 3587 mentis
3654 3542 3763 3595 tua:

2171 3617 2550 3674 sublimitatem
2576 3619 2916 3691 caritatisque
2942 3621 3226 3688 fervorem,
3252 3623 3634 3691 sinceritatem,
3665 3640 3764 3695 pu-

2172 3709 2381 3765 ritatem
2429 3720 2589 3782 atque
2629 3715 2981 3771 constantiam
3032 3716 3363 3785 exploratam
3419 3719 3757 3782 habeamus,

2170 3802 2361 3857 adduci
2405 3819 2509 3859 non
2555 3821 2872 3874 possumus,
2903 3816 2959 3861 ut
2993 3807 3093 3863 bac
3135 3811 3478 3867 excusatione
3518 3812 3760 3869 contenti

2170 3896 2357 3950 simus.
2391 3895 2468 3953 Ne
2519 3898 2643 3953 item
2692 3898 2931 3965 dixeris,
2980 3909 3033 3957 te
3088 3900 3196 3957 illic
3239 3918 3346 3957 non
3392 3917 3759 3959 commorari:

2171 4003 2294 4042 nam
2321 3989 2446 4044 illud
2474 3989 2628 4045 nobis
2653 4000 2984 4061 compertum
3007 4002 3109 4053 est.
3132 3992 3328 4048 Verum
3349 3992 3448 4051 bac
3475 4010 3576 4049 una
3600 3995 3764 4050 dum-

2171 4090 2313 4136 taxat
2341 4096 2400 4139 re
2430 4082 2663 4137 diuturni
2688 4083 2884 4140 silentii
2912 4084 2986 4147 tui
3010 4085 3429 4141 consolationem
3456 4087 3757 4157 capiemus,

2168 4171 2215 4225 si
2245 4172 2294 4227 id
2320 4173 2461 4243 quod
2486 4175 2713 4230 antehac
2736 4175 2833 4231 abs
2865 4184 2917 4232 te
2943 4176 3241 4247 neglectum
3269 4186 3377 4244 est,
3404 4192 3762 4249 compensare

2168 4266 2421 4331 volueris,
2441 4282 2599 4336 quam
2619 4267 2978 4338 plurimasque
3002 4268 3070 4325 ab
3091 4269 3190 4324 ista
3217 4269 3408 4340 lingua,
3435 4284 3498 4325 es
3520 4285 3626 4340 qua
3651 4270 3758 4325 mel

2169 4366 2386 4419 manat,
2418 4357 2560 4413 fusas
2600 4358 2781 4415 literas
2819 4359 3031 4414 mittere
3054 4399 3071 4427 ,
3101 4375 3220 4431 qua:
3249 4360 3402 4415 nobis
3432 4360 3761 4421 valetudinis

2169 4458 2271 4504 tuac
2299 4456 2492 4504 statum
2521 4462 2669 4506 certo
2694 4460 2981 4522 exponant.
3012 4452 3340 4524 Quamquam
3369 4454 3510 4508 enim
3544 4453 3597 4508 in
3626 4455 3761 4509 soli~

2168 4541 2349 4595 tudine
2374 4541 2643 4608 sedemus,
2667 4544 2923 4614 gravique
2951 4545 3251 4612 obsidione,
3271 4555 3432 4618 atque
3458 4546 3761 4603 innumeris

2165 4631 2543 4687 acerbitatibus
2582 4634 2815 4707 undique
2857 4637 3020 4693 cincti
3062 4653 3283 4707 sumus,
3312 4639 3379 4693 de
3406 4649 3458 4694 te
3484 4648 3662 4695 tamen
3702 4641 3759 4695 in

2165 4737 2292 4781 cura
2321 4732 2375 4778 et
2399 4724 2759 4783 sollicitudine
2784 4742 2906 4785 esse
2933 4744 3037 4784 nou
3062 4728 3358 4784 desinimus
3377 4771 3392 4796 ,
3424 4729 3759 4802 singulisque

2165 4813 2374 4883 diebus,
2405 4824 2461 4875 ut
2482 4832 2542 4877 se
2569 4833 2654 4880 res
2692 4827 2795 4874 tua:
2843 4819 3102 4887 habeant,
3128 4830 3520 4891 percontamur.
3547 4822 3755 4893 Quam-

2163 4909 2348 4967 obrem
2378 4926 2445 4967 ne
2470 4912 2537 4968 ab
2557 4911 2697 4978 aliis,
2717 4928 2900 4968 verum
2926 4914 3022 4970 abs
3037 4922 3108 4981 te,
3130 4913 3285 4984 cujus
3309 4915 3463 4975 nobis
3489 4913 3667 4971 dulcis
3686 4929 3754 4969 ac

2165 5014 2420 5072 perquam
2450 5003 2629 5058 suavis
2666 5003 3034 5059 benevolentia
3068 5014 3150 5060 est
3169 5047 3184 5071 ,
3211 5005 3323 5061 lure
3346 5005 3708 5077 intelligamus
3731 5044 3750 5071 ,

2164 5093 2408 5158 subinde,
2440 5111 2642 5165 qua'so,
2671 5096 2741 5153 de
2771 5105 2856 5149 tua
2884 5096 3188 5156 valetudine
3215 5097 3281 5154 ad
3310 5112 3410 5153 nos
3434 5098 3632 5152 scribe.
3663 5095 3753 5150 Ni-

2166 5185 2238 5240 ltil
2266 5187 2408 5245 cutim
2426 5188 2549 5255 erit,
2573 5190 2713 5258 quod
2742 5205 2847 5251 non
2870 5206 2899 5242 a
2931 5198 2982 5245 te
3005 5190 3276 5260 accepisse
3292 5191 3682 5256 existimemus.
3703 5190 3753 5244 si

2162 5277 2437 5346 epistolas,
2461 5294 2578 5348 qute
2606 5281 2782 5342 laetum
2811 5282 2950 5343 hunc
2980 5281 3133 5338 nobis
3160 5282 3404 5341 nuntium
3436 5281 3633 5353 ferant,
3659 5296 3755 5338 ac-

2162 5382 2480 5436 ceperunns.

2225 5508 2634 5588 (aj‘falentit'mm
2656 5511 2789 5588 illum
2812 5513 2960 5588 fuisse
2982 5514 3263 5588 praefectum
3278 5516 3607 5588 praetor-leam
3639 5517 3749 5588 urbi

2158 5573 2563 5643 goustantiPOpoli
2572 5573 3045 5643 suspicaturfrouto
3067 5573 3293 5643 Dircaeus;
3310 5592 3372 5627 eo
3393 5580 3523 5643 quod
3557 5580 3747 5643 magna;

2157 5634 2366 5701 [iceptiw
2398 5634 2655 5701 honoriﬁco
2671 5634 2909 5688 vocabulo
2930 5634 3277 5701 compelletur.
3310 5634 3426 5689 cuni
3462 5655 3580 5692 vero
3611 5634 3748 5691 idem

2158 5697 2327 5766 titulus
2363 5703 2414 5746 et
2446 5698 2718 5766 rectoribus
2739 5697 3118 5766 provinciarum,
3150 5708 3202 5750 et
3246 5703 3472 5766 patriciis,
3508 5709 3749 5755 Frontone

2159 5761 2263 5825 ipso
2286 5758 2488 5823 fatente,
2515 5758 2769 5822 tribuatur,
2793 5775 2877 5814 res
2901 5762 3082 5827 pendet
3106 5758 3306 5815 incerta.
