4058 6218
288 227 391 287 ῦῦι

286 348 381 402 θεν
410 344 468 400 δέ
493 344 523 398 ό
544 344 645 416 τῆς
678 344 776 416 σῆς
794 342 1015 416 ἀγάπης
1038 342 1197 416 ἔρως.
1242 336 1409 410 Οὗτος
1448 344 1609 400 αὑτὸν
1642 346 1731 399 καὶ
1761 363 1868 416 χει-

285 435 467 508 μῶνος
516 435 955 507 κατατολμήσαι,
994 436 1090 489 καὶ
1123 435 1409 500 δυσκολίας
1461 435 1606 502 ὁδοῦ,
1639 436 1732 491 καὶ
1766 438 1867 509 ἀρ-

280 528 523 603 ρωστίας
554 528 952 600 χαλεπωτάτης
985 528 1292 583 ἀνέπεισεν.
1332 529 1655 595 Ἐπαινέσας
1692 529 1871 583 τοίνυν

279 620 468 687 αὑτὸν,
518 620 759 675 δέσποτά
817 637 918 692 μου
972 620 1290 693 τιμιώτατε,
1347 619 1444 676 τοῦ
1499 621 1723 694 φίλτρου
1773 619 1873 689 τῆς

282 711 547 782 σπουδῆς,
595 710 792 776 ἀπόδος
850 711 1002 784 αὑτῷ
1049 712 1148 785 τὴν
1202 711 1440 784 ἀμοιϐὴν
1496 698 1597 784 τῆς
1653 717 1871 785 μακρᾶς

285 801 490 873 ταύτης
520 800 917 873 ταλαιπωρίας,
963 801 1062 875 τὴν
1100 802 1356 858 εἰωθυῖαν
1385 804 1514 876 περὶ
1537 803 1699 857 αὑτὸν
1738 805 1887 874 ἀγάτ

290 911 401 965 πην
445 893 540 947 καὶ
578 891 674 946 νῦν
712 891 1138 963 ἐπιδειξάμενος.
1180 893 1332 949 Ἐπεὶ
1374 893 1470 948 καὶ
1502 894 1663 965 ήμεῖς
1690 894 1765 959 ώς
1796 896 1875 960 είς

282 985 483 1055 λιμένα
524 984 687 1038 αὐτὸν
719 983 1033 1055 ἀκύμαντον
1063 987 1143 1049 είς
1171 985 1272 1049 τάς
1301 985 1400 1050 σάς
1432 985 1876 1058 παρεπέμψαμεν

285 1078 495 1147 χεῖρας,
542 1074 743 1138 εἰδότες
784 1090 879 1127 σου
913 1074 1014 1146 τὴν
1049 1073 1252 1146 πολλὴν
1312 1074 1734 1148 φιλοφροσύνην,
1778 1075 1876 1147 τήν

285 1166 520 1237 γνησίαν
551 1165 793 1236 ἀγάπην,
828 1163 929 1236 τὴν
963 1164 1171 1236 θερμήν
1205 1166 1299 1218 καὶ
1334 1166 1656 1238 ἀκλινῆςκαὶ
1684 1166 1879 1239 ἀπερί-

287 1274 551 1332 τρεπτον.
589 1258 708 1311 Κᾶν
737 1257 1035 1328 ἀφικνῆταί
1066 1274 1150 1321 τις
1183 1257 1413 1323 ἐκεῖθεν,
1443 1258 1538 1311 καὶ
1588 1258 1769 1330 ῥᾴδιον
1792 1256 1881 1328 γέ-

290 1367 473 1423 νηται,
506 1349 603 1403 καὶ
628 1347 933 1403 ἐπιστεῖλαι
962 1349 1093 1419 ἡμῖν
1122 1348 1507 1421 παρακλήθητι
1530 1348 1599 1403 τὰ
1625 1348 1880 1423 περὶτῆς

294 1438 517 1513 ῥώσεώς
564 1457 677 1493 σου.
728 1438 998 1511 Εὑψὺχιος
1026 1439 1136 1511 γὰρ
1174 1441 1253 1504 εἰς
1280 1440 1342 1494 τὸ
1375 1439 1549 1510 παρὸν
1580 1441 1681 1495 οὑκ
1704 1441 1881 1513 ἀπήν-

290 1547 425 1604 τησε
444 1547 459 1561 ο
496 1530 578 1585 διὸ
598 1530 719 1584 οὑδὲ
752 1530 942 1601 μαθεῖν
973 1548 1025 1584 τι
1054 1530 1391 1603 δεδυνήμεθα
1422 1524 1498 1585 ὧν
1514 1531 1650 1603 ἔφης
1671 1532 1882 1585 ἐκεῖνον

292 1626 439 1698 ἐρεῖν
474 1622 666 1697 πρώην
718 1623 851 1695 ήμῖν
891 1622 1242 1688 ἐπιστέλλων,
1277 1621 1365 1678 διὰ
1417 1624 1479 1679 τὸ
1514 1623 1763 1696 μηδαμοῦ
1792 1624 1882 1683 τὸν

291 1715 582 1789 ἄνθρωπον
634 1714 942 1784 φαίνεσθαι.
997 1713 1164 1771 Ταῦτ’
1222 1710 1316 1769 οὖν
1375 1713 1551 1780 εἰδὼς,
1610 1716 1797 1770 ἐκεῖνά
1824 1734 1884 1773 τε

293 1804 444 1876 ἀπερ
493 1804 562 1857 δι’
618 1804 828 1857 ἐκεῖνον
884 1802 1080 1875 πρώην
1119 1803 1415 1876 ἐδήλωσας,
1439 1803 1534 1859 καὶ
1567 1803 1622 1857 εί
1646 1822 1702 1858 τι
1723 1805 1885 1859 πλέον

293 1896 445 1969 ἡμᾶς
468 1893 622 1967 [615]
673 1894 878 1962 γνῶναι
928 1894 1251 1963 ἀναγκαῖον,
1298 1893 1394 1949 νῦν
1438 1894 1570 1965 γοῦν
1618 1895 1885 1967 γνωρίσαι

295 1989 434 2059 ἡμῖν
464 1985 871 2059 παρακλήθητι,
907 1985 1003 2039 καὶ
1048 1985 1117 2038 τά
1146 1985 1276 2057 περὶ
1308 1985 1409 2056 τῆς
1437 1985 1625 2054 ὑγείας
1653 1988 1886 2058 σήμαινε

294 2080 398 2151 τῆς
436 2078 557 2149 σῆς,
593 2079 692 2149 τῆς
724 2077 930 2149 σφόδρα
956 2079 1089 2149 ήμῖν
1118 2078 1717 2149 περισπουδάστου,καὶ
1749 2079 1887 2151 ὑπὲρ

293 2166 367 2245 ἧς
387 2171 477 2225 ἀεὶ
506 2168 901 2241 μεριμνῶντες,
943 2170 1031 2223 ἀεὶ
1055 2170 1349 2241 μανθάνειν
1387 2170 1781 2243 ἐπιθυμοῦμεν.

691 2283 799 2337 ΛΗ
812 2319 827 2335 .
876 2280 1159 2350 Ὑμνητίῳ
1186 2281 1500 2351 ἀρχιητρῷ.

373 2394 442 2449 El
494 2393 587 2448 καὶ
643 2392 719 2466 μή
774 2393 1015 2465 συνεχῶς
1051 2394 1468 2466 ἐπεστάλκαμεν
1506 2397 1573 2467 τῇ
1620 2395 1893 2468 τιμιότητί

304 2503 427 2553 σου,
461 2484 598 2540 ἀλλά
629 2484 869 2556 συνεχῶς
913 2501 975 2538 σε
1019 2484 1116 2540 ἐπὶ
1161 2488 1382 2557 μνήμης
1436 2484 1655 2557 ἔχομεν,
1697 2488 1894 2559 πεῖράν

310 2594 410 2631 σου
465 2578 565 2647 τῆς
617 2573 1006 2648 σφοδροτάτης,
1041 2574 1144 2646 τῆς
1189 2574 1506 2641 σπουδαίας,
1534 2575 1635 2648 τῆς
1665 2578 1896 2648 γνησίας

305 2670 493 2741 φιλίας
517 2666 716 2740 πολλὴν
742 2667 799 2720 ἐν
827 2666 1063 2738 ἡμέραις
1084 2666 1291 2736 ὀλίγαις
1312 2665 1585 2732 λαϐόντες.
1610 2668 1710 2723 Διὰ
1738 2668 1897 2724 τοῦτο

306 2763 408 2818 καὶ
435 2760 529 2815 τὸν
555 2758 746 2831 κύριόν
779 2774 881 2829 μου
910 2757 1002 2812 τὸν
1026 2756 1355 2829 τιμιώτατον
1383 2759 1680 2814 ἐπίσκοπον
1706 2749 1898 2814 Σέλευ-

309 2871 410 2908 κον
429 2853 507 2917 ὠς
522 2853 600 2916 είς
618 2850 815 2923 λιμένα
833 2849 934 2914 τὰς
956 2850 1055 2915 σάς
1079 2850 1528 2924 παραπέμπομεν
1551 2855 1761 2925 χεῖρας.
1788 2854 1900 2907 Καὶ

308 2948 423 3020 γάρ
452 2945 559 2999 ὑπὸ
604 2943 767 3016 βηχὸς
817 2944 1134 3015 πολεμεῖται
1194 2944 1607 3016 χαλεπωτάτης,
1637 2946 1705 3018 ἢν
1737 2948 1771 3018 ή
1799 2944 1898 2999 τοῦ

310 3039 472 3103 ἔτους
501 3037 621 3110 ῶρα
656 3035 1012 3108 σφοδρότερον
1042 3035 1334 3109 ἐπιτρίϐει,
1368 3036 1463 3091 καὶ
1513 3036 1900 3109 χαλεπωτέραν

311 3135 482 3187 ποιεῖ.
536 3128 883 3201 Καταμαθὼν
913 3127 1113 3193 τοίνυν,
1146 3128 1382 3185 δέσποτά
1432 3146 1534 3201 μου
1581 3128 1899 3200 τιμιώτατε,

316 3222 416 3278 τοῦ
451 3222 758 3293 νοσήματος
789 3218 889 3291 τὴν
920 3217 1102 3288 φύσιν,
1140 3217 1451 3290 ἐξαρπάσαι
1474 3217 1634 3271 αὑτὸν
1652 3217 1747 3271 τοῦ
1776 3221 1904 3271 κλυ-

314 3316 514 3373 δωνίου
543 3315 858 3386 πειράθητι,
892 3317 960 3387 τῇ
986 3315 1087 3382 τῆς
1119 3313 1434 3386 ἀρῥωστίας
1466 3312 1638 3386 βλάϐῃ
1667 3313 1767 3384 τὴν
1793 3313 1904 3367 ἀπὸ

315 3411 420 3481 τῆς
463 3409 775 3478 ἐπιστήμης
822 3408 921 3479 τῆς
965 3406 1067 3477 σῆς
1102 3405 1440 3476 ἐπιτειχίσας
1463 3405 1715 3476 δύναμιν,
1744 3404 1810 3459 δι’
1836 3401 1905 3477 ἧς

316 3501 554 3565 πολλοὺς
580 3499 838 3563 πολλάκις
871 3497 1325 3561 κινδυνεύσαντας
1378 3496 1483 3551 ὑπὸ
1527 3495 1784 3550 τοιούτων
1811 3514 1906 3550 κυ-

324 3598 515 3669 μάτων
566 3593 927 3666 ὑποϐρυχίους
981 3591 1237 3663 γενέσθαι
1283 3590 1377 3647 τοῦ
1407 3590 1665 3661 ναυαγίου
1698 3590 1908 3661 ταχέως

320 3685 657 3761 ἁπήλλαξας.

873 3823 1007 3877 ΛΘ.
1046 3820 1355 3890 Χαλκιδίᾳ.

401 3934 531 3993 Οἶδα
556 3935 654 4007 τὴν
677 3934 896 4007 ἀγάπην
935 3935 1001 4006 ήν
1035 3935 1193 4006 ἔσχες
1223 3935 1352 4005 περὶ
1374 3934 1523 4004 ήμᾶς
1560 3931 1766 3989 ἀνωθεν
1811 3931 1909 3986 καὶ

323 4030 391 4097 ἐξ
424 4029 619 4101 ἀρχῆς,
664 4029 758 4081 καὶ
814 4027 895 4081 ὅτι
920 4026 1275 4098 ἀκμάζουσαν
1300 4024 1469 4096 αὑτὴν
1489 4024 1783 4096 διατηρεῖς,
1816 4023 1910 4077 καὶ

323 4124 415 4177 δτι
452 4120 589 4190 αὐτῇ
623 4120 718 4171 καὶ
744 4116 1057 4188 προσθήκας
1084 4115 1313 4188 ἐργάζῃ,
1342 4115 1436 4168 καὶ
1470 4115 1531 4167 οὑ
1568 4114 1727 4185 μόνον
1760 4112 1911 4166 οὐδὲν

325 4209 505 4279 αὐτὴν
533 4208 721 4271 εἴασας
763 4204 1144 4277 ἀμαυροτέραν
1172 4203 1424 4273 γενέσθαι
1459 4202 1566 4257 ἀπὸ
1604 4201 1700 4256 τοῦ
1742 4219 1910 4273 χωρι-

329 4302 502 4376 σμοῦ,
532 4300 629 4355 καὶ
649 4298 744 4354 τοῦ
776 4298 1034 4353 τοσούτου
1063 4297 1280 4371 χρόνου,
1309 4296 1446 4352 ἀλλά
1466 4296 1562 4350 καὶ
1591 4294 1791 4366 μᾶλλον
1822 4295 1913 4349 αὑ-

326 4395 436 4468 τὴν
484 4393 761 4455 ἀνάπτεις.
814 4385 927 4445 υίδ’
976 4390 1058 4444 ὅτι
1113 4390 1204 4443 καὶ
1243 4387 1382 4460 μετά
1431 4386 1631 4457 πολλῆς
1657 4384 1786 4458 δέχῃ
1812 4385 1913 4455 τῆς

332 4484 677 4559 εὐφροσύνης
710 4484 778 4537 τά
828 4483 957 4554 παρ’
980 4482 1137 4553 ήμῶν
1185 4483 1511 4553 γράμματα,
1562 4480 1657 4534 καί
1697 4480 1778 4534 ὃτι
1822 4478 1915 4533 καὶ

334 4580 632 4652 γράφουσα
659 4577 753 4631 καὶ
787 4574 993 4644 σιγῶσα
1022 4573 1223 4644 ὁμοίως
1279 4572 1410 4644 περὶ
1442 4573 1594 4643 ἡμᾶς
1622 4570 1914 4652 διάκεισαι,

340 4651 546 4742 πολλὴν
573 4668 665 4723 τοῦ
696 4668 1018 4741 πράγματος
1057 4665 1150 4719 καὶ
1174 4664 1232 4718 ἐν
1284 4662 1464 4735 πολλῷ
1516 4663 1594 4735 τῷ
1619 4664 1797 4736 χρόνῳ
1818 4651 1919 4733 τὴῦ

339 4763 541 4832 πεῖραν
573 4758 829 4830 είληφώς.
868 4757 959 4811 Διὸ
991 4756 1056 4828 δὴ
1084 4754 1511 4827 παρακαλοῦμεν
1538 4754 1638 4824 τὴν
1672 4754 1920 4824 τιμιότη-

341 4855 414 4908 τά
466 4869 557 4906 σου
590 4852 684 4905 καὶ⁵
721 4851 849 4923 περὶ
895 4850 1040 4921 ἡμᾶς
1082 4848 1225 4901 οὑτω
1256 4847 1590 4901 διακεῖσθαι·
1615 4847 1785 4900 πολλά
1811 4846 1919 4917 γὰρ

343 4944 580 5017 ἐνέχυρά
619 4961 712 4998 σου
750 4943 851 5014 τῆς
900 4941 1128 5013 γνησίας
1167 4939 1386 5011 ἀγάπης
1438 4937 1635 5009 ἔχομεν
1658 4950 1707 5005 ι,
1752 4937 1921 4991 πολλὰ

346 5037 733 5111 ὑπομνήματα.
776 5033 866 5088 Διὸ
897 5034 990 5088 καὶ
1032 5034 1090 5087 ἐν
1117 5034 1183 5104 τῇ
1211 5031 1357 5104 ψυχῇ
1393 5048 1452 5084 σε
1477 5030 1738 5101 διηνεκῶς
1768 5046 1923 5103 περι-

347 5132 609 5204 φέρομεν,
659 5127 1058 5199 ἐγκολάψαντες
1108 5125 1266 5198 ήμῶν
1306 5127 1372 5197 τῇ
1425 5123 1654 5195 διανοίᾳ,
1690 5123 1783 5176 καὶ
1826 5121 1923 5190 τὴν

353 5224 574 5296 μνήμην
607 5240 698 5276 σου
732 5222 962 5294 ἀληστον
990 5220 1203 5291 ἔχομεν,
1235 5215 1337 5272 κᾶν
1370 5216 1444 5288 μὴ
1478 5214 1744 5287 διηνεκῶς
1786 5212 1923 5285 γρά-

352 5330 565 5386 φωμεν,
587 5316 672 5369 διὰ
700 5315 798 5387 τὴν
845 5314 1042 5368 σπάνιν
1078 5311 1188 5364 τῶν
1229 5307 1711 5380 γραμματηφόρων
1770 5306 1928 5372 ἐγκο-

355 5408 636 5479 πτάμενοι.
664 5405 829 5461 Ταῦτ’
879 5400 972 5460 οὖν
1015 5403 1207 5465 εἰδυῖα,
1254 5400 1419 5473 κυρία
1449 5415 1550 5470 μου
1576 5395 1926 5468 κοσμιωτάτη

359 5498 456 5553 καί
488 5497 871 5571 εὑλαϐεστάτη,
895 5496 1075 5569 γράφε
1115 5494 1209 5549 καὶ
1243 5491 1382 5566 αὐτή
1412 5489 1650 5564 συνεχῶς
1686 5490 1827 5561 κήμῖν
1858 5486 1926 5542 τὰ

424 5684 455 5718 ³⁸
471 5684 581 5739 θυι)
599 5699 710 5737 mss.
736 5688 924 5751 γνησίας
945 5685 1096 5750 φιλίας
1121 5683 1305 5749 ξχομιν.

1794 228 2172 290 ΕΡΙΕΤΟΙΑΕ.

3454 235 3557 292 632

1978 352 2108 420 περὶ
2141 352 2239 423 τῆς
2276 353 2486 421 ὑγιείας
2535 355 2634 427 τῆς
2687 354 2807 425 σῆς.
2859 355 3049 426 Ἡμεῖς
3085 356 3183 426 μέν
3212 354 3323 428 γάρ
3349 352 3453 411 κάν
3484 356 3562 428 μὴ

1982 440 2262 513 δεξώμεθα
2297 445 2623 517 γράμματα,
2654 447 2782 511 τοὺς
2810 446 3018 501 ἐκεῖθεν
3051 446 3379 519 ἐρχομένους
3434 466 3561 502 συν⁴

1977 533 2119 603 εχῶς
2162 534 2455 607 ἐρωτῶμεν
2476 537 2667 591 τοῦτο·
2707 536 3006 609 βουλόμεθα
3039 539 3096 592 δὲ
3146 541 3240 594 καὶ
3289 540 3440 613 παρά
3466 543 3564 615 τῆς

1978 622 2337 696 κοσμιότητος
2387 627 2489 697 τῆς
2539 628 2642 699 σῆς
2697 629 2938 699 συνεχῶς
2969 630 3220 701 δέχεσθαι
3250 632 3562 697 ἐπιστολάς,

1979 715 2474 790 εὐαγγελιζομένας
2495 720 2644 790 ἡμᾶς
2674 718 2740 773 τά
2765 720 2891 791 περὶ
2909 720 3008 792 τῆς
3028 720 3248 793 ῥώσεως
3274 723 3375 797 τῆς
3407 726 3525 796 σῆς.

2500 849 2595 909 Μ’.
2647 852 3050 923 Ἀσυγκριτίᾳ.

2057 976 2189 1036 Οἶδα
2239 981 2322 1035 ὅτι
2354 982 2411 1036 ἐν
2445 980 2613 1053 πολλῇ
2666 981 2842 1053 θλίψει
2891 982 3237 1055 καθέστηκας
3268 980 3566 1039 νῦν.”Ἀλλ’

1982 1071 2173 1145 ῶσπερ
2196 1072 2355 1128 τοῦτο
2381 1069 2519 1136 οίδα,
2556 1072 2728 1137 οὕτως
2762 1075 2985 1128 κάκεῖνο
3012 1075 3333 1147 ἐπίσταμαι,
3363 1077 3446 1130 ὅτι
3473 1095 3571 1131 πο-

1982 1164 2081 1231 λύς
2107 1184 2167 1220 σε
2196 1167 2260 1219 ἐκ
2288 1166 2397 1220 τῶν
2431 1165 2663 1236 θλίψεων
2692 1166 2900 1220 τούτων
2929 1166 3190 1237 ἀναμένει
3220 1166 3434 1237 μισθὸς,
3474 1169 3570 1222 καὶ

1988 1256 2197 1329 μεγάλη
2231 1258 2432 1328 ἀμοιϐὴ
2464 1258 2557 1312 καὶ
2576 1258 2842 1322 ἀντίδοσις
2864 1262 3058 1311 κεῖται.
3088 1260 3149 1311 Et
3182 1259 3290 1330 γάρ
3314 1262 3407 1312 καὶ
3440 1260 3570 1314 ἀθυ-

1990 1348 2110 1419 μία,
2140 1347 2287 1420 [616]
2324 1348 2460 1403 ἀλλά
2491 1348 2597 1419 τὴν
2639 1349 2817 1420 ψυχήν
2841 1348 3143 1419 ὠφελοῦσα,
3174 1350 3267 1403 καὶ
3299 1350 3469 1403 πολλὰ
3502 1350 3572 1409 τὰ

1989 1438 2219 1511 βραϐεῖα
2267 1439 2625 1511 προξενοῦσα.
2668 1439 2834 1494 Ταῦτ’
2860 1436 2953 1493 οὖν
2973 1440 3001 1480 ι’
3032 1442 3204 1494 εἰδυῖα
3226 1441 3321 1494 καὶ
3369 1441 3573 1510 λογιζο-

1992 1530 2149 1601 μένη,
2191 1526 2453 1602 μεγίστην
2485 1530 2736 1584 ἐντεῦθεν
2776 1531 2993 1603 καρποῦ
3054 1531 3153 1602 τήν
3198 1528 3570 1604 παράκλησιν,

1992 1623 2068 1695 μὴ
2100 1623 2162 1677 τὸ
2183 1623 2446 1695 ὀδυνηρὸν
2478 1624 2639 1696 μόνον
2669 1624 2856 1696 ὁρῶσα
2890 1624 2999 1679 τῶν
3027 1624 3279 1695 θλίψεων,
3311 1625 3449 1681 ἀλλά
3479 1626 3574 1680 καὶ

1989 1714 2053 1769 τὸ
2089 1715 2155 1769 ἐκ
2202 1714 2405 1770 τούτων
2444 1717 2814 1788 συναγόμενον
2846 1717 3067 1788 κέρδος⁸
3101 1719 3195 1771 καὶ
3241 1718 3421 1788 γράφε
3459 1734 3575 1772 συν.

1991 1805 2132 1877 εχῶς
2159 1808 2292 1878 ήμῖν
2322 1807 2450 1879 περὶ
2498 1809 2598 1878 τῆς
2627 1809 2839 1878 ὑγιείας
2862 1812 2963 1881 τῆς
2993 1810 3113 1880 σῆς.
3152 1811 3305 1864 Ἐπεὶ
3341 1810 3438 1864 καὶ
3477 1808 3574 1864 νῦν

1991 1898 2091 1968 οὑχ
2118 1898 2194 1962 ώς
2226 1898 2417 1969 ἔτυχεν
2444 1899 2786 1971 ήλγήσαμεν,
2811 1900 3145 1965 ἀκούσαντές
3168 1918 3228 1954 σε
3248 1901 3568 1973 ἀρρωστεῖν.

1992 1989 2083 2042 Διὸ
2113 1988 2210 2042 καὶ
2240 1990 2444 2062 σφόδρα
2486 1990 2852 2063 ἐπιζητοῦμεν
2884 1992 3172 2063 μανθάνειν
3201 1992 3341 2063 μετά
3378 1991 3575 2049 πολλοῦ

1992 2077 2087 2131 τοῦ
2122 2078 2347 2150 τάχους,
2389 2081 2439 2134 εί
2485 2081 2616 2153 ῥᾷόν
2654 2099 2738 2136 σοι
2782 2082 3081 2154 διετέθητά
3110 2083 3212 2155 τῆς
3241 2082 3574 2157 ἀρρωστίας,
3662 2132 3673 2145 .

1996 2168 2139 2225 ὥστε
2172 2171 2273 2242 τῆς
2294 2172 2387 2227 ἐπὶ
2414 2172 2591 2248 ταύτῃ
2616 2173 2898 2247 φροντίδος
2923 2174 3201 2247 ἀνεθῆναι.

2526 2296 2666 2354 MA'.
2688 2300 3047 2370 Βαλεντίνῳ.

2070 2424 2272 2497 Τρίτην
2306 2424 2512 2498 πέμπω
2538 2425 2741 2499 ταύτην
2776 2426 3064 2500 ἐπιστολήν
3086 2465 3100 2492 ,
3134 2426 3389 2499 οὐδεμίαν
3417 2428 3580 2492 αὐτὸς

1998 2522 2292 2595 δεξάμενος
2323 2522 2475 2596 παρά
2511 2526 2612 2596 τῆς
2649 2523 3123 2597 μεγαλοπρεπείας
3150 2525 3251 2596 τῆς
3280 2528 3398 2597 σῆς.
3442 2525 3581 2579 Ἀλλ’

2000 2623 2084 2677 ὅτι
2122 2623 2219 2694 μὲν
2255 2621 2397 2694 μετά
2418 2621 2620 2694 πολλῆς
2647 2625 2746 2695 τῆς
2772 2620 3113 2693 εὐφροσύνης
3138 2622 3304 2686 ἐδέξω
3332 2622 3489 2693 ήμῶν
3512 2624 3583 2677 τά

2001 2721 2325 2792 γράμματα,
2357 2720 2450 2775 καὶ
2475 2720 2565 2774 τὸν
2584 2720 2963 2793 ἐγχειρίσαντα
2992 2718 3165 2773 ταῦτα
3190 2719 3290 2791 τῆς
3316 2736 3397 2772 σοι
3420 2736 3583 2791 προσ-

2002 2816 2246 2888 ηκούσης
2294 2816 2559 2890 ἐποίησας
2607 2816 2912 2872 ἀπολαῦσαι
2964 2817 3159 2888 τιμῆς,
3196 2817 3289 2870 καὶ
3334 2816 3402 2871 τά
3432 2817 3584 2888 παρά

2008 2913 2205 2967 σαυτοῦ
2260 2912 2439 2967 πάντα
2470 2913 2823 2984 εἰσήνεγκας,
2854 2912 2910 2965 ἐν
2940 2906 3020 2976 οἷς
3046 2911 3213 2966 ἐδεῖτό
3242 2928 3335 2965 σου
3357 2912 3455 2983 τῆς
3490 2911 3583 2965 δυ-

2006 3010 2256 3083 νάμεως,
2285 3008 2527 3079 ἔγνωμεν
2553 3049 2568 3074 ,
2606 3008 2701 3061 καὶ
2726 3008 2875 3062 οὐδὲν
2904 3008 3052 3079 ήμᾶς
3098 3007 3307 3061 τούτων
3344 3007 3533 3062 ἔλαθεν
3566 3024 3579 3037 °

2008 3104 2293 3175 ἐπιστολὴν
2323 3104 2381 3158 δὲ
2408 3102 2662 3175 οὐδεμίαν
2684 3102 3083 3179 ἐκομισάμεθα.
3119 3103 3229 3157 Καὶ
3261 3103 3310 3157 εί
3346 3105 3443 3176 μὲν
3488 3103 3585 3159 ἄλ-

2008 3202 2098 3265 λος
2135 3194 2221 3266 τις
2250 3196 2319 3277 ἦν
2365 3200 2476 3254 τῶν
2508 3200 2569 3254 οὑ
2604 3200 2807 3272 σφόδρα
2833 3199 3093 3269 γενναίων
3122 3201 3151 3253 ό
3186 3201 3467 3273 σιωπήσας
3499 3219 3589 3256 το-

2012 3297 2219 3363 σοῦτον,
2259 3297 2589 3368 ἐνομίσαμεν
2618 3296 2684 3352 ἂν
2715 3295 2865 3367 αὑτῷ
2893 3296 3165 3367 πρόφασιν
3192 3298 3272 3361 είς
3292 3296 3587 3367 ἀπολογίαν

2012 3390 2150 3449 εἶναι
2187 3393 2294 3448 τῶν
2345 3392 2685 3466 πραγμάτων
2709 3391 2800 3445 τὸν
2828 3390 3002 3461 ὄχλον.
3054 3391 3269 3463 Ἐπειδὴ
3311 3391 3369 3447 δέ
3402 3410 3495 3448 σου
3526 3392 3590 3447 τὸ

2012 3491 2213 3563 ὑψηλὸν
2237 3493 2337 3563 τῆς
2360 3490 2460 3562 σῆς
2482 3489 2719 3554 διανοίας
2741 3499 2765 3529 ο
2799 3489 2975 3560 ίσμεν,
3008 3488 3070 3543 τὸ
3100 3489 3299 3562 θερμὸν
3327 3493 3424 3563 τῆς
3455 3491 3589 3561 ἀγάο

2013 3607 2123 3662 πης
2141 3629 2158 3656 ,
2180 3588 2242 3645 τὸ
2266 3589 2507 3661 γνήσιον,
2531 3586 2595 3642 τὸ
2621 3587 2910 3658 εἰλικρινὲς
2930 3627 2945 3653 ,
2971 3586 3033 3642 τὸ
3061 3586 3277 3660 διαρκὲς
3303 3628 3317 3651 ,
3347 3588 3408 3641 τὸ
3439 3589 3588 3659 μόνι-

2017 3704 2137 3760 μον,
2161 3686 2263 3742 ούκ
2289 3685 2357 3741 ἀν
2384 3684 2676 3756 δεξαίμεθα
2718 3682 2920 3756 ταύτην
2946 3683 3269 3753 ἀπολογίαν,
3299 3683 3407 3738 οὐδ’
3432 3680 3498 3739 αὗ
3526 3684 3589 3738 τὸ

2018 3784 2092 3856 μὴ
2112 3785 2292 3839 ἐκεῖσε
2317 3780 2611 3854 διατρίϐειν
2635 3797 2727 3834 σου
2756 3778 2853 3851 τὴν
2885 3779 3294 3850 θαυμασιότητα
3312 3796 3327 3810 ο
3362 3779 3456 3832 καὶ
3479 3779 3588 3849 γάρ

2015 3881 2111 3936 καὶ
2138 3879 2298 3934 τοῦτο
2317 3878 2581 3950 ἔγνωμεν.
2611 3877 2750 3931 Ἀλλ’
2780 3877 2861 3933 ἐνὶ
2887 3876 3033 3948 μόνῳ
3058 3875 3462 3947 καρπωσόμεθα
3485 3876 3588 3946 τῆς

2019 3978 2236 4050 μακρᾶς
2260 3976 2416 4046 σιγῆς
2435 3973 2806 4047 παραμυθίαν,
2833 3976 2881 4026 εί
2904 3972 3222 4044 βουληθείης
3248 3975 3329 4038 είς
3353 3974 3415 4027 τὸ
3439 3973 3588 4030 ἐπιδν

2014 4074 2075 4129 τὸ
2113 4071 2387 4145 παροφθὲν
2424 4072 2482 4124 ἐν
2508 4068 2587 4141 τῷ
2632 4068 2955 4140 παρελθόντι
3002 4069 3178 4141 χρόνῳ
3208 4067 3235 4107 ἀ
3282 4070 3591 4142 ἀνακτήσα-

2019 4172 2166 4237 σθαι,
2199 4168 2290 4223 καὶ
2319 4166 2532 4239 πέμψαι
2555 4164 2782 4237 νιφάδας
2810 4165 3154 4238 γραμμάτων
3182 4166 3330 4237 ήμῖν,
3358 4166 3465 4220 ἀπὸ
3493 4168 3596 4238 τῆς

2021 4269 2143 4342 μέλι
2184 4266 2413 4340 ῥεούσης
2442 4263 2687 4337 γλώττης
2734 4265 2802 4318 τά
2836 4264 2965 4335 περὶ
2999 4263 3102 4335 τῆς
3139 4265 3348 4332 ὑγιείας
3394 4265 3487 4318 σοῦ
3531 4282 3591 4319 τε

2020 4366 2114 4420 καὶ
2141 4364 2240 4435 τῆς
2267 4361 2565 4432 ἀσφαλείας
2590 4360 2912 4431 δηλούντων.
2951 4361 3013 4413 Et
3041 4360 3148 4430 γὰρ
3177 4361 3271 4415 καὶ
3299 4363 3356 4414 ἐν
3389 4360 3594 4431 ἐρημία

2020 4461 2338 4535 καθήμεθα,
2371 4459 2464 4513 καί
2493 4456 2778 4529 πολιορκίᾳ
2814 4455 3044 4528 χαλεπῇ,
3076 4455 3169 4509 καὶ
3200 4455 3411 4526 μυρίοις
3443 4472 3597 4527 περι-

2022 4556 2406 4630 εστοιχίσμεθα
2472 4555 2697 4618 δεινοῖς,
2741 4553 2855 4608 ἀλλ’
2888 4554 3036 4625 ὅμως
3077 4554 3138 4606 οὑ
3190 4551 3473 4624 παυόμεθα
3504 4568 3597 4624 με-

2025 4656 2322 4730 ριμνῶντες
2351 4654 2449 4725 τὴν
2482 4652 2581 4724 σὴν
2609 4650 3019 4723 θαυμασιότητα
3041 4667 3055 4682 ⁶
3098 4651 3189 4705 καὶ
3218 4651 3340 4706 καθ’
3362 4652 3598 4722 ἑκάστην

2026 4750 2406 4822 πυνθανόμεθα
2434 4761 2457 4791 ο
2497 4752 2556 4804 ἐν
2582 4749 2726 4803 τίσιν
2754 4748 2900 4820 ὁρμᾷ
2928 4748 2996 4802 τά
3017 4747 3103 4801 σά.
3120 4748 3217 4801 ⁹’ῐν’
3245 4745 3337 4801 οὑν
3364 4749 3439 4819 μὴ
3469 4749 3597 4819 παρ’

2025 4852 2246 4924 ἐτέρων,
2269 4849 2406 4904 ἀλλὰ
2428 4848 2523 4902 καὶ
2546 4847 2694 4920 παρά
2721 4846 2820 4916 τῆς
2849 4844 3104 4914 γλυκείας
3146 4846 3241 4898 καὶ
3287 4843 3600 4899 ποθεινοτά-

2026 4967 2124 5020 της
2148 4950 2281 5020 ἡμῖν
2307 4945 2599 5009 διαθέσεως
2645 4943 2815 4998 ταῦτα
2848 4943 3233 5015 μανθάνωμεν,
3269 4942 3444 5014 γράφε
3472 4959 3599 4996 συν-

2029 5045 2167 5117 εχῶς
2195 5046 2329 5115 ἡμῖν
2354 5041 2422 5095 τά
2443 5041 2571 5113 περὶ
2594 5039 2695 5109 τῆς
2729 5037 2946 5111 ῥώσεως
2976 5039 3075 5108 τῆς
3100 5042 3198 5110 σῆς
3222 5056 3234 5071 ·
3268 5040 3363 5094 καὶ
3406 5038 3466 5092 7b
3493 5040 3602 5097 πᾶν

2029 5141 2434 5212 ἀπειλήφαμεν,
2464 5138 2531 5210 ἢν
2573 5136 2857 5209 δεξώμεθα
2886 5135 3173 5201 ἐπιστολὰς
3206 5136 3380 5190 ταῦτα
3405 5133 3601 5209 φερούο

2034 5255 2131 5301 σας
2162 5238 2293 5308 ἡμῖν
2318 5234 2387 5289 τὰ
2414 5232 2726 5303 εὐαγγέλια.

2094 5426 2344 5496 {gown}.
2369 5425 2771 5496 xygileLy§9_xa§
2796 5424 2967 5487 ἀθυμία
2989 5428 3046 5486 τῇ
3086 5423 3215 5486 ψυχῇ
3249 5422 3497 5487 ὠφέλειαν,
3538 5422 3614 5472 καὶ

2033 5491 2189 5539 πολλά
2219 5490 2279 5537 τὰ
2537 5487 2682 5535 Ταῦτ’
2705 5487 2810 5539 οῦν.

2101 5554 2125 5584 ⁸
2148 5551 2297 5599 Savil.
2321 5555 2406 5607 τῆς
2423 5548 2644 5603 διανοίας.

2099 5613 2127 5654 d
2150 5609 2350 5675 Qoislin.
2374 5611 2420 5659 ἐν
2451 5611 2521 5675 τῷ
2545 5609 2739 5675 παρόντι
2759 5611 2930 5675 καιρῷ.

2105 5686 2130 5716 ο
2151 5672 2260 5723 Duo
2278 5685 2393 5722 mss.
2410 5671 2760 5734 πυνθανόμενοι.
