4058 6218
358 319 466 377 633

569 437 620 493 Χ
627 438 734 494 LII
741 486 754 498 .
776 443 1114 505 Candidiano.
1151 450 1382 522 (Cucuso
1409 469 1552 514 anno
1574 458 1726 532 404).

428 525 617 599 Ingens
637 531 839 590 itineris
861 536 1198 596 intervallum
1229 558 1327 600 nos
1353 545 1576 614 dirimit,
1599 565 1699 607 nec
1720 567 1941 623 parvum

350 626 567 689 tempus
594 631 676 676 est
699 664 714 689 ,
744 639 864 679 cum
892 628 988 684 abs
1017 639 1069 686 te
1091 633 1320 702 sejuncti
1350 636 1542 694 fuimus
1568 657 1583 694 :
1610 642 1739 712 quin
1779 659 1943 716 nego-

350 709 544 763 tiorum
575 725 785 783 quoque
813 731 1000 786 magna
1029 735 1125 776 nos
1152 724 1304 779 turba
1335 727 1662 796 circumstat,
1689 735 1942 803 gravissi-

346 813 434 852 ma
463 798 564 854 loci
595 803 827 859 solitudo
848 848 862 873 ,
894 807 1223 867 intoleranda
1251 815 1478 882 obsidio,
1515 798 1744 890 insidite,
1773 824 1936 880 latro-

341 903 471 942 num
505 890 854 961 incursiones,
882 897 1091 968 aliaque
1113 913 1364 969 praeterea
1393 910 1654 977 angustia,
1683 913 1934 971 nimirum

340 981 585 1048 corporis
615 985 833 1040 morbus
865 987 904 1041 ί.
931 987 1042 1046 Nec
1069 999 1242 1048 tamen
1282 996 1571 1068 quidquam
1610 1001 1800 1059 horum
1836 1021 1936 1062 nos

340 1071 394 1125 in
426 1073 502 1126 tui
538 1088 724 1131 amore
752 1080 1028 1148 segniores
1066 1084 1244 1140 elfccit
1267 1104 1280 1140 :
1304 1089 1430 1158 quin
1457 1093 1630 1161 potius
1663 1095 1930 1164 vigentem

333 1177 459 1218 eum
482 1179 542 1219 ac
563 1166 842 1225 florentem
863 1185 1259 1244 conserramus,
1282 1193 1344 1233 ac
1367 1190 1435 1246 te,
1458 1198 1789 1255 quocumque
1815 1194 1934 1241 tan-

333 1254 457 1308 dem
486 1257 537 1311 in
565 1257 684 1312 loco
712 1260 880 1316 simus
903 1303 918 1328 ,
944 1265 1124 1320 animo
1162 1276 1214 1322 et
1251 1270 1569 1340 cogitatione
1597 1275 1928 1332 cireumferi-

331 1360 487 1410 mus,
519 1349 698 1417 tuique
742 1354 1056 1408 memoriam
1096 1357 1381 1414 oblivionis
1425 1364 1600 1418 omnis
1643 1376 1923 1434 expertem

331 1444 614 1506 tenemus,
643 1442 914 1513 animique
957 1447 1029 1500 ιιιὶ
1071 1449 1402 1507 nobilitatem
1443 1464 1498 1509 et
1543 1455 1922 1526 ingenuitatem

326 1526 656 1600 sincerzeque
677 1534 914 1591 caritatis
939 1537 1238 1596 firmitatem
1260 1553 1418 1614 atque
1438 1549 1922 1616 constantiam,'bc-

324 1619 745 1691 ncvolenticcque
791 1623 1052 1683 fervorem
1107 1630 1330 1688 incisum
1381 1635 1431 1688 in
1477 1637 1670 1692 animis
1721 1643 1919 1696 nostris

323 1703 604 1763 habemus.
633 1711 714 1764 Ad
743 1712 880 1768 hunc
905 1717 1106 1773 scilicet
1131 1722 1345 1778 modum
1368 1724 1454 1779 hic
1474 1725 1736 1797 degimus,
1763 1745 1912 1786 sum-

321 1811 466 1852 mum
497 1810 653 1856 tanta:
680 1804 979 1862 solitudinis
1008 1811 1250 1867 solatium
1275 1814 1326 1868 in
1357 1832 1539 1872 earum
1580 1835 1756 1875 rerum
1793 1839 1912 1892 quae

318 1888 416 1942 abs
447 1898 498 1942 te
523 1899 668 1946 recte
695 1906 953 1962 geruntur
981 1902 1351 1961 recordatione
1378 1908 1604 1975 positum
1633 1911 1909 1969 habentes.

317 1977 396 2032 'l‘u
425 1995 552 2035 vero
577 1983 644 2037 ad
689 2001 786 2040 nos
826 2004 1036 2059 quoque
1071 1994 1296 2052 subinde
1341 2000 1548 2067 scribe,
1582 2003 1797 2061 domine
1836 2010 1907 2063 mi

313 2083 656 2139 summOpere
680 2075 992 2136 admirande
1011 2096 1073 2137 ac
1088 2087 1387 2155 magnifice,
1411 2090 1477 2145 de
1498 2100 1584 2146 tua
1607 2095 1908 2156 valetudine

313 2161 468 2215 nobis
517 2163 636 2218 lzeta
690 2170 960 2227 nuntians.
1002 2173 1118 2228 Scis
1164 2178 1306 2232 enim
1359 2192 1686 2254 quantopere
1735 2188 1904 2258 ipsam

311 2253 730 2322 complectamur
775 2259 991 2332 (quippe
1029 2265 1097 2321 de
1125 2282 1186 2322 ea
1229 2270 1426 2341 aliquid
1467 2253 1652 2333 audire
1697 2253 1904 2350 magna:

310 2342 466 2397 nobis
495 2360 636 2401 cura:
661 2350 789 2419 est),
813 2354 1061 2424 quodque
1080 2357 1346 2428 duplicem
1369 2364 1690 2435 voluptatem
1717 2342 1900 2442 capie-

307 2446 448 2495 mus,
472 2435 516 2489 si
538 2447 591 2490 et
611 2437 723 2506 ipse
742 2442 969 2513 scribas,
993 2456 1047 2502 et
1072 2447 1240 2506 litera:
1264 2452 1360 2509 abs
1382 2464 1433 2510 te
1457 2455 1559 2514 hoc
1586 2435 1900 2532 argumento

305 2522 373 2576 ad
405 2539 506 2578 nos
533 2527 843 2587 afferuntur.
1418 2563 1420 2566 '
1853 2575 1856 2578 ’

550 2616 768 2679 XLIII.
795 2627 1078 2686 Bassinnw.
1109 2634 1340 2704 (Cucuso
1365 2655 1506 2698 anno
1531 2645 1682 2717 403.)

369 2708 454 2763 Tu
485 2712 698 2781 quidem
731 2719 916 2786 perdiu
945 2724 1157 2793 siluisti,
1191 2729 1371 2800 idque,
1402 2748 1523 2790 cum
1553 2708 1888 2799 revercudis-

294 2798 494 2854 simum
520 2816 584 2857 ac
607 2807 1061 2876 religiosissimum
1084 2798 1364 2878 diaconum
1389 2823 1718 2885 Theodotum
1749 2847 1889 2902 pra:-

292 2899 380 2947 sto
407 2889 654 2961 haberes,
678 2911 775 2968 per
788 2915 946 2972 quem
970 2904 1122 2963 facile
1139 2913 1370 2968 nancisci
1390 2931 1594 2985 posses,
1619 2923 1706 2990 qui
1733 2923 1891 2981 istinc

290 2983 358 3036 ad
406 2999 506 3040 nos
553 2990 813 3046 venirent.
843 2994 950 3050 Nos
996 3009 1171 3055 autem
1212 3019 1280 3059 ne
1317 2983 1441 3061 hinc
1482 3011 1694 3078 quidem
1739 3023 1790 3069 te
1832 3016 1886 3072 iu

287 3087 478 3130 amore
503 3092 626 3148 erga
658 3097 756 3136 nos
782 3087 1080 3154 segniorem
1103 3092 1365 3149 redditam
1385 3111 1506 3154 esse
1530 3104 1883 3174 suSpicamur;

287 3167 489 3236 quippe
518 3172 607 3238 qui
635 3187 871 3245 perstepe
897 3193 959 3234 ac
990 3182 1169 3238 multis
1214 3185 1266 3240 in
1296 3187 1454 3245 rebus
1481 3167 1646 3262 ipsius
1669 3167 1881 3264 pericu;

283 3257 396 3313 lum
427 3259 712 3320 fecerimus
731 3306 746 3333 ,
776 3268 995 3340 ejusque
1023 3275 1358 3342 splendorem
1384 3323 1397 3347 ,
1429 3284 1739 3354 puritatem,
1768 3290 1884 3344 sin-

281 3351 566 3406 ceritatem
614 3364 776 3425 atque
804 3365 1159 3419 constantiam
1191 3369 1522 3438 exploratam
1568 3375 1881 3436 habeamus.

281 3437 669 3511 Quamobrem,
699 3446 811 3502 sive
839 3451 1064 3519 scribas,
1093 3455 1206 3511 sive
1236 3437 1431 3527 taceas,
1456 3464 1646 3520 eodem
1677 3483 1803 3538 erga
1828 3479 1880 3525 te

278 3531 466 3585 animo
493 3547 700 3602 sumus,
731 3537 902 3607 deque
928 3549 1015 3597 tua
1044 3545 1245 3616 integra
1275 3557 1328 3604 et
1353 3565 1481 3620 pura
1510 3531 1878 3616 bettevoleutia

277 3622 509 3677 minime
534 3625 857 3685 dubitamus.
890 3633 1222 3707 Quamquam
1267 3652 1442 3699 autem
1483 3663 1548 3702 eo
1575 3652 1755 3708 animo
1780 3671 1874 3712 su-

276 3727 424 3778 mus,
454 3715 672 3772 crebras
701 3728 876 3776 tamen
904 3724 1083 3781 literas
1103 3770 1118 3794 ,
1148 3745 1267 3800 qua:
1295 3734 1449 3790 nobis
1474 3736 1540 3792 de
1569 3749 1655 3795 tua
1681 3744 1873 3800 totius-

273 3819 383 3874 que
414 3815 520 3860 tute
548 3807 740 3866 domus
765 3813 1069 3873 valetudine
1088 3861 1101 3884 ,
1128 3835 1247 3888 qua:
1275 3825 1518 3882 volumus
1541 3870 1556 3894 ,
1588 3835 1870 3904 nuntient,

272 3897 528 3966 accipere
567 3901 911 3958 vehementer
947 3909 1210 3978 cupimus.
1254 3913 1691 3989 Quandoquidem
1731 3928 1870 3981 nosti

272 3987 448 4054 ipsam
483 4004 695 4058 quoque
724 3995 875 4048 nobis
905 3997 1190 4056 admodum
1223 4019 1366 4060 cura:
1393 3987 1529 4064 esse.
1562 4011 1687 4068 Haec
1711 4015 1872 4085 igitur

267 4089 397 4128 cum
450 4077 542 4130 tibi
574 4093 850 4150 perspecta
882 4087 988 4141 sint
1017 4129 1030 4152 ,
1059 4092 1398 4149 ornatissima
1446 4113 1508 4155 ac
1537 4102 1867 4162 nobilissima

263 4165 495 4220 domina
536 4185 653 4223 mea
679 4211 696 4237 ,
729 4173 866 4229 hanc
903 4178 1056 4234 nobis
1095 4184 1320 4250 gratiam
1360 4189 1518 4244 velim
1563 4195 1862 4262 concedas,

262 4272 394 4325 qua:
440 4268 497 4313 et
527 4261 657 4316 levis
680 4305 696 4329 ,
727 4263 897 4321 facilis
938 4279 992 4324 et
1032 4287 1182 4342 requa
1230 4286 1312 4331 est
1333 4319 1350 4344 ,
1379 4289 1434 4334 et
1460 4283 1614 4339 nobis
1634 4325 1648 4350 ,
1678 4288 1767 4356 qui
1809 4261 1862 4344 in

261 4347 374 4405 hac
405 4351 690 4411 solitudine
715 4355 978 4416 hmremus
997 4402 1012 4429 ,
1046 4362 1310 4436 ingentem
1336 4374 1752 4433 consolationem
1779 4381 1862 4435 af-

259 4439 392 4496 fert.
1426 4511 1429 4513 ι

375 4533 513 4588 XLI
529 4535 587 4590 ν.
620 4539 874 4598 Theodoto
903 4546 1136 4603 diacono.
1167 4551 1412 4623 (Cucuso
1431 4571 1571 4613 anno
1593 4561 1742 4632 405.)

334 4626 468 4682 Scio
490 4629 672 4698 utique
700 4644 752 4688 te
782 4651 877 4705 per
901 4638 1081 4694 literas
1105 4657 1202 4696 nos
1232 4645 1450 4704 minime
1473 4664 1858 4711 conventurum

254 4715 456 4784 fuisse,
494 4719 539 4772 si
563 4735 744 4778 coram
794 4726 844 4778 id
874 4728 1110 4786 licuisset
1144 4751 1156 4787 :
1190 4749 1374 4792 verum
1403 4742 1649 4797 omnibus
1699 4746 1859 4801 rebus

256 4808 488 4863 omissis
526 4811 594 4865 ad
638 4830 737 4869 nos
764 4825 814 4870 te
851 4819 1145 4890 conferres,
1181 4825 1278 4881 nisi
1302 4837 1356 4883 et
1382 4833 1509 4885 anni
1543 4843 1771 4904 tempus,
1803 4847 1858 4892 et

250 4901 603 4969 negotiorum
629 4905 935 4974 difficultas,
958 4920 1011 4966 et
1038 4912 1197 4983 hujus
1232 4917 1330 4972 loci
1357 4921 1592 4977 solitudo
1620 4901 1855 4996 quotidie

248 4991 665 5064 ingravescens,
700 5002 986 5057 maximum
1014 5005 1448 5075 impedimentum
1474 5013 1704 5070 all‘erret.
1748 5018 1855 5075 Nec

245 5098 398 5153 opus
429 5096 533 5149 est,
563 5097 621 5141 ut
644 5103 707 5142 ex
751 5099 804 5144 te
845 5091 946 5147 hoc
974 5094 1229 5152 ediscant.
1270 5099 1404 5156 Nam
1437 5119 1560 5159 cum
1599 5107 1728 5163 illud
1769 5124 1854 5165 se-

243 5175 364 5229 mel
397 5176 526 5231 mibi
550 5189 882 5248 compertum
916 5185 1005 5251 sit,
1033 5202 1118 5242 me
1147 5189 1243 5244 abs
1272 5200 1322 5246 te
1342 5193 1686 5253 vehementer
1704 5215 1854 5254 ama-

239 5281 317 5332 rt,
369 5266 475 5320 hoc
493 5283 708 5339 quoque
726 5274 928 5342 optime
949 5279 1090 5331 novi.
1109 5278 1439 5352 Quamquam
1452 5297 1630 5342 autem
1642 5291 1851 5348 etiamsi

236 5357 482 5413 minime
507 5358 899 5429 admonuisses,
935 5367 1283 5426 nihilominus
1317 5373 1384 5428 ad
1405 5391 1592 5434 omnes
1621 5381 1851 5451 scriptu-

235 5464 343 5504 rus
379 5463 528 5504 eram
556 5471 570 5508 :
603 5461 780 5511 tamen
829 5457 930 5513 hoc
957 5461 1118 5516 etiam
1153 5451 1367 5522 nomine
1398 5476 1543 5525 tuum
1587 5488 1708 5544 erga
1753 5490 1852 5532 nos

230 5554 500 5596 amorem
545 5543 792 5604 admirati
822 5563 1028 5621 sumus,
1061 5555 1205 5624 quod
1235 5569 1473 5616 extrema
1511 5571 1596 5619 tua
1623 5565 1847 5635 epistola

306 5696 327 5727 ³
366 5701 550 5813 ἔκπιες
588 5706 716 5764 ιω..
753 5704 980 5759 ninurnm
1001 5711 1236 5765 stomachi
1262 5717 1438 5773 morbi.
1464 5723 1604 5787 ﬁdit,
1630 5723 1846 5786 corporis

306 5777 359 5811 Μ’
400 5778 475 5813 us.

227 5777 452 5815 morvus
464 5799 475 5811 .

589 5863 858 5924 PATROL.
895 5868 1010 5929 Gn.
1052 5871 1175 5934 LII.

1819 345 2194 416 EPISTOLrE.

3537 389 3641 450 654

2058 485 2144 563 me
2168 488 2375 546 quoque
2402 479 2469 536 de
2499 483 2597 542 hac
2627 504 2685 546 re
2710 494 3103 554 exhortandum
3134 499 3350 558 duxisti.
3374 500 3507 563 Nam
3537 506 3639 562 hoc

2053 560 2217 620 animi
2257 577 2340 623 est
2365 571 2711 636 vehementer
2737 586 2968 655 solliciti,
3014 605 3077 646 ac
3122 606 3302 646 rerum
3331 603 3636 652 nostrarum

2052 665 2178 708 cura
2208 657 2532 732 laborantis,
2562 677 2616 724 et
2665 674 2754 742 qui
2780 676 2989 735 sincere
3030 695 3212 736 amare
3241 683 3399 737 norit.
3431 684 3637 752 Quam-

2051 740 2238 796 obrem
2251 758 2472 818 excepta
2487 740 2706 812 domina
2723 775 2841 816 mea
2863 762 3128 833 Carteria,
3172 772 3239 827 ad
3266 788 3425 841 quam
3464 792 3635 848 nuper

2048 832 2232 892 literas
2279 839 2426 908 dedi,
2459 849 2707 908 omnibus
2747 857 2936 927 scripsi
2968 877 2982 913 :
3009 875 3128 917 eam
3157 872 3335 920 autem
3375 865 3481 922 illic
3522 885 3630 924 non

2045 932 2367 987 commorari
2422 943 2622 1009 accepi,
2656 960 2841 1002 verum
2889 950 3099 1022 longam
3145 957 3630 1028 peregrinationem

2045 1013 2244 1074 iniisse.
2268 1022 2526 1089 Quocirca
2544 1031 2590 1086 si
2612 1033 2780 1092 literae
2796 1049 2993 1097 nostra:
3021 1044 3145 1100 illuc
3169 1047 3390 1116 perferri
3409 1062 3623 1120 queant,

2045 1100 2069 1120 ,ν
2455 1118 2465 1120 _

2042 1100 2144 1160 hoc
2164 1124 2393 1182 quoque,
2423 1118 2466 1171 si
2499 1120 2590 1176 tibi
2609 1125 2892 1196 videbitur,
2920 1132 3044 1188 fiat:
3072 1135 3155 1190 sin
3170 1100 3248 1192 ’ἰὰ
3265 1100 3390 1194 res
3405 1100 3626 1199 εἶέὲᾖῖωᾷ

2039 1202 2229 1267 possit,
2254 1206 2412 1261 velim
2440 1213 2628 1268 saltem
2656 1219 2963 1279 carissimos
2987 1240 3051 1280 ac
3093 1229 3452 1287 nobilissimos
3476 1234 3624 1289 viros

2036 1289 2431 1355 Marcellianum
2460 1314 2512 1358 et
2540 1309 2744 1364 socium
2774 1312 2850 1384 (ιι)
2876 1319 3186 1386 convenias,
3219 1330 3379 1392 atque
3407 1339 3527 1379 cum
3555 1325 3621 1382 iis

2033 1393 2180 1449 agas,
2212 1394 2269 1439 ut
2301 1389 2344 1441 si
2371 1395 2585 1460 quando
2610 1399 2678 1452 ad
2720 1416 2838 1456 eam
2874 1407 3134 1475 scribant,
3165 1411 3214 1464 ei
3258 1427 3343 1466 me
3369 1425 3619 1486 purgent,

2034 1478 2089 1523 ut
2109 1474 2196 1541 qui
2225 1491 2329 1530 non
2375 1495 2471 1548 per
2501 1487 2878 1557 negligentiam
2911 1498 3169 1568 tantisper
3211 1474 3501 1568 tacuerim:
3519 1521 3615 1561 ve-

2029 1575 2146 1617 rum
2175 1566 2329 1638 longa
2363 1571 2529 1640 ipsius
2559 1579 2818 1649 absentia,
2847 1587 3135 1656 quominus
3177 1592 3244 1647 ad
3284 1609 3402 1650 eam
3425 1597 3615 1655 crebro

2025 1655 2334 1726 scriberem,
2365 1662 2649 1733 impeditus
2686 1673 2806 1728 sim.

2058 1763 2112 1818 Χ
2113 1765 2156 1819 L
2168 1767 2230 1823 ν.
2256 1771 2565 1842 Symmacho
2585 1785 2890 1856 presbytero.
2924 1790 3029 1863 (Ab
3050 1808 3191 1851 anno
3210 1797 3313 1853 404
3329 1799 3396 1855 ad
3420 1801 3574 1874 £07.)

2091 1878 2307 1939 Minime
2337 1903 2530 1945 novum
2555 1909 2617 1949 ac
2644 1911 3030 1969 praeposterum
3064 1907 3233 1964 videri
3255 1909 3430 1977 debet,
3463 1916 3508 1970 si
3539 1918 3604 1983 is,

2017 1971 2105 2040 qui
2131 1985 2413 2044 angustum
2440 1980 2539 2038 iter
2576 1995 2740 2056 tenet,
2769 1993 3049 2059 premitur.
3081 1996 3213 2053 Nam
3259 1999 3374 2056 haec
3397 2004 3605 2060 virtutis

2024 2071 2212 2119 natura
2243 2076 2346 2134 est,
2378 2080 2436 2125 ut
2461 2073 2730 2139 laboribus
2750 2088 2804 2135 et
2828 2083 3110 2140 sudoribus
3137 2096 3296 2160 atque
3323 2092 3529 2149 insidiis
3548 2105 3604 2152 et

2014 2155 2264 2222 periculis
2311 2171 2531 2219 scateat.
2559 2167 2755 2226 Verum
2791 2173 2893 2229 iter
2920 2177 3136 2246 quidem
3178 2155 3260 2236 est
3292 2184 3553 2254 ejusmodi
3583 2209 3600 2245 :

2012 2254 2131 2314 post
2150 2257 2326 2305 autem
2340 2266 2876 2331 sequunturcoronae,
2903 2269 3142 2338 prazmia,
3158 2279 3214 2327 et
3227 2287 3420 2331 arcana
3438 2277 3598 2346 bona,

2008 2338 2200 2407 quibus
2225 2341 2348 2398 ﬁuis
2379 2348 2558 2403 nullus
2587 2360 2668 2407 est
2697 2356 3038 2412 constitutus.
3071 2359 3184 2416 [lac
3213 2363 3371 2434 igitur
3395 2370 3600 2439 cogita-

2008 2429 2152 2486 tione
2183 2439 2234 2486 te
2272 2434 2444 2503 ipsum
2480 2443 2796 2499 consolare:
2831 2463 2954 2503 nam
2984 2455 3262 2520 praesentis
3288 2456 3409 2512 vitae
3434 2469 3488 2514 et
3505 2475 3598 2515 vo-

2005 2516 2177 2588 luptas
2199 2533 2254 2577 et
2277 2525 2552 2583 calamitas
2569 2546 2672 2586 una
2697 2548 2818 2590 cum
2853 2536 2953 2593 hac
2985 2516 3088 2596 vita
3117 2541 3305 2612 fluunt,
3332 2547 3596 2619 simulque

2001 2623 2121 2663 cum
2145 2625 2207 2666 ea
2227 2612 2513 2672 intereunt.
2535 2619 2613 2676 Ne
2633 2622 2794 2693 igitur
2812 2627 3098 2698 quidquam
3121 2631 3331 2688 illorum
3354 2612 3591 2694 animum

2003 2707 2149 2755 tuum
2179 2701 2348 2772 inﬂet,
2374 2722 2472 2764 nec
2488 2725 2698 2766 rursum
2720 2714 3007 2786 quidquam
3033 2718 3226 2776 horum
3246 2730 3297 2778 te
3324 2723 3592 2794 deprimat

1997 2802 2158 2864 atque
2186 2797 2484 2854 contrahat.
2534 2801 2805 2872 Siquidem
2856 2809 3090 2877 optimus
3134 2813 3459 2882 gubernator
3487 2831 3589 2876 nec

1999 2887 2285 2956 tranquillo
2309 2896 2548 2960 tempore
2575 2895 2851 2952 remissius
2869 2899 2997 2968 agit,
3029 2916 3129 2957 nec
3153 2917 3430 2974 grassante
3453 2918 3586 2966 tem-

1996 2985 2200 3045 pestate
2232 2980 2596 3046 perturbatur.
2651 2984 2776 3040 Haec
2812 2987 2973 3058 igitur
2998 3006 3119 3046 cum
3173 2994 3266 3049 tibi
3304 3010 3581 3069 perspecta

1992 3063 2118 3132 sint,
2162 3065 2385 3137 teipsum
2406 3071 2603 3137 solare,
2654 3074 3046 3148 maximamque
3085 3080 3470 3143 hincmteroris
3498 3088 3580 3145 le-

1990 3157 2256 3213 vationem
2295 3162 2505 3231 capias:
2530 3179 2592 3219 ac
2615 3165 2682 3221 de
2714 3175 2803 3221 tua
2826 3169 3128 3228 valetudine
3155 3175 3238 3232 fac
3263 3192 3360 3233 nos
3399 3181 3582 3236 subin-

1989 3247 2055 3303 de
2083 3250 2360 3307 certiores.
2407 3252 2539 3308 Nam
2564 3256 2664 3311 etsi
2706 3257 2865 3330 longo
2898 3261 3105 3320 itineris
3146 3266 3425 3324 intervallo
3453 3286 3481 3325 a
3524 3284 3576 3329 te

1986 3338 2358 3410 disjungimur,
2390 3342 2586 3415 diuque
2613 3362 2643 3401 a
2671 3355 2758 3403 tua
2784 3352 3043 3408 suavitate
3068 3355 3353 3426 abfuimus,
3385 3369 3439 3415 at
3469 3378 3574 3418 non

1985 3432 2111 3486 item
2139 3449 2168 3488 a
2198 3444 2284 3489 tua
2311 3437 2534 3494 caritate
2567 3455 2790 3496 :verum
2819 3457 2934 3498 eam
2966 3448 3143 3504 omnis
3168 3450 3451 3509 oblivionis
3477 3470 3573 3510 ex-

1984 3533 2188 3592 pertem
2239 3541 2301 3581 ac
2328 3538 2620 3596 recentem,
2653 3533 2975 3606 ubicumque
3002 3539 3192 3608 simus,
3228 3557 3442 3614 semper
3466 3547 3570 3600 cir-

1981 3612 2362 3674 cumferimus:
2392 3635 2513 3676 nam
2538 3621 2653 3680 haec
2678 3638 2894 3698 quoque
2942 3630 3137 3688 sinceri
3162 3634 3360 3692 amoris
3381 3645 3566 3694 natura

1981 3716 2082 3761 CSI.

2172 3779 2379 3837 XLVI.
2418 3785 2636 3857 Ruﬁino.
2671 3787 2793 3860 (Ab
2814 3807 2956 3848 anno
2985 3794 3088 3849 405
3115 3794 3181 3850 ad
3213 3797 3336 3852 407.
3363 3797 3384 3869 )

2047 3888 2336 3961 Cupiebam
2375 3898 2590 3967 quidem
2627 3904 2822 3972 saepius
2863 3905 2927 3959 ad
2966 3914 3018 3962 te
3056 3907 3239 3964 literas
3268 3910 3416 3977 dare,
3466 3914 3564 3970 do-

1975 3981 2119 4038 mine
2149 3985 2220 4038 mi
2259 3989 2570 4057 cumprimis
2595 3995 2895 4050 venerande
2936 4011 3001 4052 ac
3038 3998 3306 4070 religiose,
3343 4003 3466 4073 quia
3509 4016 3562 4063 te

1972 4087 2116 4142 amo,
2145 4090 2208 4129 ac
2236 4078 2580 4137 vehementer
2599 4098 2756 4150 amo;
2789 4095 2950 4157 atque
3002 4098 3286 4161 utrumque
3330 4092 3560 4166 hocipse

1971 4179 2180 4237 quoque
2197 4173 2356 4226 nosti.
2384 4172 2643 4240 Quoniam
2681 4186 2859 4234 autem
2887 4181 3117 4237 alterum
3153 4186 3368 4254 quidem
3391 4193 3558 4245 nostri

1968 4260 2170 4314 arbitrii
2195 4270 2296 4330 est,
2328 4266 2552 4320 alterum
2580 4278 2757 4324 autem
2786 4285 2892 4326 non
2922 4271 2974 4328 in
2997 4275 3152 4330 nobis
3178 4279 3336 4333 situm
3359 4288 3442 4334 est
3465 4300 3478 4336 :
3502 4293 3560 4336 ut

1968 4349 2109 4405 enim
2141 4361 2193 4407 te
2218 4368 2479 4424 amemus,
2513 4358 2566 4412 in
2613 4361 2833 4416 arbitrio
2860 4376 3045 4420 nostro
3078 4369 3341 4434 consistit,
3373 4380 3429 4424 ut
3457 4387 3554 4426 au-

1969 4448 2074 4494 tem
2105 4443 2170 4497 ad
2204 4453 2255 4499 te
2276 4460 2418 4516 saepe
2443 4450 2757 4517 scribamus,
2794 4468 2898 4508 non
2930 4454 3078 4523 item,
3115 4466 3225 4513 tum
3251 4459 3322 4514 ob
3347 4461 3556 4518 itineris

1965 4532 2353 4604 difficultatem,
2375 4548 2484 4594 tum
2515 4541 2583 4596 ob
2611 4544 2734 4597 anni
2768 4554 2976 4616 tempus
3001 4566 3013 4600 :
3044 4549 3175 4605 illud
3203 4551 3416 4622 quidem
3441 4570 3553 4624 per-

1967 4636 2128 4694 petuo
2158 4628 2402 4696 facimus,
2437 4631 2538 4688 hoc
2572 4644 2751 4690 autem
2774 4652 2894 4716 cum
2921 4639 3074 4707 licet;
3106 4642 3214 4698 imo
3240 4644 3399 4699 etiam
3429 4661 3550 4716 pcr~

1965 4726 2124 4785 petuo
2151 4718 2392 4776 finitimus.
2425 4723 2558 4778 Nam
2585 4727 2686 4780 etsi
2736 4715 3036 4786 atramento
3061 4742 3219 4802 atque
3242 4734 3421 4790 charta
3443 4752 3548 4792 nou

1962 4822 2174 4878 semper
2211 4812 2495 4869 scribimus
2533 4832 2549 4868 :
2602 4826 2656 4870 at
2682 4817 2955 4875 voluntate
2983 4831 3156 4878 tamen
3185 4834 3342 4896 atque
3368 4829 3548 4884 animo

1961 4899 2242 4955 scribimus
2266 4921 2278 4956 :
2307 4918 2368 4958 ea
2391 4905 2590 4975 quippe
2627 4907 2819 4965 sinceri
2855 4912 3053 4966 amoris
3081 4923 3270 4970 natura
3298 4927 3402 4973 est.

2172 5013 2410 5069 XLVII.
2445 5016 2692 5073 Nama'w.
2724 5018 2970 5089 (Cucuso
2997 5039 3138 5082 anno
3163 5028 3288 5084 403.
3313 5029 3334 5102 )

2041 5106 2181 5173 Quid
2197 5107 2304 5160 huc
2315 5105 2552 5177 illucque
2567 5114 2617 5162 te
2631 5121 2838 5174 versas,
2849 5107 2976 5166 dum
2987 5115 3058 5171 ob
3071 5132 3193 5174 eam
3237 5135 3349 5176 rem
3379 5138 3544 5179 excu-

2019 5233 2288 5314 (‘axcrtece
2325 5235 2542 5314 legi_t9r,_
2561 5255 2644 5298 τοῖς
2671 5254 2751 5305 uel
2772 5257 3056 5314 Mapaupdav‘v.
3095 5255 3230 5314 Stepe
3261 5253 3471 5306 diximus
3486 5260 3544 5311 in

1955 5295 2078 5366 ﬁdit.
2098 5303 2142 5346 S.
2166 5295 2403 5378 Athanasii
2426 5295 2544 5378 illud
2565 5295 2643 5359 τοτέ
2662 5295 2869 5378 πξέὶιιᾯΐῤ
3096 5295 3544 5378 QKuiéiIZEiléi

1953 5357 2076 5430 sime
2102 5371 2218 5430 vero
2240 5365 2323 5406 aut
2340 5359 2404 5408 de
2427 5361 2615 5430 duobus
2630 5357 2796 5430 auide
2813 5357 3542 5430 pluribusfH‘ic—certcwde

1952 5417 2044 5466 υυε
2065 5418 2237 5503 salte")
2259 5432 2536 5492 δεττειοηειη
2577 5423 2787 5503 habere.
2801 5417 2999 5503 uanum
3013 5417 3309 5503 metire;
3335 5417 3543 5503 asas;

1951 5481 2250 5554 praecedunt,
2274 5481 2545 5554 carissimos
2566 5497 2624 5535 ac
2641 5481 2956 5554 nobilissimos
2977 5481 3542 5554 υἰνοέξιᾶιίρῖιῖριῗᾶτέἆῖ

1950 5541 2104 5616 det-im
2130 5543 2386 5616 hicnagere
2415 5545 2796 5616 Chrysostomum
2835 5551 2899 5601 de
2923 5541 3540 5616 narcia'no‘etmltiarce'llinb

1951 5601 2029 5650 vel
2053 5601 2368 5688 Marccjliano,
2411 5601 2629 5688 nanipsic
2649 5623 2842 5688 quoque
2866 5601 3165 5688 scriptum—in
3182 5601 3295 5669 iss.
3336 5601 3539 5688 legitur:

1949 5665 2140 5736 quando
2245 5673 2503 5742 utrumque
2522 5665 2682 5742 literae
2721 5665 2989 5742 mittuntur,
3336 5665 3536 5734 ditiis}!

1949 5725 2031 5798 git.
2046 5738 2072 5802 ε,
2095 5729 2346 5802 ηδνὶυδριξε
2371 5725 2526 5780 lit'erte
2548 5731 2609 5802 ad
2644 5734 2860 5802 singulos
2881 5725 3333 5802 dirigubtur,’u"triu
3352 5725 3535 5796 banti-in

1951 5787 2494 5851 epistolarum'decursu
2515 5787 2882 5849 animadvertas.
