4058 6218
476 369 544 420 53
1112 360 1167 415 S.
1207 356 1484 413 JOANNIS
1520 352 1999 414 CllliYSOSTOMl
2038 348 2354 406 AliClliElâ€˜.
2397 346 2929 404 CONSTANTINOP.

436 479 705 533 satiotmn
722 474 947 547 equmris,
978 487 1041 527 ac
1056 471 1265 526 veniam
1285 469 1444 541 petis,
1471 469 1542 524 ob
1568 482 1727 538 quam
1754 477 1805 522 te
1826 480 2022 522 corona

437 582 702 624 donamus
742 581 807 621 ac
854 563 1206 634 prmdicamus
1235 580 1250 616 :
1278 561 1477 631 quippe
1503 560 1618 631 qui,
1658 558 1800 630 quod
1835 558 1902 614 ad
1931 570 2030 614 nos

439 659 743 730 scripseris,
781 665 992 726 gratum
1032 655 1323 710 habeamus
1360 670 1376 717 ;
1423 652 1564 724 quod
1592 662 1773 707 autem
1815 662 1941 707 sero
1967 664 2031 706 ao

439 751 613 818 tarde,
641 749 842 805 idcirco
886 747 983 802 tibi
1010 761 1335 803 succensere
1362 744 1672 816 possimus?
1695 744 2033 816 Quapropter

440 842 489 903 si
533 854 742 910 magna:
769 837 1007 895 audaciae
1051 837 1107 892 id
1156 836 1323 893 fuisse
1345 835 1639 902 existimas,
1670 835 1811 905 quod
1838 835 1906 890 ad
1931 846 2030 891 nos

441 930 626 987 literas
655 928 887 995 dederis,
920 927 1025 984 hoc
1059 926 1260 983 omisso
1309 926 1378 981 ad
1408 925 1673 981 tarditatis
1699 927 1903 982 crimen
1930 924 2031 980 de-

443 1021 738 1078 fensionem
786 1020 1049 1076 meditare
1075 1029 1235 1090 atque
1258 1032 1528 1087 compara.
1575 1016 1706 1073 Nam
1731 1030 1839 1087 quo
1864 1017 2033 1085 magis

443 1112 648 1169 dixeris
669 1152 686 1178 ,
729 1119 785 1167 te
810 1119 926 1166 tum
953 1120 1264 1181 praesentes,
1298 1118 1408 1164 tum
1436 1109 1685 1166 absentes
1713 1109 1922 1167 sincere
1947 1109 2033 1163 dii-

445 1204 663 1270 lexisse,
682 1217 757 1261 eo
785 1201 957 1274 magis
973 1201 1370 1256 accusationem
1391 1201 1625 1257 auxeris.
1654 1200 1867 1257 Etenim
1897 1200 1940 1255 si
1966 1215 2033 1255 ex

446 1308 635 1350 eorum
654 1306 880 1349 numero
903 1305 1073 1360 esses,
1103 1305 1327 1362 quorum
1354 1291 1589 1359 vulgaris
1611 1305 1736 1361 erga
1762 1300 1861 1346 nos
1885 1302 2037 1345 amor

444 1394 608 1447 esset,
639 1382 863 1439 minime
912 1381 1107 1437 mirum
1137 1381 1270 1436 mihi
1319 1379 1505 1436 fuisset
1561 1389 1613 1436 te
1638 1381 1729 1437 diu
1784 1381 2037 1447 siluisse;

446 1493 570 1533 cum
600 1487 780 1535 autem
812 1484 866 1533 te
916 1483 1025 1532 tam
1072 1476 1337 1531 sinceram
1364 1489 1428 1530 ac
1457 1474 1748 1530 ferventem
1774 1488 1900 1544 erga
1938 1487 2039 1528 nos

448 1568 728 1625 caritatem
757 1582 868 1639 pra:
895 1574 951 1624 te
976 1565 1164 1622 tulisse
1205 1580 1414 1621 asseras
1447 1604 1461 1628 ,
1489 1574 1549 1620 ut
1598 1580 1667 1620 ne
1693 1565 1795 1619 iter
1822 1562 2038 1634 quidem

451 1674 619 1730 usque
646 1658 782 1715 adeo
819 1659 1105 1714 molestum
1136 1666 1319 1727 totque
1340 1655 1650 1725 prmdonum
1676 1665 1822 1712 metu
1849 1656 2041 1712 obses-

452 1765 573 1806 sum
601 1750 875 1821 suscipere
902 1755 1211 1806 recusatum
1256 1746 1441 1812 fueris,
1479 1746 1581 1800 nisi
1629 1746 1848 1802 morbus
1874 1747 2044 1802 obsti-

454 1842 626 1909 tisset,
649 1858 753 1896 una
774 1841 881 1912 iam
901 1841 1059 1907 ratio,
1074 1855 1175 1910 qtta
1203 1839 1356 1894 nobis
1373 1837 1691 1904 satisfacias,
1725 1836 1818 1893 tibi
1838 1837 2042 1908 reliqua

452 1939 560 1997 est,
584 1930 834 1986 nimirum
865 1939 918 1985 ut
950 1938 1230 1986 sexcentas
1257 1929 1439 1985 literas
1466 1928 1534 1983 ad
1564 1943 1662 1983 nos
1692 1929 1892 1995 mittas,
1923 1942 2043 1999 quae

452 2022 688 2078 diuturni
710 2022 912 2078 silentii
936 2021 1147 2092 culpam
1173 2019 1450 2091 deprecari
1492 2019 1716 2090 possint.
1748 2018 1862 2074 Hoc
1889 2019 2047 2090 igitur

457 2112 541 2168 fac
573 2121 668 2169 :et
694 2108 904 2183 quidvis
946 2122 977 2167 a
1005 2118 1059 2167 te
1088 2111 1504 2182 perceperimus.
1534 2110 1665 2164 Nam
1695 2117 1751 2164 et
1787 2107 1904 2164 haec
1939 2119 2045 2164 tam

458 2216 578 2258 sera
624 2201 850 2272 epistola
897 2198 969 2257 ad
1022 2215 1125 2256 nos
1171 2201 1424 2264 veniens,
1468 2201 1720 2270 quoniam
1769 2198 2045 2254 ardentem

458 2292 744 2363 quamdam
769 2292 1046 2347 caritatem
1075 2290 1334 2362 spirabat,
1366 2290 1656 2361 superioris
1678 2302 1889 2360 quoque
1916 2298 2051 2345 tem-

462 2381 611 2451 poris
636 2379 877 2437 debitum
902 2378 1165 2436 dissolvit.
1198 2380 1462 2436 Czeterum
1494 2379 1545 2433 id
1569 2379 1711 2446 vide,
1743 2394 1812 2434 ne
1831 2379 2050 2450 reliquae

467 2472 625 2542 hujus
650 2472 960 2528 tarditatem
977 2471 1273 2528 imitentur.
1309 2471 1398 2526 Sic
1423 2470 1566 2526 enim
1593 2471 1709 2525 haec
1735 2473 1895 2526 etiam
1921 2470 2051 2526 illud

466 2565 684 2635 planum
734 2564 913 2621 facere
943 2564 1159 2634 poterit,
1191 2575 1250 2619 se
1294 2577 1400 2617 non
1445 2563 1514 2617 ob
1537 2562 1823 2633 pigritiam,
1868 2578 2051 2616 verum

464 2655 534 2710 ob
572 2655 786 2709 inanem
836 2661 1061 2717 metunt,
1099 2651 1550 2725 quemadmodqu
1602 2651 1698 2708 abs
1749 2660 1803 2707 te
1845 2665 2056 2722 quoque

464 2741 665 2798 dictum
695 2751 798 2810 est,
827 2743 999 2799 serius
1029 2743 1261 2806 venisse,
1299 2741 1344 2796 si
1391 2741 1610 2813 reliquae
1648 2751 1703 2797 et
1736 2740 1980 2812 plurimae
2001 2748 2056 2796 et

466 2835 716 2891 celeriter
740 2835 805 2890 ad
837 2851 934 2891 nos
960 2837 1194 2891 veniant.

1000 2970 1277 3026 XLVIII.
1310 2972 1517 3027 Arabio.

543 3139 834 3195 Caritatem
860 3155 984 3211 erga
1034 3156 1121 3196 me
1150 3151 1292 3196 tuam
1324 3151 1483 3212 atque
1510 3143 1789 3198 ardentem
1822 3150 1970 3198 tuum
1997 3155 2063 3197 ac

472 3242 679 3297 verum,
705 3231 974 3284 sincerum
1010 3240 1064 3285 et
1090 3240 1425 3290 constantem
1455 3246 1695 3285 amorem
1724 3230 2060 3302 exploratum

475 3317 688 3381 habeo:
719 3319 955 3390 illudque
1006 3319 1136 3375 item
1187 3329 1546 3391 perspectum,
1597 3335 1696 3376 nec
1727 3320 2062 3392 negotiorum

475 3408 868 3479 difficultatem,
917 3426 1017 3467 nec
1062 3427 1311 3467 curarum
1341 3427 1554 3482 agmen,
1586 3427 1686 3468 nec
1739 3427 1919 3468 rerum
1966 3410 2063 3464 ad-

476 3515 755 3558 versarum
784 3502 1225 3575 magnitudinem,
1246 3518 1345 3559 nec
1367 3504 1622 3575 temporis
1639 3504 2066 3571 diuturnitatem,

479 3606 581 3648 nec
607 3591 813 3648 itineris
843 3593 1285 3665 longinquitatem
1301 3604 1391 3650 tuo
1407 3610 1532 3667 erga
1560 3611 1648 3651 me
1676 3595 1847 3650 amori
1876 3594 2068 3650 obscu-

479 3683 693 3738 ritatem
719 3682 914 3739 afferre
950 3698 1129 3753 posse.
1171 3685 1355 3755 quue
1385 3686 1462 3751 lit,
1497 3696 1554 3739 ut
1605 3695 1861 3754 perpetuo
1889 3685 1985 3739 abs
2015 3692 2069 3740 te

482 3774 685 3840 literas,
725 3791 844 3847 qua:
873 3775 1029 3833 nobis
1055 3791 1125 3831 ea
1150 3775 1218 3835 de
1245 3784 1333 3833 tua
1356 3775 1657 3832 valetudine
1683 3791 1801 3846 qua:
1826 3775 2069 3829 volumus

483 3869 752 3935 nuntient,
778 3868 1025 3939 accipere
1056 3870 1401 3926 vehementer
1426 3882 1827 3940 exspectamus.
1847 3868 2002 3938 Quod
2024 3868 2069 3924 si

486 3970 540 4015 te
582 3975 914 4027 accusamus,
949 3976 1057 4019 non
1101 3971 1161 4017 ut
1203 3960 1559 4035 negligentem
1586 3976 1921 4028 accusamus,
1976 3960 2073 4017 sed

484 4052 608 4122 quia
638 4053 819 4124 plures
846 4052 1112 4123 ejusmodi
1145 4052 1399 4124 epiStolas
1434 4054 1764 4124 appetimus.
1794 4052 1924 4119 Quae
1952 4065 2075 4106 cum

488 4141 706 4196 minime
759 4142 993 4210 ignores,
1048 4142 1463 4199 honoratissimo
1512 4158 1577 4200 ac
1620 4141 1948 4198 nobilissime
1975 4138 2071 4196 do-

489 4230 652 4294 mine,
682 4230 783 4286 hoc
810 4231 962 4287 nobis
990 4230 1305 4288 beneficium
1340 4231 1500 4286 velim
1549 4230 1791 4303 prteheas
1809 4273 1824 4299 ,
1855 4230 1995 4302 quod
2022 4239 2078 4287 ct

489 4321 581 4377 tibi
610 4321 725 4377 leve
746 4336 810 4377 ac
825 4322 979 4379 facile
995 4330 1096 4387 est,
1130 4330 1188 4377 et
1212 4336 1456 4394 magnam
1479 4322 1652 4387 nobis,
1683 4321 1843 4376 etiam
1874 4322 1927 4376 in
1950 4321 2077 4375 soli-

493 4410 674 4467 tudine
702 4411 1053 4477 ltmtâ€˜entibus,
1085 4410 1409 4482 voluptatem
1438 4408 1615 4466 affert.

703 4585 910 4645 XLIX.
940 4586 1149 4659 Alphio.
1179 4588 1383 4657 (Anno,
1407 4596 1462 4639 ttt
1485 4595 1718 4657 putatur,
1741 4585 1902 4655 403.)

568 4765 825 4837 Equidem
874 4764 1204 4836 frequentius
1243 4763 1426 4819 literas
1465 4764 1528 4817 ad
1552 4774 1602 4819 te
1630 4763 1761 4819 dare
1807 4778 2079 4832 cuperem,

503 4870 677 4911 rerum
703 4857 1093 4911 tabellariorum
1116 4855 1335 4926 penuria
1351 4869 1436 4908 me
1464 4853 1600 4908 hanc
1624 4853 1964 4924 cupiditatem
1987 4870 2083 4908 cx-

502 4949 649 5019 tequi
676 4950 895 5005 minime
920 4949 1064 5004 sinit.
1093 4948 1224 5003 Nam
1254 4963 1351 5003 nec
1376 4947 1534 5017 hujus
1578 4947 1676 5001 loci
1706 4946 1955 5015 solitudo,
1989 4963 2085 5001 nec

504 5039 800 5093 Isaurorum
832 5048 1024 5105 metus,
1045 5054 1145 5094 nec
1169 5038 1361 5094 hiemis
1380 5038 1643 5109 asperitas
1670 5037 1880 5107 aliquos
1900 5036 1966 5092 ad
1988 5051 2086 5091 nos

500 5128 693 5183 crebro
734 5142 1040 5185 commeare
1073 5129 1278 5185 sinunt.
1328 5128 1679 5184 Nihilominus
1729 5140 1925 5190 vimen,
1973 5127 2088 5181 sive

502 5218 819 5287 Scribamus,
857 5219 972 5277 sive
1012 5228 1302 5287 taceamus.
1344 5221 1589 5286 eamdem
1634 5235 1847 5289 semper
1882 5234 2004 5288 erga
2038 5227 2089 5271 te

503 5307 942 5363 benevolentiam
966 5311 1287 5374 retinemus,
1309 5311 1546 5366 studium
1566 5312 1768 5364 scilicet
1807 5319 1968 5377 atque
1984 5323 2078 5360 cu-

504 5398 625 5469 Î¾Ï„á½³Î·Î·
639 5397 1019 5469 imoiligcutes,
1034 5417 1136 5472 qua
1151 5404 1348 5459 anima!
1365 5416 1467 5459 tua:
1477 5402 1777 5458 commodis
1790 5401 2075 5472 prospicis,

502 5486 639 5540 dum
661 5503 757 5543 eos
778 5492 869 5556 qui
894 5508 1015 5544 cum
1039 5494 1236 5559 pietate
1255 5493 1444 5547 vivunt
1489 5509 1736 5547 recreare
1756 5509 1817 5545 ac
1858 5494 2082 5548 reficere

506 5574 721 5667 btttdes.
745 5590 905 5646 atque
933 5581 986 5636 iu
1011 5583 1112 5637 hoc
1134 5580 1394 5653 praeclaro
1415 5600 1636 5639 munere
1659 5583 1913 5638 versaris.
1950 5582 2083 5650 Quae

510 5686 635 5726 cum
663 5674 759 5727 tibi
783 5671 1063 5741 explorata
1079 5674 1210 5741 sint,
1233 5676 1763 5732 mverendissiute-ac
1783 5675 2082 5746 religiosis-

516 5762 651 5819 sime
693 5765 929 5829 domine,
984 5765 1049 5820 de
1083 5775 1170 5819 tua
1223 5767 1495 5836 totiusque
1552 5767 1747 5823 domus
1774 5765 2083 5825 valetudine

3614 340 3719 394 636

2139 463 2396 520 certiores
2419 472 2518 517 nus
2544 460 2721 516 facere
2770 474 2840 514 ne
2869 455 3204 513 intermittas.
3235 446 3326 509 Sic
3355 451 3501 507 enim
3533 452 3591 507 in
3624 455 3723 508 hac

2136 571 2353 627 quoque
2383 551 2668 610 solitudine
2702 564 2949 622 magnam
2984 548 3313 617 voluptatem
3351 546 3649 615 capiemus,
3679 547 3725 599 si

2137 646 2399 718 ejusmodi
2426 647 2522 702 abs
2548 656 2600 701 te
2619 645 2801 700 literas
2827 640 3213 711 acceperimus.

2459 778 2520 834 L.
2547 776 2781 849 Diogeni.
2806 775 2825 848 (
2854 775 3060 831 Cucuso
3084 786 3227 827 anno
3252 771 3375 826 404.
3410 770 3430 841 )

2208 918 2541 985 Quamquam
2591 911 2657 967 de
2686 919 2791 966 tuae
2833 923 2958 979 erga
2998 923 3096 962 nos
3137 904 3375 960 caritatis
3422 903 3736 961 sinceritate

2139 1008 2367 1065 antehac
2393 1006 2548 1062 nobis
2581 1004 2913 1074 exploratum
2963 1008 3097 1065 erat,
3143 1007 3320 1052 tamen
3361 996 3530 1051 multo
3564 996 3736 1066 magis

2141 1101 2384 1156 eamdem
2424 1111 2567 1152 nunc
2616 1092 3012 1165 perspeximus,
3052 1103 3174 1144 cum
3217 1096 3359 1143 tanta
3388 1095 3571 1141 coorta
3597 1095 3736 1140 tetu-

2143 1198 2367 1261 pcstate,
2393 1203 2497 1243 non
2528 1186 2689 1241 modo
2718 1183 2880 1238 nihilo
2904 1181 3226 1251 segniorem,
3253 1177 3346 1234 sed
3375 1176 3535 1233 etiam
3556 1178 3736 1231 multo

2144 1280 2523 1339 studiosiorem
2572 1278 2802 1333 amicum
2840 1283 2894 1328 te
2923 1273 3076 1327 nobis
3109 1270 3399 1341 praebuisti.
3426 1269 3615 1339 quue
3639 1286 3738 1321 no-

2146 1372 2290 1427 mine
2318 1379 2371 1425 te
2397 1368 2745 1431 admiramur,
2796 1361 3139 1434 quotidieque
3168 1358 3459 1429 pradicare
3503 1373 3608 1413 non
3639 1358 3738 1412 de-

2121 1464 2389 1537 sinimus.
2408 1460 2540 1515 Nam
2568 1467 2627 1514 tu
2663 1456 2875 1527 quidem
2916 1469 2946 1508 a
2975 1453 3205 1523 benigno
3263 1451 3394 1516 Deo,
3422 1449 3511 1519 qui
3556 1463 3675 1514 eos.
3705 1465 3739 1504 Î¹

2145 1555 2338 1626 quibus
2376 1551 2501 1607 boni
2548 1548 2748 1620 aliquid
2801 1544 3048 1609 efficitur,
3104 1551 3196 1596 aut
3238 1540 3456 1604 dicitur,
3503 1540 3742 1610 praemiis

2147 1645 2305 1716 longe
2369 1656 2585 1713 semper
2632 1644 2885 1709 superat,
2936 1634 3237 1689 mercedem
3291 1631 3439 1685 omni
3488 1643 3743 1687 sermone

2148 1735 2577 1807 praestantiorem
2606 1737 2920 1799 accepturus
2948 1742 3028 1782 es.
3059 1725 3170 1781 Nos
3197 1731 3401 1787 autem,
3425 1721 3617 1792 quibus
3645 1737 3736 1775 rc-

2150 1828 2250 1883 bus
2271 1840 2574 1898 possumus,
2624 1822 2847 1894 gratiam
2896 1818 2988 1874 tibi
3036 1815 3398 1887 rependimus,
3442 1813 3741 1869 nectead-

2152 1918 2352 1984 mirari,
2411 1915 2648 1981 laudare,
2696 1914 2910 1968 beatum
2957 1910 3265 1980 prmdicare,
3308 1920 3510 1969 amare.
3538 1906 3743 1971 vereri,

2151 2010 2350 2073 colere,
2387 2006 2674 2075 animoque
2692 2013 2743 2059 te
2767 2017 2982 2073 quoquo
3004 1999 3242 2072 gentium
3282 1994 3633 2050 circumferre
3660 1995 3745 2049 in-

2154 2098 2519 2163 termittimus,
2546 2094 2786 2153 caritatis
2806 2091 3056 2148 videlicet
3077 2089 3193 2158 lege
3210 2086 3302 2141 tibi
3322 2084 3555 2153 copulati
3586 2092 3751 2153 atque

2151 2189 2412 2248 adstricti.
2440 2187 2572 2243 Nam
2601 2183 2739 2256 quod
2764 2199 2830 2239 ex
2856 2195 3042 2238 eorum
3071 2192 3293 2234 numero
3316 2189 3530 2244 semper
3569 2174 3741 2229 fueri-

2156 2296 2294 2349 mus,
2334 2281 2428 2353 qui
2476 2288 2531 2336 te
2578 2277 2818 2348 apprime
2870 2274 3113 2343 diligant,
3166 2268 3324 2340 plane
3376 2280 3591 2336 quoque
3631 2265 3753 2335 ipse

2156 2374 2282 2442 scis,
2310 2369 2527 2428 domine
2555 2368 2628 2424 mi
2668 2379 3010 2435 summopere
3047 2358 3352 2416 venerande
3374 2366 3536 2427 atque
3576 2355 3747 2409 adntir

2158 2463 2344 2520 rande.
2386 2462 2722 2531 Quapropter
2749 2469 2935 2513 eorum
2982 2465 3265 2508 munerum
3298 2461 3483 2514 causa,
3532 2445 3751 2516 quaead

2159 2572 2256 2611 nos
2285 2554 2499 2620 misisti,
2527 2566 2595 2607 ne
2623 2550 2777 2604 nobis
2804 2559 3151 2602 succenseas.
3207 2542 3564 2608 Posteaquam
3605 2536 3752 2591 enim

2163 2649 2422 2704 honorem
2465 2654 2614 2705 eum,
2657 2640 2749 2712 qui
2796 2639 2865 2693 ab
2915 2637 3045 2706 ipsis
3095 2632 3368 2697 manabat,
3420 2638 3691 2697 tamquam
3719 2643 3752 2681 e

2161 2737 2427 2795 vindemia
2453 2733 2683 2806 quadam
2712 2744 2870 2785 uvam
2900 2726 3270 2798 expressimus
3306 2737 3372 2778 ac
3391 2720 3750 2791 percepimus,

2164 2843 2385 2885 munera
2415 2828 2528 2897 ipsa
2554 2822 2893 2893 remisimus,
2940 2832 3045 2872 non
3072 2814 3214 2886 quod
3240 2823 3292 2869 te
3320 2824 3750 2882 aspernaretnur,

2164 2930 2257 2977 aut
2288 2919 2452 2975 animi
2481 2916 2556 2971 tui
2613 2912 2881 2969 nobilitati
2925 2908 3144 2963 minime
3199 2903 3615 2966 conliderenuts,
3661 2898 3756 2954 sed

2165 3011 2309 3083 quod
2334 3010 2400 3065 iis
2428 3022 2536 3064 non
2564 3004 2942 3075 indigerÃ©mus.
2973 2997 3129 3069 Quod
3157 2997 3317 3052 etiam
3347 2995 3399 3050 in
3424 2992 3612 3048 multis
3639 2991 3761 3044 aliis

2168 3104 2410 3163 fecimus.
2454 3098 2589 3155 Nam
2614 3097 2702 3151 alii
2730 3109 2941 3166 quoque
2966 3087 3341 3162 quamplurimi
3368 3086 3571 3156 tibique
3603 3082 3762 3138 nobi-

2168 3195 2318 3249 litate
2341 3203 2519 3262 pares,
2565 3203 2629 3243 ac
2657 3202 2756 3241 nos
2785 3182 3160 3239 ardentissime
3183 3185 3447 3241 amantes,
3475 3183 3535 3229 ut
3560 3172 3761 3242 ampli-

2170 3283 2297 3340 tudo
2327 3291 2414 3338 tua
2455 3278 2649 3351 poterit
2668 3276 2927 3339 ediscere,
2953 3273 3094 3329 idem
3124 3269 3260 3326 istud
3286 3268 3530 3324 fecerunt
3558 3284 3572 3319 :
3600 3276 3763 3333 atque

2168 3372 2306 3443 apud
2345 3385 2440 3426 eos
2490 3368 2643 3424 nobis
2672 3366 2860 3422 eadem
2890 3364 3004 3419 haec
3035 3360 3315 3418 excusatio
3337 3355 3568 3421 suffecit,
3598 3368 3765 3424 quam

2172 3473 2225 3519 tn
2251 3476 2465 3534 quoque
2505 3458 2757 3514 admittas
2783 3454 2968 3511 velim.
2996 3452 3125 3509 Nam
3171 3451 3215 3506 si
3242 3450 3298 3504 in
3331 3446 3551 3518 penuria
3578 3458 3764 3500 verse-

2173 3570 2317 3619 ntur,
2346 3552 2538 3622 majori
2566 3564 2689 3606 cum
2735 3545 2898 3601 animi
2944 3542 3159 3606 ï¬ducia,
3206 3547 3481 3608 tamquam
3507 3535 3554 3590 si
3583 3543 3767 3592 nostra

2171 3651 2353 3701 essent
2374 3681 2392 3708 ,
2436 3621 2859 3710 exsposcemus:
2907 3633 3072 3702 idque
3120 3640 3179 3687 tu
3224 3628 3404 3698 reipsa
3447 3621 3765 3696 perspicies.

2172 3733 2527 3804 Quamobrem
2545 3745 2609 3786 ea
2627 3729 2829 3798 accipe,
2858 3740 2923 3781 ac
2948 3724 3231 3794 diligenter
3248 3733 3425 3785 serva,
3450 3715 3573 3771 utsi
3602 3728 3773 3785 quan-

2173 3825 2244 3879 do
2275 3833 2483 3892 tempus
2510 3818 2808 3891 postularit,
2837 3814 3019 3872 fidenti
3065 3828 3129 3870 ac
3157 3812 3329 3869 libero
3371 3808 3554 3864 animo
3579 3819 3643 3860 ea
3671 3804 3773 3858 alia

2178 3926 2234 3973 te
2257 3916 2627 3986 deposcamus.

2478 4062 2571 4118 LI.
2600 4060 2803 4117 Eidem.
2834 4060 2855 4130 (
2886 4058 3092 4116 Cucuso
3116 4071 3256 4112 anno
3286 4054 3392 4113 Â£05
3422 4053 3468 4128 .)

2249 4199 2385 4254 Cum
2401 4196 2730 4268 superiorem
2755 4191 3033 4262 epistolam
3057 4189 3410 4258 scripsissem,
3432 4194 3599 4258 atque
3617 4201 3781 4243 reve-

2184 4290 2561 4348 rendissimum
2579 4300 2645 4341 ac
2669 4282 3128 4355 religiosissimum
3152 4280 3325 4335 virum
3347 4277 3675 4348 Apbraatem
3702 4279 3776 4336 ita

2186 4382 2340 4438 nobis
2353 4381 2573 4435 affixum
2590 4393 2711 4434 esse
2736 4375 3122 4445 conspicerem,
3149 4380 3207 4427 Î¹Î¹Î¹
3227 4386 3329 4428 nec
3353 4371 3476 4426 hinc
3500 4371 3649 4426 abire
3673 4371 3783 4425 vel-

2186 4477 2278 4539 let,
2294 4487 2392 4527 nec
2411 4471 2591 4525 literas
2607 4467 2818 4539 quidem
2836 4481 2865 4519 a
2881 4464 3037 4520 nobis
3051 4472 3389 4534 accepturum
3400 4476 3460 4515 se
3474 4475 3595 4516 esse
3607 4461 3779 4514 mina-

2190 4579 2355 4629 retur,
2372 4563 2471 4619 uisi
2493 4575 2714 4616 munera
2730 4573 2938 4629 ea,qu:e
2952 4556 3019 4611 ad
3041 4570 3139 4609 nos
3159 4552 3778 4621 misisses,accepissem,

2191 4668 2397 4728 typum,
2416 4653 2509 4724 qui
2529 4660 2634 4706 tum
2651 4648 2912 4705 nobilitati
2939 4645 3169 4701 maxime
3203 4652 3387 4713 gratus
3407 4639 3640 4705 futurus,
3664 4641 3787 4695 atti-

2191 4760 2445 4815 mumque
2460 4756 2605 4798 tuum
2623 4748 2961 4796 recreaturus
2980 4736 3070 4802 sit,
3098 4733 3224 4789 huic
3234 4732 3313 4787 rei
3335 4730 3562 4800 imposui
3581 4748 3597 4784 :
3615 4744 3784 4799 quem

2194 4849 2248 4894 tu
2268 4854 2389 4895 eum
2413 4852 2480 4891 ex
2506 4835 2623 4906 ipso
2638 4829 2982 4892 intellexeris,
3003 4842 3126 4882 eum
3139 4824 3381 4895 praeclari
3398 4821 3631 4891 hujusce
3645 4836 3780 4875 eou-

2193 4931 2297 4986 silii
2317 4927 2687 4985 adtuinistrum
2720 4922 2833 4977 fieri
2852 4920 3001 4990 jube.
3022 4917 3132 4973 Nec
3155 4915 3299 4970 enim
3323 4923 3374 4969 te
3395 4911 3552 4983 fugit,
3583 4921 3783 4981 quanta

2196 5022 2353 5092 hujus
2377 5020 2454 5075 rei
2481 5017 2679 5073 utilitas
2700 5013 2875 5069 futttra
2901 5012 2989 5070 sit.
3015 5018 3124 5063 tum
3141 5006 3213 5062 ob
3239 5005 3404 5075 ipsius
3429 5003 3485 5058 in
3507 5002 3785 5058 Phania:

2194 5114 2500 5175 adventum,
2537 5119 2651 5164 tum
2679 5107 2749 5162 ob
2778 5115 2920 5160 tuam
2966 5099 3339 5157 liberalitatem
3366 5109 3432 5150 ac
3460 5095 3784 5149 munificen-

2194 5209 2344 5262 tiam.
2394 5208 2564 5274 Atque
2595 5202 2871 5270 utriusqtte
2897 5196 3055 5266 hujus
3083 5194 3159 5247 rei
3188 5188 3493 5246 mercedem
3546 5187 3663 5255 ipse
3692 5197 3781 5274 ca-

2196 5298 2310 5370 pies
2342 5314 2357 5363 ;
2389 5271 2554 5366 utqui
2582 5310 2707 5364 erga
2729 5306 2844 5357 eos,
2866 5290 2955 5361 qui
2988 5288 3039 5342 in
3067 5283 3337 5343 Phoenicia
3374 5271 3791 5370 gentilestriv

2194 5367 2384 5445 stiante
2410 5387 2529 5443 fidei
2562 5384 2876 5441 rudimentis
2903 5380 3166 5440 imhuunt,
3216 5385 3381 5442 atque
3432 5367 3784 5424 ecclesiarum

2194 5477 2580 5538 constructioni
2634 5489 2857 5546 operam
2909 5468 3244 5541 impendunt,
3278 5459 3617 5519 liberalitatis
3677 5464 3786 5511 tua

2198 5573 2468 5645 specimen
2489 5570 2742 5635 edideris,
2773 5582 2837 5623 ac
2864 5572 3126 5636 praeterea
3145 5555 3406 5630 ejusmodi
3432 5554 3607 5608 virum

2201 5664 2329 5721 laris
2350 5662 2416 5717 ad
2441 5676 2638 5733 eosque
2657 5653 3012 5714 consolandos
3038 5650 3284 5706 miseris:
3312 5657 3454 5701 nunc
3485 5647 3791 5733 prmsertttu

2202 5770 2321 5813 cum
2368 5755 2420 5809 in
2448 5726 2589 5807 tanta
2620 5748 2931 5807 difficultate
2976 5751 3282 5809 versantur,
3311 5746 3470 5808 atque
3520 5748 3550 5787 a
3600 5726 3791 5788 multis
