  <div class='ocr_page' id='page_1' title='image "/cluster/home/n/w/nwhite01/storage/ocr_20150623/52/hvd.32044073501918/256.png"; bbox 0 0 4058 6218; ppageno 0'>
   <div class='ocr_carea' id='block_1_1' title="bbox 420 311 522 366">
    <p class='ocr_par' dir='ltr' id='par_1_1' title="bbox 420 311 522 366">
     <span class='ocr_line' id='line_1_1' title="bbox 420 311 522 366; baseline -0.02 0"><span class='ocrx_word' id='word_1_1' title='bbox 420 311 522 366; x_wconf 71' lang='grc'>653</span> 
     </span>
    </p>
   </div>
   <div class='ocr_carea' id='block_1_2' title="bbox 412 415 1992 494">
    <p class='ocr_par' dir='ltr' id='par_1_2' title="bbox 412 415 1992 494">
     <span class='ocr_line' id='line_1_2' title="bbox 412 415 1992 494; baseline -0.003 -17"><span class='ocrx_word' id='word_1_2' title='bbox 412 421 640 478; x_wconf 73' lang='grc' dir='ltr'>αἰτοῦσα</span> <span class='ocrx_word' id='word_1_3' title='bbox 677 421 820 494; x_wconf 77' lang='grc' dir='ltr'>ύπέρ</span> <span class='ocrx_word' id='word_1_4' title='bbox 857 415 931 476; x_wconf 81' lang='grc' dir='ltr'>ὧν</span> <span class='ocrx_word' id='word_1_5' title='bbox 965 423 1129 492; x_wconf 78' lang='grc' dir='ltr'>ἡμεῖς</span> <span class='ocrx_word' id='word_1_6' title='bbox 1162 438 1219 474; x_wconf 90' lang='grc' dir='ltr'>σε</span> <span class='ocrx_word' id='word_1_7' title='bbox 1257 420 1626 492; x_wconf 86' lang='grc' dir='ltr'>στεφανοῦμεν</span> <span class='ocrx_word' id='word_1_8' title='bbox 1663 422 1757 474; x_wconf 71' lang='grc' dir='ltr'>καὶ</span> <span class='ocrx_word' id='word_1_9' title='bbox 1789 423 1992 492; x_wconf 84' lang='grc' dir='ltr'>ἀνακη-</span> 
     </span>
    </p>
   </div>
   <div class='ocr_carea' id='block_1_3' title="bbox 415 512 1994 586">
    <p class='ocr_par' dir='ltr' id='par_1_3' title="bbox 415 512 1994 586">
     <span class='ocr_line' id='line_1_3' title="bbox 415 512 1994 586; baseline -0.002 -19"><span class='ocrx_word' id='word_1_10' title='bbox 415 514 682 586; x_wconf 88' lang='grc' dir='ltr'>ρύττομεν</span> <span class='ocrx_word' id='word_1_11' title='bbox 701 552 715 576; x_wconf 95' lang='grc'>,</span> <span class='ocrx_word' id='word_1_12' title='bbox 747 513 830 566; x_wconf 83' lang='grc' dir='ltr'>ὅτι</span> <span class='ocrx_word' id='word_1_13' title='bbox 864 513 960 584; x_wconf 81' lang='grc' dir='ltr'>μὲν</span> <span class='ocrx_word' id='word_1_14' title='bbox 991 512 1234 583; x_wconf 75' lang='grc' dir='ltr'>ἔγραψας</span> <span class='ocrx_word' id='word_1_15' title='bbox 1255 553 1270 579; x_wconf 91' lang='grc'>,</span> <span class='ocrx_word' id='word_1_16' title='bbox 1325 512 1713 583; x_wconf 82' lang='grc' dir='ltr'>ἀποδεχόμενοι</span> <span class='ocrx_word' id='word_1_17' title='bbox 1741 524 1790 576; x_wconf 76' lang='grc' dir='ltr'>α,</span> <span class='ocrx_word' id='word_1_18' title='bbox 1823 513 1906 565; x_wconf 85' lang='grc' dir='ltr'>ὅτι</span> <span class='ocrx_word' id='word_1_19' title='bbox 1937 512 1994 564; x_wconf 80' lang='grc' dir='ltr'>δέ</span> 
     </span>
    </p>
   </div>
   <div class='ocr_carea' id='block_1_4' title="bbox 413 602 1995 674">
    <p class='ocr_par' dir='ltr' id='par_1_4' title="bbox 413 602 1995 674">
     <span class='ocr_line' id='line_1_4' title="bbox 413 602 1995 674; baseline -0.001 -16"><span class='ocrx_word' id='word_1_20' title='bbox 413 604 512 674; x_wconf 84' lang='grc' dir='ltr'>όψέ</span> <span class='ocrx_word' id='word_1_21' title='bbox 539 606 635 657; x_wconf 77' lang='grc' dir='ltr'>καὶ</span> <span class='ocrx_word' id='word_1_22' title='bbox 677 602 949 674; x_wconf 86' lang='grc' dir='ltr'>βραδέως.</span> <span class='ocrx_word' id='word_1_23' title='bbox 984 603 1234 672; x_wconf 75' lang='grc' dir='ltr'>ἐγκαλεῖν</span> <span class='ocrx_word' id='word_1_24' title='bbox 1285 603 1537 673; x_wconf 82' lang='grc' dir='ltr'>έχοντες;</span> <span class='ocrx_word' id='word_1_25' title='bbox 1574 603 1734 656; x_wconf 82' lang='grc' dir='ltr'>’Ὥστε</span> <span class='ocrx_word' id='word_1_26' title='bbox 1762 603 1812 656; x_wconf 83' lang='grc' dir='ltr'>εί</span> <span class='ocrx_word' id='word_1_27' title='bbox 1845 603 1968 673; x_wconf 90' lang='grc' dir='ltr'>νομί</span> <span class='ocrx_word' id='word_1_28' title='bbox 1979 633 1995 643; x_wconf 86' lang='grc'><strong><em>-</em></strong></span> 
     </span>
    </p>
   </div>
   <div class='ocr_carea' id='block_1_5' title="bbox 413 690 1996 762">
    <p class='ocr_par' dir='ltr' id='par_1_5' title="bbox 413 690 1996 762">
     <span class='ocr_line' id='line_1_5' title="bbox 413 690 1996 762; baseline 0 -16"><span class='ocrx_word' id='word_1_29' title='bbox 413 695 530 758; x_wconf 75' lang='grc' dir='ltr'>ζεις</span> <span class='ocrx_word' id='word_1_30' title='bbox 555 692 767 761; x_wconf 85' lang='grc' dir='ltr'>μεγάλα</span> <span class='ocrx_word' id='word_1_31' title='bbox 799 692 1192 762; x_wconf 89' lang='grc' dir='ltr'>τετολμηκέναι</span> <span class='ocrx_word' id='word_1_32' title='bbox 1219 690 1299 762; x_wconf 80' lang='grc' dir='ltr'>τῷ</span> <span class='ocrx_word' id='word_1_33' title='bbox 1329 691 1536 762; x_wconf 78' lang='grc' dir='ltr'>γράψαι</span> <span class='ocrx_word' id='word_1_34' title='bbox 1564 732 1579 756; x_wconf 94' lang='grc'>,</span> <span class='ocrx_word' id='word_1_35' title='bbox 1606 691 1764 745; x_wconf 90' lang='grc' dir='ltr'>τοῦτο</span> <span class='ocrx_word' id='word_1_36' title='bbox 1795 693 1996 760; x_wconf 77' lang='grc' dir='ltr'>ἀφεῖσα</span> 
     </span>
    </p>
   </div>
   <div class='ocr_carea' id='block_1_6' title="bbox 415 782 1998 856">
    <p class='ocr_par' dir='ltr' id='par_1_6' title="bbox 415 782 1998 856">
     <span class='ocr_line' id='line_1_6' title="bbox 415 782 1998 856; baseline -0.003 -18"><span class='ocrx_word' id='word_1_37' title='bbox 415 783 555 855; x_wconf 79' lang='grc' dir='ltr'>πρὸς</span> <span class='ocrx_word' id='word_1_38' title='bbox 579 783 640 836; x_wconf 79' lang='grc' dir='ltr'>τὸ</span> <span class='ocrx_word' id='word_1_39' title='bbox 671 782 921 855; x_wconf 81' lang='grc' dir='ltr'>ἔγκλημα</span> <span class='ocrx_word' id='word_1_40' title='bbox 946 787 1046 855; x_wconf 82' lang='grc' dir='ltr'>τῆς</span> <span class='ocrx_word' id='word_1_41' title='bbox 1075 783 1407 856; x_wconf 88' lang='grc' dir='ltr'>βραδύτητος</span> <span class='ocrx_word' id='word_1_42' title='bbox 1435 784 1634 854; x_wconf 78' lang='grc' dir='ltr'>μελέτα</span> <span class='ocrx_word' id='word_1_43' title='bbox 1658 825 1674 849; x_wconf 96' lang='grc'>,</span> <span class='ocrx_word' id='word_1_44' title='bbox 1702 784 1797 838; x_wconf 72' lang='grc' dir='ltr'>καὶ</span> <span class='ocrx_word' id='word_1_45' title='bbox 1827 784 1998 837; x_wconf 83' lang='grc' dir='ltr'>συντί-</span> 
     </span>
    </p>
   </div>
   <div class='ocr_carea' id='block_1_7' title="bbox 413 874 1996 946">
    <p class='ocr_par' dir='ltr' id='par_1_7' title="bbox 413 874 1996 946">
     <span class='ocr_line' id='line_1_7' title="bbox 413 874 1996 946; baseline -0.001 -18"><span class='ocrx_word' id='word_1_46' title='bbox 413 876 496 929; x_wconf 85' lang='grc' dir='ltr'>θει</span> <span class='ocrx_word' id='word_1_47' title='bbox 522 875 621 946; x_wconf 80' lang='grc' dir='ltr'>τὴν</span> <span class='ocrx_word' id='word_1_48' title='bbox 671 875 986 943; x_wconf 87' lang='grc' dir='ltr'>ἀπολογίαν.</span> <span class='ocrx_word' id='word_1_49' title='bbox 1033 876 1143 928; x_wconf 79' lang='grc' dir='ltr'>Καὶ</span> <span class='ocrx_word' id='word_1_50' title='bbox 1194 875 1304 946; x_wconf 87' lang='grc' dir='ltr'>γὰρ</span> <span class='ocrx_word' id='word_1_51' title='bbox 1355 876 1574 944; x_wconf 81' lang='grc' dir='ltr'>ὅσῳπερ</span> <span class='ocrx_word' id='word_1_52' title='bbox 1601 874 1668 929; x_wconf 81' lang='grc' dir='ltr'>ἀν</span> <span class='ocrx_word' id='word_1_53' title='bbox 1694 875 1858 944; x_wconf 84' lang='grc' dir='ltr'>λέγῃς</span> <span class='ocrx_word' id='word_1_54' title='bbox 1901 874 1996 927; x_wconf 77' lang='grc' dir='ltr'>καὶ</span> 
     </span>
    </p>
   </div>
   <div class='ocr_carea' id='block_1_8' title="bbox 415 965 1997 1038">
    <p class='ocr_par' dir='ltr' id='par_1_8' title="bbox 415 965 1997 1038">
     <span class='ocr_line' id='line_1_8' title="bbox 415 965 1997 1038; baseline -0.002 -18"><span class='ocrx_word' id='word_1_55' title='bbox 415 968 690 1037; x_wconf 81' lang='grc' dir='ltr'>παρόντας</span> <span class='ocrx_word' id='word_1_56' title='bbox 716 967 812 1020; x_wconf 77' lang='grc' dir='ltr'>καὶ</span> <span class='ocrx_word' id='word_1_57' title='bbox 833 967 1074 1030; x_wconf 81' lang='grc' dir='ltr'>ἀπόντας</span> <span class='ocrx_word' id='word_1_58' title='bbox 1094 967 1443 1038; x_wconf 69' lang='grc' dir='ltr'>ἠγαπηκέναι</span> <span class='ocrx_word' id='word_1_59' title='bbox 1464 967 1702 1037; x_wconf 78' lang='grc' dir='ltr'>γνησίως</span> <span class='ocrx_word' id='word_1_60' title='bbox 1716 1007 1730 1030; x_wconf 90' lang='grc'>,</span> <span class='ocrx_word' id='word_1_61' title='bbox 1757 965 1997 1035; x_wconf 82' lang='grc' dir='ltr'>τοσούτῳ</span> 
     </span>
    </p>
   </div>
   <div class='ocr_carea' id='block_1_9' title="bbox 416 1055 1996 1130">
    <p class='ocr_par' dir='ltr' id='par_1_9' title="bbox 416 1055 1996 1130">
     <span class='ocr_line' id='line_1_9' title="bbox 416 1055 1996 1130; baseline -0.002 -19"><span class='ocrx_word' id='word_1_62' title='bbox 416 1059 680 1130; x_wconf 77' lang='grc' dir='ltr'>μειζόνως</span> <span class='ocrx_word' id='word_1_63' title='bbox 706 1057 888 1124; x_wconf 75' lang='grc' dir='ltr'>αὔξεις</span> <span class='ocrx_word' id='word_1_64' title='bbox 915 1058 1014 1128; x_wconf 74' lang='grc' dir='ltr'>τὴν</span> <span class='ocrx_word' id='word_1_65' title='bbox 1050 1057 1404 1129; x_wconf 89' lang='grc' dir='ltr'>κατηγορίαν.</span> <span class='ocrx_word' id='word_1_66' title='bbox 1437 1058 1502 1110; x_wconf 71' lang='lat' dir='ltr'>Et</span> <span class='ocrx_word' id='word_1_67' title='bbox 1533 1057 1632 1126; x_wconf 86' lang='grc' dir='ltr'>μὲν</span> <span class='ocrx_word' id='word_1_68' title='bbox 1664 1057 1772 1128; x_wconf 81' lang='grc' dir='ltr'>γὰρ</span> <span class='ocrx_word' id='word_1_69' title='bbox 1809 1055 1996 1119; x_wconf 89' lang='grc' dir='ltr'>άπλῶς</span> 
     </span>
    </p>
   </div>
   <div class='ocr_carea' id='block_1_10' title="bbox 411 1144 1997 1222">
    <p class='ocr_par' dir='ltr' id='par_1_10' title="bbox 411 1144 1997 1222">
     <span class='ocr_line' id='line_1_10' title="bbox 411 1144 1997 1222; baseline -0.003 -18"><span class='ocrx_word' id='word_1_70' title='bbox 411 1150 524 1204; x_wconf 86' lang='grc' dir='ltr'>τῶν</span> <span class='ocrx_word' id='word_1_71' title='bbox 578 1151 710 1222; x_wconf 67' lang='grc' dir='ltr'>περὶ</span> <span class='ocrx_word' id='word_1_72' title='bbox 741 1151 889 1222; x_wconf 73' lang='grc' dir='ltr'>ἡμᾶς</span> <span class='ocrx_word' id='word_1_73' title='bbox 923 1149 1282 1220; x_wconf 83' lang='grc' dir='ltr'>διακειμένων</span> <span class='ocrx_word' id='word_1_74' title='bbox 1340 1144 1522 1219; x_wconf 84' lang='grc' dir='ltr'>ἦσθα,</span> <span class='ocrx_word' id='word_1_75' title='bbox 1573 1148 1724 1201; x_wconf 81' lang='grc' dir='ltr'>οὐδὲν</span> <span class='ocrx_word' id='word_1_76' title='bbox 1770 1149 1997 1210; x_wconf 73' lang='grc' dir='ltr'>ἀπεικὸς</span> 
     </span>
    </p>
   </div>
   <div class='ocr_carea' id='block_1_11' title="bbox 417 1235 1998 1310">
    <p class='ocr_par' dir='ltr' id='par_1_11' title="bbox 417 1235 1998 1310">
     <span class='ocr_line' id='line_1_11' title="bbox 417 1235 1998 1310; baseline -0.001 -18"><span class='ocrx_word' id='word_1_77' title='bbox 417 1240 629 1310; x_wconf 82' lang='grc' dir='ltr'>μακρὸν</span> <span class='ocrx_word' id='word_1_78' title='bbox 656 1237 848 1309; x_wconf 91' lang='grc' dir='ltr'>χρόνον</span> <span class='ocrx_word' id='word_1_79' title='bbox 882 1237 1024 1290; x_wconf 77' lang='grc' dir='ltr'>οὕτω</span> <span class='ocrx_word' id='word_1_80' title='bbox 1055 1239 1277 1307; x_wconf 80' lang='grc' dir='ltr'>σιγῆσαι</span> <span class='ocrx_word' id='word_1_81' title='bbox 1305 1254 1318 1267; x_wconf 89' lang='grc'><strong>·</strong></span> <span class='ocrx_word' id='word_1_82' title='bbox 1355 1236 1544 1308; x_wconf 82' lang='grc' dir='ltr'>ἐπειδὴ</span> <span class='ocrx_word' id='word_1_83' title='bbox 1589 1237 1646 1290; x_wconf 83' lang='grc' dir='ltr'>δὲ</span> <span class='ocrx_word' id='word_1_84' title='bbox 1695 1235 1838 1290; x_wconf 77' lang='grc' dir='ltr'>οὕτω</span> <span class='ocrx_word' id='word_1_85' title='bbox 1865 1252 1998 1306; x_wconf 86' lang='grc' dir='ltr'>γνη-</span> 
     </span>
    </p>
   </div>
   <div class='ocr_carea' id='block_1_12' title="bbox 413 1325 1992 1400">
    <p class='ocr_par' dir='ltr' id='par_1_12' title="bbox 413 1325 1992 1400">
     <span class='ocr_line' id='line_1_12' title="bbox 413 1325 1992 1400; baseline -0.005 -14"><span class='ocrx_word' id='word_1_86' title='bbox 413 1333 536 1386; x_wconf 86' lang='grc' dir='ltr'>σίαν</span> <span class='ocrx_word' id='word_1_87' title='bbox 556 1331 651 1384; x_wconf 78' lang='grc' dir='ltr'>καὶ</span> <span class='ocrx_word' id='word_1_88' title='bbox 667 1329 876 1400; x_wconf 85' lang='grc' dir='ltr'>θερμὴν</span> <span class='ocrx_word' id='word_1_89' title='bbox 898 1329 1025 1400; x_wconf 75' lang='grc' dir='ltr'>περὶ</span> <span class='ocrx_word' id='word_1_90' title='bbox 1043 1330 1192 1400; x_wconf 81' lang='grc' dir='ltr'>ἡμᾶς</span> <span class='ocrx_word' id='word_1_91' title='bbox 1213 1327 1569 1398; x_wconf 78' lang='grc' dir='ltr'>ἐπιδεδεῖχθαι</span> <span class='ocrx_word' id='word_1_92' title='bbox 1594 1326 1817 1397; x_wconf 84' lang='grc' dir='ltr'>ἀγάπην</span> <span class='ocrx_word' id='word_1_93' title='bbox 1836 1325 1992 1396; x_wconf 74' lang='grc' dir='ltr'>ἔφης,</span> 
     </span>
    </p>
   </div>
   <div class='ocr_carea' id='block_1_13' title="bbox 409 1418 1994 1493">
    <p class='ocr_par' dir='ltr' id='par_1_13' title="bbox 409 1418 1994 1493">
     <span class='ocr_line' id='line_1_13' title="bbox 409 1418 1994 1493; baseline -0.005 -17"><span class='ocrx_word' id='word_1_94' title='bbox 409 1422 488 1486; x_wconf 83' lang='grc' dir='ltr'>ὡς</span> <span class='ocrx_word' id='word_1_95' title='bbox 512 1422 648 1493; x_wconf 87' lang='grc' dir='ltr'>μηδέ</span> <span class='ocrx_word' id='word_1_96' title='bbox 673 1421 739 1474; x_wconf 84' lang='grc' dir='ltr'>ἂν</span> <span class='ocrx_word' id='word_1_97' title='bbox 761 1421 934 1474; x_wconf 89' lang='grc' dir='ltr'>ἐλθεῖν</span> <span class='ocrx_word' id='word_1_98' title='bbox 961 1419 1400 1490; x_wconf 77' lang='grc' dir='ltr'>παραιτήσεσθαι</span> <span class='ocrx_word' id='word_1_99' title='bbox 1421 1419 1540 1472; x_wconf 85' lang='grc' dir='ltr'>ὁδὸν</span> <span class='ocrx_word' id='word_1_100' title='bbox 1560 1418 1704 1471; x_wconf 79' lang='grc' dir='ltr'>οὕτω</span> <span class='ocrx_word' id='word_1_101' title='bbox 1728 1418 1994 1488; x_wconf 86' lang='grc' dir='ltr'>χαλεπὴν,</span> 
     </span>
    </p>
   </div>
   <div class='ocr_carea' id='block_1_14' title="bbox 409 1509 1996 1584">
    <p class='ocr_par' dir='ltr' id='par_1_14' title="bbox 409 1509 1996 1584">
     <span class='ocr_line' id='line_1_14' title="bbox 409 1509 1996 1584; baseline -0.002 -19"><span class='ocrx_word' id='word_1_102' title='bbox 409 1513 507 1568; x_wconf 74' lang='grc' dir='ltr'>καὶ</span> <span class='ocrx_word' id='word_1_103' title='bbox 538 1511 690 1583; x_wconf 82' lang='grc' dir='ltr'>φόϐῳ</span> <span class='ocrx_word' id='word_1_104' title='bbox 726 1511 936 1584; x_wconf 88' lang='grc' dir='ltr'>λῃστῶν</span> <span class='ocrx_word' id='word_1_105' title='bbox 987 1510 1257 1564; x_wconf 80' lang='grc' dir='ltr'>τοσούτων</span> <span class='ocrx_word' id='word_1_106' title='bbox 1308 1509 1772 1582; x_wconf 81' lang='grc' dir='ltr'>πολιορκουμένην</span> <span class='ocrx_word' id='word_1_107' title='bbox 1797 1549 1810 1571; x_wconf 96' lang='grc'>,</span> <span class='ocrx_word' id='word_1_108' title='bbox 1842 1510 1890 1561; x_wconf 91' lang='grc' dir='ltr'>εί</span> <span class='ocrx_word' id='word_1_109' title='bbox 1921 1509 1996 1580; x_wconf 83' lang='grc' dir='ltr'>μὴ</span> 
     </span>
    </p>
   </div>
   <div class='ocr_carea' id='block_1_15' title="bbox 409 1599 1996 1676">
    <p class='ocr_par' dir='ltr' id='par_1_15' title="bbox 409 1599 1996 1676">
     <span class='ocr_line' id='line_1_15' title="bbox 409 1599 1996 1676; baseline -0.004 -18"><span class='ocrx_word' id='word_1_110' title='bbox 409 1605 483 1658; x_wconf 73' lang='grc' dir='ltr'>τὰ</span> <span class='ocrx_word' id='word_1_111' title='bbox 509 1605 608 1675; x_wconf 83' lang='grc' dir='ltr'>τῆς</span> <span class='ocrx_word' id='word_1_112' title='bbox 633 1602 945 1676; x_wconf 77' lang='grc' dir='ltr'>ἀρρωστίας</span> <span class='ocrx_word' id='word_1_113' title='bbox 970 1601 1273 1666; x_wconf 83' lang='grc' dir='ltr'>διέκοπτεν,</span> <span class='ocrx_word' id='word_1_114' title='bbox 1297 1602 1357 1654; x_wconf 78' lang='grc' dir='ltr'>ἐν</span> <span class='ocrx_word' id='word_1_115' title='bbox 1385 1617 1466 1654; x_wconf 89' lang='grc' dir='ltr'>σοι</span> <span class='ocrx_word' id='word_1_116' title='bbox 1487 1601 1671 1654; x_wconf 80' lang='grc' dir='ltr'>λοιπὸν</span> <span class='ocrx_word' id='word_1_117' title='bbox 1699 1599 1996 1668; x_wconf 81' lang='grc' dir='ltr'>ἀπολογίας</span> 
     </span>
    </p>
   </div>
   <div class='ocr_carea' id='block_1_16' title="bbox 410 1690 1997 1764">
    <p class='ocr_par' dir='ltr' id='par_1_16' title="bbox 410 1690 1997 1764">
     <span class='ocr_line' id='line_1_16' title="bbox 410 1690 1997 1764; baseline -0.004 -15"><span class='ocrx_word' id='word_1_118' title='bbox 410 1696 659 1749; x_wconf 88' lang='grc' dir='ltr'>λείπεται</span> <span class='ocrx_word' id='word_1_119' title='bbox 685 1691 826 1758; x_wconf 74' lang='grc' dir='ltr'>εἶδος</span> <span class='ocrx_word' id='word_1_120' title='bbox 851 1733 866 1758; x_wconf 92' lang='grc'>,</span> <span class='ocrx_word' id='word_1_121' title='bbox 915 1694 978 1748; x_wconf 76' lang='grc' dir='ltr'>τὸ</span> <span class='ocrx_word' id='word_1_122' title='bbox 1027 1693 1252 1762; x_wconf 84' lang='grc' dir='ltr'>νιφάδας</span> <span class='ocrx_word' id='word_1_123' title='bbox 1284 1694 1416 1764; x_wconf 82' lang='grc' dir='ltr'>ἡμῖν</span> <span class='ocrx_word' id='word_1_124' title='bbox 1463 1691 1704 1762; x_wconf 84' lang='grc' dir='ltr'>πέμπειν</span> <span class='ocrx_word' id='word_1_125' title='bbox 1733 1690 1997 1761; x_wconf 87' lang='grc' dir='ltr'>γραμμά-</span> 
     </span>
    </p>
   </div>
   <div class='ocr_carea' id='block_1_17' title="bbox 411 1783 1997 1857">
    <p class='ocr_par' dir='ltr' id='par_1_17' title="bbox 411 1783 1997 1857">
     <span class='ocr_line' id='line_1_17' title="bbox 411 1783 1997 1857; baseline -0.004 -16"><span class='ocrx_word' id='word_1_126' title='bbox 411 1805 542 1854; x_wconf 84' lang='grc' dir='ltr'>των,</span> <span class='ocrx_word' id='word_1_127' title='bbox 572 1785 887 1857; x_wconf 84' lang='grc' dir='ltr'>δυναμένων</span> <span class='ocrx_word' id='word_1_128' title='bbox 912 1786 1013 1856; x_wconf 81' lang='grc' dir='ltr'>τὴν</span> <span class='ocrx_word' id='word_1_129' title='bbox 1051 1786 1116 1838; x_wconf 87' lang='grc' dir='ltr'>ἐκ</span> <span class='ocrx_word' id='word_1_130' title='bbox 1140 1785 1243 1855; x_wconf 78' lang='grc' dir='ltr'>τῆς</span> <span class='ocrx_word' id='word_1_131' title='bbox 1289 1785 1508 1855; x_wconf 78' lang='grc' dir='ltr'>μακρᾶς</span> <span class='ocrx_word' id='word_1_132' title='bbox 1553 1783 1710 1853; x_wconf 83' lang='grc' dir='ltr'>σιγῆς</span> <span class='ocrx_word' id='word_1_133' title='bbox 1741 1800 1997 1853; x_wconf 89' lang='grc' dir='ltr'>παραμυ-</span> 
     </span>
    </p>
   </div>
   <div class='ocr_carea' id='block_1_18' title="bbox 411 1872 1998 1951">
    <p class='ocr_par' dir='ltr' id='par_1_18' title="bbox 411 1872 1998 1951">
     <span class='ocr_line' id='line_1_18' title="bbox 411 1872 1998 1951; baseline -0.004 -19"><span class='ocrx_word' id='word_1_134' title='bbox 411 1878 682 1951; x_wconf 81' lang='grc' dir='ltr'>θήσασθαι</span> <span class='ocrx_word' id='word_1_135' title='bbox 712 1878 912 1931; x_wconf 80' lang='grc' dir='ltr'>αἰτίαν.</span> <span class='ocrx_word' id='word_1_136' title='bbox 943 1877 1116 1930; x_wconf 86' lang='grc' dir='ltr'>Τοῦτο</span> <span class='ocrx_word' id='word_1_137' title='bbox 1134 1877 1192 1930; x_wconf 87' lang='grc' dir='ltr'>δέ</span> <span class='ocrx_word' id='word_1_138' title='bbox 1229 1876 1394 1940; x_wconf 88' lang='grc' dir='ltr'>ποίει,</span> <span class='ocrx_word' id='word_1_139' title='bbox 1426 1876 1522 1928; x_wconf 69' lang='grc' dir='ltr'>καὶ</span> <span class='ocrx_word' id='word_1_140' title='bbox 1556 1874 1616 1926; x_wconf 75' lang='grc' dir='ltr'>τὸ</span> <span class='ocrx_word' id='word_1_141' title='bbox 1642 1875 1749 1927; x_wconf 79' lang='grc' dir='ltr'>πᾶν</span> <span class='ocrx_word' id='word_1_142' title='bbox 1773 1872 1998 1944; x_wconf 82' lang='grc' dir='ltr'>ἀπειλη-</span> 
     </span>
    </p>
   </div>
   <div class='ocr_carea' id='block_1_19' title="bbox 415 1954 1995 2042">
    <p class='ocr_par' dir='ltr' id='par_1_19' title="bbox 415 1954 1995 2042">
     <span class='ocr_line' id='line_1_19' title="bbox 415 1954 1995 2042; baseline -0.006 -18"><span class='ocrx_word' id='word_1_143' title='bbox 415 1987 619 2042; x_wconf 85' lang='grc' dir='ltr'>φαμεν.</span> <span class='ocrx_word' id='word_1_144' title='bbox 639 1969 858 2038; x_wconf 81' lang='grc' dir='ltr'>Ἐπειδὴ</span> <span class='ocrx_word' id='word_1_145' title='bbox 887 1970 980 2022; x_wconf 74' lang='grc' dir='ltr'>καὶ</span> <span class='ocrx_word' id='word_1_146' title='bbox 999 1968 1138 2039; x_wconf 82' lang='grc' dir='ltr'>αὐτη</span> <span class='ocrx_word' id='word_1_147' title='bbox 1173 1967 1362 2040; x_wconf 91' lang='grc' dir='ltr'>χρονία</span> <span class='ocrx_word' id='word_1_148' title='bbox 1396 1964 1626 2020; x_wconf 88' lang='grc' dir='ltr'>ἐλθοῦσα</span> <span class='ocrx_word' id='word_1_149' title='bbox 1654 1966 1688 2035; x_wconf 78' lang='grc' dir='ltr'>ἡ</span> <span class='ocrx_word' id='word_1_150' title='bbox 1709 1954 1995 2034; x_wconf 76' lang='grc' dir='ltr'>ἐπιστολὴ,</span> 
     </span>
    </p>
   </div>
   <div class='ocr_carea' id='block_1_20' title="bbox 417 2054 1999 2132">
    <p class='ocr_par' dir='ltr' id='par_1_20' title="bbox 417 2054 1999 2132">
     <span class='ocr_line' id='line_1_20' title="bbox 417 2054 1999 2132; baseline -0.005 -18"><span class='ocrx_word' id='word_1_151' title='bbox 417 2061 609 2132; x_wconf 82' lang='grc' dir='ltr'>ἐπειδὴ</span> <span class='ocrx_word' id='word_1_152' title='bbox 638 2061 846 2132; x_wconf 79' lang='grc' dir='ltr'>θερμῆς</span> <span class='ocrx_word' id='word_1_153' title='bbox 881 2059 1034 2112; x_wconf 79' lang='grc' dir='ltr'>ἔπνει</span> <span class='ocrx_word' id='word_1_154' title='bbox 1086 2058 1189 2128; x_wconf 86' lang='grc' dir='ltr'>τῆς</span> <span class='ocrx_word' id='word_1_155' title='bbox 1235 2059 1491 2128; x_wconf 81' lang='grc' dir='ltr'>ἀγάπης,</span> <span class='ocrx_word' id='word_1_156' title='bbox 1525 2056 1619 2109; x_wconf 75' lang='grc' dir='ltr'>καὶ</span> <span class='ocrx_word' id='word_1_157' title='bbox 1665 2054 1758 2108; x_wconf 87' lang='grc' dir='ltr'>τοῦ</span> <span class='ocrx_word' id='word_1_158' title='bbox 1801 2054 1999 2126; x_wconf 86' lang='grc' dir='ltr'>παρελ-</span> 
     </span>
    </p>
   </div>
   <div class='ocr_carea' id='block_1_21' title="bbox 417 2145 1999 2223">
    <p class='ocr_par' dir='ltr' id='par_1_21' title="bbox 417 2145 1999 2223">
     <span class='ocr_line' id='line_1_21' title="bbox 417 2145 1999 2223; baseline -0.004 -19"><span class='ocrx_word' id='word_1_159' title='bbox 417 2153 605 2214; x_wconf 85' lang='grc' dir='ltr'>θόντος</span> <span class='ocrx_word' id='word_1_160' title='bbox 634 2151 827 2223; x_wconf 88' lang='grc' dir='ltr'>χρόνου</span> <span class='ocrx_word' id='word_1_161' title='bbox 853 2150 914 2202; x_wconf 84' lang='grc' dir='ltr'>τὸ</span> <span class='ocrx_word' id='word_1_162' title='bbox 934 2149 1093 2220; x_wconf 83' lang='grc' dir='ltr'>χρέος</span> <span class='ocrx_word' id='word_1_163' title='bbox 1120 2148 1396 2201; x_wconf 87' lang='grc' dir='ltr'>ἀπέτισεν.</span> <span class='ocrx_word' id='word_1_164' title='bbox 1421 2147 1568 2217; x_wconf 83' lang='grc' dir='ltr'>Πλὴν</span> <span class='ocrx_word' id='word_1_165' title='bbox 1594 2145 1707 2199; x_wconf 89' lang='grc' dir='ltr'>ἀλλ’</span> <span class='ocrx_word' id='word_1_166' title='bbox 1734 2146 1788 2198; x_wconf 90' lang='grc' dir='ltr'>αί</span> <span class='ocrx_word' id='word_1_167' title='bbox 1815 2145 1999 2198; x_wconf 74' lang='grc' dir='ltr'>λοιπαὶ</span> 
     </span>
    </p>
   </div>
   <div class='ocr_carea' id='block_1_22' title="bbox 419 2236 1998 2314">
    <p class='ocr_par' dir='ltr' id='par_1_22' title="bbox 419 2236 1998 2314">
     <span class='ocr_line' id='line_1_22' title="bbox 419 2236 1998 2314; baseline -0.004 -19"><span class='ocrx_word' id='word_1_168' title='bbox 419 2245 495 2314; x_wconf 76' lang='grc' dir='ltr'>μὴ</span> <span class='ocrx_word' id='word_1_169' title='bbox 528 2241 904 2313; x_wconf 83' lang='grc' dir='ltr'>μιμείσθωσαν</span> <span class='ocrx_word' id='word_1_170' title='bbox 949 2240 1047 2311; x_wconf 82' lang='grc' dir='ltr'>τὴν</span> <span class='ocrx_word' id='word_1_171' title='bbox 1085 2238 1290 2310; x_wconf 81' lang='grc' dir='ltr'>ταύτης</span> <span class='ocrx_word' id='word_1_172' title='bbox 1340 2238 1669 2310; x_wconf 78' lang='grc' dir='ltr'>βραδυτῆτα.</span> <span class='ocrx_word' id='word_1_173' title='bbox 1705 2236 1862 2290; x_wconf 84' lang='grc' dir='ltr'>Οὐτω</span> <span class='ocrx_word' id='word_1_174' title='bbox 1890 2239 1998 2308; x_wconf 83' lang='grc' dir='ltr'>γὰρ</span> 
     </span>
    </p>
   </div>
   <div class='ocr_carea' id='block_1_23' title="bbox 415 2328 2000 2402">
    <p class='ocr_par' dir='ltr' id='par_1_23' title="bbox 415 2328 2000 2402">
     <span class='ocr_line' id='line_1_23' title="bbox 415 2328 2000 2402; baseline -0.001 -18"><span class='ocrx_word' id='word_1_175' title='bbox 415 2335 511 2384; x_wconf 72' lang='grc' dir='ltr'>καὶ</span> <span class='ocrx_word' id='word_1_176' title='bbox 545 2331 684 2401; x_wconf 80' lang='grc' dir='ltr'>αῦτη</span> <span class='ocrx_word' id='word_1_177' title='bbox 713 2331 1006 2402; x_wconf 80' lang='grc' dir='ltr'>δυνήσεται</span> <span class='ocrx_word' id='word_1_178' title='bbox 1033 2329 1203 2396; x_wconf 81' lang='grc' dir='ltr'>δεῖξαι</span> <span class='ocrx_word' id='word_1_179' title='bbox 1231 2331 1312 2383; x_wconf 83' lang='grc' dir='ltr'>ὅτι</span> <span class='ocrx_word' id='word_1_180' title='bbox 1349 2331 1408 2383; x_wconf 90' lang='grc' dir='ltr'>οὐ</span> <span class='ocrx_word' id='word_1_181' title='bbox 1440 2328 1510 2382; x_wconf 78' lang='grc' dir='ltr'>δι’</span> <span class='ocrx_word' id='word_1_182' title='bbox 1536 2330 1712 2393; x_wconf 73' lang='grc' dir='ltr'>ὄκνον,</span> <span class='ocrx_word' id='word_1_183' title='bbox 1745 2329 1883 2382; x_wconf 89' lang='grc' dir='ltr'>ἀλλά</span> <span class='ocrx_word' id='word_1_184' title='bbox 1911 2329 2000 2382; x_wconf 73' lang='grc' dir='ltr'>διὰ</span> 
     </span>
    </p>
   </div>
   <div class='ocr_carea' id='block_1_24' title="bbox 413 2420 2000 2493">
    <p class='ocr_par' dir='ltr' id='par_1_24' title="bbox 413 2420 2000 2493">
     <span class='ocr_line' id='line_1_24' title="bbox 413 2420 2000 2493; baseline -0.002 -17"><span class='ocrx_word' id='word_1_185' title='bbox 413 2424 532 2486; x_wconf 83' lang='grc' dir='ltr'>δέος</span> <span class='ocrx_word' id='word_1_186' title='bbox 558 2423 805 2493; x_wconf 90' lang='grc' dir='ltr'>μάταιον,</span> <span class='ocrx_word' id='word_1_187' title='bbox 841 2420 1024 2485; x_wconf 83' lang='grc' dir='ltr'>καθὼς</span> <span class='ocrx_word' id='word_1_188' title='bbox 1050 2422 1145 2475; x_wconf 73' lang='grc' dir='ltr'>καὶ</span> <span class='ocrx_word' id='word_1_189' title='bbox 1173 2421 1312 2490; x_wconf 79' lang='grc' dir='ltr'>αὐτὴ</span> <span class='ocrx_word' id='word_1_190' title='bbox 1345 2421 1481 2490; x_wconf 76' lang='grc' dir='ltr'>ἔφης</span> <span class='ocrx_word' id='word_1_191' title='bbox 1500 2460 1515 2483; x_wconf 90' lang='grc'>,</span> <span class='ocrx_word' id='word_1_192' title='bbox 1541 2420 1731 2491; x_wconf 90' lang='grc' dir='ltr'>χρονία</span> <span class='ocrx_word' id='word_1_193' title='bbox 1757 2421 2000 2489; x_wconf 83' lang='grc' dir='ltr'>παραγέ-</span> 
     </span>
    </p>
   </div>
   <div class='ocr_carea' id='block_1_25' title="bbox 415 2510 2001 2583">
    <p class='ocr_par' dir='ltr' id='par_1_25' title="bbox 415 2510 2001 2583">
     <span class='ocr_line' id='line_1_25' title="bbox 415 2510 2001 2583; baseline 0.002 -21"><span class='ocrx_word' id='word_1_194' title='bbox 415 2531 594 2582; x_wconf 72' lang='grc' dir='ltr'>γονεν,</span> <span class='ocrx_word' id='word_1_195' title='bbox 618 2515 666 2566; x_wconf 89' lang='grc' dir='ltr'>εί</span> <span class='ocrx_word' id='word_1_196' title='bbox 699 2515 754 2566; x_wconf 89' lang='grc' dir='ltr'>αί</span> <span class='ocrx_word' id='word_1_197' title='bbox 801 2513 985 2566; x_wconf 77' lang='grc' dir='ltr'>λοιπαὶ</span> <span class='ocrx_word' id='word_1_198' title='bbox 1019 2512 1157 2583; x_wconf 87' lang='grc' dir='ltr'>μετά</span> <span class='ocrx_word' id='word_1_199' title='bbox 1202 2511 1400 2582; x_wconf 82' lang='grc' dir='ltr'>τάχους</span> <span class='ocrx_word' id='word_1_200' title='bbox 1457 2511 1547 2564; x_wconf 78' lang='grc' dir='ltr'>καὶ</span> <span class='ocrx_word' id='word_1_201' title='bbox 1591 2510 1788 2580; x_wconf 81' lang='grc' dir='ltr'>πολλῆς</span> <span class='ocrx_word' id='word_1_202' title='bbox 1821 2527 2001 2580; x_wconf 69' lang='grc' dir='ltr'>παραυ</span> 
     </span>
    </p>
   </div>
   <div class='ocr_carea' id='block_1_26' title="bbox 415 2604 1300 2676">
    <p class='ocr_par' dir='ltr' id='par_1_26' title="bbox 415 2604 1300 2676">
     <span class='ocr_line' id='line_1_26' title="bbox 415 2604 1300 2676; baseline -0.002 -18"><span class='ocrx_word' id='word_1_203' title='bbox 415 2606 660 2674; x_wconf 83' lang='grc' dir='ltr'>γένοιντο</span> <span class='ocrx_word' id='word_1_204' title='bbox 696 2606 797 2674; x_wconf 81' lang='grc' dir='ltr'>τῆς</span> <span class='ocrx_word' id='word_1_205' title='bbox 831 2604 1117 2676; x_wconf 76' lang='grc' dir='ltr'>συνεχείας</span> <span class='ocrx_word' id='word_1_206' title='bbox 1148 2606 1300 2674; x_wconf 79' lang='grc' dir='ltr'>ἡμῖν.</span> 
     </span>
    </p>
   </div>
   <div class='ocr_carea' id='block_1_27' title="bbox 983 2693 1716 2760">
    <p class='ocr_par' dir='ltr' id='par_1_27' title="bbox 983 2693 1716 2760">
     <span class='ocr_line' id='line_1_27' title="bbox 983 2693 1716 2760; baseline -0.003 -13"><span class='ocrx_word' id='word_1_207' title='bbox 983 2694 1040 2747; x_wconf 84' lang='grc' dir='ltr'><em>Μ</em></span> <span class='ocrx_word' id='word_1_208' title='bbox 1043 2697 1125 2746; x_wconf 83' lang='lat' dir='ltr'>H’.</span> <span class='ocrx_word' id='word_1_209' title='bbox 1169 2693 1432 2759; x_wconf 77' lang='grc' dir='ltr'>Ἀραϐίῳ.</span> <span class='ocrx_word' id='word_1_210' title='bbox 1711 2756 1716 2760; x_wconf 31' lang='grc'>,</span> 
     </span>
    </p>
   </div>
   <div class='ocr_carea' id='block_1_28' title="bbox 490 2779 1998 2856">
    <p class='ocr_par' dir='ltr' id='par_1_28' title="bbox 490 2779 1998 2856">
     <span class='ocr_line' id='line_1_28' title="bbox 490 2779 1998 2856; baseline -0.003 -16"><span class='ocrx_word' id='word_1_211' title='bbox 490 2781 623 2840; x_wconf 78' lang='grc' dir='ltr'>Οἶδά</span> <span class='ocrx_word' id='word_1_212' title='bbox 652 2803 744 2838; x_wconf 88' lang='grc' dir='ltr'>σου</span> <span class='ocrx_word' id='word_1_213' title='bbox 773 2784 873 2855; x_wconf 80' lang='grc' dir='ltr'>τὴν</span> <span class='ocrx_word' id='word_1_214' title='bbox 899 2784 1138 2856; x_wconf 81' lang='grc' dir='ltr'>ἀγάπην,</span> <span class='ocrx_word' id='word_1_215' title='bbox 1181 2779 1297 2838; x_wconf 80' lang='grc' dir='ltr'>οἷδά</span> <span class='ocrx_word' id='word_1_216' title='bbox 1327 2802 1418 2836; x_wconf 89' lang='grc' dir='ltr'>σου</span> <span class='ocrx_word' id='word_1_217' title='bbox 1445 2782 1506 2836; x_wconf 82' lang='grc' dir='ltr'>τὸ</span> <span class='ocrx_word' id='word_1_218' title='bbox 1532 2783 1752 2853; x_wconf 79' lang='grc' dir='ltr'>φίλτρον</span> <span class='ocrx_word' id='word_1_219' title='bbox 1780 2784 1840 2836; x_wconf 80' lang='grc' dir='ltr'>τὸ</span> <span class='ocrx_word' id='word_1_220' title='bbox 1874 2783 1998 2854; x_wconf 85' lang='grc' dir='ltr'>θερ-</span> 
     </span>
    </p>
   </div>
   <div class='ocr_carea' id='block_1_29' title="bbox 420 2875 2002 2948">
    <p class='ocr_par' dir='ltr' id='par_1_29' title="bbox 420 2875 2002 2948">
     <span class='ocr_line' id='line_1_29' title="bbox 420 2875 2002 2948; baseline -0.002 -20"><span class='ocrx_word' id='word_1_221' title='bbox 420 2877 541 2948; x_wconf 80' lang='grc' dir='ltr'>μὸν,</span> <span class='ocrx_word' id='word_1_222' title='bbox 570 2878 628 2930; x_wconf 78' lang='grc' dir='ltr'>τὸ</span> <span class='ocrx_word' id='word_1_223' title='bbox 668 2878 889 2947; x_wconf 82' lang='grc' dir='ltr'>γνήσιον</span> <span class='ocrx_word' id='word_1_224' title='bbox 912 2916 928 2944; x_wconf 88' lang='grc'>,</span> <span class='ocrx_word' id='word_1_225' title='bbox 956 2877 1018 2930; x_wconf 84' lang='grc' dir='ltr'>τὸ</span> <span class='ocrx_word' id='word_1_226' title='bbox 1047 2875 1337 2947; x_wconf 76' lang='grc' dir='ltr'>εἱλικρινὲς</span> <span class='ocrx_word' id='word_1_227' title='bbox 1365 2917 1380 2939; x_wconf 90' lang='grc'>,</span> <span class='ocrx_word' id='word_1_228' title='bbox 1432 2876 1494 2928; x_wconf 83' lang='grc' dir='ltr'>τὸ</span> <span class='ocrx_word' id='word_1_229' title='bbox 1523 2876 1743 2946; x_wconf 81' lang='grc' dir='ltr'>διαρκὲς</span> <span class='ocrx_word' id='word_1_230' title='bbox 1762 2917 1776 2940; x_wconf 92' lang='grc'>,</span> <span class='ocrx_word' id='word_1_231' title='bbox 1805 2877 1900 2928; x_wconf 74' lang='grc' dir='ltr'>καὶ</span> <span class='ocrx_word' id='word_1_232' title='bbox 1927 2876 2002 2938; x_wconf 81' lang='grc' dir='ltr'>ὡς</span> 
     </span>
    </p>
   </div>
   <div class='ocr_carea' id='block_1_30' title="bbox 416 2966 1999 3042">
    <p class='ocr_par' dir='ltr' id='par_1_30' title="bbox 416 2966 1999 3042">
     <span class='ocr_line' id='line_1_30' title="bbox 416 2966 1999 3042; baseline -0.004 -18"><span class='ocrx_word' id='word_1_233' title='bbox 416 2970 542 3024; x_wconf 78' lang='grc' dir='ltr'>οὐτε</span> <span class='ocrx_word' id='word_1_234' title='bbox 576 2969 829 3023; x_wconf 74' lang='grc' dir='ltr'>δυσκολία</span> <span class='ocrx_word' id='word_1_235' title='bbox 875 2969 1223 3040; x_wconf 84' lang='grc' dir='ltr'>πραγμάτων</span> <span class='ocrx_word' id='word_1_236' title='bbox 1248 3008 1262 3031; x_wconf 91' lang='grc'>,</span> <span class='ocrx_word' id='word_1_237' title='bbox 1293 2966 1416 3020; x_wconf 76' lang='grc' dir='ltr'>οὔτε</span> <span class='ocrx_word' id='word_1_238' title='bbox 1465 2967 1619 3036; x_wconf 73' lang='grc' dir='ltr'>ὄχλος</span> <span class='ocrx_word' id='word_1_239' title='bbox 1686 2969 1999 3042; x_wconf 78' lang='grc' dir='ltr'>φροντίδων,</span> 
     </span>
    </p>
   </div>
   <div class='ocr_carea' id='block_1_31' title="bbox 417 3057 2000 3130">
    <p class='ocr_par' dir='ltr' id='par_1_31' title="bbox 417 3057 2000 3130">
     <span class='ocr_line' id='line_1_31' title="bbox 417 3057 2000 3130; baseline -0.003 -15"><span class='ocrx_word' id='word_1_240' title='bbox 417 3062 543 3116; x_wconf 79' lang='grc' dir='ltr'>οὐτε</span> <span class='ocrx_word' id='word_1_241' title='bbox 581 3062 954 3129; x_wconf 84' lang='grc' dir='ltr'>περιστάσεων</span> <span class='ocrx_word' id='word_1_242' title='bbox 983 3060 1184 3130; x_wconf 82' lang='grc' dir='ltr'>πλῆθος</span> <span class='ocrx_word' id='word_1_243' title='bbox 1205 3099 1219 3122; x_wconf 96' lang='grc'>,</span> <span class='ocrx_word' id='word_1_244' title='bbox 1254 3059 1375 3113; x_wconf 81' lang='grc' dir='ltr'>οὐτε</span> <span class='ocrx_word' id='word_1_245' title='bbox 1397 3059 1592 3129; x_wconf 90' lang='grc' dir='ltr'>χρόνου</span> <span class='ocrx_word' id='word_1_246' title='bbox 1633 3059 1806 3128; x_wconf 77' lang='grc' dir='ltr'>μῆκος</span> <span class='ocrx_word' id='word_1_247' title='bbox 1830 3097 1846 3122; x_wconf 98' lang='grc'>,</span> <span class='ocrx_word' id='word_1_248' title='bbox 1877 3057 2000 3111; x_wconf 80' lang='grc' dir='ltr'>οὐτε</span> 
     </span>
    </p>
   </div>
   <div class='ocr_carea' id='block_1_32' title="bbox 419 3149 1999 3222">
    <p class='ocr_par' dir='ltr' id='par_1_32' title="bbox 419 3149 1999 3222">
     <span class='ocr_line' id='line_1_32' title="bbox 419 3149 1999 3222; baseline -0.001 -17"><span class='ocrx_word' id='word_1_249' title='bbox 419 3153 540 3206; x_wconf 79' lang='grc' dir='ltr'>όδοῦ</span> <span class='ocrx_word' id='word_1_250' title='bbox 571 3152 846 3222; x_wconf 87' lang='grc' dir='ltr'>διάστημα</span> <span class='ocrx_word' id='word_1_251' title='bbox 872 3151 1093 3204; x_wconf 90' lang='grc' dir='ltr'>δύναται</span> <span class='ocrx_word' id='word_1_252' title='bbox 1114 3150 1319 3219; x_wconf 88' lang='grc' dir='ltr'>ταύτην</span> <span class='ocrx_word' id='word_1_253' title='bbox 1346 3149 1733 3220; x_wconf 83' lang='grc' dir='ltr'>ἀμαυροτέραν</span> <span class='ocrx_word' id='word_1_254' title='bbox 1756 3149 1999 3218; x_wconf 84' lang='grc' dir='ltr'>ποιῆσαι.</span> 
     </span>
    </p>
   </div>
   <div class='ocr_carea' id='block_1_33' title="bbox 421 3239 2004 3312">
    <p class='ocr_par' dir='ltr' id='par_1_33' title="bbox 421 3239 2004 3312">
     <span class='ocr_line' id='line_1_33' title="bbox 421 3239 2004 3312; baseline -0.003 -17"><span class='ocrx_word' id='word_1_255' title='bbox 421 3243 523 3296; x_wconf 78' lang='grc' dir='ltr'>Διά</span> <span class='ocrx_word' id='word_1_256' title='bbox 568 3242 727 3294; x_wconf 88' lang='grc' dir='ltr'>τοῦτο</span> <span class='ocrx_word' id='word_1_257' title='bbox 771 3242 866 3294; x_wconf 71' lang='grc' dir='ltr'>καὶ</span> <span class='ocrx_word' id='word_1_258' title='bbox 904 3241 1110 3312; x_wconf 82' lang='grc' dir='ltr'>σφόδρα</span> <span class='ocrx_word' id='word_1_259' title='bbox 1159 3240 1410 3311; x_wconf 76' lang='grc' dir='ltr'>ἐπιθυμῶ</span> <span class='ocrx_word' id='word_1_260' title='bbox 1465 3239 1702 3308; x_wconf 85' lang='grc' dir='ltr'>συνεχῶς</span> <span class='ocrx_word' id='word_1_261' title='bbox 1753 3239 2004 3308; x_wconf 88' lang='grc' dir='ltr'>δέχεσθαι</span> 
     </span>
    </p>
   </div>
   <div class='ocr_carea' id='block_1_34' title="bbox 421 3329 2004 3406">
    <p class='ocr_par' dir='ltr' id='par_1_34' title="bbox 421 3329 2004 3406">
     <span class='ocr_line' id='line_1_34' title="bbox 421 3329 2004 3406; baseline -0.005 -17"><span class='ocrx_word' id='word_1_262' title='bbox 421 3335 724 3406; x_wconf 86' lang='grc' dir='ltr'>γράμματα</span> <span class='ocrx_word' id='word_1_263' title='bbox 747 3331 898 3403; x_wconf 83' lang='grc' dir='ltr'>παρά</span> <span class='ocrx_word' id='word_1_264' title='bbox 925 3333 1022 3402; x_wconf 83' lang='grc' dir='ltr'>τῆς</span> <span class='ocrx_word' id='word_1_265' title='bbox 1051 3330 1331 3398; x_wconf 77' lang='grc' dir='ltr'>εὐγενείας</span> <span class='ocrx_word' id='word_1_266' title='bbox 1362 3331 1459 3401; x_wconf 83' lang='grc' dir='ltr'>τῆς</span> <span class='ocrx_word' id='word_1_267' title='bbox 1493 3331 1592 3400; x_wconf 78' lang='grc' dir='ltr'>σῆς</span> <span class='ocrx_word' id='word_1_268' title='bbox 1612 3369 1627 3393; x_wconf 96' lang='grc'>,</span> <span class='ocrx_word' id='word_1_269' title='bbox 1657 3329 2004 3398; x_wconf 75' lang='grc' dir='ltr'>εὐαγγελιζό-</span> 
     </span>
    </p>
   </div>
   <div class='ocr_carea' id='block_1_35' title="bbox 424 3417 2002 3494">
    <p class='ocr_par' dir='ltr' id='par_1_35' title="bbox 424 3417 2002 3494">
     <span class='ocr_line' id='line_1_35' title="bbox 424 3417 2002 3494; baseline -0.004 -17"><span class='ocrx_word' id='word_1_270' title='bbox 424 3441 564 3494; x_wconf 89' lang='grc' dir='ltr'>μενα</span> <span class='ocrx_word' id='word_1_271' title='bbox 600 3425 746 3494; x_wconf 76' lang='grc' dir='ltr'>ἡμᾶς</span> <span class='ocrx_word' id='word_1_272' title='bbox 775 3423 902 3493; x_wconf 77' lang='grc' dir='ltr'>περὶ</span> <span class='ocrx_word' id='word_1_273' title='bbox 931 3421 1031 3493; x_wconf 81' lang='grc' dir='ltr'>τῆς</span> <span class='ocrx_word' id='word_1_274' title='bbox 1059 3421 1271 3490; x_wconf 82' lang='grc' dir='ltr'>ὑγιείας</span> <span class='ocrx_word' id='word_1_275' title='bbox 1304 3420 1404 3489; x_wconf 71' lang='grc' dir='ltr'>τῆς</span> <span class='ocrx_word' id='word_1_276' title='bbox 1442 3419 1561 3488; x_wconf 83' lang='grc' dir='ltr'>σῆς.</span> <span class='ocrx_word' id='word_1_277' title='bbox 1597 3417 1714 3472; x_wconf 83' lang='grc' dir='ltr'>Κᾶν</span> <span class='ocrx_word' id='word_1_278' title='bbox 1755 3419 2002 3486; x_wconf 87' lang='grc' dir='ltr'>ἐγκαλῶ-</span> 
     </span>
    </p>
   </div>
   <div class='ocr_carea' id='block_1_36' title="bbox 426 3509 2003 3586">
    <p class='ocr_par' dir='ltr' id='par_1_36' title="bbox 426 3509 2003 3586">
     <span class='ocr_line' id='line_1_36' title="bbox 426 3509 2003 3586; baseline -0.004 -18"><span class='ocrx_word' id='word_1_279' title='bbox 426 3533 548 3586; x_wconf 88' lang='grc' dir='ltr'>μεν,</span> <span class='ocrx_word' id='word_1_280' title='bbox 576 3516 676 3584; x_wconf 91' lang='grc' dir='ltr'>οὐχ</span> <span class='ocrx_word' id='word_1_281' title='bbox 706 3514 782 3578; x_wconf 82' lang='grc' dir='ltr'>ὡς</span> <span class='ocrx_word' id='word_1_282' title='bbox 808 3512 1140 3585; x_wconf 64' lang='grc' dir='ltr'>ρᾳθυμοῦντι</span> <span class='ocrx_word' id='word_1_283' title='bbox 1175 3511 1536 3580; x_wconf 76' lang='grc' dir='ltr'>ἐγκαλοῦμεν,</span> <span class='ocrx_word' id='word_1_284' title='bbox 1567 3510 1682 3563; x_wconf 85' lang='grc' dir='ltr'>ἀλλ’</span> <span class='ocrx_word' id='word_1_285' title='bbox 1708 3509 1781 3574; x_wconf 85' lang='grc' dir='ltr'>ὡς</span> <span class='ocrx_word' id='word_1_286' title='bbox 1823 3509 2003 3562; x_wconf 87' lang='grc' dir='ltr'>πλειό-</span> 
     </span>
    </p>
   </div>
   <div class='ocr_carea' id='block_1_37' title="bbox 424 3594 2004 3677">
    <p class='ocr_par' dir='ltr' id='par_1_37' title="bbox 424 3594 2004 3677">
     <span class='ocr_line' id='line_1_37' title="bbox 424 3594 2004 3677; baseline -0.003 -19"><span class='ocrx_word' id='word_1_287' title='bbox 424 3624 531 3658; x_wconf 90' lang='grc' dir='ltr'>νων</span> <span class='ocrx_word' id='word_1_288' title='bbox 577 3605 811 3677; x_wconf 81' lang='grc' dir='ltr'>ἐρῶντες</span> <span class='ocrx_word' id='word_1_289' title='bbox 855 3602 1157 3657; x_wconf 81' lang='grc' dir='ltr'>ἐπιστολῶν</span> <span class='ocrx_word' id='word_1_290' title='bbox 1184 3601 1456 3655; x_wconf 78' lang='grc' dir='ltr'>τοιούτων.</span> <span class='ocrx_word' id='word_1_291' title='bbox 1495 3600 1660 3654; x_wconf 77' lang='grc' dir='ltr'>Ταῦτ’</span> <span class='ocrx_word' id='word_1_292' title='bbox 1692 3594 1786 3655; x_wconf 85' lang='grc' dir='ltr'>οῦν</span> <span class='ocrx_word' id='word_1_293' title='bbox 1823 3600 2004 3666; x_wconf 86' lang='grc' dir='ltr'>εἰδὼς,</span> 
     </span>
    </p>
   </div>
   <div class='ocr_carea' id='block_1_38' title="bbox 423 3676 2006 3765">
    <p class='ocr_par' dir='ltr' id='par_1_38' title="bbox 423 3676 2006 3765">
     <span class='ocr_line' id='line_1_38' title="bbox 423 3676 2006 3765; baseline -0.003 -16"><span class='ocrx_word' id='word_1_294' title='bbox 423 3695 662 3749; x_wconf 79' lang='grc' dir='ltr'>δέσποτά</span> <span class='ocrx_word' id='word_1_295' title='bbox 695 3711 796 3765; x_wconf 88' lang='grc' dir='ltr'>μου</span> <span class='ocrx_word' id='word_1_296' title='bbox 838 3694 1135 3764; x_wconf 81' lang='grc' dir='ltr'>τιμιώτατε</span> <span class='ocrx_word' id='word_1_297' title='bbox 1161 3693 1256 3745; x_wconf 73' lang='grc' dir='ltr'>καὶ</span> <span class='ocrx_word' id='word_1_298' title='bbox 1275 3693 1630 3761; x_wconf 87' lang='grc' dir='ltr'>εὐγενέστατε</span> <span class='ocrx_word' id='word_1_299' title='bbox 1656 3734 1671 3758; x_wconf 89' lang='grc'>,</span> <span class='ocrx_word' id='word_1_300' title='bbox 1701 3676 1844 3745; x_wconf 86' lang='grc' dir='ltr'>δίδου</span> <span class='ocrx_word' id='word_1_301' title='bbox 1875 3690 2006 3745; x_wconf 77' lang='grc' dir='ltr'>ταύ⁸</span> 
     </span>
    </p>
   </div>
   <div class='ocr_carea' id='block_1_39' title="bbox 427 3780 2004 3857">
    <p class='ocr_par' dir='ltr' id='par_1_39' title="bbox 427 3780 2004 3857">
     <span class='ocr_line' id='line_1_39' title="bbox 427 3780 2004 3857; baseline -0.004 -17"><span class='ocrx_word' id='word_1_302' title='bbox 427 3804 529 3856; x_wconf 73' lang='grc' dir='ltr'>την</span> <span class='ocrx_word' id='word_1_303' title='bbox 555 3789 688 3857; x_wconf 76' lang='grc' dir='ltr'>ἡμῖν</span> <span class='ocrx_word' id='word_1_304' title='bbox 720 3785 820 3855; x_wconf 86' lang='grc' dir='ltr'>τὴν</span> <span class='ocrx_word' id='word_1_305' title='bbox 864 3785 1024 3856; x_wconf 87' lang='grc' dir='ltr'>χάριν</span> <span class='ocrx_word' id='word_1_306' title='bbox 1052 3824 1068 3848; x_wconf 95' lang='grc'>,</span> <span class='ocrx_word' id='word_1_307' title='bbox 1118 3785 1328 3854; x_wconf 85' lang='grc' dir='ltr'>κούφην</span> <span class='ocrx_word' id='word_1_308' title='bbox 1355 3801 1413 3836; x_wconf 87' lang='grc' dir='ltr'>τε</span> <span class='ocrx_word' id='word_1_309' title='bbox 1441 3780 1608 3837; x_wconf 77' lang='grc' dir='ltr'>οὖσαν</span> <span class='ocrx_word' id='word_1_310' title='bbox 1640 3783 1733 3836; x_wconf 74' lang='grc' dir='ltr'>καὶ</span> <span class='ocrx_word' id='word_1_311' title='bbox 1761 3782 2004 3846; x_wconf 83' lang='grc' dir='ltr'>εὐκολον,</span> 
     </span>
    </p>
   </div>
   <div class='ocr_carea' id='block_1_40' title="bbox 426 3872 2004 3947">
    <p class='ocr_par' dir='ltr' id='par_1_40' title="bbox 426 3872 2004 3947">
     <span class='ocr_line' id='line_1_40' title="bbox 426 3872 2004 3947; baseline -0.006 -14"><span class='ocrx_word' id='word_1_312' title='bbox 426 3880 522 3933; x_wconf 86' lang='grc' dir='ltr'>καί</span> <span class='ocrx_word' id='word_1_313' title='bbox 554 3877 752 3947; x_wconf 81' lang='grc' dir='ltr'>πολλὴν</span> <span class='ocrx_word' id='word_1_314' title='bbox 783 3879 915 3946; x_wconf 83' lang='grc' dir='ltr'>ἡμῖν</span> <span class='ocrx_word' id='word_1_315' title='bbox 964 3876 1058 3929; x_wconf 76' lang='grc' dir='ltr'>καὶ</span> <span class='ocrx_word' id='word_1_316' title='bbox 1099 3877 1160 3930; x_wconf 83' lang='grc' dir='ltr'>ἐν</span> <span class='ocrx_word' id='word_1_317' title='bbox 1213 3874 1422 3946; x_wconf 72' lang='grc' dir='ltr'>ἐρημίᾳ</span> <span class='ocrx_word' id='word_1_318' title='bbox 1479 3872 1810 3943; x_wconf 77' lang='grc' dir='ltr'>καθημένοις</span> <span class='ocrx_word' id='word_1_319' title='bbox 1862 3889 2004 3942; x_wconf 83' lang='grc' dir='ltr'>παρ-</span> 
     </span>
    </p>
   </div>
   <div class='ocr_carea' id='block_1_41' title="bbox 428 3966 1162 4040">
    <p class='ocr_par' dir='ltr' id='par_1_41' title="bbox 428 3966 1162 4040">
     <span class='ocr_line' id='line_1_41' title="bbox 428 3966 1162 4040; baseline -0.01 -14"><span class='ocrx_word' id='word_1_320' title='bbox 428 3970 659 4039; x_wconf 84' lang='grc' dir='ltr'>έχουσαν</span> <span class='ocrx_word' id='word_1_321' title='bbox 680 3968 777 4040; x_wconf 79' lang='grc' dir='ltr'>τὴν</span> <span class='ocrx_word' id='word_1_322' title='bbox 799 3966 1162 4038; x_wconf 84' lang='grc' dir='ltr'>εὐφροσύνην.</span> 
     </span>
    </p>
   </div>
   <div class='ocr_carea' id='block_1_42' title="bbox 1005 4053 1420 4124">
    <p class='ocr_par' dir='ltr' id='par_1_42' title="bbox 1005 4053 1420 4124">
     <span class='ocr_line' id='line_1_42' title="bbox 1005 4053 1420 4124; baseline -0.017 -10"><span class='ocrx_word' id='word_1_323' title='bbox 1005 4060 1145 4114; x_wconf 67' lang='grc' dir='ltr'>ΜΘθ.</span> <span class='ocrx_word' id='word_1_324' title='bbox 1188 4053 1420 4124; x_wconf 72' lang='grc' dir='ltr'>Ἁλφίῳ.</span> 
     </span>
    </p>
   </div>
   <div class='ocr_carea' id='block_1_43' title="bbox 515 4145 2000 4224">
    <p class='ocr_par' dir='ltr' id='par_1_43' title="bbox 515 4145 2000 4224">
     <span class='ocr_line' id='line_1_43' title="bbox 515 4145 2000 4224; baseline -0.005 -20"><span class='ocrx_word' id='word_1_325' title='bbox 515 4149 655 4220; x_wconf 82' lang='grc' dir='ltr'>Ἐγὼ</span> <span class='ocrx_word' id='word_1_326' title='bbox 687 4149 785 4222; x_wconf 73' lang='grc' dir='ltr'>μὲν</span> <span class='ocrx_word' id='word_1_327' title='bbox 813 4149 1118 4224; x_wconf 87' lang='grc' dir='ltr'>ἐϐουλόμην</span> <span class='ocrx_word' id='word_1_328' title='bbox 1150 4147 1533 4218; x_wconf 82' lang='grc' dir='ltr'>συνεχέστερον</span> <span class='ocrx_word' id='word_1_329' title='bbox 1565 4145 1902 4200; x_wconf 80' lang='grc' dir='ltr'>ἐπιστέλλειν</span> <span class='ocrx_word' id='word_1_330' title='bbox 1928 4182 1944 4208; x_wconf 88' lang='grc'>,</span> <span class='ocrx_word' id='word_1_331' title='bbox 1963 4149 2000 4218; x_wconf 76' lang='grc' dir='ltr'><strong>ἠ</strong></span> 
     </span>
    </p>
   </div>
   <div class='ocr_carea' id='block_1_44' title="bbox 429 4238 2006 4314">
    <p class='ocr_par' dir='ltr' id='par_1_44' title="bbox 429 4238 2006 4314">
     <span class='ocr_line' id='line_1_44' title="bbox 429 4238 2006 4314; baseline -0.004 -18"><span class='ocrx_word' id='word_1_332' title='bbox 429 4242 488 4296; x_wconf 83' lang='grc' dir='ltr'>δέ</span> <span class='ocrx_word' id='word_1_333' title='bbox 520 4242 627 4296; x_wconf 90' lang='grc' dir='ltr'>τῶν</span> <span class='ocrx_word' id='word_1_334' title='bbox 646 4241 1136 4314; x_wconf 74' lang='grc' dir='ltr'>γραμματηφόρων</span> <span class='ocrx_word' id='word_1_335' title='bbox 1162 4240 1358 4302; x_wconf 83' lang='grc' dir='ltr'>σπάνις</span> <span class='ocrx_word' id='word_1_336' title='bbox 1380 4238 1483 4292; x_wconf 86' lang='grc' dir='ltr'>οὐκ</span> <span class='ocrx_word' id='word_1_337' title='bbox 1514 4238 1706 4309; x_wconf 89' lang='grc' dir='ltr'>ἀφίησι</span> <span class='ocrx_word' id='word_1_338' title='bbox 1750 4239 1850 4308; x_wconf 83' lang='grc' dir='ltr'>τὴν</span> <span class='ocrx_word' id='word_1_339' title='bbox 1882 4239 2006 4290; x_wconf 80' lang='grc' dir='ltr'>ἐπι-</span> 
     </span>
    </p>
   </div>
   <div class='ocr_carea' id='block_1_45' title="bbox 431 4328 2007 4404">
    <p class='ocr_par' dir='ltr' id='par_1_45' title="bbox 431 4328 2007 4404">
     <span class='ocr_line' id='line_1_45' title="bbox 431 4328 2007 4404; baseline -0.004 -18"><span class='ocrx_word' id='word_1_340' title='bbox 431 4335 496 4386; x_wconf 77' lang='lat' dir='ltr'><strong>Ou</strong></span> <span class='ocrx_word' id='word_1_341' title='bbox 504 4335 632 4404; x_wconf 89' lang='grc' dir='ltr'>μίαν</span> <span class='ocrx_word' id='word_1_342' title='bbox 651 4333 856 4403; x_wconf 88' lang='grc' dir='ltr'>ταύτην</span> <span class='ocrx_word' id='word_1_343' title='bbox 871 4334 950 4395; x_wconf 82' lang='grc' dir='ltr'>είς</span> <span class='ocrx_word' id='word_1_344' title='bbox 973 4331 1133 4403; x_wconf 70' lang='grc' dir='ltr'>ἔργον</span> <span class='ocrx_word' id='word_1_345' title='bbox 1149 4330 1325 4384; x_wconf 82' lang='grc' dir='ltr'>ἐλθεῖν</span> <span class='ocrx_word' id='word_1_346' title='bbox 1345 4347 1359 4361; x_wconf 79' lang='grc' dir='ltr'><strong><em>ο</em></strong></span> <span class='ocrx_word' id='word_1_347' title='bbox 1391 4331 1483 4384; x_wconf 79' lang='grc' dir='ltr'>καὶ</span> <span class='ocrx_word' id='word_1_348' title='bbox 1507 4330 1616 4400; x_wconf 81' lang='grc' dir='ltr'>γὰρ</span> <span class='ocrx_word' id='word_1_349' title='bbox 1636 4331 1669 4398; x_wconf 76' lang='grc' dir='ltr'><strong>ἡ</strong></span> <span class='ocrx_word' id='word_1_350' title='bbox 1688 4329 1782 4383; x_wconf 86' lang='grc' dir='ltr'>τοῦ</span> <span class='ocrx_word' id='word_1_351' title='bbox 1809 4328 2007 4400; x_wconf 87' lang='grc' dir='ltr'>χωρίου</span> 
     </span>
    </p>
   </div>
   <div class='ocr_carea' id='block_1_46' title="bbox 430 4418 2007 4496">
    <p class='ocr_par' dir='ltr' id='par_1_46' title="bbox 430 4418 2007 4496">
     <span class='ocr_line' id='line_1_46' title="bbox 430 4418 2007 4496; baseline -0.003 -20"><span class='ocrx_word' id='word_1_352' title='bbox 430 4425 618 4477; x_wconf 86' lang='grc' dir='ltr'>τούτου</span> <span class='ocrx_word' id='word_1_353' title='bbox 642 4423 868 4496; x_wconf 85' lang='grc' dir='ltr'>ἐρημία,</span> <span class='ocrx_word' id='word_1_354' title='bbox 898 4423 994 4476; x_wconf 73' lang='grc' dir='ltr'>καὶ</span> <span class='ocrx_word' id='word_1_355' title='bbox 1025 4424 1054 4475; x_wconf 87' lang='grc' dir='ltr'>ό</span> <span class='ocrx_word' id='word_1_356' title='bbox 1074 4422 1184 4475; x_wconf 89' lang='grc' dir='ltr'>τῶν</span> <span class='ocrx_word' id='word_1_357' title='bbox 1215 4420 1476 4493; x_wconf 84' lang='grc' dir='ltr'>ἰσαύρων</span> <span class='ocrx_word' id='word_1_358' title='bbox 1508 4421 1705 4490; x_wconf 80' lang='grc' dir='ltr'>φόϐος,</span> <span class='ocrx_word' id='word_1_359' title='bbox 1737 4421 1832 4474; x_wconf 77' lang='grc' dir='ltr'>καὶ</span> <span class='ocrx_word' id='word_1_360' title='bbox 1855 4421 1888 4491; x_wconf 79' lang='grc' dir='ltr'>ὴ</span> <span class='ocrx_word' id='word_1_361' title='bbox 1913 4418 2007 4473; x_wconf 88' lang='grc' dir='ltr'>τοῦ</span> 
     </span>
    </p>
   </div>
   <div class='ocr_carea' id='block_1_47' title="bbox 433 4507 2010 4583">
    <p class='ocr_par' dir='ltr' id='par_1_47' title="bbox 433 4507 2010 4583">
     <span class='ocr_line' id='line_1_47' title="bbox 433 4507 2010 4583; baseline -0.004 -17"><span class='ocrx_word' id='word_1_362' title='bbox 433 4512 697 4583; x_wconf 84' lang='grc' dir='ltr'>χειμῶνος</span> <span class='ocrx_word' id='word_1_363' title='bbox 728 4511 1029 4582; x_wconf 80' lang='grc' dir='ltr'>σφοδρότης</span> <span class='ocrx_word' id='word_1_364' title='bbox 1083 4510 1182 4562; x_wconf 87' lang='grc' dir='ltr'>οὐκ</span> <span class='ocrx_word' id='word_1_365' title='bbox 1236 4509 1520 4580; x_wconf 82' lang='grc' dir='ltr'>ἐπιτρέπει</span> <span class='ocrx_word' id='word_1_366' title='bbox 1571 4507 1812 4578; x_wconf 87' lang='grc' dir='ltr'>συνεχῶς</span> <span class='ocrx_word' id='word_1_367' title='bbox 1858 4525 2010 4572; x_wconf 92' lang='grc' dir='ltr'>τινας</span> 
     </span>
    </p>
   </div>
   <div class='ocr_carea' id='block_1_48' title="bbox 433 4599 2011 4673">
    <p class='ocr_par' dir='ltr' id='par_1_48' title="bbox 433 4599 2011 4673">
     <span class='ocr_line' id='line_1_48' title="bbox 433 4599 2011 4673; baseline -0.003 -17"><span class='ocrx_word' id='word_1_368' title='bbox 433 4605 566 4672; x_wconf 79' lang='grc' dir='ltr'>ἡμῖν</span> <span class='ocrx_word' id='word_1_369' title='bbox 596 4602 1000 4673; x_wconf 76' lang='grc' dir='ltr'>ἐπιχωριάζειν.</span> <span class='ocrx_word' id='word_1_370' title='bbox 1038 4601 1179 4654; x_wconf 83' lang='grc' dir='ltr'>Ἀλλ’</span> <span class='ocrx_word' id='word_1_371' title='bbox 1204 4600 1354 4671; x_wconf 69' lang='grc' dir='ltr'>ὅμως</span> <span class='ocrx_word' id='word_1_372' title='bbox 1379 4641 1395 4665; x_wconf 92' lang='grc'>,</span> <span class='ocrx_word' id='word_1_373' title='bbox 1445 4600 1540 4654; x_wconf 80' lang='grc' dir='ltr'>καὶ</span> <span class='ocrx_word' id='word_1_374' title='bbox 1579 4599 1883 4671; x_wconf 80' lang='grc' dir='ltr'>γράφοντες</span> <span class='ocrx_word' id='word_1_375' title='bbox 1915 4601 2011 4654; x_wconf 80' lang='grc' dir='ltr'>καὶ</span> 
     </span>
    </p>
   </div>
   <div class='ocr_carea' id='block_1_49' title="bbox 433 4689 2010 4762">
    <p class='ocr_par' dir='ltr' id='par_1_49' title="bbox 433 4689 2010 4762">
     <span class='ocr_line' id='line_1_49' title="bbox 433 4689 2010 4762; baseline -0.001 -16"><span class='ocrx_word' id='word_1_376' title='bbox 433 4692 727 4760; x_wconf 86' lang='grc' dir='ltr'>σιγῶντες,</span> <span class='ocrx_word' id='word_1_377' title='bbox 783 4691 880 4762; x_wconf 85' lang='grc' dir='ltr'>τὴν</span> <span class='ocrx_word' id='word_1_378' title='bbox 928 4690 1099 4760; x_wconf 81' lang='grc' dir='ltr'>αὐτὴν</span> <span class='ocrx_word' id='word_1_379' title='bbox 1153 4689 1242 4744; x_wconf 70' lang='grc' dir='ltr'>ἀεὶ</span> <span class='ocrx_word' id='word_1_380' title='bbox 1299 4691 1425 4759; x_wconf 77' lang='grc' dir='ltr'>περὶ</span> <span class='ocrx_word' id='word_1_381' title='bbox 1461 4689 1520 4742; x_wconf 82' lang='grc' dir='ltr'>σὲ</span> <span class='ocrx_word' id='word_1_382' title='bbox 1568 4689 1807 4744; x_wconf 83' lang='grc' dir='ltr'>διάθεσιν</span> <span class='ocrx_word' id='word_1_383' title='bbox 1857 4689 2010 4762; x_wconf 70' lang='grc'>[620]</span> 
     </span>
    </p>
   </div>
   <div class='ocr_carea' id='block_1_50' title="bbox 431 4779 2011 4855">
    <p class='ocr_par' dir='ltr' id='par_1_50' title="bbox 431 4779 2011 4855">
     <span class='ocr_line' id='line_1_50' title="bbox 431 4779 2011 4855; baseline -0.001 -20"><span class='ocrx_word' id='word_1_384' title='bbox 431 4783 707 4855; x_wconf 73' lang='grc' dir='ltr'>τηροῦμεν</span> <span class='ocrx_word' id='word_1_385' title='bbox 727 4783 778 4846; x_wconf 73' lang='grc' dir='ltr'>ιι,</span> <span class='ocrx_word' id='word_1_386' title='bbox 798 4781 894 4853; x_wconf 82' lang='grc' dir='ltr'>τὴν</span> <span class='ocrx_word' id='word_1_387' title='bbox 921 4780 1231 4852; x_wconf 86' lang='grc' dir='ltr'>προθυμίαν</span> <span class='ocrx_word' id='word_1_388' title='bbox 1253 4796 1345 4832; x_wconf 89' lang='grc' dir='ltr'>σου</span> <span class='ocrx_word' id='word_1_389' title='bbox 1368 4780 1462 4832; x_wconf 78' lang='grc' dir='ltr'>καὶ</span> <span class='ocrx_word' id='word_1_390' title='bbox 1484 4779 1582 4850; x_wconf 85' lang='grc' dir='ltr'>τὴν</span> <span class='ocrx_word' id='word_1_391' title='bbox 1613 4780 1849 4850; x_wconf 71' lang='grc' dir='ltr'>σπουδὴν</span> <span class='ocrx_word' id='word_1_392' title='bbox 1873 4798 2011 4850; x_wconf 78' lang='grc' dir='ltr'>μαν-</span> 
     </span>
    </p>
   </div>
   <div class='ocr_carea' id='block_1_51' title="bbox 435 4869 2011 4943">
    <p class='ocr_par' dir='ltr' id='par_1_51' title="bbox 435 4869 2011 4943">
     <span class='ocr_line' id='line_1_51' title="bbox 435 4869 2011 4943; baseline 0.005 -17"><span class='ocrx_word' id='word_1_393' title='bbox 435 4876 709 4936; x_wconf 84' lang='grc' dir='ltr'>θάνοντες,</span> <span class='ocrx_word' id='word_1_394' title='bbox 733 4873 798 4943; x_wconf 69' lang='grc' dir='ltr'>ἢν</span> <span class='ocrx_word' id='word_1_395' title='bbox 825 4873 966 4942; x_wconf 84' lang='grc' dir='ltr'>ὑπὲρ</span> <span class='ocrx_word' id='word_1_396' title='bbox 987 4873 1086 4942; x_wconf 79' lang='grc' dir='ltr'>τῆς</span> <span class='ocrx_word' id='word_1_397' title='bbox 1112 4871 1382 4940; x_wconf 85' lang='grc' dir='ltr'>ὠφελείας</span> <span class='ocrx_word' id='word_1_398' title='bbox 1411 4870 1509 4941; x_wconf 75' lang='grc' dir='ltr'>τῆς</span> <span class='ocrx_word' id='word_1_399' title='bbox 1537 4869 1636 4940; x_wconf 82' lang='grc' dir='ltr'>σῆς</span> <span class='ocrx_word' id='word_1_400' title='bbox 1651 4869 1791 4940; x_wconf 76' lang='grc' dir='ltr'>ἔχεις</span> <span class='ocrx_word' id='word_1_401' title='bbox 1811 4871 2011 4940; x_wconf 70' lang='grc' dir='ltr'>ψυχῆς,</span> 
     </span>
    </p>
   </div>
   <div class='ocr_carea' id='block_1_52' title="bbox 434 4960 2010 5033">
    <p class='ocr_par' dir='ltr' id='par_1_52' title="bbox 434 4960 2010 5033">
     <span class='ocr_line' id='line_1_52' title="bbox 434 4960 2010 5033; baseline -0.003 -15"><span class='ocrx_word' id='word_1_402' title='bbox 434 4964 561 5027; x_wconf 83' lang='grc' dir='ltr'>τούς</span> <span class='ocrx_word' id='word_1_403' title='bbox 588 4967 740 5018; x_wconf 84' lang='grc' dir='ltr'>τεέν</span> <span class='ocrx_word' id='word_1_404' title='bbox 775 4963 1029 5033; x_wconf 68' lang='grc' dir='ltr'>εὐλαϐείᾳ</span> <span class='ocrx_word' id='word_1_405' title='bbox 1061 4961 1269 5025; x_wconf 78' lang='grc' dir='ltr'>ζῶντας</span> <span class='ocrx_word' id='word_1_406' title='bbox 1302 4960 1599 5015; x_wconf 87' lang='grc' dir='ltr'>ἀναπαύειν</span> <span class='ocrx_word' id='word_1_407' title='bbox 1643 4960 2010 5029; x_wconf 84' lang='grc' dir='ltr'>ἐσπουδακὼς,</span> 
     </span>
    </p>
   </div>
   <div class='ocr_carea' id='block_1_53' title="bbox 437 5051 2016 5126">
    <p class='ocr_par' dir='ltr' id='par_1_53' title="bbox 437 5051 2016 5126">
     <span class='ocr_line' id='line_1_53' title="bbox 437 5051 2016 5126; baseline -0.003 -16"><span class='ocrx_word' id='word_1_408' title='bbox 437 5057 530 5110; x_wconf 76' lang='grc' dir='ltr'>καῖ</span> <span class='ocrx_word' id='word_1_409' title='bbox 581 5057 679 5126; x_wconf 73' lang='grc' dir='ltr'>τὴν</span> <span class='ocrx_word' id='word_1_410' title='bbox 741 5056 910 5125; x_wconf 76' lang='grc' dir='ltr'>καλὴν</span> <span class='ocrx_word' id='word_1_411' title='bbox 947 5055 1150 5124; x_wconf 87' lang='grc' dir='ltr'>ταύτην</span> <span class='ocrx_word' id='word_1_412' title='bbox 1189 5051 1708 5124; x_wconf 89' lang='grc' dir='ltr'>πραγματευόμενος</span> <span class='ocrx_word' id='word_1_413' title='bbox 1761 5068 2016 5123; x_wconf 89' lang='grc' dir='ltr'>πραγμα-</span> 
     </span>
    </p>
   </div>
   <div class='ocr_carea' id='block_1_54' title="bbox 435 5139 2016 5212">
    <p class='ocr_par' dir='ltr' id='par_1_54' title="bbox 435 5139 2016 5212">
     <span class='ocr_line' id='line_1_54' title="bbox 435 5139 2016 5212; baseline 0 -18"><span class='ocrx_word' id='word_1_414' title='bbox 435 5144 606 5196; x_wconf 78' lang='grc' dir='ltr'>τείαν.</span> <span class='ocrx_word' id='word_1_415' title='bbox 625 5143 791 5196; x_wconf 86' lang='grc' dir='ltr'>Ταῦτ’</span> <span class='ocrx_word' id='word_1_416' title='bbox 815 5139 908 5196; x_wconf 80' lang='grc' dir='ltr'>οὖν</span> <span class='ocrx_word' id='word_1_417' title='bbox 933 5141 1087 5204; x_wconf 78' lang='grc' dir='ltr'>εἰδὼς</span> <span class='ocrx_word' id='word_1_418' title='bbox 1106 5182 1120 5202; x_wconf 92' lang='grc'>,</span> <span class='ocrx_word' id='word_1_419' title='bbox 1156 5141 1315 5212; x_wconf 89' lang='grc' dir='ltr'>κύριέ</span> <span class='ocrx_word' id='word_1_420' title='bbox 1351 5158 1454 5212; x_wconf 84' lang='grc' dir='ltr'>μου</span> <span class='ocrx_word' id='word_1_421' title='bbox 1475 5140 1768 5210; x_wconf 81' lang='grc' dir='ltr'>τιμιώτατε</span> <span class='ocrx_word' id='word_1_422' title='bbox 1803 5143 1896 5194; x_wconf 80' lang='grc' dir='ltr'>καὶ</span> <span class='ocrx_word' id='word_1_423' title='bbox 1925 5142 2016 5194; x_wconf 84' lang='grc' dir='ltr'>εύ-</span> 
     </span>
    </p>
   </div>
   <div class='ocr_carea' id='block_1_55' title="bbox 439 5229 2016 5302">
    <p class='ocr_par' dir='ltr' id='par_1_55' title="bbox 439 5229 2016 5302">
     <span class='ocr_line' id='line_1_55' title="bbox 439 5229 2016 5302; baseline 0 -20"><span class='ocrx_word' id='word_1_424' title='bbox 439 5230 753 5294; x_wconf 82' lang='grc' dir='ltr'>λαϐέστατε,</span> <span class='ocrx_word' id='word_1_425' title='bbox 778 5231 1018 5302; x_wconf 88' lang='grc' dir='ltr'>συνεχῶς</span> <span class='ocrx_word' id='word_1_426' title='bbox 1051 5233 1186 5301; x_wconf 81' lang='grc' dir='ltr'>ἡμῖν</span> <span class='ocrx_word' id='word_1_427' title='bbox 1215 5229 1496 5283; x_wconf 84' lang='grc' dir='ltr'>ἐπίστελλε</span> <span class='ocrx_word' id='word_1_428' title='bbox 1524 5229 1593 5283; x_wconf 86' lang='grc' dir='ltr'>τά</span> <span class='ocrx_word' id='word_1_429' title='bbox 1622 5231 1748 5301; x_wconf 76' lang='grc' dir='ltr'>περὶ</span> <span class='ocrx_word' id='word_1_430' title='bbox 1787 5231 1884 5301; x_wconf 78' lang='grc' dir='ltr'>τῆς</span> <span class='ocrx_word' id='word_1_431' title='bbox 1914 5231 2016 5300; x_wconf 81' lang='grc' dir='ltr'>σῆς</span> 
     </span>
    </p>
   </div>
   <div class='ocr_carea' id='block_1_56' title="bbox 442 5320 2015 5394">
    <p class='ocr_par' dir='ltr' id='par_1_56' title="bbox 442 5320 2015 5394">
     <span class='ocr_line' id='line_1_56' title="bbox 442 5320 2015 5394; baseline -0.001 -19"><span class='ocrx_word' id='word_1_432' title='bbox 442 5323 682 5391; x_wconf 81' lang='grc' dir='ltr'>ὑγιείας,</span> <span class='ocrx_word' id='word_1_433' title='bbox 721 5323 816 5376; x_wconf 70' lang='grc' dir='ltr'>καὶ</span> <span class='ocrx_word' id='word_1_434' title='bbox 855 5322 946 5376; x_wconf 87' lang='grc' dir='ltr'>τοῦ</span> <span class='ocrx_word' id='word_1_435' title='bbox 973 5324 1121 5375; x_wconf 84' lang='grc' dir='ltr'>οῖκου</span> <span class='ocrx_word' id='word_1_436' title='bbox 1170 5338 1264 5374; x_wconf 90' lang='grc' dir='ltr'>σου</span> <span class='ocrx_word' id='word_1_437' title='bbox 1316 5320 1532 5384; x_wconf 88' lang='grc' dir='ltr'>παντός.</span> <span class='ocrx_word' id='word_1_438' title='bbox 1583 5321 1738 5374; x_wconf 81' lang='grc' dir='ltr'>Οὐτω</span> <span class='ocrx_word' id='word_1_439' title='bbox 1783 5321 1889 5394; x_wconf 88' lang='grc' dir='ltr'>γάρ</span> <span class='ocrx_word' id='word_1_440' title='bbox 1921 5323 2015 5374; x_wconf 77' lang='grc' dir='ltr'>καὶ</span> 
     </span>
    </p>
   </div>
   <div class='ocr_carea' id='block_1_57' title="bbox 501 5448 2016 5512">
    <p class='ocr_par' dir='ltr' id='par_1_57' title="bbox 501 5448 2016 5512">
     <span class='ocr_line' id='line_1_57' title="bbox 501 5448 2016 5512; baseline -0.001 -14"><span class='ocrx_word' id='word_1_441' title='bbox 501 5449 528 5479; x_wconf 84' lang='grc'><strong><em>⁸</em></strong></span> <span class='ocrx_word' id='word_1_442' title='bbox 558 5451 608 5498; x_wconf 88' lang='lat' dir='ltr'>In</span> <span class='ocrx_word' id='word_1_443' title='bbox 635 5450 754 5498; x_wconf 77' lang='lat' dir='ltr'>edit.</span> <span class='ocrx_word' id='word_1_444' title='bbox 792 5455 905 5512; x_wconf 74' lang='lat' dir='ltr'>post</span> <span class='ocrx_word' id='word_1_445' title='bbox 943 5449 1288 5512; x_wconf 80' lang='grc' dir='ltr'>ἀποδεχόμενοι</span> <span class='ocrx_word' id='word_1_446' title='bbox 1309 5448 1535 5510; x_wconf 75' lang='lat' dir='ltr'>adjicitur</span> <span class='ocrx_word' id='word_1_447' title='bbox 1557 5450 1638 5496; x_wconf 78' lang='grc' dir='ltr'>καὶ</span> <span class='ocrx_word' id='word_1_448' title='bbox 1669 5448 2016 5512; x_wconf 81' lang='grc' dir='ltr'>ἀνακηρύττον-</span> 
     </span>
    </p>
   </div>
   <div class='ocr_carea' id='block_1_58' title="bbox 443 5510 2017 5682">
    <p class='ocr_par' dir='ltr' id='par_1_58' title="bbox 443 5510 2017 5682">
     <span class='ocr_line' id='line_1_58' title="bbox 443 5510 2014 5573; baseline 0.001 -16"><span class='ocrx_word' id='word_1_449' title='bbox 443 5527 535 5569; x_wconf 68' lang='grc' dir='ltr'>τις,</span> <span class='ocrx_word' id='word_1_450' title='bbox 561 5524 672 5573; x_wconf 73' lang='lat' dir='ltr'><strong>quae</strong></span> <span class='ocrx_word' id='word_1_451' title='bbox 693 5524 781 5559; x_wconf 78' lang='lat' dir='ltr'>vox</span> <span class='ocrx_word' id='word_1_452' title='bbox 798 5510 1192 5572; x_wconf 63' lang='lat' dir='ltr'>&#39;supervacaliéa.</span> <span class='ocrx_word' id='word_1_453' title='bbox 1221 5521 1314 5558; x_wconf 87' lang='lat' dir='ltr'>nec</span> <span class='ocrx_word' id='word_1_454' title='bbox 1344 5525 1370 5558; x_wconf 84' lang='lat' dir='ltr'><strong>a</strong></span> <span class='ocrx_word' id='word_1_455' title='bbox 1387 5524 1507 5559; x_wconf 71' lang='lat' dir='ltr'>mss.</span> <span class='ocrx_word' id='word_1_456' title='bbox 1535 5523 1629 5560; x_wconf 80' lang='lat' dir='ltr'>nec</span> <span class='ocrx_word' id='word_1_457' title='bbox 1651 5510 1712 5559; x_wconf 85' lang='lat' dir='ltr'>ab</span> <span class='ocrx_word' id='word_1_458' title='bbox 1734 5511 2014 5572; x_wconf 80' lang='lat' dir='ltr'>lnlerprele</span> 
     </span>
     <span class='ocr_line' id='line_1_59' title="bbox 444 5571 2017 5682; baseline 0.001 -64"><span class='ocrx_word' id='word_1_459' title='bbox 444 5573 738 5682; x_wconf 42' lang='lat' dir='ltr'>ﬁmum.</span> <span class='ocrx_word' id='word_1_460' title='bbox 763 5573 878 5621; x_wconf 65' lang='lat' dir='ltr'>Haec</span> <span class='ocrx_word' id='word_1_461' title='bbox 903 5585 1046 5633; x_wconf 84' lang='lat' dir='ltr'>porro</span> <span class='ocrx_word' id='word_1_462' title='bbox 1066 5575 1270 5634; x_wconf 71' lang='lat' dir='ltr'>epistola</span> <span class='ocrx_word' id='word_1_463' title='bbox 1308 5576 1354 5622; x_wconf 82' lang='lat' dir='ltr'><strong>in</strong></span> <span class='ocrx_word' id='word_1_464' title='bbox 1400 5573 1554 5621; x_wconf 78' lang='lat' dir='ltr'>tribus</span> <span class='ocrx_word' id='word_1_465' title='bbox 1585 5585 1699 5621; x_wconf 86' lang='lat' dir='ltr'>mss.</span> <span class='ocrx_word' id='word_1_466' title='bbox 1739 5571 2017 5620; x_wconf 70' lang='lat' dir='ltr'>inscribitur</span> 
     </span>
    </p>
   </div>
   <div class='ocr_carea' id='block_1_59' title="bbox 485 5649 1371 5757">
    <p class='ocr_par' dir='ltr' id='par_1_59' title="bbox 485 5649 1371 5757">
     <span class='ocr_line' id='line_1_60' title="bbox 485 5649 514 5680; baseline 0 0"><span class='ocrx_word' id='word_1_467' title='bbox 485 5649 514 5680; x_wconf 84' lang='grc' dir='ltr'>σ</span> 
     </span>
     <span class='ocr_line' id='line_1_61' title="bbox 508 5649 1371 5757; baseline 0.001 -14"><span class='ocrx_word' id='word_1_468' title='bbox 508 5649 682 5744; x_wconf 45' lang='grc' dir='ltr'>βιζος</span> <span class='ocrx_word' id='word_1_469' title='bbox 697 5707 794 5741; x_wconf 77' lang='lat' dir='ltr'>mss</span> <span class='ocrx_word' id='word_1_470' title='bbox 825 5695 1026 5742; x_wconf 71' lang='grc' dir='ltr'>διάθεσιν</span> <span class='ocrx_word' id='word_1_471' title='bbox 1049 5695 1371 5757; x_wconf 69' lang='grc' dir='ltr'>διατηρούμεν.</span> 
     </span>
    </p>
   </div>
   <div class='ocr_carea' id='block_1_60' title="bbox 1825 309 2208 368">
    <p class='ocr_par' dir='ltr' id='par_1_60' title="bbox 1825 309 2208 368">
     <span class='ocr_line' id='line_1_62' title="bbox 1825 309 2208 368; baseline 0.008 -4"><span class='ocrx_word' id='word_1_472' title='bbox 1825 309 2208 368; x_wconf 67' lang='lat' dir='ltr'>EPISTOLIE.</span> 
     </span>
    </p>
   </div>
   <div class='ocr_carea' id='block_1_61' title="bbox 3567 316 3670 374">
    <p class='ocr_par' dir='ltr' id='par_1_61' title="bbox 3567 316 3670 374">
     <span class='ocr_line' id='line_1_63' title="bbox 3567 316 3670 374; baseline -0.058 0"><span class='ocrx_word' id='word_1_473' title='bbox 3567 316 3670 374; x_wconf 55' lang='grc' dir='ltr'>ωδ</span> 
     </span>
    </p>
   </div>
   <div class='ocr_carea' id='block_1_62' title="bbox 2099 424 3669 501">
    <p class='ocr_par' dir='ltr' id='par_1_62' title="bbox 2099 424 3669 501">
     <span class='ocr_line' id='line_1_64' title="bbox 2099 424 3669 501; baseline 0.004 -23"><span class='ocrx_word' id='word_1_474' title='bbox 2099 429 2158 478; x_wconf 86' lang='grc' dir='ltr'>ἐν</span> <span class='ocrx_word' id='word_1_475' title='bbox 2183 425 2387 497; x_wconf 73' lang='grc' dir='ltr'>ἐρημία</span> <span class='ocrx_word' id='word_1_476' title='bbox 2420 425 2570 489; x_wconf 73' lang='grc' dir='ltr'>ὄντες</span> <span class='ocrx_word' id='word_1_477' title='bbox 2604 424 2801 494; x_wconf 75' lang='grc' dir='ltr'>πολλὴν</span> <span class='ocrx_word' id='word_1_478' title='bbox 2852 425 3042 496; x_wconf 80' lang='grc' dir='ltr'>ἕξομεν</span> <span class='ocrx_word' id='word_1_479' title='bbox 3087 425 3182 498; x_wconf 74' lang='grc' dir='ltr'>τὴν</span> <span class='ocrx_word' id='word_1_480' title='bbox 3228 425 3590 501; x_wconf 77' lang='grc' dir='ltr'>εὐφροσύνην,</span> <span class='ocrx_word' id='word_1_481' title='bbox 3620 432 3669 484; x_wconf 84' lang='grc' dir='ltr'>εί</span> 
     </span>
    </p>
   </div>
   <div class='ocr_carea' id='block_1_63' title="bbox 2095 516 3667 588">
    <p class='ocr_par' dir='ltr' id='par_1_63' title="bbox 2095 516 3667 588">
     <span class='ocr_line' id='line_1_65' title="bbox 2095 516 3667 588; baseline 0.004 -20"><span class='ocrx_word' id='word_1_482' title='bbox 2095 516 2318 569; x_wconf 84' lang='grc' dir='ltr'>τοιαῦτα</span> <span class='ocrx_word' id='word_1_483' title='bbox 2341 517 2492 587; x_wconf 89' lang='grc' dir='ltr'>παρά</span> <span class='ocrx_word' id='word_1_484' title='bbox 2511 516 2608 585; x_wconf 82' lang='grc' dir='ltr'>τῆς</span> <span class='ocrx_word' id='word_1_485' title='bbox 2627 517 2724 586; x_wconf 84' lang='grc' dir='ltr'>σῆς</span> <span class='ocrx_word' id='word_1_486' title='bbox 2739 516 3049 587; x_wconf 82' lang='grc' dir='ltr'>τιμιότητος</span> <span class='ocrx_word' id='word_1_487' title='bbox 3063 516 3667 588; x_wconf 84' lang='grc' dir='ltr'>δεχόμεθαγράμματα.</span> 
     </span>
    </p>
   </div>
   <div class='ocr_carea' id='block_1_64' title="bbox 2699 617 3092 687">
    <p class='ocr_par' dir='ltr' id='par_1_64' title="bbox 2699 617 3092 687">
     <span class='ocr_line' id='line_1_66' title="bbox 2699 617 3092 687; baseline -0.003 -16"><span class='ocrx_word' id='word_1_488' title='bbox 2699 619 2784 671; x_wconf 79' lang='grc' dir='ltr'>Ν.</span> <span class='ocrx_word' id='word_1_489' title='bbox 2816 617 3092 687; x_wconf 74' lang='grc' dir='ltr'>Διογένει.</span> 
     </span>
    </p>
   </div>
   <div class='ocr_carea' id='block_1_65' title="bbox 2166 716 3671 790">
    <p class='ocr_par' dir='ltr' id='par_1_65' title="bbox 2166 716 3671 790">
     <span class='ocr_line' id='line_1_67' title="bbox 2166 716 3671 790; baseline 0.001 -20"><span class='ocrx_word' id='word_1_490' title='bbox 2166 716 2239 770; x_wconf 81' lang='grc' dir='ltr'>Τὸ</span> <span class='ocrx_word' id='word_1_491' title='bbox 2264 718 2485 785; x_wconf 81' lang='grc' dir='ltr'>γνήσιόν</span> <span class='ocrx_word' id='word_1_492' title='bbox 2513 735 2605 771; x_wconf 92' lang='grc' dir='ltr'>σου</span> <span class='ocrx_word' id='word_1_493' title='bbox 2631 719 2731 788; x_wconf 83' lang='grc' dir='ltr'>τῆς</span> <span class='ocrx_word' id='word_1_494' title='bbox 2754 719 2977 788; x_wconf 87' lang='grc' dir='ltr'>ἀγάπης</span> <span class='ocrx_word' id='word_1_495' title='bbox 3002 720 3100 788; x_wconf 78' lang='grc' dir='ltr'>τῆς</span> <span class='ocrx_word' id='word_1_496' title='bbox 3125 721 3255 790; x_wconf 74' lang='grc' dir='ltr'>περὶ</span> <span class='ocrx_word' id='word_1_497' title='bbox 3274 719 3422 789; x_wconf 82' lang='grc' dir='ltr'>ἡμᾶς</span> <span class='ocrx_word' id='word_1_498' title='bbox 3449 718 3671 790; x_wconf 66' lang='grc' dir='ltr'>ᾔδειμεν</span> 
     </span>
    </p>
   </div>
   <div class='ocr_carea' id='block_1_66' title="bbox 2101 805 3670 878">
    <p class='ocr_par' dir='ltr' id='par_1_66' title="bbox 2101 805 3670 878">
     <span class='ocr_line' id='line_1_68' title="bbox 2101 805 3670 878; baseline 0.001 -19"><span class='ocrx_word' id='word_1_499' title='bbox 2101 806 2199 876; x_wconf 88' lang='grc' dir='ltr'>μὲν</span> <span class='ocrx_word' id='word_1_500' title='bbox 2236 807 2331 860; x_wconf 74' lang='grc' dir='ltr'>καὶ</span> <span class='ocrx_word' id='word_1_501' title='bbox 2358 806 2698 878; x_wconf 75' lang='grc' dir='ltr'>ἔμπροσθεν,</span> <span class='ocrx_word' id='word_1_502' title='bbox 2753 807 2931 876; x_wconf 82' lang='grc' dir='ltr'>πολλῷ</span> <span class='ocrx_word' id='word_1_503' title='bbox 2974 807 3030 860; x_wconf 84' lang='grc' dir='ltr'>δὲ</span> <span class='ocrx_word' id='word_1_504' title='bbox 3069 805 3230 860; x_wconf 79' lang='grc' dir='ltr'>πλέον</span> <span class='ocrx_word' id='word_1_505' title='bbox 3268 807 3513 876; x_wconf 73' lang='grc' dir='ltr'>ἔγνωμεν</span> <span class='ocrx_word' id='word_1_506' title='bbox 3555 807 3670 871; x_wconf 92' lang='grc' dir='ltr'>νῦν,</span> 
     </span>
    </p>
   </div>
   <div class='ocr_carea' id='block_1_67' title="bbox 2095 897 3670 969">
    <p class='ocr_par' dir='ltr' id='par_1_67' title="bbox 2095 897 3670 969">
     <span class='ocr_line' id='line_1_69' title="bbox 2095 897 3670 969; baseline 0 -19"><span class='ocrx_word' id='word_1_507' title='bbox 2095 897 2184 950; x_wconf 80' lang='grc' dir='ltr'>ὅτε</span> <span class='ocrx_word' id='word_1_508' title='bbox 2213 898 2462 951; x_wconf 88' lang='grc' dir='ltr'>τοσοῦτον</span> <span class='ocrx_word' id='word_1_509' title='bbox 2491 898 2583 952; x_wconf 77' lang='grc' dir='ltr'>τοῦ</span> <span class='ocrx_word' id='word_1_510' title='bbox 2610 899 2873 969; x_wconf 89' lang='grc' dir='ltr'>χειμῶνος</span> <span class='ocrx_word' id='word_1_511' title='bbox 2905 897 3162 968; x_wconf 83' lang='grc' dir='ltr'>ἀρθέντος</span> <span class='ocrx_word' id='word_1_512' title='bbox 3186 939 3200 962; x_wconf 90' lang='grc'>,</span> <span class='ocrx_word' id='word_1_513' title='bbox 3224 898 3286 949; x_wconf 85' lang='grc' dir='ltr'>οὐ</span> <span class='ocrx_word' id='word_1_514' title='bbox 3327 897 3486 968; x_wconf 89' lang='grc' dir='ltr'>μόνον</span> <span class='ocrx_word' id='word_1_515' title='bbox 3515 898 3670 950; x_wconf 81' lang='grc' dir='ltr'>οὐδὲν</span> 
     </span>
    </p>
   </div>
   <div class='ocr_carea' id='block_1_68' title="bbox 2099 987 3674 1059">
    <p class='ocr_par' dir='ltr' id='par_1_68' title="bbox 2099 987 3674 1059">
     <span class='ocr_line' id='line_1_70' title="bbox 2099 987 3674 1059; baseline -0.001 -19"><span class='ocrx_word' id='word_1_516' title='bbox 2099 988 2502 1059; x_wconf 81' lang='grc' dir='ltr'>ρᾳθυμότερος,</span> <span class='ocrx_word' id='word_1_517' title='bbox 2538 987 2672 1040; x_wconf 82' lang='grc' dir='ltr'>ἀλλά</span> <span class='ocrx_word' id='word_1_518' title='bbox 2711 988 2803 1041; x_wconf 71' lang='grc' dir='ltr'>καὶ</span> <span class='ocrx_word' id='word_1_519' title='bbox 2859 987 3037 1056; x_wconf 81' lang='grc' dir='ltr'>πολλῷ</span> <span class='ocrx_word' id='word_1_520' title='bbox 3094 987 3506 1057; x_wconf 79' lang='grc' dir='ltr'>σπουδαιότερος</span> <span class='ocrx_word' id='word_1_521' title='bbox 3545 988 3674 1058; x_wconf 73' lang='grc' dir='ltr'>περὶ</span> 
     </span>
    </p>
   </div>
   <div class='ocr_carea' id='block_1_69' title="bbox 2097 1078 3674 1150">
    <p class='ocr_par' dir='ltr' id='par_1_69' title="bbox 2097 1078 3674 1150">
     <span class='ocr_line' id='line_1_71' title="bbox 2097 1078 3674 1150; baseline 0 -18"><span class='ocrx_word' id='word_1_522' title='bbox 2097 1080 2243 1149; x_wconf 79' lang='grc' dir='ltr'>ἡμᾶς</span> <span class='ocrx_word' id='word_1_523' title='bbox 2287 1078 2561 1148; x_wconf 85' lang='grc' dir='ltr'>γεγονὼς,</span> <span class='ocrx_word' id='word_1_524' title='bbox 2624 1079 2793 1150; x_wconf 77' lang='grc' dir='ltr'>μείζω</span> <span class='ocrx_word' id='word_1_525' title='bbox 2838 1080 2938 1150; x_wconf 77' lang='grc' dir='ltr'>τὴν</span> <span class='ocrx_word' id='word_1_526' title='bbox 2991 1080 3224 1150; x_wconf 85' lang='grc' dir='ltr'>στοργὴν</span> <span class='ocrx_word' id='word_1_527' title='bbox 3263 1079 3528 1142; x_wconf 79' lang='grc' dir='ltr'>ἐνεδείξω.</span> <span class='ocrx_word' id='word_1_528' title='bbox 3574 1078 3674 1132; x_wconf 83' lang='grc' dir='ltr'>Διά</span> 
     </span>
    </p>
   </div>
   <div class='ocr_carea' id='block_1_70' title="bbox 2096 1169 3672 1242">
    <p class='ocr_par' dir='ltr' id='par_1_70' title="bbox 2096 1169 3672 1242">
     <span class='ocr_line' id='line_1_72' title="bbox 2096 1169 3672 1242; baseline -0.001 -19"><span class='ocrx_word' id='word_1_529' title='bbox 2096 1169 2271 1223; x_wconf 90' lang='grc' dir='ltr'>ταῦτά</span> <span class='ocrx_word' id='word_1_530' title='bbox 2325 1187 2382 1223; x_wconf 90' lang='grc' dir='ltr'>σε</span> <span class='ocrx_word' id='word_1_531' title='bbox 2430 1181 2452 1209; x_wconf 79' lang='grc' dir='ltr'><strong>ο</strong></span> <span class='ocrx_word' id='word_1_532' title='bbox 2490 1171 2879 1242; x_wconf 74' lang='grc' dir='ltr'>θαυμάζομεν,</span> <span class='ocrx_word' id='word_1_533' title='bbox 2911 1170 3002 1223; x_wconf 84' lang='grc' dir='ltr'>διὰ</span> <span class='ocrx_word' id='word_1_534' title='bbox 3054 1169 3225 1223; x_wconf 85' lang='grc' dir='ltr'>ταῦτα</span> <span class='ocrx_word' id='word_1_535' title='bbox 3276 1169 3396 1223; x_wconf 84' lang='grc' dir='ltr'>καθ’</span> <span class='ocrx_word' id='word_1_536' title='bbox 3437 1169 3672 1238; x_wconf 80' lang='grc' dir='ltr'>ἑκάστην</span> 
     </span>
    </p>
   </div>
   <div class='ocr_carea' id='block_1_71' title="bbox 2097 1260 3675 1334">
    <p class='ocr_par' dir='ltr' id='par_1_71' title="bbox 2097 1260 3675 1334">
     <span class='ocr_line' id='line_1_73' title="bbox 2097 1260 3675 1334; baseline -0.001 -19"><span class='ocrx_word' id='word_1_537' title='bbox 2097 1261 2307 1333; x_wconf 84' lang='grc' dir='ltr'>ἡμέραν</span> <span class='ocrx_word' id='word_1_538' title='bbox 2338 1262 2803 1334; x_wconf 88' lang='grc' dir='ltr'>ἀνακηρύττοντες</span> <span class='ocrx_word' id='word_1_539' title='bbox 2833 1263 2894 1314; x_wconf 83' lang='grc' dir='ltr'>οὐ</span> <span class='ocrx_word' id='word_1_540' title='bbox 2928 1261 3231 1332; x_wconf 84' lang='grc' dir='ltr'>παυόμεθα.</span> <span class='ocrx_word' id='word_1_541' title='bbox 3264 1261 3368 1314; x_wconf 84' lang='grc' dir='ltr'>Τὸν</span> <span class='ocrx_word' id='word_1_542' title='bbox 3423 1261 3522 1332; x_wconf 81' lang='grc' dir='ltr'>μὲν</span> <span class='ocrx_word' id='word_1_543' title='bbox 3563 1260 3675 1331; x_wconf 77' lang='grc' dir='ltr'>γάρ</span> 
     </span>
    </p>
   </div>
   <div class='ocr_carea' id='block_1_72' title="bbox 2096 1351 3673 1426">
    <p class='ocr_par' dir='ltr' id='par_1_72' title="bbox 2096 1351 3673 1426">
     <span class='ocr_line' id='line_1_74' title="bbox 2096 1351 3673 1426; baseline -0.003 -18"><span class='ocrx_word' id='word_1_544' title='bbox 2096 1354 2297 1423; x_wconf 80' lang='grc' dir='ltr'>ἄφατον</span> <span class='ocrx_word' id='word_1_545' title='bbox 2325 1354 2530 1408; x_wconf 90' lang='grc' dir='ltr'>τούτων</span> <span class='ocrx_word' id='word_1_546' title='bbox 2565 1355 2755 1426; x_wconf 77' lang='grc' dir='ltr'>μισθὸν</span> <span class='ocrx_word' id='word_1_547' title='bbox 2793 1355 2938 1426; x_wconf 84' lang='grc' dir='ltr'>λήψῃ</span> <span class='ocrx_word' id='word_1_548' title='bbox 2980 1355 3131 1425; x_wconf 86' lang='grc' dir='ltr'>παρά</span> <span class='ocrx_word' id='word_1_549' title='bbox 3163 1353 3257 1407; x_wconf 92' lang='grc' dir='ltr'>τοῦ</span> <span class='ocrx_word' id='word_1_550' title='bbox 3291 1351 3673 1424; x_wconf 83' lang='grc' dir='ltr'>φιλανθρώπου</span> 
     </span>
    </p>
   </div>
   <div class='ocr_carea' id='block_1_73' title="bbox 2096 1443 3675 1514">
    <p class='ocr_par' dir='ltr' id='par_1_73' title="bbox 2096 1443 3675 1514">
     <span class='ocr_line' id='line_1_75' title="bbox 2096 1443 3675 1514; baseline -0.001 -16"><span class='ocrx_word' id='word_1_551' title='bbox 2096 1445 2254 1510; x_wconf 87' lang='grc' dir='ltr'>Θεοῦ,</span> <span class='ocrx_word' id='word_1_552' title='bbox 2277 1447 2372 1500; x_wconf 93' lang='grc' dir='ltr'>τοῦ</span> <span class='ocrx_word' id='word_1_553' title='bbox 2411 1449 2529 1509; x_wconf 88' lang='grc' dir='ltr'>ταῖς</span> <span class='ocrx_word' id='word_1_554' title='bbox 2556 1447 2883 1500; x_wconf 87' lang='grc' dir='ltr'>ἀντιδόσεσιν</span> <span class='ocrx_word' id='word_1_555' title='bbox 2913 1449 2979 1501; x_wconf 90' lang='grc' dir='ltr'>ἐκ</span> <span class='ocrx_word' id='word_1_556' title='bbox 3017 1444 3214 1498; x_wconf 90' lang='grc' dir='ltr'>πολλοῦ</span> <span class='ocrx_word' id='word_1_557' title='bbox 3243 1443 3338 1496; x_wconf 89' lang='grc' dir='ltr'>τοῦ</span> <span class='ocrx_word' id='word_1_558' title='bbox 3394 1443 3675 1514; x_wconf 88' lang='grc' dir='ltr'>περιόντος</span> 
     </span>
    </p>
   </div>
   <div class='ocr_carea' id='block_1_74' title="bbox 2100 1533 3674 1605">
    <p class='ocr_par' dir='ltr' id='par_1_74' title="bbox 2100 1533 3674 1605">
     <span class='ocr_line' id='line_1_76' title="bbox 2100 1533 3674 1605; baseline -0.003 -15"><span class='ocrx_word' id='word_1_559' title='bbox 2100 1535 2353 1599; x_wconf 86' lang='grc' dir='ltr'>νικῶντος</span> <span class='ocrx_word' id='word_1_560' title='bbox 2385 1537 2473 1590; x_wconf 77' lang='grc' dir='ltr'>ἀεὶ</span> <span class='ocrx_word' id='word_1_561' title='bbox 2499 1538 2626 1599; x_wconf 81' lang='grc' dir='ltr'>τοὺς</span> <span class='ocrx_word' id='word_1_562' title='bbox 2659 1536 2862 1605; x_wconf 89' lang='grc' dir='ltr'>ἀγαθόν</span> <span class='ocrx_word' id='word_1_563' title='bbox 2893 1554 2947 1590; x_wconf 89' lang='grc' dir='ltr'>τι</span> <span class='ocrx_word' id='word_1_564' title='bbox 2977 1535 3296 1598; x_wconf 74' lang='grc' dir='ltr'>ποιοῦντας,</span> <span class='ocrx_word' id='word_1_565' title='bbox 3322 1534 3356 1604; x_wconf 78' lang='grc' dir='ltr'>ἢ</span> <span class='ocrx_word' id='word_1_566' title='bbox 3396 1533 3674 1602; x_wconf 90' lang='grc' dir='ltr'>λέγοντας.</span> 
     </span>
    </p>
   </div>
   <div class='ocr_carea' id='block_1_75' title="bbox 2107 1623 3677 1698">
    <p class='ocr_par' dir='ltr' id='par_1_75' title="bbox 2107 1623 3677 1698">
     <span class='ocr_line' id='line_1_77' title="bbox 2107 1623 3677 1698; baseline -0.002 -18"><span class='ocrx_word' id='word_1_567' title='bbox 2107 1628 2302 1697; x_wconf 79' lang='grc' dir='ltr'>Ἡμεῖς</span> <span class='ocrx_word' id='word_1_568' title='bbox 2341 1627 2400 1680; x_wconf 90' lang='grc' dir='ltr'>δέ</span> <span class='ocrx_word' id='word_1_569' title='bbox 2439 1644 2498 1680; x_wconf 90' lang='grc' dir='ltr'>σε</span> <span class='ocrx_word' id='word_1_570' title='bbox 2548 1623 2632 1690; x_wconf 76' lang='grc' dir='ltr'>οἷς</span> <span class='ocrx_word' id='word_1_571' title='bbox 2663 1627 2865 1698; x_wconf 71' lang='grc' dir='ltr'>ἔχομεν</span> <span class='ocrx_word' id='word_1_572' title='bbox 2895 1626 3271 1698; x_wconf 89' lang='grc' dir='ltr'>ἀμειϐόμεθα,</span> <span class='ocrx_word' id='word_1_573' title='bbox 3307 1624 3677 1695; x_wconf 69' lang='grc' dir='ltr'>θαυμάζοντές</span> 
     </span>
    </p>
   </div>
   <div class='ocr_carea' id='block_1_76' title="bbox 2099 1715 3675 1790">
    <p class='ocr_par' dir='ltr' id='par_1_76' title="bbox 2099 1715 3675 1790">
     <span class='ocr_line' id='line_1_78' title="bbox 2099 1715 3675 1790; baseline -0.003 -19"><span class='ocrx_word' id='word_1_574' title='bbox 2099 1735 2158 1771; x_wconf 92' lang='grc' dir='ltr'>σε</span> <span class='ocrx_word' id='word_1_575' title='bbox 2184 1757 2198 1780; x_wconf 88' lang='grc'>,</span> <span class='ocrx_word' id='word_1_576' title='bbox 2249 1718 2624 1782; x_wconf 86' lang='grc' dir='ltr'>ἐπαινοῦντες,</span> <span class='ocrx_word' id='word_1_577' title='bbox 2676 1718 3075 1790; x_wconf 76' lang='grc' dir='ltr'>μακαρίζοντες</span> <span class='ocrx_word' id='word_1_578' title='bbox 3117 1717 3178 1769; x_wconf 90' lang='grc' dir='ltr'>οὐ</span> <span class='ocrx_word' id='word_1_579' title='bbox 3223 1715 3675 1786; x_wconf 87' lang='grc' dir='ltr'>διαλιμπάνομεν,</span> 
     </span>
    </p>
   </div>
   <div class='ocr_carea' id='block_1_77' title="bbox 2099 1794 3677 1880">
    <p class='ocr_par' dir='ltr' id='par_1_77' title="bbox 2099 1794 3677 1880">
     <span class='ocr_line' id='line_1_79' title="bbox 2099 1794 3677 1880; baseline -0.001 -18"><span class='ocrx_word' id='word_1_580' title='bbox 2099 1794 2376 1878; x_wconf 75' lang='grc' dir='ltr'>φιλοῦντες</span> <span class='ocrx_word' id='word_1_581' title='bbox 2396 1849 2412 1874; x_wconf 96' lang='grc'>,</span> <span class='ocrx_word' id='word_1_582' title='bbox 2452 1810 2780 1880; x_wconf 77' lang='grc' dir='ltr'>αἰδούμενοι,</span> <span class='ocrx_word' id='word_1_583' title='bbox 2809 1809 3106 1880; x_wconf 82' lang='grc' dir='ltr'>τιμῶντες,</span> <span class='ocrx_word' id='word_1_584' title='bbox 3132 1810 3190 1860; x_wconf 93' lang='grc' dir='ltr'>ἐν</span> <span class='ocrx_word' id='word_1_585' title='bbox 3230 1807 3438 1878; x_wconf 78' lang='grc' dir='ltr'>διανοίᾳ</span> <span class='ocrx_word' id='word_1_586' title='bbox 3468 1823 3677 1860; x_wconf 86' lang='grc' dir='ltr'>παντα-</span> 
     </span>
    </p>
   </div>
   <div class='ocr_carea' id='block_1_78' title="bbox 2097 1895 3676 1970">
    <p class='ocr_par' dir='ltr' id='par_1_78' title="bbox 2097 1895 3676 1970">
     <span class='ocr_line' id='line_1_80' title="bbox 2097 1895 3676 1970; baseline -0.003 -20"><span class='ocrx_word' id='word_1_587' title='bbox 2097 1897 2194 1969; x_wconf 89' lang='grc' dir='ltr'>χοῦ</span> <span class='ocrx_word' id='word_1_588' title='bbox 2225 1899 2653 1970; x_wconf 87' lang='grc' dir='ltr'>περιφέροντες,</span> <span class='ocrx_word' id='word_1_589' title='bbox 2690 1898 2961 1969; x_wconf 79' lang='grc' dir='ltr'>ἡνωμένοι</span> <span class='ocrx_word' id='word_1_590' title='bbox 3001 1913 3084 1950; x_wconf 88' lang='grc' dir='ltr'>σοι</span> <span class='ocrx_word' id='word_1_591' title='bbox 3145 1896 3242 1949; x_wconf 73' lang='grc' dir='ltr'>καὶ</span> <span class='ocrx_word' id='word_1_592' title='bbox 3299 1895 3676 1965; x_wconf 83' lang='grc' dir='ltr'>συνδεδεμένοι</span> 
     </span>
    </p>
   </div>
   <div class='ocr_carea' id='block_1_79' title="bbox 2097 1985 3676 2062">
    <p class='ocr_par' dir='ltr' id='par_1_79' title="bbox 2097 1985 3676 2062">
     <span class='ocr_line' id='line_1_81' title="bbox 2097 1985 3676 2062; baseline -0.003 -20"><span class='ocrx_word' id='word_1_593' title='bbox 2097 1989 2175 2060; x_wconf 83' lang='grc' dir='ltr'>τῷ</span> <span class='ocrx_word' id='word_1_594' title='bbox 2215 1991 2314 2060; x_wconf 82' lang='grc' dir='ltr'>τῆς</span> <span class='ocrx_word' id='word_1_595' title='bbox 2342 1991 2562 2062; x_wconf 85' lang='grc' dir='ltr'>ἀγάπης</span> <span class='ocrx_word' id='word_1_596' title='bbox 2585 1991 2754 2061; x_wconf 80' lang='grc' dir='ltr'>νόμῳ.</span> <span class='ocrx_word' id='word_1_597' title='bbox 2788 1989 2912 2043; x_wconf 87' lang='grc' dir='ltr'>Ὅτι</span> <span class='ocrx_word' id='word_1_598' title='bbox 2945 1989 3054 2059; x_wconf 87' lang='grc' dir='ltr'>γάρ</span> <span class='ocrx_word' id='word_1_599' title='bbox 3081 2004 3176 2041; x_wconf 91' lang='grc' dir='ltr'>σου</span> <span class='ocrx_word' id='word_1_600' title='bbox 3227 1985 3340 2056; x_wconf 84' lang='grc' dir='ltr'>τῶν</span> <span class='ocrx_word' id='word_1_601' title='bbox 3375 1985 3676 2056; x_wconf 83' lang='grc' dir='ltr'>σφοδροτά-</span> 
     </span>
    </p>
   </div>
   <div class='ocr_carea' id='block_1_80' title="bbox 2097 2076 3676 2152">
    <p class='ocr_par' dir='ltr' id='par_1_80' title="bbox 2097 2076 3676 2152">
     <span class='ocr_line' id='line_1_82' title="bbox 2097 2076 3676 2152; baseline -0.002 -20"><span class='ocrx_word' id='word_1_602' title='bbox 2097 2096 2204 2134; x_wconf 89' lang='grc' dir='ltr'>των</span> <span class='ocrx_word' id='word_1_603' title='bbox 2230 2081 2315 2133; x_wconf 69' lang='grc' dir='ltr'>ἀε)⁵</span> <span class='ocrx_word' id='word_1_604' title='bbox 2335 2081 2640 2152; x_wconf 90' lang='grc' dir='ltr'>γεγόναμεν</span> <span class='ocrx_word' id='word_1_605' title='bbox 2660 2080 2904 2152; x_wconf 86' lang='grc' dir='ltr'>ἐραστῶν</span> <span class='ocrx_word' id='word_1_606' title='bbox 2925 2120 2940 2146; x_wconf 92' lang='grc'>,</span> <span class='ocrx_word' id='word_1_607' title='bbox 2963 2076 3121 2133; x_wconf 78' lang='grc' dir='ltr'>οἶσθα</span> <span class='ocrx_word' id='word_1_608' title='bbox 3153 2078 3248 2132; x_wconf 78' lang='grc' dir='ltr'>καὶ</span> <span class='ocrx_word' id='word_1_609' title='bbox 3279 2077 3441 2141; x_wconf 81' lang='grc' dir='ltr'>αὐτὸς</span> <span class='ocrx_word' id='word_1_610' title='bbox 3467 2076 3676 2146; x_wconf 74' lang='grc' dir='ltr'>σαφῶς,</span> 
     </span>
    </p>
   </div>
   <div class='ocr_carea' id='block_1_81' title="bbox 2096 2169 3678 2242">
    <p class='ocr_par' dir='ltr' id='par_1_81' title="bbox 2096 2169 3678 2242">
     <span class='ocr_line' id='line_1_83' title="bbox 2096 2169 3678 2242; baseline -0.004 -16"><span class='ocrx_word' id='word_1_611' title='bbox 2096 2172 2333 2226; x_wconf 86' lang='grc' dir='ltr'>δέσποτά</span> <span class='ocrx_word' id='word_1_612' title='bbox 2373 2189 2474 2242; x_wconf 91' lang='grc' dir='ltr'>μου</span> <span class='ocrx_word' id='word_1_613' title='bbox 2533 2171 2930 2241; x_wconf 81' lang='grc' dir='ltr'>αἰδεσιμώτατε</span> <span class='ocrx_word' id='word_1_614' title='bbox 2973 2171 3068 2224; x_wconf 76' lang='grc' dir='ltr'>καὶ</span> <span class='ocrx_word' id='word_1_615' title='bbox 3117 2169 3554 2239; x_wconf 79' lang='grc' dir='ltr'>θαυμασιώτατε.</span> <span class='ocrx_word' id='word_1_616' title='bbox 3585 2169 3678 2220; x_wconf 84' lang='grc' dir='ltr'>Διὸ</span> 
     </span>
    </p>
   </div>
   <div class='ocr_carea' id='block_1_82' title="bbox 2100 2259 3678 2334">
    <p class='ocr_par' dir='ltr' id='par_1_82' title="bbox 2100 2259 3678 2334">
     <span class='ocr_line' id='line_1_84' title="bbox 2100 2259 3678 2334; baseline -0.004 -17"><span class='ocrx_word' id='word_1_617' title='bbox 2100 2264 2400 2334; x_wconf 85' lang='grc' dir='ltr'>παρακαλῶ</span> <span class='ocrx_word' id='word_1_618' title='bbox 2431 2264 2542 2317; x_wconf 88' lang='grc' dir='ltr'>τῶν</span> <span class='ocrx_word' id='word_1_619' title='bbox 2583 2262 2996 2317; x_wconf 80' lang='grc' dir='ltr'>ἀποσταλέντων</span> <span class='ocrx_word' id='word_1_620' title='bbox 3034 2261 3197 2314; x_wconf 74' lang='grc' dir='ltr'>ἕνεκα</span> <span class='ocrx_word' id='word_1_621' title='bbox 3231 2259 3399 2330; x_wconf 81' lang='grc' dir='ltr'>μηδὲν</span> <span class='ocrx_word' id='word_1_622' title='bbox 3443 2259 3678 2327; x_wconf 78' lang='grc' dir='ltr'>ἀλγῆσαι</span> 
     </span>
    </p>
   </div>
   <div class='ocr_carea' id='block_1_83' title="bbox 2100 2348 3678 2425">
    <p class='ocr_par' dir='ltr' id='par_1_83' title="bbox 2100 2348 3678 2425">
     <span class='ocr_line' id='line_1_85' title="bbox 2100 2348 3678 2425; baseline -0.005 -18"><span class='ocrx_word' id='word_1_623' title='bbox 2100 2355 2236 2425; x_wconf 75' lang='grc' dir='ltr'>πρὸς</span> <span class='ocrx_word' id='word_1_624' title='bbox 2265 2357 2433 2425; x_wconf 74' lang='grc' dir='ltr'>ἡμᾶς.</span> <span class='ocrx_word' id='word_1_625' title='bbox 2470 2355 2858 2424; x_wconf 84' lang='grc' dir='ltr'>Τρυγήσαντες</span> <span class='ocrx_word' id='word_1_626' title='bbox 2875 2354 2984 2422; x_wconf 81' lang='grc' dir='ltr'>γὰρ</span> <span class='ocrx_word' id='word_1_627' title='bbox 3018 2353 3110 2405; x_wconf 82' lang='grc' dir='ltr'>καὶ</span> <span class='ocrx_word' id='word_1_628' title='bbox 3135 2349 3558 2422; x_wconf 87' lang='grc' dir='ltr'>καρπωσάμενοι</span> <span class='ocrx_word' id='word_1_629' title='bbox 3579 2348 3678 2420; x_wconf 74' lang='grc' dir='ltr'>τὴν</span> 
     </span>
    </p>
   </div>
   <div class='ocr_carea' id='block_1_84' title="bbox 2100 2439 3679 2515">
    <p class='ocr_par' dir='ltr' id='par_1_84' title="bbox 2100 2439 3679 2515">
     <span class='ocr_line' id='line_1_86' title="bbox 2100 2439 3679 2515; baseline -0.004 -17"><span class='ocrx_word' id='word_1_630' title='bbox 2100 2445 2159 2510; x_wconf 78' lang='grc' dir='ltr'>ἐξ</span> <span class='ocrx_word' id='word_1_631' title='bbox 2193 2446 2371 2498; x_wconf 63' lang='grc' dir='ltr'>αἰτῶν</span> <span class='ocrx_word' id='word_1_632' title='bbox 2416 2445 2581 2515; x_wconf 80' lang='grc' dir='ltr'>τιμὴν</span> <span class='ocrx_word' id='word_1_633' title='bbox 2603 2485 2618 2506; x_wconf 84' lang='grc'>,</span> <span class='ocrx_word' id='word_1_634' title='bbox 2646 2444 2786 2497; x_wconf 89' lang='grc' dir='ltr'>αὐτά</span> <span class='ocrx_word' id='word_1_635' title='bbox 2823 2442 3244 2512; x_wconf 86' lang='grc' dir='ltr'>ἀπεστάλκαμεν</span> <span class='ocrx_word' id='word_1_636' title='bbox 3276 2441 3375 2493; x_wconf 87' lang='grc' dir='ltr'>οὐκ</span> <span class='ocrx_word' id='word_1_637' title='bbox 3404 2440 3464 2505; x_wconf 79' lang='grc' dir='ltr'>ἐξ</span> <span class='ocrx_word' id='word_1_638' title='bbox 3489 2439 3679 2509; x_wconf 83' lang='grc' dir='ltr'>ὀλιγω-</span> 
     </span>
    </p>
   </div>
   <div class='ocr_carea' id='block_1_85' title="bbox 2103 2529 3679 2608">
    <p class='ocr_par' dir='ltr' id='par_1_85' title="bbox 2103 2529 3679 2608">
     <span class='ocr_line' id='line_1_87' title="bbox 2103 2529 3679 2608; baseline -0.004 -19"><span class='ocrx_word' id='word_1_639' title='bbox 2103 2537 2223 2608; x_wconf 91' lang='grc' dir='ltr'>ρίας</span> <span class='ocrx_word' id='word_1_640' title='bbox 2249 2577 2264 2600; x_wconf 93' lang='grc'>,</span> <span class='ocrx_word' id='word_1_641' title='bbox 2295 2536 2416 2588; x_wconf 86' lang='grc' dir='ltr'>οὐδέ</span> <span class='ocrx_word' id='word_1_642' title='bbox 2447 2537 2512 2588; x_wconf 90' lang='grc' dir='ltr'>ἐκ</span> <span class='ocrx_word' id='word_1_643' title='bbox 2542 2535 2634 2588; x_wconf 86' lang='grc' dir='ltr'>τοῦ</span> <span class='ocrx_word' id='word_1_644' title='bbox 2668 2535 2743 2606; x_wconf 80' lang='grc' dir='ltr'>μὴ</span> <span class='ocrx_word' id='word_1_645' title='bbox 2778 2533 2998 2606; x_wconf 73' lang='grc' dir='ltr'>θαρρεῖν</span> <span class='ocrx_word' id='word_1_646' title='bbox 3028 2551 3122 2586; x_wconf 90' lang='grc' dir='ltr'>σου</span> <span class='ocrx_word' id='word_1_647' title='bbox 3154 2536 3218 2603; x_wconf 80' lang='grc' dir='ltr'>τῇ</span> <span class='ocrx_word' id='word_1_648' title='bbox 3248 2531 3514 2602; x_wconf 78' lang='grc' dir='ltr'>εὐγενείᾳ,</span> <span class='ocrx_word' id='word_1_649' title='bbox 3543 2529 3679 2584; x_wconf 89' lang='grc' dir='ltr'>ἀλλά</span> 
     </span>
    </p>
   </div>
   <div class='ocr_carea' id='block_1_86' title="bbox 2099 2625 3680 2698">
    <p class='ocr_par' dir='ltr' id='par_1_86' title="bbox 2099 2625 3680 2698">
     <span class='ocr_line' id='line_1_88' title="bbox 2099 2625 3680 2698; baseline -0.003 -17"><span class='ocrx_word' id='word_1_650' title='bbox 2099 2629 2186 2682; x_wconf 85' lang='grc' dir='ltr'>διά</span> <span class='ocrx_word' id='word_1_651' title='bbox 2213 2628 2274 2680; x_wconf 88' lang='grc' dir='ltr'>τὸ</span> <span class='ocrx_word' id='word_1_652' title='bbox 2307 2627 2382 2697; x_wconf 83' lang='grc' dir='ltr'>μὴ</span> <span class='ocrx_word' id='word_1_653' title='bbox 2415 2627 2746 2681; x_wconf 89' lang='grc' dir='ltr'>καθεστάναι</span> <span class='ocrx_word' id='word_1_654' title='bbox 2779 2628 2837 2680; x_wconf 87' lang='grc' dir='ltr'>ἐν</span> <span class='ocrx_word' id='word_1_655' title='bbox 2875 2626 3053 2698; x_wconf 74' lang='grc' dir='ltr'>χρείᾳ.</span> <span class='ocrx_word' id='word_1_656' title='bbox 3093 2627 3157 2677; x_wconf 84' lang='lat'>&#39;0</span> <span class='ocrx_word' id='word_1_657' title='bbox 3201 2625 3266 2694; x_wconf 84' lang='grc' dir='ltr'>δὴ</span> <span class='ocrx_word' id='word_1_658' title='bbox 3313 2627 3408 2678; x_wconf 76' lang='grc' dir='ltr'>καὶ</span> <span class='ocrx_word' id='word_1_659' title='bbox 3451 2627 3538 2692; x_wconf 73' lang='grc' dir='ltr'>ἐφ’</span> <span class='ocrx_word' id='word_1_660' title='bbox 3564 2625 3680 2677; x_wconf 88' lang='grc' dir='ltr'>ἐτέ-</span> 
     </span>
    </p>
   </div>
   <div class='ocr_carea' id='block_1_87' title="bbox 2105 2717 3681 2789">
    <p class='ocr_par' dir='ltr' id='par_1_87' title="bbox 2105 2717 3681 2789">
     <span class='ocr_line' id='line_1_89' title="bbox 2105 2717 3681 2789; baseline -0.001 -17"><span class='ocrx_word' id='word_1_661' title='bbox 2105 2737 2211 2788; x_wconf 85' lang='grc' dir='ltr'>ρων</span> <span class='ocrx_word' id='word_1_662' title='bbox 2239 2718 2450 2772; x_wconf 88' lang='grc' dir='ltr'>πολλῶν</span> <span class='ocrx_word' id='word_1_663' title='bbox 2476 2719 2874 2789; x_wconf 86' lang='grc' dir='ltr'>πεποιήκαμεν.</span> <span class='ocrx_word' id='word_1_664' title='bbox 2899 2719 3009 2771; x_wconf 68' lang='lat' dir='ltr'>Kal</span> <span class='ocrx_word' id='word_1_665' title='bbox 3041 2717 3150 2788; x_wconf 87' lang='grc' dir='ltr'>γάρ</span> <span class='ocrx_word' id='word_1_666' title='bbox 3172 2717 3263 2770; x_wconf 76' lang='grc' dir='ltr'>καὶ</span> <span class='ocrx_word' id='word_1_667' title='bbox 3283 2719 3461 2788; x_wconf 76' lang='grc' dir='ltr'>ἕτεροι</span> <span class='ocrx_word' id='word_1_668' title='bbox 3495 2717 3681 2771; x_wconf 83' lang='grc' dir='ltr'>πολλοὶ</span> 
     </span>
    </p>
   </div>
   <div class='ocr_carea' id='block_1_88' title="bbox 2103 2806 3682 2878">
    <p class='ocr_par' dir='ltr' id='par_1_88' title="bbox 2103 2806 3682 2878">
     <span class='ocr_line' id='line_1_90' title="bbox 2103 2806 3682 2878; baseline -0.001 -16"><span class='ocrx_word' id='word_1_669' title='bbox 2103 2809 2198 2862; x_wconf 71' lang='grc' dir='ltr'>καὶ</span> <span class='ocrx_word' id='word_1_670' title='bbox 2240 2809 2340 2878; x_wconf 80' lang='grc' dir='ltr'>τῆς</span> <span class='ocrx_word' id='word_1_671' title='bbox 2376 2809 2475 2876; x_wconf 80' lang='grc' dir='ltr'>σῆς</span> <span class='ocrx_word' id='word_1_672' title='bbox 2503 2807 2782 2875; x_wconf 82' lang='grc' dir='ltr'>εὐγενείας</span> <span class='ocrx_word' id='word_1_673' title='bbox 2821 2807 2961 2873; x_wconf 77' lang='grc' dir='ltr'>ἄξιοι</span> <span class='ocrx_word' id='word_1_674' title='bbox 2983 2847 2998 2869; x_wconf 96' lang='grc'>,</span> <span class='ocrx_word' id='word_1_675' title='bbox 3031 2808 3124 2860; x_wconf 76' lang='grc' dir='ltr'>καὶ</span> <span class='ocrx_word' id='word_1_676' title='bbox 3157 2807 3362 2878; x_wconf 83' lang='grc' dir='ltr'>σφόδρα</span> <span class='ocrx_word' id='word_1_677' title='bbox 3405 2806 3563 2876; x_wconf 79' lang='grc' dir='ltr'>ἡμῶν</span> <span class='ocrx_word' id='word_1_678' title='bbox 3588 2807 3682 2860; x_wconf 86' lang='grc' dir='ltr'>ἐκ-</span> 
     </span>
    </p>
   </div>
   <div class='ocr_carea' id='block_1_89' title="bbox 2103 2897 3683 2971">
    <p class='ocr_par' dir='ltr' id='par_1_89' title="bbox 2103 2897 3683 2971">
     <span class='ocr_line' id='line_1_91' title="bbox 2103 2897 3683 2971; baseline -0.003 -17"><span class='ocrx_word' id='word_1_679' title='bbox 2103 2902 2414 2971; x_wconf 84' lang='grc' dir='ltr'>καιόμενοι,</span> <span class='ocrx_word' id='word_1_680' title='bbox 2453 2899 2528 2963; x_wconf 85' lang='grc' dir='ltr'>ὠς</span> <span class='ocrx_word' id='word_1_681' title='bbox 2579 2899 2752 2963; x_wconf 80' lang='grc' dir='ltr'>ἔξεστί</span> <span class='ocrx_word' id='word_1_682' title='bbox 2789 2917 2880 2952; x_wconf 82' lang='grc' dir='ltr'>σου</span> <span class='ocrx_word' id='word_1_683' title='bbox 2910 2903 2975 2970; x_wconf 76' lang='grc' dir='ltr'>τῇ</span> <span class='ocrx_word' id='word_1_684' title='bbox 3024 2899 3425 2968; x_wconf 83' lang='grc' dir='ltr'>θαυμασιότητι</span> <span class='ocrx_word' id='word_1_685' title='bbox 3477 2897 3683 2967; x_wconf 84' lang='grc' dir='ltr'>μανθά-</span> 
     </span>
    </p>
   </div>
   <div class='ocr_carea' id='block_1_90' title="bbox 2102 2989 3682 3061">
    <p class='ocr_par' dir='ltr' id='par_1_90' title="bbox 2102 2989 3682 3061">
     <span class='ocr_line' id='line_1_92' title="bbox 2102 2989 3682 3061; baseline -0.004 -16"><span class='ocrx_word' id='word_1_686' title='bbox 2102 3009 2235 3055; x_wconf 91' lang='grc' dir='ltr'>νειν,</span> <span class='ocrx_word' id='word_1_687' title='bbox 2262 2991 2324 3044; x_wconf 82' lang='grc' dir='ltr'>τὸ</span> <span class='ocrx_word' id='word_1_688' title='bbox 2347 2990 2479 3044; x_wconf 81' lang='grc' dir='ltr'>αὐτὸ</span> <span class='ocrx_word' id='word_1_689' title='bbox 2523 2991 2586 3061; x_wconf 83' lang='grc' dir='ltr'>δὴ</span> <span class='ocrx_word' id='word_1_690' title='bbox 2613 2990 2773 3044; x_wconf 89' lang='grc' dir='ltr'>τοῦτο</span> <span class='ocrx_word' id='word_1_691' title='bbox 2811 2991 3163 3060; x_wconf 85' lang='grc' dir='ltr'>πεποιήκασι,</span> <span class='ocrx_word' id='word_1_692' title='bbox 3193 2989 3288 3042; x_wconf 68' lang='grc' dir='ltr'>καλ⁵</span> <span class='ocrx_word' id='word_1_693' title='bbox 3315 2991 3518 3060; x_wconf 69' lang='grc' dir='ltr'>ἤρκεσε</span> <span class='ocrx_word' id='word_1_694' title='bbox 3546 2989 3682 3059; x_wconf 81' lang='grc' dir='ltr'>πρὸς</span> 
     </span>
    </p>
   </div>
   <div class='ocr_carea' id='block_1_91' title="bbox 2103 3080 3682 3152">
    <p class='ocr_par' dir='ltr' id='par_1_91' title="bbox 2103 3080 3682 3152">
     <span class='ocr_line' id='line_1_93' title="bbox 2103 3080 3682 3152; baseline -0.003 -16"><span class='ocrx_word' id='word_1_695' title='bbox 2103 3084 2299 3144; x_wconf 79' lang='grc' dir='ltr'>αὐτοὺς</span> <span class='ocrx_word' id='word_1_696' title='bbox 2337 3085 2467 3152; x_wconf 77' lang='grc' dir='ltr'>ἡμῖν</span> <span class='ocrx_word' id='word_1_697' title='bbox 2493 3081 2633 3151; x_wconf 78' lang='grc' dir='ltr'>αῦτη</span> <span class='ocrx_word' id='word_1_698' title='bbox 2679 3083 2713 3151; x_wconf 77' lang='grc' dir='ltr'>η</span> <span class='ocrx_word' id='word_1_699' title='bbox 2769 3081 3054 3148; x_wconf 89' lang='grc' dir='ltr'>ἀπολογία,</span> <span class='ocrx_word' id='word_1_700' title='bbox 3087 3081 3154 3150; x_wconf 74' lang='grc' dir='ltr'>ἣν</span> <span class='ocrx_word' id='word_1_701' title='bbox 3183 3083 3276 3133; x_wconf 70' lang='grc' dir='ltr'>καὶ</span> <span class='ocrx_word' id='word_1_702' title='bbox 3323 3080 3486 3132; x_wconf 82' lang='grc' dir='ltr'>αὐτὸν</span> <span class='ocrx_word' id='word_1_703' title='bbox 3513 3095 3682 3149; x_wconf 79' lang='grc' dir='ltr'>προσ-</span> 
     </span>
    </p>
   </div>
   <div class='ocr_carea' id='block_1_92' title="bbox 2103 3172 3683 3247">
    <p class='ocr_par' dir='ltr' id='par_1_92' title="bbox 2103 3172 3683 3247">
     <span class='ocr_line' id='line_1_94' title="bbox 2103 3172 3683 3247; baseline -0.003 -20"><span class='ocrx_word' id='word_1_704' title='bbox 2103 3175 2258 3228; x_wconf 86' lang='grc' dir='ltr'>έσθαι</span> <span class='ocrx_word' id='word_1_705' title='bbox 2299 3174 2742 3247; x_wconf 85' lang='grc' dir='ltr'>παρακαλοῦμεν.</span> <span class='ocrx_word' id='word_1_706' title='bbox 2783 3175 2842 3227; x_wconf 71' lang='lat' dir='ltr'>EE</span> <span class='ocrx_word' id='word_1_707' title='bbox 2901 3173 3010 3245; x_wconf 82' lang='grc' dir='ltr'>γάρ</span> <span class='ocrx_word' id='word_1_708' title='bbox 3057 3173 3121 3243; x_wconf 82' lang='grc' dir='ltr'>δὴ</span> <span class='ocrx_word' id='word_1_709' title='bbox 3169 3172 3575 3241; x_wconf 77' lang='grc' dir='ltr'>κατασταίημεν</span> <span class='ocrx_word' id='word_1_710' title='bbox 3624 3175 3683 3225; x_wconf 88' lang='grc' dir='ltr'>ἐν</span> 
     </span>
    </p>
   </div>
   <div class='ocr_carea' id='block_1_93' title="bbox 2103 3264 3681 3338">
    <p class='ocr_par' dir='ltr' id='par_1_93' title="bbox 2103 3264 3681 3338">
     <span class='ocr_line' id='line_1_95' title="bbox 2103 3264 3681 3338; baseline -0.003 -19"><span class='ocrx_word' id='word_1_711' title='bbox 2103 3267 2283 3338; x_wconf 80' lang='grc' dir='ltr'>χρείᾳ,</span> <span class='ocrx_word' id='word_1_712' title='bbox 2319 3266 2458 3337; x_wconf 89' lang='grc' dir='ltr'>μετά</span> <span class='ocrx_word' id='word_1_713' title='bbox 2490 3267 2690 3337; x_wconf 81' lang='grc' dir='ltr'>πολλῆς</span> <span class='ocrx_word' id='word_1_714' title='bbox 2723 3267 3119 3337; x_wconf 78' lang='grc' dir='ltr'>ἀπαιτήσομεν,</span> <span class='ocrx_word' id='word_1_715' title='bbox 3147 3264 3401 3335; x_wconf 82' lang='grc' dir='ltr'>καθάπερ</span> <span class='ocrx_word' id='word_1_716' title='bbox 3425 3265 3483 3329; x_wconf 79' lang='grc' dir='ltr'>ἐξ</span> <span class='ocrx_word' id='word_1_717' title='bbox 3514 3264 3681 3328; x_wconf 83' lang='grc' dir='ltr'>ἰδίων,</span> 
     </span>
    </p>
   </div>
   <div class='ocr_carea' id='block_1_94' title="bbox 2107 3353 3686 3426">
    <p class='ocr_par' dir='ltr' id='par_1_94' title="bbox 2107 3353 3686 3426">
     <span class='ocr_line' id='line_1_96' title="bbox 2107 3353 3686 3426; baseline -0.001 -18"><span class='ocrx_word' id='word_1_718' title='bbox 2107 3355 2246 3426; x_wconf 90' lang='grc' dir='ltr'>μετά</span> <span class='ocrx_word' id='word_1_719' title='bbox 2290 3355 2532 3418; x_wconf 86' lang='grc' dir='ltr'>πλείονος</span> <span class='ocrx_word' id='word_1_720' title='bbox 2565 3355 2592 3394; x_wconf 76' lang='grc' dir='ltr'><em>ά</em></span> <span class='ocrx_word' id='word_1_721' title='bbox 2635 3355 2736 3424; x_wconf 81' lang='grc' dir='ltr'>τῆς</span> <span class='ocrx_word' id='word_1_722' title='bbox 2774 3354 3107 3426; x_wconf 75' lang='grc' dir='ltr'>παρρησίας,</span> <span class='ocrx_word' id='word_1_723' title='bbox 3142 3355 3236 3406; x_wconf 73' lang='grc' dir='ltr'>καὶ</span> <span class='ocrx_word' id='word_1_724' title='bbox 3265 3353 3422 3407; x_wconf 89' lang='grc' dir='ltr'>τοῦτο</span> <span class='ocrx_word' id='word_1_725' title='bbox 3446 3353 3567 3422; x_wconf 73' lang='grc' dir='ltr'>ὕψει</span> <span class='ocrx_word' id='word_1_726' title='bbox 3597 3353 3686 3406; x_wconf 72' lang='grc' dir='ltr'>διά</span> 
     </span>
    </p>
   </div>
   <div class='ocr_carea' id='block_1_95' title="bbox 2105 3445 3682 3518">
    <p class='ocr_par' dir='ltr' id='par_1_95' title="bbox 2105 3445 3682 3518">
     <span class='ocr_line' id='line_1_97' title="bbox 2105 3445 3682 3518; baseline -0.002 -20"><span class='ocrx_word' id='word_1_727' title='bbox 2105 3448 2204 3517; x_wconf 84' lang='grc' dir='ltr'>τῆς</span> <span class='ocrx_word' id='word_1_728' title='bbox 2237 3447 2433 3518; x_wconf 89' lang='grc' dir='ltr'>πείρας</span> <span class='ocrx_word' id='word_1_729' title='bbox 2478 3447 2666 3516; x_wconf 80' lang='grc' dir='ltr'>αὐτῆς.</span> <span class='ocrx_word' id='word_1_730' title='bbox 2695 3445 2998 3516; x_wconf 78' lang='grc' dir='ltr'>Δεξάμενος</span> <span class='ocrx_word' id='word_1_731' title='bbox 3042 3447 3220 3499; x_wconf 89' lang='grc' dir='ltr'>τοίνυν</span> <span class='ocrx_word' id='word_1_732' title='bbox 3248 3447 3410 3508; x_wconf 84' lang='grc' dir='ltr'>αὐτὰ,</span> <span class='ocrx_word' id='word_1_733' title='bbox 3447 3446 3682 3514; x_wconf 86' lang='grc' dir='ltr'>φύλαττε</span> 
     </span>
    </p>
   </div>
   <div class='ocr_carea' id='block_1_96' title="bbox 2109 3535 3685 3609">
    <p class='ocr_par' dir='ltr' id='par_1_96' title="bbox 2109 3535 3685 3609">
     <span class='ocr_line' id='line_1_98' title="bbox 2109 3535 3685 3609; baseline -0.001 -20"><span class='ocrx_word' id='word_1_734' title='bbox 2109 3537 2248 3608; x_wconf 82' lang='grc' dir='ltr'>μετὰ</span> <span class='ocrx_word' id='word_1_735' title='bbox 2274 3537 2560 3609; x_wconf 86' lang='grc' dir='ltr'>ἀκριϐείας</span> <span class='ocrx_word' id='word_1_736' title='bbox 2581 3577 2596 3600; x_wconf 93' lang='grc'>,</span> <span class='ocrx_word' id='word_1_737' title='bbox 2635 3537 2700 3589; x_wconf 82' lang='grc' dir='ltr'>ἶν’</span> <span class='ocrx_word' id='word_1_738' title='bbox 2745 3539 2925 3590; x_wconf 87' lang='grc' dir='ltr'>είποτε</span> <span class='ocrx_word' id='word_1_739' title='bbox 2961 3536 3154 3608; x_wconf 78' lang='grc' dir='ltr'>καιρὸς</span> <span class='ocrx_word' id='word_1_740' title='bbox 3185 3537 3469 3590; x_wconf 79' lang='grc' dir='ltr'>καλέσειεν</span> <span class='ocrx_word' id='word_1_741' title='bbox 3497 3576 3513 3597; x_wconf 88' lang='grc'>,</span> <span class='ocrx_word' id='word_1_742' title='bbox 3545 3535 3685 3604; x_wconf 85' lang='grc' dir='ltr'>μετά</span> 
     </span>
    </p>
   </div>
   <div class='ocr_carea' id='block_1_97' title="bbox 2105 3625 3679 3699">
    <p class='ocr_par' dir='ltr' id='par_1_97' title="bbox 2105 3625 3679 3699">
     <span class='ocr_line' id='line_1_99' title="bbox 2105 3625 3679 3699; baseline -0.003 -19"><span class='ocrx_word' id='word_1_743' title='bbox 2105 3626 2199 3680; x_wconf 88' lang='grc' dir='ltr'>τοῦ</span> <span class='ocrx_word' id='word_1_744' title='bbox 2235 3625 2459 3699; x_wconf 76' lang='grc' dir='ltr'>θαρρεῖν</span> <span class='ocrx_word' id='word_1_745' title='bbox 2492 3628 2632 3680; x_wconf 89' lang='grc' dir='ltr'>αὐτά</span> <span class='ocrx_word' id='word_1_746' title='bbox 2664 3627 3057 3698; x_wconf 73' lang='grc' dir='ltr'>ἀπαιτήσωαεν</span> <span class='ocrx_word' id='word_1_747' title='bbox 3088 3626 3241 3697; x_wconf 81' lang='grc' dir='ltr'>παρᾶ</span> <span class='ocrx_word' id='word_1_748' title='bbox 3273 3625 3372 3695; x_wconf 77' lang='grc' dir='ltr'>τῆς</span> <span class='ocrx_word' id='word_1_749' title='bbox 3407 3627 3504 3695; x_wconf 79' lang='grc' dir='ltr'>σῆς</span> <span class='ocrx_word' id='word_1_750' title='bbox 3550 3625 3679 3678; x_wconf 84' lang='grc' dir='ltr'>θαυ-</span> 
     </span>
    </p>
   </div>
   <div class='ocr_carea' id='block_1_98' title="bbox 2109 3717 2458 3788">
    <p class='ocr_par' dir='ltr' id='par_1_98' title="bbox 2109 3717 2458 3788">
     <span class='ocr_line' id='line_1_100' title="bbox 2109 3717 2458 3788; baseline 0.003 -16"><span class='ocrx_word' id='word_1_751' title='bbox 2109 3717 2458 3788; x_wconf 80' lang='grc' dir='ltr'>μασιότητος.</span> 
     </span>
    </p>
   </div>
   <div class='ocr_carea' id='block_1_99' title="bbox 2652 3817 3128 3884">
    <p class='ocr_par' dir='ltr' id='par_1_99' title="bbox 2652 3817 3128 3884">
     <span class='ocr_line' id='line_1_101' title="bbox 2652 3817 3128 3884; baseline -0.008 -9"><span class='ocrx_word' id='word_1_752' title='bbox 2652 3819 2788 3874; x_wconf 78' lang='lat' dir='ltr'>NA&#39;.</span> <span class='ocrx_word' id='word_1_753' title='bbox 2831 3819 2914 3884; x_wconf 86' lang='grc' dir='ltr'>Τῷ</span> <span class='ocrx_word' id='word_1_754' title='bbox 2950 3817 3128 3884; x_wconf 85' lang='grc' dir='ltr'>αὐτῷ.</span> 
     </span>
    </p>
   </div>
   <div class='ocr_carea' id='block_1_100' title="bbox 2178 3923 3684 3996">
    <p class='ocr_par' dir='ltr' id='par_1_100' title="bbox 2178 3923 3684 3996">
     <span class='ocr_line' id='line_1_102' title="bbox 2178 3923 3684 3996; baseline -0.001 -18"><span class='ocrx_word' id='word_1_755' title='bbox 2178 3925 2334 3980; x_wconf 85' lang='grc' dir='ltr'>Μετά</span> <span class='ocrx_word' id='word_1_756' title='bbox 2358 3925 2419 3978; x_wconf 81' lang='grc' dir='ltr'>τὸ</span> <span class='ocrx_word' id='word_1_757' title='bbox 2442 3924 2650 3996; x_wconf 85' lang='grc' dir='ltr'>γράψαι</span> <span class='ocrx_word' id='word_1_758' title='bbox 2671 3925 2770 3996; x_wconf 84' lang='grc' dir='ltr'>τὴν</span> <span class='ocrx_word' id='word_1_759' title='bbox 2800 3924 3072 3995; x_wconf 86' lang='grc' dir='ltr'>προτέραν</span> <span class='ocrx_word' id='word_1_760' title='bbox 3102 3923 3414 3994; x_wconf 71' lang='grc' dir='ltr'>ἐπιστολὴν,</span> <span class='ocrx_word' id='word_1_761' title='bbox 3451 3923 3573 3977; x_wconf 81' lang='grc' dir='ltr'>ἰδὼν</span> <span class='ocrx_word' id='word_1_762' title='bbox 3594 3926 3684 3978; x_wconf 66' lang='grc' dir='ltr'>τὸν</span> 
     </span>
    </p>
   </div>
   <div class='ocr_carea' id='block_1_101' title="bbox 2109 4014 3689 4088">
    <p class='ocr_par' dir='ltr' id='par_1_101' title="bbox 2109 4014 3689 4088">
     <span class='ocr_line' id='line_1_103' title="bbox 2109 4014 3689 4088; baseline 0 -19"><span class='ocrx_word' id='word_1_763' title='bbox 2109 4016 2435 4086; x_wconf 83' lang='grc' dir='ltr'>τιμιώτατον</span> <span class='ocrx_word' id='word_1_764' title='bbox 2461 4015 2556 4068; x_wconf 72' lang='grc' dir='ltr'>καὶ</span> <span class='ocrx_word' id='word_1_765' title='bbox 2579 4014 2969 4068; x_wconf 89' lang='grc' dir='ltr'>εὐλαϐέστατον</span> <span class='ocrx_word' id='word_1_766' title='bbox 2996 4015 3310 4085; x_wconf 78' lang='grc' dir='ltr'>’Δφραάτην</span> <span class='ocrx_word' id='word_1_767' title='bbox 3338 4017 3689 4088; x_wconf 84' lang='grc' dir='ltr'>προσηλωμέ-</span> 
     </span>
    </p>
   </div>
   <div class='ocr_carea' id='block_1_102' title="bbox 2107 4103 3686 4176">
    <p class='ocr_par' dir='ltr' id='par_1_102' title="bbox 2107 4103 3686 4176">
     <span class='ocr_line' id='line_1_104' title="bbox 2107 4103 3686 4176; baseline -0.003 -16"><span class='ocrx_word' id='word_1_768' title='bbox 2107 4125 2196 4161; x_wconf 91' lang='grc' dir='ltr'>νον</span> <span class='ocrx_word' id='word_1_769' title='bbox 2229 4108 2382 4176; x_wconf 75' lang='grc' dir='ltr'>ἡμῖν,</span> <span class='ocrx_word' id='word_1_770' title='bbox 2416 4106 2510 4158; x_wconf 77' lang='grc' dir='ltr'>καὶ</span> <span class='ocrx_word' id='word_1_771' title='bbox 2535 4105 2635 4156; x_wconf 88' lang='grc' dir='ltr'>οὐκ</span> <span class='ocrx_word' id='word_1_772' title='bbox 2664 4105 2986 4173; x_wconf 78' lang='grc' dir='ltr'>ἀνεχόμενον</span> <span class='ocrx_word' id='word_1_773' title='bbox 3014 4103 3137 4156; x_wconf 80' lang='grc' dir='ltr'>οὐτε</span> <span class='ocrx_word' id='word_1_774' title='bbox 3163 4105 3374 4176; x_wconf 73' lang='grc' dir='ltr'>ἀπᾶραι</span> <span class='ocrx_word' id='word_1_775' title='bbox 3414 4103 3686 4170; x_wconf 86' lang='grc' dir='ltr'>ἐντεῦθεν,</span> 
     </span>
    </p>
   </div>
   <div class='ocr_carea' id='block_1_103' title="bbox 2107 4193 3686 4265">
    <p class='ocr_par' dir='ltr' id='par_1_103' title="bbox 2107 4193 3686 4265">
     <span class='ocr_line' id='line_1_105' title="bbox 2107 4193 3686 4265; baseline -0.004 -16"><span class='ocrx_word' id='word_1_776' title='bbox 2107 4197 2202 4250; x_wconf 79' lang='grc' dir='ltr'>καὶ</span> <span class='ocrx_word' id='word_1_777' title='bbox 2221 4193 2548 4248; x_wconf 87' lang='grc' dir='ltr'>ἀπειλοῦντα</span> <span class='ocrx_word' id='word_1_778' title='bbox 2580 4195 2715 4264; x_wconf 78' lang='grc' dir='ltr'>μήτε</span> <span class='ocrx_word' id='word_1_779' title='bbox 2753 4193 3057 4262; x_wconf 86' lang='grc' dir='ltr'>γράμματα</span> <span class='ocrx_word' id='word_1_780' title='bbox 3078 4193 3324 4262; x_wconf 87' lang='grc' dir='ltr'>δέχεσθαι</span> <span class='ocrx_word' id='word_1_781' title='bbox 3353 4193 3482 4265; x_wconf 86' lang='grc' dir='ltr'>παρ’</span> <span class='ocrx_word' id='word_1_782' title='bbox 3504 4193 3686 4264; x_wconf 77' lang='grc' dir='ltr'>ἡμῶν,</span> 
     </span>
    </p>
   </div>
   <div class='ocr_carea' id='block_1_104' title="bbox 2109 4284 3689 4358">
    <p class='ocr_par' dir='ltr' id='par_1_104' title="bbox 2109 4284 3689 4358">
     <span class='ocr_line' id='line_1_106' title="bbox 2109 4284 3689 4358; baseline -0.003 -18"><span class='ocrx_word' id='word_1_783' title='bbox 2109 4290 2158 4341; x_wconf 88' lang='grc' dir='ltr'>εί</span> <span class='ocrx_word' id='word_1_784' title='bbox 2191 4287 2266 4358; x_wconf 83' lang='grc' dir='ltr'>μὴ</span> <span class='ocrx_word' id='word_1_785' title='bbox 2318 4285 2646 4354; x_wconf 81' lang='grc' dir='ltr'>ἀπολάϐοιμι</span> <span class='ocrx_word' id='word_1_786' title='bbox 2677 4285 2747 4338; x_wconf 89' lang='grc' dir='ltr'>τά</span> <span class='ocrx_word' id='word_1_787' title='bbox 2792 4285 3186 4347; x_wconf 86' lang='grc' dir='ltr'>ἀποσταλέντα,</span> <span class='ocrx_word' id='word_1_788' title='bbox 3227 4285 3471 4354; x_wconf 88' lang='grc' dir='ltr'>ἐπέθηκα</span> <span class='ocrx_word' id='word_1_789' title='bbox 3517 4284 3689 4336; x_wconf 87' lang='grc' dir='ltr'>τύπον</span> 
     </span>
    </p>
   </div>
   <div class='ocr_carea' id='block_1_105' title="bbox 2107 4373 3689 4449">
    <p class='ocr_par' dir='ltr' id='par_1_105' title="bbox 2107 4373 3689 4449">
     <span class='ocr_line' id='line_1_107' title="bbox 2107 4373 3689 4449; baseline -0.004 -18"><span class='ocrx_word' id='word_1_790' title='bbox 2107 4377 2186 4449; x_wconf 83' lang='grc' dir='ltr'>τῷ</span> <span class='ocrx_word' id='word_1_791' title='bbox 2207 4379 2490 4449; x_wconf 89' lang='grc' dir='ltr'>πράγματι</span> <span class='ocrx_word' id='word_1_792' title='bbox 2521 4376 2725 4447; x_wconf 82' lang='grc' dir='ltr'>σφόδρα</span> <span class='ocrx_word' id='word_1_793' title='bbox 2748 4374 3145 4446; x_wconf 87' lang='grc' dir='ltr'>κεχαρισμένον</span> <span class='ocrx_word' id='word_1_794' title='bbox 3165 4376 3230 4444; x_wconf 81' lang='grc' dir='ltr'>τῇ</span> <span class='ocrx_word' id='word_1_795' title='bbox 3261 4374 3509 4444; x_wconf 69' lang='grc' dir='ltr'>εὐγενείᾳ</span> <span class='ocrx_word' id='word_1_796' title='bbox 3536 4373 3689 4446; x_wconf 71' lang='grc'><strong>[621]</strong></span> 
     </span>
    </p>
   </div>
   <div class='ocr_carea' id='block_1_106' title="bbox 2111 4464 3689 4537">
    <p class='ocr_par' dir='ltr' id='par_1_106' title="bbox 2111 4464 3689 4537">
     <span class='ocr_line' id='line_1_108' title="bbox 2111 4464 3689 4537; baseline -0.003 -16"><span class='ocrx_word' id='word_1_797' title='bbox 2111 4486 2204 4523; x_wconf 87' lang='grc' dir='ltr'>σου</span> <span class='ocrx_word' id='word_1_798' title='bbox 2232 4511 2246 4534; x_wconf 92' lang='grc'>,</span> <span class='ocrx_word' id='word_1_799' title='bbox 2278 4469 2372 4523; x_wconf 82' lang='grc' dir='ltr'>καὶ</span> <span class='ocrx_word' id='word_1_800' title='bbox 2405 4467 2754 4523; x_wconf 87' lang='grc' dir='ltr'>ἀναπαύοντά</span> <span class='ocrx_word' id='word_1_801' title='bbox 2805 4483 2899 4519; x_wconf 93' lang='grc' dir='ltr'>σου</span> <span class='ocrx_word' id='word_1_802' title='bbox 2935 4465 3032 4537; x_wconf 82' lang='grc' dir='ltr'>τὴν</span> <span class='ocrx_word' id='word_1_803' title='bbox 3083 4465 3414 4536; x_wconf 87' lang='grc' dir='ltr'>ἐμμέλειαν,</span> <span class='ocrx_word' id='word_1_804' title='bbox 3449 4465 3508 4517; x_wconf 77' lang='grc' dir='ltr'>ὃν</span> <span class='ocrx_word' id='word_1_805' title='bbox 3556 4464 3689 4536; x_wconf 80' lang='grc' dir='ltr'>παρ’</span> 
     </span>
    </p>
   </div>
   <div class='ocr_carea' id='block_1_107' title="bbox 2110 4556 3692 4629">
    <p class='ocr_par' dir='ltr' id='par_1_107' title="bbox 2110 4556 3692 4629">
     <span class='ocr_line' id='line_1_109' title="bbox 2110 4556 3692 4629; baseline -0.004 -16"><span class='ocrx_word' id='word_1_806' title='bbox 2110 4560 2276 4613; x_wconf 89' lang='grc' dir='ltr'>αὐτοῦ</span> <span class='ocrx_word' id='word_1_807' title='bbox 2313 4558 2520 4629; x_wconf 86' lang='grc' dir='ltr'>μαθὼν,</span> <span class='ocrx_word' id='word_1_808' title='bbox 2549 4559 2805 4613; x_wconf 90' lang='grc' dir='ltr'>κέλευσον</span> <span class='ocrx_word' id='word_1_809' title='bbox 2837 4557 3082 4610; x_wconf 80' lang='grc' dir='ltr'>διάκονον</span> <span class='ocrx_word' id='word_1_810' title='bbox 3109 4556 3362 4627; x_wconf 88' lang='grc' dir='ltr'>γενέσθαι</span> <span class='ocrx_word' id='word_1_811' title='bbox 3390 4557 3489 4627; x_wconf 80' lang='grc' dir='ltr'>τῆς</span> <span class='ocrx_word' id='word_1_812' title='bbox 3517 4556 3692 4624; x_wconf 80' lang='grc' dir='ltr'>καλῆς</span> 
     </span>
    </p>
   </div>
   <div class='ocr_carea' id='block_1_108' title="bbox 2110 4645 3689 4722">
    <p class='ocr_par' dir='ltr' id='par_1_108' title="bbox 2110 4645 3689 4722">
     <span class='ocr_line' id='line_1_110' title="bbox 2110 4645 3689 4722; baseline -0.005 -17"><span class='ocrx_word' id='word_1_813' title='bbox 2110 4651 2314 4722; x_wconf 88' lang='grc' dir='ltr'>ταύτης</span> <span class='ocrx_word' id='word_1_814' title='bbox 2349 4651 2682 4722; x_wconf 83' lang='grc' dir='ltr'>οἰκονομίας.</span> <span class='ocrx_word' id='word_1_815' title='bbox 2732 4646 2901 4702; x_wconf 80' lang='grc' dir='ltr'>Οἶσθα</span> <span class='ocrx_word' id='word_1_816' title='bbox 2963 4649 3072 4719; x_wconf 89' lang='grc' dir='ltr'>γάρ</span> <span class='ocrx_word' id='word_1_817' title='bbox 3127 4649 3313 4720; x_wconf 74' lang='grc' dir='ltr'>ἡλίκον</span> <span class='ocrx_word' id='word_1_818' title='bbox 3377 4649 3530 4700; x_wconf 75' lang='grc' dir='ltr'>ἔσται</span> <span class='ocrx_word' id='word_1_819' title='bbox 3593 4645 3689 4698; x_wconf 89' lang='grc' dir='ltr'>τοῦ</span> 
     </span>
    </p>
   </div>
   <div class='ocr_carea' id='block_1_109' title="bbox 2115 4735 3692 4813">
    <p class='ocr_par' dir='ltr' id='par_1_109' title="bbox 2115 4735 3692 4813">
     <span class='ocr_line' id='line_1_111' title="bbox 2115 4735 3692 4813; baseline -0.004 -19"><span class='ocrx_word' id='word_1_820' title='bbox 2115 4743 2437 4813; x_wconf 86' lang='grc' dir='ltr'>πράγματος</span> <span class='ocrx_word' id='word_1_821' title='bbox 2461 4742 2520 4794; x_wconf 74' lang='grc' dir='ltr'>τὸ</span> <span class='ocrx_word' id='word_1_822' title='bbox 2549 4741 2738 4811; x_wconf 89' lang='grc' dir='ltr'>κέρδος</span> <span class='ocrx_word' id='word_1_823' title='bbox 2781 4742 2874 4794; x_wconf 75' lang='grc' dir='ltr'>καὶ</span> <span class='ocrx_word' id='word_1_824' title='bbox 2905 4740 2991 4794; x_wconf 76' lang='grc' dir='ltr'>διὰ</span> <span class='ocrx_word' id='word_1_825' title='bbox 3019 4739 3118 4809; x_wconf 72' lang='grc' dir='ltr'>τῆς</span> <span class='ocrx_word' id='word_1_826' title='bbox 3168 4737 3469 4809; x_wconf 90' lang='grc' dir='ltr'>παρουσίας</span> <span class='ocrx_word' id='word_1_827' title='bbox 3502 4735 3692 4788; x_wconf 88' lang='grc' dir='ltr'>τούτου</span> 
     </span>
    </p>
   </div>
   <div class='ocr_carea' id='block_1_110' title="bbox 2113 4824 3692 4903">
    <p class='ocr_par' dir='ltr' id='par_1_110' title="bbox 2113 4824 3692 4903">
     <span class='ocr_line' id='line_1_112' title="bbox 2113 4824 3692 4903; baseline -0.006 -18"><span class='ocrx_word' id='word_1_828' title='bbox 2113 4832 2214 4902; x_wconf 79' lang='grc' dir='ltr'>τῆς</span> <span class='ocrx_word' id='word_1_829' title='bbox 2237 4834 2315 4896; x_wconf 83' lang='grc' dir='ltr'>εἰς</span> <span class='ocrx_word' id='word_1_830' title='bbox 2347 4833 2445 4903; x_wconf 77' lang='grc' dir='ltr'>τὴν</span> <span class='ocrx_word' id='word_1_831' title='bbox 2483 4832 2755 4902; x_wconf 78' lang='grc' dir='ltr'>Φοινίκην,</span> <span class='ocrx_word' id='word_1_832' title='bbox 2785 4831 2879 4884; x_wconf 78' lang='grc' dir='ltr'>καὶ</span> <span class='ocrx_word' id='word_1_833' title='bbox 2907 4829 2996 4883; x_wconf 87' lang='grc' dir='ltr'>διά</span> <span class='ocrx_word' id='word_1_834' title='bbox 3018 4831 3118 4899; x_wconf 78' lang='grc' dir='ltr'>τῆς</span> <span class='ocrx_word' id='word_1_835' title='bbox 3139 4827 3447 4898; x_wconf 90' lang='grc' dir='ltr'>φιλοτιμίας</span> <span class='ocrx_word' id='word_1_836' title='bbox 3467 4826 3564 4896; x_wconf 78' lang='grc' dir='ltr'>τῆς</span> <span class='ocrx_word' id='word_1_837' title='bbox 3590 4824 3692 4893; x_wconf 78' lang='grc' dir='ltr'>σῆς</span> 
     </span>
    </p>
   </div>
   <div class='ocr_carea' id='block_1_111' title="bbox 2119 4918 3693 4995">
    <p class='ocr_par' dir='ltr' id='par_1_111' title="bbox 2119 4918 3693 4995">
     <span class='ocr_line' id='line_1_113' title="bbox 2119 4918 3693 4995; baseline -0.004 -19"><span class='ocrx_word' id='word_1_838' title='bbox 2119 4923 2616 4995; x_wconf 87' lang='grc' dir='ltr'>μεγαλοπρεπείας.</span> <span class='ocrx_word' id='word_1_839' title='bbox 2636 4923 2747 4976; x_wconf 73' lang='grc' dir='ltr'>Καὶ</span> <span class='ocrx_word' id='word_1_840' title='bbox 2776 4923 3100 4992; x_wconf 88' lang='grc' dir='ltr'>ἀμφοτέρων</span> <span class='ocrx_word' id='word_1_841' title='bbox 3128 4921 3332 4972; x_wconf 87' lang='grc' dir='ltr'>τούτων</span> <span class='ocrx_word' id='word_1_842' title='bbox 3361 4918 3520 4980; x_wconf 83' lang='grc' dir='ltr'>αὐτὸς</span> <span class='ocrx_word' id='word_1_843' title='bbox 3541 4918 3693 4989; x_wconf 80' lang='grc' dir='ltr'>λήψῃ</span> 
     </span>
    </p>
   </div>
   <div class='ocr_carea' id='block_1_112' title="bbox 2113 5010 3695 5086">
    <p class='ocr_par' dir='ltr' id='par_1_112' title="bbox 2113 5010 3695 5086">
     <span class='ocr_line' id='line_1_114' title="bbox 2113 5010 3695 5086; baseline -0.004 -18"><span class='ocrx_word' id='word_1_844' title='bbox 2113 5017 2205 5069; x_wconf 71' lang='grc' dir='ltr'>τὸν</span> <span class='ocrx_word' id='word_1_845' title='bbox 2233 5016 2423 5086; x_wconf 80' lang='grc' dir='ltr'>μισθὸν</span> <span class='ocrx_word' id='word_1_846' title='bbox 2449 5055 2462 5076; x_wconf 95' lang='grc'>,</span> <span class='ocrx_word' id='word_1_847' title='bbox 2497 5014 2589 5068; x_wconf 80' lang='grc' dir='ltr'>ἀτε</span> <span class='ocrx_word' id='word_1_848' title='bbox 2629 5013 2895 5084; x_wconf 86' lang='grc' dir='ltr'>τοσαύτην</span> <span class='ocrx_word' id='word_1_849' title='bbox 2929 5013 3210 5081; x_wconf 78' lang='grc' dir='ltr'>δαψίλειαν</span> <span class='ocrx_word' id='word_1_850' title='bbox 3253 5010 3695 5080; x_wconf 78' lang='grc' dir='ltr'>ἐπιδεικνύμενος</span> 
     </span>
    </p>
   </div>
   <div class='ocr_carea' id='block_1_113' title="bbox 2115 5103 3692 5180">
    <p class='ocr_par' dir='ltr' id='par_1_113' title="bbox 2115 5103 3692 5180">
     <span class='ocr_line' id='line_1_115' title="bbox 2115 5103 3692 5180; baseline -0.002 -19"><span class='ocrx_word' id='word_1_851' title='bbox 2115 5109 2244 5180; x_wconf 78' lang='grc' dir='ltr'>περὶ</span> <span class='ocrx_word' id='word_1_852' title='bbox 2277 5111 2401 5171; x_wconf 73' lang='grc' dir='ltr'>τοὺς</span> <span class='ocrx_word' id='word_1_853' title='bbox 2452 5111 2510 5160; x_wconf 84' lang='grc' dir='ltr'>ἐν</span> <span class='ocrx_word' id='word_1_854' title='bbox 2545 5108 2763 5178; x_wconf 78' lang='grc' dir='ltr'>Φοινίκῃ</span> <span class='ocrx_word' id='word_1_855' title='bbox 2825 5106 3194 5176; x_wconf 81' lang='grc' dir='ltr'>κατηχοῦντας</span> <span class='ocrx_word' id='word_1_856' title='bbox 3242 5106 3368 5168; x_wconf 86' lang='grc' dir='ltr'>τούς</span> <span class='ocrx_word' id='word_1_857' title='bbox 3403 5103 3692 5174; x_wconf 82' lang='grc' dir='ltr'>Ἕλληνας,</span> 
     </span>
    </p>
   </div>
   <div class='ocr_carea' id='block_1_114' title="bbox 2117 5196 3692 5269">
    <p class='ocr_par' dir='ltr' id='par_1_114' title="bbox 2117 5196 3692 5269">
     <span class='ocr_line' id='line_1_116' title="bbox 2117 5196 3692 5269; baseline -0.002 -16"><span class='ocrx_word' id='word_1_858' title='bbox 2117 5201 2211 5253; x_wconf 72' lang='grc' dir='ltr'>καὶ</span> <span class='ocrx_word' id='word_1_859' title='bbox 2232 5200 2358 5269; x_wconf 79' lang='grc' dir='ltr'>περὶ</span> <span class='ocrx_word' id='word_1_860' title='bbox 2387 5199 2484 5267; x_wconf 82' lang='grc' dir='ltr'>τὴν</span> <span class='ocrx_word' id='word_1_861' title='bbox 2505 5197 2791 5268; x_wconf 76' lang='grc' dir='ltr'>οἰκοδομὴν</span> <span class='ocrx_word' id='word_1_862' title='bbox 2819 5198 2926 5249; x_wconf 89' lang='grc' dir='ltr'>τῶν</span> <span class='ocrx_word' id='word_1_863' title='bbox 2949 5197 3252 5265; x_wconf 81' lang='grc' dir='ltr'>ἐκκλησιῶν</span> <span class='ocrx_word' id='word_1_864' title='bbox 3268 5196 3692 5262; x_wconf 85' lang='grc' dir='ltr'>ἐσπουδακότας,</span> 
     </span>
    </p>
   </div>
   <div class='ocr_carea' id='block_1_115' title="bbox 2117 5287 3698 5361">
    <p class='ocr_par' dir='ltr' id='par_1_115' title="bbox 2117 5287 3698 5361">
     <span class='ocr_line' id='line_1_117' title="bbox 2117 5287 3698 5361; baseline -0.003 -15"><span class='ocrx_word' id='word_1_865' title='bbox 2117 5294 2212 5346; x_wconf 74' lang='grc' dir='ltr'>καὶ</span> <span class='ocrx_word' id='word_1_866' title='bbox 2242 5291 2409 5361; x_wconf 83' lang='grc' dir='ltr'>ἀνδρα</span> <span class='ocrx_word' id='word_1_867' title='bbox 2438 5289 2678 5343; x_wconf 87' lang='grc' dir='ltr'>τοιοῦτον</span> <span class='ocrx_word' id='word_1_868' title='bbox 2717 5290 3025 5358; x_wconf 86' lang='grc' dir='ltr'>ἀναστήσας</span> <span class='ocrx_word' id='word_1_869' title='bbox 3050 5328 3064 5351; x_wconf 94' lang='grc'>,</span> <span class='ocrx_word' id='word_1_870' title='bbox 3097 5287 3190 5340; x_wconf 76' lang='grc' dir='ltr'>καὶ</span> <span class='ocrx_word' id='word_1_871' title='bbox 3223 5287 3449 5356; x_wconf 81' lang='grc' dir='ltr'>πέμψας</span> <span class='ocrx_word' id='word_1_872' title='bbox 3493 5291 3572 5353; x_wconf 87' lang='grc' dir='ltr'>είς</span> <span class='ocrx_word' id='word_1_873' title='bbox 3600 5306 3698 5342; x_wconf 87' lang='grc' dir='ltr'>πα-</span> 
     </span>
    </p>
   </div>
   <div class='ocr_carea' id='block_1_116' title="bbox 2122 5377 3696 5457">
    <p class='ocr_par' dir='ltr' id='par_1_116' title="bbox 2122 5377 3696 5457">
     <span class='ocr_line' id='line_1_118' title="bbox 2122 5377 3696 5457; baseline -0.006 -18"><span class='ocrx_word' id='word_1_874' title='bbox 2122 5384 2385 5457; x_wconf 86' lang='grc' dir='ltr'>ράκλησιν</span> <span class='ocrx_word' id='word_1_875' title='bbox 2413 5380 2612 5445; x_wconf 88' lang='grc' dir='ltr'>αὐτῶν,</span> <span class='ocrx_word' id='word_1_876' title='bbox 2643 5381 2738 5434; x_wconf 75' lang='grc' dir='ltr'>καὶ</span> <span class='ocrx_word' id='word_1_877' title='bbox 2765 5379 3000 5450; x_wconf 90' lang='grc' dir='ltr'>μάλιστα</span> <span class='ocrx_word' id='word_1_878' title='bbox 3039 5377 3132 5431; x_wconf 90' lang='grc' dir='ltr'>νῦν</span> <span class='ocrx_word' id='word_1_879' title='bbox 3159 5380 3217 5431; x_wconf 89' lang='grc' dir='ltr'>ἐν</span> <span class='ocrx_word' id='word_1_880' title='bbox 3245 5378 3485 5450; x_wconf 86' lang='grc' dir='ltr'>τοσαύτῃ</span> <span class='ocrx_word' id='word_1_881' title='bbox 3509 5380 3696 5431; x_wconf 83' lang='grc' dir='ltr'>δυσκο-</span> 
     </span>
    </p>
   </div>
   <div class='ocr_carea' id='block_1_117' title="bbox 2185 5508 3692 5576">
    <p class='ocr_par' dir='ltr' id='par_1_117' title="bbox 2185 5508 3692 5576">
     <span class='ocr_line' id='line_1_119' title="bbox 2185 5508 3692 5576; baseline -0.005 -11"><span class='ocrx_word' id='word_1_882' title='bbox 2185 5520 2207 5547; x_wconf 76' lang='lat'><strong>°</strong></span> <span class='ocrx_word' id='word_1_883' title='bbox 2256 5515 2368 5576; x_wconf 44' lang='lat' dir='ltr'>Mss:</span> <span class='ocrx_word' id='word_1_884' title='bbox 2417 5514 2560 5562; x_wconf 80' lang='lat' dir='ltr'><strong>mulli</strong></span> <span class='ocrx_word' id='word_1_885' title='bbox 2598 5514 2871 5576; x_wconf 14' lang='grc' dir='ltr'>πρὶίὴμᾶς</span> <span class='ocrx_word' id='word_1_886' title='bbox 2912 5512 3122 5576; x_wconf 62' lang='grc' dir='ltr'>γέγονας</span> <span class='ocrx_word' id='word_1_887' title='bbox 3163 5510 3242 5559; x_wconf 78' lang='grc' dir='ltr'>διὰ</span> <span class='ocrx_word' id='word_1_888' title='bbox 3269 5508 3429 5576; x_wconf 74' lang='grc' dir='ltr'>ταῦτά</span> <span class='ocrx_word' id='word_1_889' title='bbox 3473 5525 3548 5576; x_wconf 76' lang='grc' dir='ltr'>σε,</span> <span class='ocrx_word' id='word_1_890' title='bbox 3573 5514 3692 5576; x_wconf 73' lang='lat' dir='ltr'>e_w.,</span> 
     </span>
    </p>
   </div>
   <div class='ocr_carea' id='block_1_118' title="bbox 2119 5571 3694 5638">
    <p class='ocr_par' dir='ltr' id='par_1_118' title="bbox 2119 5571 3694 5638">
     <span class='ocr_line' id='line_1_120' title="bbox 2119 5571 3694 5638; baseline -0.006 -12"><span class='ocrx_word' id='word_1_891' title='bbox 2119 5579 2315 5626; x_wconf 85' lang='lat' dir='ltr'>omissis</span> <span class='ocrx_word' id='word_1_892' title='bbox 2355 5571 2674 5638; x_wconf 69' lang='lat' dir='ltr'>inlerposilis&#39;</span> <span class='ocrx_word' id='word_1_893' title='bbox 2705 5571 2801 5622; x_wconf 55' lang='lat' dir='ltr'><strong>illisi</strong></span> <span class='ocrx_word' id='word_1_894' title='bbox 2829 5571 3009 5633; x_wconf 76' lang='lat' dir='ltr'>verbis,</span> <span class='ocrx_word' id='word_1_895' title='bbox 3047 5574 3191 5636; x_wconf 74' lang='grc' dir='ltr'>μείζω</span> <span class='ocrx_word' id='word_1_896' title='bbox 3229 5573 3314 5628; x_wconf 83' lang='grc' dir='ltr'>τήν</span> <span class='ocrx_word' id='word_1_897' title='bbox 3348 5571 3552 5632; x_wconf 83' lang='grc' dir='ltr'>στοργήν</span> <span class='ocrx_word' id='word_1_898' title='bbox 3589 5573 3694 5618; x_wconf 75' lang='grc' dir='ltr'>ἐνι-</span> 
     </span>
    </p>
   </div>
   <div class='ocr_carea' id='block_1_119' title="bbox 2123 5640 3693 5758">
    <p class='ocr_par' dir='ltr' id='par_1_119' title="bbox 2123 5640 3693 5758">
     <span class='ocr_line' id='line_1_121' title="bbox 2123 5640 3693 5758; baseline -0.008 -10"><span class='ocrx_word' id='word_1_899' title='bbox 2123 5640 2396 5748; x_wconf 33' lang='lat' dir='ltr'>hianna</span> <span class='ocrx_word' id='word_1_900' title='bbox 2421 5699 2538 5758; x_wconf 84' lang='grc' dir='ltr'>μετά</span> <span class='ocrx_word' id='word_1_901' title='bbox 2556 5698 2768 5752; x_wconf 80' lang='grc' dir='ltr'>πλείονος</span> <span class='ocrx_word' id='word_1_902' title='bbox 2794 5699 2931 5747; x_wconf 80' lang='lat' dir='ltr'><strong>uncis</strong></span> <span class='ocrx_word' id='word_1_903' title='bbox 2953 5695 3150 5745; x_wconf 75' lang='lat' dir='ltr'>inclusit</span> <span class='ocrx_word' id='word_1_904' title='bbox 3169 5694 3364 5754; x_wconf 66' lang='lat' dir='ltr'>Morel,</span> <span class='ocrx_word' id='word_1_905' title='bbox 3387 5689 3559 5740; x_wconf 76' lang='lat' dir='ltr'>omisit.</span> <span class='ocrx_word' id='word_1_906' title='bbox 3581 5685 3693 5734; x_wconf 62' lang='lat' dir='ltr'>Si&quot;.</span> 
     </span>
    </p>
   </div>
  </div>
