4058 6218
450 255 552 310 637

450 373 844 438 Oppugnantur.
891 363 1251 432 Quamobrem
1293 359 1626 418 considerata
1662 358 1904 429 praeclari
1936 358 2034 413 hu-

447 458 600 528 jusce
626 457 819 527 negotii
849 456 1228 528 magnitudine,
1269 471 1336 512 ne
1358 471 1480 511 eum
1503 454 1586 508 vel
1618 452 1880 508 tantillum
1909 467 2041 506 eun-

454 552 586 606 ctari
632 562 834 620 patere,
868 565 1050 603 verum
1101 550 1201 603 hoc
1243 548 1416 614 effice,
1451 555 1508 602 ut
1553 545 1695 600 nulla
1728 544 2038 613 interposita

455 657 603 695 mora
654 640 757 696 hoc
801 641 901 694 iter
927 638 1178 707 suscipiat
1211 656 1224 690 :
1257 638 1335 691 sic
1361 637 1503 692 enim
1554 636 1668 700 tibi,
1699 635 1914 690 domine
1968 635 2039 688 mi

455 747 798 801 summopere
818 729 1150 795 admirando,
1175 743 1270 798 per
1295 727 1560 797 egregiam
1588 725 1888 795 hujusmodi
1915 738 2044 794 ope-

456 839 596 886 ram,
641 822 876 892 amplam
907 820 1047 891 apud
1087 820 1374 890 benignum
1428 819 1594 874 Deum
1622 816 1924 874 mercedem
1952 833 2042 872 re-

453 915 675 970 condes.

549 1051 682 1108 LII.
711 1051 924 1106 Adoliaz.
956 1049 1189 1122 (Cucuso
1216 1063 1376 1114 anno,
1405 1058 1459 1104 ut
1491 1057 1722 1120 putatur,
1754 1048 1906 1121 404.)

525 1187 679 1254 Quod
703 1187 754 1240 in
776 1185 1018 1240 morbum
1046 1185 1314 1248 incideris,
1337 1183 1641 1249 didicimus,
1659 1190 1714 1237 et
1741 1182 2040 1254 quidemita

454 1293 669 1349 gravem
683 1287 736 1332 et
757 1276 1009 1333 acerbum
1028 1288 1082 1331 ut
1095 1275 1160 1330 ad
1176 1276 1316 1344 ipsas
1331 1291 1540 1345 quoque
1556 1275 1740 1330 mortis
1761 1282 1944 1344 portas
1953 1287 2042 1328 ac-

455 1369 702 1433 cesseris;
721 1370 918 1423 scimus
939 1368 1096 1423 etiam
1118 1375 1168 1421 te
1190 1382 1222 1422 e
1248 1367 1433 1420 morbo
1448 1365 1800 1430 convaluisse,
1817 1379 1880 1419 ac
1897 1364 2041 1433 peri-

455 1461 576 1516 culo
587 1461 694 1529 jam
715 1460 987 1515 liberatam
1003 1458 1069 1513 ad
1091 1459 1369 1513 sanitatem
1389 1457 1652 1527 progredi.
1675 1457 1744 1510 At
1767 1472 1834 1510 ex
1851 1456 1956 1510 tuis
1978 1455 2042 1510 li-

460 1552 589 1606 teris
615 1551 745 1605 nihil
776 1550 964 1604 horum
1006 1549 1240 1603 intellexi
1255 1566 1274 1613 ;
1301 1547 1527 1617 ideoque
1547 1546 1833 1602 admodum
1860 1545 2039 1611 dolui;

459 1658 642 1698 verum
661 1641 894 1708 aliunde,
913 1649 1072 1711 atque
1098 1640 1166 1695 ab
1190 1639 1327 1694 aliis.
1351 1639 1616 1694 Caeterum
1639 1637 1767 1693 illud
1797 1638 1949 1693 nobis
1974 1638 2041 1692 ad

459 1734 876 1790 consolationem
905 1732 1118 1787 abunde
1145 1739 1256 1797 est,
1275 1731 1417 1799 quod
1451 1745 1481 1784 e
1503 1729 1690 1786 morbo
1736 1729 2038 1783 emerseris.

459 1826 573 1880 Etsi
611 1833 787 1880 autem
817 1823 871 1880 id
919 1823 1073 1878 nobis
1117 1821 1376 1886 sufficiat,
1405 1835 1512 1876 non
1547 1830 1824 1892 propterea
1865 1829 2041 1875 tamen

459 1917 674 1985 longum
705 1915 806 1970 hoc
846 1923 992 1968 tuum
1039 1914 1306 1968 silentium
1339 1911 1547 1982 placido
1575 1912 1753 1966 animo
1800 1910 2038 1966 ferimus.

459 2006 733 2061 Vellemus
761 2005 926 2072 enim,
955 2014 1010 2059 ut
1039 2006 1149 2076 ipsa
1180 2019 1390 2075 quoque
1417 2003 1576 2067 nosti,
1607 2013 1660 2058 te
1685 2003 1790 2057 huc
1819 2003 2041 2058 venien-

461 2106 567 2152 tem
599 2112 839 2152 cernere.
881 2097 958 2150 Ac
986 2111 1144 2160 sane,
1176 2095 1276 2149 nisi
1307 2093 1523 2149 morbus
1569 2094 1883 2159 accidisset,
1913 2093 2044 2148 nihil

460 2197 577 2244 erat
614 2187 753 2256 quod
795 2188 1097 2258 impediret.
1149 2187 1280 2241 Nam
1326 2195 1380 2240 et
1409 2187 1566 2254 hujus
1611 2186 1844 2256 regionis
1873 2185 2045 2241 hiems

459 2280 808 2336 animnissimi
834 2282 974 2337 veris
1002 2279 1233 2349 speciem
1277 2278 1537 2333 hactenus
1572 2277 1828 2343 imitatur,
1859 2286 1912 2332 et
1944 2279 2046 2332 Ar-

461 2372 636 2427 menia
663 2372 856 2426 lsauris
881 2371 1098 2426 liberata
1125 2377 1226 2424 est.
1246 2369 1514 2433 Attamen,
1539 2377 1596 2422 ut
1613 2368 1718 2422 huc
1743 2369 1945 2433 venias,
1968 2369 2048 2423 in-

461 2463 624 2516 vitam
656 2477 717 2516 ac
737 2469 1121 2532 repugnantem
1145 2458 1369 2517 minime
1401 2457 1659 2528 cogimus.
1695 2457 1846 2526 Quod
1867 2468 2046 2512 autem

464 2570 564 2610 nec
591 2555 890 2609 Isaurorum
917 2561 1092 2608 metus
1133 2567 1232 2608 nec
1261 2552 1452 2608 hiemis
1473 2550 1795 2617 acrimonia,
1825 2564 1926 2604 nec
1971 2550 2052 2604 iti-

464 2647 609 2700 neris
639 2659 902 2711 zcrumna,
933 2659 1034 2700 nec
1062 2643 1204 2698 aliud
1226 2643 1514 2713 quidquam
1541 2641 1791 2713 impedit,
1821 2641 1923 2696 hoc
1950 2656 2047 2712 pe-

463 2737 663 2803 timus,
692 2735 942 2790 nimirum
988 2742 1045 2788 ut
1085 2743 1222 2801 ate,
1250 2733 1402 2802 cujus
1451 2731 1647 2788 ardens
1691 2748 1815 2802 erga
1845 2747 1946 2788 nos
1985 2746 2050 2787 ac

463 2826 670 2880 sincera
699 2823 1072 2880 benevolentia
1100 2831 1220 2890 est,
1250 2822 1443 2877 crebro
1478 2822 1660 2876 literas
1701 2822 2044 2890 accipiamus.

462 2916 596 2972 Nam
621 2917 665 2970 si
693 2930 784 2970 cas
805 2957 822 2982 ,
850 2915 917 2970 de
947 2923 1035 2969 tua
1061 2912 1358 2968 valetudine
1384 2912 1656 2982 animique
1679 2913 1753 2967 tui
1782 2912 2049 2968 hilaritate

465 3023 566 3064 nos
593 3009 849 3064 certiores
893 3007 1180 3069 facientes,
1210 3019 1354 3074 smpe
1396 3003 1762 3068 obtineamus,
1795 3019 1901 3058 non
1931 3018 2048 3072 me-

463 3100 700 3155 diocrem
732 3098 856 3154 hinc
878 3113 1090 3168 quoque
1134 3095 1553 3151 consolationem
1582 3095 1872 3164 capiemus.
1915 3093 2048 3149 Cum

466 3193 650 3262 igitur,
678 3202 876 3261 quanto
897 3206 996 3246 nos
1023 3188 1283 3244 beneficio
1304 3186 1557 3241 aﬂ‘eCtura
1587 3187 1682 3252 sis,
1714 3185 2052 3240 animadver-

469 3294 584 3349 tas,
612 3282 661 3336 id
694 3282 869 3337 facere
911 3297 979 3335 ne
1022 3278 1283 3350 graveris.
1329 3277 1446 3332 Scis
1470 3275 1610 3331 enim
1633 3291 1790 3345 quam
1825 3285 1877 3330 te
1899 3290 2052 3330 com-

467 3377 781 3446 plectamur,
803 3383 1160 3445 quantamque
1179 3386 1392 3442 semper
1413 3384 1537 3441 erga
1567 3376 1619 3424 te
1643 3369 1917 3424 caritatem
1940 3384 2052 3439 prae

469 3467 626 3523 nobis
656 3467 953 3522 tulerimus.

585 3595 750 3652 LIII.
785 3596 1002 3652 Nicolao
1031 3595 1332 3668 presbytero.
1367 3591 1598 3666 (Cucuso
1623 3605 1764 3647 anno
1789 3589 1940 3661 405).

545 3731 862 3803 Magnopere
911 3745 1010 3786 nos
1050 3729 1264 3785 erexisti
1288 3769 1304 3793 ,
1347 3737 1506 3798 atque
1546 3725 1747 3796 ingenti
1788 3726 2060 3795 voluptate

473 3824 792 3896 perfodisti,
837 3839 958 3877 cum
1006 3821 1132 3876 illud
1186 3819 1526 3890 signiﬁcasti,
1571 3833 1913 3888 permagnam
1965 3817 2059 3873 tibi

475 3918 763 3974 Ριιιειιίοἰιε
810 3932 992 3971 curam
1049 3928 1203 3980 esse,
1247 3921 1402 3983 teque
1430 3919 1580 3965 tanto
1613 3910 1736 3965 licet
1774 3909 2058 3965 intervallo

473 4011 743 4074 dissitum,
775 4023 870 4063 eos
897 4007 986 4078 qui
1019 4007 1125 4061 illic
1171 4003 1372 4073 degunt
1403 4016 1496 4071 per
1540 4001 1720 4056 literas
1750 4000 1816 4054 ad
1847 3999 2063 4069 pietatis

475 4100 708 4154 studium
739 4112 933 4152 acuere
969 4105 1126 4166 atque
1156 4091 1357 4148 hortari
1383 4109 1397 4144 :
1430 4106 1531 4161 qua
1563 4091 1613 4144 in
1651 4106 1711 4146 re
1736 4091 1909 4146 zelum
1933 4105 2064 4160 apo-

476 4195 722 4250 stolicum
755 4201 996 4262 przestas.
1029 4191 1209 4259 anue
1237 4203 1397 4244 causa
1441 4195 1494 4242 te
1533 4185 1785 4241 admirari
1831 4200 1895 4240 ac
1939 4184 2066 4239 bea-

478 4297 588 4341 tum
618 4283 910 4354 prmdicare
952 4281 1172 4336 minime
1221 4279 1655 4343 intermittimus,
1680 4276 1821 4348 quod
1861 4284 1917 4332 et
1945 4290 2063 4330 mo-

477 4377 682 4432 naclios
718 4383 874 4429 antea
917 4373 1138 4435 misisti,
1171 4379 1226 4426 et
1251 4384 1390 4424 nunc
1416 4408 1432 4435 ,
1465 4368 1516 4422 in
1561 4377 1701 4422 tanta
1733 4368 2064 4438 negotiorum

479 4466 826 4531 difficultate,
851 4480 958 4519 non
1001 4461 1160 4518 modo
1199 4476 1291 4517 eos
1322 4475 1428 4514 non
1451 4459 1713 4514 abduxisti
1734 4498 1750 4524 ,
1780 4457 1874 4514 sed
1904 4457 2065 4512 etiam

480 4571 699 4611 manere
723 4555 980 4624 coegisti,
1013 4551 1198 4622 optimi
1237 4550 1484 4605 videlicet
1509 4549 1883 4619 gubernatoris
1906 4556 2067 4618 atque

478 4649 679 4720 egregii
705 4647 896 4702 medici
929 4659 1148 4699 munere
1168 4642 1507 4714 perfungens.
1538 4640 1607 4695 Ut
1629 4641 1772 4695 enim
1799 4639 1886 4694 ille
1906 4680 1922 4705 ,
1945 4653 2067 4694 cum

481 4743 678 4796 fluctus
707 4738 930 4794 excitari
959 4735 1134 4802 videt,
1178 4744 1289 4789 tum
1338 4734 1457 4802 plus
1484 4731 1642 4786 studii
1671 4746 1734 4785 ac
1779 4729 2069 4800 diligentiae

478 4836 718 4900 adhibet,
769 4842 929 4902 atque
969 4830 1059 4884 hic
1108 4829 1268 4886 item.
1307 4841 1429 4880 cum
1475 4824 1662 4880 febrim
1711 4823 1764 4877 in
1811 4822 2070 4892 majorem

479 4926 753 4980 flammam
778 4922 1044 4978 exarsisse
1071 4919 1327 4990 perspicit
1349 4958 1364 4982 ,
1386 4925 1498 4971 tum
1541 4913 1730 4984 majori
1770 4923 1886 4968 arte
1911 4922 2070 4983 atque

481 5015 741 5071 industria
775 5014 935 5068 utitur
966 5031 980 5066 :
1007 5011 1072 5066 ad
1093 5009 1338 5065 eumdem
1367 5006 1582 5062 modum
1611 5014 1667 5060 tu
1694 5020 1938 5075 quoque,
1969 5019 2073 5060 no-

483 5107 747 5161 bilissime
788 5119 852 5158 ac
888 5099 1285 5172 religiosissime
1330 5098 1578 5160 domine,
1610 5112 1721 5151 rem
1757 5097 1952 5151 virtute
1983 5104 2071 5151 tua

481 5199 700 5269 dignam
729 5196 922 5262 fecisti,
949 5194 1091 5265 quod
1120 5209 1238 5248 cum
1268 5206 1437 5262 aegras
1463 5206 1549 5246 res
1575 5205 1696 5246 esse
1719 5205 1782 5246 ac
1811 5191 2073 5247 seditione

486 5291 734 5346 laborare
761 5287 1091 5357 conspexisti
1119 5328 1134 5352 ,
1163 5294 1275 5339 tum
1307 5283 1640 5353 potissimum
1667 5296 1884 5351 operam
1915 5281 2071 5338 dedi-

486 5381 578 5445 sti,
600 5389 656 5434 ut
676 5396 743 5434 ne
772 5380 829 5445 ii,
848 5379 936 5449 qui
961 5378 1069 5433 illic
1093 5377 1312 5446 degunt,
1335 5374 1503 5429 aciem
1532 5372 1861 5441 desererent,
1884 5389 2070 5428 verum

494 5483 876 5537 remanerent,
908 5486 972 5526 ac
1019 5481 1195 5541 partes
1223 5483 1349 5524 suas
1389 5467 1685 5536 explerent.
1712 5466 2070 5533 Quamobrem

488 5564 597 5618 luis
636 5564 748 5633 ipse
785 5563 1017 5632 vestigiis
1068 5561 1308 5626 hazrens,
1350 5557 1856 5615 reverendissimum
1903 5557 2074 5613 domi-

487 5671 622 5713 num
653 5671 828 5713 meum
855 5653 1167 5712 Gerontium
1206 5651 1594 5726 presbyterum,
1625 5652 1669 5708 si
1713 5651 2064 5722 convaluerit,

1899 244 2250 303 EPISTOLE
2265 292 2274 300 .

3623 254 3732 316 633

2147 367 2306 428 atque
2353 355 2418 413 ad
2472 368 2729 429 integram
2783 362 3066 419 sanitatem
3104 366 3354 434 redierit,
3403 372 3727 442 confesthn,

2145 461 2356 516 quaeso,
2379 464 2527 518 urge,
2557 459 2612 504 nt
2637 452 2736 505 iter
2761 453 2887 506 illud
2911 455 3071 510 ineat.
3101 457 3447 529 Quamquam
3463 463 3605 517 enim
3629 479 3727 521 nos

2145 553 2358 608 quoque
2387 555 2507 594 cum
2538 543 2641 595 huc
2669 544 2852 597 venire
2894 559 2959 599 ac
2984 545 3164 600 videre
3199 549 3444 617 cupimus
3469 569 3482 606 :
3517 562 3693 609 tamen
3716 597 3731 620 ,

2146 631 2396 699 quoniam
2444 631 2680 701 regionis
2711 633 2850 688 illius
2885 637 3096 704 negotia
3146 639 3512 710 celeritatem,
3541 645 3733 714 iugen-

2148 729 2361 790 temque
2397 721 2719 790 vigilantiam
2775 725 3126 794 desiderant,
3176 744 3242 783 ne
3283 730 3343 785 in
3381 732 3470 786 via-
3517 734 3733 806 longum

2149 817 2356 879 tempus
2388 819 2617 878 teratur,
2653 814 2927 884 hiemsque
2958 817 3322 875 interveniens
3366 823 3467 877 iter
3512 825 3615 894 ipsi
3647 828 3732 882 in-

2147 903 2429 968 tercludat,
2462 906 2558 960 abs
2585 917 2634 960 te
2663 907 3008 962 vehementer
3034 912 3264 979 petimus
3287 954 3303 979 ,
3334 923 3387 968 ut
3424 925 3477 969 et
3507 932 3627 972 eum
3647 961 3661 984 ,
3686 921 3733 976 si

2146 1007 2211 1048 ex
2241 995 2429 1049 morbo
2455 1003 2728 1051 recreatus
2752 998 2841 1064 sit,
2870 999 2936 1052 ad
2962 1001 3359 1071 suscipiendum
3386 1005 3487 1060 iter
3516 1024 3731 1078 urgeas,

2147 1086 2385 1158 illudque
2407 1103 2584 1155 cures,
2615 1100 2670 1145 ut
2698 1091 2779 1145 vir
2807 1093 3152 1151 suavissimus
3181 1111 3243 1151 ac
3270 1099 3402 1154 mihi
3426 1103 3735 1160 carissimus

2145 1178 2376 1236 Joannes
2404 1183 2681 1254 presbyter
2718 1185 2921 1242 itineris
2947 1187 3196 1244 comitem
3223 1205 3282 1246 se
3329 1192 3427 1262 ipsi
3452 1194 3732 1267 adjunga‘t.

2147 1269 2264 1326 Scis
2304 1271 2446 1326 enim
2493 1274 2726 1344 regionis
2772 1277 2911 1332 illius
2959 1280 3168 1349 negotia
3215 1297 3355 1338 nunc
3399 1299 3464 1339 eo
3491 1286 3734 1356 pluribus

2145 1362 2538 1418 correctoribus
2585 1366 2840 1436 indigere,
2862 1383 2967 1438 quo
2997 1370 3205 1440 longius
3231 1385 3547 1442 serpserunt
3572 1378 3732 1432 mala.

2149 1451 2274 1507 Hmc
2298 1453 2457 1524 igitur
2485 1469 2604 1509 cum
2629 1459 2807 1512 animo
2832 1468 2922 1514 tuo
2949 1471 3223 1530 reputans,
3246 1479 3309 1518 ac
3335 1469 3516 1536 quanti
3539 1470 3734 1525 anima:

2146 1544 2291 1599 salus
2337 1546 2592 1601 momenti
2621 1548 2720 1612 sit,
2751 1551 3076 1619 perspiciens
3097 1594 3112 1617 ,
3149 1565 3481 1627 quantasque
3517 1574 3603 1616 res
3623 1561 3736 1630 jam

2146 1634 2373 1690 antehac
2402 1637 2577 1692 studio
2606 1647 2695 1693 tuo
2729 1655 2793 1695 ac
2816 1642 3092 1712 diligentia
3131 1645 3207 1700 sis
3231 1660 3612 1720 consequutus,
3640 1668 3737 1708 ve-

2147 1725 2239 1779 lim
2271 1737 2376 1781 tam
2407 1743 2501 1797 per
2530 1738 2582 1785 te
2616 1731 2727 1800 ipse
2753 1749 2909 1803 quam
2941 1736 3185 1805 aliorum,
3207 1755 3342 1810 quos
3373 1743 3607 1800 nancisci
3638 1761 3737 1816 po-

2147 1818 2315 1872 tueris
2338 1859 2354 1884 ,
2377 1833 2539 1888 opera
2566 1830 2724 1891 atque
2746 1824 3003 1880 industria
3038 1841 3194 1884 cures
3212 1871 3226 1896 ,
3265 1840 3322 1885 ut
3351 1848 3469 1902 qua:
3497 1845 3738 1892 correcta

2147 1915 2203 1961 et
2222 1917 2407 1963 sanata
2447 1919 2606 1978 sunt,
2634 1913 2784 1967 firma
2834 1926 3121 1984 maneant,
3151 1930 3308 1991 atque
3355 1924 3514 1980 etiam
3567 1915 3738 1982 multo

2149 2003 2354 2072 majore
2381 2006 2690 2062 accessione
2733 2010 3088 2066 cumulentur.
3118 2012 3199 2067 Tu
3238 2026 3384 2072 certe
3413 2017 3580 2072 nihilo
3632 2020 3738 2073 mi-

2150 2109 2356 2160 norem,
2386 2111 2542 2166 quam
2573 2097 2640 2164 ii,
2665 2099 2754 2167 qui
2783 2101 2885 2155 huc
2916 2112 3194 2169 venerunt,
3222 2107 3550 2177 voluptatem
3582 2109 3741 2164 nobis

2149 2186 2371 2240 attulisti
2404 2203 2416 2238 :
2449 2187 2711 2256 siquidem
2754 2189 2936 2244 animo
2980 2206 3044 2245 ac
3084 2195 3358 2252 voluntate
3396 2199 3587 2254 venisti
3617 2207 3740 2253 :atn-

2151 2289 2254 2345 que
2275 2276 2510 2330 caritatis
2541 2277 2744 2344 oculis,
2774 2293 3000 2349 corpore
3026 2280 3152 2338 licet
3193 2285 3489 2354 absentem,
3527 2298 3579 2344 te
3605 2303 3751 2362 quo-

2153 2365 2281 2419 tidie
2346 2364 2655 2432 cernimus,
2706 2367 2992 2440 animoque
3041 2373 3241 2442 passim
3293 2377 3752 2440 circumferimus..

2152 2453 2403 2510 Fortasse
2423 2471 2633 2527 quoque
2651 2458 2805 2513 nobis
2844 2469 3028 2515 mutuo
3052 2475 3342 2533 conspectu
3371 2467 3470 2523 frui
3498 2469 3733 2540 dabitur,

2152 2561 2274 2603 cum
2300 2558 2512 2618 tempus
2539 2549 2591 2605 id
2624 2553 2916 2621 permittet.
2938 2553 3091 2620 Nam,
3117 2565 3174 2611 ut
3199 2573 3338 2613 nunc
3359 2576 3445 2617 res
3472 2573 3614 2626 sunt,
3641 2569 3744 2622 etsi

2152 2640 2351 2710 alioqui
2397 2641 2469 2696 tui
2509 2642 2722 2698 videndi
2763 2653 2921 2714 atque
2964 2648 3318 2717 amplectendi
3365 2667 3555 2724 magna
3595 2659 3746 2726 cupi-

2153 2729 2318 2786 ditate
2350 2738 2621 2800 tenemur,
2654 2743 2704 2788 te
2734 2743 2913 2789 tamen
2959 2736 3078 2792 istic
3120 2754 3337 2796 manere
3379 2747 3750 2803 necessarium

2153 2837 2273 2878 esse
2311 2823 2572 2878 ducimus.
2603 2824 2712 2880 Nec
2750 2827 2892 2881 enim
2941 2827 3265 2898 dubitamus,
3291 2835 3418 2904 quin
3466 2845 3520 2892 tu
3561 2842 3746 2897 omnia

2155 2914 2390 2971 facturus
2430 2928 2819 2988 curaturusque
2839 2920 2913 2975 sis
2935 2960 2949 2986 ,
2975 2936 3080 2992 quo
3106 2926 3340 2980 strenuis
3367 2928 3496 2983 viris
3521 2927 3746 2987 Plateni-

2154 3009 2289 3064 ciam
2321 3009 2562 3079 impleas,
2587 3019 2747 3081 atque
2768 3026 2882 3078 eos,
2914 3012 3004 3083 qui
3034 3014 3141 3070 illic
3161 3024 3561 3081 remanserunt,
3579 3023 3750 3094 magis

2155 3114 2219 3155 ac
2247 3101 2414 3170 magis
2445 3100 2628 3156 fulcias
2658 3113 2710 3156 et
2737 3104 3075 3174 corrobores,
3108 3115 3165 3161 ut
3194 3123 3262 3163 ne
3283 3109 3485 3166 relictis
3511 3114 3748 3183 regionis

2157 3192 2301 3248 illius
2331 3192 2556 3263 negotiis
2584 3192 2772 3263 pedem
2811 3193 3049 3250 referant
3070 3237 3086 3263 ,
3118 3205 3171 3252 et
3213 3213 3343 3267 eos,
3367 3201 3458 3271 qui
3488 3203 3647 3258 vicini
3687 3219 3752 3259 ac

2160 3283 2437 3354 propinqui
2476 3293 2632 3351 sunt,
2655 3284 2905 3354 exquiras
2935 3327 2949 3351 ,
2982 3297 3140 3358 atque
3169 3304 3290 3344 cum
3333 3290 3533 3362 ingenti
3578 3294 3744 3349 animi

2158 3373 2432 3428 alacritate
2471 3388 2534 3428 ac
2563 3373 2738 3428 studio
2773 3376 3016 3439 emittas,
3040 3379 3351 3449 cunctisque
3396 3389 3500 3435 tam
3530 3383 3752 3453 propin-

2161 3461 2279 3532 quis
2323 3479 2482 3533 quam
2529 3465 2749 3519 remotis
2793 3465 3178 3534 amplissimam
3204 3470 3486 3526 utilitatem
3515 3472 3754 3539 alferas,

2161 3562 2321 3622 atque
2345 3563 2737 3622 unguentorum
2767 3563 3012 3610 naturam
3035 3556 3277 3623 imiteris,
3296 3575 3416 3632 quae
3446 3575 3553 3614 non
3585 3562 3749 3616 modo

2163 3640 2340 3698 locum
2367 3657 2636 3713 eum,quo
2664 3644 3019 3713 excipiuntur,
3039 3647 3132 3700 sed
3156 3647 3314 3701 etiam
3344 3649 3552 3719 longius
3585 3666 3758 3708 remo-

2165 3739 2277 3785 tum
2305 3745 2485 3786 aerem
2513 3747 2703 3802 magna
2729 3734 2988 3789 suavitate
3017 3734 3361 3804 perfundunt.

2267 3863 2418 3920 LIV.
2452 3864 2690 3920 Gerontio
2735 3866 3040 3938 presbytero.
3073 3866 3304 3940 (Cucuso
3333 3883 3476 3929 anno
3502 3873 3657 3946 405.)

2240 3999 2310 4054 Et
2347 3999 2458 4070 jam
2487 3999 2552 4054 ad
2585 3999 2834 4069 pietatem
2877 4009 3021 4056 tuam
3050 4001 3233 4059 literas
3257 4002 3418 4074 dedi,
3447 4008 3763 4066 existinmas

2168 4097 2222 4145 te
2254 4090 2306 4144 iu
2334 4089 2607 4145 Phosnicia
2627 4105 2746 4146 esse
2773 4100 2862 4146 :et
2882 4108 3025 4148 nunc
3044 4095 3173 4149 item
3202 4095 3412 4164 eadem,
3443 4115 3564 4170 quae
3588 4102 3758 4171 prius,

2169 4183 2346 4239 scribo
2370 4223 2386 4249 ,
2420 4199 2612 4254 nempe
2635 4185 2788 4240 vobis
2811 4200 2956 4241 nunc
2982 4188 3215 4244 maxime
3241 4191 3451 4260 quidvis
3493 4195 3778 4264 agendum-

2169 4289 2232 4329 ac
2259 4273 2633 4344 perferendum
2666 4289 2807 4341 esse,
2838 4285 2896 4330 ut
2921 4292 2990 4332 ne
3018 4289 3253 4348 segetem
3272 4289 3506 4336 vestram
3529 4297 3760 4338 vacuam

2169 4374 2226 4422 et
2251 4367 2463 4420 inanem
2488 4365 2749 4421 deseratis
2770 4407 2786 4432 ,
2818 4381 2918 4422 nec
2946 4368 3237 4439 quidquam
3266 4384 3454 4426 eorum
3475 4412 3490 4437 ,
3522 4387 3651 4443 qute.
3678 4389 3764 4429 re-

2127 4535 2130 4538 .
2173 4467 2259 4514 cte
2283 4466 2337 4513 et
2366 4473 2488 4513 eum
2515 4457 2672 4514 laude
2708 4467 2857 4528 gesta
2883 4467 3026 4522 sunt,
3049 4459 3356 4515 labefactari
3393 4469 3553 4530 atque
3596 4462 3764 4518 inter-

2171 4549 2251 4606 ire
2287 4550 2492 4605 sinatis.
2538 4549 2671 4605 Nam
2713 4558 2768 4605 et
2810 4559 3083 4619 pastores,
3113 4565 3234 4605 cum
3283 4551 3550 4622 ingentem
3583 4552 3761 4608 labem

2173 4643 2239 4697 ad
2268 4658 2396 4699 oves
2421 4643 2657 4714 undique
2703 4651 3035 4712 grassantem
3063 4644 3439 4712 conspexeriut
3463 4685 3477 4710 ,
3513 4653 3639 4699 tunc
3669 4659 3766 4714 po-

2174 4733 2440 4789 tissimum
2462 4734 2783 4799 excitantur,
2817 4748 2879 4787 ac
2907 4734 3146 4803 vigilant,
3176 4734 3499 4805 funtlamque
3524 4747 3764 4802 sumunt,

2174 4827 2489 4897 caeterisque
2530 4828 2734 4881 artibus
2762 4835 3001 4893 utuntur,
3032 4842 3139 4897 quo
3181 4827 3577 4884 incommodum
3605 4842 3768 4884 omne

2175 4933 2206 4972 a
2233 4934 2394 4989 grege
2441 4918 2768 4988 propulsent.
2808 4916 2874 4970 Et
2910 4917 3121 4985 quidem
3152 4933 3274 4972 cum
3300 4917 3464 4973 Iacob
3504 4919 3766 4988 pecudum

2175 5012 2398 5066 rationis
2444 5009 2742 5079 expertium
2789 5023 2971 5062 curam
3020 5024 3266 5078 gerens,
3297 5018 3437 5064 totos
3478 5009 3666 5065 decem
3710 5021 3767 5066 et

2177 5113 2404 5174 quatuor
2429 5115 2598 5155 annos
2635 5101 2776 5155 servi
2825 5115 3018 5156 munus
3065 5099 3294 5166 ohierit,
3323 5113 3562 5170 azsque
3583 5116 3647 5156 ac
3675 5099 3771 5155 frio

2177 5207 2306 5263 gore
2326 5201 2381 5248 et
2408 5191 2598 5261 vigiliis
2631 5190 2813 5244 multis
2851 5190 3206 5257 conflictatus,
3241 5190 3591 5261 vilissimique
3622 5204 3770 5245 mer-

2179 5284 2376 5339 cenarii
2408 5281 2584 5338 oflicio
2610 5281 2820 5336 functus
2849 5283 2951 5346 sit,
2983 5281 3253 5351 perpende
3282 5281 3485 5347 animo,
3513 5281 3770 5353 quidnam

2180 5375 2237 5443 ii,
2266 5388 2491 5446 quorum
2518 5373 2636 5428 fidei
2663 5387 2790 5427 oves
2813 5372 3016 5427 ratione
3041 5371 3274 5442 praeditas
3296 5373 3596 5428 commissa:
3619 5379 3768 5436 sunt,

2179 5481 2339 5539 agere
2384 5479 2446 5520 ac
2487 5464 2693 5535 perpeti
2738 5463 2998 5531 debeant,
3041 5478 3108 5518 ne
3148 5481 3249 5533 qua
3277 5479 3344 5521 ex
3383 5464 3511 5535 ipsis
3563 5470 3769 5532 pereat.

2179 5561 2440 5627 Quocirca
2474 5568 2525 5614 te
2550 5559 2793 5620 obsecro,
2819 5566 2877 5610 ut
2900 5571 3005 5627 quo
3051 5556 3221 5623 major
3244 5566 3327 5612 est
3367 5564 3648 5624 tempestas
3668 5588 3684 5610 ,
3714 5558 3774 5601 et

2190 5656 2346 5720 plura
2409 5653 2574 5720 mala,
2623 5660 2680 5707 et
2726 5651 2925 5722 majora
2994 5647 3372 5720 impedimenta
3428 5645 3778 5713 objiciuntur,

3767 5851 3855 5901 ΑᾸ
