4058 6218
368 461 654 529 pluresque
682 460 806 508 sunt
847 450 935 519 qui
962 445 1178 502 insidias
1219 449 1457 506 struant,
1487 455 1553 495 eo
1587 438 1746 493 etiam
1787 435 1954 529 magis

368 528 484 619 ipse
515 559 566 602 te
585 546 820 609 excites,
849 541 1085 608 aliosque
1117 538 1242 590 item
1273 532 1529 597 horteris,
1559 540 1616 584 ut
1643 528 1952 600 praeclaram

334 638 510 699 illanc
535 653 720 694 curam
766 645 939 688 tecum
974 629 1290 699 suscipiant,
1338 626 1568 694 illucque
1594 636 1753 692 quam
1777 619 1956 676 celer-

372 732 506 784 rime
532 725 813 797 pervenire
840 728 1129 776 maturent.
1171 717 1307 771 Nam
1337 715 1556 783 hujusce
1580 724 1789 782 quoque
1831 723 1957 779 pro-

372 816 620 874 fectionis
656 827 764 868 non
797 826 1011 882 parvam
1039 807 1339 864 mercedem
1380 818 1440 858 es
1468 802 1744 857 habiturus
1773 817 1787 854 :
1819 797 1959 868 quod

372 907 418 962 si
468 902 851 976 profectionis,
882 899 1051 954 multo
1100 897 1268 966 magis
1318 895 1365 948 si
1410 907 1498 948 res
1544 893 1687 961 ipsas
1728 896 1958 952 tractes,

376 997 708 1063 multumque
759 990 992 1046 studium
1039 988 1315 1042 adhibeas.
1359 982 1633 1053 Siquidem
1656 977 1962 1049 hujusmodi

376 1083 834 1156 peregrinationes
881 1080 1154 1148 suscipere
1199 1076 1356 1145 longe
1403 1071 1744 1143 prmstantius
1797 1077 1962 1138 atque

377 1173 767 1231 conducibilius
807 1178 891 1225 est
915 1212 930 1233 ,
959 1184 1119 1238 quam
1165 1165 1309 1220 domi
1353 1162 1622 1218 desidere.
1657 1160 1766 1214 lllic
1817 1158 1960 1213 enim

381 1267 582 1336 degens
605 1303 621 1328 ,
651 1262 766 1315 haec
791 1259 949 1314 etiam
994 1257 1192 1311 habere
1221 1262 1371 1324 potes
1392 1294 1406 1320 ,
1433 1267 1553 1322 quae
1581 1263 1723 1304 nunc
1759 1247 1926 1302 habes
1945 1287 1961 1312 ,

381 1357 481 1409 hoc
509 1361 591 1408 est
614 1349 895 1421 jejunium,
921 1347 1146 1418 vigilias,
1171 1353 1469 1412 caateraque
1497 1340 1814 1396 Christiana:
1842 1337 1966 1407 phi-

383 1445 644 1516 l050phize
685 1456 906 1515 genera.
959 1439 1110 1494 Domi
1156 1445 1333 1492 autem
1364 1433 1616 1489 desidens
1638 1474 1654 1500 ,
1685 1445 1747 1487 ea
1774 1428 1970 1486 lucrari

385 1556 488 1593 non
522 1546 670 1608 potes
693 1577 710 1604 ,
734 1549 852 1605 qua:
882 1533 926 1587 si
947 1532 1004 1587 in
1047 1530 1134 1585 illa
1161 1527 1378 1598 regione
1405 1522 1775 1587 commoreris,
1803 1520 1971 1590 adipi-

383 1632 456 1686 sci
489 1640 639 1701 potes
658 1670 674 1694 ,
703 1627 950 1682 nimirum
982 1633 1058 1677 tot
1079 1621 1376 1675 animarum
1415 1617 1644 1673 salutem
1666 1656 1681 1676 .
1708 1613 1974 1684 periculo-

386 1739 502 1777 rum
535 1719 836 1776 mercedem
859 1759 876 1782 ,
897 1724 1162 1784 tantmque
1190 1710 1352 1765 animi
1380 1706 1810 1780 promptitudinis
1837 1719 1973 1774 prte-

389 1814 550 1866 mium
578 1828 591 1866 :
621 1825 741 1864 nam
769 1823 836 1862 ne
859 1807 970 1876 ipsa
1002 1803 1216 1875 quidem
1240 1800 1403 1855 animi
1435 1795 1795 1868 promptitudo
1827 1809 1968 1864 pra:-

392 1902 500 1956 mio
550 1907 715 1955 caret.
760 1895 1119 1963 Quamobrem
1149 1935 1163 1959 ,
1191 1890 1374 1962 quales
1399 1889 1493 1944 tibi
1530 1888 1630 1958 ipsi
1656 1900 1884 1942 coronas
1922 1883 1974 1938 in

391 1992 623 2046 futurqu
654 1987 874 2053 condas,
906 1997 1079 2041 tecum
1110 1991 1382 2052 reputans,
1409 1993 1498 2046 ne,
1525 1991 1729 2048 quaeso,
1759 1985 1977 2031 cuncte-

393 2082 465 2136 ris
485 2088 577 2135 aut
603 2077 849 2134 dill‘eras:
876 2089 1060 2130 verum
1081 2072 1169 2126 ubi
1198 2086 1230 2127 e
1255 2070 1443 2124 morbo
1469 2066 1829 2131 convalueris,
1852 2079 1979 2118 mox

391 2173 458 2227 ad
489 2155 588 2226 iter
614 2181 666 2225 te
694 2169 910 2238 accinge
930 2206 946 2233 ,
973 2165 1042 2220 de
1067 2164 1226 2219 rebus
1249 2161 1316 2216 ad
1344 2175 1498 2216 usum
1535 2167 1682 2213 tuum
1729 2170 1980 2212 necessa-

393 2266 488 2318 riis
510 2263 641 2316 nihil
670 2274 884 2315 curans.
936 2257 992 2312 Si
1030 2255 1242 2325 quidem
1264 2250 1712 2308 revercndissimo
1750 2262 1814 2301 ac
1850 2245 1980 2300 relic

393 2353 696 2422 giosissimo
723 2349 1037 2418 presbytero
1076 2343 1390 2398 Constantio
1427 2339 1698 2410 negotium
1735 2337 1897 2403 dedi,
1926 2345 1985 2390 ut

397 2441 512 2496 sive
560 2438 624 2492 ad
653 2437 845 2492 aedium
876 2435 1262 2491 exstructiones
1284 2471 1301 2498 ,
1333 2430 1446 2486 sive
1491 2429 1558 2483 ad
1605 2425 1982 2484 sublevandam

404 2532 625 2586 fratrum
671 2528 902 2598 inopiam
952 2523 1208 2594 impensis
1250 2537 1384 2592 opus
1431 2521 1536 2586 sit,
1570 2521 1718 2590 large
1746 2517 1897 2572 vobis
1923 2531 1985 2571 ac

396 2621 601 2691 prolixe
647 2618 824 2674 omnia
881 2615 1226 2687 suppeditet,
1272 2620 1431 2683 atque
1469 2610 1603 2665 adeo
1633 2623 1774 2664 nunc
1821 2608 1980 2662 etiam

398 2710 598 2781 largius
623 2724 688 2764 ac
718 2707 1005 2778 profusius,
1037 2720 1195 2776 quam
1220 2712 1364 2759 ante.
1395 2703 1525 2758 Cum
1573 2700 1732 2771 igitur
1767 2708 1824 2754 et
1859 2713 1986 2768 pro-

400 2816 497 2854 nos
523 2814 586 2853 ac
637 2797 819 2852 faciles
848 2795 974 2851 inde
1018 2802 1262 2864 sumptus
1306 2792 1507 2848 habeas
1529 2831 1546 2858 ,
1578 2788 1800 2860 et-quod
1830 2797 1988 2859 caput

399 2903 520 2958 est,
554 2907 667 2947 rem
713 2892 823 2946 Deo
866 2898 1070 2960 gratam
1120 2887 1359 2942 facturus
1411 2885 1521 2952 sis,
1563 2883 1782 2953 depulsa
1842 2882 1987 2936 omni

400 2981 757 3042 cunctatione,
789 2979 1068 3034 confestim
1098 2978 1197 3033 iter
1229 2985 1462 3030 matures
1489 2989 1670 3044 quaeso
1695 3013 1709 3039 ,
1738 2983 1898 3043 atque
1921 2987 1988 3026 ex

403 3073 515 3140 ipsa
543 3069 819 3125 thnicia
847 3067 948 3122 hoc
976 3068 1128 3122 nobis
1152 3066 1420 3136 signiﬁces
1453 3080 1468 3118 :
1504 3075 1581 3130 ut,
1605 3064 1731 3119 licet
1757 3065 1814 3117 in
1838 3062 1988 3133 gravi

403 3179 465 3217 ac
503 3162 732 3217 molesta
781 3159 1070 3216 solitudine
1095 3158 1415 3225 haereamus,
1447 3156 1636 3228 ingens
1662 3164 1839 3211 tamen
1867 3156 1992 3210 hinc

401 3255 651 3310 solatium
704 3267 1116 3322 consequamur.
1162 3249 1296 3304 Nam
1345 3249 1390 3304 si
1422 3257 1473 3304 te
1499 3250 1682 3303 animo
1713 3263 1778 3302 ac
1805 3248 1992 3302 volun-

406 3355 513 3400 tate
538 3345 609 3399 ita
635 3352 1002 3414 comparatum
1031 3343 1157 3396 illuc
1199 3341 1395 3396 abiisse
1441 3338 1862 3394 intellexerimus
1887 3378 1902 3403 ,
1936 3346 1993 3391 ut

406 3451 504 3504 pro
550 3437 848 3489 animarum
901 3433 1043 3488 illius
1088 3431 1322 3502 regionis
1351 3430 1526 3484 salute
1569 3427 1903 3484 nihilfacere
1931 3442 1994 3482 ac

409 3525 516 3594 pati
542 3538 759 3580 recuses
783 3566 796 3589 ,
828 3532 973 3578 tanta
1003 3523 1273 3592 voluptate
1301 3520 1701 3592 perfundemur,
1729 3528 1787 3573 ut
1815 3535 1882 3574 ne
1905 3534 1995 3574 so-

410 3615 682 3670 litudinem
713 3614 924 3685 quidem
973 3613 1207 3668 incolere
1237 3626 1334 3666 nos
1371 3611 1758 3667 existimemus.
1789 3609 1992 3677 Quam-

409 3707 490 3761 vis
516 3706 658 3760 enim
687 3713 739 3760 te
763 3719 974 3774 quoque
997 3703 1098 3758 huc
1123 3702 1338 3768 venire,
1366 3716 1430 3755 ac
1459 3709 1551 3754 tuo
1571 3708 1863 3768 conspectu
1893 3699 1993 3754 frui

409 3799 686 3868 cupiamus
712 3813 728 3851 :
759 3805 972 3860 tamen,
1003 3794 1126 3865 quia
1169 3795 1272 3849 hoc
1299 3792 1442 3864 quod
1471 3792 1579 3846 dixi
1606 3791 1774 3860 magis
1804 3806 1994 3846 neces-

409 3892 608 3947 sarium
637 3898 740 3956 est,
761 3889 1166 3960 periculumque
1193 3896 1293 3951 est,
1322 3902 1390 3941 ne
1416 3885 1586 3940 hiems
1613 3887 1715 3939 iter
1742 3883 1866 3938 illud
1899 3883 1992 3937 tibi

413 3982 719 4053 prtecludat,
744 3989 1022 4052 pr0pterea
1045 3988 1106 4035 .te
1134 3993 1404 4049 urgemus,
1435 3985 1614 4047 atque,
1647 3986 1705 4030 ut
1729 3976 1992 4046 proficisci

412 4081 670 4139 matures,
701 4071 1066 4126 obsecramus.

413 4201 532 4256 LV.
558 4201 799 4271 Symeoni
837 4210 885 4253 et
934 4197 1071 4251 Mari
1109 4197 1407 4268 presbyteris
1435 4207 1583 4268 atque
1624 4199 1677 4251 in
1707 4198 1997 4268 Apamiensi

484 4292 688 4362 regione
725 4288 1050 4343 monasticam
1104 4287 1257 4341 vitam
1325 4287 1696 4357 proﬁtentibus.
1743 4286 1996 4359 (Cucuso

483 4396 626 4438 anno
651 4380 811 4451 405.)

487 4514 600 4569 Etsi
632 4528 824 4584 magno
877 4513 1081 4568 itineris
1131 4511 1302 4581 spatio
1344 4525 1374 4564 a
1423 4510 1573 4566 vobis
1615 4509 1995 4581 disjungimur,

416 4617 575 4678 atque
614 4606 666 4660 in
695 4605 987 4675 asperrima
1033 4603 1320 4657 solitudine
1355 4616 1786 4656 commoramur:
1818 4611 1993 4655 tamen

415 4696 624 4766 cognita
674 4693 836 4748 animi
865 4691 1028 4747 vestri
1059 4692 1251 4746 virtute
1292 4691 1595 4762 ingentique
1621 4689 1955 4760 philosophia
1979 4732 1995 4755 ,

414 4801 510 4855 per
526 4801 682 4855 quam
705 4783 954 4839 omnibus
980 4821 994 4846 ,
1015 4781 1104 4851 qui
1137 4779 1255 4834 istic
1281 4789 1426 4846 sunt,
1455 4780 1625 4833 lucem
1648 4794 1710 4833 ac
1739 4779 1993 4848 splendo-

416 4891 530 4930 rem
551 4874 769 4938 all'ertis,
798 4887 1046 4944 magnum
1073 4872 1238 4926 vestri
1263 4884 1502 4924 amorem
1528 4869 1889 4938 concepimus.
1921 4871 1997 4935 Ac

415 4965 686 5035 quoniam,
717 4973 829 5020 tum
857 4967 926 5019 ob
955 4963 1146 5019 hiemis
1165 4960 1526 5033 asperitatem,
1557 4971 1665 5016 tum
1688 4961 1755 5015 ob
1782 4961 1996 5017 itineris

415 5054 798 5128 longitudinem
819 5095 834 5122 ,
860 5063 1039 5110 vestro
1076 5054 1285 5109 interim
1312 5067 1599 5125 congressu
1648 5052 1748 5108 frui
1779 5055 1998 5109 minime

419 5149 558 5216 licet,
590 5163 684 5218 per
714 5147 895 5202 literas
918 5162 1015 5202 vos
1044 5147 1331 5202 convenire
1357 5145 1656 5204 studuimus
1677 5186 1693 5212 ,
1717 5161 1812 5201 vos
1838 5162 1999 5202 oran-

390 5295 393 5297 _
419 5246 496 5290 tes
512 5244 672 5306 atque
687 5236 1052 5302 obsecrantes,
1081 5244 1141 5290 ut
1159 5246 1211 5292 et
1237 5251 1338 5306 pro
1355 5235 1617 5292 malorum
1647 5252 1856 5302 eorum,
1881 5251 1999 5305 quae

417 5327 721 5382 universum
761 5336 1021 5384 terrarum
1077 5327 1260 5382 orbem
1303 5328 1664 5395 invaserunt,
1689 5327 2000 5399 depulsione

419 5417 654 5487 prolixas
673 5418 740 5473 ad
768 5418 934 5474 Deum
955 5435 1143 5489 preces
1170 5420 1490 5487 adhibeatis,
1519 5430 1574 5476 et
1598 5436 1786 5478 omnes
1808 5437 1995 5490 magna

417 5522 539 5563 cum
566 5508 841 5563 alacritate
864 5507 931 5561 ad
974 5509 1074 5562 hoc
1098 5509 1342 5564 excitetis
1364 5550 1380 5576 ,
1412 5525 1614 5582 nosque
1636 5551 1651 5576 ,
1685 5525 1806 5565 cum
1833 5508 2002 5566 facul-

419 5607 502 5654 tas
549 5599 782 5668 dabitur,
814 5599 882 5656 de
925 5609 1103 5654 vestra
1145 5601 1445 5658 valetudine
1487 5617 1583 5672 per
1610 5604 1792 5659 literas
1840 5619 2000 5675 quam

420 5692 712 5765 saepissime
760 5690 1020 5748 certiores
1065 5689 1269 5750 faciatis
1310 5708 1322 5745 :
1356 5701 1448 5762 ut,
1481 5692 1603 5750 licet
1625 5695 1782 5752 etiam
1812 5695 1998 5768 procul

1152 298 1442 389 VJOANNIS
1477 323 1946 390 CHRYSOSTOMI
1987 320 2300 378 ARCHIEP.
2337 321 2866 380 CONSTANTINOP.

3541 335 3641 388 6i0

2061 449 2089 488 a
2110 434 2260 489 vobis
2276 434 2470 500 dissiti,
2489 445 2649 504 atque
2675 433 2742 488 ad
2769 433 2984 488 ultimos
3003 447 3213 503 quoque
3233 441 3395 490 terra:
3418 436 3640 504 angulos

2061 526 2310 595 relegati,
2343 541 2586 596 magnam
2627 537 2804 581 tamen
2845 526 2970 580 hinc
2997 525 3416 581 consolationem
3463 526 3643 595 capia-

2061 632 2201 681 mus,
2229 617 2297 672 de
2323 628 2514 672 vestra:
2539 617 2856 673 valetudinis
2883 626 3024 672 statu
3052 632 3292 688 persaepe
3324 618 3522 688 aliquid
3552 634 3643 671 au-

2063 709 2292 763 dientes.
2335 708 2443 762 Nos
2463 708 2677 778 quidem
2722 717 2870 763 certe
2895 723 3183 778 permagna
3209 709 3481 778 voluptate
3519 710 3646 763 affe-

2053 801 2138 855 cit
2183 801 2263 854 vir
2287 801 2594 855 carissimus
2623 811 2677 855 et
2701 799 3049 855 suavissimus
3086 799 3320 854 Joannes
3344 799 3644 870 presbyter,

2066 889 2208 958 quod
2235 890 2288 942 in
2312 899 2454 943 tanta
2483 899 2783 958 temporum
2809 889 3126 946 difficultate
3157 890 3318 945 demo
3343 890 3604 945 excedere
3628 931 3646 956 ,

2066 990 2227 1051 atque
2273 983 2327 1036 in
2375 982 2702 1037 thuiciam
2755 981 3020 1052 proficisci
3072 984 3308 1037 animum
3354 981 3649 1035 induxerit.

2068 1073 2405 1144 Quapropter
2433 1089 2462 1128 a
2501 1075 2651 1130 vobis
2689 1083 2846 1144 peto,
2886 1084 2946 1128 ut
2983 1074 3224 1144 praeclari
3270 1073 3426 1142 hujus
3472 1073 3653 1142 operis

2069 1163 2433 1232 magnitudine
2481 1164 2662 1217 animo
2694 1177 2953 1233 perpensa
2975 1203 2991 1230 ,
3019 1163 3065 1218 si
3085 1178 3222 1233 quos
3247 1170 3562 1232 praestantes
3590 1176 3654 1216 ac

2055 1267 2362 1323 generosos
2385 1254 2528 1308 viros
2557 1253 2961 1318 nanciscamini,
2991 1253 3079 1320 qui
3109 1253 3175 1307 ad
3198 1254 3530 1323 egregiarum
3553 1252 3652 1305 ha-

2057 1358 2192 1398 rum
2212 1358 2393 1398 rerum
2436 1343 2853 1414 magnitudinem
2887 1343 3199 1398 auxiliarem
3224 1357 3438 1398 manum
3463 1343 3657 1399 aﬂ'erre

2063 1436 2308 1506 possint,
2332 1449 2426 1492 eos
2452 1450 2644 1506 magna
2665 1449 2786 1490 cum
2811 1434 2976 1489 animi
3001 1435 3278 1490 alacritate
3309 1450 3413 1489 una
3441 1449 3562 1489 cum
3587 1448 3657 1489 eo

2057 1527 2326 1592 mittatis,
2353 1535 2607 1596 quantam
2655 1526 2779 1582 hinc
2811 1526 3116 1583 mercedem
3147 1527 3305 1583 laturi
3333 1526 3486 1593 sitis,
3508 1527 3658 1597 cogi-

2061 1625 2274 1673 tantes.

2080 1771 2231 1826 LVI.
2262 1771 2480 1827 Romula
2506 1783 2551 1828 et
2576 1771 2717 1844 Byzo
2734 1774 2750 1804 ¹
2776 1774 3057 1829 monachis.
3088 1773 3321 1847 (Cucuso
3339 1787 3480 1829 anno
3509 1773 3664 1845 405.)

2157 1912 2261 1968 Vos
2291 1911 2504 1982 quidem
2536 1913 2638 1966 huc
2665 1927 2876 1983 quoque
2901 1913 3084 1969 venire
3111 1954 3126 1979 ,
3157 1922 3314 1984 atque
3346 1913 3516 1969 oculis
3547 1929 3666 1986 per-

2067 2002 2287 2072 spicere
2311 2002 2496 2057 vellem
2522 2019 2535 2053 :
2561 2011 2753 2058 vestra:
2780 2003 2921 2057 enim
2945 2002 3157 2073 pietatis
3183 2002 3321 2058 fama
3345 2014 3666 2071 commotus,

2082 2096 2283 2167 ingenti
2311 2095 2471 2152 vestri
2516 2110 2700 2150 amore
2751 2094 2977 2163 afficior,
3023 2106 3185 2167 atque
3228 2096 3462 2150 caritatis
3499 2096 3670 2153 oculis

2085 2201 2182 2242 vos
2219 2188 2470 2251 intueor;
2506 2187 2757 2257 quoniam
2804 2196 3014 2252 autem,
3054 2195 3165 2242 tum
3204 2186 3275 2242 ob
3317 2187 3521 2242 itineris
3547 2188 3670 2242 lon-

2085 2279 2455 2349 ginquitatem,
2485 2289 2600 2332 tum
2627 2278 2697 2333 ob
2727 2277 2917 2333 hiemis
2952 2286 3182 2347 tempus,
3215 2285 3328 2332 tum
3361 2276 3433 2332 ob
3457 2275 3672 2332 Isauro-

2089 2385 2205 2423 rum
2241 2379 2462 2435 metum,
2497 2368 2550 2422 id
2591 2383 2732 2422 nunc
2772 2369 2992 2422 minime
3032 2367 3176 2434 licet,
3223 2383 3319 2422 vos
3359 2383 3454 2437 per
3489 2367 3673 2423 literas

2087 2459 2372 2514 convenire
2400 2458 2599 2524 studui,
2620 2473 2792 2512 meam
2815 2473 2938 2528 erga
2967 2472 3063 2514 vos
3091 2459 3514 2514 benevolentiam
3547 2475 3673 2529 per-

2089 2551 2324 2620 spicuam
2347 2550 2497 2605 vobis
2529 2549 2727 2604 faciens
2753 2567 2765 2603 :
2799 2548 2924 2604 licet
2943 2550 3086 2604 enim
3108 2564 3202 2606 eos
3226 2565 3406 2604 amare
3431 2550 3521 2620 qui
3551 2565 3674 2618 pro-

2089 2642 2174 2695 cul
2204 2641 2360 2711 positi
2392 2655 2489 2695 nec
2517 2655 2766 2710 umquam
2816 2640 2913 2695 visi
2959 2649 3099 2696 sunt.
3131 2641 3266 2696 Nam
3293 2642 3555 2710 ejusmodi
3582 2657 3676 2696 ca-

2093 2731 2264 2785 ritatis
2303 2739 2490 2784 natura
2523 2739 2625 2795 est,
2657 2741 2842 2785 ut-nec
2871 2732 2970 2785 vim.
3015 2731 3342 2802 longitudine
3373 2733 3675 2802 dirimatur,

2091 2837 2192 2878 nec
2225 2823 2478 2891 temporis
2507 2821 2852 2877 diuturnitate
2879 2822 3204 2891 debilitetur,
3233 2838 3330 2878 nec
3375 2824 3533 2879 illatis
3557 2833 3677 2878 ten-

2094 2915 2384 2970 tationihus
2413 2913 2749 2984 infringatur,
2777 2925 2960 2969 verum
3006 2914 3121 2968 haec
3158 2915 3334 2969 omnia
3375 2915 3571 2981 vincat,
3613 2929 3679 2970 ac

2093 3020 2251 3074 supra
2279 3005 2457 3059 omnia
2490 3012 2751 3074 assurgat,
2781 3013 2938 3076 atque
2967 3005 3018 3059 in
3057 3004 3433 3061 sublimitatem
3461 3005 3679 3060 inenar-

2093 3095 2316 3153 rabilem
2361 3092 2653 3148 attollatur.
2701 3093 2781 3149 οι)
2829 3109 3052 3164 eamque
3093 3109 3306 3149 causam
3356 3110 3452 3150 nos
3494 3095 3677 3160 etiam,

2095 3185 2518 3255 quandoquidem
2547 3184 2786 3254 apprime
2817 3199 2910 3238 vos
2935 3200 3195 3252 amamus,
3221 3184 3349 3240 nihil
3377 3184 3566 3239 horum
3592 3199 3679 3239 se-

2095 3278 2306 3347 gniores
2335 3277 2507 3332 effecit
2541 3293 2552 3328 :
2580 3277 2704 3346 quin
2734 3275 2908 3345 potius
2947 3285 3000 3330 et
3043 3276 3141 3344 ipsi
3181 3275 3483 3339 scribimus,
3515 3284 3568 3330 et
3597 3277 3681 3330 vi-

2096 3369 2296 3433 cissim,
2327 3377 2383 3421 ut
2421 3367 2486 3421 de
2514 3377 2688 3422 vestra
2729 3366 2898 3421 salute
2923 3367 3179 3422 certiores
3205 3382 3302 3421 nos
3335 3368 3558 3434 faciatis,
3585 3382 3682 3421 vos

2098 3474 2363 3530 rogamus.
2393 3459 2479 3514 Sic
2504 3459 2668 3524 enim,
2697 3459 2854 3513 etiam
2885 3459 2936 3513 in
2963 3458 3247 3513 solitudine
3267 3458 3538 3528 degentes,
3567 3473 3683 3512 ma-

2096 3566 2202 3620 gno
2231 3551 2422 3605 solatio
2461 3550 2777 3616 aﬂieiemur,
2822 3565 2943 3604 cum
2969 3564 3063 3605 eos
3093 3550 3182 3620 qui
3223 3550 3293 3603 ita
3342 3550 3545 3615 vivunt,
3589 3563 3680 3604 ar-

2098 3653 2348 3712 ctumque
2375 3650 2535 3710 atque
2559 3649 2840 3711 angustum
2869 3640 2969 3695 iter
3010 3641 3398 3711 ingrediuntur,
3428 3639 3682 3695 incolumi

2100 3747 2162 3788 ac
2193 3732 2343 3788 firma
2369 3730 2671 3786 valetudine
2699 3745 2818 3786 esse
2843 3731 3286 3786 intellexerimus.

2189 3864 2370 3920 LVII.
2397 3863 2612 3920 Adolite.
2644 3864 2874 3936 (Cucuso
2897 3878 3056 3932 anno,
3085 3872 3144 3920 ut
3168 3870 3401 3934 putatur,
3433 3861 3585 3931 40-5.)

2170 4000 2425 4068 Quamvis
2459 4000 2570 4070 ipsa
2597 4013 2720 4054 raro
2750 3999 2817 4055 ad
2845 4013 2943 4054 nos
2968 3999 3190 4064 scribas,
3219 4012 3316 4052 nos
3343 4009 3519 4052 tamen
3546 4010 3688 4066 quo-

2105 4091 2201 4146 ties
2228 4090 2473 4145 homines
2502 4089 2890 4155 nanciscemur,
2921 4090 3010 4159 qui
3035 4089 3157 4143 hinc
3179 4089 3314 4143 istuc
3343 4086 3690 4157 proﬁciscan-

2104 4191 2208 4247 tur,
2232 4182 2410 4236 literas
2433 4180 2501 4235 ad
2527 4189 2579 4236 te
2607 4179 2735 4235 dare
2763 4180 2981 4236 minime
3008 4180 3336 4235 desinemus.
3368 4179 3442 4234 Ac
3466 4178 3690 4249 quidem

2105 4284 2156 4328 te
2182 4272 2284 4328 huc
2323 4272 2505 4327 venire
2531 4285 2594 4326 ac
2622 4286 2844 4327 cernere
2874 4273 3131 4328 vellemus
3153 4312 3170 4339 ,
3215 4272 3372 4342 idque
3411 4272 3463 4326 in
3501 4271 3691 4342 primis

2103 4373 2365 4433 optamus.
2408 4364 2602 4419 Verum
2645 4364 2894 4436 quoniam
2943 4363 3043 4420 hoc
3087 4364 3308 4420 arduum
3356 4363 3582 4419 fortasse
3623 4377 3695 4418 ae

2103 4455 2322 4511 difﬁcile
2351 4455 2444 4510 tibi
2472 4457 2640 4511 visum
2667 4465 2750 4511 est
2776 4457 2932 4530 (nam
2976 4457 3173 4526 alioqui
3210 4457 3508 4512 Isaurorum
3545 4455 3682 4524 peri-

2102 4549 2278 4604 culum
2301 4547 2512 4617 penitus
2541 4545 2802 4601 sublatum
2825 4548 2950 4618 est),
2981 4562 3078 4614 nos
3101 4555 3247 4603 certe
3270 4547 3694 4602 consolationem

2103 4653 2244 4705 eam,
2270 4653 2450 4708 quam,
2478 4636 2603 4690 dum
2621 4638 2812 4692 crebro
2832 4637 2897 4692 ad
2926 4645 2978 4692 te
3003 4638 3303 4705 scribimus,
3322 4651 3513 4707 capere
3541 4637 3693 4692 sole-

2105 4743 2246 4795 mus,
2273 4727 2555 4798 nobisipsis
2582 4727 2819 4796 praebere
2861 4729 3081 4784 minime
3121 4728 3554 4783 intermittemus.
3593 4728 3692 4782 Et-

2105 4820 2246 4875 enim
2271 4820 2480 4891 quOties
2509 4817 2788 4882 tabellarii,
2820 4819 2906 4887 qui
2936 4818 3070 4875 istuc
3097 4821 3198 4874 iter
3220 4817 3393 4883 faciat,
3418 4817 3574 4872 nobis
3601 4831 3696 4872 eo-

2106 4915 2190 4984 pia
2217 4923 2319 4982 est,
2360 4927 2466 4966 non
2492 4909 2761 4981 vulgarem
2793 4910 3113 4979 voluptatem
3152 4913 3424 4980 capimus,
3462 4924 3584 4963 cum
3627 4909 3697 4962 ad

2106 5013 2160 5059 te
2183 5005 2365 5060 literas
2393 5003 2599 5056 damus.
2635 5001 2760 5056 Haec
2789 5000 2948 5070 igitur
2982 5015 3102 5055 cum
3135 5001 3227 5056 tibi
3259 5001 3528 5069 explorata
3559 4999 3694 5063 sint,

2089 5094 2440 5149 'ornatisSima
2469 5101 2524 5147 et
2550 5091 2945 5160 religiosissima
2973 5089 3186 5144 domina
3216 5105 3356 5154 mea,
3378 5088 3533 5142 velim
3559 5103 3697 5157 quo-

2105 5191 2211 5255 que
2238 5187 2348 5254 ipsa
2378 5184 2472 5237 des
2497 5198 2736 5252 operam,
2779 5190 2836 5236 ut
2863 5181 2929 5236 de
2957 5190 3042 5236 tua
3088 5181 3389 5236 valetudine
3423 5179 3701 5248 animique

2085 5273 2376 5328 hilaritate
2404 5287 2561 5340 quam
2605 5272 2900 5341 saepissime
2925 5270 2992 5326 ad
3021 5286 3117 5325 nos
3160 5271 3384 5326 scribas.
3417 5268 3704 5334 Quemad-

2097 5361 2324 5417 modum
2349 5361 2490 5415 enim
2512 5359 2579 5416 de
2609 5361 2934 5430 profectione
2957 5361 3084 5415 nihil
3115 5369 3166 5415 te
3193 5371 3525 5419 accusamus,
3550 5356 3698 5424 quml

2110 5466 2196 5506 res
2222 5449 2676 5506 ett-difﬁcultatem
2715 5451 2910 5506 habere
2951 5451 3040 5506 tibi
3069 5452 3178 5506 visa
3216 5451 3286 5505 sit
3317 5469 3330 5503 :
3360 5447 3544 5503 eodem
3573 5462 3700 5502 mo-

2108 5543 2180 5600 do
2217 5543 2285 5599 de
2323 5543 2480 5614 longo
2518 5544 2729 5600 silentio
2759 5543 2852 5598 tibi
2893 5557 3212 5600 succensere
3242 5541 3457 5597 minime
3483 5537 3704 5594 desine-

2179 5701 2196 5734 ι
2230 5706 2407 5752 Omnes
2427 5697 2533 5750 fere
2559 5706 2683 5759 διεδ..
2715 5699 2840 5750 eteo.
