4058 6218
391 36 496 94 639

391 149 776 222 παρακαλέσαι
817 151 1229 222 συνεφάψασθαί
1260 171 1354 208 σου
1400 155 1499 226 τῆς
1538 156 1713 227 καλῆς
1762 156 1968 228 ταύτης

389 241 675 312 προνοίας,
722 242 816 296 καὶ
852 242 991 313 μετὰ
1032 242 1231 297 πολλοῦ
1270 244 1365 297 τοῦ
1409 245 1610 317 τάχους
1649 246 1970 320 ἐπειχθῆναι

389 332 803 403 παραγενέσθαι
835 334 1036 389 ἐκεῖσε.
1082 335 1193 388 Καὶ
1228 335 1339 407 7&9
1382 338 1479 390 καὶ
1508 337 1610 407 τῆς
1659 338 1972 410 ἀποδημίας

389 423 560 493 αὐτῆς
584 425 646 477 οὑ
684 426 882 496 μικρὸν
915 425 1059 491 ἕξεις
1088 426 1281 498 μισθόν
1300 445 1313 459 ·
1336 430 1385 483 εί
1414 429 1472 484 δὲ
1500 431 1600 502 τῆς
1636 431 1967 502 ἀποδημίας,

390 512 571 585 πολλῷ
614 514 816 585 μᾶλλον
862 517 911 569 εί
961 516 1071 571 τῶν
1118 518 1297 590 ἔργων
1344 519 1567 590 ἀψαιο,
1589 522 1687 576 καὶ
1732 521 1970 593 σπουδὴν

387 605 592 676 πολλὴν
640 605 957 672 ἐπιδείξαιο.
1005 609 1112 663 Τοῦ
1142 610 1255 683 γὰρ
1302 612 1440 666 οῖκοι
1471 612 1742 684 καθῆσθαι
1788 612 1970 683 πολλῷ

388 695 597 767 βέλτιον
642 700 739 752 καὶ
789 700 1209 773 χρησιμώτερον
1244 703 1307 756 τὸ
1351 704 1610 768 τοιαύτας
1654 704 1969 775 ἀποδημίας

378 790 711 861 ἀποδημεῖν.
772 788 922 844 Ἐκεῖ
959 792 1062 863 μὲν
1096 793 1207 866 7&9
1246 794 1411 858 ὁντα,
1453 796 1550 849 καὶ
1601 795 1776 849 ταῦτά
1816 797 1969 850 ἐστιν

382 882 534 950 ἔχειν
557 879 592 934 ἀ
616 879 713 937 νῦν
742 880 908 951 ἔχεις,
931 882 1032 955 τὴν
1061 885 1339 957 νηστείαν,
1368 884 1471 952 τὰς
1512 886 1842 959 ἀγρυπνίας,
1865 887 1968 959 τὴν

382 972 555 1045 ἀλλην
583 973 925 1044 φιλοσοφίαν.
950 974 1107 1031 Οίκοι
1136 976 1195 1031 δὲ
1219 977 1549 1049 καθήμενον,
1572 978 1673 1033 οὐκ
1697 978 1810 1033 ἐστι
1840 996 1969 1050 κερ-

383 1064 540 1119 δᾶναι
555 1078 579 1105 α
594 1065 740 1137 άπερ
754 1066 872 1118 ἐκεῖ
887 1065 1199 1138 καθήμενόν
1212 1068 1335 1121 ἐστι
1347 1068 1764 1139 καρπώσασθαι,
1777 1068 1968 1139 ψυχῶν

386 1155 662 1226 σωτηρίαν
695 1155 998 1221 τοσούτων,
1030 1157 1120 1210 τὸν
1163 1158 1272 1211 ἀπὸ
1301 1158 1410 1221 τῶν
1448 1160 1710 1214 κινδύνων
1750 1160 1961 1231 μισθὸν,

381 1246 483 1314 τὴν
508 1246 617 1301 ἀπὸ
639 1247 738 1318 τῆς
764 1247 1032 1318 τοσαύτης
1058 1248 1372 1321 προθυμίας
1407 1251 1647 1323 ἀμοιϐήν
1664 1268 1678 1281 ·
1711 1251 1826 1306 ἔστι
1854 1251 1964 1325 γὰρ

380 1337 699 1409 προθυμίας
739 1337 969 1409 ἀμοιϐή.
1015 1340 1243 1393 Ἐννοῶν
1286 1341 1470 1395 τοίνυν
1508 1342 1732 1413 ἡλίκους
1779 1343 1963 1414 σαυτῷ

383 1428 748 1501 προαποθήσῃ
775 1429 1093 1499 στεφάνους,
1123 1431 1289 1503 μηδὲν
1314 1431 1606 1507 μελλήσῃς,
1637 1434 1774 1506 μηδέ
1802 1437 1965 1506 ὑπερ-

381 1519 452 1592 θῇ
470 1536 484 1550 ⁸
516 1519 653 1579 ἀλλά
678 1522 900 1593 ῥαΐσας,
922 1521 1180 1577 ἐντεῦθεν
1213 1523 1315 1596 ήδη
1350 1525 1453 1597 τῆς
1478 1526 1790 1603 ἀποδημίας
1822 1526 1964 1598 ἀψα-

385 1611 509 1666 σθαι
566 1611 991 1689 παρακλήθητι,
1046 1612 1219 1685 μηδὲν
1247 1614 1551 1686 φροντίζων
1602 1617 1712 1673 τῶν
1760 1619 1963 1692 χρειῶν

380 1700 590 1755 ἕνεκεν.
624 1701 813 1755 Πάντα
841 1702 953 1774 γὰρ
989 1699 1142 1758 εἶπον
1178 1702 1257 1774 τῷ
1291 1706 1469 1777 κυρίῳ
1503 1724 1606 1777 μου
1643 1707 1725 1779 τῷ
1763 1726 1961 1780 τιμιω-

378 1792 530 1863 τάτῳ
552 1793 649 1848 καὶ
667 1791 1049 1864 εὑλαϐεστάτῳ
1064 1794 1426 1869 πρεσϐυτέρῳ
1448 1798 1831 1872 Κωνσταντίῳ,
1848 1803 1959 1856 εῖτε

378 1886 462 1947 εἰς
482 1883 771 1954 οἰκοδομὰς
791 1883 1066 1941 ἀναλῶσαι
1087 1884 1220 1951 δέοι.
1243 1885 1355 1942 εἴτε
1377 1890 1459 1952 είς
1479 1890 1671 1961 χρείας
1692 1890 1957 1961 ἀδελφῶν,

382 1977 523 2048 μετά
558 1975 803 2040 πλείονος
851 1981 1155 2051 παρασχεῖν
1207 1979 1338 2055 ὑμῖν
1379 1983 1479 2053 τῆς
1516 1982 1798 2054 δαψιλείας
1813 2026 1829 2052 ,
1866 1986 1963 2041 καὶ

383 2066 526 2141 μετὰ
561 2068 808 2133 πλείονος
843 2068 939 2123 νῦν
973 2069 1008 2142 ἡ
1048 2069 1385 2143 ἔμπροσθεν.
1421 2075 1603 2147 Ἐχων
1644 2076 1826 2149 τοίνυν
1865 2079 1961 2134 καὶ

380 2160 479 2229 τὴν
528 2161 740 2214 ἐκεῖθεν
791 2160 1045 2217 εὐκολίαν
1092 2164 1189 2217 καὶ
1218 2164 1326 2235 πρὸ
1375 2166 1595 2221 πάντων
1621 2167 1685 2222 τὸ
1724 2170 1962 2241 πρᾶγμα

382 2254 555 2303 ποιεῖν
577 2251 811 2324 ἀρέσκον
826 2252 964 2324 Θεῷ,
985 2253 1164 2308 πάντα
1179 2254 1339 2310 ὁκνον
1354 2256 1629 2324 ἐκϐαλὼν,
1642 2260 1960 2331 ἐπειχθῆναι

376 2343 588 2414 ταχέως
602 2343 1007 2416 παρακληθητι,
1032 2348 1128 2400 καὶ
1147 2345 1207 2412 ἐξ
1241 2348 1416 2419 αὐτῆς
1440 2352 1575 2421 ἡμῖν
1606 2351 1765 2405 τοῦτο
1793 2352 1963 2425 δήλω-

380 2453 498 2501 σον,
516 2437 604 2491 ἵνα
635 2437 729 2491 καὶ
749 2438 808 2490 ἐν
832 2437 1049 2510 ἐρημίᾳ
1070 2438 1223 2503 ὄντες
1243 2439 1453 2514 χαλεπῇ
1485 2443 1687 2516 πολλὴν
1709 2445 1962 2501 ἐντεῦθεν

380 2524 807 2598 καρπωσώμεθα
856 2526 957 2596 τὴν
998 2527 1366 2600 παράκλησιν.
1419 2532 1485 2585 Εί
1527 2534 1637 2605 γὰρ
1686 2535 1963 2606 μάθοιμεν

379 2615 465 2669 ὅτι
495 2615 920 2690 άποδεδὴμηκας
949 2618 1132 2672 ἐκεῖσε
1161 2620 1302 2691 μετὰ
1331 2621 1433 2693 τῆς
1463 2623 1693 2697 γνώμης
1721 2626 1960 2696 ἐκείνης,

378 2707 562 2760 πάντα
591 2707 812 2778 ποιῆσαι
840 2707 936 2761 καὶ
957 2709 1152 2764 παθεῖν
1178 2712 1320 2784 ὑπὲρ
1339 2715 1615 2786 σωτηρίας
1637 2716 1747 2770 τῶν
1771 2717 1963 2771 αὐτόθι

376 2798 569 2869 ψυχῶν
609 2800 1153 2871 παρεσκευασμένος,
1192 2803 1315 2857 οὐδέ
1361 2805 1599 2876 ἐρημίαν
1639 2807 1960 2878 ἡγησόμεθα

376 2892 549 2944 οἰκεῖν
576 2889 688 2943 ἀπὸ
710 2888 865 2963 [624]
889 2891 989 2962 τῆς
1010 2891 1284 2964 τοσαύτης
1313 2893 1526 2965 ἡδονῆς.
1554 2896 1961 2968 Ἐπιθυμοῦμεν

376 2979 490 3052 γὰρ
527 2980 622 3034 καὶ
656 2981 818 3052 ἡμεῖς
848 2981 1296 3054 παραγενόμενόν
1320 3001 1382 3039 σε
1414 2985 1573 3040 ίδεῖνο
1608 2986 1727 3041 ἀλλ’
1770 2988 1959 3060 ἐπειδὴ

375 3071 537 3125 τοῦτο
562 3072 701 3142 ὅπερ
732 3065 887 3133 εἶπον
919 3073 1377 3146 ἀναγκαιότερον,
1409 3076 1505 3131 καὶ
1530 3075 1653 3140 δέος
1686 3077 1898 3148 μήποτε
1931 3080 1964 3131 ὁ

371 3163 588 3235 χειμὼν
615 3163 920 3237 ἀποκλείσῃ
957 3181 1040 3218 σοι
1071 3164 1171 3235 τὴν
1194 3166 1311 3221 ὁδὸν
1348 3168 1449 3240 τήν
1474 3168 1728 3226 ἐντεῦθεν
1755 3170 1959 3235 ἐκεῖσε,

374 3256 466 3309 διὰ
492 3255 651 3309 τοῦτό
693 3272 752 3310 σε
797 3256 1113 3328 ἐπείγομεν,
1149 3258 1243 3314 καὶ
1288 3260 1713 3332 παρακαλοῦμεν
1748 3262 1961 3333 ταχέως

376 3349 717 3420 ἐπειχθῆναι.

375 3489 509 3541 ΝΕ.
552 3487 799 3564 21415601-
836 3488 934 3564 καὶ
982 3487 1137 3564 Μᾴρι
1163 3490 1743 3564 πρεσϐυτέροιςηκαί
1767 3494 1958 3564 μονά-

659 3556 867 3617 ζουσιν
892 3558 963 3612 ἐν
992 3556 1085 3627 τῇ
1101 3556 1262 3628 χώρᾳ
1297 3556 1608 3630 Ἀπαῂείας
1624 3562 1673 3616 δ.

446 3671 511 3724 ΕΞ
540 3671 636 3724 καὶ
656 3670 839 3741 πολλῷ
860 3671 1215 3743 διειργόμεθα
1238 3674 1318 3746 τῷ
1332 3675 1439 3746 τῆς
1454 3676 1578 3731 ὁδοῦ
1603 3678 1955 3750 διαστήματι,

376 3762 475 3814 καὶ
500 3762 560 3814 ἐν
582 3761 943 3833 χαλεπωτάτῃ
978 3763 1268 3835 καθήμεθα
1293 3766 1523 3839 ἐρημία,
1543 3767 1659 3821 ἀλλ’
1679 3769 1830 3840 ὅμως
1853 3787 1957 3842 μα-

376 3853 563 3916 θόντες
598 3851 753 3924 ὑμῶν
788 3853 890 3927 τῆς
917 3852 1098 3925 ψυχῆς
1128 3855 1227 3926 τήν
1254 3856 1479 3930 ἀρετὴν,
1511 3858 1606 3914 καὶ
1630 3859 1729 3935 τὴν
1755 3861 1954 3935 πολλὴν

374 3942 716 4014 φιλοσοφίαν,
751 3944 821 3997 δι’
846 3939 914 4017 ἧς
941 3946 1067 4009 τούς
1091 3947 1276 4002 αὐτόθι
1302 3948 1514 4015 πάντας
1542 3950 1951 4025 καταλάμπετε,

375 4034 597 4103 σφοδροὶ
626 4035 934 4106 γεγόναμεν
986 4036 1141 4107 ὑμῶν
1187 4040 1436 4112 ἐρασταί.
1465 4043 1577 4095 Καὶ
1617 4043 1806 4117 ἐπειδὴ
1855 4045 1953 4116 τῆς

375 4128 497 4178 κατ’
526 4125 649 4194 ὄψιν
690 4126 849 4197 ἡμῶν
883 4127 1175 4198 συντυχίας
1198 4131 1341 4194 τέως
1381 4131 1691 4188 ἀπολαῦσαι
1717 4134 1818 4188 οὐκ
1848 4133 1949 4202 ἔνι,

369 4214 468 4268 διά
505 4231 564 4268 τε
591 4215 692 4287 τὴν
725 4215 818 4269 τοῦ
850 4216 1121 4286 χειμῶνος
1152 4219 1329 4291 ὥραν,
1375 4222 1467 4276 διά
1493 4241 1553 4277 τε
1585 4224 1685 4295 τῆς
1725 4225 1847 4280 ὀδοῦ
1892 4227 1955 4281 τὸ

373 4304 581 4374 μῆκος,
615 4303 704 4358 διὰ
740 4308 1089 4378 γραμμάτων
1139 4310 1499 4378 συγγενέσθαι
1537 4314 1953 4387 ἐσπουδάσαμεν

372 4394 530 4464 ὑμῖν,
562 4395 1011 4466 παρακαλοῦντες
1041 4398 1196 4470 ὑμῶν
1226 4400 1324 4472 τὴν
1349 4402 1661 4470 εὐλάϐειαν,
1696 4404 1952 4478 εὔχεσθαί

371 4502 433 4538 τε
475 4485 710 4550 ἐκτενῶς
743 4487 885 4557 ὑπὲρ
933 4489 1031 4559 τῆς
1076 4487 1287 4553 λύσεως
1318 4490 1430 4545 τῶν
1475 4494 1575 4565 τὴν
1624 4495 1952 4567 οἰκουμένην

371 4574 784 4647 κατειληφότων
839 4577 1060 4643 κακῶν,
1115 4579 1209 4633 καὶ
1251 4581 1461 4645 πάντας
1513 4585 1594 4647 είς
1640 4584 1799 4639 τοῦτο
1842 4586 1953 4639 διε·

370 4666 582 4738 γείρειν
613 4666 753 4739 μετά
774 4666 977 4738 πολλῆς
1004 4667 1103 4748 τῆς
1134 4668 1470 4742 προθυμίας,
1504 4675 1636 4744 ἡμῖν
1666 4691 1750 4743 τε,
1783 4676 1955 4746 ἡνίκα

370 4756 593 4836 anan,
643 4757 1032 4831 συνεχέστερον
1070 4761 1408 4819 ἐπιστέλλειν
1450 4766 1715 4836 περὶτῆς
1762 4768 1954 4837 ὑγείας

372 4848 474 4916 τῆς
523 4845 823 4919 ὑμετέρας·
859 4847 945 4905 ἵνα
985 4849 1084 4913 καὶ
1137 4850 1423 4923 πόρρωθεν
1459 4854 1614 4931 ὑμῶν
1641 4856 1824 4924 ὄντες,
1860 4862 1955 4921 καὶ

373 4937 513 5009 πρὸς
543 4939 714 5002 αὑτάς
737 4940 837 5011 τῆς
864 4942 1191 5015 οἰκουμένης
1211 4944 1311 5008 τὰς
1344 4946 1603 5017 ἐσχατιὰς
1631 4951 1955 5024 ἀπῳκισμέ-

372 5045 454 5082 νοι
475 5069 490 5095 ,
529 5029 730 5102 πολλὴν
769 5032 866 5085 καὶ⁵
897 5032 1148 5087 ἐντεῦθεν
1178 5036 1607 5111 καρπωσώμεθα
1633 5042 1733 5114 τὴν
1776 5026 1956 5117 παρά-

372 5119 593 5191 κλησιν,
616 5122 1005 5195 συνεχέστερον
1027 5124 1098 5179 τὰ
1119 5126 1248 5198 περὶ
1268 5128 1367 5199 τῆς
1387 5131 1608 5203 ῥώσεως
1632 5134 1788 5205 ὑμῶν
1820 5153 1955 5209 μαν-

374 5292 612 5404 ωῼηξῗιέο
646 5310 757 5358 ηοω
782 5298 1083 5351 deﬁciebant
1121 5303 1170 5352 in
1198 5302 1352 5362 Edilis
1392 5328 1454 5368 ex
1490 5309 1652 5365 tribus
1672 5324 1785 5361 mss.
1812 5314 1958 5364 resti-

438 5416 468 5456 δ
488 5417 672 5470 Omnes
696 5434 812 5472 mss.
833 5420 882 5471 ἰν
902 5428 959 5485 τῇ
981 5425 1113 5488 χώρᾳ
1153 5424 1410 5501 Ἀπαμέων.

1838 42 2218 101 EPISTULA}.

3551 72 3668 131 οφθ

2082 158 2356 225 θάνοντες.
2392 164 2605 238 Σφόδρα
2639 168 2696 223 δὲ
2725 171 2874 243 ἡμᾶς
2907 173 3179 248 εὔφρανεν
3207 180 3237 235 ὁ
3281 182 3663 259 ποθεινότατος

2078 263 2173 316 καὶ
2195 261 2532 332 γλυκύτατος
2570 271 2827 344 Ἰωάννης
2857 278 2886 330 ὁ
2914 279 3304 354 πρεσϐύτερος,
3332 288 3390 340 ἐν
3417 292 3657 368 τοσαύτῃ

2078 360 2288 431 καιρῶν
2319 363 2582 443 δυσκολίᾳ
2623 369 2881 442 ἐλόμενος
2914 377 3126 434 οἴκοθεν
3159 382 3533 460 διαναστῆναι,

2076 456 2317 526 ἅψασθαι
2346 462 2445 533 τῆς
2472 465 2566 517 ἐπὶ
2589 458 2688 539 τήν
2709 470 2965 545 Φοινίκην
2989 477 3317 551 ἀποδημίας.
3344 456 3655 559 Παρακαλῶ

2073 557 2251 611 τοίνυν
2282 561 2646 633 ἐννοήσαντας
2668 568 2764 623 τοῦ
2793 574 3220 649 κατορθώματος
3248 557 3445 653 ἡλίκον
3461 586 3522 640 τὸ
3559 590 3657 659 μέ-

2073 658 2251 724 γεθος,
2270 662 2491 731 εῖτινας
2524 667 2733 739 εῦροιτε
2752 676 3047 753 γενναίους
3076 680 3297 753 ἄνδρας,
3321 684 3656 758 δυναμένους

2074 756 2223 828 αὑτῷ
2256 762 2576 834 συμπρᾶξαι
2610 767 2750 839 πρὸς
2795 771 2907 827 τῶν
2954 779 3397 851 κατορθωμάτων
3447 785 3655 841 τούτων

2071 854 2134 906 τὸ
2165 855 2415 925 μέγεθος,
2449 863 2624 937 πολλῇ
2650 869 2716 939 τῇ
2750 862 3473 946 προθυμίᾳσυναποστεῖλαι
3501 882 3653 956 αὐτῷ

2074 956 2462 1053 παρακληθητε
2484 1001 2502 1026 ,
2551 962 2859 1035 ἐννοοῦντες
2905 970 3091 1044 ἡλίκον
3140 977 3390 1033 ἐντεῦθεν
3423 982 3663 1053 καρπώ-⁵

2070 1044 2232 1099 σεσθε
2268 1048 2362 1103 τὸν
2399 1053 2610 1122 μισθόν.

2281 1163 2427 1231 Νςι.
2443 1163 2845 1240 Ῥωμύλῳκαί
2870 1178 3032 1248 Βύᾰρ
3044 1191 3068 1221 ο
3085 1185 3436 1254 μονάζουσι.

2152 1272 2294 1343 Ἐγὼ
2325 1277 2425 1348 μέν
2445 1280 2751 1358 ἐϐουλόμην
2773 1289 2919 1361 ὑμᾶς
2946 1295 3044 1349 καὶ
3064 1297 3306 1356 ἐνταῦθα
3336 1321 3649 1378 παραγενο-

2072 1371 2269 1443 μένους
2294 1377 2425 1434 ίδεῖν
2442 1397 2458 1417 ’
2490 1380 2708 1444 ἀκούων
2733 1389 2845 1463 7&9
2874 1390 3030 1464 ὑμῶν
3051 1398 3154 1468 τὴν
3174 1371 3650 1479 εὑλάϐειάνίσφο-

2060 1470 2194 1544 δρὸς
2226 1474 2384 1546 ὑμῶν
2404 1479 2607 1551 γέγονα
2641 1487 2900 1563 ἐραστὴς,
2920 1496 3034 1559 τοῖς
3056 1496 3160 1568 τῆς
3193 1500 3416 1575 ἀγάπης
3450 1470 3655 1576 ὁφθαλν

2060 1576 2195 1644 μοῖς
2224 1576 2371 1649 ὑμᾶς
2402 1584 2845 1659 φανταζόμενος·
2878 1594 3070 1669 ἐπειδὴ
3091 1598 3150 1653 δὲ
3186 1601 3347 1657 τοῦτο
3376 1604 3517 1671 τέως
3546 1609 3652 1666 οὐκ

2058 1679 2167 1746 ἔνι,
2204 1686 2300 1741 καὶ
2325 1686 2416 1742 διὰ
2442 1690 2506 1743 τὸ
2537 1692 2638 1764 τῆς
2668 1696 2790 1750 ὁδοῦ
2825 1700 3021 1773 μῆκος,
3053 1706 3150 1761 καὶ
3179 1706 3268 1761 διὰ
3290 1710 3388 1782 τήν
3413 1713 3506 1768 τοῦ
3534 1732 3649 1789 χει-

2068 1779 2247 1851 μῶνος
2286 1783 2458 1856 ὥραν,
2500 1791 2597 1844 καὶ
2622 1790 2715 1847 διά
2751 1795 2843 1849 τὸν
2871 1798 2983 1854 τῶν
3027 1800 3291 1874 Ἰσαύρων
3324 1779 3648 1877 φόϐονίδιά

2063 1881 2175 1937 τῶν
2210 1886 2558 1959 γραμμάτων
2609 1892 2923 1953 ἐσπούδακα
2971 1898 3129 1971 ὑμῶν
3169 1908 3532 1974 συγγενέσθαι
3575 1914 3646 1986 τῇ

2062 1983 2358 2055 τιμιότητι,
2385 1986 2554 2060 δήλην
2593 1989 2721 2063 ὑμῖν
2744 1996 2914 2051 ποιῶν
2941 1998 3041 2069 τὴν
3065 1999 3328 2071 διάθεσιν,
3351 2008 3418 2079 ἢν
3451 1983 3657 2082 ἔχομεν

2065 2081 2203 2153 πρὸς
2224 2083 2324 2154 τήν
2348 2085 2678 2144 εὐλάϐειαν(ι
2701 2092 2801 2174 τήν
2823 2095 3095 2177 ὑμετέραν
3110 2116 3124 2131 ·
3156 2101 3236 2156 ἔνι
3261 2103 3371 2176 7&9
3400 2108 3495 2161 καὶ
3521 2081 3651 2176 τοὺς

2066 2180 2348 2254 πόρρωθεν
2394 2186 2558 2254 δντας
2590 2191 2686 2246 καὶ
2738 2194 2814 2267 μὴ
2841 2190 3140 2268 ὁραθέντας
3173 2202 3368 2272 φιλεῖν.
3411 2207 3657 2283 Τοιαύτη

2063 2280 2173 2354 7&9
2201 2281 2302 2353 τῆς
2337 2285 2562 2359 ἀγάπης
2601 2291 2636 2361 ή
2669 2284 2933 2365 δύναμιςο
2972 2298 3037 2352 οὐ
3066 2298 3363 2372 διείργεται
3389 2304 3508 2361 ὁδοῦ
3541 2280 3653 2380 μή·ζ

2066 2398 2184 2449 κει,
2230 2385 2351 2440 οὐδέ
2400 2390 2727 2461 μαραίνεται
2774 2396 2967 2466 χρόνου
3002 2399 3227 2473 πλήθει,
3260 2404 3384 2458 οὑδᾶ
3430 2410 3654 2464 νικᾶται

2065 2485 2391 2557 πειρασμῶν
2423 2489 2775 2569 ἐπαγωγαῖςτ
2819 2494 2959 2569 ἀλλὰ
2996 2498 3171 2554 ταῦτα
3223 2503 3401 2561 πάντα
3438 2508 3650 2565 νικῶσα

2066 2581 2318 2655 ἀνωτέρα
2338 2586 2559 2641 πάντων
2580 2591 2815 2659 γίνεται,
2845 2594 2945 2673 καὶ
2973 2597 3114 2669 πρὸς
3146 2598 3280 2671 ὑψος
3322 2604 3530 2674 ἄφατον
3566 2609 3658 2665 αῖ-

2068 2699 2240 2754 ρεται.
2270 2684 2369 2738 Διά
2398 2684 2463 2757 δὴ
2498 2687 2655 2743 τοῦτο
2683 2691 2780 2745 καὶ
2819 2693 3002 2764 ἡμεῖς,
3050 2695 3241 2771 ἐπειδὴ
3286 2702 3488 2774 σφόδρα
3518 2706 3652 2780 περὶ

2067 2782 2214 2853 ὑμᾶς
2237 2782 2389 2856 [625]
2412 2785 2759 2859 διακείμεθα,
2787 2791 2961 2857 οὐδενὶ
2980 2795 3189 2857 τούτων
3210 2784 3516 2873 γεγόναμεν
3545 2807 3655 2879 ῥα-

2067 2879 2379 2953 θυμότεροι,
2411 2884 2549 2940 ἀλλὰ
2596 2888 2690 2961 καὶ
2721 2891 3040 2965 γράφομεν,
3083 2896 3178 2976 καὶ
3224 2901 3651 2976 παρακαλοῦμεν

2067 2981 2213 3052 ὑμᾶς
2239 2983 2307 3038 τά
2334 2986 2467 3057 περὶ
2494 2987 2592 3059 τῆς
2625 2979 2817 3059 ὑγείας
2849 2993 2951 3064 τῆς
2981 2994 3256 3070 ὑμετέρας
3276 2999 3472 3071 δηλοῦν
3493 3004 3645 3074 ἡμῖν.

2065 3080 2227 3137 Οῦτω
2260 3084 2369 3156 7&9
2398 3088 2493 3140 καὶ⁹
2521 3088 2580 3141 ἐν
2613 3089 2823 3162 ἐρημίᾳ
2849 3091 3242 3165 διατρίϐοντες,
3275 3100 3477 3173 πολλὴν
3509 3119 3649 3175 καρ·

2065 3183 2363 3254 ⁸ιτπιυσόμεθα
2377 3188 2478 3256 τὴν
2502 3189 2869 3261 παράκλησιν,
2887 3193 3018 3248 ὅταν
3037 3196 3329 3270 ἀκούωμεν
3352 3200 3479 3269 τούς
3504 3203 3649 3260 οὕτω

2067 3281 2340 3357 βιοῦντας,
2375 3286 2473 3341 καὶ
2514 3287 2615 3359 τὴν
2666 3290 2861 3364 στενήν
2903 3294 3113 3368 ταύτην
3145 3300 3241 3353 καὶ
3278 3300 3657 3377 τεθλιμμένην

2064 3380 2349 3447 ὁδεύοντας
2377 3383 2514 3452 ὁδδν,
2537 3386 2887 3459 ὑγιαίνοντας
2913 3394 3008 3465 καὶ
3042 3396 3414 3471 ἐρρωμένους.

2634 3508 2766 3563 NZ'.
2815 3511 3066 3583 Ἀδολίᾳ.

2147 3616 2359 3686 Ἡμεῖς,
2382 3618 2486 3673 κᾶν
2505 3621 2643 3694 αὐτή
2667 3625 2960 3691 σπανιάκις
2988 3628 3330 3702 ἐπιστέλλῃς,
3352 3633 3413 3686 οὑ
3438 3637 3645 3707 παυσό-

2066 3715 2226 3787 μεθα,
2274 3718 2465 3783 ὁσάκις
2512 3721 2581 3775 ἂν
2622 3724 2974 3796 ἐπιτύχωμεν
3013 3727 3121 3781 τῶν
3166 3730 3418 3786 ἐντεῦθεν
3465 3735 3644 3791 ἐκεῖσε

2062 3820 2510 3891 ἀφικνουμένων,
2559 3822 2866 3895 γράφοντες
2912 3827 3050 3898 πρὸς
3079 3829 3181 3899 τήν
3231 3832 3508 3902 εὐγένειαν
3543 3836 3653 3909 τήν

2065 3920 2188 3991 σήν.
2222 3919 2590 3993 Ἐϐουλόμεθα
2618 3923 2718 3995 μὲν
2738 3924 2851 3999 7&9
2877 3927 2971 3981 καὶ
2992 3929 3227 3989 ἐνταῦθά
3248 3949 3653 4009 ατε-παραγενο-

2066 4015 2236 4087 μένην
2274 4017 2435 4086 ίδεῖν,
2483 4020 2581 4075 καὶ
2612 4021 2821 4095 σφόδρα
2865 4025 3025 4081 τοῦτο
3055 4028 3456 4106 ἐπιθυμοῦμεν.
3506 4036 3651 4092 Ἀλλ*

2062 4116 2252 4190 ἐπειδή
2280 4117 2442 4174 τοῦτο
2462 4121 2700 4194 ἐργῶδες
2731 4124 2863 4191 ἴσως
2884 4129 3163 4203 κατεφάνη
3185 4149 3279 4191 σου
3300 4136 3366 4207 τῇ
3395 4136 3646 4211 εὐγενείᾳ

2052 4218 2082 4287 ἡ(
2094 4216 2166 4271 τά
2202 4216 2314 4290 γὰρ
2361 4218 2472 4272 τῶν
2525 4221 2786 4296 Ἰσαύρων
2834 4227 3112 4282 πέπαυται
3153 4230 3487 4305 παντελῶς),
3544 4239 3644 4310 τὴν

2062 4312 2194 4383 γοῦν
2218 4315 2330 4369 ἀπὸ
2356 4315 2453 4371 τοῦ
2487 4320 2722 4391 γράφειν
2756 4323 2994 4394 συνεχῶς
3020 4329 3089 4397 τῇ
3111 4327 3385 4400 τιμιότητί
3417 4348 3512 4385 σου
3539 4350 3620 4387 πα

2064 4414 2331 4488 ράκλησιν
2349 4418 2410 4471 οὑ
2436 4420 2760 4493 παυσόμεθα
2785 4410 3121 4497 παρέχοντες
3145 4428 3378 4493 ἑαυτοῖς.
3398 4430 3507 4485 Καὶ
3534 4432 3656 4505 γάρρ

2061 4513 2255 4577 ὁσάκις
2276 4515 2345 4570 ἀν
2372 4517 2724 4591 ἐπιτύχωμεν
2745 4524 3220 4598 γραμματηφόρου
3249 4527 3431 4582 ἐκεῖσε
3465 4547 3645 4602 παρα-

2061 4614 2376 4686 γινομένου,
2403 4617 2466 4670 οὐ
2492 4617 2592 4691 τὴν
2610 4620 2882 4690 τυχοῦσαν
2915 4624 3275 4696 καρπούμεθα
3306 4628 3646 4704 εὐφροσύνην

2062 4712 2476 4780 ἐπιστέλλοντές
2510 4735 2603 4771 σου
2656 4722 2723 4792 τῇ
2773 4722 3067 4793 τιμιότητι.
3105 4724 3263 4779 Τοῦτ’
3301 4722 3396 4783 οὖν
3445 4728 3644 4793 εἰδυῖα,

2063 4813 2230 4886 κυρία
2265 4833 2367 4888 μου
2422 4820 2778 4894 κοσμιωτάτη
2812 4823 2908 4876 καὶ
2943 4822 3338 4904 εὐλαϐεστάτη,
3383 4831 3479 4884 καὶ
3506 4831 3647 4902 αὑτὴ

2065 4914 2301 4987 σπουδὴν
2340 4916 2612 4971 ποιεῖσθαι
2658 4920 3049 4996 παρακλήθητι
3081 4924 3178 4981 τοῦ
3229 4929 3468 4999 συνεχῶς
3514 4933 3649 5002 ἡμῖν

2063 5016 2401 5081 ἐπιστέλλειν
2419 5016 2487 5071 τά
2511 5020 2642 5091 περὶ
2663 5020 2761 5090 τῆς
2782 5022 2971 5091 ὑγείας
2993 5026 3093 5099 τῆς
3118 5026 3221 5098 σῆς
3242 5030 3336 5082 καὶ
3355 5030 3645 5103 εὐθυμίας.

2064 5115 2277 5188 ’Ὠσπερ
2300 5116 2409 5188 7&9
2430 5119 2528 5189 τῆς
2554 5120 2863 5192 ἀποδημίας
2884 5123 3069 5179 ἕνεκεν
3101 5127 3256 5183 οὐδὲν
3285 5129 3646 5200 ἐγκαλοῦμεν.

2063 5215 2153 5271 διὰ
2186 5218 2249 5271 τὸ
2274 5216 2424 5285 δόξαι
2460 5218 2746 5277 δυσκολίαν
2778 5222 2922 5295 ἔχειν
2966 5226 3027 5280 τὺ
3071 5230 3302 5302 πρᾶγμα
3329 5229 3503 5284 ὀὕτω
3546 5228 3647 5301 τῆς

2131 5379 2155 5445 ξ
2177 5377 2413 5445 fletique
2438 5384 2656 5445 mss._xal
2685 5382 2814 5445 βίζῳ.

2131 5437 2155 5476 (Ι
2177 5437 2301 5487 Tres
2326 5437 2435 5489 mss:
2465 5443 2569 5504 περὶ
2589 5437 2957 5501 τὴνέὐλάϐειαν.
