  <div class='ocr_page' id='page_1' title='image "/cluster/home/n/w/nwhite01/storage/ocr_20150623/52/hvd.32044073501918/261.png"; bbox 0 0 4058 6218; ppageno 0'>
   <div class='ocr_carea' id='block_1_1' title="bbox 438 227 3010 305">
    <p class='ocr_par' dir='ltr' id='par_1_1' title="bbox 438 227 3010 305">
     <span class='ocr_line' id='line_1_1' title="bbox 438 227 3010 305; baseline -0.004 -10"><span class='ocrx_word' id='word_1_1' title='bbox 438 248 534 305; x_wconf 70' lang='grc'>641</span> <span class='ocrx_word' id='word_1_2' title='bbox 1151 236 1207 292; x_wconf 91' lang='lat' dir='ltr'>S.</span> <span class='ocrx_word' id='word_1_3' title='bbox 1247 234 1529 292; x_wconf 73' lang='lat' dir='ltr'>JOANNIS</span> <span class='ocrx_word' id='word_1_4' title='bbox 1560 227 2052 288; x_wconf 77' lang='lat' dir='ltr'>CHRYSOSTOMI</span> <span class='ocrx_word' id='word_1_5' title='bbox 2090 229 2410 290; x_wconf 79' lang='lat' dir='ltr'>ARCHIEP.</span> <span class='ocrx_word' id='word_1_6' title='bbox 2461 231 3010 288; x_wconf 80' lang='lat' dir='ltr'>CONSTAN&#39;I&#39;INOP.</span> 
     </span>
    </p>
   </div>
   <div class='ocr_carea' id='block_1_2' title="bbox 439 342 2010 430">
    <p class='ocr_par' dir='ltr' id='par_1_2' title="bbox 439 342 2010 430">
     <span class='ocr_line' id='line_1_2' title="bbox 439 342 2010 430; baseline -0.012 -16"><span class='ocrx_word' id='word_1_7' title='bbox 439 357 600 430; x_wconf 88' lang='grc' dir='ltr'>σιγῆς</span> <span class='ocrx_word' id='word_1_8' title='bbox 633 356 820 411; x_wconf 77' lang='grc' dir='ltr'>ἐνεκεν</span> <span class='ocrx_word' id='word_1_9' title='bbox 853 355 952 427; x_wconf 88' lang='grc' dir='ltr'>τῆς</span> <span class='ocrx_word' id='word_1_10' title='bbox 989 352 1205 423; x_wconf 79' lang='grc' dir='ltr'>μακρᾶς</span> <span class='ocrx_word' id='word_1_11' title='bbox 1232 350 1295 402; x_wconf 88' lang='grc' dir='ltr'>οὐ</span> <span class='ocrx_word' id='word_1_12' title='bbox 1325 345 1646 417; x_wconf 74' lang='grc' dir='ltr'>παυσόμεθα</span> <span class='ocrx_word' id='word_1_13' title='bbox 1676 342 2010 414; x_wconf 84' lang='grc' dir='ltr'>αἰτιώμενοι,</span> 
     </span>
    </p>
   </div>
   <div class='ocr_carea' id='block_1_3' title="bbox 434 455 2018 540">
    <p class='ocr_par' dir='ltr' id='par_1_3' title="bbox 434 455 2018 540">
     <span class='ocr_line' id='line_1_3' title="bbox 434 455 2018 540; baseline -0.012 -14"><span class='ocrx_word' id='word_1_14' title='bbox 434 471 522 526; x_wconf 66' lang='grc' dir='ltr'>διὰ</span> <span class='ocrx_word' id='word_1_15' title='bbox 545 470 607 524; x_wconf 81' lang='grc' dir='ltr'>τὺ</span> <span class='ocrx_word' id='word_1_16' title='bbox 632 468 840 540; x_wconf 87' lang='grc' dir='ltr'>σφόδρα</span> <span class='ocrx_word' id='word_1_17' title='bbox 877 464 1163 534; x_wconf 72' lang='grc' dir='ltr'>ἐπιθυμεῖν</span> <span class='ocrx_word' id='word_1_18' title='bbox 1199 459 1435 532; x_wconf 87' lang='grc' dir='ltr'>συνεχῶς</span> <span class='ocrx_word' id='word_1_19' title='bbox 1468 457 1760 530; x_wconf 82' lang='grc' dir='ltr'>μανθάνειν</span> <span class='ocrx_word' id='word_1_20' title='bbox 1788 455 1858 510; x_wconf 86' lang='grc' dir='ltr'>τά</span> <span class='ocrx_word' id='word_1_21' title='bbox 1890 455 2018 525; x_wconf 71' lang='grc' dir='ltr'>περὶ</span> 
     </span>
    </p>
   </div>
   <div class='ocr_carea' id='block_1_4' title="bbox 436 570 1699 655">
    <p class='ocr_par' dir='ltr' id='par_1_4' title="bbox 436 570 1699 655">
     <span class='ocr_line' id='line_1_4' title="bbox 436 570 1699 655; baseline -0.018 -9"><span class='ocrx_word' id='word_1_22' title='bbox 436 582 538 655; x_wconf 78' lang='grc' dir='ltr'>τῆς</span> <span class='ocrx_word' id='word_1_23' title='bbox 565 581 785 654; x_wconf 76' lang='grc' dir='ltr'>ῥώσεως</span> <span class='ocrx_word' id='word_1_24' title='bbox 817 579 917 650; x_wconf 86' lang='grc' dir='ltr'>τῆς</span> <span class='ocrx_word' id='word_1_25' title='bbox 944 578 1041 648; x_wconf 90' lang='grc' dir='ltr'>σῆς</span> <span class='ocrx_word' id='word_1_26' title='bbox 1065 576 1158 629; x_wconf 69' lang='grc' dir='ltr'>καὶ</span> <span class='ocrx_word' id='word_1_27' title='bbox 1179 575 1326 628; x_wconf 79' lang='grc' dir='ltr'>οίκου</span> <span class='ocrx_word' id='word_1_28' title='bbox 1356 590 1449 626; x_wconf 91' lang='grc' dir='ltr'>σου</span> <span class='ocrx_word' id='word_1_29' title='bbox 1477 570 1699 634; x_wconf 89' lang='grc' dir='ltr'>παντός.</span> 
     </span>
    </p>
   </div>
   <div class='ocr_carea' id='block_1_5' title="bbox 774 734 1682 806">
    <p class='ocr_par' dir='ltr' id='par_1_5' title="bbox 774 734 1682 806">
     <span class='ocr_line' id='line_1_5' title="bbox 774 734 1682 806; baseline -0.011 -6"><span class='ocrx_word' id='word_1_30' title='bbox 774 748 915 800; x_wconf 84' lang='lat' dir='ltr'>NII&#39;.</span> <span class='ocrx_word' id='word_1_31' title='bbox 958 741 1257 806; x_wconf 83' lang='grc' dir='ltr'>Θεοδοσίφ</span> <span class='ocrx_word' id='word_1_32' title='bbox 1283 739 1404 795; x_wconf 76' lang='grc' dir='ltr'>ἀπὸ</span> <span class='ocrx_word' id='word_1_33' title='bbox 1429 734 1682 793; x_wconf 84' lang='grc' dir='ltr'>δουκῶν.</span> 
     </span>
    </p>
   </div>
   <div class='ocr_carea' id='block_1_6' title="bbox 506 867 2018 952">
    <p class='ocr_par' dir='ltr' id='par_1_6' title="bbox 506 867 2018 952">
     <span class='ocr_line' id='line_1_6' title="bbox 506 867 2018 952; baseline -0.022 -10"><span class='ocrx_word' id='word_1_34' title='bbox 506 882 713 942; x_wconf 83' lang='grc' dir='ltr'>Πολλοῦ</span> <span class='ocrx_word' id='word_1_35' title='bbox 761 881 856 936; x_wconf 88' lang='grc' dir='ltr'>τοῦ</span> <span class='ocrx_word' id='word_1_36' title='bbox 908 879 1124 952; x_wconf 85' lang='grc' dir='ltr'>μέλιτος</span> <span class='ocrx_word' id='word_1_37' title='bbox 1167 875 1266 947; x_wconf 79' lang='grc' dir='ltr'>τὴν</span> <span class='ocrx_word' id='word_1_38' title='bbox 1322 871 1613 940; x_wconf 81' lang='grc' dir='ltr'>ἐπιστολὴν</span> <span class='ocrx_word' id='word_1_39' title='bbox 1661 867 1978 938; x_wconf 81' lang='grc' dir='ltr'>ἀνέχρωσας</span> <span class='ocrx_word' id='word_1_40' title='bbox 2002 904 2018 930; x_wconf 64' lang='grc'><em>,</em></span> 
     </span>
    </p>
   </div>
   <div class='ocr_carea' id='block_1_7' title="bbox 442 976 2019 1076">
    <p class='ocr_par' dir='ltr' id='par_1_7' title="bbox 442 976 2019 1076">
     <span class='ocr_line' id='line_1_7' title="bbox 442 976 2019 1076; baseline -0.02 -18"><span class='ocrx_word' id='word_1_41' title='bbox 442 1001 641 1076; x_wconf 83' lang='grc' dir='ltr'>μᾶλλον</span> <span class='ocrx_word' id='word_1_42' title='bbox 662 997 720 1052; x_wconf 77' lang='grc' dir='ltr'>δὲ</span> <span class='ocrx_word' id='word_1_43' title='bbox 748 995 842 1052; x_wconf 75' lang='grc' dir='ltr'>καὶ</span> <span class='ocrx_word' id='word_1_44' title='bbox 869 993 1085 1066; x_wconf 87' lang='grc' dir='ltr'>μέλιτος</span> <span class='ocrx_word' id='word_1_45' title='bbox 1107 987 1279 1060; x_wconf 77' lang='grc' dir='ltr'>αὐτὴν</span> <span class='ocrx_word' id='word_1_46' title='bbox 1307 985 1441 1058; x_wconf 81' lang='grc' dir='ltr'>ήδίω</span> <span class='ocrx_word' id='word_1_47' title='bbox 1462 981 1791 1052; x_wconf 82' lang='grc' dir='ltr'>πεποίηκας.</span> <span class='ocrx_word' id='word_1_48' title='bbox 1822 976 1897 1030; x_wconf 79' lang='grc' dir='ltr'>Τὸ</span> <span class='ocrx_word' id='word_1_49' title='bbox 1922 976 2019 1048; x_wconf 80' lang='grc' dir='ltr'>μὲν</span> 
     </span>
    </p>
   </div>
   <div class='ocr_carea' id='block_1_8' title="bbox 437 1089 2019 1188">
    <p class='ocr_par' dir='ltr' id='par_1_8' title="bbox 437 1089 2019 1188">
     <span class='ocr_line' id='line_1_8' title="bbox 437 1089 2019 1188; baseline -0.02 -17"><span class='ocrx_word' id='word_1_50' title='bbox 437 1117 548 1188; x_wconf 80' lang='grc' dir='ltr'>γὰρ</span> <span class='ocrx_word' id='word_1_51' title='bbox 586 1115 716 1168; x_wconf 82' lang='grc' dir='ltr'>ὅταν</span> <span class='ocrx_word' id='word_1_52' title='bbox 782 1107 1164 1179; x_wconf 78' lang='grc' dir='ltr'>συνεχέστερον</span> <span class='ocrx_word' id='word_1_53' title='bbox 1211 1099 1450 1173; x_wconf 77' lang='grc' dir='ltr'>ὁμιλήσῃ</span> <span class='ocrx_word' id='word_1_54' title='bbox 1492 1098 1606 1160; x_wconf 92' lang='grc' dir='ltr'>τοῖς</span> <span class='ocrx_word' id='word_1_55' title='bbox 1659 1089 2019 1148; x_wconf 76' lang='grc' dir='ltr'>ἀπολαύουσιν</span> 
     </span>
    </p>
   </div>
   <div class='ocr_carea' id='block_1_9' title="bbox 435 1207 2018 1298">
    <p class='ocr_par' dir='ltr' id='par_1_9' title="bbox 435 1207 2018 1298">
     <span class='ocr_line' id='line_1_9' title="bbox 435 1207 2018 1298; baseline -0.018 -12"><span class='ocrx_word' id='word_1_56' title='bbox 435 1229 604 1286; x_wconf 85' lang='grc' dir='ltr'>αὑτοῦ</span> <span class='ocrx_word' id='word_1_57' title='bbox 625 1228 724 1298; x_wconf 88' lang='grc' dir='ltr'>τῆς</span> <span class='ocrx_word' id='word_1_58' title='bbox 755 1221 1113 1295; x_wconf 82' lang='grc' dir='ltr'>γλυκύτητος,</span> <span class='ocrx_word' id='word_1_59' title='bbox 1139 1218 1241 1271; x_wconf 92' lang='grc' dir='ltr'>οὐκ</span> <span class='ocrx_word' id='word_1_60' title='bbox 1267 1215 1348 1269; x_wconf 75' lang='grc' dir='ltr'>ἔτι</span> <span class='ocrx_word' id='word_1_61' title='bbox 1378 1212 1579 1285; x_wconf 83' lang='grc' dir='ltr'>ὁμοίως</span> <span class='ocrx_word' id='word_1_62' title='bbox 1608 1210 1707 1281; x_wconf 81' lang='grc' dir='ltr'>ήδὺ</span> <span class='ocrx_word' id='word_1_63' title='bbox 1747 1207 2018 1279; x_wconf 88' lang='grc' dir='ltr'>φαίνεται,</span> 
     </span>
    </p>
   </div>
   <div class='ocr_carea' id='block_1_10' title="bbox 435 1319 2020 1413">
    <p class='ocr_par' dir='ltr' id='par_1_10' title="bbox 435 1319 2020 1413">
     <span class='ocr_line' id='line_1_10' title="bbox 435 1319 2020 1413; baseline -0.016 -15"><span class='ocrx_word' id='word_1_64' title='bbox 435 1343 532 1398; x_wconf 91' lang='grc' dir='ltr'>τοῦ</span> <span class='ocrx_word' id='word_1_65' title='bbox 560 1343 726 1413; x_wconf 81' lang='grc' dir='ltr'>κόρου</span> <span class='ocrx_word' id='word_1_66' title='bbox 754 1339 854 1410; x_wconf 83' lang='grc' dir='ltr'>τὴν</span> <span class='ocrx_word' id='word_1_67' title='bbox 881 1334 1172 1408; x_wconf 73' lang='grc' dir='ltr'><strong>τυραννίδα</strong></span> <span class='ocrx_word' id='word_1_68' title='bbox 1192 1332 1294 1402; x_wconf 88' lang='grc' dir='ltr'>τῆς</span> <span class='ocrx_word' id='word_1_69' title='bbox 1320 1329 1510 1401; x_wconf 80' lang='grc' dir='ltr'>ἡδονῆς</span> <span class='ocrx_word' id='word_1_70' title='bbox 1536 1323 1926 1385; x_wconf 82' lang='grc' dir='ltr'>καταλύοντος·</span> <span class='ocrx_word' id='word_1_71' title='bbox 1951 1319 2020 1372; x_wconf 87' lang='grc' dir='ltr'>τά</span> 
     </span>
    </p>
   </div>
   <div class='ocr_carea' id='block_1_11' title="bbox 437 1434 2022 1527">
    <p class='ocr_par' dir='ltr' id='par_1_11' title="bbox 437 1434 2022 1527">
     <span class='ocr_line' id='line_1_11' title="bbox 437 1434 2022 1527; baseline -0.015 -17"><span class='ocrx_word' id='word_1_72' title='bbox 437 1457 497 1510; x_wconf 81' lang='grc' dir='ltr'>δὲ</span> <span class='ocrx_word' id='word_1_73' title='bbox 524 1453 832 1527; x_wconf 82' lang='grc' dir='ltr'>γράμματα</span> <span class='ocrx_word' id='word_1_74' title='bbox 857 1449 926 1502; x_wconf 81' lang='grc' dir='ltr'>τὰ</span> <span class='ocrx_word' id='word_1_75' title='bbox 953 1449 1020 1502; x_wconf 83' lang='grc' dir='ltr'>σά</span> <span class='ocrx_word' id='word_1_76' title='bbox 1044 1448 1143 1517; x_wconf 85' lang='grc' dir='ltr'>τὴν</span> <span class='ocrx_word' id='word_1_77' title='bbox 1166 1443 1375 1513; x_wconf 89' lang='grc' dir='ltr'>ὑγίειαν</span> <span class='ocrx_word' id='word_1_78' title='bbox 1403 1442 1533 1513; x_wconf 79' lang='grc' dir='ltr'>ἡμῖν</span> <span class='ocrx_word' id='word_1_79' title='bbox 1558 1434 2022 1507; x_wconf 78' lang='grc' dir='ltr'>εὐαγγελιζόμενα</span> 
     </span>
    </p>
   </div>
   <div class='ocr_carea' id='block_1_12' title="bbox 437 1546 2019 1642">
    <p class='ocr_par' dir='ltr' id='par_1_12' title="bbox 437 1546 2019 1642">
     <span class='ocr_line' id='line_1_12' title="bbox 437 1546 2019 1642; baseline -0.018 -17"><span class='ocrx_word' id='word_1_80' title='bbox 437 1571 540 1642; x_wconf 76' lang='grc' dir='ltr'>τὴν</span> <span class='ocrx_word' id='word_1_81' title='bbox 569 1568 692 1640; x_wconf 76' lang='grc' dir='ltr'>σὴν,</span> <span class='ocrx_word' id='word_1_82' title='bbox 720 1563 976 1618; x_wconf 86' lang='grc' dir='ltr'>τοσοῦτον</span> <span class='ocrx_word' id='word_1_83' title='bbox 1005 1559 1198 1630; x_wconf 82' lang='grc' dir='ltr'>ἀπέχει</span> <span class='ocrx_word' id='word_1_84' title='bbox 1230 1555 1391 1610; x_wconf 88' lang='grc' dir='ltr'>τοῦτο</span> <span class='ocrx_word' id='word_1_85' title='bbox 1420 1550 1633 1614; x_wconf 79' lang='grc' dir='ltr'>παθεῖν,</span> <span class='ocrx_word' id='word_1_86' title='bbox 1659 1550 1742 1603; x_wconf 74' lang='grc' dir='ltr'>ὅτι</span> <span class='ocrx_word' id='word_1_87' title='bbox 1773 1547 1866 1600; x_wconf 73' lang='grc' dir='ltr'>καὶ</span> <span class='ocrx_word' id='word_1_88' title='bbox 1896 1546 2019 1598; x_wconf 87' lang='grc' dir='ltr'>ἐπι-</span> 
     </span>
    </p>
   </div>
   <div class='ocr_carea' id='block_1_13' title="bbox 436 1660 2022 1746">
    <p class='ocr_par' dir='ltr' id='par_1_13' title="bbox 436 1660 2022 1746">
     <span class='ocr_line' id='line_1_13' title="bbox 436 1660 2022 1746; baseline -0.016 -10"><span class='ocrx_word' id='word_1_89' title='bbox 436 1681 604 1735; x_wconf 85' lang='grc' dir='ltr'>τείνει</span> <span class='ocrx_word' id='word_1_90' title='bbox 639 1676 760 1732; x_wconf 83' lang='grc' dir='ltr'>τότε</span> <span class='ocrx_word' id='word_1_91' title='bbox 795 1673 1032 1746; x_wconf 89' lang='grc' dir='ltr'>μάλιστα</span> <span class='ocrx_word' id='word_1_92' title='bbox 1059 1671 1193 1743; x_wconf 80' lang='grc' dir='ltr'>ἡμῖν</span> <span class='ocrx_word' id='word_1_93' title='bbox 1218 1667 1320 1738; x_wconf 80' lang='grc' dir='ltr'>τὴν</span> <span class='ocrx_word' id='word_1_94' title='bbox 1348 1661 1709 1736; x_wconf 89' lang='grc' dir='ltr'>εὐφροσύνην,</span> <span class='ocrx_word' id='word_1_95' title='bbox 1738 1660 1866 1713; x_wconf 84' lang='grc' dir='ltr'>ὅταν</span> <span class='ocrx_word' id='word_1_96' title='bbox 1897 1675 2022 1712; x_wconf 82' lang='grc' dir='ltr'>συν-</span> 
     </span>
    </p>
   </div>
   <div class='ocr_carea' id='block_1_14' title="bbox 438 1775 2021 1866">
    <p class='ocr_par' dir='ltr' id='par_1_14' title="bbox 438 1775 2021 1866">
     <span class='ocr_line' id='line_1_14' title="bbox 438 1775 2021 1866; baseline -0.015 -17"><span class='ocrx_word' id='word_1_97' title='bbox 438 1793 728 1866; x_wconf 77' lang='grc' dir='ltr'>ιχέστερον</span> <span class='ocrx_word' id='word_1_98' title='bbox 756 1789 1058 1860; x_wconf 84' lang='grc' dir='ltr'>πέμπηται.</span> <span class='ocrx_word' id='word_1_99' title='bbox 1089 1785 1162 1839; x_wconf 80' lang='grc' dir='ltr'>Σὺ</span> <span class='ocrx_word' id='word_1_100' title='bbox 1189 1782 1287 1855; x_wconf 79' lang='grc' dir='ltr'>μὲν</span> <span class='ocrx_word' id='word_1_101' title='bbox 1311 1777 1405 1836; x_wconf 76' lang='grc' dir='ltr'>οὖν</span> <span class='ocrx_word' id='word_1_102' title='bbox 1435 1779 1533 1850; x_wconf 82' lang='grc' dir='ltr'>τὴν</span> <span class='ocrx_word' id='word_1_103' title='bbox 1553 1775 1840 1847; x_wconf 76' lang='grc' dir='ltr'>ἐπιστολήν</span> <span class='ocrx_word' id='word_1_104' title='bbox 1863 1792 2021 1846; x_wconf 84' lang='grc' dir='ltr'>περι-</span> 
     </span>
    </p>
   </div>
   <div class='ocr_carea' id='block_1_15' title="bbox 438 1869 2020 1977">
    <p class='ocr_par' dir='ltr' id='par_1_15' title="bbox 438 1869 2020 1977">
     <span class='ocr_line' id='line_1_15' title="bbox 438 1869 2020 1977; baseline -0.014 -15"><span class='ocrx_word' id='word_1_105' title='bbox 438 1906 656 1971; x_wconf 78' lang='grc' dir='ltr'>επτύξω</span> <span class='ocrx_word' id='word_1_106' title='bbox 681 1903 780 1977; x_wconf 84' lang='grc' dir='ltr'>τὴν</span> <span class='ocrx_word' id='word_1_107' title='bbox 809 1901 951 1973; x_wconf 90' lang='grc' dir='ltr'>ἐμήν</span> <span class='ocrx_word' id='word_1_108' title='bbox 973 1915 989 1931; x_wconf 76' lang='grc' dir='ltr'><strong>ο</strong></span> <span class='ocrx_word' id='word_1_109' title='bbox 1021 1897 1131 1966; x_wconf 87' lang='grc' dir='ltr'>ἐγὼ</span> <span class='ocrx_word' id='word_1_110' title='bbox 1163 1897 1220 1950; x_wconf 84' lang='grc' dir='ltr'>δέ</span> <span class='ocrx_word' id='word_1_111' title='bbox 1253 1894 1415 1950; x_wconf 84' lang='grc' dir='ltr'>αὐτόν</span> <span class='ocrx_word' id='word_1_112' title='bbox 1449 1910 1509 1946; x_wconf 92' lang='grc' dir='ltr'>σε</span> <span class='ocrx_word' id='word_1_113' title='bbox 1543 1892 1636 1946; x_wconf 78' lang='grc' dir='ltr'>τὸν</span> <span class='ocrx_word' id='word_1_114' title='bbox 1675 1889 1888 1960; x_wconf 77' lang='grc' dir='ltr'>πατέρα</span> <span class='ocrx_word' id='word_1_115' title='bbox 1920 1869 2020 1958; x_wconf 83' lang='grc' dir='ltr'>τῆς</span> 
     </span>
    </p>
   </div>
   <div class='ocr_carea' id='block_1_16' title="bbox 439 1999 2020 2086">
    <p class='ocr_par' dir='ltr' id='par_1_16' title="bbox 439 1999 2020 2086">
     <span class='ocr_line' id='line_1_16' title="bbox 439 1999 2020 2086; baseline -0.014 -13"><span class='ocrx_word' id='word_1_116' title='bbox 439 2015 729 2086; x_wconf 73' lang='grc' dir='ltr'>ἐπιπολῆς</span> <span class='ocrx_word' id='word_1_117' title='bbox 754 2012 849 2069; x_wconf 73' lang='grc' dir='ltr'>καὶ</span> <span class='ocrx_word' id='word_1_118' title='bbox 873 2007 1344 2081; x_wconf 84' lang='grc' dir='ltr'>περιεπτυξάμην,</span> <span class='ocrx_word' id='word_1_119' title='bbox 1377 2004 1470 2059; x_wconf 75' lang='grc' dir='ltr'>καὶ</span> <span class='ocrx_word' id='word_1_120' title='bbox 1502 2000 1824 2072; x_wconf 88' lang='grc' dir='ltr'>περιέϐαλον</span> <span class='ocrx_word' id='word_1_121' title='bbox 1853 1999 2020 2069; x_wconf 80' lang='grc' dir='ltr'>ἄμφω</span> 
     </span>
    </p>
   </div>
   <div class='ocr_carea' id='block_1_17' title="bbox 437 2111 2016 2200">
    <p class='ocr_par' dir='ltr' id='par_1_17' title="bbox 437 2111 2016 2200">
     <span class='ocr_line' id='line_1_17' title="bbox 437 2111 2016 2200; baseline -0.013 -16"><span class='ocrx_word' id='word_1_122' title='bbox 437 2130 517 2186; x_wconf 85' lang='grc' dir='ltr'>τὼ</span> <span class='ocrx_word' id='word_1_123' title='bbox 567 2131 754 2200; x_wconf 86' lang='grc' dir='ltr'>χεῖρε,</span> <span class='ocrx_word' id='word_1_124' title='bbox 805 2124 902 2180; x_wconf 66' lang='grc' dir='ltr'>καί¹</span> <span class='ocrx_word' id='word_1_125' title='bbox 927 2123 1006 2196; x_wconf 79' lang='grc' dir='ltr'>τῷ</span> <span class='ocrx_word' id='word_1_126' title='bbox 1067 2120 1325 2194; x_wconf 81' lang='grc' dir='ltr'>τραχήλῳ</span> <span class='ocrx_word' id='word_1_127' title='bbox 1379 2115 1728 2190; x_wconf 76' lang='grc' dir='ltr'>περιχυθεὶς,</span> <span class='ocrx_word' id='word_1_128' title='bbox 1772 2113 1869 2167; x_wconf 71' lang='grc' dir='ltr'>καὶ</span> <span class='ocrx_word' id='word_1_129' title='bbox 1916 2111 2016 2182; x_wconf 82' lang='grc' dir='ltr'>τὴν</span> 
     </span>
    </p>
   </div>
   <div class='ocr_carea' id='block_1_18' title="bbox 437 2207 2019 2314">
    <p class='ocr_par' dir='ltr' id='par_1_18' title="bbox 437 2207 2019 2314">
     <span class='ocr_line' id='line_1_18' title="bbox 437 2207 2019 2314; baseline -0.012 -17"><span class='ocrx_word' id='word_1_130' title='bbox 437 2243 600 2314; x_wconf 82' lang='grc' dir='ltr'>φίλην</span> <span class='ocrx_word' id='word_1_131' title='bbox 630 2241 754 2310; x_wconf 70' lang='grc' dir='ltr'>ἐμοὶ</span> <span class='ocrx_word' id='word_1_132' title='bbox 801 2239 1034 2309; x_wconf 82' lang='grc' dir='ltr'>φιλήσας</span> <span class='ocrx_word' id='word_1_133' title='bbox 1067 2233 1333 2306; x_wconf 77' lang='grc' dir='ltr'>κεφαλὴν,</span> <span class='ocrx_word' id='word_1_134' title='bbox 1367 2207 1567 2303; x_wconf 74' lang='grc' dir='ltr'>πολλὴν</span> <span class='ocrx_word' id='word_1_135' title='bbox 1605 2228 2019 2299; x_wconf 79' lang='grc' dir='ltr'>ἐκαρπωσάμην</span> 
     </span>
    </p>
   </div>
   <div class='ocr_carea' id='block_1_19' title="bbox 435 2334 2018 2425">
    <p class='ocr_par' dir='ltr' id='par_1_19' title="bbox 435 2334 2018 2425">
     <span class='ocr_line' id='line_1_19' title="bbox 435 2334 2018 2425; baseline -0.012 -19"><span class='ocrx_word' id='word_1_136' title='bbox 435 2353 534 2425; x_wconf 81' lang='grc' dir='ltr'>την</span> <span class='ocrx_word' id='word_1_137' title='bbox 571 2348 942 2421; x_wconf 88' lang='grc' dir='ltr'>παραμυθίαν.</span> <span class='ocrx_word' id='word_1_138' title='bbox 973 2344 1108 2399; x_wconf 82' lang='grc' dir='ltr'>Οὐδὲ</span> <span class='ocrx_word' id='word_1_139' title='bbox 1138 2343 1248 2413; x_wconf 89' lang='lat'>7&amp;9</span> <span class='ocrx_word' id='word_1_140' title='bbox 1301 2339 1592 2409; x_wconf 80' lang='grc' dir='ltr'>ἐπιστολὴν</span> <span class='ocrx_word' id='word_1_141' title='bbox 1635 2336 1886 2409; x_wconf 77' lang='grc' dir='ltr'>ἐνόμιζον</span> <span class='ocrx_word' id='word_1_142' title='bbox 1922 2334 2018 2406; x_wconf 77' lang='grc' dir='ltr'>σὴν</span> 
     </span>
    </p>
   </div>
   <div class='ocr_carea' id='block_1_20' title="bbox 434 2448 2018 2532">
    <p class='ocr_par' dir='ltr' id='par_1_20' title="bbox 434 2448 2018 2532">
     <span class='ocr_line' id='line_1_20' title="bbox 434 2448 2018 2532; baseline -0.011 -13"><span class='ocrx_word' id='word_1_143' title='bbox 434 2463 652 2519; x_wconf 76' lang='grc' dir='ltr'>ἐπιέναι</span> <span class='ocrx_word' id='word_1_144' title='bbox 689 2459 867 2532; x_wconf 80' lang='grc' dir='ltr'>μόνον,</span> <span class='ocrx_word' id='word_1_145' title='bbox 903 2457 1040 2512; x_wconf 87' lang='grc' dir='ltr'>ἀλλά</span> <span class='ocrx_word' id='word_1_146' title='bbox 1089 2457 1185 2511; x_wconf 73' lang='grc' dir='ltr'>καὶ</span> <span class='ocrx_word' id='word_1_147' title='bbox 1229 2455 1394 2512; x_wconf 80' lang='grc' dir='ltr'>αὑτὸν</span> <span class='ocrx_word' id='word_1_148' title='bbox 1442 2454 1700 2520; x_wconf 87' lang='grc' dir='ltr'>παρεῖναι</span> <span class='ocrx_word' id='word_1_149' title='bbox 1739 2451 1872 2520; x_wconf 79' lang='grc' dir='ltr'>ἡμῖν</span> <span class='ocrx_word' id='word_1_150' title='bbox 1923 2448 2018 2502; x_wconf 75' lang='grc' dir='ltr'>καὶ</span> 
     </span>
    </p>
   </div>
   <div class='ocr_carea' id='block_1_21' title="bbox 437 2556 2017 2646">
    <p class='ocr_par' dir='ltr' id='par_1_21' title="bbox 437 2556 2017 2646">
     <span class='ocr_line' id='line_1_21' title="bbox 437 2556 2017 2646; baseline -0.014 -15"><span class='ocrx_word' id='word_1_151' title='bbox 437 2573 808 2646; x_wconf 81' lang='grc' dir='ltr'>συγγίνεσθαι.</span> <span class='ocrx_word' id='word_1_152' title='bbox 841 2568 1109 2624; x_wconf 80' lang='grc' dir='ltr'>Τοσοῦτον</span> <span class='ocrx_word' id='word_1_153' title='bbox 1156 2565 1346 2637; x_wconf 76' lang='grc' dir='ltr'>ἴσχυσε</span> <span class='ocrx_word' id='word_1_154' title='bbox 1387 2563 1486 2633; x_wconf 86' lang='grc' dir='ltr'>τῆς</span> <span class='ocrx_word' id='word_1_155' title='bbox 1517 2559 1809 2628; x_wconf 82' lang='grc' dir='ltr'>ἐπιστολῆς</span> <span class='ocrx_word' id='word_1_156' title='bbox 1853 2560 1887 2628; x_wconf 79' lang='grc' dir='ltr'>ἡ</span> <span class='ocrx_word' id='word_1_157' title='bbox 1923 2556 2017 2611; x_wconf 87' lang='grc' dir='ltr'>δύ-</span> 
     </span>
    </p>
   </div>
   <div class='ocr_carea' id='block_1_22' title="bbox 433 2672 2016 2762">
    <p class='ocr_par' dir='ltr' id='par_1_22' title="bbox 433 2672 2016 2762">
     <span class='ocr_line' id='line_1_22' title="bbox 433 2672 2016 2762; baseline -0.014 -17"><span class='ocrx_word' id='word_1_158' title='bbox 433 2707 621 2762; x_wconf 87' lang='grc' dir='ltr'>ναμις.</span> <span class='ocrx_word' id='word_1_159' title='bbox 649 2686 906 2742; x_wconf 88' lang='grc' dir='ltr'>Τοιοῦτον</span> <span class='ocrx_word' id='word_1_160' title='bbox 941 2683 1052 2756; x_wconf 81' lang='grc' dir='ltr'>γὰρ</span> <span class='ocrx_word' id='word_1_161' title='bbox 1085 2682 1185 2755; x_wconf 89' lang='grc' dir='ltr'>τῆς</span> <span class='ocrx_word' id='word_1_162' title='bbox 1209 2678 1440 2750; x_wconf 79' lang='grc' dir='ltr'>γνησίας</span> <span class='ocrx_word' id='word_1_163' title='bbox 1469 2675 1692 2746; x_wconf 83' lang='grc' dir='ltr'>ἀγάπης</span> <span class='ocrx_word' id='word_1_164' title='bbox 1735 2675 1770 2745; x_wconf 85' lang='grc' dir='ltr'>ή</span> <span class='ocrx_word' id='word_1_165' title='bbox 1811 2672 1973 2742; x_wconf 84' lang='grc' dir='ltr'>φύσις</span> <span class='ocrx_word' id='word_1_166' title='bbox 2001 2687 2016 2702; x_wconf 74' lang='grc' dir='ltr'><strong><em>ο</em></strong></span> 
     </span>
    </p>
   </div>
   <div class='ocr_carea' id='block_1_23' title="bbox 434 2786 2020 2871">
    <p class='ocr_par' dir='ltr' id='par_1_23' title="bbox 434 2786 2020 2871">
     <span class='ocr_line' id='line_1_23' title="bbox 434 2786 2020 2871; baseline -0.013 -13"><span class='ocrx_word' id='word_1_167' title='bbox 434 2802 541 2859; x_wconf 69' lang='grc' dir='ltr'>κᾶν</span> <span class='ocrx_word' id='word_1_168' title='bbox 572 2801 660 2855; x_wconf 86' lang='grc' dir='ltr'>διά</span> <span class='ocrx_word' id='word_1_169' title='bbox 685 2799 1029 2871; x_wconf 82' lang='grc' dir='ltr'>γραμμάτων</span> <span class='ocrx_word' id='word_1_170' title='bbox 1052 2794 1224 2866; x_wconf 90' lang='grc' dir='ltr'>αὐτῆς</span> <span class='ocrx_word' id='word_1_171' title='bbox 1260 2791 1472 2864; x_wconf 77' lang='grc' dir='ltr'>προχέη</span> <span class='ocrx_word' id='word_1_172' title='bbox 1494 2803 1521 2832; x_wconf 71' lang='grc' dir='ltr'>ι</span> <span class='ocrx_word' id='word_1_173' title='bbox 1556 2787 1627 2843; x_wconf 81' lang='grc' dir='ltr'>τὰ</span> <span class='ocrx_word' id='word_1_174' title='bbox 1657 2787 1892 2859; x_wconf 83' lang='grc' dir='ltr'>νάματα,</span> <span class='ocrx_word' id='word_1_175' title='bbox 1927 2786 2020 2840; x_wconf 88' lang='grc' dir='ltr'>αὐ-</span> 
     </span>
    </p>
   </div>
   <div class='ocr_carea' id='block_1_24' title="bbox 432 2901 2019 2988">
    <p class='ocr_par' dir='ltr' id='par_1_24' title="bbox 432 2901 2019 2988">
     <span class='ocr_line' id='line_1_24' title="bbox 432 2901 2019 2988; baseline -0.011 -19"><span class='ocrx_word' id='word_1_176' title='bbox 432 2916 534 2988; x_wconf 76' lang='grc' dir='ltr'>τὴν</span> <span class='ocrx_word' id='word_1_177' title='bbox 565 2913 666 2983; x_wconf 81' lang='grc' dir='ltr'>τὴν</span> <span class='ocrx_word' id='word_1_178' title='bbox 701 2912 883 2984; x_wconf 80' lang='grc' dir='ltr'>πηγὴν</span> <span class='ocrx_word' id='word_1_179' title='bbox 910 2909 1019 2962; x_wconf 90' lang='grc' dir='ltr'>τῶν</span> <span class='ocrx_word' id='word_1_180' title='bbox 1049 2907 1395 2980; x_wconf 82' lang='grc' dir='ltr'>γραμμάτων</span> <span class='ocrx_word' id='word_1_181' title='bbox 1428 2901 1797 2974; x_wconf 77' lang='grc' dir='ltr'>φαντάζεσθαι</span> <span class='ocrx_word' id='word_1_182' title='bbox 1838 2917 2019 2970; x_wconf 87' lang='grc' dir='ltr'>παρα-</span> 
     </span>
    </p>
   </div>
   <div class='ocr_carea' id='block_1_25' title="bbox 437 3012 2016 3094">
    <p class='ocr_par' dir='ltr' id='par_1_25' title="bbox 437 3012 2016 3094">
     <span class='ocr_line' id='line_1_25' title="bbox 437 3012 2016 3094; baseline -0.012 -10"><span class='ocrx_word' id='word_1_183' title='bbox 437 3025 725 3092; x_wconf 64' lang='grc' dir='ltr'>σκευάζεγ</span> <span class='ocrx_word' id='word_1_184' title='bbox 781 3025 810 3078; x_wconf 83' lang='grc' dir='ltr'><strong>ὃ</strong></span> <span class='ocrx_word' id='word_1_185' title='bbox 853 3024 917 3094; x_wconf 84' lang='grc' dir='ltr'>δὴ</span> <span class='ocrx_word' id='word_1_186' title='bbox 980 3023 1074 3076; x_wconf 70' lang='grc' dir='ltr'>καὶ</span> <span class='ocrx_word' id='word_1_187' title='bbox 1106 3022 1267 3093; x_wconf 78' lang='grc' dir='ltr'>ἡμεῖς</span> <span class='ocrx_word' id='word_1_188' title='bbox 1313 3016 1684 3088; x_wconf 87' lang='grc' dir='ltr'>πεπόνθαμεν.</span> <span class='ocrx_word' id='word_1_189' title='bbox 1739 3015 1852 3068; x_wconf 78' lang='grc' dir='ltr'>Καὶ</span> <span class='ocrx_word' id='word_1_190' title='bbox 1893 3012 2016 3066; x_wconf 82' lang='grc' dir='ltr'>οὑτε</span> 
     </span>
    </p>
   </div>
   <div class='ocr_carea' id='block_1_26' title="bbox 435 3128 2020 3214">
    <p class='ocr_par' dir='ltr' id='par_1_26' title="bbox 435 3128 2020 3214">
     <span class='ocr_line' id='line_1_26' title="bbox 435 3128 2020 3214; baseline -0.002 2"><span class='ocrx_word' id='word_1_191' title='bbox 435 3143 630 3214; x_wconf 77' lang='grc' dir='ltr'>χρόνου</span> <span class='ocrx_word' id='word_1_192' title='bbox 671 3137 823 3213; x_wconf 75' lang='lat'>[626]</span> <span class='ocrx_word' id='word_1_193' title='bbox 867 3135 1105 3206; x_wconf 78' lang='grc' dir='ltr'>πλῆθος.</span> <span class='ocrx_word' id='word_1_194' title='bbox 1141 3134 1266 3189; x_wconf 69' lang='grc' dir='ltr'>οὔτε</span> <span class='ocrx_word' id='word_1_195' title='bbox 1301 3132 1424 3187; x_wconf 72' lang='grc' dir='ltr'>ὁδοῦ</span> <span class='ocrx_word' id='word_1_196' title='bbox 1456 3132 1630 3204; x_wconf 81' lang='grc' dir='ltr'>μῆκος</span> <span class='ocrx_word' id='word_1_197' title='bbox 1652 3169 1669 3196; x_wconf 72' lang='grc' dir='ltr'><strong>ν</strong></span> <span class='ocrx_word' id='word_1_198' title='bbox 1717 3128 1842 3183; x_wconf 69' lang='grc' dir='ltr'>οὕτε</span> <span class='ocrx_word' id='word_1_199' title='bbox 1877 3145 2020 3199; x_wconf 75' lang='grc' dir='ltr'>πρα’</span> 
     </span>
    </p>
   </div>
   <div class='ocr_carea' id='block_1_27' title="bbox 434 3242 2018 3328">
    <p class='ocr_par' dir='ltr' id='par_1_27' title="bbox 434 3242 2018 3328">
     <span class='ocr_line' id='line_1_27' title="bbox 434 3242 2018 3328; baseline -0.009 -17"><span class='ocrx_word' id='word_1_200' title='bbox 434 3255 661 3328; x_wconf 87' lang='grc' dir='ltr'>γμάτων</span> <span class='ocrx_word' id='word_1_201' title='bbox 713 3251 1034 3324; x_wconf 88' lang='grc' dir='ltr'>περίστασις</span> <span class='ocrx_word' id='word_1_202' title='bbox 1058 3289 1074 3316; x_wconf 85' lang='grc'>,</span> <span class='ocrx_word' id='word_1_203' title='bbox 1125 3247 1249 3303; x_wconf 87' lang='grc' dir='ltr'>οὑτε</span> <span class='ocrx_word' id='word_1_204' title='bbox 1297 3247 1426 3302; x_wconf 81' lang='grc' dir='ltr'>ἀλλο</span> <span class='ocrx_word' id='word_1_205' title='bbox 1475 3246 1630 3300; x_wconf 84' lang='grc' dir='ltr'>οὐδὲν</span> <span class='ocrx_word' id='word_1_206' title='bbox 1673 3245 1809 3316; x_wconf 82' lang='grc' dir='ltr'>πρὸς</span> <span class='ocrx_word' id='word_1_207' title='bbox 1859 3242 2018 3298; x_wconf 90' lang='grc' dir='ltr'>τοῦτο</span> 
     </span>
    </p>
   </div>
   <div class='ocr_carea' id='block_1_28' title="bbox 435 3357 2015 3440">
    <p class='ocr_par' dir='ltr' id='par_1_28' title="bbox 435 3357 2015 3440">
     <span class='ocr_line' id='line_1_28' title="bbox 435 3357 2015 3440; baseline -0.008 -17"><span class='ocrx_word' id='word_1_208' title='bbox 435 3368 664 3440; x_wconf 80' lang='grc' dir='ltr'>κώλυμα</span> <span class='ocrx_word' id='word_1_209' title='bbox 696 3366 922 3437; x_wconf 84' lang='grc' dir='ltr'>γέγονεν</span> <span class='ocrx_word' id='word_1_210' title='bbox 949 3367 1104 3437; x_wconf 80' lang='grc' dir='ltr'>ημῖν.</span> <span class='ocrx_word' id='word_1_211' title='bbox 1137 3361 1303 3416; x_wconf 82' lang='grc' dir='ltr'>Ταῦτ’</span> <span class='ocrx_word' id='word_1_212' title='bbox 1331 3357 1426 3427; x_wconf 79' lang='grc' dir='ltr'>οῦν</span> <span class='ocrx_word' id='word_1_213' title='bbox 1448 3359 1622 3426; x_wconf 77' lang='grc' dir='ltr'>εἰδὼς,</span> <span class='ocrx_word' id='word_1_214' title='bbox 1648 3358 1886 3412; x_wconf 88' lang='grc' dir='ltr'>δέσποτά</span> <span class='ocrx_word' id='word_1_215' title='bbox 1915 3375 2015 3428; x_wconf 89' lang='grc' dir='ltr'>μου</span> 
     </span>
    </p>
   </div>
   <div class='ocr_carea' id='block_1_29' title="bbox 435 3470 2017 3553">
    <p class='ocr_par' dir='ltr' id='par_1_29' title="bbox 435 3470 2017 3553">
     <span class='ocr_line' id='line_1_29' title="bbox 435 3470 2017 3553; baseline -0.009 -16"><span class='ocrx_word' id='word_1_216' title='bbox 435 3479 891 3553; x_wconf 84' lang='grc' dir='ltr'>θαυμασιώτατε,</span> <span class='ocrx_word' id='word_1_217' title='bbox 935 3477 1270 3532; x_wconf 77' lang='grc' dir='ltr'>ἐπιστέλλειν</span> <span class='ocrx_word' id='word_1_218' title='bbox 1315 3475 1448 3546; x_wconf 81' lang='grc' dir='ltr'>ἡμῖν</span> <span class='ocrx_word' id='word_1_219' title='bbox 1485 3471 1724 3543; x_wconf 85' lang='grc' dir='ltr'>συνεχῶς</span> <span class='ocrx_word' id='word_1_220' title='bbox 1763 3470 1837 3542; x_wconf 80' lang='grc' dir='ltr'>μὴ</span> <span class='ocrx_word' id='word_1_221' title='bbox 1884 3488 2017 3524; x_wconf 80' lang='grc' dir='ltr'>κατ-</span> 
     </span>
    </p>
   </div>
   <div class='ocr_carea' id='block_1_30' title="bbox 434 3583 2013 3666">
    <p class='ocr_par' dir='ltr' id='par_1_30' title="bbox 434 3583 2013 3666">
     <span class='ocr_line' id='line_1_30' title="bbox 434 3583 2013 3666; baseline -0.007 -18"><span class='ocrx_word' id='word_1_222' title='bbox 434 3595 603 3659; x_wconf 85' lang='grc' dir='ltr'>όκνει,</span> <span class='ocrx_word' id='word_1_223' title='bbox 636 3593 765 3666; x_wconf 79' lang='grc' dir='ltr'>περὶ</span> <span class='ocrx_word' id='word_1_224' title='bbox 795 3593 894 3663; x_wconf 88' lang='grc' dir='ltr'>τῆς</span> <span class='ocrx_word' id='word_1_225' title='bbox 929 3592 1118 3660; x_wconf 79' lang='grc' dir='ltr'>ὑγείας</span> <span class='ocrx_word' id='word_1_226' title='bbox 1149 3608 1266 3658; x_wconf 90' lang='grc' dir='ltr'>σου,</span> <span class='ocrx_word' id='word_1_227' title='bbox 1297 3589 1392 3643; x_wconf 75' lang='grc' dir='ltr'>καὶ</span> <span class='ocrx_word' id='word_1_228' title='bbox 1434 3585 1529 3640; x_wconf 90' lang='grc' dir='ltr'>τοῦ</span> <span class='ocrx_word' id='word_1_229' title='bbox 1563 3583 1714 3640; x_wconf 75' lang='grc' dir='ltr'>οἴκου</span> <span class='ocrx_word' id='word_1_230' title='bbox 1749 3602 1842 3638; x_wconf 92' lang='grc' dir='ltr'>σου</span> <span class='ocrx_word' id='word_1_231' title='bbox 1874 3601 2013 3638; x_wconf 87' lang='grc' dir='ltr'>παν-</span> 
     </span>
    </p>
   </div>
   <div class='ocr_carea' id='block_1_31' title="bbox 433 3695 2016 3778">
    <p class='ocr_par' dir='ltr' id='par_1_31' title="bbox 433 3695 2016 3778">
     <span class='ocr_line' id='line_1_31' title="bbox 433 3695 2016 3778; baseline -0.008 -15"><span class='ocrx_word' id='word_1_232' title='bbox 433 3709 548 3773; x_wconf 71' lang='grc' dir='ltr'>τὸς,</span> <span class='ocrx_word' id='word_1_233' title='bbox 583 3707 681 3761; x_wconf 75' lang='grc' dir='ltr'>καὶ</span> <span class='ocrx_word' id='word_1_234' title='bbox 706 3707 807 3778; x_wconf 88' lang='grc' dir='ltr'>τῆς</span> <span class='ocrx_word' id='word_1_235' title='bbox 835 3704 1097 3776; x_wconf 78' lang='grc' dir='ltr'>εὐθυμίας</span> <span class='ocrx_word' id='word_1_236' title='bbox 1134 3703 1331 3776; x_wconf 89' lang='grc' dir='ltr'>δηλῶν.</span> <span class='ocrx_word' id='word_1_237' title='bbox 1368 3695 1537 3756; x_wconf 72' lang='grc' dir='ltr'>Οἶσθα</span> <span class='ocrx_word' id='word_1_238' title='bbox 1569 3699 1678 3770; x_wconf 84' lang='grc' dir='ltr'>γὰρ</span> <span class='ocrx_word' id='word_1_239' title='bbox 1707 3700 1856 3762; x_wconf 86' lang='grc' dir='ltr'>ὃπως</span> <span class='ocrx_word' id='word_1_240' title='bbox 1882 3699 2016 3769; x_wconf 79' lang='grc' dir='ltr'>ἡμῖν</span> 
     </span>
    </p>
   </div>
   <div class='ocr_carea' id='block_1_32' title="bbox 434 3817 1245 3894">
    <p class='ocr_par' dir='ltr' id='par_1_32' title="bbox 434 3817 1245 3894">
     <span class='ocr_line' id='line_1_32' title="bbox 434 3817 1245 3894; baseline -0.006 -17"><span class='ocrx_word' id='word_1_241' title='bbox 434 3820 903 3894; x_wconf 75' lang='grc' dir='ltr'>περισπούδαστον</span> <span class='ocrx_word' id='word_1_242' title='bbox 928 3817 1245 3891; x_wconf 86' lang='grc' dir='ltr'>μανθάνειν.</span> 
     </span>
    </p>
   </div>
   <div class='ocr_carea' id='block_1_33' title="bbox 853 3999 1586 4067">
    <p class='ocr_par' dir='ltr' id='par_1_33' title="bbox 853 3999 1586 4067">
     <span class='ocr_line' id='line_1_33' title="bbox 853 3999 1586 4067; baseline -0.005 -9"><span class='ocrx_word' id='word_1_243' title='bbox 853 4004 908 4057; x_wconf 87' lang='grc' dir='ltr'><em>Ν</em></span> <span class='ocrx_word' id='word_1_244' title='bbox 909 4001 986 4058; x_wconf 77' lang='lat'>6&#39;.</span> <span class='ocrx_word' id='word_1_245' title='bbox 1019 3999 1282 4067; x_wconf 80' lang='grc' dir='ltr'>Θεοδότῳ</span> <span class='ocrx_word' id='word_1_246' title='bbox 1315 3999 1586 4066; x_wconf 78' lang='grc' dir='ltr'>διακόνῳ.</span> 
     </span>
    </p>
   </div>
   <div class='ocr_carea' id='block_1_34' title="bbox 504 4125 2012 4205">
    <p class='ocr_par' dir='ltr' id='par_1_34' title="bbox 504 4125 2012 4205">
     <span class='ocr_line' id='line_1_34' title="bbox 504 4125 2012 4205; baseline -0.006 -17"><span class='ocrx_word' id='word_1_247' title='bbox 504 4133 728 4205; x_wconf 83' lang='grc' dir='ltr'>Ταχέως</span> <span class='ocrx_word' id='word_1_248' title='bbox 759 4133 916 4204; x_wconf 79' lang='grc' dir='ltr'>ἡμῶν</span> <span class='ocrx_word' id='word_1_249' title='bbox 944 4131 1233 4196; x_wconf 84' lang='grc' dir='ltr'>ἐπελάθου,</span> <span class='ocrx_word' id='word_1_250' title='bbox 1265 4130 1344 4202; x_wconf 74' lang='grc' dir='ltr'>τῷ</span> <span class='ocrx_word' id='word_1_251' title='bbox 1367 4127 1633 4201; x_wconf 81' lang='grc' dir='ltr'>χωρισμῷ</span> <span class='ocrx_word' id='word_1_252' title='bbox 1675 4145 1768 4181; x_wconf 88' lang='grc' dir='ltr'>σου</span> <span class='ocrx_word' id='word_1_253' title='bbox 1806 4125 2012 4198; x_wconf 82' lang='grc' dir='ltr'>σφόδρα</span> 
     </span>
    </p>
   </div>
   <div class='ocr_carea' id='block_1_35' title="bbox 434 4240 2016 4319">
    <p class='ocr_par' dir='ltr' id='par_1_35' title="bbox 434 4240 2016 4319">
     <span class='ocr_line' id='line_1_35' title="bbox 434 4240 2016 4319; baseline -0.005 -17"><span class='ocrx_word' id='word_1_254' title='bbox 434 4246 663 4319; x_wconf 83' lang='grc' dir='ltr'>λυπηρῷ</span> <span class='ocrx_word' id='word_1_255' title='bbox 693 4248 824 4318; x_wconf 78' lang='grc' dir='ltr'>ἡμῖν</span> <span class='ocrx_word' id='word_1_256' title='bbox 851 4243 1207 4315; x_wconf 80' lang='grc' dir='ltr'>γεγενημένῳ</span> <span class='ocrx_word' id='word_1_257' title='bbox 1234 4242 1328 4297; x_wconf 77' lang='grc' dir='ltr'>καὶ</span> <span class='ocrx_word' id='word_1_258' title='bbox 1355 4243 1454 4312; x_wconf 86' lang='grc' dir='ltr'>τὴν</span> <span class='ocrx_word' id='word_1_259' title='bbox 1476 4241 1584 4295; x_wconf 78' lang='grc' dir='ltr'>ἀπὸ</span> <span class='ocrx_word' id='word_1_260' title='bbox 1604 4242 1700 4312; x_wconf 89' lang='grc' dir='ltr'>τῆς</span> <span class='ocrx_word' id='word_1_261' title='bbox 1724 4241 1886 4312; x_wconf 91' lang='grc' dir='ltr'>σιγῆς</span> <span class='ocrx_word' id='word_1_262' title='bbox 1916 4240 2016 4311; x_wconf 85' lang='grc' dir='ltr'>τῆς</span> 
     </span>
    </p>
   </div>
   <div class='ocr_carea' id='block_1_36' title="bbox 437 4351 2016 4431">
    <p class='ocr_par' dir='ltr' id='par_1_36' title="bbox 437 4351 2016 4431">
     <span class='ocr_line' id='line_1_36' title="bbox 437 4351 2016 4431; baseline -0.006 -17"><span class='ocrx_word' id='word_1_263' title='bbox 437 4359 654 4431; x_wconf 78' lang='grc' dir='ltr'>μακρᾶς</span> <span class='ocrx_word' id='word_1_264' title='bbox 681 4355 938 4429; x_wconf 81' lang='grc' dir='ltr'>προσθεὶς</span> <span class='ocrx_word' id='word_1_265' title='bbox 969 4352 1228 4424; x_wconf 88' lang='grc' dir='ltr'>ἀθυμίαν.</span> <span class='ocrx_word' id='word_1_266' title='bbox 1253 4351 1355 4405; x_wconf 76' lang='grc' dir='ltr'>Καὶ</span> <span class='ocrx_word' id='word_1_267' title='bbox 1371 4351 1490 4405; x_wconf 80' lang='grc' dir='ltr'>οὐδέ</span> <span class='ocrx_word' id='word_1_268' title='bbox 1517 4353 1594 4415; x_wconf 88' lang='grc' dir='ltr'>είς</span> <span class='ocrx_word' id='word_1_269' title='bbox 1617 4351 1811 4422; x_wconf 83' lang='grc' dir='ltr'>χρόνον</span> <span class='ocrx_word' id='word_1_270' title='bbox 1835 4368 2016 4405; x_wconf 90' lang='grc' dir='ltr'>στενο-</span> 
     </span>
    </p>
   </div>
   <div class='ocr_carea' id='block_1_37' title="bbox 434 4463 2015 4543">
    <p class='ocr_par' dir='ltr' id='par_1_37' title="bbox 434 4463 2015 4543">
     <span class='ocr_line' id='line_1_37' title="bbox 434 4463 2015 4543; baseline -0.006 -17"><span class='ocrx_word' id='word_1_271' title='bbox 434 4470 640 4543; x_wconf 88' lang='grc' dir='ltr'>χωρίαν</span> <span class='ocrx_word' id='word_1_272' title='bbox 661 4469 806 4541; x_wconf 78' lang='grc' dir='ltr'>ἔχεις</span> <span class='ocrx_word' id='word_1_273' title='bbox 837 4467 1174 4537; x_wconf 82' lang='grc' dir='ltr'>καταφυγεῖν</span> <span class='ocrx_word' id='word_1_274' title='bbox 1191 4482 1203 4495; x_wconf 89' lang='grc'><strong>·</strong></span> <span class='ocrx_word' id='word_1_275' title='bbox 1232 4463 1414 4519; x_wconf 80' lang='grc' dir='ltr'>ἱκανὸν</span> <span class='ocrx_word' id='word_1_276' title='bbox 1444 4463 1550 4535; x_wconf 82' lang='grc' dir='ltr'>γὰρ</span> <span class='ocrx_word' id='word_1_277' title='bbox 1577 4463 1687 4516; x_wconf 85' lang='grc' dir='ltr'>τῶν</span> <span class='ocrx_word' id='word_1_278' title='bbox 1709 4463 1931 4535; x_wconf 79' lang='grc' dir='ltr'>ἡμερῶν</span> <span class='ocrx_word' id='word_1_279' title='bbox 1954 4464 2015 4516; x_wconf 86' lang='grc' dir='ltr'>τὸ</span> 
     </span>
    </p>
   </div>
   <div class='ocr_carea' id='block_1_38' title="bbox 433 4577 2014 4656">
    <p class='ocr_par' dir='ltr' id='par_1_38' title="bbox 433 4577 2014 4656">
     <span class='ocr_line' id='line_1_38' title="bbox 433 4577 2014 4656; baseline -0.005 -19"><span class='ocrx_word' id='word_1_280' title='bbox 433 4583 638 4656; x_wconf 83' lang='grc' dir='ltr'>πλῆθος</span> <span class='ocrx_word' id='word_1_281' title='bbox 690 4580 888 4651; x_wconf 85' lang='grc' dir='ltr'>πολλὴν</span> <span class='ocrx_word' id='word_1_282' title='bbox 936 4579 1202 4651; x_wconf 86' lang='grc' dir='ltr'>ὁδοιπόρῳ</span> <span class='ocrx_word' id='word_1_283' title='bbox 1235 4580 1538 4651; x_wconf 86' lang='grc' dir='ltr'>παρασχεῖν</span> <span class='ocrx_word' id='word_1_284' title='bbox 1593 4577 1844 4631; x_wconf 85' lang='grc' dir='ltr'>εὐκολίαν</span> <span class='ocrx_word' id='word_1_285' title='bbox 1879 4577 2014 4647; x_wconf 77' lang='grc' dir='ltr'>πρὸς</span> 
     </span>
    </p>
   </div>
   <div class='ocr_carea' id='block_1_39' title="bbox 433 4691 2012 4764">
    <p class='ocr_par' dir='ltr' id='par_1_39' title="bbox 433 4691 2012 4764">
     <span class='ocr_line' id='line_1_39' title="bbox 433 4691 2012 4764; baseline -0.005 -14"><span class='ocrx_word' id='word_1_286' title='bbox 433 4696 710 4752; x_wconf 84' lang='grc' dir='ltr'>ἐπάνοδον.</span> <span class='ocrx_word' id='word_1_287' title='bbox 763 4695 902 4748; x_wconf 84' lang='grc' dir='ltr'>Ἀλλ’</span> <span class='ocrx_word' id='word_1_288' title='bbox 940 4693 1060 4746; x_wconf 87' lang='grc' dir='ltr'>οὑδέ</span> <span class='ocrx_word' id='word_1_289' title='bbox 1113 4693 1182 4747; x_wconf 81' lang='grc' dir='ltr'>τὰ</span> <span class='ocrx_word' id='word_1_290' title='bbox 1241 4692 1519 4764; x_wconf 84' lang='grc' dir='ltr'>Ἰσαυρικά</span> <span class='ocrx_word' id='word_1_291' title='bbox 1573 4691 2012 4763; x_wconf 82' lang='grc' dir='ltr'>προϐαλλομένου</span> 
     </span>
    </p>
   </div>
   <div class='ocr_carea' id='block_1_40' title="bbox 430 4803 2014 4880">
    <p class='ocr_par' dir='ltr' id='par_1_40' title="bbox 430 4803 2014 4880">
     <span class='ocr_line' id='line_1_40' title="bbox 430 4803 2014 4880; baseline -0.003 -15"><span class='ocrx_word' id='word_1_292' title='bbox 430 4809 798 4880; x_wconf 86' lang='grc' dir='ltr'>ἀνασχοίμεθα</span> <span class='ocrx_word' id='word_1_293' title='bbox 823 4807 911 4875; x_wconf 83' lang='grc' dir='ltr'>ἀν,</span> <span class='ocrx_word' id='word_1_294' title='bbox 943 4805 1129 4878; x_wconf 81' lang='grc' dir='ltr'>ἐπειδὴ</span> <span class='ocrx_word' id='word_1_295' title='bbox 1161 4806 1364 4880; x_wconf 86' lang='grc' dir='ltr'>σφόδρα</span> <span class='ocrx_word' id='word_1_296' title='bbox 1386 4823 1445 4859; x_wconf 91' lang='grc' dir='ltr'>σε</span> <span class='ocrx_word' id='word_1_297' title='bbox 1474 4803 1754 4877; x_wconf 88' lang='grc' dir='ltr'>φιλοῦμεν.</span> <span class='ocrx_word' id='word_1_298' title='bbox 1778 4806 1888 4859; x_wconf 67' lang='grc' dir='ltr'>Καὶ</span> <span class='ocrx_word' id='word_1_299' title='bbox 1903 4805 2014 4878; x_wconf 87' lang='lat'>7&amp;9</span> 
     </span>
    </p>
   </div>
   <div class='ocr_carea' id='block_1_41' title="bbox 435 4917 2012 4991">
    <p class='ocr_par' dir='ltr' id='par_1_41' title="bbox 435 4917 2012 4991">
     <span class='ocr_line' id='line_1_41' title="bbox 435 4917 2012 4991; baseline -0.001 -17"><span class='ocrx_word' id='word_1_300' title='bbox 435 4920 621 4974; x_wconf 55' lang='grc' dir='ltr'>’πολλοὶ⁵</span> <span class='ocrx_word' id='word_1_301' title='bbox 641 4922 690 4973; x_wconf 87' lang='grc' dir='ltr'>οί</span> <span class='ocrx_word' id='word_1_302' title='bbox 713 4920 920 4975; x_wconf 83' lang='grc' dir='ltr'>ἐκεῖθεν</span> <span class='ocrx_word' id='word_1_303' title='bbox 944 4921 973 4960; x_wconf 70' lang='grc' dir='ltr'>δ</span> <span class='ocrx_word' id='word_1_304' title='bbox 1003 4919 1144 4991; x_wconf 91' lang='grc' dir='ltr'>μετά</span> <span class='ocrx_word' id='word_1_305' title='bbox 1181 4917 1279 4990; x_wconf 78' lang='grc' dir='ltr'>τὴν</span> <span class='ocrx_word' id='word_1_306' title='bbox 1314 4918 1413 4990; x_wconf 76' lang='grc' dir='ltr'>σὴν</span> <span class='ocrx_word' id='word_1_307' title='bbox 1440 4918 1749 4989; x_wconf 83' lang='grc' dir='ltr'>ἀποδημίαν</span> <span class='ocrx_word' id='word_1_308' title='bbox 1778 4917 2012 4973; x_wconf 90' lang='grc' dir='ltr'>ἐνταῦθα</span> 
     </span>
    </p>
   </div>
   <div class='ocr_carea' id='block_1_42' title="bbox 434 5023 2008 5098">
    <p class='ocr_par' dir='ltr' id='par_1_42' title="bbox 434 5023 2008 5098">
     <span class='ocr_line' id='line_1_42' title="bbox 434 5023 2008 5098; baseline 0.002 -20"><span class='ocrx_word' id='word_1_309' title='bbox 434 5029 889 5097; x_wconf 83' lang='grc' dir='ltr'>παραγενόμενοι.</span> <span class='ocrx_word' id='word_1_310' title='bbox 933 5027 1000 5080; x_wconf 91' lang='grc' dir='ltr'>Τί</span> <span class='ocrx_word' id='word_1_311' title='bbox 1049 5023 1143 5081; x_wconf 83' lang='grc' dir='ltr'>οὖν</span> <span class='ocrx_word' id='word_1_312' title='bbox 1194 5029 1310 5082; x_wconf 85' lang='grc' dir='ltr'>ἐστι</span> <span class='ocrx_word' id='word_1_313' title='bbox 1352 5027 1454 5098; x_wconf 88' lang='grc' dir='ltr'>τῆς</span> <span class='ocrx_word' id='word_1_314' title='bbox 1505 5028 1662 5098; x_wconf 89' lang='grc' dir='ltr'>σιγῆς</span> <span class='ocrx_word' id='word_1_315' title='bbox 1709 5027 1770 5081; x_wconf 83' lang='grc' dir='ltr'>τὸ</span> <span class='ocrx_word' id='word_1_316' title='bbox 1803 5029 2008 5097; x_wconf 83' lang='grc' dir='ltr'>αίτιον;</span> 
     </span>
    </p>
   </div>
   <div class='ocr_carea' id='block_1_43' title="bbox 438 5137 2012 5213">
    <p class='ocr_par' dir='ltr' id='par_1_43' title="bbox 438 5137 2012 5213">
     <span class='ocr_line' id='line_1_43' title="bbox 438 5137 2012 5213; baseline 0.006 -25"><span class='ocrx_word' id='word_1_317' title='bbox 438 5137 632 5198; x_wconf 85' lang='grc' dir='ltr'>Ὄκνος</span> <span class='ocrx_word' id='word_1_318' title='bbox 658 5137 752 5190; x_wconf 69' lang='grc' dir='ltr'>καὶ</span> <span class='ocrx_word' id='word_1_319' title='bbox 784 5137 1048 5208; x_wconf 77' lang='grc' dir='ltr'>ῥᾳθυμία.</span> <span class='ocrx_word' id='word_1_320' title='bbox 1091 5140 1230 5192; x_wconf 81' lang='grc' dir='ltr'>Ἀλλ’</span> <span class='ocrx_word' id='word_1_321' title='bbox 1258 5141 1405 5211; x_wconf 85' lang='grc' dir='ltr'>ὅμως</span> <span class='ocrx_word' id='word_1_322' title='bbox 1435 5139 1668 5213; x_wconf 86' lang='grc' dir='ltr'>ἀφίεμέν</span> <span class='ocrx_word' id='word_1_323' title='bbox 1691 5159 1750 5196; x_wconf 89' lang='grc' dir='ltr'>σε</span> <span class='ocrx_word' id='word_1_324' title='bbox 1771 5143 1880 5197; x_wconf 89' lang='grc' dir='ltr'>τῶν</span> <span class='ocrx_word' id='word_1_325' title='bbox 1920 5144 2012 5197; x_wconf 76' lang='grc' dir='ltr'>ἐπὶ</span> 
     </span>
    </p>
   </div>
   <div class='ocr_carea' id='block_1_44' title="bbox 386 5246 2014 5337">
    <p class='ocr_par' dir='ltr' id='par_1_44' title="bbox 386 5246 2014 5337">
     <span class='ocr_line' id='line_1_44' title="bbox 386 5246 2014 5337; baseline 0.007 -40"><span class='ocrx_word' id='word_1_326' title='bbox 386 5323 392 5337; x_wconf 38' lang='grc'><strong>1</strong></span> <span class='ocrx_word' id='word_1_327' title='bbox 433 5249 498 5318; x_wconf 77' lang='grc' dir='ltr'>τῇ</span> <span class='ocrx_word' id='word_1_328' title='bbox 531 5246 771 5320; x_wconf 70' lang='grc' dir='ltr'>προτέρα</span> <span class='ocrx_word' id='word_1_329' title='bbox 809 5249 1069 5322; x_wconf 80' lang='grc' dir='ltr'>ὀλιγωρίᾳ</span> <span class='ocrx_word' id='word_1_330' title='bbox 1119 5251 1502 5324; x_wconf 76' lang='grc' dir='ltr'>ἐγκλημάτων,</span> <span class='ocrx_word' id='word_1_331' title='bbox 1533 5253 1600 5307; x_wconf 85' lang='grc' dir='ltr'><strong>ἂν</strong></span> <span class='ocrx_word' id='word_1_332' title='bbox 1641 5252 1907 5326; x_wconf 79' lang='grc' dir='ltr'>βουληθῇς</span> <span class='ocrx_word' id='word_1_333' title='bbox 1935 5255 2014 5318; x_wconf 87' lang='grc' dir='ltr'>είς</span> 
     </span>
    </p>
   </div>
   <div class='ocr_carea' id='block_1_45' title="bbox 431 5357 2012 5439">
    <p class='ocr_par' dir='ltr' id='par_1_45' title="bbox 431 5357 2012 5439">
     <span class='ocr_line' id='line_1_45' title="bbox 431 5357 2012 5439; baseline 0.004 -25"><span class='ocrx_word' id='word_1_334' title='bbox 431 5357 494 5414; x_wconf 82' lang='grc' dir='ltr'>τὺ</span> <span class='ocrx_word' id='word_1_335' title='bbox 516 5357 666 5411; x_wconf 83' lang='grc' dir='ltr'>ἐπιὸν</span> <span class='ocrx_word' id='word_1_336' title='bbox 687 5364 754 5431; x_wconf 79' lang='grc' dir='ltr'>τῇ</span> <span class='ocrx_word' id='word_1_337' title='bbox 790 5362 1084 5433; x_wconf 85' lang='grc' dir='ltr'>πυκνότητι</span> <span class='ocrx_word' id='word_1_338' title='bbox 1114 5363 1222 5418; x_wconf 88' lang='grc' dir='ltr'>τῶν</span> <span class='ocrx_word' id='word_1_339' title='bbox 1253 5365 1596 5436; x_wconf 82' lang='grc' dir='ltr'>γραμμάτων</span> <span class='ocrx_word' id='word_1_340' title='bbox 1629 5367 1919 5439; x_wconf 86' lang='grc' dir='ltr'>διορθῶσαι</span> <span class='ocrx_word' id='word_1_341' title='bbox 1953 5368 2012 5424; x_wconf 71' lang='grc' dir='ltr'>τὸ</span> 
     </span>
    </p>
   </div>
   <div class='ocr_carea' id='block_1_46' title="bbox 494 5577 1546 5654">
    <p class='ocr_par' dir='ltr' id='par_1_46' title="bbox 494 5577 1546 5654">
     <span class='ocr_line' id='line_1_46' title="bbox 494 5577 1546 5654; baseline 0.002 0"><span class='ocrx_word' id='word_1_342' title='bbox 494 5580 522 5654; x_wconf 68' lang='grc' dir='ltr'>ἲ</span> <span class='ocrx_word' id='word_1_343' title='bbox 551 5577 734 5654; x_wconf 61' lang='grc' dir='ltr'>ρηξηρε</span> <span class='ocrx_word' id='word_1_344' title='bbox 756 5593 877 5654; x_wconf 68' lang='grc' dir='ltr'>’πεξι</span> <span class='ocrx_word' id='word_1_345' title='bbox 897 5583 1094 5654; x_wconf 53' lang='grc' dir='ltr'>προκέῃ·</span> <span class='ocrx_word' id='word_1_346' title='bbox 1116 5583 1247 5654; x_wconf 62' lang='grc' dir='ltr'>Ερίί-</span> <span class='ocrx_word' id='word_1_347' title='bbox 1272 5589 1546 5654; x_wconf 78' lang='grc' dir='ltr'>προχέηται·</span> 
     </span>
    </p>
   </div>
   <div class='ocr_carea' id='block_1_47' title="bbox 493 5636 1241 5694">
    <p class='ocr_par' dir='ltr' id='par_1_47' title="bbox 493 5636 1241 5694">
     <span class='ocr_line' id='line_1_47' title="bbox 493 5636 1241 5694; baseline 0.011 -9"><span class='ocrx_word' id='word_1_348' title='bbox 493 5636 532 5685; x_wconf 76' lang='lat' dir='ltr'>.b</span> <span class='ocrx_word' id='word_1_349' title='bbox 549 5639 742 5693; x_wconf 85' lang='lat' dir='ltr'>Coislin.</span> <span class='ocrx_word' id='word_1_350' title='bbox 769 5636 1241 5694; x_wconf 60' lang='grc' dir='ltr'>πολλοῖοίῖεἷτεῦθεν.</span> 
     </span>
    </p>
   </div>
   <div class='ocr_carea' id='block_1_48' title="bbox 1361 5750 1491 5771">
    <p class='ocr_par' dir='ltr' id='par_1_48' title="bbox 1361 5750 1491 5771">
     <span class='ocr_line' id='line_1_48' title="bbox 1361 5750 1491 5771; baseline -0.015 -7"><span class='ocrx_word' id='word_1_351' title='bbox 1361 5750 1414 5764; x_wconf 58' lang='grc' dir='ltr'>..ι</span> <span class='ocrx_word' id='word_1_352' title='bbox 1442 5754 1491 5771; x_wconf 35' lang='grc' dir='ltr'>Α.</span> 
     </span>
    </p>
   </div>
   <div class='ocr_carea' id='block_1_49' title="bbox 3596 239 3704 295">
    <p class='ocr_par' dir='ltr' id='par_1_49' title="bbox 3596 239 3704 295">
     <span class='ocr_line' id='line_1_49' title="bbox 3596 239 3704 295; baseline 0.028 -3"><span class='ocrx_word' id='word_1_353' title='bbox 3596 239 3704 295; x_wconf 68' lang='grc' dir='ltr'>6ίῖ</span> 
     </span>
    </p>
   </div>
   <div class='ocr_carea' id='block_1_50' title="bbox 2126 341 3703 426">
    <p class='ocr_par' dir='ltr' id='par_1_50' title="bbox 2126 341 3703 426">
     <span class='ocr_line' id='line_1_50' title="bbox 2126 341 3703 426; baseline 0.01 -32"><span class='ocrx_word' id='word_1_354' title='bbox 2126 345 2423 415; x_wconf 89' lang='grc' dir='ltr'>παροφθέν.</span> <span class='ocrx_word' id='word_1_355' title='bbox 2473 341 2643 400; x_wconf 76' lang='grc' dir='ltr'>Οἶσθα</span> <span class='ocrx_word' id='word_1_356' title='bbox 2688 347 2794 419; x_wconf 78' lang='grc' dir='ltr'>γάρ</span> <span class='ocrx_word' id='word_1_357' title='bbox 2844 349 2994 410; x_wconf 81' lang='grc' dir='ltr'>ὅπως</span> <span class='ocrx_word' id='word_1_358' title='bbox 3049 350 3180 418; x_wconf 74' lang='grc' dir='ltr'>ἡμῖν</span> <span class='ocrx_word' id='word_1_359' title='bbox 3218 353 3405 422; x_wconf 79' lang='grc' dir='ltr'>χαριῇ,</span> <span class='ocrx_word' id='word_1_360' title='bbox 3464 355 3703 426; x_wconf 80' lang='grc' dir='ltr'>συνεχῶς</span> 
     </span>
    </p>
   </div>
   <div class='ocr_carea' id='block_1_51' title="bbox 2125 457 3533 536">
    <p class='ocr_par' dir='ltr' id='par_1_51' title="bbox 2125 457 3533 536">
     <span class='ocr_line' id='line_1_51' title="bbox 2125 457 3533 536; baseline 0.009 -28"><span class='ocrx_word' id='word_1_361' title='bbox 2125 457 2256 526; x_wconf 75' lang='grc' dir='ltr'>ἡμῖν</span> <span class='ocrx_word' id='word_1_362' title='bbox 2281 458 2612 512; x_wconf 83' lang='grc' dir='ltr'>ἐπιστέλλων</span> <span class='ocrx_word' id='word_1_363' title='bbox 2645 458 2714 512; x_wconf 87' lang='grc' dir='ltr'>τά</span> <span class='ocrx_word' id='word_1_364' title='bbox 2748 460 2874 530; x_wconf 76' lang='grc' dir='ltr'>περὶ</span> <span class='ocrx_word' id='word_1_365' title='bbox 2910 460 3010 529; x_wconf 86' lang='grc' dir='ltr'>τῆς</span> <span class='ocrx_word' id='word_1_366' title='bbox 3038 461 3226 529; x_wconf 84' lang='grc' dir='ltr'>ὑγείας</span> <span class='ocrx_word' id='word_1_367' title='bbox 3271 463 3373 532; x_wconf 89' lang='grc' dir='ltr'>τῆς</span> <span class='ocrx_word' id='word_1_368' title='bbox 3411 465 3533 536; x_wconf 86' lang='grc' dir='ltr'>σῆς.</span> 
     </span>
    </p>
   </div>
   <div class='ocr_carea' id='block_1_52' title="bbox 2431 592 3393 666">
    <p class='ocr_par' dir='ltr' id='par_1_52' title="bbox 2431 592 3393 666">
     <span class='ocr_line' id='line_1_52' title="bbox 2431 592 3393 666; baseline 0.006 -20"><span class='ocrx_word' id='word_1_369' title='bbox 2431 592 2511 646; x_wconf 88' lang='grc' dir='ltr'>Ξ¹.</span> <span class='ocrx_word' id='word_1_370' title='bbox 2541 593 2831 662; x_wconf 71' lang='grc' dir='ltr'>Χαλκιδίᾳ</span> <span class='ocrx_word' id='word_1_371' title='bbox 2862 595 2960 648; x_wconf 77' lang='grc' dir='ltr'>καὶ</span> <span class='ocrx_word' id='word_1_372' title='bbox 2999 596 3393 666; x_wconf 78' lang='grc' dir='ltr'>Ὰσυγκριτίᾳ.</span> 
     </span>
    </p>
   </div>
   <div class='ocr_carea' id='block_1_53' title="bbox 2196 719 3709 804">
    <p class='ocr_par' dir='ltr' id='par_1_53' title="bbox 2196 719 3709 804">
     <span class='ocr_line' id='line_1_53' title="bbox 2196 719 3709 804; baseline 0.007 -26"><span class='ocrx_word' id='word_1_373' title='bbox 2196 719 2328 778; x_wconf 80' lang='grc' dir='ltr'>Οἶδα</span> <span class='ocrx_word' id='word_1_374' title='bbox 2354 726 2436 778; x_wconf 82' lang='grc' dir='ltr'>ὅτι</span> <span class='ocrx_word' id='word_1_375' title='bbox 2471 727 2676 798; x_wconf 83' lang='grc' dir='ltr'>σφόδρα</span> <span class='ocrx_word' id='word_1_376' title='bbox 2721 728 2866 799; x_wconf 82' lang='grc' dir='ltr'>ὑμᾶς</span> <span class='ocrx_word' id='word_1_377' title='bbox 2918 728 3200 800; x_wconf 78' lang='grc' dir='ltr'>διετάραξε</span> <span class='ocrx_word' id='word_1_378' title='bbox 3242 730 3350 784; x_wconf 88' lang='grc' dir='ltr'>τῶν</span> <span class='ocrx_word' id='word_1_379' title='bbox 3392 732 3709 804; x_wconf 83' lang='grc' dir='ltr'>ἐπαλλήλων</span> 
     </span>
    </p>
   </div>
   <div class='ocr_carea' id='block_1_54' title="bbox 2129 837 3709 916">
    <p class='ocr_par' dir='ltr' id='par_1_54' title="bbox 2129 837 3709 916">
     <span class='ocr_line' id='line_1_54' title="bbox 2129 837 3709 916; baseline 0.004 -28"><span class='ocrx_word' id='word_1_380' title='bbox 2129 837 2450 908; x_wconf 84' lang='grc' dir='ltr'>πειρασμῶν</span> <span class='ocrx_word' id='word_1_381' title='bbox 2484 840 2517 908; x_wconf 85' lang='grc' dir='ltr'>ὴ</span> <span class='ocrx_word' id='word_1_382' title='bbox 2552 837 2819 908; x_wconf 84' lang='grc' dir='ltr'>συνέχεια,</span> <span class='ocrx_word' id='word_1_383' title='bbox 2849 838 2958 892; x_wconf 87' lang='grc' dir='ltr'>τῶν</span> <span class='ocrx_word' id='word_1_384' title='bbox 2997 839 3395 910; x_wconf 81' lang='grc' dir='ltr'>ἐπενεχθέντων</span> <span class='ocrx_word' id='word_1_385' title='bbox 3427 841 3505 912; x_wconf 83' lang='grc' dir='ltr'>τῷ</span> <span class='ocrx_word' id='word_1_386' title='bbox 3533 843 3709 916; x_wconf 80' lang='grc' dir='ltr'>κυρίῳ</span> 
     </span>
    </p>
   </div>
   <div class='ocr_carea' id='block_1_55' title="bbox 2130 950 3706 1026">
    <p class='ocr_par' dir='ltr' id='par_1_55' title="bbox 2130 950 3706 1026">
     <span class='ocr_line' id='line_1_55' title="bbox 2130 950 3706 1026; baseline 0.005 -24"><span class='ocrx_word' id='word_1_387' title='bbox 2130 967 2232 1019; x_wconf 84' lang='grc' dir='ltr'>μου</span> <span class='ocrx_word' id='word_1_388' title='bbox 2271 950 2349 1020; x_wconf 84' lang='grc' dir='ltr'>τῷ</span> <span class='ocrx_word' id='word_1_389' title='bbox 2381 952 2694 1022; x_wconf 83' lang='grc' dir='ltr'>τιμιωτάτῳ</span> <span class='ocrx_word' id='word_1_390' title='bbox 2746 953 2840 1006; x_wconf 75' lang='grc' dir='ltr'>καὶ</span> <span class='ocrx_word' id='word_1_391' title='bbox 2893 952 3272 1022; x_wconf 83' lang='grc' dir='ltr'>εὐλαϐεστάτῳ</span> <span class='ocrx_word' id='word_1_392' title='bbox 3327 954 3706 1026; x_wconf 77' lang='grc' dir='ltr'>πρεσϐυτέρῳ.</span> 
     </span>
    </p>
   </div>
   <div class='ocr_carea' id='block_1_56' title="bbox 2140 1061 3707 1138">
    <p class='ocr_par' dir='ltr' id='par_1_56' title="bbox 2140 1061 3707 1138">
     <span class='ocr_line' id='line_1_56' title="bbox 2140 1061 3707 1138; baseline 0.006 -24"><span class='ocrx_word' id='word_1_393' title='bbox 2140 1061 2300 1116; x_wconf 81' lang='grc' dir='ltr'>Ἀλλά</span> <span class='ocrx_word' id='word_1_394' title='bbox 2329 1063 2492 1135; x_wconf 82' lang='grc' dir='ltr'>μηδὲν</span> <span class='ocrx_word' id='word_1_395' title='bbox 2523 1065 2666 1135; x_wconf 78' lang='grc' dir='ltr'>ὑμᾶς</span> <span class='ocrx_word' id='word_1_396' title='bbox 2714 1062 2874 1119; x_wconf 85' lang='grc' dir='ltr'>τοῦτο</span> <span class='ocrx_word' id='word_1_397' title='bbox 2921 1065 3238 1136; x_wconf 85' lang='grc' dir='ltr'>θορυϐείτω.</span> <span class='ocrx_word' id='word_1_398' title='bbox 3277 1067 3334 1119; x_wconf 86' lang='grc' dir='ltr'><strong>Ὀ</strong></span> <span class='ocrx_word' id='word_1_399' title='bbox 3366 1067 3477 1138; x_wconf 88' lang='lat'>7&amp;9</span> <span class='ocrx_word' id='word_1_400' title='bbox 3495 1067 3584 1122; x_wconf 74' lang='grc' dir='ltr'>διὰ</span> <span class='ocrx_word' id='word_1_401' title='bbox 3612 1069 3707 1124; x_wconf 83' lang='grc' dir='ltr'>τὸν</span> 
     </span>
    </p>
   </div>
   <div class='ocr_carea' id='block_1_57' title="bbox 2127 1172 3704 1252">
    <p class='ocr_par' dir='ltr' id='par_1_57' title="bbox 2127 1172 3704 1252">
     <span class='ocr_line' id='line_1_57' title="bbox 2127 1172 3704 1252; baseline 0.006 -27"><span class='ocrx_word' id='word_1_402' title='bbox 2127 1172 2259 1226; x_wconf 73' lang='grc' dir='ltr'>Θεὸν</span> <span class='ocrx_word' id='word_1_403' title='bbox 2315 1173 2489 1230; x_wconf 89' lang='grc' dir='ltr'>ταῦτα</span> <span class='ocrx_word' id='word_1_404' title='bbox 2541 1176 2786 1247; x_wconf 88' lang='grc' dir='ltr'>πάσχων,</span> <span class='ocrx_word' id='word_1_405' title='bbox 2841 1177 3061 1248; x_wconf 84' lang='grc' dir='ltr'>ὁσῳπερ</span> <span class='ocrx_word' id='word_1_406' title='bbox 3113 1177 3180 1232; x_wconf 78' lang='grc' dir='ltr'>ἀν</span> <span class='ocrx_word' id='word_1_407' title='bbox 3228 1196 3281 1231; x_wconf 85' lang='grc' dir='ltr'>τι</span> <span class='ocrx_word' id='word_1_408' title='bbox 3319 1178 3704 1252; x_wconf 87' lang='grc' dir='ltr'>χαλεπώτερον</span> 
     </span>
    </p>
   </div>
   <div class='ocr_carea' id='block_1_58' title="bbox 2129 1285 3709 1368">
    <p class='ocr_par' dir='ltr' id='par_1_58' title="bbox 2129 1285 3709 1368">
     <span class='ocr_line' id='line_1_58' title="bbox 2129 1285 3709 1368; baseline 0.008 -29"><span class='ocrx_word' id='word_1_409' title='bbox 2129 1285 2274 1357; x_wconf 80' lang='grc' dir='ltr'>πάθῃ</span> <span class='ocrx_word' id='word_1_410' title='bbox 2299 1297 2345 1352; x_wconf 77' lang='grc' dir='ltr'>ε,</span> <span class='ocrx_word' id='word_1_411' title='bbox 2381 1287 2638 1358; x_wconf 79' lang='grc' dir='ltr'>μειζόνων</span> <span class='ocrx_word' id='word_1_412' title='bbox 2665 1289 2926 1344; x_wconf 85' lang='grc' dir='ltr'>ἀπολαύει</span> <span class='ocrx_word' id='word_1_413' title='bbox 2951 1292 3252 1362; x_wconf 85' lang='grc' dir='ltr'>στεφάνων.</span> <span class='ocrx_word' id='word_1_414' title='bbox 3289 1294 3501 1368; x_wconf 77' lang='grc' dir='ltr'>Ἰκανήν</span> <span class='ocrx_word' id='word_1_415' title='bbox 3525 1296 3709 1352; x_wconf 89' lang='grc' dir='ltr'>τοίνυν</span> 
     </span>
    </p>
   </div>
   <div class='ocr_carea' id='block_1_59' title="bbox 2129 1396 3710 1476">
    <p class='ocr_par' dir='ltr' id='par_1_59' title="bbox 2129 1396 3710 1476">
     <span class='ocr_line' id='line_1_59' title="bbox 2129 1396 3710 1476; baseline 0.008 -27"><span class='ocrx_word' id='word_1_416' title='bbox 2129 1396 2348 1468; x_wconf 81' lang='grc' dir='ltr'>ἔχουσαι</span> <span class='ocrx_word' id='word_1_417' title='bbox 2396 1399 2599 1470; x_wconf 87' lang='grc' dir='ltr'>ταύτην</span> <span class='ocrx_word' id='word_1_418' title='bbox 2644 1401 2742 1473; x_wconf 82' lang='grc' dir='ltr'>τὴν</span> <span class='ocrx_word' id='word_1_419' title='bbox 2783 1402 3147 1473; x_wconf 85' lang='grc' dir='ltr'>παράκλησιν,</span> <span class='ocrx_word' id='word_1_420' title='bbox 3200 1404 3395 1476; x_wconf 87' lang='grc' dir='ltr'>φέρετε</span> <span class='ocrx_word' id='word_1_421' title='bbox 3441 1408 3710 1475; x_wconf 89' lang='grc' dir='ltr'>γενναίως</span> 
     </span>
    </p>
   </div>
   <div class='ocr_carea' id='block_1_60' title="bbox 2128 1509 3711 1585">
    <p class='ocr_par' dir='ltr' id='par_1_60' title="bbox 2128 1509 3711 1585">
     <span class='ocr_line' id='line_1_60' title="bbox 2128 1509 3711 1585; baseline 0.007 -24"><span class='ocrx_word' id='word_1_422' title='bbox 2128 1509 2222 1562; x_wconf 78' lang='grc' dir='ltr'>καὶ</span> <span class='ocrx_word' id='word_1_423' title='bbox 2272 1511 2606 1582; x_wconf 82' lang='grc' dir='ltr'>εὐχαρίστως</span> <span class='ocrx_word' id='word_1_424' title='bbox 2640 1511 2710 1566; x_wconf 87' lang='grc' dir='ltr'>τά</span> <span class='ocrx_word' id='word_1_425' title='bbox 2768 1516 3186 1585; x_wconf 87' lang='grc' dir='ltr'>συμπίπτοντα,</span> <span class='ocrx_word' id='word_1_426' title='bbox 3236 1516 3553 1582; x_wconf 82' lang='grc' dir='ltr'>δοξάζουσαι</span> <span class='ocrx_word' id='word_1_427' title='bbox 3614 1518 3711 1573; x_wconf 84' lang='grc' dir='ltr'>τδν</span> 
     </span>
    </p>
   </div>
   <div class='ocr_carea' id='block_1_61' title="bbox 2126 1622 3710 1704">
    <p class='ocr_par' dir='ltr' id='par_1_61' title="bbox 2126 1622 3710 1704">
     <span class='ocr_line' id='line_1_61' title="bbox 2126 1622 3710 1704; baseline 0.006 -28"><span class='ocrx_word' id='word_1_428' title='bbox 2126 1622 2262 1678; x_wconf 85' lang='grc' dir='ltr'>Θεὸν</span> <span class='ocrx_word' id='word_1_429' title='bbox 2307 1625 2395 1694; x_wconf 79' lang='grc' dir='ltr'>ἐφ’</span> <span class='ocrx_word' id='word_1_430' title='bbox 2426 1626 2596 1682; x_wconf 76' lang='grc' dir='ltr'>ἅπασι</span> <span class='ocrx_word' id='word_1_431' title='bbox 2628 1631 2741 1692; x_wconf 89' lang='grc' dir='ltr'>τοῖς</span> <span class='ocrx_word' id='word_1_432' title='bbox 2771 1629 3186 1700; x_wconf 81' lang='grc' dir='ltr'>συμϐαίνουσιν.</span> <span class='ocrx_word' id='word_1_433' title='bbox 3247 1629 3406 1684; x_wconf 85' lang='grc' dir='ltr'>Οὑτω</span> <span class='ocrx_word' id='word_1_434' title='bbox 3458 1631 3570 1704; x_wconf 88' lang='lat'>7&amp;9</span> <span class='ocrx_word' id='word_1_435' title='bbox 3607 1635 3710 1688; x_wconf 75' lang='grc' dir='ltr'>καὶ</span> 
     </span>
    </p>
   </div>
   <div class='ocr_carea' id='block_1_62' title="bbox 2128 1737 3707 1816">
    <p class='ocr_par' dir='ltr' id='par_1_62' title="bbox 2128 1737 3707 1816">
     <span class='ocr_line' id='line_1_62' title="bbox 2128 1737 3707 1816; baseline 0.006 -27"><span class='ocrx_word' id='word_1_436' title='bbox 2128 1737 2287 1807; x_wconf 85' lang='grc' dir='ltr'>ὑμεῖς</span> <span class='ocrx_word' id='word_1_437' title='bbox 2329 1742 2580 1794; x_wconf 58' lang='grc' dir='ltr'>κοινωνοί⁵</span> <span class='ocrx_word' id='word_1_438' title='bbox 2623 1743 2925 1815; x_wconf 86' lang='grc' dir='ltr'>γενήσεσθε</span> <span class='ocrx_word' id='word_1_439' title='bbox 2975 1742 3084 1797; x_wconf 89' lang='grc' dir='ltr'>τῶν</span> <span class='ocrx_word' id='word_1_440' title='bbox 3129 1745 3512 1814; x_wconf 84' lang='grc' dir='ltr'>ἀποκειμένων</span> <span class='ocrx_word' id='word_1_441' title='bbox 3556 1746 3707 1816; x_wconf 87' lang='grc' dir='ltr'>αὑτῷ</span> 
     </span>
    </p>
   </div>
   <div class='ocr_carea' id='block_1_63' title="bbox 2131 1849 3709 1930">
    <p class='ocr_par' dir='ltr' id='par_1_63' title="bbox 2131 1849 3709 1930">
     <span class='ocr_line' id='line_1_63' title="bbox 2131 1849 3709 1930; baseline 0.006 -27"><span class='ocrx_word' id='word_1_442' title='bbox 2131 1851 2338 1921; x_wconf 82' lang='grc' dir='ltr'>μισθῶν</span> <span class='ocrx_word' id='word_1_443' title='bbox 2369 1853 2464 1907; x_wconf 77' lang='grc' dir='ltr'>καὶ</span> <span class='ocrx_word' id='word_1_444' title='bbox 2490 1854 2790 1923; x_wconf 79' lang='grc' dir='ltr'>στεφάνων,</span> <span class='ocrx_word' id='word_1_445' title='bbox 2827 1855 2968 1926; x_wconf 86' lang='grc' dir='ltr'>ὑπὲρ</span> <span class='ocrx_word' id='word_1_446' title='bbox 3001 1849 3076 1911; x_wconf 85' lang='grc' dir='ltr'>ὧν</span> <span class='ocrx_word' id='word_1_447' title='bbox 3097 1857 3358 1925; x_wconf 87' lang='grc' dir='ltr'>γενναίως</span> <span class='ocrx_word' id='word_1_448' title='bbox 3380 1859 3476 1912; x_wconf 73' lang='grc' dir='ltr'>καὶ</span> <span class='ocrx_word' id='word_1_449' title='bbox 3513 1859 3709 1930; x_wconf 89' lang='grc' dir='ltr'>πράως</span> 
     </span>
    </p>
   </div>
   <div class='ocr_carea' id='block_1_64' title="bbox 2127 1965 3712 2046">
    <p class='ocr_par' dir='ltr' id='par_1_64' title="bbox 2127 1965 3712 2046">
     <span class='ocr_line' id='line_1_64' title="bbox 2127 1965 3712 2046; baseline 0.007 -27"><span class='ocrx_word' id='word_1_450' title='bbox 2127 1965 2398 2036; x_wconf 80' lang='grc' dir='ltr'>ἠνέγκατε</span> <span class='ocrx_word' id='word_1_451' title='bbox 2427 1966 2498 2021; x_wconf 87' lang='grc' dir='ltr'>τά</span> <span class='ocrx_word' id='word_1_452' title='bbox 2532 1969 2836 2039; x_wconf 84' lang='grc' dir='ltr'>συμϐάντα.</span> <span class='ocrx_word' id='word_1_453' title='bbox 2873 1969 3016 2024; x_wconf 83' lang='grc' dir='ltr'>Ἰστε</span> <span class='ocrx_word' id='word_1_454' title='bbox 3049 1970 3158 2041; x_wconf 86' lang='lat'>7&amp;9</span> <span class='ocrx_word' id='word_1_455' title='bbox 3185 1972 3268 2025; x_wconf 83' lang='grc' dir='ltr'>ὅτι</span> <span class='ocrx_word' id='word_1_456' title='bbox 3298 1971 3418 2036; x_wconf 79' lang='grc' dir='ltr'>ὁδὸς</span> <span class='ocrx_word' id='word_1_457' title='bbox 3449 1974 3477 2027; x_wconf 80' lang='grc'>6</span> <span class='ocrx_word' id='word_1_458' title='bbox 3514 1974 3712 2046; x_wconf 86' lang='grc' dir='ltr'>παρὼν</span> 
     </span>
    </p>
   </div>
   <div class='ocr_carea' id='block_1_65' title="bbox 2129 2079 3710 2156">
    <p class='ocr_par' dir='ltr' id='par_1_65' title="bbox 2129 2079 3710 2156">
     <span class='ocr_line' id='line_1_65' title="bbox 2129 2079 3710 2156; baseline 0.005 -23"><span class='ocrx_word' id='word_1_459' title='bbox 2129 2079 2263 2149; x_wconf 87' lang='grc' dir='ltr'>βίος,</span> <span class='ocrx_word' id='word_1_460' title='bbox 2294 2081 2387 2134; x_wconf 69' lang='grc' dir='ltr'>καὶ</span> <span class='ocrx_word' id='word_1_461' title='bbox 2401 2081 2468 2135; x_wconf 73' lang='grc' dir='ltr'>τὰ</span> <span class='ocrx_word' id='word_1_462' title='bbox 2496 2081 2710 2152; x_wconf 88' lang='grc' dir='ltr'>χρηστά</span> <span class='ocrx_word' id='word_1_463' title='bbox 2732 2081 2899 2137; x_wconf 89' lang='grc' dir='ltr'>αὑτοῦ</span> <span class='ocrx_word' id='word_1_464' title='bbox 2932 2083 3026 2137; x_wconf 72' lang='grc' dir='ltr'>καὶ</span> <span class='ocrx_word' id='word_1_465' title='bbox 3050 2084 3120 2137; x_wconf 78' lang='grc' dir='ltr'>τὰ</span> <span class='ocrx_word' id='word_1_466' title='bbox 3145 2083 3365 2156; x_wconf 88' lang='grc' dir='ltr'>λυπηρά</span> <span class='ocrx_word' id='word_1_467' title='bbox 3409 2087 3710 2156; x_wconf 82' lang='grc' dir='ltr'>παροδεύε-</span> 
     </span>
    </p>
   </div>
   <div class='ocr_carea' id='block_1_66' title="bbox 2126 2194 3707 2268">
    <p class='ocr_par' dir='ltr' id='par_1_66' title="bbox 2126 2194 3707 2268">
     <span class='ocr_line' id='line_1_66' title="bbox 2126 2194 3707 2268; baseline 0.003 -20"><span class='ocrx_word' id='word_1_468' title='bbox 2126 2212 2238 2260; x_wconf 89' lang='grc' dir='ltr'>ται,</span> <span class='ocrx_word' id='word_1_469' title='bbox 2284 2195 2379 2248; x_wconf 74' lang='grc' dir='ltr'>καὶ</span> <span class='ocrx_word' id='word_1_470' title='bbox 2403 2195 2484 2248; x_wconf 85' lang='grc' dir='ltr'>δτι</span> <span class='ocrx_word' id='word_1_471' title='bbox 2510 2194 2599 2248; x_wconf 86' lang='grc' dir='ltr'>διὰ</span> <span class='ocrx_word' id='word_1_472' title='bbox 2621 2195 2835 2250; x_wconf 91' lang='grc' dir='ltr'>πολλῶν</span> <span class='ocrx_word' id='word_1_473' title='bbox 2867 2196 3102 2264; x_wconf 80' lang='grc' dir='ltr'>θλίψεων</span> <span class='ocrx_word' id='word_1_474' title='bbox 3146 2197 3229 2250; x_wconf 88' lang='grc' dir='ltr'>δεῖ</span> <span class='ocrx_word' id='word_1_475' title='bbox 3254 2199 3404 2268; x_wconf 80' lang='grc' dir='ltr'>ἡμᾶς</span> <span class='ocrx_word' id='word_1_476' title='bbox 3438 2199 3707 2255; x_wconf 84' lang='grc' dir='ltr'>εἰσελθεῖν</span> 
     </span>
    </p>
   </div>
   <div class='ocr_carea' id='block_1_67' title="bbox 2126 2307 3709 2383">
    <p class='ocr_par' dir='ltr' id='par_1_67' title="bbox 2126 2307 3709 2383">
     <span class='ocr_line' id='line_1_67' title="bbox 2126 2307 3709 2383; baseline 0.004 -23"><span class='ocrx_word' id='word_1_477' title='bbox 2126 2308 2208 2371; x_wconf 83' lang='grc' dir='ltr'>εἰς</span> <span class='ocrx_word' id='word_1_478' title='bbox 2236 2308 2334 2379; x_wconf 85' lang='grc' dir='ltr'>τὴν</span> <span class='ocrx_word' id='word_1_479' title='bbox 2382 2307 2658 2378; x_wconf 82' lang='grc' dir='ltr'>βασιλείαν</span> <span class='ocrx_word' id='word_1_480' title='bbox 2701 2309 2796 2362; x_wconf 90' lang='grc' dir='ltr'>τοῦ</span> <span class='ocrx_word' id='word_1_481' title='bbox 2837 2309 3001 2362; x_wconf 76' lang='grc' dir='ltr'><strong>θεοῦ·</strong></span> <span class='ocrx_word' id='word_1_482' title='bbox 3028 2311 3125 2363; x_wconf 69' lang='grc' dir='ltr'>καὶ</span> <span class='ocrx_word' id='word_1_483' title='bbox 3159 2311 3242 2364; x_wconf 83' lang='grc' dir='ltr'>ὅτι</span> <span class='ocrx_word' id='word_1_484' title='bbox 3271 2312 3431 2383; x_wconf 81' lang='grc' dir='ltr'>στενὴ</span> <span class='ocrx_word' id='word_1_485' title='bbox 3488 2314 3585 2367; x_wconf 75' lang='grc' dir='ltr'>καὶ</span> <span class='ocrx_word' id='word_1_486' title='bbox 3617 2331 3709 2367; x_wconf 83' lang='grc' dir='ltr'>τε-</span> 
     </span>
    </p>
   </div>
   <div class='ocr_carea' id='block_1_68' title="bbox 2126 2418 3709 2497">
    <p class='ocr_par' dir='ltr' id='par_1_68' title="bbox 2126 2418 3709 2497">
     <span class='ocr_line' id='line_1_68' title="bbox 2126 2418 3709 2497; baseline 0.007 -26"><span class='ocrx_word' id='word_1_487' title='bbox 2126 2418 2397 2492; x_wconf 83' lang='grc' dir='ltr'>θλιμμένη</span> <span class='ocrx_word' id='word_1_488' title='bbox 2437 2423 2470 2491; x_wconf 86' lang='grc' dir='ltr'>ή</span> <span class='ocrx_word' id='word_1_489' title='bbox 2502 2420 2642 2485; x_wconf 81' lang='grc' dir='ltr'>ὁδὸς,</span> <span class='ocrx_word' id='word_1_490' title='bbox 2683 2422 2716 2490; x_wconf 82' lang='grc' dir='ltr'><strong>ἡ</strong></span> <span class='ocrx_word' id='word_1_491' title='bbox 2751 2420 3040 2491; x_wconf 88' lang='grc' dir='ltr'>ἀπάγουσα</span> <span class='ocrx_word' id='word_1_492' title='bbox 3061 2423 3142 2486; x_wconf 89' lang='grc' dir='ltr'>είς</span> <span class='ocrx_word' id='word_1_493' title='bbox 3169 2422 3270 2492; x_wconf 82' lang='grc' dir='ltr'>τὴν</span> <span class='ocrx_word' id='word_1_494' title='bbox 3303 2423 3472 2494; x_wconf 81' lang='grc' dir='ltr'>ζωήν.</span> <span class='ocrx_word' id='word_1_495' title='bbox 3519 2427 3709 2497; x_wconf 87' lang='grc' dir='ltr'>Παρα-</span> 
     </span>
    </p>
   </div>
   <div class='ocr_carea' id='block_1_69' title="bbox 2127 2529 3708 2610">
    <p class='ocr_par' dir='ltr' id='par_1_69' title="bbox 2127 2529 3708 2610">
     <span class='ocr_line' id='line_1_69' title="bbox 2127 2529 3708 2610; baseline 0.004 -24"><span class='ocrx_word' id='word_1_496' title='bbox 2127 2533 2409 2604; x_wconf 86' lang='grc' dir='ltr'>κληθεῖσαι</span> <span class='ocrx_word' id='word_1_497' title='bbox 2437 2529 2530 2588; x_wconf 79' lang='grc' dir='ltr'>οὖν</span> <span class='ocrx_word' id='word_1_498' title='bbox 2562 2534 2656 2587; x_wconf 79' lang='grc' dir='ltr'>καὶ</span> <span class='ocrx_word' id='word_1_499' title='bbox 2678 2533 2768 2588; x_wconf 90' lang='grc' dir='ltr'>διά</span> <span class='ocrx_word' id='word_1_500' title='bbox 2792 2533 3019 2600; x_wconf 89' lang='grc' dir='ltr'>τούτων,</span> <span class='ocrx_word' id='word_1_501' title='bbox 3049 2537 3144 2590; x_wconf 72' lang='grc' dir='ltr'>καὶ</span> <span class='ocrx_word' id='word_1_502' title='bbox 3167 2537 3256 2591; x_wconf 88' lang='grc' dir='ltr'>διά</span> <span class='ocrx_word' id='word_1_503' title='bbox 3267 2539 3368 2608; x_wconf 87' lang='grc' dir='ltr'>τῆς</span> <span class='ocrx_word' id='word_1_504' title='bbox 3398 2540 3708 2610; x_wconf 86' lang='grc' dir='ltr'>παρουσίας</span> 
     </span>
    </p>
   </div>
   <div class='ocr_carea' id='block_1_70' title="bbox 2125 2647 3701 2724">
    <p class='ocr_par' dir='ltr' id='par_1_70' title="bbox 2125 2647 3701 2724">
     <span class='ocr_line' id='line_1_70' title="bbox 2125 2647 3701 2724; baseline 0.004 -25"><span class='ocrx_word' id='word_1_505' title='bbox 2125 2647 2310 2710; x_wconf 87' lang='grc' dir='ltr'>αὐτοῦ,</span> <span class='ocrx_word' id='word_1_506' title='bbox 2344 2647 2488 2701; x_wconf 75' lang='grc' dir='ltr'>ἅπαν</span> <span class='ocrx_word' id='word_1_507' title='bbox 2509 2647 2748 2719; x_wconf 88' lang='grc' dir='ltr'>ἀθυμίας</span> <span class='ocrx_word' id='word_1_508' title='bbox 2771 2649 3160 2704; x_wconf 86' lang='grc' dir='ltr'>διασκεδάσατε</span> <span class='ocrx_word' id='word_1_509' title='bbox 3179 2651 3361 2720; x_wconf 85' lang='grc' dir='ltr'>νέφος,</span> <span class='ocrx_word' id='word_1_510' title='bbox 3384 2653 3701 2724; x_wconf 82' lang='grc' dir='ltr'>χαίρουσαι,</span> 
     </span>
    </p>
   </div>
   <div class='ocr_carea' id='block_1_71' title="bbox 2126 2759 3706 2838">
    <p class='ocr_par' dir='ltr' id='par_1_71' title="bbox 2126 2759 3706 2838">
     <span class='ocr_line' id='line_1_71' title="bbox 2126 2759 3706 2838; baseline 0.006 -27"><span class='ocrx_word' id='word_1_511' title='bbox 2126 2759 2550 2831; x_wconf 79' lang='grc' dir='ltr'>εὐφραινόμεναι</span> <span class='ocrx_word' id='word_1_512' title='bbox 2603 2762 2696 2815; x_wconf 75' lang='grc' dir='ltr'>ἐπὶ</span> <span class='ocrx_word' id='word_1_513' title='bbox 2742 2763 2857 2826; x_wconf 89' lang='grc' dir='ltr'>τοῖς</span> <span class='ocrx_word' id='word_1_514' title='bbox 2881 2762 3071 2817; x_wconf 84' lang='grc' dir='ltr'>τούτου</span> <span class='ocrx_word' id='word_1_515' title='bbox 3100 2763 3405 2834; x_wconf 81' lang='grc' dir='ltr'>παθήμασι.</span> <span class='ocrx_word' id='word_1_516' title='bbox 3452 2765 3563 2818; x_wconf 78' lang='grc' dir='ltr'>Καὶ</span> <span class='ocrx_word' id='word_1_517' title='bbox 3592 2766 3706 2838; x_wconf 75' lang='grc' dir='ltr'>γὰρ</span> 
     </span>
    </p>
   </div>
   <div class='ocr_carea' id='block_1_72' title="bbox 2125 2871 3706 2951">
    <p class='ocr_par' dir='ltr' id='par_1_72' title="bbox 2125 2871 3706 2951">
     <span class='ocr_line' id='line_1_72' title="bbox 2125 2871 3706 2951; baseline 0.003 -23"><span class='ocrx_word' id='word_1_518' title='bbox 2125 2874 2330 2943; x_wconf 82' lang='grc' dir='ltr'>ἀφατος</span> <span class='ocrx_word' id='word_1_519' title='bbox 2363 2873 2511 2946; x_wconf 82' lang='grc' dir='ltr'>αὐτῷ</span> <span class='ocrx_word' id='word_1_520' title='bbox 2541 2871 2790 2930; x_wconf 84' lang='grc' dir='ltr'>ἐντεῦθεν</span> <span class='ocrx_word' id='word_1_521' title='bbox 2841 2875 3085 2929; x_wconf 87' lang='grc' dir='ltr'>κείσεται</span> <span class='ocrx_word' id='word_1_522' title='bbox 3125 2878 3164 2930; x_wconf 65' lang='grc' dir='ltr'>δ’</span> <span class='ocrx_word' id='word_1_523' title='bbox 3182 2877 3392 2948; x_wconf 77' lang='grc' dir='ltr'>καρπὸς</span> <span class='ocrx_word' id='word_1_524' title='bbox 3441 2877 3538 2932; x_wconf 77' lang='grc' dir='ltr'>καὶ</span> <span class='ocrx_word' id='word_1_525' title='bbox 3561 2880 3706 2951; x_wconf 78' lang='grc' dir='ltr'>ἀκή-</span> 
     </span>
    </p>
   </div>
   <div class='ocr_carea' id='block_1_73' title="bbox 2129 3003 2310 3056">
    <p class='ocr_par' dir='ltr' id='par_1_73' title="bbox 2129 3003 2310 3056">
     <span class='ocr_line' id='line_1_73' title="bbox 2129 3003 2310 3056; baseline -0.011 -15"><span class='ocrx_word' id='word_1_526' title='bbox 2129 3003 2310 3056; x_wconf 87' lang='grc' dir='ltr'>ρατος.</span> 
     </span>
    </p>
   </div>
   <div class='ocr_carea' id='block_1_74' title="bbox 2270 3137 3558 3212">
    <p class='ocr_par' dir='ltr' id='par_1_74' title="bbox 2270 3137 3558 3212">
     <span class='ocr_line' id='line_1_74' title="bbox 2270 3137 3558 3212; baseline 0.005 -21"><span class='ocrx_word' id='word_1_527' title='bbox 2270 3137 2418 3210; x_wconf 71' lang='grc'>[627]</span> <span class='ocrx_word' id='word_1_528' title='bbox 2458 3140 2585 3195; x_wconf 82' lang='grc' dir='ltr'>ΞΑ’.</span> <span class='ocrx_word' id='word_1_529' title='bbox 2629 3140 2891 3207; x_wconf 78' lang='grc' dir='ltr'>θεοδότῳ</span> <span class='ocrx_word' id='word_1_530' title='bbox 2927 3140 3046 3197; x_wconf 81' lang='grc' dir='ltr'>ἀπὸ</span> <span class='ocrx_word' id='word_1_531' title='bbox 3081 3145 3558 3212; x_wconf 77' lang='grc' dir='ltr'>κονσουλαρίων.</span> 
     </span>
    </p>
   </div>
   <div class='ocr_carea' id='block_1_75' title="bbox 2195 3273 3706 3350">
    <p class='ocr_par' dir='ltr' id='par_1_75' title="bbox 2195 3273 3706 3350">
     <span class='ocr_line' id='line_1_75' title="bbox 2195 3273 3706 3350; baseline 0.003 -22"><span class='ocrx_word' id='word_1_532' title='bbox 2195 3273 2368 3329; x_wconf 91' lang='grc' dir='ltr'>Τοῦτο</span> <span class='ocrx_word' id='word_1_533' title='bbox 2407 3276 2610 3348; x_wconf 77' lang='grc' dir='ltr'>πατὴρ,</span> <span class='ocrx_word' id='word_1_534' title='bbox 2640 3277 2702 3329; x_wconf 84' lang='grc' dir='ltr'>τὸ</span> <span class='ocrx_word' id='word_1_535' title='bbox 2748 3277 2823 3348; x_wconf 83' lang='grc' dir='ltr'>μὴ</span> <span class='ocrx_word' id='word_1_536' title='bbox 2864 3277 3024 3347; x_wconf 86' lang='grc' dir='ltr'>μόνον</span> <span class='ocrx_word' id='word_1_537' title='bbox 3066 3277 3142 3350; x_wconf 82' lang='grc' dir='ltr'>μὴ</span> <span class='ocrx_word' id='word_1_538' title='bbox 3176 3278 3556 3350; x_wconf 88' lang='grc' dir='ltr'>δυσχεραίνειν</span> <span class='ocrx_word' id='word_1_539' title='bbox 3606 3279 3706 3334; x_wconf 86' lang='grc' dir='ltr'>τοῦ</span> 
     </span>
    </p>
   </div>
   <div class='ocr_carea' id='block_1_76' title="bbox 2126 3387 3708 3461">
    <p class='ocr_par' dir='ltr' id='par_1_76' title="bbox 2126 3387 3708 3461">
     <span class='ocr_line' id='line_1_76' title="bbox 2126 3387 3708 3461; baseline 0.006 -22"><span class='ocrx_word' id='word_1_540' title='bbox 2126 3387 2315 3451; x_wconf 73' lang='grc' dir='ltr'>παιδὸς</span> <span class='ocrx_word' id='word_1_541' title='bbox 2343 3387 2441 3459; x_wconf 77' lang='grc' dir='ltr'>τὴν</span> <span class='ocrx_word' id='word_1_542' title='bbox 2476 3389 2649 3460; x_wconf 88' lang='grc' dir='ltr'>ἀληθῆ</span> <span class='ocrx_word' id='word_1_543' title='bbox 2696 3389 3017 3460; x_wconf 85' lang='grc' dir='ltr'>φιλοσοφίαν</span> <span class='ocrx_word' id='word_1_544' title='bbox 3069 3391 3484 3461; x_wconf 77' lang='grc' dir='ltr'>φιλοσοφοῦντος</span> <span class='ocrx_word' id='word_1_545' title='bbox 3504 3433 3521 3457; x_wconf 87' lang='grc'>,</span> <span class='ocrx_word' id='word_1_546' title='bbox 3567 3393 3708 3448; x_wconf 79' lang='grc' dir='ltr'>ἀλλὰ</span> 
     </span>
    </p>
   </div>
   <div class='ocr_carea' id='block_1_77' title="bbox 2125 3501 3707 3574">
    <p class='ocr_par' dir='ltr' id='par_1_77' title="bbox 2125 3501 3707 3574">
     <span class='ocr_line' id='line_1_77' title="bbox 2125 3501 3707 3574; baseline 0.001 -19"><span class='ocrx_word' id='word_1_547' title='bbox 2125 3504 2218 3556; x_wconf 75' lang='grc' dir='ltr'>καὶ</span> <span class='ocrx_word' id='word_1_548' title='bbox 2251 3501 2593 3573; x_wconf 88' lang='grc' dir='ltr'>συνήδεσθαι,</span> <span class='ocrx_word' id='word_1_549' title='bbox 2630 3503 2725 3556; x_wconf 73' lang='grc' dir='ltr'>καὶ</span> <span class='ocrx_word' id='word_1_550' title='bbox 2773 3503 2950 3556; x_wconf 89' lang='grc' dir='ltr'>πάντα</span> <span class='ocrx_word' id='word_1_551' title='bbox 2980 3505 3154 3557; x_wconf 78' lang='grc' dir='ltr'>ποιεῖν</span> <span class='ocrx_word' id='word_1_552' title='bbox 3175 3542 3190 3567; x_wconf 88' lang='grc'>,</span> <span class='ocrx_word' id='word_1_553' title='bbox 3221 3505 3369 3567; x_wconf 82' lang='grc' dir='ltr'>ὅπως</span> <span class='ocrx_word' id='word_1_554' title='bbox 3399 3507 3482 3567; x_wconf 88' lang='grc' dir='ltr'>είς</span> <span class='ocrx_word' id='word_1_555' title='bbox 3533 3505 3707 3574; x_wconf 82' lang='grc' dir='ltr'>ἄκρον</span> 
     </span>
    </p>
   </div>
   <div class='ocr_carea' id='block_1_78' title="bbox 2123 3613 3708 3690">
    <p class='ocr_par' dir='ltr' id='par_1_78' title="bbox 2123 3613 3708 3690">
     <span class='ocr_line' id='line_1_78' title="bbox 2123 3613 3708 3690; baseline 0.001 -20"><span class='ocrx_word' id='word_1_556' title='bbox 2123 3617 2296 3688; x_wconf 87' lang='grc' dir='ltr'>αὐτῆς</span> <span class='ocrx_word' id='word_1_557' title='bbox 2341 3617 2626 3687; x_wconf 74' lang='grc' dir='ltr'>ἀφίκοιτο’</span> <span class='ocrx_word' id='word_1_558' title='bbox 2667 3616 2764 3670; x_wconf 71' lang='grc' dir='ltr'>καὶ</span> <span class='ocrx_word' id='word_1_559' title='bbox 2797 3617 2934 3688; x_wconf 86' lang='grc' dir='ltr'>μηδέ</span> <span class='ocrx_word' id='word_1_560' title='bbox 2969 3617 3049 3689; x_wconf 80' lang='grc' dir='ltr'>τῷ</span> <span class='ocrx_word' id='word_1_561' title='bbox 3086 3617 3370 3690; x_wconf 62' lang='grc' dir='ltr'>πόρρωθεν</span> <span class='ocrx_word' id='word_1_562' title='bbox 3423 3613 3566 3673; x_wconf 77' lang='grc' dir='ltr'>εἶναι</span> <span class='ocrx_word' id='word_1_563' title='bbox 3609 3621 3708 3672; x_wconf 74' lang='grc' dir='ltr'>καὶ</span> 
     </span>
    </p>
   </div>
   <div class='ocr_carea' id='block_1_79' title="bbox 2125 3729 3708 3803">
    <p class='ocr_par' dir='ltr' id='par_1_79' title="bbox 2125 3729 3708 3803">
     <span class='ocr_line' id='line_1_79' title="bbox 2125 3729 3708 3803; baseline 0.002 -21"><span class='ocrx_word' id='word_1_564' title='bbox 2125 3729 2402 3802; x_wconf 87' lang='grc' dir='ltr'>πατρίδος,</span> <span class='ocrx_word' id='word_1_565' title='bbox 2433 3731 2529 3784; x_wconf 76' lang='grc' dir='ltr'>καὶ</span> <span class='ocrx_word' id='word_1_566' title='bbox 2551 3730 2752 3796; x_wconf 80' lang='grc' dir='ltr'>οἰκίας,</span> <span class='ocrx_word' id='word_1_567' title='bbox 2774 3730 3002 3786; x_wconf 77' lang='grc' dir='ltr'>καὶτῶν</span> <span class='ocrx_word' id='word_1_568' title='bbox 3035 3731 3144 3786; x_wconf 92' lang='grc' dir='ltr'>σῶν</span> <span class='ocrx_word' id='word_1_569' title='bbox 3179 3731 3501 3803; x_wconf 86' lang='grc' dir='ltr'>ὀφθαλμῶν,</span> <span class='ocrx_word' id='word_1_570' title='bbox 3530 3732 3708 3803; x_wconf 87' lang='grc' dir='ltr'>βαρύ-</span> 
     </span>
    </p>
   </div>
   <div class='ocr_carea' id='block_1_80' title="bbox 2124 3842 3711 3916">
    <p class='ocr_par' dir='ltr' id='par_1_80' title="bbox 2124 3842 3711 3916">
     <span class='ocr_line' id='line_1_80' title="bbox 2124 3842 3711 3916; baseline 0.003 -22"><span class='ocrx_word' id='word_1_571' title='bbox 2124 3842 2308 3895; x_wconf 86' lang='grc' dir='ltr'>νεσθαι</span> <span class='ocrx_word' id='word_1_572' title='bbox 2333 3882 2349 3908; x_wconf 95' lang='grc'>,</span> <span class='ocrx_word' id='word_1_573' title='bbox 2394 3842 2532 3897; x_wconf 88' lang='grc' dir='ltr'>ἀλλά</span> <span class='ocrx_word' id='word_1_574' title='bbox 2562 3843 2657 3898; x_wconf 93' lang='grc' dir='ltr'>νῦν</span> <span class='ocrx_word' id='word_1_575' title='bbox 2709 3844 2912 3915; x_wconf 81' lang='grc' dir='ltr'>μᾶλλον</span> <span class='ocrx_word' id='word_1_576' title='bbox 2966 3843 3127 3896; x_wconf 83' lang='grc' dir='ltr'>αὑτὸν</span> <span class='ocrx_word' id='word_1_577' title='bbox 3179 3843 3432 3914; x_wconf 80' lang='grc' dir='ltr'>ἡγεῖσθαι</span> <span class='ocrx_word' id='word_1_578' title='bbox 3470 3843 3711 3916; x_wconf 85' lang='grc' dir='ltr'>πλησίον</span> 
     </span>
    </p>
   </div>
   <div class='ocr_carea' id='block_1_81' title="bbox 2123 3957 3713 4030">
    <p class='ocr_par' dir='ltr' id='par_1_81' title="bbox 2123 3957 3713 4030">
     <span class='ocr_line' id='line_1_81' title="bbox 2123 3957 3713 4030; baseline 0.003 -19"><span class='ocrx_word' id='word_1_579' title='bbox 2123 3959 2287 4029; x_wconf 76' lang='grc' dir='ltr'>ἔχειν,</span> <span class='ocrx_word' id='word_1_580' title='bbox 2322 3959 2412 4012; x_wconf 86' lang='grc' dir='ltr'>ὅτε</span> <span class='ocrx_word' id='word_1_581' title='bbox 2440 3958 2589 4029; x_wconf 85' lang='grc' dir='ltr'>αὑτῷ</span> <span class='ocrx_word' id='word_1_582' title='bbox 2618 3957 2688 4011; x_wconf 87' lang='grc' dir='ltr'>τά</span> <span class='ocrx_word' id='word_1_583' title='bbox 2715 3959 2816 4029; x_wconf 88' lang='grc' dir='ltr'>τῆς</span> <span class='ocrx_word' id='word_1_584' title='bbox 2842 3959 3046 4030; x_wconf 84' lang='grc' dir='ltr'>ἀρετῆς</span> <span class='ocrx_word' id='word_1_585' title='bbox 3068 3959 3361 4012; x_wconf 84' lang='grc' dir='ltr'>ἐπιδίδωσι.</span> <span class='ocrx_word' id='word_1_586' title='bbox 3394 3959 3496 4013; x_wconf 84' lang='grc' dir='ltr'>Διά</span> <span class='ocrx_word' id='word_1_587' title='bbox 3525 3959 3713 4015; x_wconf 81' lang='grc' dir='ltr'>ταῦτά.</span> 
     </span>
    </p>
   </div>
   <div class='ocr_carea' id='block_1_82' title="bbox 2125 4070 3709 4144">
    <p class='ocr_par' dir='ltr' id='par_1_82' title="bbox 2125 4070 3709 4144">
     <span class='ocr_line' id='line_1_82' title="bbox 2125 4070 3709 4144; baseline 0.003 -21"><span class='ocrx_word' id='word_1_588' title='bbox 2125 4087 2206 4123; x_wconf 90' lang='grc' dir='ltr'>σοι</span> <span class='ocrx_word' id='word_1_589' title='bbox 2239 4070 2332 4124; x_wconf 70' lang='grc' dir='ltr'>καὶ</span> <span class='ocrx_word' id='word_1_590' title='bbox 2357 4073 2522 4142; x_wconf 82' lang='grc' dir='ltr'>ἡμεῖς</span> <span class='ocrx_word' id='word_1_591' title='bbox 2553 4071 2752 4136; x_wconf 86' lang='grc' dir='ltr'>πολλὰς</span> <span class='ocrx_word' id='word_1_592' title='bbox 2773 4071 3004 4144; x_wconf 88' lang='grc' dir='ltr'>χάριτας</span> <span class='ocrx_word' id='word_1_593' title='bbox 3032 4071 3210 4142; x_wconf 84' lang='grc' dir='ltr'>ῐσμεν,</span> <span class='ocrx_word' id='word_1_594' title='bbox 3245 4073 3340 4126; x_wconf 76' lang='grc' dir='ltr'>καὶ</span> <span class='ocrx_word' id='word_1_595' title='bbox 3354 4073 3709 4144; x_wconf 85' lang='grc' dir='ltr'>τεθαυμάκα-</span> 
     </span>
    </p>
   </div>
   <div class='ocr_carea' id='block_1_83' title="bbox 2125 4181 3712 4254">
    <p class='ocr_par' dir='ltr' id='par_1_83' title="bbox 2125 4181 3712 4254">
     <span class='ocr_line' id='line_1_83' title="bbox 2125 4181 3712 4254; baseline 0.003 -20"><span class='ocrx_word' id='word_1_596' title='bbox 2125 4199 2224 4252; x_wconf 91' lang='grc' dir='ltr'>μεν</span> <span class='ocrx_word' id='word_1_597' title='bbox 2250 4181 2368 4246; x_wconf 88' lang='grc' dir='ltr'>πῶς</span> <span class='ocrx_word' id='word_1_598' title='bbox 2397 4181 2638 4235; x_wconf 88' lang='grc' dir='ltr'>τοιοῦτον</span> <span class='ocrx_word' id='word_1_599' title='bbox 2663 4183 2794 4254; x_wconf 76' lang='grc' dir='ltr'>ἡμῖν</span> <span class='ocrx_word' id='word_1_600' title='bbox 2813 4182 2986 4254; x_wconf 89' lang='grc' dir='ltr'>δῶρον</span> <span class='ocrx_word' id='word_1_601' title='bbox 3011 4183 3278 4248; x_wconf 85' lang='grc' dir='ltr'>δεδωκὼς,</span> <span class='ocrx_word' id='word_1_602' title='bbox 3303 4183 3394 4236; x_wconf 78' lang='grc' dir='ltr'>τὸν</span> <span class='ocrx_word' id='word_1_603' title='bbox 3421 4185 3559 4248; x_wconf 79' lang='grc' dir='ltr'>υίὸν,</span> <span class='ocrx_word' id='word_1_604' title='bbox 3592 4186 3712 4240; x_wconf 82' lang='grc' dir='ltr'>ἐνό-</span> 
     </span>
    </p>
   </div>
   <div class='ocr_carea' id='block_1_84' title="bbox 2125 4295 3708 4370">
    <p class='ocr_par' dir='ltr' id='par_1_84' title="bbox 2125 4295 3708 4370">
     <span class='ocr_line' id='line_1_84' title="bbox 2125 4295 3708 4370; baseline 0.004 -22"><span class='ocrx_word' id='word_1_605' title='bbox 2125 4312 2290 4365; x_wconf 89' lang='grc' dir='ltr'>μισας</span> <span class='ocrx_word' id='word_1_606' title='bbox 2325 4295 2434 4350; x_wconf 88' lang='grc' dir='ltr'>δεῖν</span> <span class='ocrx_word' id='word_1_607' title='bbox 2473 4313 2555 4350; x_wconf 93' lang='grc' dir='ltr'>σοι</span> <span class='ocrx_word' id='word_1_608' title='bbox 2585 4297 2680 4350; x_wconf 77' lang='grc' dir='ltr'>καὶ</span> <span class='ocrx_word' id='word_1_609' title='bbox 2711 4296 2898 4364; x_wconf 83' lang='grc' dir='ltr'>ξενίων</span> <span class='ocrx_word' id='word_1_610' title='bbox 2937 4298 3016 4360; x_wconf 88' lang='grc' dir='ltr'>εἰς</span> <span class='ocrx_word' id='word_1_611' title='bbox 3069 4296 3232 4366; x_wconf 84' lang='grc' dir='ltr'>τιμὴν</span> <span class='ocrx_word' id='word_1_612' title='bbox 3258 4296 3551 4370; x_wconf 82' lang='grc' dir='ltr'>ἡμετέραν.</span> <span class='ocrx_word' id='word_1_613' title='bbox 3591 4298 3708 4370; x_wconf 73' lang='grc' dir='ltr'>Τὴν</span> 
     </span>
    </p>
   </div>
   <div class='ocr_carea' id='block_1_85' title="bbox 2125 4405 3705 4483">
    <p class='ocr_par' dir='ltr' id='par_1_85' title="bbox 2125 4405 3705 4483">
     <span class='ocr_line' id='line_1_85' title="bbox 2125 4405 3705 4483; baseline 0.003 -21"><span class='ocrx_word' id='word_1_614' title='bbox 2125 4410 2224 4480; x_wconf 81' lang='grc' dir='ltr'>μὲν</span> <span class='ocrx_word' id='word_1_615' title='bbox 2253 4405 2347 4464; x_wconf 78' lang='grc' dir='ltr'>οὖν</span> <span class='ocrx_word' id='word_1_616' title='bbox 2369 4411 2536 4482; x_wconf 79' lang='grc' dir='ltr'>τιμὴν</span> <span class='ocrx_word' id='word_1_617' title='bbox 2564 4412 2664 4483; x_wconf 80' lang='grc' dir='ltr'>τὴν</span> <span class='ocrx_word' id='word_1_618' title='bbox 2693 4413 2758 4464; x_wconf 82' lang='grc' dir='ltr'>ἐκ</span> <span class='ocrx_word' id='word_1_619' title='bbox 2793 4410 2902 4464; x_wconf 89' lang='grc' dir='ltr'>τῶν</span> <span class='ocrx_word' id='word_1_620' title='bbox 2924 4411 3284 4482; x_wconf 86' lang='grc' dir='ltr'>πεμφθέντων</span> <span class='ocrx_word' id='word_1_621' title='bbox 3327 4412 3705 4482; x_wconf 70' lang='grc' dir='ltr'>ἐδρεψάμεθα,</span> 
     </span>
    </p>
   </div>
   <div class='ocr_carea' id='block_1_86' title="bbox 2121 4525 3710 4599">
    <p class='ocr_par' dir='ltr' id='par_1_86' title="bbox 2121 4525 3710 4599">
     <span class='ocr_line' id='line_1_86' title="bbox 2121 4525 3710 4599; baseline -0.001 -19"><span class='ocrx_word' id='word_1_622' title='bbox 2121 4525 2260 4580; x_wconf 88' lang='grc' dir='ltr'>αὑτά</span> <span class='ocrx_word' id='word_1_623' title='bbox 2280 4526 2336 4579; x_wconf 84' lang='grc' dir='ltr'>δὲ</span> <span class='ocrx_word' id='word_1_624' title='bbox 2359 4526 2909 4597; x_wconf 87' lang='grc' dir='ltr'>ἀνταπεστάλκαμεν,</span> <span class='ocrx_word' id='word_1_625' title='bbox 2937 4527 3038 4597; x_wconf 88' lang='grc' dir='ltr'>οὐχ</span> <span class='ocrx_word' id='word_1_626' title='bbox 3067 4525 3442 4596; x_wconf 88' lang='grc' dir='ltr'>ὑπερορῶντές</span> <span class='ocrx_word' id='word_1_627' title='bbox 3477 4543 3572 4578; x_wconf 92' lang='grc' dir='ltr'>σου</span> <span class='ocrx_word' id='word_1_628' title='bbox 3602 4527 3710 4599; x_wconf 78' lang='grc' dir='ltr'>τῆς</span> 
     </span>
    </p>
   </div>
   <div class='ocr_carea' id='block_1_87' title="bbox 2120 4639 3712 4712">
    <p class='ocr_par' dir='ltr' id='par_1_87' title="bbox 2120 4639 3712 4712">
     <span class='ocr_line' id='line_1_87' title="bbox 2120 4639 3712 4712; baseline 0.001 -20"><span class='ocrx_word' id='word_1_629' title='bbox 2120 4641 2400 4710; x_wconf 84' lang='grc' dir='ltr'>εὐγενείας</span> <span class='ocrx_word' id='word_1_630' title='bbox 2433 4641 2590 4712; x_wconf 78' lang='grc' dir='ltr'>(πῶς</span> <span class='ocrx_word' id='word_1_631' title='bbox 2641 4641 2751 4712; x_wconf 91' lang='lat'>7&amp;9</span> <span class='ocrx_word' id='word_1_632' title='bbox 2785 4641 2882 4695; x_wconf 89' lang='grc' dir='ltr'>τοῦ</span> <span class='ocrx_word' id='word_1_633' title='bbox 2907 4640 3050 4694; x_wconf 79' lang='grc' dir='ltr'>οὑτω</span> <span class='ocrx_word' id='word_1_634' title='bbox 3077 4639 3320 4712; x_wconf 85' lang='grc' dir='ltr'>σφοδρῶς</span> <span class='ocrx_word' id='word_1_635' title='bbox 3348 4639 3507 4711; x_wconf 86' lang='grc' dir='ltr'>ήμῶν</span> <span class='ocrx_word' id='word_1_636' title='bbox 3533 4639 3712 4710; x_wconf 76' lang='grc' dir='ltr'>ἐρῶν-</span> 
     </span>
    </p>
   </div>
   <div class='ocr_carea' id='block_1_88' title="bbox 2120 4752 3710 4828">
    <p class='ocr_par' dir='ltr' id='par_1_88' title="bbox 2120 4752 3710 4828">
     <span class='ocr_line' id='line_1_88' title="bbox 2120 4752 3710 4828; baseline -0.001 -19"><span class='ocrx_word' id='word_1_637' title='bbox 2120 4773 2211 4820; x_wconf 88' lang='grc' dir='ltr'>τος</span> <span class='ocrx_word' id='word_1_638' title='bbox 2226 4773 2241 4822; x_wconf 90' lang='grc'>;</span> <span class='ocrx_word' id='word_1_639' title='bbox 2257 4757 2299 4826; x_wconf 85' lang='grc'>),</span> <span class='ocrx_word' id='word_1_640' title='bbox 2327 4755 2441 4810; x_wconf 84' lang='grc' dir='ltr'>ἀλλ’</span> <span class='ocrx_word' id='word_1_641' title='bbox 2465 4755 2758 4828; x_wconf 80' lang='grc' dir='ltr'>ἡγούμενοι</span> <span class='ocrx_word' id='word_1_642' title='bbox 2773 4756 3026 4828; x_wconf 80' lang='grc' dir='ltr'>περιττὸν</span> <span class='ocrx_word' id='word_1_643' title='bbox 3051 4753 3189 4808; x_wconf 72' lang='grc' dir='ltr'>εἶναι</span> <span class='ocrx_word' id='word_1_644' title='bbox 3211 4754 3417 4808; x_wconf 87' lang='grc' dir='ltr'>τούτων</span> <span class='ocrx_word' id='word_1_645' title='bbox 3443 4752 3543 4824; x_wconf 78' lang='grc' dir='ltr'>τὴν</span> <span class='ocrx_word' id='word_1_646' title='bbox 3564 4753 3710 4808; x_wconf 81' lang='grc' dir='ltr'>ἀπό-</span> 
     </span>
    </p>
   </div>
   <div class='ocr_carea' id='block_1_89' title="bbox 2120 4863 3709 4942">
    <p class='ocr_par' dir='ltr' id='par_1_89' title="bbox 2120 4863 3709 4942">
     <span class='ocr_line' id='line_1_89' title="bbox 2120 4863 3709 4942; baseline -0.001 -20"><span class='ocrx_word' id='word_1_647' title='bbox 2120 4868 2311 4924; x_wconf 89' lang='grc' dir='ltr'>λαυσιν</span> <span class='ocrx_word' id='word_1_648' title='bbox 2353 4872 2570 4926; x_wconf 87' lang='grc' dir='ltr'>διώκειν</span> <span class='ocrx_word' id='word_1_649' title='bbox 2591 4915 2606 4938; x_wconf 93' lang='grc'>,</span> <span class='ocrx_word' id='word_1_650' title='bbox 2631 4863 2706 4925; x_wconf 81' lang='grc' dir='ltr'>ὧν</span> <span class='ocrx_word' id='word_1_651' title='bbox 2729 4873 2787 4924; x_wconf 93' lang='grc' dir='ltr'>ἐν</span> <span class='ocrx_word' id='word_1_652' title='bbox 2815 4869 2975 4942; x_wconf 75' lang='grc' dir='ltr'>χρείᾳ</span> <span class='ocrx_word' id='word_1_653' title='bbox 3001 4870 3062 4922; x_wconf 94' lang='grc' dir='ltr'>οὑ</span> <span class='ocrx_word' id='word_1_654' title='bbox 3100 4869 3536 4940; x_wconf 86' lang='grc' dir='ltr'>καθεστήκαμεν.</span> <span class='ocrx_word' id='word_1_655' title='bbox 3596 4867 3709 4921; x_wconf 79' lang='grc' dir='ltr'>Τὸν</span> 
     </span>
    </p>
   </div>
   <div class='ocr_carea' id='block_1_90' title="bbox 2125 4977 3713 5054">
    <p class='ocr_par' dir='ltr' id='par_1_90' title="bbox 2125 4977 3713 5054">
     <span class='ocr_line' id='line_1_90' title="bbox 2125 4977 3713 5054; baseline -0.001 -18"><span class='ocrx_word' id='word_1_656' title='bbox 2125 4983 2308 5054; x_wconf 89' lang='grc' dir='ltr'>μέντοι</span> <span class='ocrx_word' id='word_1_657' title='bbox 2339 4983 2503 5037; x_wconf 85' lang='grc' dir='ltr'>καλὸν</span> <span class='ocrx_word' id='word_1_658' title='bbox 2542 4983 2800 5037; x_wconf 85' lang='grc' dir='ltr'>Θεόδοτον</span> <span class='ocrx_word' id='word_1_659' title='bbox 2834 4983 2925 5036; x_wconf 82' lang='grc' dir='ltr'>τὸν</span> <span class='ocrx_word' id='word_1_660' title='bbox 2969 4980 3328 5052; x_wconf 87' lang='grc' dir='ltr'>ἀναγνώστην</span> <span class='ocrx_word' id='word_1_661' title='bbox 3365 4977 3713 5050; x_wconf 59' lang='grc' dir='ltr'>ἐϐουλόμεθα</span> 
     </span>
    </p>
   </div>
   <div class='ocr_carea' id='block_1_91' title="bbox 2124 5091 3711 5168">
    <p class='ocr_par' dir='ltr' id='par_1_91' title="bbox 2124 5091 3711 5168">
     <span class='ocr_line' id='line_1_91' title="bbox 2124 5091 3711 5168; baseline -0.003 -18"><span class='ocrx_word' id='word_1_662' title='bbox 2124 5097 2224 5167; x_wconf 76' lang='grc' dir='ltr'>μὲν</span> <span class='ocrx_word' id='word_1_663' title='bbox 2262 5098 2392 5168; x_wconf 85' lang='grc' dir='ltr'>παρ’</span> <span class='ocrx_word' id='word_1_664' title='bbox 2423 5099 2639 5161; x_wconf 82' lang='grc' dir='ltr'>ἑαυτοῖς</span> <span class='ocrx_word' id='word_1_665' title='bbox 2681 5095 2933 5167; x_wconf 87' lang='grc' dir='ltr'>κατέχειν</span> <span class='ocrx_word' id='word_1_666' title='bbox 2975 5095 3070 5149; x_wconf 74' lang='grc' dir='ltr'>καὶ</span> <span class='ocrx_word' id='word_1_667' title='bbox 3105 5093 3383 5157; x_wconf 89' lang='grc' dir='ltr'>πλάττειν,</span> <span class='ocrx_word' id='word_1_668' title='bbox 3408 5092 3597 5162; x_wconf 80' lang='grc' dir='ltr'>ἐπειδὴ</span> <span class='ocrx_word' id='word_1_669' title='bbox 3642 5091 3711 5146; x_wconf 72' lang='grc' dir='ltr'>δὲ</span> 
     </span>
    </p>
   </div>
   <div class='ocr_carea' id='block_1_92' title="bbox 2122 5204 3702 5278">
    <p class='ocr_par' dir='ltr' id='par_1_92' title="bbox 2122 5204 3702 5278">
     <span class='ocr_line' id='line_1_92' title="bbox 2122 5204 3702 5278; baseline -0.001 -18"><span class='ocrx_word' id='word_1_670' title='bbox 2122 5207 2299 5260; x_wconf 86' lang='grc' dir='ltr'>πάντα</span> <span class='ocrx_word' id='word_1_671' title='bbox 2321 5207 2388 5261; x_wconf 77' lang='grc' dir='ltr'>τὰ</span> <span class='ocrx_word' id='word_1_672' title='bbox 2414 5207 2647 5260; x_wconf 88' lang='grc' dir='ltr'>ἐνταῦθα</span> <span class='ocrx_word' id='word_1_673' title='bbox 2669 5208 2864 5277; x_wconf 85' lang='grc' dir='ltr'>φόνων,</span> <span class='ocrx_word' id='word_1_674' title='bbox 2897 5207 3162 5278; x_wconf 83' lang='grc' dir='ltr'>ταραχῆς,</span> <span class='ocrx_word' id='word_1_675' title='bbox 3185 5204 3461 5274; x_wconf 72' lang='grc' dir='ltr'>αἱμάτων,</span> <span class='ocrx_word' id='word_1_676' title='bbox 3478 5206 3702 5276; x_wconf 79' lang='grc' dir='ltr'>ἐμπρη-</span> 
     </span>
    </p>
   </div>
   <div class='ocr_carea' id='block_1_93' title="bbox 2122 5316 3706 5390">
    <p class='ocr_par' dir='ltr' id='par_1_93' title="bbox 2122 5316 3706 5390">
     <span class='ocr_line' id='line_1_93' title="bbox 2122 5316 3706 5390; baseline 0 -18"><span class='ocrx_word' id='word_1_677' title='bbox 2122 5318 2276 5389; x_wconf 89' lang='grc' dir='ltr'>σμῶν</span> <span class='ocrx_word' id='word_1_678' title='bbox 2303 5318 2704 5388; x_wconf 84' lang='grc' dir='ltr'>ἐμπέπλησται,</span> <span class='ocrx_word' id='word_1_679' title='bbox 2733 5320 2840 5373; x_wconf 89' lang='grc' dir='ltr'>τῶν</span> <span class='ocrx_word' id='word_1_680' title='bbox 2884 5318 3143 5390; x_wconf 87' lang='grc' dir='ltr'>Ἰσαύρων</span> <span class='ocrx_word' id='word_1_681' title='bbox 3167 5317 3345 5371; x_wconf 87' lang='grc' dir='ltr'>πάντα</span> <span class='ocrx_word' id='word_1_682' title='bbox 3377 5318 3580 5388; x_wconf 79' lang='grc' dir='ltr'>σιδήρῳ</span> <span class='ocrx_word' id='word_1_683' title='bbox 3604 5316 3706 5372; x_wconf 66' lang='grc' dir='ltr'>καὶ</span> 
     </span>
    </p>
   </div>
   <div class='ocr_carea' id='block_1_94' title="bbox 2121 5430 3707 5504">
    <p class='ocr_par' dir='ltr' id='par_1_94' title="bbox 2121 5430 3707 5504">
     <span class='ocr_line' id='line_1_94' title="bbox 2121 5430 3707 5504; baseline 0.001 -19"><span class='ocrx_word' id='word_1_684' title='bbox 2121 5433 2256 5501; x_wconf 83' lang='grc' dir='ltr'>πυρὶ</span> <span class='ocrx_word' id='word_1_685' title='bbox 2284 5431 2702 5500; x_wconf 78' lang='grc' dir='ltr'>ἀναλισκόντων,</span> <span class='ocrx_word' id='word_1_686' title='bbox 2727 5434 2819 5489; x_wconf 77' lang='grc' dir='ltr'>καὶ</span> <span class='ocrx_word' id='word_1_687' title='bbox 2842 5434 3042 5498; x_wconf 85' lang='grc' dir='ltr'>τόπους</span> <span class='ocrx_word' id='word_1_688' title='bbox 3079 5435 3142 5488; x_wconf 81' lang='grc' dir='ltr'>ἐκ</span> <span class='ocrx_word' id='word_1_689' title='bbox 3168 5433 3350 5487; x_wconf 83' lang='grc' dir='ltr'>τόπων</span> <span class='ocrx_word' id='word_1_690' title='bbox 3371 5430 3707 5504; x_wconf 78' lang='grc' dir='ltr'>ἀμείϐομεν,</span> 
     </span>
    </p>
   </div>
   <div class='ocr_carea' id='block_1_95' title="bbox 2195 5655 2639 5722">
    <p class='ocr_par' dir='ltr' id='par_1_95' title="bbox 2195 5655 2639 5722">
     <span class='ocr_line' id='line_1_95' title="bbox 2195 5655 2639 5722; baseline -0.014 -13"><span class='ocrx_word' id='word_1_691' title='bbox 2195 5657 2218 5689; x_wconf 73' lang='grc' dir='ltr'><strong><em>ε</em></strong></span> <span class='ocrx_word' id='word_1_692' title='bbox 2234 5655 2429 5708; x_wconf 80' lang='lat' dir='ltr'>Coislin.</span> <span class='ocrx_word' id='word_1_693' title='bbox 2458 5658 2639 5722; x_wconf 75' lang='grc' dir='ltr'>πάσχῃ.</span> 
     </span>
    </p>
   </div>
  </div>
