  <div class='ocr_page' id='page_1' title='image "/cluster/home/n/w/nwhite01/storage/ocr_20150623/52/hvd.32044073501918/262.png"; bbox 0 0 4058 6218; ppageno 0'>
   <div class='ocr_carea' id='block_1_1' title="bbox 282 177 381 235">
    <p class='ocr_par' dir='ltr' id='par_1_1' title="bbox 282 177 381 235">
     <span class='ocr_line' id='line_1_1' title="bbox 282 177 381 235; baseline 0.01 -1"><span class='ocrx_word' id='word_1_1' title='bbox 282 177 381 235; x_wconf 73' lang='lat' dir='ltr'><strong>6M</strong></span> 
     </span>
    </p>
   </div>
   <div class='ocr_carea' id='block_1_2' title="bbox 276 287 1866 362">
    <p class='ocr_par' dir='ltr' id='par_1_2' title="bbox 276 287 1866 362">
     <span class='ocr_line' id='line_1_2' title="bbox 276 287 1866 362; baseline -0.003 -13"><span class='ocrx_word' id='word_1_2' title='bbox 276 307 418 357; x_wconf 81' lang='lat' dir='ltr'><strong>mus,</strong></span> <span class='ocrx_word' id='word_1_3' title='bbox 448 292 701 362; x_wconf 86' lang='lat' dir='ltr'><strong>quoniam</strong></span> <span class='ocrx_word' id='word_1_4' title='bbox 738 291 809 347; x_wconf 84' lang='lat' dir='ltr'><strong>de</strong></span> <span class='ocrx_word' id='word_1_5' title='bbox 837 298 924 346; x_wconf 86' lang='lat' dir='ltr'><strong>tua</strong></span> <span class='ocrx_word' id='word_1_6' title='bbox 974 288 1240 360; x_wconf 72' lang='lat' dir='ltr'><strong>totiusque</strong></span> <span class='ocrx_word' id='word_1_7' title='bbox 1281 287 1473 345; x_wconf 84' lang='lat' dir='ltr'><strong>domus</strong></span> <span class='ocrx_word' id='word_1_8' title='bbox 1518 297 1621 345; x_wconf 66' lang='lat' dir='ltr'><strong>tua:</strong></span> <span class='ocrx_word' id='word_1_9' title='bbox 1664 292 1866 346; x_wconf 84' lang='lat' dir='ltr'><strong>valetu-</strong></span> 
     </span>
    </p>
   </div>
   <div class='ocr_carea' id='block_1_3' title="bbox 272 380 1870 454">
    <p class='ocr_par' dir='ltr' id='par_1_3' title="bbox 272 380 1870 454">
     <span class='ocr_line' id='line_1_3' title="bbox 272 380 1870 454; baseline -0.004 -11"><span class='ocrx_word' id='word_1_10' title='bbox 272 390 405 445; x_wconf 93' lang='lat' dir='ltr'><strong>dine</strong></span> <span class='ocrx_word' id='word_1_11' title='bbox 446 384 664 442; x_wconf 84' lang='lat' dir='ltr'><strong>assidue</strong></span> <span class='ocrx_word' id='word_1_12' title='bbox 713 381 909 454; x_wconf 90' lang='lat' dir='ltr'><strong>aliquid</strong></span> <span class='ocrx_word' id='word_1_13' title='bbox 971 381 1159 437; x_wconf 91' lang='lat' dir='ltr'><strong>audire</strong></span> <span class='ocrx_word' id='word_1_14' title='bbox 1209 380 1552 437; x_wconf 88' lang='lat' dir='ltr'><strong>vehementer</strong></span> <span class='ocrx_word' id='word_1_15' title='bbox 1595 382 1870 438; x_wconf 87' lang='lat' dir='ltr'><strong>desidera-</strong></span> 
     </span>
    </p>
   </div>
   <div class='ocr_carea' id='block_1_4' title="bbox 277 493 423 535">
    <p class='ocr_par' dir='ltr' id='par_1_4' title="bbox 277 493 423 535">
     <span class='ocr_line' id='line_1_4' title="bbox 277 493 423 535; baseline -0.007 -1"><span class='ocrx_word' id='word_1_16' title='bbox 277 493 423 535; x_wconf 88' lang='lat' dir='ltr'><strong>mus.</strong></span> 
     </span>
    </p>
   </div>
   <div class='ocr_carea' id='block_1_5' title="bbox 274 603 1866 679">
    <p class='ocr_par' dir='ltr' id='par_1_5' title="bbox 274 603 1866 679">
     <span class='ocr_line' id='line_1_5' title="bbox 274 603 1866 679; baseline -0.001 -14"><span class='ocrx_word' id='word_1_17' title='bbox 274 608 500 665; x_wconf 79' lang='lat' dir='ltr'><strong>LVIII.</strong></span> <span class='ocrx_word' id='word_1_18' title='bbox 530 607 816 664; x_wconf 77' lang='lat' dir='ltr'><strong>Theodosio</strong></span> <span class='ocrx_word' id='word_1_19' title='bbox 852 621 917 662; x_wconf 78' lang='lat' dir='ltr'><strong>ea:</strong></span> <span class='ocrx_word' id='word_1_20' title='bbox 942 604 1151 660; x_wconf 78' lang='lat' dir='ltr'><strong>ducibus</strong></span> <span class='ocrx_word' id='word_1_21' title='bbox 1193 603 1295 678; x_wconf 91' lang='lat' dir='ltr'><strong>(a).</strong></span> <span class='ocrx_word' id='word_1_22' title='bbox 1339 605 1445 679; x_wconf 76' lang='lat' dir='ltr'><strong>(Ab</strong></span> <span class='ocrx_word' id='word_1_23' title='bbox 1470 620 1613 662; x_wconf 84' lang='lat' dir='ltr'><strong>anno</strong></span> <span class='ocrx_word' id='word_1_24' title='bbox 1654 608 1756 664; x_wconf 68' lang='grc'><strong>404</strong></span> <span class='ocrx_word' id='word_1_25' title='bbox 1801 608 1866 664; x_wconf 89' lang='lat' dir='ltr'><strong>ad</strong></span> 
     </span>
    </p>
   </div>
   <div class='ocr_carea' id='block_1_6' title="bbox 993 697 1144 769">
    <p class='ocr_par' dir='ltr' id='par_1_6' title="bbox 993 697 1144 769">
     <span class='ocr_line' id='line_1_6' title="bbox 993 697 1144 769; baseline -0.02 -14"><span class='ocrx_word' id='word_1_26' title='bbox 993 697 1144 769; x_wconf 73' lang='lat'><strong>407.)</strong></span> 
     </span>
    </p>
   </div>
   <div class='ocr_carea' id='block_1_7' title="bbox 345 834 1869 903">
    <p class='ocr_par' dir='ltr' id='par_1_7' title="bbox 345 834 1869 903">
     <span class='ocr_line' id='line_1_7' title="bbox 345 834 1869 903; baseline 0.001 -11"><span class='ocrx_word' id='word_1_27' title='bbox 345 836 512 892; x_wconf 78' lang='lat' dir='ltr'><strong>Multo</strong></span> <span class='ocrx_word' id='word_1_28' title='bbox 549 837 708 892; x_wconf 88' lang='lat' dir='ltr'><strong>melle</strong></span> <span class='ocrx_word' id='word_1_29' title='bbox 734 836 916 891; x_wconf 76' lang='lat' dir='ltr'><strong>literas</strong></span> <span class='ocrx_word' id='word_1_30' title='bbox 952 842 1071 890; x_wconf 90' lang='lat' dir='ltr'><strong>tuas</strong></span> <span class='ocrx_word' id='word_1_31' title='bbox 1116 834 1386 901; x_wconf 90' lang='lat' dir='ltr'><strong>condiisti,</strong></span> <span class='ocrx_word' id='word_1_32' title='bbox 1410 836 1529 903; x_wconf 89' lang='lat' dir='ltr'><strong>vel,</strong></span> <span class='ocrx_word' id='word_1_33' title='bbox 1570 846 1631 892; x_wconf 93' lang='lat' dir='ltr'><strong>ut</strong></span> <span class='ocrx_word' id='word_1_34' title='bbox 1671 839 1869 895; x_wconf 89' lang='lat' dir='ltr'><strong>rectius</strong></span> 
     </span>
    </p>
   </div>
   <div class='ocr_carea' id='block_1_8' title="bbox 271 926 1864 1001">
    <p class='ocr_par' dir='ltr' id='par_1_8' title="bbox 271 926 1864 1001">
     <span class='ocr_line' id='line_1_8' title="bbox 271 926 1864 1001; baseline -0.001 -15"><span class='ocrx_word' id='word_1_35' title='bbox 271 933 483 1001; x_wconf 91' lang='lat' dir='ltr'><strong>loquar,</strong></span> <span class='ocrx_word' id='word_1_36' title='bbox 533 930 692 984; x_wconf 92' lang='lat' dir='ltr'><strong>melle</strong></span> <span class='ocrx_word' id='word_1_37' title='bbox 719 928 984 985; x_wconf 87' lang='lat' dir='ltr'><strong>dulciores</strong></span> <span class='ocrx_word' id='word_1_38' title='bbox 1012 942 1104 983; x_wconf 86' lang='lat' dir='ltr'><strong>eas</strong></span> <span class='ocrx_word' id='word_1_39' title='bbox 1143 926 1386 983; x_wconf 84' lang='lat' dir='ltr'><strong>effecisti.</strong></span> <span class='ocrx_word' id='word_1_40' title='bbox 1432 928 1532 984; x_wconf 86' lang='lat' dir='ltr'><strong>Mel</strong></span> <span class='ocrx_word' id='word_1_41' title='bbox 1561 930 1756 1000; x_wconf 85' lang='lat' dir='ltr'><strong>quippe</strong></span> <span class='ocrx_word' id='word_1_42' title='bbox 1777 931 1864 999; x_wconf 92' lang='lat' dir='ltr'><strong>iis,</strong></span> 
     </span>
    </p>
   </div>
   <div class='ocr_carea' id='block_1_9' title="bbox 266 1017 1868 1091">
    <p class='ocr_par' dir='ltr' id='par_1_9' title="bbox 266 1017 1868 1091">
     <span class='ocr_line' id='line_1_9' title="bbox 266 1017 1868 1091; baseline 0.003 -19"><span class='ocrx_word' id='word_1_43' title='bbox 266 1021 363 1090; x_wconf 90' lang='lat' dir='ltr'><strong>qui</strong></span> <span class='ocrx_word' id='word_1_44' title='bbox 394 1019 563 1091; x_wconf 84' lang='lat' dir='ltr'><strong>ipsius</strong></span> <span class='ocrx_word' id='word_1_45' title='bbox 587 1018 868 1074; x_wconf 84' lang='lat' dir='ltr'><strong>dulcedine</strong></span> <span class='ocrx_word' id='word_1_46' title='bbox 892 1017 1107 1073; x_wconf 87' lang='lat' dir='ltr'><strong>assidue</strong></span> <span class='ocrx_word' id='word_1_47' title='bbox 1150 1017 1416 1085; x_wconf 88' lang='lat' dir='ltr'><strong>fruuntur,</strong></span> <span class='ocrx_word' id='word_1_48' title='bbox 1448 1034 1554 1074; x_wconf 91' lang='lat' dir='ltr'><strong>non</strong></span> <span class='ocrx_word' id='word_1_49' title='bbox 1575 1020 1687 1088; x_wconf 84' lang='lat' dir='ltr'><strong>jam</strong></span> <span class='ocrx_word' id='word_1_50' title='bbox 1716 1036 1868 1091; x_wconf 71' lang='lat' dir='ltr'><strong>teque</strong></span> 
     </span>
    </p>
   </div>
   <div class='ocr_carea' id='block_1_10' title="bbox 265 1111 1866 1182">
    <p class='ocr_par' dir='ltr' id='par_1_10' title="bbox 265 1111 1866 1182">
     <span class='ocr_line' id='line_1_10' title="bbox 265 1111 1866 1182; baseline 0 -15"><span class='ocrx_word' id='word_1_51' title='bbox 265 1114 430 1170; x_wconf 90' lang='lat' dir='ltr'><strong>dulce</strong></span> <span class='ocrx_word' id='word_1_52' title='bbox 455 1128 576 1170; x_wconf 90' lang='lat' dir='ltr'><strong>esse</strong></span> <span class='ocrx_word' id='word_1_53' title='bbox 599 1111 826 1177; x_wconf 89' lang='lat' dir='ltr'><strong>videtur,</strong></span> <span class='ocrx_word' id='word_1_54' title='bbox 861 1113 1141 1168; x_wconf 81' lang='lat' dir='ltr'><strong>saturitate</strong></span> <span class='ocrx_word' id='word_1_55' title='bbox 1172 1113 1420 1167; x_wconf 88' lang='lat' dir='ltr'><strong>nimirum</strong></span> <span class='ocrx_word' id='word_1_56' title='bbox 1448 1113 1736 1182; x_wconf 84' lang='lat' dir='ltr'><strong>voluptatis</strong></span> <span class='ocrx_word' id='word_1_57' title='bbox 1761 1114 1866 1168; x_wconf 85' lang='lat' dir='ltr'><strong>vim</strong></span> 
     </span>
    </p>
   </div>
   <div class='ocr_carea' id='block_1_11' title="bbox 266 1202 1866 1275">
    <p class='ocr_par' dir='ltr' id='par_1_11' title="bbox 266 1202 1866 1275">
     <span class='ocr_line' id='line_1_11' title="bbox 266 1202 1866 1275; baseline -0.002 -14"><span class='ocrx_word' id='word_1_58' title='bbox 266 1206 611 1275; x_wconf 84' lang='lat' dir='ltr'><strong>opprimente</strong></span> <span class='ocrx_word' id='word_1_59' title='bbox 642 1220 657 1259; x_wconf 88' lang='lat'><strong>:</strong></span> <span class='ocrx_word' id='word_1_60' title='bbox 688 1214 743 1259; x_wconf 92' lang='lat' dir='ltr'><strong>at</strong></span> <span class='ocrx_word' id='word_1_61' title='bbox 771 1204 938 1259; x_wconf 74' lang='lat' dir='ltr'><strong>litera:</strong></span> <span class='ocrx_word' id='word_1_62' title='bbox 968 1213 1073 1259; x_wconf 74' lang='lat' dir='ltr'><strong>tua:</strong></span> <span class='ocrx_word' id='word_1_63' title='bbox 1112 1202 1291 1257; x_wconf 66' lang='lat' dir='ltr'><strong>laetum</strong></span> <span class='ocrx_word' id='word_1_64' title='bbox 1323 1204 1477 1259; x_wconf 92' lang='lat' dir='ltr'><strong>nobis</strong></span> <span class='ocrx_word' id='word_1_65' title='bbox 1505 1203 1574 1258; x_wconf 89' lang='lat' dir='ltr'><strong>de</strong></span> <span class='ocrx_word' id='word_1_66' title='bbox 1617 1212 1705 1259; x_wconf 90' lang='lat' dir='ltr'><strong>tua</strong></span> <span class='ocrx_word' id='word_1_67' title='bbox 1742 1219 1866 1273; x_wconf 87' lang='lat' dir='ltr'><strong>pro-</strong></span> 
     </span>
    </p>
   </div>
   <div class='ocr_carea' id='block_1_12' title="bbox 269 1294 1867 1369">
    <p class='ocr_par' dir='ltr' id='par_1_12' title="bbox 269 1294 1867 1369">
     <span class='ocr_line' id='line_1_12' title="bbox 269 1294 1867 1369; baseline -0.001 -17"><span class='ocrx_word' id='word_1_68' title='bbox 269 1313 431 1369; x_wconf 81' lang='lat' dir='ltr'><strong>spera</strong></span> <span class='ocrx_word' id='word_1_69' title='bbox 477 1296 783 1352; x_wconf 83' lang='lat' dir='ltr'><strong>valetudine</strong></span> <span class='ocrx_word' id='word_1_70' title='bbox 826 1295 1071 1349; x_wconf 89' lang='lat' dir='ltr'><strong>nuntium</strong></span> <span class='ocrx_word' id='word_1_71' title='bbox 1115 1294 1416 1361; x_wconf 78' lang='lat' dir='ltr'><strong>afferentes,</strong></span> <span class='ocrx_word' id='word_1_72' title='bbox 1465 1303 1669 1349; x_wconf 83' lang='lat' dir='ltr'><strong>tantum</strong></span> <span class='ocrx_word' id='word_1_73' title='bbox 1706 1295 1772 1350; x_wconf 88' lang='lat' dir='ltr'><strong>ab</strong></span> <span class='ocrx_word' id='word_1_74' title='bbox 1799 1309 1867 1350; x_wconf 93' lang='lat' dir='ltr'><strong>eo</strong></span> 
     </span>
    </p>
   </div>
   <div class='ocr_carea' id='block_1_13' title="bbox 268 1383 1867 1454">
    <p class='ocr_par' dir='ltr' id='par_1_13' title="bbox 268 1383 1867 1454">
     <span class='ocr_line' id='line_1_13' title="bbox 268 1383 1867 1454; baseline -0.002 -14"><span class='ocrx_word' id='word_1_75' title='bbox 268 1388 487 1451; x_wconf 89' lang='lat' dir='ltr'><strong>absunt,</strong></span> <span class='ocrx_word' id='word_1_76' title='bbox 519 1395 576 1441; x_wconf 91' lang='lat' dir='ltr'><strong>ut</strong></span> <span class='ocrx_word' id='word_1_77' title='bbox 606 1385 709 1441; x_wconf 89' lang='lat' dir='ltr'><strong>hoc</strong></span> <span class='ocrx_word' id='word_1_78' title='bbox 752 1383 1009 1448; x_wconf 83' lang='lat' dir='ltr'><strong>efficiant,</strong></span> <span class='ocrx_word' id='word_1_79' title='bbox 1039 1392 1099 1438; x_wconf 89' lang='lat' dir='ltr'><strong>ut</strong></span> <span class='ocrx_word' id='word_1_80' title='bbox 1137 1393 1247 1438; x_wconf 92' lang='lat' dir='ltr'><strong>tum</strong></span> <span class='ocrx_word' id='word_1_81' title='bbox 1276 1384 1597 1454; x_wconf 69' lang='lat' dir='ltr'><strong>prmteritam</strong></span> <span class='ocrx_word' id='word_1_82' title='bbox 1625 1384 1867 1454; x_wconf 84' lang='lat' dir='ltr'><strong>volupta-</strong></span> 
     </span>
    </p>
   </div>
   <div class='ocr_carea' id='block_1_14' title="bbox 270 1472 1867 1546">
    <p class='ocr_par' dir='ltr' id='par_1_14' title="bbox 270 1472 1867 1546">
     <span class='ocr_line' id='line_1_14' title="bbox 270 1472 1867 1546; baseline -0.001 -16"><span class='ocrx_word' id='word_1_83' title='bbox 270 1487 380 1530; x_wconf 86' lang='lat' dir='ltr'><strong>tem</strong></span> <span class='ocrx_word' id='word_1_84' title='bbox 425 1475 581 1531; x_wconf 89' lang='lat' dir='ltr'><strong>nobis</strong></span> <span class='ocrx_word' id='word_1_85' title='bbox 615 1483 880 1546; x_wconf 76' lang='lat' dir='ltr'><strong>augeant,</strong></span> <span class='ocrx_word' id='word_1_86' title='bbox 920 1489 1041 1529; x_wconf 92' lang='lat' dir='ltr'><strong>cum</strong></span> <span class='ocrx_word' id='word_1_87' title='bbox 1086 1472 1414 1544; x_wconf 82' lang='lat' dir='ltr'><strong>frequentius</strong></span> <span class='ocrx_word' id='word_1_88' title='bbox 1445 1473 1745 1528; x_wconf 91' lang='lat' dir='ltr'><strong>mittuntur.</strong></span> <span class='ocrx_word' id='word_1_89' title='bbox 1790 1476 1867 1529; x_wconf 84' lang='lat' dir='ltr'><strong>Ac</strong></span> 
     </span>
    </p>
   </div>
   <div class='ocr_carea' id='block_1_15' title="bbox 272 1564 1867 1637">
    <p class='ocr_par' dir='ltr' id='par_1_15' title="bbox 272 1564 1867 1637">
     <span class='ocr_line' id='line_1_15' title="bbox 272 1564 1867 1637; baseline 0.001 -17"><span class='ocrx_word' id='word_1_90' title='bbox 272 1577 328 1620; x_wconf 89' lang='lat' dir='ltr'><strong>tu</strong></span> <span class='ocrx_word' id='word_1_91' title='bbox 357 1565 572 1637; x_wconf 87' lang='lat' dir='ltr'><strong>quidem</strong></span> <span class='ocrx_word' id='word_1_92' title='bbox 598 1564 876 1637; x_wconf 86' lang='lat' dir='ltr'><strong>epistolam</strong></span> <span class='ocrx_word' id='word_1_93' title='bbox 908 1580 1084 1620; x_wconf 84' lang='lat' dir='ltr'><strong>meam</strong></span> <span class='ocrx_word' id='word_1_94' title='bbox 1114 1565 1450 1620; x_wconf 84' lang='lat' dir='ltr'><strong>exosculatus</strong></span> <span class='ocrx_word' id='word_1_95' title='bbox 1477 1579 1537 1621; x_wconf 88' lang='lat' dir='ltr'><strong>es</strong></span> <span class='ocrx_word' id='word_1_96' title='bbox 1569 1583 1583 1620; x_wconf 91' lang='lat'>:</span> <span class='ocrx_word' id='word_1_97' title='bbox 1614 1579 1714 1637; x_wconf 85' lang='lat' dir='ltr'><strong>ego</strong></span> <span class='ocrx_word' id='word_1_98' title='bbox 1740 1581 1867 1622; x_wconf 90' lang='lat' dir='ltr'><strong>vero</strong></span> 
     </span>
    </p>
   </div>
   <div class='ocr_carea' id='block_1_16' title="bbox 270 1654 1867 1726">
    <p class='ocr_par' dir='ltr' id='par_1_16' title="bbox 270 1654 1867 1726">
     <span class='ocr_line' id='line_1_16' title="bbox 270 1654 1867 1726; baseline 0.001 -17"><span class='ocrx_word' id='word_1_99' title='bbox 270 1664 326 1711; x_wconf 89' lang='lat' dir='ltr'><strong>te</strong></span> <span class='ocrx_word' id='word_1_100' title='bbox 368 1658 539 1726; x_wconf 90' lang='lat' dir='ltr'><strong>ipsum</strong></span> <span class='ocrx_word' id='word_1_101' title='bbox 586 1654 825 1726; x_wconf 68' lang='lat' dir='ltr'><strong>epistolae</strong></span> <span class='ocrx_word' id='word_1_102' title='bbox 853 1662 1060 1724; x_wconf 90' lang='lat' dir='ltr'><strong>patrem</strong></span> <span class='ocrx_word' id='word_1_103' title='bbox 1103 1665 1325 1725; x_wconf 88' lang='lat' dir='ltr'><strong>utraque</strong></span> <span class='ocrx_word' id='word_1_104' title='bbox 1354 1670 1513 1711; x_wconf 89' lang='lat' dir='ltr'><strong>mauu</strong></span> <span class='ocrx_word' id='word_1_105' title='bbox 1557 1655 1867 1726; x_wconf 86' lang='lat' dir='ltr'><strong>complexus</strong></span> 
     </span>
    </p>
   </div>
   <div class='ocr_carea' id='block_1_17' title="bbox 267 1746 1866 1819">
    <p class='ocr_par' dir='ltr' id='par_1_17' title="bbox 267 1746 1866 1819">
     <span class='ocr_line' id='line_1_17' title="bbox 267 1746 1866 1819; baseline -0.001 -18"><span class='ocrx_word' id='word_1_106' title='bbox 267 1763 416 1814; x_wconf 83' lang='lat' dir='ltr'><strong>sum,</strong></span> <span class='ocrx_word' id='word_1_107' title='bbox 447 1747 691 1819; x_wconf 89' lang='lat' dir='ltr'><strong>colloque</strong></span> <span class='ocrx_word' id='word_1_108' title='bbox 723 1756 815 1803; x_wconf 90' lang='lat' dir='ltr'><strong>tuo</strong></span> <span class='ocrx_word' id='word_1_109' title='bbox 842 1746 1214 1812; x_wconf 88' lang='lat' dir='ltr'><strong>circumfusus,</strong></span> <span class='ocrx_word' id='word_1_110' title='bbox 1242 1760 1531 1815; x_wconf 85' lang='lat' dir='ltr'><strong>carumque</strong></span> <span class='ocrx_word' id='word_1_111' title='bbox 1549 1746 1677 1800; x_wconf 92' lang='lat' dir='ltr'><strong>mihi</strong></span> <span class='ocrx_word' id='word_1_112' title='bbox 1706 1755 1866 1814; x_wconf 81' lang='lat' dir='ltr'><strong>caput</strong></span> 
     </span>
    </p>
   </div>
   <div class='ocr_carea' id='block_1_18' title="bbox 266 1838 1868 1909">
    <p class='ocr_par' dir='ltr' id='par_1_18' title="bbox 266 1838 1868 1909">
     <span class='ocr_line' id='line_1_18' title="bbox 266 1838 1868 1909; baseline -0.001 -14"><span class='ocrx_word' id='word_1_113' title='bbox 266 1840 650 1908; x_wconf 76' lang='lat' dir='ltr'><strong>exosculatus,</strong></span> <span class='ocrx_word' id='word_1_114' title='bbox 706 1840 975 1909; x_wconf 85' lang='lat' dir='ltr'><strong>ingentem</strong></span> <span class='ocrx_word' id='word_1_115' title='bbox 1027 1839 1447 1895; x_wconf 85' lang='lat' dir='ltr'><strong>consolationem</strong></span> <span class='ocrx_word' id='word_1_116' title='bbox 1499 1839 1735 1909; x_wconf 85' lang='lat' dir='ltr'><strong>percepi.</strong></span> <span class='ocrx_word' id='word_1_117' title='bbox 1779 1838 1868 1894; x_wconf 87' lang='lat' dir='ltr'><strong>Sic</strong></span> 
     </span>
    </p>
   </div>
   <div class='ocr_carea' id='block_1_19' title="bbox 265 1928 1862 1998">
    <p class='ocr_par' dir='ltr' id='par_1_19' title="bbox 265 1928 1862 1998">
     <span class='ocr_line' id='line_1_19' title="bbox 265 1928 1862 1998; baseline -0.001 -13"><span class='ocrx_word' id='word_1_118' title='bbox 265 1931 416 1985; x_wconf 91' lang='lat' dir='ltr'><strong>enim</strong></span> <span class='ocrx_word' id='word_1_119' title='bbox 445 1931 666 1986; x_wconf 84' lang='lat' dir='ltr'><strong>aﬂ&#39;ectus</strong></span> <span class='ocrx_word' id='word_1_120' title='bbox 695 1945 864 1996; x_wconf 91' lang='lat' dir='ltr'><strong>eram,</strong></span> <span class='ocrx_word' id='word_1_121' title='bbox 891 1938 947 1984; x_wconf 90' lang='lat' dir='ltr'><strong>ut</strong></span> <span class='ocrx_word' id='word_1_122' title='bbox 976 1944 1082 1984; x_wconf 90' lang='lat' dir='ltr'><strong>non</strong></span> <span class='ocrx_word' id='word_1_123' title='bbox 1112 1928 1391 1998; x_wconf 84' lang='lat' dir='ltr'><strong>epistolam</strong></span> <span class='ocrx_word' id='word_1_124' title='bbox 1419 1928 1693 1984; x_wconf 80' lang='lat' dir='ltr'><strong>dumtaxat</strong></span> <span class='ocrx_word' id='word_1_125' title='bbox 1720 1938 1862 1984; x_wconf 86' lang='lat' dir='ltr'><strong>tuam</strong></span> 
     </span>
    </p>
   </div>
   <div class='ocr_carea' id='block_1_20' title="bbox 267 2020 1862 2093">
    <p class='ocr_par' dir='ltr' id='par_1_20' title="bbox 267 2020 1862 2093">
     <span class='ocr_line' id='line_1_20' title="bbox 267 2020 1862 2093; baseline -0.001 -17"><span class='ocrx_word' id='word_1_126' title='bbox 267 2023 451 2093; x_wconf 79' lang='lat' dir='ltr'><strong>legere</strong></span> <span class='ocrx_word' id='word_1_127' title='bbox 479 2022 788 2091; x_wconf 76' lang='lat' dir='ltr'><strong>arbitrarer,</strong></span> <span class='ocrx_word' id='word_1_128' title='bbox 816 2020 908 2077; x_wconf 90' lang='lat' dir='ltr'><strong>sed</strong></span> <span class='ocrx_word' id='word_1_129' title='bbox 935 2022 1092 2076; x_wconf 89' lang='lat' dir='ltr'><strong>etiam</strong></span> <span class='ocrx_word' id='word_1_130' title='bbox 1121 2029 1170 2074; x_wconf 90' lang='lat' dir='ltr'><strong>te</strong></span> <span class='ocrx_word' id='word_1_131' title='bbox 1206 2021 1378 2089; x_wconf 85' lang='lat' dir='ltr'><strong>ipsum</strong></span> <span class='ocrx_word' id='word_1_132' title='bbox 1407 2020 1617 2087; x_wconf 89' lang='lat' dir='ltr'><strong>adesse,</strong></span> <span class='ocrx_word' id='word_1_133' title='bbox 1654 2036 1719 2077; x_wconf 86' lang='lat' dir='ltr'><strong>ac</strong></span> <span class='ocrx_word' id='word_1_134' title='bbox 1758 2037 1862 2076; x_wconf 82' lang='lat' dir='ltr'><strong>no-</strong></span> 
     </span>
    </p>
   </div>
   <div class='ocr_carea' id='block_1_21' title="bbox 265 2110 1867 2181">
    <p class='ocr_par' dir='ltr' id='par_1_21' title="bbox 265 2110 1867 2181">
     <span class='ocr_line' id='line_1_21' title="bbox 265 2110 1867 2181; baseline 0.003 -18"><span class='ocrx_word' id='word_1_135' title='bbox 265 2112 482 2166; x_wconf 86' lang='lat' dir='ltr'><strong>hiscum</strong></span> <span class='ocrx_word' id='word_1_136' title='bbox 528 2113 753 2167; x_wconf 86' lang='lat' dir='ltr'><strong>versari.</strong></span> <span class='ocrx_word' id='word_1_137' title='bbox 800 2111 966 2167; x_wconf 88' lang='lat' dir='ltr'><strong>Tanta</strong></span> <span class='ocrx_word' id='word_1_138' title='bbox 1014 2110 1252 2181; x_wconf 75' lang='lat' dir='ltr'><strong>epistola:</strong></span> <span class='ocrx_word' id='word_1_139' title='bbox 1293 2111 1376 2166; x_wconf 89' lang='lat' dir='ltr'><strong>vis</strong></span> <span class='ocrx_word' id='word_1_140' title='bbox 1428 2113 1543 2166; x_wconf 79' lang='lat' dir='ltr'><strong>mit.</strong></span> <span class='ocrx_word' id='word_1_141' title='bbox 1592 2112 1867 2181; x_wconf 81' lang='lat' dir='ltr'><strong>Ejusmodi</strong></span> 
     </span>
    </p>
   </div>
   <div class='ocr_carea' id='block_1_22' title="bbox 264 2202 1867 2274">
    <p class='ocr_par' dir='ltr' id='par_1_22' title="bbox 264 2202 1867 2274">
     <span class='ocr_line' id='line_1_22' title="bbox 264 2202 1867 2274; baseline 0.002 -18"><span class='ocrx_word' id='word_1_142' title='bbox 264 2206 472 2274; x_wconf 79' lang='lat' dir='ltr'><strong>quippe</strong></span> <span class='ocrx_word' id='word_1_143' title='bbox 498 2205 724 2259; x_wconf 60' lang='lat' dir='ltr'><strong>sincera:</strong></span> <span class='ocrx_word' id='word_1_144' title='bbox 749 2202 988 2258; x_wconf 88' lang='lat' dir='ltr'><strong>caritatis</strong></span> <span class='ocrx_word' id='word_1_145' title='bbox 1018 2211 1203 2257; x_wconf 87' lang='lat' dir='ltr'><strong>natura</strong></span> <span class='ocrx_word' id='word_1_146' title='bbox 1234 2212 1336 2268; x_wconf 91' lang='lat' dir='ltr'><strong>est,</strong></span> <span class='ocrx_word' id='word_1_147' title='bbox 1362 2210 1421 2256; x_wconf 90' lang='lat' dir='ltr'><strong>ut</strong></span> <span class='ocrx_word' id='word_1_148' title='bbox 1449 2202 1657 2258; x_wconf 91' lang='lat' dir='ltr'><strong>etiamsi</strong></span> <span class='ocrx_word' id='word_1_149' title='bbox 1683 2204 1867 2259; x_wconf 83' lang='lat' dir='ltr'><strong>latices</strong></span> 
     </span>
    </p>
   </div>
   <div class='ocr_carea' id='block_1_23' title="bbox 264 2291 1869 2363">
    <p class='ocr_par' dir='ltr' id='par_1_23' title="bbox 264 2291 1869 2363">
     <span class='ocr_line' id='line_1_23' title="bbox 264 2291 1869 2363; baseline -0.001 -15"><span class='ocrx_word' id='word_1_150' title='bbox 264 2308 402 2349; x_wconf 86' lang='lat' dir='ltr'><strong>suos</strong></span> <span class='ocrx_word' id='word_1_151' title='bbox 428 2309 523 2363; x_wconf 90' lang='lat' dir='ltr'><strong>per</strong></span> <span class='ocrx_word' id='word_1_152' title='bbox 552 2294 735 2349; x_wconf 89' lang='lat' dir='ltr'><strong>literas</strong></span> <span class='ocrx_word' id='word_1_153' title='bbox 781 2291 1087 2363; x_wconf 80' lang='lat' dir='ltr'><strong>profundat,</strong></span> <span class='ocrx_word' id='word_1_154' title='bbox 1137 2291 1189 2345; x_wconf 91' lang='lat' dir='ltr'><strong>id</strong></span> <span class='ocrx_word' id='word_1_155' title='bbox 1220 2292 1433 2357; x_wconf 77' lang='lat' dir='ltr'><strong>efficiat,</strong></span> <span class='ocrx_word' id='word_1_156' title='bbox 1462 2301 1522 2347; x_wconf 90' lang='lat' dir='ltr'><strong>ut</strong></span> <span class='ocrx_word' id='word_1_157' title='bbox 1550 2293 1663 2363; x_wconf 89' lang='lat' dir='ltr'><strong>ipse</strong></span> <span class='ocrx_word' id='word_1_158' title='bbox 1689 2293 1869 2347; x_wconf 88' lang='lat' dir='ltr'><strong>litera-</strong></span> 
     </span>
    </p>
   </div>
   <div class='ocr_carea' id='block_1_24' title="bbox 263 2382 1869 2452">
    <p class='ocr_par' dir='ltr' id='par_1_24' title="bbox 263 2382 1869 2452">
     <span class='ocr_line' id='line_1_24' title="bbox 263 2382 1869 2452; baseline 0.001 -14"><span class='ocrx_word' id='word_1_159' title='bbox 263 2400 397 2438; x_wconf 87' lang='lat' dir='ltr'><strong>rum</strong></span> <span class='ocrx_word' id='word_1_160' title='bbox 430 2384 550 2438; x_wconf 85' lang='lat' dir='ltr'><strong>fons</strong></span> <span class='ocrx_word' id='word_1_161' title='bbox 574 2384 742 2439; x_wconf 87' lang='lat' dir='ltr'><strong>oculis</strong></span> <span class='ocrx_word' id='word_1_162' title='bbox 768 2382 1043 2438; x_wconf 85' lang='lat' dir='ltr'><strong>obversari</strong></span> <span class='ocrx_word' id='word_1_163' title='bbox 1066 2382 1309 2436; x_wconf 84' lang='lat' dir='ltr'><strong>videatur</strong></span> <span class='ocrx_word' id='word_1_164' title='bbox 1332 2382 1501 2452; x_wconf 90' lang='lat' dir='ltr'><strong>:quod</strong></span> <span class='ocrx_word' id='word_1_165' title='bbox 1525 2384 1685 2438; x_wconf 89' lang='lat' dir='ltr'><strong>etiam</strong></span> <span class='ocrx_word' id='word_1_166' title='bbox 1714 2383 1869 2439; x_wconf 86' lang='lat' dir='ltr'><strong>nobis</strong></span> 
     </span>
    </p>
   </div>
   <div class='ocr_carea' id='block_1_25' title="bbox 264 2471 1867 2542">
    <p class='ocr_par' dir='ltr' id='par_1_25' title="bbox 264 2471 1867 2542">
     <span class='ocr_line' id='line_1_25' title="bbox 264 2471 1867 2542; baseline 0 -16"><span class='ocrx_word' id='word_1_167' title='bbox 264 2488 374 2526; x_wconf 87' lang='lat' dir='ltr'><strong>usu</strong></span> <span class='ocrx_word' id='word_1_168' title='bbox 405 2473 573 2526; x_wconf 87' lang='lat' dir='ltr'><strong>venit.</strong></span> <span class='ocrx_word' id='word_1_169' title='bbox 603 2474 678 2526; x_wconf 85' lang='lat' dir='ltr'><strong>Ac</strong></span> <span class='ocrx_word' id='word_1_170' title='bbox 708 2485 881 2541; x_wconf 90' lang='lat' dir='ltr'><strong>neque</strong></span> <span class='ocrx_word' id='word_1_171' title='bbox 923 2471 1180 2541; x_wconf 91' lang='lat' dir='ltr'><strong>temporis</strong></span> <span class='ocrx_word' id='word_1_172' title='bbox 1202 2471 1543 2536; x_wconf 84' lang='lat' dir='ltr'><strong>diuturnitas,</strong></span> <span class='ocrx_word' id='word_1_173' title='bbox 1575 2486 1747 2542; x_wconf 91' lang='lat' dir='ltr'><strong>neque</strong></span> <span class='ocrx_word' id='word_1_174' title='bbox 1776 2473 1867 2527; x_wconf 83' lang='lat' dir='ltr'><strong>iti-</strong></span> 
     </span>
    </p>
   </div>
   <div class='ocr_carea' id='block_1_26' title="bbox 267 2562 1866 2634">
    <p class='ocr_par' dir='ltr' id='par_1_26' title="bbox 267 2562 1866 2634">
     <span class='ocr_line' id='line_1_26' title="bbox 267 2562 1866 2634; baseline 0.001 -16"><span class='ocrx_word' id='word_1_175' title='bbox 267 2564 423 2618; x_wconf 88' lang='lat' dir='ltr'><strong>neris</strong></span> <span class='ocrx_word' id='word_1_176' title='bbox 466 2562 786 2634; x_wconf 88' lang='lat' dir='ltr'><strong>lo’ngitudo,</strong></span> <span class='ocrx_word' id='word_1_177' title='bbox 833 2578 1006 2632; x_wconf 89' lang='lat' dir='ltr'><strong>neque</strong></span> <span class='ocrx_word' id='word_1_178' title='bbox 1052 2562 1386 2633; x_wconf 80' lang='lat' dir='ltr'><strong>negotiorum</strong></span> <span class='ocrx_word' id='word_1_179' title='bbox 1428 2562 1765 2619; x_wconf 80' lang='lat' dir='ltr'><strong>difficultates</strong></span> <span class='ocrx_word' id='word_1_180' title='bbox 1804 2578 1866 2619; x_wconf 89' lang='lat' dir='ltr'><strong>ac</strong></span> 
     </span>
    </p>
   </div>
   <div class='ocr_carea' id='block_1_27' title="bbox 267 2651 1867 2725">
    <p class='ocr_par' dir='ltr' id='par_1_27' title="bbox 267 2651 1867 2725">
     <span class='ocr_line' id='line_1_27' title="bbox 267 2651 1867 2725; baseline -0.001 -15"><span class='ocrx_word' id='word_1_181' title='bbox 267 2654 561 2721; x_wconf 72' lang='lat' dir='ltr'><strong>iunlcstim,</strong></span> <span class='ocrx_word' id='word_1_182' title='bbox 590 2669 689 2709; x_wconf 90' lang='lat' dir='ltr'><strong>nec</strong></span> <span class='ocrx_word' id='word_1_183' title='bbox 714 2654 945 2725; x_wconf 90' lang='lat' dir='ltr'><strong>denique</strong></span> <span class='ocrx_word' id='word_1_184' title='bbox 965 2653 1108 2708; x_wconf 90' lang='lat' dir='ltr'><strong>aliud</strong></span> <span class='ocrx_word' id='word_1_185' title='bbox 1144 2651 1453 2723; x_wconf 88' lang='lat' dir='ltr'><strong>quidquam,</strong></span> <span class='ocrx_word' id='word_1_186' title='bbox 1483 2669 1589 2724; x_wconf 93' lang='lat' dir='ltr'><strong>quo</strong></span> <span class='ocrx_word' id='word_1_187' title='bbox 1611 2654 1785 2708; x_wconf 88' lang='lat' dir='ltr'><strong>minus</strong></span> <span class='ocrx_word' id='word_1_188' title='bbox 1815 2654 1867 2708; x_wconf 92' lang='lat' dir='ltr'><strong>id</strong></span> 
     </span>
    </p>
   </div>
   <div class='ocr_carea' id='block_1_28' title="bbox 266 2743 1871 2816">
    <p class='ocr_par' dir='ltr' id='par_1_28' title="bbox 266 2743 1871 2816">
     <span class='ocr_line' id='line_1_28' title="bbox 266 2743 1871 2816; baseline -0.001 -14"><span class='ocrx_word' id='word_1_189' title='bbox 266 2748 431 2802; x_wconf 86' lang='lat' dir='ltr'><strong>nobis</strong></span> <span class='ocrx_word' id='word_1_190' title='bbox 481 2745 860 2816; x_wconf 89' lang='lat' dir='ltr'><strong>contingeret,</strong></span> <span class='ocrx_word' id='word_1_191' title='bbox 904 2743 1286 2814; x_wconf 89' lang='lat' dir='ltr'><strong>impedimento</strong></span> <span class='ocrx_word' id='word_1_192' title='bbox 1342 2760 1463 2800; x_wconf 79' lang='lat' dir='ltr'><strong>esse</strong></span> <span class='ocrx_word' id='word_1_193' title='bbox 1510 2745 1700 2814; x_wconf 90' lang='lat' dir='ltr'><strong>potuit.</strong></span> <span class='ocrx_word' id='word_1_194' title='bbox 1746 2744 1871 2800; x_wconf 68' lang='lat' dir='ltr'><strong>&quot;asc</strong></span> 
     </span>
    </p>
   </div>
   <div class='ocr_carea' id='block_1_29' title="bbox 271 2834 1867 2908">
    <p class='ocr_par' dir='ltr' id='par_1_29' title="bbox 271 2834 1867 2908">
     <span class='ocr_line' id='line_1_29' title="bbox 271 2834 1867 2908; baseline -0.001 -17"><span class='ocrx_word' id='word_1_195' title='bbox 271 2838 442 2908; x_wconf 83' lang='lat' dir='ltr'><strong>igitur</strong></span> <span class='ocrx_word' id='word_1_196' title='bbox 466 2850 587 2890; x_wconf 89' lang='lat' dir='ltr'><strong>cum</strong></span> <span class='ocrx_word' id='word_1_197' title='bbox 628 2836 786 2900; x_wconf 89' lang='lat' dir='ltr'><strong>scias,</strong></span> <span class='ocrx_word' id='word_1_198' title='bbox 827 2834 1045 2890; x_wconf 89' lang='lat' dir='ltr'><strong>domine</strong></span> <span class='ocrx_word' id='word_1_199' title='bbox 1081 2834 1152 2889; x_wconf 93' lang='lat' dir='ltr'><strong>mi</strong></span> <span class='ocrx_word' id='word_1_200' title='bbox 1193 2834 1503 2904; x_wconf 89' lang='lat' dir='ltr'><strong>cumprimis</strong></span> <span class='ocrx_word' id='word_1_201' title='bbox 1534 2834 1867 2905; x_wconf 85' lang='lat' dir='ltr'><strong>admirando,</strong></span> 
     </span>
    </p>
   </div>
   <div class='ocr_carea' id='block_1_30' title="bbox 266 2924 1865 2998">
    <p class='ocr_par' dir='ltr' id='par_1_30' title="bbox 266 2924 1865 2998">
     <span class='ocr_line' id='line_1_30' title="bbox 266 2924 1865 2998; baseline -0.001 -17"><span class='ocrx_word' id='word_1_202' title='bbox 266 2944 339 2983; x_wconf 92' lang='lat' dir='ltr'><strong>ne</strong></span> <span class='ocrx_word' id='word_1_203' title='bbox 368 2936 425 2983; x_wconf 90' lang='lat' dir='ltr'><strong>te</strong></span> <span class='ocrx_word' id='word_1_204' title='bbox 453 2942 636 2998; x_wconf 61' lang='lat' dir='ltr'><strong>quaeso</strong></span> <span class='ocrx_word' id='word_1_205' title='bbox 661 2928 729 2983; x_wconf 92' lang='lat' dir='ltr'><strong>de</strong></span> <span class='ocrx_word' id='word_1_206' title='bbox 760 2935 849 2980; x_wconf 91' lang='lat' dir='ltr'><strong>tua</strong></span> <span class='ocrx_word' id='word_1_207' title='bbox 887 2926 1155 2995; x_wconf 90' lang='lat' dir='ltr'><strong>totiusque</strong></span> <span class='ocrx_word' id='word_1_208' title='bbox 1180 2924 1370 2980; x_wconf 92' lang='lat' dir='ltr'><strong>domus</strong></span> <span class='ocrx_word' id='word_1_209' title='bbox 1397 2934 1501 2979; x_wconf 80' lang='lat' dir='ltr'><strong>tuae</strong></span> <span class='ocrx_word' id='word_1_210' title='bbox 1540 2925 1865 2992; x_wconf 82' lang='lat' dir='ltr'><strong>valetudine,</strong></span> 
     </span>
    </p>
   </div>
   <div class='ocr_carea' id='block_1_31' title="bbox 265 3016 1871 3090">
    <p class='ocr_par' dir='ltr' id='par_1_31' title="bbox 265 3016 1871 3090">
     <span class='ocr_line' id='line_1_31' title="bbox 265 3016 1871 3090; baseline -0.001 -16"><span class='ocrx_word' id='word_1_211' title='bbox 265 3019 548 3090; x_wconf 87' lang='lat' dir='ltr'><strong>animique</strong></span> <span class='ocrx_word' id='word_1_212' title='bbox 587 3018 853 3073; x_wconf 85' lang='lat' dir='ltr'><strong>hilaritate</strong></span> <span class='ocrx_word' id='word_1_213' title='bbox 893 3032 990 3072; x_wconf 92' lang='lat' dir='ltr'><strong>nos</strong></span> <span class='ocrx_word' id='word_1_214' title='bbox 1031 3031 1126 3087; x_wconf 92' lang='lat' dir='ltr'><strong>per</strong></span> <span class='ocrx_word' id='word_1_215' title='bbox 1165 3016 1345 3071; x_wconf 87' lang='lat' dir='ltr'><strong>literas</strong></span> <span class='ocrx_word' id='word_1_216' title='bbox 1390 3016 1650 3071; x_wconf 86' lang='lat' dir='ltr'><strong>certiores</strong></span> <span class='ocrx_word' id='word_1_217' title='bbox 1696 3018 1871 3073; x_wconf 84' lang='lat' dir='ltr'><strong>facere</strong></span> 
     </span>
    </p>
   </div>
   <div class='ocr_carea' id='block_1_32' title="bbox 264 3106 1872 3181">
    <p class='ocr_par' dir='ltr' id='par_1_32' title="bbox 264 3106 1872 3181">
     <span class='ocr_line' id='line_1_32' title="bbox 264 3106 1872 3181; baseline 0.001 -18"><span class='ocrx_word' id='word_1_218' title='bbox 264 3113 477 3181; x_wconf 78' lang='lat' dir='ltr'><strong>pigeat.</strong></span> <span class='ocrx_word' id='word_1_219' title='bbox 507 3110 615 3166; x_wconf 83' lang='lat' dir='ltr'><strong>Nec</strong></span> <span class='ocrx_word' id='word_1_220' title='bbox 638 3110 781 3165; x_wconf 91' lang='lat' dir='ltr'><strong>enim</strong></span> <span class='ocrx_word' id='word_1_221' title='bbox 812 3118 865 3164; x_wconf 93' lang='lat' dir='ltr'><strong>te</strong></span> <span class='ocrx_word' id='word_1_222' title='bbox 895 3108 1045 3180; x_wconf 87' lang='lat' dir='ltr'><strong>fugit,</strong></span> <span class='ocrx_word' id='word_1_223' title='bbox 1071 3116 1282 3179; x_wconf 75' lang='lat' dir='ltr'><strong>quanta:</strong></span> <span class='ocrx_word' id='word_1_224' title='bbox 1310 3106 1463 3162; x_wconf 89' lang='lat' dir='ltr'><strong>nobis</strong></span> <span class='ocrx_word' id='word_1_225' title='bbox 1484 3121 1627 3162; x_wconf 71' lang='lat' dir='ltr'><strong>curae</strong></span> <span class='ocrx_word' id='word_1_226' title='bbox 1656 3108 1727 3163; x_wconf 92' lang='lat' dir='ltr'><strong>sit</strong></span> <span class='ocrx_word' id='word_1_227' title='bbox 1756 3107 1872 3164; x_wconf 67' lang='lat' dir='ltr'><strong>haec</strong></span> 
     </span>
    </p>
   </div>
   <div class='ocr_carea' id='block_1_33' title="bbox 263 3218 437 3259">
    <p class='ocr_par' dir='ltr' id='par_1_33' title="bbox 263 3218 437 3259">
     <span class='ocr_line' id='line_1_33' title="bbox 263 3218 437 3259; baseline -0.011 0"><span class='ocrx_word' id='word_1_228' title='bbox 263 3218 348 3259; x_wconf 70' lang='grc' dir='ltr'><strong>σει</strong></span> <span class='ocrx_word' id='word_1_229' title='bbox 356 3218 437 3259; x_wconf 88' lang='lat' dir='ltr'><strong>re.</strong></span> 
     </span>
    </p>
   </div>
   <div class='ocr_carea' id='block_1_34' title="bbox 420 3330 1726 3405">
    <p class='ocr_par' dir='ltr' id='par_1_34' title="bbox 420 3330 1726 3405">
     <span class='ocr_line' id='line_1_34' title="bbox 420 3330 1726 3405; baseline -0.004 -14"><span class='ocrx_word' id='word_1_230' title='bbox 420 3333 572 3391; x_wconf 78' lang='lat' dir='ltr'><strong>LIX.</strong></span> <span class='ocrx_word' id='word_1_231' title='bbox 602 3334 860 3390; x_wconf 77' lang='lat' dir='ltr'><strong>Theodoto</strong></span> <span class='ocrx_word' id='word_1_232' title='bbox 893 3333 1128 3388; x_wconf 84' lang='lat' dir='ltr'><strong>diacono.</strong></span> <span class='ocrx_word' id='word_1_233' title='bbox 1159 3330 1391 3405; x_wconf 89' lang='lat' dir='ltr'><strong>(Cucuso</strong></span> <span class='ocrx_word' id='word_1_234' title='bbox 1410 3346 1553 3387; x_wconf 86' lang='lat' dir='ltr'><strong>anno</strong></span> <span class='ocrx_word' id='word_1_235' title='bbox 1574 3330 1726 3402; x_wconf 71' lang='lat'><strong>405.)</strong></span> 
     </span>
    </p>
   </div>
   <div class='ocr_carea' id='block_1_35' title="bbox 342 3460 1868 3533">
    <p class='ocr_par' dir='ltr' id='par_1_35' title="bbox 342 3460 1868 3533">
     <span class='ocr_line' id='line_1_35' title="bbox 342 3460 1868 3533; baseline -0.006 -9"><span class='ocrx_word' id='word_1_236' title='bbox 342 3469 471 3524; x_wconf 84' lang='lat' dir='ltr'><strong>Cito</strong></span> <span class='ocrx_word' id='word_1_237' title='bbox 502 3466 667 3521; x_wconf 88' lang='lat' dir='ltr'><strong>nostri</strong></span> <span class='ocrx_word' id='word_1_238' title='bbox 697 3465 894 3521; x_wconf 92' lang='lat' dir='ltr'><strong>oblitus</strong></span> <span class='ocrx_word' id='word_1_239' title='bbox 919 3480 997 3531; x_wconf 85' lang='lat' dir='ltr'><strong>es,</strong></span> <span class='ocrx_word' id='word_1_240' title='bbox 1024 3464 1090 3519; x_wconf 88' lang='lat' dir='ltr'><strong>ad</strong></span> <span class='ocrx_word' id='word_1_241' title='bbox 1118 3460 1384 3533; x_wconf 78' lang='lat' dir='ltr'><strong>ingentem</strong></span> <span class='ocrx_word' id='word_1_242' title='bbox 1407 3476 1523 3517; x_wconf 83' lang='lat' dir='ltr'><strong>eam</strong></span> <span class='ocrx_word' id='word_1_243' title='bbox 1546 3460 1868 3531; x_wconf 88' lang='lat' dir='ltr'><strong>molestiam,</strong></span> 
     </span>
    </p>
   </div>
   <div class='ocr_carea' id='block_1_36' title="bbox 265 3551 1872 3630">
    <p class='ocr_par' dir='ltr' id='par_1_36' title="bbox 265 3551 1872 3630">
     <span class='ocr_line' id='line_1_36' title="bbox 265 3551 1872 3630; baseline -0.004 -18"><span class='ocrx_word' id='word_1_244' title='bbox 265 3575 440 3630; x_wconf 84' lang='lat' dir='ltr'><strong>quam</strong></span> <span class='ocrx_word' id='word_1_245' title='bbox 463 3574 528 3614; x_wconf 84' lang='lat' dir='ltr'><strong>ex</strong></span> <span class='ocrx_word' id='word_1_246' title='bbox 556 3556 797 3627; x_wconf 88' lang='lat' dir='ltr'><strong>digressu</strong></span> <span class='ocrx_word' id='word_1_247' title='bbox 839 3566 931 3610; x_wconf 90' lang='lat' dir='ltr'><strong>tuo</strong></span> <span class='ocrx_word' id='word_1_248' title='bbox 958 3553 1284 3624; x_wconf 87' lang='lat' dir='ltr'><strong>accepimus,</strong></span> <span class='ocrx_word' id='word_1_249' title='bbox 1329 3552 1492 3607; x_wconf 87' lang='lat' dir='ltr'><strong>alium</strong></span> <span class='ocrx_word' id='word_1_250' title='bbox 1527 3566 1593 3606; x_wconf 92' lang='lat' dir='ltr'><strong>ex</strong></span> <span class='ocrx_word' id='word_1_251' title='bbox 1621 3551 1872 3606; x_wconf 88' lang='lat' dir='ltr'><strong>diuturno</strong></span> 
     </span>
    </p>
   </div>
   <div class='ocr_carea' id='block_1_37' title="bbox 266 3640 1874 3712">
    <p class='ocr_par' dir='ltr' id='par_1_37' title="bbox 266 3640 1874 3712">
     <span class='ocr_line' id='line_1_37' title="bbox 266 3640 1874 3712; baseline -0.007 -7"><span class='ocrx_word' id='word_1_252' title='bbox 266 3661 371 3705; x_wconf 89' lang='lat' dir='ltr'><strong>tuo</strong></span> <span class='ocrx_word' id='word_1_253' title='bbox 398 3647 615 3704; x_wconf 90' lang='lat' dir='ltr'><strong>silentio</strong></span> <span class='ocrx_word' id='word_1_254' title='bbox 651 3661 936 3702; x_wconf 63' lang='lat' dir='ltr'><strong>maerorem</strong></span> <span class='ocrx_word' id='word_1_255' title='bbox 978 3643 1293 3712; x_wconf 71' lang='lat' dir='ltr'><strong>adiungens.</strong></span> <span class='ocrx_word' id='word_1_256' title='bbox 1334 3640 1444 3697; x_wconf 86' lang='lat' dir='ltr'><strong>Nec</strong></span> <span class='ocrx_word' id='word_1_257' title='bbox 1473 3655 1603 3696; x_wconf 92' lang='lat' dir='ltr'><strong>vero</strong></span> <span class='ocrx_word' id='word_1_258' title='bbox 1639 3640 1705 3695; x_wconf 88' lang='lat' dir='ltr'><strong>ad</strong></span> <span class='ocrx_word' id='word_1_259' title='bbox 1742 3649 1874 3695; x_wconf 84' lang='lat' dir='ltr'><strong>tem-</strong></span> 
     </span>
    </p>
   </div>
   <div class='ocr_carea' id='block_1_38' title="bbox 264 3733 1870 3813">
    <p class='ocr_par' dir='ltr' id='par_1_38' title="bbox 264 3733 1870 3813">
     <span class='ocr_line' id='line_1_38' title="bbox 264 3733 1870 3813; baseline -0.006 -16"><span class='ocrx_word' id='word_1_260' title='bbox 264 3743 429 3813; x_wconf 83' lang='lat' dir='ltr'><strong>poris</strong></span> <span class='ocrx_word' id='word_1_261' title='bbox 453 3740 750 3810; x_wconf 80' lang='lat' dir='ltr'><strong>angustiam</strong></span> <span class='ocrx_word' id='word_1_262' title='bbox 794 3738 886 3793; x_wconf 84' lang='lat' dir='ltr'><strong>tibi</strong></span> <span class='ocrx_word' id='word_1_263' title='bbox 921 3736 1214 3807; x_wconf 86' lang='lat' dir='ltr'><strong>perfugium</strong></span> <span class='ocrx_word' id='word_1_264' title='bbox 1265 3743 1411 3804; x_wconf 89' lang='lat' dir='ltr'><strong>patet</strong></span> <span class='ocrx_word' id='word_1_265' title='bbox 1450 3749 1466 3788; x_wconf 90' lang='lat'><strong>:</strong></span> <span class='ocrx_word' id='word_1_266' title='bbox 1503 3748 1625 3787; x_wconf 89' lang='lat' dir='ltr'><strong>nam</strong></span> <span class='ocrx_word' id='word_1_267' title='bbox 1660 3733 1870 3788; x_wconf 90' lang='lat' dir='ltr'><strong>dierum</strong></span> 
     </span>
    </p>
   </div>
   <div class='ocr_carea' id='block_1_39' title="bbox 265 3821 1873 3899">
    <p class='ocr_par' dir='ltr' id='par_1_39' title="bbox 265 3821 1873 3899">
     <span class='ocr_line' id='line_1_39' title="bbox 265 3821 1873 3899; baseline -0.007 -12"><span class='ocrx_word' id='word_1_268' title='bbox 265 3831 566 3888; x_wconf 86' lang='lat' dir='ltr'><strong>multitudo</strong></span> <span class='ocrx_word' id='word_1_269' title='bbox 614 3830 878 3899; x_wconf 80' lang='lat' dir='ltr'><strong>ingentem</strong></span> <span class='ocrx_word' id='word_1_270' title='bbox 931 3825 998 3881; x_wconf 90' lang='lat' dir='ltr'><strong>ad</strong></span> <span class='ocrx_word' id='word_1_271' title='bbox 1051 3824 1280 3880; x_wconf 88' lang='lat' dir='ltr'><strong>reditum</strong></span> <span class='ocrx_word' id='word_1_272' title='bbox 1328 3821 1635 3878; x_wconf 87' lang='lat' dir='ltr'><strong>facilitatem</strong></span> <span class='ocrx_word' id='word_1_273' title='bbox 1681 3821 1873 3876; x_wconf 87' lang='lat' dir='ltr'><strong>viatori</strong></span> 
     </span>
    </p>
   </div>
   <div class='ocr_carea' id='block_1_40' title="bbox 265 3912 1873 3996">
    <p class='ocr_par' dir='ltr' id='par_1_40' title="bbox 265 3912 1873 3996">
     <span class='ocr_line' id='line_1_40' title="bbox 265 3912 1873 3996; baseline -0.006 -18"><span class='ocrx_word' id='word_1_274' title='bbox 265 3924 527 3996; x_wconf 62' lang='lat' dir='ltr'><strong>praebere</strong></span> <span class='ocrx_word' id='word_1_275' title='bbox 580 3929 772 3991; x_wconf 89' lang='lat' dir='ltr'><strong>potest.</strong></span> <span class='ocrx_word' id='word_1_276' title='bbox 827 3918 965 3987; x_wconf 86' lang='lat' dir='ltr'><strong>Quin</strong></span> <span class='ocrx_word' id='word_1_277' title='bbox 1010 3933 1079 3972; x_wconf 89' lang='lat' dir='ltr'><strong>ne</strong></span> <span class='ocrx_word' id='word_1_278' title='bbox 1125 3915 1387 3970; x_wconf 88' lang='lat' dir='ltr'><strong>lsauricos</strong></span> <span class='ocrx_word' id='word_1_279' title='bbox 1434 3912 1650 3984; x_wconf 89' lang='lat' dir='ltr'><strong>quidem</strong></span> <span class='ocrx_word' id='word_1_280' title='bbox 1697 3923 1873 3968; x_wconf 90' lang='lat' dir='ltr'><strong>metus</strong></span> 
     </span>
    </p>
   </div>
   <div class='ocr_carea' id='block_1_41' title="bbox 262 4004 1877 4080">
    <p class='ocr_par' dir='ltr' id='par_1_41' title="bbox 262 4004 1877 4080">
     <span class='ocr_line' id='line_1_41' title="bbox 262 4004 1877 4080; baseline -0.006 -11"><span class='ocrx_word' id='word_1_281' title='bbox 262 4012 494 4069; x_wconf 81' lang='lat' dir='ltr'><strong>causari</strong></span> <span class='ocrx_word' id='word_1_282' title='bbox 538 4021 591 4065; x_wconf 89' lang='lat' dir='ltr'><strong>te</strong></span> <span class='ocrx_word' id='word_1_283' title='bbox 640 4010 920 4080; x_wconf 88' lang='lat' dir='ltr'><strong>patiemur,</strong></span> <span class='ocrx_word' id='word_1_284' title='bbox 972 4004 1402 4077; x_wconf 90' lang='lat' dir='ltr'><strong>quandoquidem</strong></span> <span class='ocrx_word' id='word_1_285' title='bbox 1450 4013 1500 4058; x_wconf 89' lang='lat' dir='ltr'><strong>te</strong></span> <span class='ocrx_word' id='word_1_286' title='bbox 1552 4017 1877 4072; x_wconf 87' lang='lat' dir='ltr'><strong>magnopere</strong></span> 
     </span>
    </p>
   </div>
   <div class='ocr_carea' id='block_1_42' title="bbox 259 4092 1871 4169">
    <p class='ocr_par' dir='ltr' id='par_1_42' title="bbox 259 4092 1871 4169">
     <span class='ocr_line' id='line_1_42' title="bbox 259 4092 1871 4169; baseline -0.006 -12"><span class='ocrx_word' id='word_1_287' title='bbox 259 4116 547 4157; x_wconf 84' lang='lat' dir='ltr'><strong>amamus.</strong></span> <span class='ocrx_word' id='word_1_288' title='bbox 574 4099 715 4154; x_wconf 79' lang='lat' dir='ltr'><strong>Multi</strong></span> <span class='ocrx_word' id='word_1_289' title='bbox 748 4098 944 4169; x_wconf 86' lang='lat' dir='ltr'><strong>quippe</strong></span> <span class='ocrx_word' id='word_1_290' title='bbox 973 4104 1116 4162; x_wconf 91' lang='lat' dir='ltr'><strong>sunt,</strong></span> <span class='ocrx_word' id='word_1_291' title='bbox 1135 4094 1224 4166; x_wconf 91' lang='lat' dir='ltr'><strong>qui</strong></span> <span class='ocrx_word' id='word_1_292' title='bbox 1254 4102 1375 4165; x_wconf 88' lang='lat' dir='ltr'><strong>post</strong></span> <span class='ocrx_word' id='word_1_293' title='bbox 1395 4092 1691 4148; x_wconf 90' lang='lat' dir='ltr'><strong>discessum</strong></span> <span class='ocrx_word' id='word_1_294' title='bbox 1724 4101 1871 4148; x_wconf 91' lang='lat' dir='ltr'><strong>tuum</strong></span> 
     </span>
    </p>
   </div>
   <div class='ocr_carea' id='block_1_43' title="bbox 260 4185 1875 4258">
    <p class='ocr_par' dir='ltr' id='par_1_43' title="bbox 260 4185 1875 4258">
     <span class='ocr_line' id='line_1_43' title="bbox 260 4185 1875 4258; baseline -0.008 -6"><span class='ocrx_word' id='word_1_295' title='bbox 260 4197 435 4252; x_wconf 88' lang='lat' dir='ltr'><strong>illinc</strong></span> <span class='ocrx_word' id='word_1_296' title='bbox 460 4195 565 4249; x_wconf 90' lang='lat' dir='ltr'><strong>huc</strong></span> <span class='ocrx_word' id='word_1_297' title='bbox 590 4192 851 4248; x_wconf 83' lang='lat' dir='ltr'><strong>venerint.</strong></span> <span class='ocrx_word' id='word_1_298' title='bbox 877 4189 1132 4258; x_wconf 64' lang='lat' dir='ltr'><strong>Quaenam</strong></span> <span class='ocrx_word' id='word_1_299' title='bbox 1162 4186 1322 4258; x_wconf 82' lang='lat' dir='ltr'><strong>igitur</strong></span> <span class='ocrx_word' id='word_1_300' title='bbox 1349 4185 1547 4240; x_wconf 88' lang='lat' dir='ltr'><strong>silentii</strong></span> <span class='ocrx_word' id='word_1_301' title='bbox 1573 4199 1732 4240; x_wconf 90' lang='lat' dir='ltr'><strong>causa</strong></span> <span class='ocrx_word' id='word_1_302' title='bbox 1755 4185 1875 4240; x_wconf 82' lang='lat' dir='ltr'><strong>est?</strong></span> 
     </span>
    </p>
   </div>
   <div class='ocr_carea' id='block_1_44' title="bbox 258 4275 1875 4366">
    <p class='ocr_par' dir='ltr' id='par_1_44' title="bbox 258 4275 1875 4366">
     <span class='ocr_line' id='line_1_44' title="bbox 258 4275 1875 4366; baseline -0.009 -22"><span class='ocrx_word' id='word_1_303' title='bbox 258 4284 615 4366; x_wconf 76' lang='lat' dir='ltr'><strong>Negligcntia</strong></span> <span class='ocrx_word' id='word_1_304' title='bbox 641 4282 912 4347; x_wconf 89' lang='lat' dir='ltr'><strong>nimirum,</strong></span> <span class='ocrx_word' id='word_1_305' title='bbox 943 4294 1007 4335; x_wconf 90' lang='lat' dir='ltr'><strong>ac</strong></span> <span class='ocrx_word' id='word_1_306' title='bbox 1045 4278 1277 4349; x_wconf 91' lang='lat' dir='ltr'><strong>pigritia.</strong></span> <span class='ocrx_word' id='word_1_307' title='bbox 1325 4276 1430 4331; x_wconf 84' lang='lat' dir='ltr'><strong>Sed</strong></span> <span class='ocrx_word' id='word_1_308' title='bbox 1473 4284 1649 4331; x_wconf 89' lang='lat' dir='ltr'><strong>tamen</strong></span> <span class='ocrx_word' id='word_1_309' title='bbox 1681 4275 1875 4346; x_wconf 85' lang='lat' dir='ltr'><strong>prioris</strong></span> 
     </span>
    </p>
   </div>
   <div class='ocr_carea' id='block_1_45' title="bbox 261 4367 1876 4448">
    <p class='ocr_par' dir='ltr' id='par_1_45' title="bbox 261 4367 1876 4448">
     <span class='ocr_line' id='line_1_45' title="bbox 261 4367 1876 4448; baseline -0.009 -13"><span class='ocrx_word' id='word_1_310' title='bbox 261 4376 626 4448; x_wconf 71' lang='lat' dir='ltr'><strong>negligentia:</strong></span> <span class='ocrx_word' id='word_1_311' title='bbox 652 4374 861 4442; x_wconf 90' lang='lat' dir='ltr'><strong>culpam</strong></span> <span class='ocrx_word' id='word_1_312' title='bbox 889 4371 982 4425; x_wconf 90' lang='lat' dir='ltr'><strong>tibi</strong></span> <span class='ocrx_word' id='word_1_313' title='bbox 1009 4369 1350 4432; x_wconf 88' lang='lat' dir='ltr'><strong>remittimus,</strong></span> <span class='ocrx_word' id='word_1_314' title='bbox 1378 4367 1423 4421; x_wconf 87' lang='lat' dir='ltr'><strong>si</strong></span> <span class='ocrx_word' id='word_1_315' title='bbox 1451 4367 1610 4422; x_wconf 85' lang='lat' dir='ltr'><strong>modo</strong></span> <span class='ocrx_word' id='word_1_316' title='bbox 1636 4368 1876 4421; x_wconf 90' lang='lat' dir='ltr'><strong>animum</strong></span> 
     </span>
    </p>
   </div>
   <div class='ocr_carea' id='block_1_46' title="bbox 258 4456 1876 4538">
    <p class='ocr_par' dir='ltr' id='par_1_46' title="bbox 258 4456 1876 4538">
     <span class='ocr_line' id='line_1_46' title="bbox 258 4456 1876 4538; baseline -0.01 -12"><span class='ocrx_word' id='word_1_317' title='bbox 258 4474 328 4527; x_wconf 82' lang='lat' dir='ltr'><strong>in</strong></span> <span class='ocrx_word' id='word_1_318' title='bbox 401 4474 677 4538; x_wconf 89' lang='lat' dir='ltr'><strong>posterum</strong></span> <span class='ocrx_word' id='word_1_319' title='bbox 723 4461 997 4517; x_wconf 88' lang='lat' dir='ltr'><strong>induxeris</strong></span> <span class='ocrx_word' id='word_1_320' title='bbox 1039 4457 1456 4529; x_wconf 63' lang='lat' dir='ltr'><strong>praetermissum</strong></span> <span class='ocrx_word' id='word_1_321' title='bbox 1489 4457 1584 4511; x_wconf 86' lang='lat' dir='ltr'><strong>abs</strong></span> <span class='ocrx_word' id='word_1_322' title='bbox 1625 4465 1678 4512; x_wconf 90' lang='lat' dir='ltr'><strong>te</strong></span> <span class='ocrx_word' id='word_1_323' title='bbox 1715 4456 1876 4511; x_wconf 84' lang='lat' dir='ltr'><strong>officii</strong></span> 
     </span>
    </p>
   </div>
   <div class='ocr_carea' id='block_1_47' title="bbox 257 4546 1880 4623">
    <p class='ocr_par' dir='ltr' id='par_1_47' title="bbox 257 4546 1880 4623">
     <span class='ocr_line' id='line_1_47' title="bbox 257 4546 1880 4623; baseline -0.01 -7"><span class='ocrx_word' id='word_1_324' title='bbox 257 4572 485 4616; x_wconf 77' lang='lat' dir='ltr'><strong>rnunus</strong></span> <span class='ocrx_word' id='word_1_325' title='bbox 516 4551 880 4623; x_wconf 84' lang='lat' dir='ltr'><strong>frequentibus</strong></span> <span class='ocrx_word' id='word_1_326' title='bbox 910 4550 1078 4605; x_wconf 90' lang='lat' dir='ltr'><strong>literis</strong></span> <span class='ocrx_word' id='word_1_327' title='bbox 1119 4548 1343 4603; x_wconf 83' lang='lat' dir='ltr'><strong>sarcire.</strong></span> <span class='ocrx_word' id='word_1_328' title='bbox 1388 4546 1506 4602; x_wconf 90' lang='lat' dir='ltr'><strong>Scis</strong></span> <span class='ocrx_word' id='word_1_329' title='bbox 1539 4547 1684 4603; x_wconf 91' lang='lat' dir='ltr'><strong>enim</strong></span> <span class='ocrx_word' id='word_1_330' title='bbox 1711 4561 1880 4617; x_wconf 88' lang='lat' dir='ltr'><strong>quan-</strong></span> 
     </span>
    </p>
   </div>
   <div class='ocr_carea' id='block_1_48' title="bbox 255 4639 1876 4715">
    <p class='ocr_par' dir='ltr' id='par_1_48' title="bbox 255 4639 1876 4715">
     <span class='ocr_line' id='line_1_48' title="bbox 255 4639 1876 4715; baseline -0.007 -11"><span class='ocrx_word' id='word_1_331' title='bbox 255 4665 391 4705; x_wconf 75' lang='lat' dir='ltr'><strong>tam</strong></span> <span class='ocrx_word' id='word_1_332' title='bbox 422 4665 453 4702; x_wconf 82' lang='lat' dir='ltr'><strong>a</strong></span> <span class='ocrx_word' id='word_1_333' title='bbox 474 4646 633 4701; x_wconf 89' lang='lat' dir='ltr'><strong>nobis</strong></span> <span class='ocrx_word' id='word_1_334' title='bbox 655 4645 880 4715; x_wconf 87' lang='lat' dir='ltr'><strong>gratiam</strong></span> <span class='ocrx_word' id='word_1_335' title='bbox 907 4642 1134 4698; x_wconf 88' lang='lat' dir='ltr'><strong>initurus</strong></span> <span class='ocrx_word' id='word_1_336' title='bbox 1164 4640 1260 4707; x_wconf 86' lang='lat' dir='ltr'><strong>sis,</strong></span> <span class='ocrx_word' id='word_1_337' title='bbox 1286 4639 1354 4696; x_wconf 92' lang='lat' dir='ltr'><strong>de</strong></span> <span class='ocrx_word' id='word_1_338' title='bbox 1389 4648 1479 4695; x_wconf 90' lang='lat' dir='ltr'><strong>tua</strong></span> <span class='ocrx_word' id='word_1_339' title='bbox 1506 4654 1762 4710; x_wconf 89' lang='lat' dir='ltr'><strong>prospera</strong></span> <span class='ocrx_word' id='word_1_340' title='bbox 1789 4654 1876 4694; x_wconf 81' lang='lat' dir='ltr'><strong>va-</strong></span> 
     </span>
    </p>
   </div>
   <div class='ocr_carea' id='block_1_49' title="bbox 254 4732 1241 4798">
    <p class='ocr_par' dir='ltr' id='par_1_49' title="bbox 254 4732 1241 4798">
     <span class='ocr_line' id='line_1_49' title="bbox 254 4732 1241 4798; baseline -0.009 -1"><span class='ocrx_word' id='word_1_341' title='bbox 254 4739 527 4798; x_wconf 83' lang='lat' dir='ltr'><strong>letudine</strong></span> <span class='ocrx_word' id='word_1_342' title='bbox 553 4738 743 4792; x_wconf 88' lang='lat' dir='ltr'><strong>crebro</strong></span> <span class='ocrx_word' id='word_1_343' title='bbox 770 4733 837 4790; x_wconf 87' lang='lat' dir='ltr'><strong>ad</strong></span> <span class='ocrx_word' id='word_1_344' title='bbox 862 4748 962 4789; x_wconf 90' lang='lat' dir='ltr'><strong>nos</strong></span> <span class='ocrx_word' id='word_1_345' title='bbox 980 4732 1241 4788; x_wconf 89' lang='lat' dir='ltr'><strong>scribens.</strong></span> 
     </span>
    </p>
   </div>
   <div class='ocr_carea' id='block_1_50' title="bbox 362 4863 1877 4934">
    <p class='ocr_par' dir='ltr' id='par_1_50' title="bbox 362 4863 1877 4934">
     <span class='ocr_line' id='line_1_50' title="bbox 362 4863 1877 4934; baseline -0.007 -13"><span class='ocrx_word' id='word_1_346' title='bbox 362 4874 427 4934; x_wconf 80' lang='grc' dir='ltr'><strong>α)</strong></span> <span class='ocrx_word' id='word_1_347' title='bbox 458 4877 511 4921; x_wconf 81' lang='lat' dir='ltr'><strong>tu</strong></span> <span class='ocrx_word' id='word_1_348' title='bbox 528 4870 652 4934; x_wconf 83' lang='lat' dir='ltr'><strong>hanc</strong></span> <span class='ocrx_word' id='word_1_349' title='bbox 675 4866 927 4934; x_wconf 82' lang='lat' dir='ltr'><strong>formulam</strong></span> <span class='ocrx_word' id='word_1_350' title='bbox 948 4865 1056 4934; x_wconf 61' lang='lat' dir='ltr'><strong>hac</strong></span> <span class='ocrx_word' id='word_1_351' title='bbox 1075 4863 1260 4927; x_wconf 79' lang='lat' dir='ltr'><strong>Optime</strong></span> <span class='ocrx_word' id='word_1_352' title='bbox 1289 4868 1426 4934; x_wconf 67' lang='lat' dir='ltr'><strong>notat</strong></span> <span class='ocrx_word' id='word_1_353' title='bbox 1446 4867 1618 4912; x_wconf 73' lang='lat' dir='ltr'><strong>Fronto</strong></span> <span class='ocrx_word' id='word_1_354' title='bbox 1637 4867 1839 4934; x_wconf 67' lang='lat' dir='ltr'><strong>pauens</strong></span> <span class='ocrx_word' id='word_1_355' title='bbox 1862 4873 1877 4911; x_wconf 91' lang='lat'><strong>:</strong></span> 
     </span>
    </p>
   </div>
   <div class='ocr_carea' id='block_1_51' title="bbox 255 4920 1882 4992">
    <p class='ocr_par' dir='ltr' id='par_1_51' title="bbox 255 4920 1882 4992">
     <span class='ocr_line' id='line_1_51' title="bbox 255 4920 1882 4992; baseline -0.01 -5"><span class='ocrx_word' id='word_1_356' title='bbox 255 4920 466 4987; x_wconf 50' lang='lat' dir='ltr'><strong>Bilis?»</strong></span> <span class='ocrx_word' id='word_1_357' title='bbox 489 4920 635 4991; x_wconf 75' lang='lat' dir='ltr'><strong>buci;</strong></span> <span class='ocrx_word' id='word_1_358' title='bbox 658 4929 790 4992; x_wconf 84' lang='lat' dir='ltr'><strong>apud</strong></span> <span class='ocrx_word' id='word_1_359' title='bbox 818 4920 1124 4992; x_wconf 57' lang='lat' dir='ltr'><strong>unanimum</strong></span> <span class='ocrx_word' id='word_1_360' title='bbox 1139 4923 1473 4992; x_wconf 57' lang='lat' dir='ltr'><strong>uqrceltigmm</strong></span> <span class='ocrx_word' id='word_1_361' title='bbox 1492 4934 1622 4992; x_wconf 61' lang='lat' dir='ltr'><strong>sape</strong></span> <span class='ocrx_word' id='word_1_362' title='bbox 1643 4920 1788 4992; x_wconf 72' lang='lat' dir='ltr'><strong>leges,</strong></span> <span class='ocrx_word' id='word_1_363' title='bbox 1816 4934 1882 4971; x_wconf 89' lang='lat' dir='ltr'><strong>ex</strong></span> 
     </span>
    </p>
   </div>
   <div class='ocr_carea' id='block_1_52' title="bbox 252 4984 1882 5053">
    <p class='ocr_par' dir='ltr' id='par_1_52' title="bbox 252 4984 1882 5053">
     <span class='ocr_line' id='line_1_52' title="bbox 252 4984 1882 5053; baseline -0.009 -8"><span class='ocrx_word' id='word_1_364' title='bbox 252 4984 439 5053; x_wconf 63' lang='lat' dir='ltr'><strong>im,</strong></span> <span class='ocrx_word' id='word_1_365' title='bbox 463 5006 527 5042; x_wconf 88' lang='lat' dir='ltr'><strong>ex</strong></span> <span class='ocrx_word' id='word_1_366' title='bbox 546 4984 742 5050; x_wconf 73' lang='lat' dir='ltr'><strong>vtcarib,</strong></span> <span class='ocrx_word' id='word_1_367' title='bbox 768 5002 831 5053; x_wconf 76' lang='lat' dir='ltr'><strong>ex</strong></span> <span class='ocrx_word' id='word_1_368' title='bbox 856 4989 1100 5051; x_wconf 74' lang='lat' dir='ltr'><strong>legisti-0.</strong></span> <span class='ocrx_word' id='word_1_369' title='bbox 1129 4992 1186 5037; x_wconf 78' lang='lat' dir='ltr'><strong>Ut</strong></span> <span class='ocrx_word' id='word_1_370' title='bbox 1202 4984 1390 5053; x_wconf 75' lang='lat' dir='ltr'><strong>lib._22,</strong></span> <span class='ocrx_word' id='word_1_371' title='bbox 1417 4984 1735 5053; x_wconf 52' lang='lat' dir='ltr'><strong>lirteuiiuség</strong></span> <span class='ocrx_word' id='word_1_372' title='bbox 1752 4990 1882 5052; x_wconf 76' lang='lat' dir='ltr'><strong>Duce</strong></span> 
     </span>
    </p>
   </div>
   <div class='ocr_carea' id='block_1_53' title="bbox 248 5040 1886 5121">
    <p class='ocr_par' dir='ltr' id='par_1_53' title="bbox 248 5040 1886 5121">
     <span class='ocr_line' id='line_1_53' title="bbox 248 5040 1886 5121; baseline 0.02 -31"><span class='ocrx_word' id='word_1_373' title='bbox 248 5040 672 5121; x_wconf 48' lang='grc' dir='ltr'><strong>εὗίμλωξα</strong></span> <span class='ocrx_word' id='word_1_374' title='bbox 791 5040 958 5121; x_wconf 63' lang='grc' dir='ltr'><strong>[τιςεᾶ</strong></span> <span class='ocrx_word' id='word_1_375' title='bbox 985 5056 1101 5099; x_wconf 72' lang='lat' dir='ltr'><strong>Im</strong></span> <span class='ocrx_word' id='word_1_376' title='bbox 1119 5040 1509 5121; x_wconf 54' lang='grc' dir='ltr'><strong>ξανρεὲμωέιεξ</strong></span> <span class='ocrx_word' id='word_1_377' title='bbox 1529 5040 1886 5121; x_wconf 54' lang='grc' dir='ltr'><strong>ςΜιέιέιὲτξδέζι</strong></span> 
     </span>
    </p>
   </div>
   <div class='ocr_carea' id='block_1_54' title="bbox 252 5107 1885 5169">
    <p class='ocr_par' dir='ltr' id='par_1_54' title="bbox 252 5107 1885 5169">
     <span class='ocr_line' id='line_1_54' title="bbox 252 5107 1885 5169; baseline -0.01 1"><span class='ocrx_word' id='word_1_378' title='bbox 252 5107 552 5169; x_wconf 55' lang='grc' dir='ltr'><strong>ἰξὸῗὶίὶαώ</strong></span> <span class='ocrx_word' id='word_1_379' title='bbox 574 5127 592 5164; x_wconf 91' lang='lat'><strong><em>:</em></strong></span> <span class='ocrx_word' id='word_1_380' title='bbox 616 5107 718 5163; x_wconf 56' lang='lat' dir='ltr'><strong>nuo&quot;</strong></span> <span class='ocrx_word' id='word_1_381' title='bbox 737 5125 766 5161; x_wconf 85' lang='lat' dir='ltr'><strong>a</strong></span> <span class='ocrx_word' id='word_1_382' title='bbox 785 5107 1024 5160; x_wconf 71' lang='lat' dir='ltr'><strong>Callicauo</strong></span> <span class='ocrx_word' id='word_1_383' title='bbox 1048 5107 1433 5169; x_wconf 13' lang='lat' dir='ltr'><strong>exicotiSulibus,</strong></span> <span class='ocrx_word' id='word_1_384' title='bbox 1463 5114 1515 5169; x_wconf 79' lang='lat' dir='ltr'><strong>et</strong></span> <span class='ocrx_word' id='word_1_385' title='bbox 1534 5112 1795 5169; x_wconf 61' lang='lat' dir='ltr'><strong>Maecenate</strong></span> <span class='ocrx_word' id='word_1_386' title='bbox 1818 5117 1885 5169; x_wconf 82' lang='lat' dir='ltr'><strong>ex</strong></span> 
     </span>
    </p>
   </div>
   <div class='ocr_carea' id='block_1_55' title="bbox 249 5165 1882 5235">
    <p class='ocr_par' dir='ltr' id='par_1_55' title="bbox 249 5165 1882 5235">
     <span class='ocr_line' id='line_1_55' title="bbox 249 5165 1882 5235; baseline 0.032 -22"><span class='ocrx_word' id='word_1_387' title='bbox 249 5165 402 5230; x_wconf 62' lang='lat' dir='ltr'><strong>mc,&quot;</strong></span> <span class='ocrx_word' id='word_1_388' title='bbox 306 5165 355 5169; x_wconf 63' lang='grc'><strong>““</strong></span> <span class='ocrx_word' id='word_1_389' title='bbox 385 5165 502 5226; x_wconf 63' lang='lat' dir='ltr'><strong>‘bus</strong></span> <span class='ocrx_word' id='word_1_390' title='bbox 523 5173 804 5235; x_wconf 82' lang='lat' dir='ltr'><strong>interempti</strong></span> <span class='ocrx_word' id='word_1_391' title='bbox 822 5179 968 5232; x_wconf 75' lang='lat' dir='ltr'><strong>sunt;</strong></span> <span class='ocrx_word' id='word_1_392' title='bbox 994 5178 1052 5235; x_wconf 71' lang='grc' dir='ltr'><strong>,ει</strong></span> <span class='ocrx_word' id='word_1_393' title='bbox 1181 5170 1214 5221; x_wconf 77' lang='grc' dir='ltr'><strong>δ</strong></span> <span class='ocrx_word' id='word_1_394' title='bbox 1234 5167 1424 5219; x_wconf 43' lang='lat' dir='ltr'><strong>cadica</strong></span> <span class='ocrx_word' id='word_1_395' title='bbox 1458 5166 1786 5235; x_wconf 54' lang='lat' dir='ltr'><strong>WMW’</strong></span> <span class='ocrx_word' id='word_1_396' title='bbox 1810 5165 1882 5235; x_wconf 48' lang='grc' dir='ltr'><strong>φ’</strong></span> 
     </span>
    </p>
   </div>
   <div class='ocr_carea' id='block_1_56' title="bbox 244 5228 1884 5298">
    <p class='ocr_par' dir='ltr' id='par_1_56' title="bbox 244 5228 1884 5298">
     <span class='ocr_line' id='line_1_56' title="bbox 244 5228 1884 5298; baseline -0.012 -5"><span class='ocrx_word' id='word_1_397' title='bbox 244 5228 371 5298; x_wconf 52' lang='lat' dir='ltr'><strong>i3;</strong></span> <span class='ocrx_word' id='word_1_398' title='bbox 392 5238 436 5288; x_wconf 84' lang='grc' dir='ltr'><strong>ι.</strong></span> <span class='ocrx_word' id='word_1_399' title='bbox 462 5238 511 5293; x_wconf 82' lang='grc'><strong>1,</strong></span> <span class='ocrx_word' id='word_1_400' title='bbox 536 5243 666 5287; x_wconf 84' lang='lat' dir='ltr'><strong>Inter</strong></span> <span class='ocrx_word' id='word_1_401' title='bbox 686 5228 773 5285; x_wconf 78' lang='lat' dir='ltr'><strong>eds</strong></span> <span class='ocrx_word' id='word_1_402' title='bbox 791 5235 878 5296; x_wconf 86' lang='lat' dir='ltr'><strong>qui</strong></span> <span class='ocrx_word' id='word_1_403' title='bbox 895 5228 963 5298; x_wconf 77' lang='lat' dir='ltr'><strong>ex</strong></span> <span class='ocrx_word' id='word_1_404' title='bbox 976 5232 1184 5282; x_wconf 79' lang='lat' dir='ltr'><strong>ducibus</strong></span> <span class='ocrx_word' id='word_1_405' title='bbox 1202 5236 1334 5298; x_wconf 73' lang='lat' dir='ltr'><strong>sunt,</strong></span> <span class='ocrx_word' id='word_1_406' title='bbox 1507 5228 1812 5298; x_wconf 64' lang='lat' dir='ltr'><strong>praecipimus</strong></span> <span class='ocrx_word' id='word_1_407' title='bbox 1834 5228 1884 5275; x_wconf 90' lang='lat' dir='ltr'><strong>iu</strong></span> 
     </span>
    </p>
   </div>
   <div class='ocr_carea' id='block_1_57' title="bbox 245 5287 1886 5357">
    <p class='ocr_par' dir='ltr' id='par_1_57' title="bbox 245 5287 1886 5357">
     <span class='ocr_line' id='line_1_57' title="bbox 245 5287 1886 5357; baseline -0.014 -2"><span class='ocrx_word' id='word_1_408' title='bbox 245 5287 536 5354; x_wconf 60' lang='grc' dir='ltr'><strong>Μ</strong></span> <span class='ocrx_word' id='word_1_409' title='bbox 560 5306 721 5347; x_wconf 79' lang='lat' dir='ltr'><strong>nostra</strong></span> <span class='ocrx_word' id='word_1_410' title='bbox 753 5287 1041 5357; x_wconf 69' lang='lat' dir='ltr'><strong>serenitate.</strong></span> <span class='ocrx_word' id='word_1_411' title='bbox 1067 5287 1328 5352; x_wconf 70' lang='lat' dir='ltr'><strong>Procopius</strong></span> <span class='ocrx_word' id='word_1_412' title='bbox 1349 5287 1431 5340; x_wconf 80' lang='lat' dir='ltr'><strong>lib.</strong></span> <span class='ocrx_word' id='word_1_413' title='bbox 1460 5287 1696 5357; x_wconf 47' lang='lat' dir='ltr'><strong>ﬁneque</strong></span> <span class='ocrx_word' id='word_1_414' title='bbox 1719 5294 1886 5357; x_wconf 76' lang='lat' dir='ltr'><strong>noma-</strong></span> 
     </span>
    </p>
   </div>
   <div class='ocr_carea' id='block_1_58' title="bbox 248 5353 1889 5418">
    <p class='ocr_par' dir='ltr' id='par_1_58' title="bbox 248 5353 1889 5418">
     <span class='ocr_line' id='line_1_58' title="bbox 248 5353 1889 5418; baseline -0.01 -4"><span class='ocrx_word' id='word_1_415' title='bbox 248 5353 468 5414; x_wconf 67' lang='lat' dir='ltr'><strong>rsorum</strong></span> <span class='ocrx_word' id='word_1_416' title='bbox 490 5357 694 5408; x_wconf 83' lang='lat' dir='ltr'><strong>militum</strong></span> <span class='ocrx_word' id='word_1_417' title='bbox 731 5353 1011 5418; x_wconf 56' lang='lat' dir='ltr'><strong>&quot;refectus,</strong></span> <span class='ocrx_word' id='word_1_418' title='bbox 1028 5365 1151 5416; x_wconf 86' lang='lat' dir='ltr'><strong>quos</strong></span> <span class='ocrx_word' id='word_1_419' title='bbox 1172 5360 1326 5418; x_wconf 73' lang='lat' dir='ltr'><strong>Duces</strong></span> <span class='ocrx_word' id='word_1_420' title='bbox 1345 5355 1537 5418; x_wconf 61' lang='lat' dir='ltr'><strong>vocant.</strong></span> <span class='ocrx_word' id='word_1_421' title='bbox 1563 5358 1723 5418; x_wconf 56' lang='lat' dir='ltr'><strong>Duces</strong></span> <span class='ocrx_word' id='word_1_422' title='bbox 1740 5353 1889 5418; x_wconf 68' lang='lat' dir='ltr'><strong>etiam</strong></span> 
     </span>
    </p>
   </div>
   <div class='ocr_carea' id='block_1_59' title="bbox 251 5504 1887 5609">
    <p class='ocr_par' dir='ltr' id='par_1_59' title="bbox 251 5504 1887 5609">
     <span class='ocr_line' id='line_1_59' title="bbox 251 5504 1887 5549; baseline -0.009 -16"><span class='ocrx_word' id='word_1_423' title='bbox 251 5504 387 5538; x_wconf 56' lang='lat' dir='ltr'><strong>ulla</strong></span> <span class='ocrx_word' id='word_1_424' title='bbox 418 5504 503 5543; x_wconf 69' lang='lat' dir='ltr'><strong>qu:</strong></span> <span class='ocrx_word' id='word_1_425' title='bbox 525 5504 771 5549; x_wconf 60' lang='lat' dir='ltr'><strong>trguuwuo,</strong></span> <span class='ocrx_word' id='word_1_426' title='bbox 793 5504 939 5548; x_wconf 62' lang='grc' dir='ltr'><strong>ψιεηη</strong></span> <span class='ocrx_word' id='word_1_427' title='bbox 954 5504 1037 5540; x_wconf 71' lang='grc' dir='ltr'><strong>ψη</strong></span> <span class='ocrx_word' id='word_1_428' title='bbox 1059 5504 1369 5547; x_wconf 40' lang='lat' dir='ltr'><strong>prvellit.qu</strong></span> <span class='ocrx_word' id='word_1_429' title='bbox 1384 5504 1607 5548; x_wconf 55' lang='grc' dir='ltr'><strong>ιιτιιαογιιο</strong></span> <span class='ocrx_word' id='word_1_430' title='bbox 1660 5504 1773 5521; x_wconf 67' lang='lat' dir='ltr'><strong>ww.</strong></span> <span class='ocrx_word' id='word_1_431' title='bbox 1787 5504 1887 5529; x_wconf 70' lang='lat' dir='ltr'><strong>um,</strong></span> 
     </span>
     <span class='ocr_line' id='line_1_60' title="bbox 251 5504 1887 5609; baseline -0.007 -16"><span class='ocrx_word' id='word_1_432' title='bbox 251 5555 319 5597; x_wconf 69' lang='lat' dir='ltr'><strong>ea</strong></span> <span class='ocrx_word' id='word_1_433' title='bbox 351 5540 984 5609; x_wconf 62' lang='lat' dir='ltr'><strong>in_(jo_t_txe_rheodqsttuio,</strong></span> <span class='ocrx_word' id='word_1_434' title='bbox 1021 5544 1124 5586; x_wconf 83' lang='lat' dir='ltr'><strong>Dux</strong></span> <span class='ocrx_word' id='word_1_435' title='bbox 1166 5534 1329 5589; x_wconf 78' lang='lat' dir='ltr'><strong>limitis</strong></span> <span class='ocrx_word' id='word_1_436' title='bbox 1360 5504 1658 5602; x_wconf 68' lang='lat' dir='ltr'><strong>mpohtauf;</strong></span> <span class='ocrx_word' id='word_1_437' title='bbox 1692 5538 1759 5595; x_wconf 78' lang='lat' dir='ltr'><strong>et,</strong></span> <span class='ocrx_word' id='word_1_438' title='bbox 1781 5539 1887 5583; x_wconf 83' lang='lat' dir='ltr'><strong>Dux</strong></span> 
     </span>
    </p>
   </div>
   <div class='ocr_carea' id='block_1_60' title="bbox 250 5471 1609 5543">
    <p class='ocr_par' dir='ltr' id='par_1_60' title="bbox 250 5471 1609 5543">
     <span class='ocr_line' id='line_1_61' title="bbox 250 5471 1609 5543; baseline -0.007 -11"><span class='ocrx_word' id='word_1_439' title='bbox 418 5491 504 5543; x_wconf 77' lang='lat' dir='ltr'><strong>qut</strong></span> <span class='ocrx_word' id='word_1_440' title='bbox 525 5477 771 5543; x_wconf 65' lang='lat' dir='ltr'><strong>militibus,</strong></span> <span class='ocrx_word' id='word_1_441' title='bbox 793 5471 939 5543; x_wconf 66' lang='lat' dir='ltr'><strong>quem</strong></span> <span class='ocrx_word' id='word_1_442' title='bbox 954 5473 1038 5540; x_wconf 75' lang='lat' dir='ltr'><strong>qui</strong></span> <span class='ocrx_word' id='word_1_443' title='bbox 1058 5473 1312 5543; x_wconf 59' lang='lat' dir='ltr'><strong>pratjnciis</strong></span> <span class='ocrx_word' id='word_1_444' title='bbox 1323 5471 1609 5543; x_wconf 68' lang='lat' dir='ltr'><strong>etlintitg&#39;tms</strong></span> 
     </span>
    </p>
   </div>
   <div class='ocr_carea' id='block_1_61' title="bbox 243 5599 1134 5666">
    <p class='ocr_par' dir='ltr' id='par_1_61' title="bbox 243 5599 1134 5666">
     <span class='ocr_line' id='line_1_62' title="bbox 243 5599 1134 5666; baseline -0.017 -5"><span class='ocrx_word' id='word_1_445' title='bbox 243 5605 485 5661; x_wconf 62' lang='grc' dir='ltr'><strong>ΒΜυεὶ</strong></span> <span class='ocrx_word' id='word_1_446' title='bbox 508 5601 686 5663; x_wconf 81' lang='lat' dir='ltr'><strong>limitis,</strong></span> <span class='ocrx_word' id='word_1_447' title='bbox 707 5599 837 5666; x_wconf 82' lang='lat' dir='ltr'><strong>apud</strong></span> <span class='ocrx_word' id='word_1_448' title='bbox 866 5599 1134 5664; x_wconf 73' lang='lat' dir='ltr'><strong>Vopiscum.</strong></span> 
     </span>
    </p>
   </div>
   <div class='ocr_carea' id='block_1_62' title="bbox 1735 175 2109 239">
    <p class='ocr_par' dir='ltr' id='par_1_62' title="bbox 1735 175 2109 239">
     <span class='ocr_line' id='line_1_63' title="bbox 1735 175 2109 239; baseline -0.013 0"><span class='ocrx_word' id='word_1_449' title='bbox 1735 175 2109 239; x_wconf 62' lang='lat' dir='ltr'><strong>BPISTOL/E.</strong></span> 
     </span>
    </p>
   </div>
   <div class='ocr_carea' id='block_1_63' title="bbox 3458 195 3563 254">
    <p class='ocr_par' dir='ltr' id='par_1_63' title="bbox 3458 195 3563 254">
     <span class='ocr_line' id='line_1_64' title="bbox 3458 195 3563 254; baseline 0 0"><span class='ocrx_word' id='word_1_450' title='bbox 3458 195 3563 254; x_wconf 64' lang='lat'><strong>8-52</strong></span> 
     </span>
    </p>
   </div>
   <div class='ocr_carea' id='block_1_64' title="bbox 2012 292 3524 384">
    <p class='ocr_par' dir='ltr' id='par_1_64' title="bbox 2012 292 3524 384">
     <span class='ocr_line' id='line_1_65' title="bbox 2012 292 3524 384; baseline 0.013 -36"><span class='ocrx_word' id='word_1_451' title='bbox 2012 292 2129 348; x_wconf 79' lang='lat' dir='ltr'><strong>LX.</strong></span> <span class='ocrx_word' id='word_1_452' title='bbox 2162 294 2439 353; x_wconf 62' lang='lat' dir='ltr'><strong>Chalcidice</strong></span> <span class='ocrx_word' id='word_1_453' title='bbox 2485 310 2531 354; x_wconf 83' lang='lat' dir='ltr'><strong>et</strong></span> <span class='ocrx_word' id='word_1_454' title='bbox 2568 300 2887 373; x_wconf 72' lang='lat' dir='ltr'><strong>Asyncritic.</strong></span> <span class='ocrx_word' id='word_1_455' title='bbox 2919 305 3151 378; x_wconf 89' lang='lat' dir='ltr'><strong>(Cucuso</strong></span> <span class='ocrx_word' id='word_1_456' title='bbox 3195 322 3338 365; x_wconf 86' lang='lat' dir='ltr'><strong>anno</strong></span> <span class='ocrx_word' id='word_1_457' title='bbox 3373 310 3524 384; x_wconf 70' lang='grc'><strong>404.)</strong></span> 
     </span>
    </p>
   </div>
   <div class='ocr_carea' id='block_1_65' title="bbox 2044 386 3565 471">
    <p class='ocr_par' dir='ltr' id='par_1_65' title="bbox 2044 386 3565 471">
     <span class='ocr_line' id='line_1_66' title="bbox 2044 386 3565 471; baseline 0.012 -30"><span class='ocrx_word' id='word_1_458' title='bbox 2044 386 2161 441; x_wconf 86' lang='lat' dir='ltr'><strong>Non</strong></span> <span class='ocrx_word' id='word_1_459' title='bbox 2193 404 2279 444; x_wconf 93' lang='lat' dir='ltr'><strong>me</strong></span> <span class='ocrx_word' id='word_1_460' title='bbox 2307 389 2437 460; x_wconf 86' lang='lat' dir='ltr'><strong>fugit</strong></span> <span class='ocrx_word' id='word_1_461' title='bbox 2465 392 2684 448; x_wconf 89' lang='lat' dir='ltr'><strong>crebras</strong></span> <span class='ocrx_word' id='word_1_462' title='bbox 2700 410 2799 465; x_wconf 82' lang='lat' dir='ltr'><strong>eas</strong></span> <span class='ocrx_word' id='word_1_463' title='bbox 2823 399 3168 465; x_wconf 87' lang='lat' dir='ltr'><strong>tentationes,</strong></span> <span class='ocrx_word' id='word_1_464' title='bbox 3199 416 3319 471; x_wconf 86' lang='lat' dir='ltr'><strong>quae</strong></span> <span class='ocrx_word' id='word_1_465' title='bbox 3343 401 3565 459; x_wconf 88' lang='lat' dir='ltr'><strong>domino</strong></span> 
     </span>
    </p>
   </div>
   <div class='ocr_carea' id='block_1_66' title="bbox 1976 480 3564 561">
    <p class='ocr_par' dir='ltr' id='par_1_66' title="bbox 1976 480 3564 561">
     <span class='ocr_line' id='line_1_67' title="bbox 1976 480 3564 561; baseline 0.011 -31"><span class='ocrx_word' id='word_1_466' title='bbox 1976 492 2095 531; x_wconf 90' lang='lat' dir='ltr'><strong>meo</strong></span> <span class='ocrx_word' id='word_1_467' title='bbox 2113 480 2555 537; x_wconf 89' lang='lat' dir='ltr'><strong>reverendissimo</strong></span> <span class='ocrx_word' id='word_1_468' title='bbox 2572 492 2628 539; x_wconf 90' lang='lat' dir='ltr'><strong>et</strong></span> <span class='ocrx_word' id='word_1_469' title='bbox 2644 485 3047 556; x_wconf 72' lang='lat' dir='ltr'><strong>religiosissima</strong></span> <span class='ocrx_word' id='word_1_470' title='bbox 3074 491 3388 561; x_wconf 82' lang='lat' dir='ltr'><strong>presbytero</strong></span> <span class='ocrx_word' id='word_1_471' title='bbox 3406 493 3564 548; x_wconf 66' lang='lat' dir='ltr'><strong>illata:</strong></span> 
     </span>
    </p>
   </div>
   <div class='ocr_carea' id='block_1_67' title="bbox 1973 573 3560 643">
    <p class='ocr_par' dir='ltr' id='par_1_67' title="bbox 1973 573 3560 643">
     <span class='ocr_line' id='line_1_68' title="bbox 1973 573 3560 643; baseline 0.01 -21"><span class='ocrx_word' id='word_1_472' title='bbox 1973 580 2117 634; x_wconf 85' lang='lat' dir='ltr'><strong>sunt,</strong></span> <span class='ocrx_word' id='word_1_473' title='bbox 2147 585 2391 641; x_wconf 86' lang='lat' dir='ltr'><strong>magnam</strong></span> <span class='ocrx_word' id='word_1_474' title='bbox 2422 573 2572 627; x_wconf 89' lang='lat' dir='ltr'><strong>vobis</strong></span> <span class='ocrx_word' id='word_1_475' title='bbox 2600 576 3053 643; x_wconf 86' lang='lat' dir='ltr'><strong>perturbationem</strong></span> <span class='ocrx_word' id='word_1_476' title='bbox 3075 580 3335 636; x_wconf 90' lang='lat' dir='ltr'><strong>attulisse.</strong></span> <span class='ocrx_word' id='word_1_477' title='bbox 3367 581 3560 638; x_wconf 80' lang='lat' dir='ltr'><strong>Verum</strong></span> 
     </span>
    </p>
   </div>
   <div class='ocr_carea' id='block_1_68' title="bbox 1974 657 3561 730">
    <p class='ocr_par' dir='ltr' id='par_1_68' title="bbox 1974 657 3561 730">
     <span class='ocr_line' id='line_1_69' title="bbox 1974 657 3561 730; baseline 0.011 -19"><span class='ocrx_word' id='word_1_478' title='bbox 1974 657 2104 712; x_wconf 86' lang='lat' dir='ltr'><strong>nihil</strong></span> <span class='ocrx_word' id='word_1_479' title='bbox 2132 670 2212 714; x_wconf 91' lang='lat' dir='ltr'><strong>est</strong></span> <span class='ocrx_word' id='word_1_480' title='bbox 2242 663 2586 730; x_wconf 86' lang='lat' dir='ltr'><strong>quamobrem</strong></span> <span class='ocrx_word' id='word_1_481' title='bbox 2615 664 2716 719; x_wconf 88' lang='lat' dir='ltr'><strong>hoc</strong></span> <span class='ocrx_word' id='word_1_482' title='bbox 2754 668 2970 724; x_wconf 89' lang='lat' dir='ltr'><strong>nomine</strong></span> <span class='ocrx_word' id='word_1_483' title='bbox 3006 670 3169 724; x_wconf 89' lang='lat' dir='ltr'><strong>animi</strong></span> <span class='ocrx_word' id='word_1_484' title='bbox 3211 672 3375 726; x_wconf 83' lang='lat' dir='ltr'><strong>vestri</strong></span> <span class='ocrx_word' id='word_1_485' title='bbox 3406 688 3561 727; x_wconf 90' lang='lat' dir='ltr'><strong>com-</strong></span> 
     </span>
    </p>
   </div>
   <div class='ocr_carea' id='block_1_69' title="bbox 1974 752 3563 831">
    <p class='ocr_par' dir='ltr' id='par_1_69' title="bbox 1974 752 3563 831">
     <span class='ocr_line' id='line_1_70' title="bbox 1974 752 3563 831; baseline 0.01 -30"><span class='ocrx_word' id='word_1_486' title='bbox 1974 757 2305 805; x_wconf 71' lang='lat' dir='ltr'><strong>moveantur.</strong></span> <span class='ocrx_word' id='word_1_487' title='bbox 2337 752 2467 807; x_wconf 88' lang='lat' dir='ltr'><strong>Nam</strong></span> <span class='ocrx_word' id='word_1_488' title='bbox 2494 755 2582 824; x_wconf 91' lang='lat' dir='ltr'><strong>qui</strong></span> <span class='ocrx_word' id='word_1_489' title='bbox 2623 755 2716 811; x_wconf 89' lang='lat' dir='ltr'><strong>Dei</strong></span> <span class='ocrx_word' id='word_1_490' title='bbox 2746 770 2907 812; x_wconf 89' lang='lat' dir='ltr'><strong>causa</strong></span> <span class='ocrx_word' id='word_1_491' title='bbox 2949 759 3065 816; x_wconf 70' lang='lat' dir='ltr'><strong>haec</strong></span> <span class='ocrx_word' id='word_1_492' title='bbox 3105 762 3421 830; x_wconf 90' lang='lat' dir='ltr'><strong>perpetitur,</strong></span> <span class='ocrx_word' id='word_1_493' title='bbox 3452 777 3563 831; x_wconf 88' lang='lat' dir='ltr'><strong>quo</strong></span> 
     </span>
    </p>
   </div>
   <div class='ocr_carea' id='block_1_70' title="bbox 1974 840 3562 918">
    <p class='ocr_par' dir='ltr' id='par_1_70' title="bbox 1974 840 3562 918">
     <span class='ocr_line' id='line_1_71' title="bbox 1974 840 3562 918; baseline 0.009 -26"><span class='ocrx_word' id='word_1_494' title='bbox 1974 840 2217 909; x_wconf 82' lang='lat' dir='ltr'><strong>graviora</strong></span> <span class='ocrx_word' id='word_1_495' title='bbox 2248 844 2550 911; x_wconf 89' lang='lat' dir='ltr'><strong>pertulerit,</strong></span> <span class='ocrx_word' id='word_1_496' title='bbox 2599 860 2665 899; x_wconf 91' lang='lat' dir='ltr'><strong>eo</strong></span> <span class='ocrx_word' id='word_1_497' title='bbox 2704 861 2916 918; x_wconf 90' lang='lat' dir='ltr'><strong>quoque</strong></span> <span class='ocrx_word' id='word_1_498' title='bbox 2958 850 3188 918; x_wconf 85' lang='lat' dir='ltr'><strong>majores</strong></span> <span class='ocrx_word' id='word_1_499' title='bbox 3223 865 3450 906; x_wconf 89' lang='lat' dir='ltr'><strong>coronas</strong></span> <span class='ocrx_word' id='word_1_500' title='bbox 3475 868 3562 907; x_wconf 89' lang='lat' dir='ltr'><strong>re-</strong></span> 
     </span>
    </p>
   </div>
   <div class='ocr_carea' id='block_1_71' title="bbox 1974 930 3558 1008">
    <p class='ocr_par' dir='ltr' id='par_1_71' title="bbox 1974 930 3558 1008">
     <span class='ocr_line' id='line_1_72' title="bbox 1974 930 3558 1008; baseline 0.009 -25"><span class='ocrx_word' id='word_1_501' title='bbox 1974 930 2127 986; x_wconf 90' lang='lat' dir='ltr'><strong>feret.</strong></span> <span class='ocrx_word' id='word_1_502' title='bbox 2175 932 2305 988; x_wconf 91' lang='lat' dir='ltr'><strong>Cum</strong></span> <span class='ocrx_word' id='word_1_503' title='bbox 2338 935 2495 1004; x_wconf 90' lang='lat' dir='ltr'><strong>igitur</strong></span> <span class='ocrx_word' id='word_1_504' title='bbox 2536 935 2673 991; x_wconf 90' lang='lat' dir='ltr'><strong>hanc</strong></span> <span class='ocrx_word' id='word_1_505' title='bbox 2715 938 2846 993; x_wconf 90' lang='lat' dir='ltr'><strong>satis</strong></span> <span class='ocrx_word' id='word_1_506' title='bbox 2879 940 3106 1008; x_wconf 88' lang='lat' dir='ltr'><strong>amplam</strong></span> <span class='ocrx_word' id='word_1_507' title='bbox 3138 940 3558 998; x_wconf 91' lang='lat' dir='ltr'><strong>consolationem</strong></span> 
     </span>
    </p>
   </div>
   <div class='ocr_carea' id='block_1_72' title="bbox 1972 1019 3556 1098">
    <p class='ocr_par' dir='ltr' id='par_1_72' title="bbox 1972 1019 3556 1098">
     <span class='ocr_line' id='line_1_73' title="bbox 1972 1019 3556 1098; baseline 0.009 -26"><span class='ocrx_word' id='word_1_508' title='bbox 1972 1019 2233 1087; x_wconf 90' lang='lat' dir='ltr'><strong>habeatis,</strong></span> <span class='ocrx_word' id='word_1_509' title='bbox 2279 1031 2498 1079; x_wconf 90' lang='lat' dir='ltr'><strong>strenuo</strong></span> <span class='ocrx_word' id='word_1_510' title='bbox 2532 1025 2728 1091; x_wconf 87' lang='lat' dir='ltr'><strong>animo,</strong></span> <span class='ocrx_word' id='word_1_511' title='bbox 2774 1035 2976 1082; x_wconf 90' lang='lat' dir='ltr'><strong>etcum</strong></span> <span class='ocrx_word' id='word_1_512' title='bbox 3013 1030 3297 1098; x_wconf 84' lang='lat' dir='ltr'><strong>gratiarum</strong></span> <span class='ocrx_word' id='word_1_513' title='bbox 3326 1031 3556 1098; x_wconf 89' lang='lat' dir='ltr'><strong>actione,</strong></span> 
     </span>
    </p>
   </div>
   <div class='ocr_carea' id='block_1_73' title="bbox 1972 1112 3557 1187">
    <p class='ocr_par' dir='ltr' id='par_1_73' title="bbox 1972 1112 3557 1187">
     <span class='ocr_line' id='line_1_74' title="bbox 1972 1112 3557 1187; baseline 0.007 -22"><span class='ocrx_word' id='word_1_514' title='bbox 1972 1125 2033 1165; x_wconf 92' lang='lat' dir='ltr'><strong>ea</strong></span> <span class='ocrx_word' id='word_1_515' title='bbox 2063 1126 2181 1180; x_wconf 81' lang='lat' dir='ltr'><strong>quae</strong></span> <span class='ocrx_word' id='word_1_516' title='bbox 2219 1112 2463 1168; x_wconf 90' lang='lat' dir='ltr'><strong>accidunt</strong></span> <span class='ocrx_word' id='word_1_517' title='bbox 2503 1115 2653 1178; x_wconf 86' lang='lat' dir='ltr'><strong>ferte,</strong></span> <span class='ocrx_word' id='word_1_518' title='bbox 2688 1115 2780 1171; x_wconf 91' lang='lat' dir='ltr'><strong>Dei</strong></span> <span class='ocrx_word' id='word_1_519' title='bbox 2818 1117 3038 1187; x_wconf 88' lang='lat' dir='ltr'><strong>gloriam</strong></span> <span class='ocrx_word' id='word_1_520' title='bbox 3067 1118 3137 1173; x_wconf 92' lang='lat' dir='ltr'><strong>ob</strong></span> <span class='ocrx_word' id='word_1_521' title='bbox 3165 1134 3351 1177; x_wconf 90' lang='lat' dir='ltr'><strong>omnes</strong></span> <span class='ocrx_word' id='word_1_522' title='bbox 3375 1136 3557 1176; x_wconf 82' lang='lat' dir='ltr'><strong>rerum</strong></span> 
     </span>
    </p>
   </div>
   <div class='ocr_carea' id='block_1_74' title="bbox 1972 1202 3559 1279">
    <p class='ocr_par' dir='ltr' id='par_1_74' title="bbox 1972 1202 3559 1279">
     <span class='ocr_line' id='line_1_75' title="bbox 1972 1202 3559 1279; baseline 0.007 -24"><span class='ocrx_word' id='word_1_523' title='bbox 1972 1211 2195 1255; x_wconf 88' lang='lat' dir='ltr'><strong>eventus</strong></span> <span class='ocrx_word' id='word_1_524' title='bbox 2218 1202 2584 1271; x_wconf 71' lang='lat' dir='ltr'><strong>prmdicantes.</strong></span> <span class='ocrx_word' id='word_1_525' title='bbox 2607 1205 2695 1261; x_wconf 90' lang='lat' dir='ltr'><strong>Sic</strong></span> <span class='ocrx_word' id='word_1_526' title='bbox 2715 1206 2855 1261; x_wconf 91' lang='lat' dir='ltr'><strong>enim</strong></span> <span class='ocrx_word' id='word_1_527' title='bbox 2884 1223 2979 1263; x_wconf 82' lang='lat' dir='ltr'><strong>vos</strong></span> <span class='ocrx_word' id='word_1_528' title='bbox 2999 1224 3210 1279; x_wconf 88' lang='lat' dir='ltr'><strong>quoque</strong></span> <span class='ocrx_word' id='word_1_529' title='bbox 3238 1209 3288 1264; x_wconf 90' lang='lat' dir='ltr'><strong>in</strong></span> <span class='ocrx_word' id='word_1_530' title='bbox 3313 1213 3559 1279; x_wconf 66' lang='lat' dir='ltr'><strong>praemio-</strong></span> 
     </span>
    </p>
   </div>
   <div class='ocr_carea' id='block_1_75' title="bbox 1971 1297 3557 1365">
    <p class='ocr_par' dir='ltr' id='par_1_75' title="bbox 1971 1297 3557 1365">
     <span class='ocr_line' id='line_1_76' title="bbox 1971 1297 3557 1365; baseline 0.008 -21"><span class='ocrx_word' id='word_1_531' title='bbox 1971 1305 2089 1344; x_wconf 92' lang='lat' dir='ltr'><strong>rum</strong></span> <span class='ocrx_word' id='word_1_532' title='bbox 2134 1302 2186 1345; x_wconf 91' lang='lat' dir='ltr'><strong>et</strong></span> <span class='ocrx_word' id='word_1_533' title='bbox 2223 1307 2578 1361; x_wconf 87' lang='lat' dir='ltr'><strong>coronarum,</strong></span> <span class='ocrx_word' id='word_1_534' title='bbox 2616 1310 2736 1365; x_wconf 73' lang='lat' dir='ltr'><strong>qua:</strong></span> <span class='ocrx_word' id='word_1_535' title='bbox 2777 1297 2922 1352; x_wconf 90' lang='lat' dir='ltr'><strong>illum</strong></span> <span class='ocrx_word' id='word_1_536' title='bbox 2966 1308 3204 1364; x_wconf 90' lang='lat' dir='ltr'><strong>manent,</strong></span> <span class='ocrx_word' id='word_1_537' title='bbox 3248 1300 3557 1356; x_wconf 84' lang='lat' dir='ltr'><strong>societatem</strong></span> 
     </span>
    </p>
   </div>
   <div class='ocr_carea' id='block_1_76' title="bbox 1970 1381 3559 1457">
    <p class='ocr_par' dir='ltr' id='par_1_76' title="bbox 1970 1381 3559 1457">
     <span class='ocr_line' id='line_1_77' title="bbox 1970 1381 3559 1457; baseline 0.008 -24"><span class='ocrx_word' id='word_1_538' title='bbox 1970 1381 2197 1435; x_wconf 89' lang='lat' dir='ltr'><strong>venietis</strong></span> <span class='ocrx_word' id='word_1_539' title='bbox 2216 1421 2233 1448; x_wconf 93' lang='lat'><strong>,</strong></span> <span class='ocrx_word' id='word_1_540' title='bbox 2269 1382 2312 1437; x_wconf 91' lang='lat' dir='ltr'><strong>si</strong></span> <span class='ocrx_word' id='word_1_541' title='bbox 2343 1397 2404 1437; x_wconf 92' lang='lat' dir='ltr'><strong>ea</strong></span> <span class='ocrx_word' id='word_1_542' title='bbox 2433 1398 2552 1453; x_wconf 75' lang='lat' dir='ltr'><strong>qua:</strong></span> <span class='ocrx_word' id='word_1_543' title='bbox 2577 1386 2884 1440; x_wconf 90' lang='lat' dir='ltr'><strong>acciderunt</strong></span> <span class='ocrx_word' id='word_1_544' title='bbox 2913 1385 3034 1441; x_wconf 85' lang='lat' dir='ltr'><strong>forti</strong></span> <span class='ocrx_word' id='word_1_545' title='bbox 3064 1397 3118 1442; x_wconf 92' lang='lat' dir='ltr'><strong>et</strong></span> <span class='ocrx_word' id='word_1_546' title='bbox 3144 1390 3350 1457; x_wconf 86' lang='lat' dir='ltr'><strong>placido</strong></span> <span class='ocrx_word' id='word_1_547' title='bbox 3378 1392 3559 1446; x_wconf 90' lang='lat' dir='ltr'><strong>animo</strong></span> 
     </span>
    </p>
   </div>
   <div class='ocr_carea' id='block_1_77' title="bbox 1972 1471 3557 1547">
    <p class='ocr_par' dir='ltr' id='par_1_77' title="bbox 1972 1471 3557 1547">
     <span class='ocr_line' id='line_1_78' title="bbox 1972 1471 3557 1547; baseline 0.006 -21"><span class='ocrx_word' id='word_1_548' title='bbox 1972 1471 2218 1527; x_wconf 82' lang='lat' dir='ltr'><strong>tuleritis.</strong></span> <span class='ocrx_word' id='word_1_549' title='bbox 2258 1472 2417 1527; x_wconf 90' lang='lat' dir='ltr'><strong>Scitis</strong></span> <span class='ocrx_word' id='word_1_550' title='bbox 2446 1474 2589 1529; x_wconf 90' lang='lat' dir='ltr'><strong>enim</strong></span> <span class='ocrx_word' id='word_1_551' title='bbox 2615 1476 2755 1529; x_wconf 87' lang='lat' dir='ltr'><strong>viam</strong></span> <span class='ocrx_word' id='word_1_552' title='bbox 2784 1489 2904 1531; x_wconf 92' lang='lat' dir='ltr'><strong>esse</strong></span> <span class='ocrx_word' id='word_1_553' title='bbox 2945 1488 3264 1547; x_wconf 77' lang='lat' dir='ltr'><strong>prtesentem</strong></span> <span class='ocrx_word' id='word_1_554' title='bbox 3312 1479 3449 1535; x_wconf 89' lang='lat' dir='ltr'><strong>hanc</strong></span> <span class='ocrx_word' id='word_1_555' title='bbox 3474 1482 3557 1535; x_wconf 88' lang='lat' dir='ltr'><strong>vi-</strong></span> 
     </span>
    </p>
   </div>
   <div class='ocr_carea' id='block_1_78' title="bbox 1973 1563 3560 1640">
    <p class='ocr_par' dir='ltr' id='par_1_78' title="bbox 1973 1563 3560 1640">
     <span class='ocr_line' id='line_1_79' title="bbox 1973 1563 3560 1640; baseline 0.006 -23"><span class='ocrx_word' id='word_1_556' title='bbox 1973 1570 2102 1627; x_wconf 91' lang='lat' dir='ltr'><strong>tam,</strong></span> <span class='ocrx_word' id='word_1_557' title='bbox 2130 1563 2350 1632; x_wconf 86' lang='lat' dir='ltr'><strong>ejusque</strong></span> <span class='ocrx_word' id='word_1_558' title='bbox 2377 1572 2483 1618; x_wconf 93' lang='lat' dir='ltr'><strong>tam</strong></span> <span class='ocrx_word' id='word_1_559' title='bbox 2514 1580 2601 1620; x_wconf 89' lang='lat' dir='ltr'><strong>res</strong></span> <span class='ocrx_word' id='word_1_560' title='bbox 2628 1564 2776 1619; x_wconf 73' lang='lat' dir='ltr'><strong>lzetas</strong></span> <span class='ocrx_word' id='word_1_561' title='bbox 2800 1581 2863 1621; x_wconf 90' lang='lat' dir='ltr'><strong>ac</strong></span> <span class='ocrx_word' id='word_1_562' title='bbox 2884 1566 3169 1636; x_wconf 88' lang='lat' dir='ltr'><strong>jucundas,</strong></span> <span class='ocrx_word' id='word_1_563' title='bbox 3194 1585 3350 1638; x_wconf 88' lang='lat' dir='ltr'><strong>quam</strong></span> <span class='ocrx_word' id='word_1_564' title='bbox 3370 1585 3560 1640; x_wconf 84' lang='lat' dir='ltr'><strong>graves</strong></span> 
     </span>
    </p>
   </div>
   <div class='ocr_carea' id='block_1_79' title="bbox 1971 1653 3559 1725">
    <p class='ocr_par' dir='ltr' id='par_1_79' title="bbox 1971 1653 3559 1725">
     <span class='ocr_line' id='line_1_80' title="bbox 1971 1653 3559 1725; baseline 0.006 -17"><span class='ocrx_word' id='word_1_565' title='bbox 1971 1661 2027 1708; x_wconf 92' lang='lat' dir='ltr'><strong>et</strong></span> <span class='ocrx_word' id='word_1_566' title='bbox 2054 1653 2306 1707; x_wconf 89' lang='lat' dir='ltr'><strong>molestas</strong></span> <span class='ocrx_word' id='word_1_567' title='bbox 2331 1656 2609 1723; x_wconf 66' lang='lat' dir='ltr'><strong>praeterire</strong></span> <span class='ocrx_word' id='word_1_568' title='bbox 2633 1672 2647 1709; x_wconf 92' lang='lat'><strong>:</strong></span> <span class='ocrx_word' id='word_1_569' title='bbox 2669 1655 2906 1725; x_wconf 90' lang='lat' dir='ltr'><strong>illudque</strong></span> <span class='ocrx_word' id='word_1_570' title='bbox 2935 1659 3059 1713; x_wconf 91' lang='lat' dir='ltr'><strong>item</strong></span> <span class='ocrx_word' id='word_1_571' title='bbox 3088 1659 3240 1713; x_wconf 90' lang='lat' dir='ltr'><strong>nobis</strong></span> <span class='ocrx_word' id='word_1_572' title='bbox 3262 1660 3559 1717; x_wconf 87' lang='lat' dir='ltr'><strong>faciendum</strong></span> 
     </span>
    </p>
   </div>
   <div class='ocr_carea' id='block_1_80' title="bbox 1970 1747 3562 1821">
    <p class='ocr_par' dir='ltr' id='par_1_80' title="bbox 1970 1747 3562 1821">
     <span class='ocr_line' id='line_1_81' title="bbox 1970 1747 3562 1821; baseline 0.005 -22"><span class='ocrx_word' id='word_1_573' title='bbox 1970 1758 2111 1810; x_wconf 79' lang='lat' dir='ltr'><strong>esse,</strong></span> <span class='ocrx_word' id='word_1_574' title='bbox 2141 1754 2198 1800; x_wconf 92' lang='lat' dir='ltr'><strong>ut</strong></span> <span class='ocrx_word' id='word_1_575' title='bbox 2241 1761 2339 1817; x_wconf 88' lang='lat' dir='ltr'><strong>per</strong></span> <span class='ocrx_word' id='word_1_576' title='bbox 2363 1748 2557 1802; x_wconf 90' lang='lat' dir='ltr'><strong>multas</strong></span> <span class='ocrx_word' id='word_1_577' title='bbox 2592 1747 2963 1804; x_wconf 84' lang='lat' dir='ltr'><strong>tribulationes</strong></span> <span class='ocrx_word' id='word_1_578' title='bbox 3005 1751 3058 1804; x_wconf 87' lang='lat' dir='ltr'><strong>in</strong></span> <span class='ocrx_word' id='word_1_579' title='bbox 3098 1751 3189 1806; x_wconf 92' lang='lat' dir='ltr'><strong>Dei</strong></span> <span class='ocrx_word' id='word_1_580' title='bbox 3230 1767 3450 1821; x_wconf 86' lang='lat' dir='ltr'><strong>regnum</strong></span> <span class='ocrx_word' id='word_1_581' title='bbox 3480 1754 3562 1807; x_wconf 84' lang='lat' dir='ltr'><strong>in-</strong></span> 
     </span>
    </p>
   </div>
   <div class='ocr_carea' id='block_1_81' title="bbox 1971 1844 3560 1911">
    <p class='ocr_par' dir='ltr' id='par_1_81' title="bbox 1971 1844 3560 1911">
     <span class='ocr_line' id='line_1_82' title="bbox 1971 1844 3560 1911; baseline 0.004 -21"><span class='ocrx_word' id='word_1_582' title='bbox 1971 1844 2243 1891; x_wconf 87' lang='lat' dir='ltr'><strong>troeamus</strong></span> <span class='ocrx_word' id='word_1_583' title='bbox 2288 1856 2302 1891; x_wconf 74' lang='grc' dir='ltr'><strong>ε</strong></span> <span class='ocrx_word' id='word_1_584' title='bbox 2332 1849 2640 1908; x_wconf 88' lang='lat' dir='ltr'><strong>arctamque</strong></span> <span class='ocrx_word' id='word_1_585' title='bbox 2680 1851 2844 1908; x_wconf 88' lang='lat' dir='ltr'><strong>atque</strong></span> <span class='ocrx_word' id='word_1_586' title='bbox 2878 1849 3158 1909; x_wconf 87' lang='lat' dir='ltr'><strong>angustam</strong></span> <span class='ocrx_word' id='word_1_587' title='bbox 3208 1851 3413 1911; x_wconf 88' lang='lat' dir='ltr'><strong>portam</strong></span> <span class='ocrx_word' id='word_1_588' title='bbox 3440 1858 3560 1898; x_wconf 90' lang='lat' dir='ltr'><strong>esse</strong></span> 
     </span>
    </p>
   </div>
   <div class='ocr_carea' id='block_1_82' title="bbox 1970 1930 3554 2005">
    <p class='ocr_par' dir='ltr' id='par_1_82' title="bbox 1970 1930 3554 2005">
     <span class='ocr_line' id='line_1_83' title="bbox 1970 1930 3554 2005; baseline 0.005 -23"><span class='ocrx_word' id='word_1_589' title='bbox 1970 1944 2091 1999; x_wconf 65' lang='lat' dir='ltr'><strong>quae</strong></span> <span class='ocrx_word' id='word_1_590' title='bbox 2117 1930 2183 1984; x_wconf 91' lang='lat' dir='ltr'><strong>ad</strong></span> <span class='ocrx_word' id='word_1_591' title='bbox 2212 1931 2375 1984; x_wconf 90' lang='lat' dir='ltr'><strong>vitam</strong></span> <span class='ocrx_word' id='word_1_592' title='bbox 2405 1931 2569 1986; x_wconf 91' lang='lat' dir='ltr'><strong>ducit.</strong></span> <span class='ocrx_word' id='word_1_593' title='bbox 2598 1931 2728 2000; x_wconf 68' lang='lat' dir='ltr'><strong>Qua:</strong></span> <span class='ocrx_word' id='word_1_594' title='bbox 2755 1947 2876 1987; x_wconf 94' lang='lat' dir='ltr'><strong>cum</strong></span> <span class='ocrx_word' id='word_1_595' title='bbox 2907 1933 2978 1987; x_wconf 87' lang='lat' dir='ltr'><strong>ita</strong></span> <span class='ocrx_word' id='word_1_596' title='bbox 3003 1934 3130 2000; x_wconf 91' lang='lat' dir='ltr'><strong>sint,</strong></span> <span class='ocrx_word' id='word_1_597' title='bbox 3155 1943 3263 1989; x_wconf 90' lang='lat' dir='ltr'><strong>tum</strong></span> <span class='ocrx_word' id='word_1_598' title='bbox 3298 1951 3392 2005; x_wconf 87' lang='lat' dir='ltr'><strong>per</strong></span> <span class='ocrx_word' id='word_1_599' title='bbox 3420 1936 3554 2003; x_wconf 75' lang='lat' dir='ltr'><strong>lucc,</strong></span> 
     </span>
    </p>
   </div>
   <div class='ocr_carea' id='block_1_83' title="bbox 1973 2022 3560 2092">
    <p class='ocr_par' dir='ltr' id='par_1_83' title="bbox 1973 2022 3560 2092">
     <span class='ocr_line' id='line_1_84' title="bbox 1973 2022 3560 2092; baseline 0.004 -18"><span class='ocrx_word' id='word_1_600' title='bbox 1973 2028 2085 2074; x_wconf 88' lang='lat' dir='ltr'><strong>tum</strong></span> <span class='ocrx_word' id='word_1_601' title='bbox 2130 2035 2226 2091; x_wconf 90' lang='lat' dir='ltr'><strong>per</strong></span> <span class='ocrx_word' id='word_1_602' title='bbox 2261 2022 2426 2091; x_wconf 86' lang='lat' dir='ltr'><strong>ipsius</strong></span> <span class='ocrx_word' id='word_1_603' title='bbox 2460 2022 2796 2092; x_wconf 68' lang='lat' dir='ltr'><strong>prmsentiam</strong></span> <span class='ocrx_word' id='word_1_604' title='bbox 2842 2022 3033 2077; x_wconf 86' lang='lat' dir='ltr'><strong>solatio</strong></span> <span class='ocrx_word' id='word_1_605' title='bbox 3074 2033 3311 2090; x_wconf 85' lang='lat' dir='ltr'><strong>accepto,</strong></span> <span class='ocrx_word' id='word_1_606' title='bbox 3364 2025 3560 2082; x_wconf 80' lang='lat' dir='ltr'><strong>nubem</strong></span> 
     </span>
    </p>
   </div>
   <div class='ocr_carea' id='block_1_84' title="bbox 1971 2111 3562 2182">
    <p class='ocr_par' dir='ltr' id='par_1_84' title="bbox 1971 2111 3562 2182">
     <span class='ocr_line' id='line_1_85' title="bbox 1971 2111 3562 2182; baseline 0.002 -16"><span class='ocrx_word' id='word_1_607' title='bbox 1971 2125 2185 2167; x_wconf 91' lang='lat' dir='ltr'><strong>omnem</strong></span> <span class='ocrx_word' id='word_1_608' title='bbox 2212 2112 2459 2166; x_wconf 72' lang='lat' dir='ltr'><strong>mmroris</strong></span> <span class='ocrx_word' id='word_1_609' title='bbox 2482 2111 2797 2178; x_wconf 87' lang='lat' dir='ltr'><strong>discutietis,</strong></span> <span class='ocrx_word' id='word_1_610' title='bbox 2828 2112 2898 2167; x_wconf 91' lang='lat' dir='ltr'><strong>ob</strong></span> <span class='ocrx_word' id='word_1_611' title='bbox 2925 2113 3090 2182; x_wconf 89' lang='lat' dir='ltr'><strong>ipsius</strong></span> <span class='ocrx_word' id='word_1_612' title='bbox 3116 2113 3446 2170; x_wconf 88' lang='lat' dir='ltr'><strong>calamitates</strong></span> <span class='ocrx_word' id='word_1_613' title='bbox 3469 2115 3562 2169; x_wconf 79' lang='lat' dir='ltr'><strong>la:-</strong></span> 
     </span>
    </p>
   </div>
   <div class='ocr_carea' id='block_1_85' title="bbox 1973 2202 3558 2272">
    <p class='ocr_par' dir='ltr' id='par_1_85' title="bbox 1973 2202 3558 2272">
     <span class='ocr_line' id='line_1_86' title="bbox 1973 2202 3558 2272; baseline 0.001 -15"><span class='ocrx_word' id='word_1_614' title='bbox 1973 2203 2142 2258; x_wconf 87' lang='lat' dir='ltr'><strong>titiam</strong></span> <span class='ocrx_word' id='word_1_615' title='bbox 2171 2219 2233 2258; x_wconf 88' lang='lat' dir='ltr'><strong>ac</strong></span> <span class='ocrx_word' id='word_1_616' title='bbox 2259 2203 2583 2272; x_wconf 88' lang='lat' dir='ltr'><strong>voluptatem</strong></span> <span class='ocrx_word' id='word_1_617' title='bbox 2613 2203 2794 2257; x_wconf 88' lang='lat' dir='ltr'><strong>animo</strong></span> <span class='ocrx_word' id='word_1_618' title='bbox 2840 2202 3221 2272; x_wconf 89' lang='lat' dir='ltr'><strong>eoneipientes.</strong></span> <span class='ocrx_word' id='word_1_619' title='bbox 3266 2203 3400 2258; x_wconf 81' lang='lat' dir='ltr'><strong>Nam</strong></span> <span class='ocrx_word' id='word_1_620' title='bbox 3442 2204 3558 2259; x_wconf 64' lang='lat' dir='ltr'><strong>fruo</strong></span> 
     </span>
    </p>
   </div>
   <div class='ocr_carea' id='block_1_86' title="bbox 1971 2291 3564 2364">
    <p class='ocr_par' dir='ltr' id='par_1_86' title="bbox 1971 2291 3564 2364">
     <span class='ocr_line' id='line_1_87' title="bbox 1971 2291 3564 2364; baseline 0.001 -15"><span class='ocrx_word' id='word_1_621' title='bbox 1971 2302 2089 2350; x_wconf 87' lang='lat' dir='ltr'><strong>ctus</strong></span> <span class='ocrx_word' id='word_1_622' title='bbox 2117 2293 2241 2348; x_wconf 90' lang='lat' dir='ltr'><strong>hinc</strong></span> <span class='ocrx_word' id='word_1_623' title='bbox 2272 2291 2641 2348; x_wconf 87' lang='lat' dir='ltr'><strong>inenarrabilis</strong></span> <span class='ocrx_word' id='word_1_624' title='bbox 2666 2302 2720 2347; x_wconf 92' lang='lat' dir='ltr'><strong>et</strong></span> <span class='ocrx_word' id='word_1_625' title='bbox 2747 2292 3105 2363; x_wconf 89' lang='lat' dir='ltr'><strong>corruptionis</strong></span> <span class='ocrx_word' id='word_1_626' title='bbox 3128 2307 3323 2363; x_wconf 82' lang='lat' dir='ltr'><strong>expers</strong></span> <span class='ocrx_word' id='word_1_627' title='bbox 3349 2293 3452 2364; x_wconf 86' lang='lat' dir='ltr'><strong>ipsi</strong></span> <span class='ocrx_word' id='word_1_628' title='bbox 3477 2309 3564 2351; x_wconf 86' lang='lat' dir='ltr'><strong>re-</strong></span> 
     </span>
    </p>
   </div>
   <div class='ocr_carea' id='block_1_87' title="bbox 1971 2385 2252 2441">
    <p class='ocr_par' dir='ltr' id='par_1_87' title="bbox 1971 2385 2252 2441">
     <span class='ocr_line' id='line_1_88' title="bbox 1971 2385 2252 2441; baseline -0.011 0"><span class='ocrx_word' id='word_1_629' title='bbox 1971 2385 2252 2441; x_wconf 89' lang='lat' dir='ltr'><strong>condetur.</strong></span> 
     </span>
    </p>
   </div>
   <div class='ocr_carea' id='block_1_88' title="bbox 2043 2516 3486 2590">
    <p class='ocr_par' dir='ltr' id='par_1_88' title="bbox 2043 2516 3486 2590">
     <span class='ocr_line' id='line_1_89' title="bbox 2043 2516 3486 2590; baseline -0.003 -15"><span class='ocrx_word' id='word_1_630' title='bbox 2043 2518 2196 2576; x_wconf 79' lang='lat' dir='ltr'><strong>LXI.</strong></span> <span class='ocrx_word' id='word_1_631' title='bbox 2227 2519 2480 2574; x_wconf 74' lang='lat' dir='ltr'><strong>Theodoto</strong></span> <span class='ocrx_word' id='word_1_632' title='bbox 2509 2534 2572 2573; x_wconf 73' lang='lat' dir='ltr'><strong>ea:</strong></span> <span class='ocrx_word' id='word_1_633' title='bbox 2609 2516 2960 2573; x_wconf 80' lang='lat' dir='ltr'><strong>consularibus</strong></span> <span class='ocrx_word' id='word_1_634' title='bbox 2986 2516 3085 2590; x_wconf 87' lang='lat' dir='ltr'><strong>(a).</strong></span> <span class='ocrx_word' id='word_1_635' title='bbox 3110 2517 3298 2589; x_wconf 83' lang='lat' dir='ltr'><strong>(Anno</strong></span> <span class='ocrx_word' id='word_1_636' title='bbox 3326 2516 3486 2586; x_wconf 70' lang='grc'><strong>406.)</strong></span> 
     </span>
    </p>
   </div>
   <div class='ocr_carea' id='block_1_89' title="bbox 2042 2644 3560 2721">
    <p class='ocr_par' dir='ltr' id='par_1_89' title="bbox 2042 2644 3560 2721">
     <span class='ocr_line' id='line_1_90' title="bbox 2042 2644 3560 2721; baseline -0.004 -14"><span class='ocrx_word' id='word_1_637' title='bbox 2042 2650 2158 2707; x_wconf 84' lang='lat' dir='ltr'><strong>Hoc</strong></span> <span class='ocrx_word' id='word_1_638' title='bbox 2184 2659 2268 2707; x_wconf 89' lang='lat' dir='ltr'><strong>est</strong></span> <span class='ocrx_word' id='word_1_639' title='bbox 2308 2659 2514 2721; x_wconf 88' lang='lat' dir='ltr'><strong>patrem</strong></span> <span class='ocrx_word' id='word_1_640' title='bbox 2539 2663 2679 2716; x_wconf 88' lang='lat' dir='ltr'><strong>esse,</strong></span> <span class='ocrx_word' id='word_1_641' title='bbox 2721 2662 2828 2703; x_wconf 91' lang='lat' dir='ltr'><strong>non</strong></span> <span class='ocrx_word' id='word_1_642' title='bbox 2855 2647 3016 2702; x_wconf 91' lang='lat' dir='ltr'><strong>modo</strong></span> <span class='ocrx_word' id='word_1_643' title='bbox 3045 2644 3171 2701; x_wconf 91' lang='lat' dir='ltr'><strong>illud</strong></span> <span class='ocrx_word' id='word_1_644' title='bbox 3198 2661 3304 2701; x_wconf 93' lang='lat' dir='ltr'><strong>non</strong></span> <span class='ocrx_word' id='word_1_645' title='bbox 3336 2645 3560 2701; x_wconf 82' lang='lat' dir='ltr'><strong>moleste</strong></span> 
     </span>
    </p>
   </div>
   <div class='ocr_carea' id='block_1_90' title="bbox 1973 2736 3563 2813">
    <p class='ocr_par' dir='ltr' id='par_1_90' title="bbox 1973 2736 3563 2813">
     <span class='ocr_line' id='line_1_91' title="bbox 1973 2736 3563 2813; baseline -0.006 -16"><span class='ocrx_word' id='word_1_646' title='bbox 1973 2742 2134 2807; x_wconf 86' lang='lat' dir='ltr'><strong>ferre,</strong></span> <span class='ocrx_word' id='word_1_647' title='bbox 2191 2740 2332 2810; x_wconf 88' lang='lat' dir='ltr'><strong>quod</strong></span> <span class='ocrx_word' id='word_1_648' title='bbox 2369 2739 2511 2795; x_wconf 82' lang='lat' dir='ltr'><strong>filius</strong></span> <span class='ocrx_word' id='word_1_649' title='bbox 2539 2752 2720 2794; x_wconf 89' lang='lat' dir='ltr'><strong>veram</strong></span> <span class='ocrx_word' id='word_1_650' title='bbox 2758 2737 3071 2806; x_wconf 84' lang='lat' dir='ltr'><strong>sapientiam</strong></span> <span class='ocrx_word' id='word_1_651' title='bbox 3116 2736 3444 2806; x_wconf 83' lang='lat' dir='ltr'><strong>profiteatur,</strong></span> <span class='ocrx_word' id='word_1_652' title='bbox 3468 2751 3563 2813; x_wconf 62' lang='lat' dir='ltr'><strong>ve.</strong></span> 
     </span>
    </p>
   </div>
   <div class='ocr_carea' id='block_1_91' title="bbox 1972 2825 3556 2900">
    <p class='ocr_par' dir='ltr' id='par_1_91' title="bbox 1972 2825 3556 2900">
     <span class='ocr_line' id='line_1_92' title="bbox 1972 2825 3556 2900; baseline -0.005 -12"><span class='ocrx_word' id='word_1_653' title='bbox 1972 2848 2091 2888; x_wconf 86' lang='lat' dir='ltr'><strong>rum</strong></span> <span class='ocrx_word' id='word_1_654' title='bbox 2118 2833 2280 2887; x_wconf 84' lang='lat' dir='ltr'><strong>etiam</strong></span> <span class='ocrx_word' id='word_1_655' title='bbox 2320 2830 2419 2900; x_wconf 84' lang='lat' dir='ltr'><strong>ipsi</strong></span> <span class='ocrx_word' id='word_1_656' title='bbox 2461 2829 2658 2884; x_wconf 89' lang='lat' dir='ltr'><strong>idcirco</strong></span> <span class='ocrx_word' id='word_1_657' title='bbox 2680 2827 2954 2898; x_wconf 86' lang='lat' dir='ltr'><strong>gratulari,</strong></span> <span class='ocrx_word' id='word_1_658' title='bbox 2984 2825 3223 2897; x_wconf 90' lang='lat' dir='ltr'><strong>nihilque</strong></span> <span class='ocrx_word' id='word_1_659' title='bbox 3249 2840 3354 2880; x_wconf 91' lang='lat' dir='ltr'><strong>non</strong></span> <span class='ocrx_word' id='word_1_660' title='bbox 3378 2839 3556 2895; x_wconf 87' lang='lat' dir='ltr'><strong>agere,</strong></span> 
     </span>
    </p>
   </div>
   <div class='ocr_carea' id='block_1_92' title="bbox 1972 2916 3558 2996">
    <p class='ocr_par' dir='ltr' id='par_1_92' title="bbox 1972 2916 3558 2996">
     <span class='ocr_line' id='line_1_93' title="bbox 1972 2916 3558 2996; baseline -0.008 -16"><span class='ocrx_word' id='word_1_661' title='bbox 1972 2940 2080 2996; x_wconf 89' lang='lat' dir='ltr'><strong>quo</strong></span> <span class='ocrx_word' id='word_1_662' title='bbox 2104 2925 2170 2980; x_wconf 88' lang='lat' dir='ltr'><strong>ad</strong></span> <span class='ocrx_word' id='word_1_663' title='bbox 2216 2923 2379 2994; x_wconf 87' lang='lat' dir='ltr'><strong>ipsius</strong></span> <span class='ocrx_word' id='word_1_664' title='bbox 2416 2935 2596 2976; x_wconf 88' lang='lat' dir='ltr'><strong>arcem</strong></span> <span class='ocrx_word' id='word_1_665' title='bbox 2640 2919 2942 2990; x_wconf 81' lang='lat' dir='ltr'><strong>perveniat;</strong></span> <span class='ocrx_word' id='word_1_666' title='bbox 2982 2933 3046 2973; x_wconf 86' lang='lat' dir='ltr'><strong>ac</strong></span> <span class='ocrx_word' id='word_1_667' title='bbox 3081 2932 3150 2973; x_wconf 90' lang='lat' dir='ltr'><strong>ne</strong></span> <span class='ocrx_word' id='word_1_668' title='bbox 3194 2917 3296 2973; x_wconf 87' lang='lat' dir='ltr'><strong>hoc</strong></span> <span class='ocrx_word' id='word_1_669' title='bbox 3323 2916 3558 2987; x_wconf 89' lang='lat' dir='ltr'><strong>quidem,</strong></span> 
     </span>
    </p>
   </div>
   <div class='ocr_carea' id='block_1_93' title="bbox 1973 3008 3566 3086">
    <p class='ocr_par' dir='ltr' id='par_1_93' title="bbox 1973 3008 3566 3086">
     <span class='ocr_line' id='line_1_94' title="bbox 1973 3008 3566 3086; baseline -0.003 -17"><span class='ocrx_word' id='word_1_670' title='bbox 1973 3015 2118 3086; x_wconf 90' lang='lat' dir='ltr'><strong>quod</strong></span> <span class='ocrx_word' id='word_1_671' title='bbox 2144 3014 2234 3070; x_wconf 86' lang='lat' dir='ltr'><strong>ille</strong></span> <span class='ocrx_word' id='word_1_672' title='bbox 2272 3021 2384 3068; x_wconf 90' lang='lat' dir='ltr'><strong>tum</strong></span> <span class='ocrx_word' id='word_1_673' title='bbox 2418 3027 2449 3067; x_wconf 93' lang='lat' dir='ltr'><strong>a</strong></span> <span class='ocrx_word' id='word_1_674' title='bbox 2487 3012 2674 3082; x_wconf 83' lang='lat' dir='ltr'><strong>patria,</strong></span> <span class='ocrx_word' id='word_1_675' title='bbox 2713 3020 2825 3067; x_wconf 90' lang='lat' dir='ltr'><strong>tum</strong></span> <span class='ocrx_word' id='word_1_676' title='bbox 2864 3026 2894 3064; x_wconf 85' lang='lat' dir='ltr'><strong>a</strong></span> <span class='ocrx_word' id='word_1_677' title='bbox 2930 3009 3114 3077; x_wconf 89' lang='lat' dir='ltr'><strong>domo,</strong></span> <span class='ocrx_word' id='word_1_678' title='bbox 3154 3018 3263 3064; x_wconf 90' lang='lat' dir='ltr'><strong>tum</strong></span> <span class='ocrx_word' id='word_1_679' title='bbox 3299 3008 3368 3063; x_wconf 89' lang='lat' dir='ltr'><strong>ab</strong></span> <span class='ocrx_word' id='word_1_680' title='bbox 3393 3009 3566 3064; x_wconf 83' lang='lat' dir='ltr'><strong>oculis</strong></span> 
     </span>
    </p>
   </div>
   <div class='ocr_carea' id='block_1_94' title="bbox 1975 3100 3564 3177">
    <p class='ocr_par' dir='ltr' id='par_1_94' title="bbox 1975 3100 3564 3177">
     <span class='ocr_line' id='line_1_95' title="bbox 1975 3100 3564 3177; baseline -0.008 -14"><span class='ocrx_word' id='word_1_681' title='bbox 1975 3108 2080 3163; x_wconf 90' lang='lat' dir='ltr'><strong>tuis</strong></span> <span class='ocrx_word' id='word_1_682' title='bbox 2102 3105 2291 3177; x_wconf 92' lang='lat' dir='ltr'><strong>procul</strong></span> <span class='ocrx_word' id='word_1_683' title='bbox 2323 3105 2412 3167; x_wconf 88' lang='lat' dir='ltr'><strong>sit,</strong></span> <span class='ocrx_word' id='word_1_684' title='bbox 2460 3103 2641 3175; x_wconf 90' lang='lat' dir='ltr'><strong>iniquo</strong></span> <span class='ocrx_word' id='word_1_685' title='bbox 2670 3100 2849 3157; x_wconf 87' lang='lat' dir='ltr'><strong>animo</strong></span> <span class='ocrx_word' id='word_1_686' title='bbox 2878 3101 3042 3164; x_wconf 89' lang='lat' dir='ltr'><strong>ferre,</strong></span> <span class='ocrx_word' id='word_1_687' title='bbox 3070 3115 3254 3155; x_wconf 90' lang='lat' dir='ltr'><strong>verum</strong></span> <span class='ocrx_word' id='word_1_688' title='bbox 3292 3115 3431 3155; x_wconf 89' lang='lat' dir='ltr'><strong>nunc</strong></span> <span class='ocrx_word' id='word_1_689' title='bbox 3465 3114 3564 3169; x_wconf 84' lang='lat' dir='ltr'><strong>po-</strong></span> 
     </span>
    </p>
   </div>
   <div class='ocr_carea' id='block_1_95' title="bbox 1975 3189 3561 3263">
    <p class='ocr_par' dir='ltr' id='par_1_95' title="bbox 1975 3189 3561 3263">
     <span class='ocr_line' id='line_1_96' title="bbox 1975 3189 3561 3263; baseline -0.008 -10"><span class='ocrx_word' id='word_1_690' title='bbox 1975 3198 2077 3253; x_wconf 87' lang='lat' dir='ltr'><strong>tius</strong></span> <span class='ocrx_word' id='word_1_691' title='bbox 2106 3212 2172 3252; x_wconf 94' lang='lat' dir='ltr'><strong>eo</strong></span> <span class='ocrx_word' id='word_1_692' title='bbox 2193 3211 2318 3252; x_wconf 89' lang='lat' dir='ltr'><strong>esse</strong></span> <span class='ocrx_word' id='word_1_693' title='bbox 2339 3195 2538 3259; x_wconf 89' lang='lat' dir='ltr'><strong>animo,</strong></span> <span class='ocrx_word' id='word_1_694' title='bbox 2561 3203 2619 3248; x_wconf 93' lang='lat' dir='ltr'><strong>ut</strong></span> <span class='ocrx_word' id='word_1_695' title='bbox 2641 3193 2813 3263; x_wconf 91' lang='lat' dir='ltr'><strong>ipsum</strong></span> <span class='ocrx_word' id='word_1_696' title='bbox 2846 3201 3019 3248; x_wconf 90' lang='lat' dir='ltr'><strong>tecum</strong></span> <span class='ocrx_word' id='word_1_697' title='bbox 3037 3190 3236 3246; x_wconf 88' lang='lat' dir='ltr'><strong>versari</strong></span> <span class='ocrx_word' id='word_1_698' title='bbox 3266 3189 3561 3252; x_wconf 80' lang='lat' dir='ltr'><strong>existimes,</strong></span> 
     </span>
    </p>
   </div>
   <div class='ocr_carea' id='block_1_96' title="bbox 1974 3280 3563 3358">
    <p class='ocr_par' dir='ltr' id='par_1_96' title="bbox 1974 3280 3563 3358">
     <span class='ocr_line' id='line_1_97' title="bbox 1974 3280 3563 3358; baseline -0.008 -14"><span class='ocrx_word' id='word_1_699' title='bbox 1974 3304 2093 3344; x_wconf 91' lang='lat' dir='ltr'><strong>cum</strong></span> <span class='ocrx_word' id='word_1_700' title='bbox 2121 3288 2288 3358; x_wconf 88' lang='lat' dir='ltr'><strong>ipsius</strong></span> <span class='ocrx_word' id='word_1_701' title='bbox 2316 3288 2484 3341; x_wconf 88' lang='lat' dir='ltr'><strong>virtus</strong></span> <span class='ocrx_word' id='word_1_702' title='bbox 2507 3294 2750 3355; x_wconf 88' lang='lat' dir='ltr'><strong>augetur.</strong></span> <span class='ocrx_word' id='word_1_703' title='bbox 2784 3282 2864 3338; x_wconf 93' lang='lat' dir='ltr'><strong>0b</strong></span> <span class='ocrx_word' id='word_1_704' title='bbox 2888 3296 3112 3352; x_wconf 89' lang='lat' dir='ltr'><strong>eamque</strong></span> <span class='ocrx_word' id='word_1_705' title='bbox 3135 3295 3349 3336; x_wconf 87' lang='lat' dir='ltr'><strong>causam</strong></span> <span class='ocrx_word' id='word_1_706' title='bbox 3377 3280 3563 3349; x_wconf 87' lang='lat' dir='ltr'><strong>iugen-</strong></span> 
     </span>
    </p>
   </div>
   <div class='ocr_carea' id='block_1_97' title="bbox 1973 3372 3562 3449">
    <p class='ocr_par' dir='ltr' id='par_1_97' title="bbox 1973 3372 3562 3449">
     <span class='ocr_line' id='line_1_98' title="bbox 1973 3372 3562 3449; baseline -0.008 -14"><span class='ocrx_word' id='word_1_707' title='bbox 1973 3388 2058 3435; x_wconf 90' lang='lat' dir='ltr'><strong>tes</strong></span> <span class='ocrx_word' id='word_1_708' title='bbox 2086 3378 2181 3433; x_wconf 89' lang='lat' dir='ltr'><strong>tibi</strong></span> <span class='ocrx_word' id='word_1_709' title='bbox 2208 3377 2411 3449; x_wconf 85' lang='lat' dir='ltr'><strong>gratias</strong></span> <span class='ocrx_word' id='word_1_710' title='bbox 2440 3376 2698 3430; x_wconf 81' lang='lat' dir='ltr'><strong>habemus</strong></span> <span class='ocrx_word' id='word_1_711' title='bbox 2725 3393 2740 3430; x_wconf 88' lang='lat'><strong>:</strong></span> <span class='ocrx_word' id='word_1_712' title='bbox 2776 3383 2937 3444; x_wconf 88' lang='lat' dir='ltr'><strong>atque</strong></span> <span class='ocrx_word' id='word_1_713' title='bbox 2971 3372 3216 3428; x_wconf 86' lang='lat' dir='ltr'><strong>admirati</strong></span> <span class='ocrx_word' id='word_1_714' title='bbox 3241 3386 3428 3426; x_wconf 89' lang='lat' dir='ltr'><strong>sumus</strong></span> <span class='ocrx_word' id='word_1_715' title='bbox 3454 3385 3562 3440; x_wconf 88' lang='lat' dir='ltr'><strong>quo</strong></span> 
     </span>
    </p>
   </div>
   <div class='ocr_carea' id='block_1_98' title="bbox 1976 3461 3565 3544">
    <p class='ocr_par' dir='ltr' id='par_1_98' title="bbox 1976 3461 3565 3544">
     <span class='ocr_line' id='line_1_99' title="bbox 1976 3461 3565 3544; baseline -0.008 -17"><span class='ocrx_word' id='word_1_716' title='bbox 1976 3481 2151 3544; x_wconf 84' lang='lat' dir='ltr'><strong>pacto,</strong></span> <span class='ocrx_word' id='word_1_717' title='bbox 2178 3485 2305 3526; x_wconf 86' lang='lat' dir='ltr'><strong>cum</strong></span> <span class='ocrx_word' id='word_1_718' title='bbox 2344 3485 2376 3523; x_wconf 88' lang='lat' dir='ltr'><strong>a</strong></span> <span class='ocrx_word' id='word_1_719' title='bbox 2406 3478 2458 3524; x_wconf 91' lang='lat' dir='ltr'><strong>te</strong></span> <span class='ocrx_word' id='word_1_720' title='bbox 2487 3475 2690 3531; x_wconf 86' lang='lat' dir='ltr'><strong>tantum</strong></span> <span class='ocrx_word' id='word_1_721' title='bbox 2727 3481 2922 3521; x_wconf 89' lang='lat' dir='ltr'><strong>munus</strong></span> <span class='ocrx_word' id='word_1_722' title='bbox 2944 3507 2959 3530; x_wconf 94' lang='lat'><strong>,</strong></span> <span class='ocrx_word' id='word_1_723' title='bbox 2990 3464 3095 3520; x_wconf 87' lang='lat' dir='ltr'><strong>hoc</strong></span> <span class='ocrx_word' id='word_1_724' title='bbox 3125 3473 3208 3521; x_wconf 91' lang='lat' dir='ltr'><strong>est</strong></span> <span class='ocrx_word' id='word_1_725' title='bbox 3251 3464 3438 3525; x_wconf 78' lang='lat' dir='ltr'><strong>tilium,</strong></span> <span class='ocrx_word' id='word_1_726' title='bbox 3467 3461 3565 3515; x_wconf 83' lang='lat' dir='ltr'><strong>ha-</strong></span> 
     </span>
    </p>
   </div>
   <div class='ocr_carea' id='block_1_99' title="bbox 1976 3557 3564 3629">
    <p class='ocr_par' dir='ltr' id='par_1_99' title="bbox 1976 3557 3564 3629">
     <span class='ocr_line' id='line_1_100' title="bbox 1976 3557 3564 3629; baseline -0.007 -10"><span class='ocrx_word' id='word_1_727' title='bbox 1976 3564 2270 3629; x_wconf 88' lang='lat' dir='ltr'><strong>buerimus,</strong></span> <span class='ocrx_word' id='word_1_728' title='bbox 2310 3570 2364 3616; x_wconf 92' lang='lat' dir='ltr'><strong>tu</strong></span> <span class='ocrx_word' id='word_1_729' title='bbox 2396 3571 2571 3616; x_wconf 89' lang='lat' dir='ltr'><strong>tamen</strong></span> <span class='ocrx_word' id='word_1_730' title='bbox 2602 3558 2820 3614; x_wconf 74' lang='lat' dir='ltr'><strong>duxeris</strong></span> <span class='ocrx_word' id='word_1_731' title='bbox 2844 3572 2944 3613; x_wconf 90' lang='lat' dir='ltr'><strong>nos</strong></span> <span class='ocrx_word' id='word_1_732' title='bbox 2985 3557 3106 3612; x_wconf 88' lang='lat' dir='ltr'><strong>aliis</strong></span> <span class='ocrx_word' id='word_1_733' title='bbox 3134 3571 3345 3626; x_wconf 88' lang='lat' dir='ltr'><strong>quoque</strong></span> <span class='ocrx_word' id='word_1_734' title='bbox 3376 3568 3564 3608; x_wconf 56' lang='lat' dir='ltr'><strong>mune.</strong></span> 
     </span>
    </p>
   </div>
   <div class='ocr_carea' id='block_1_100' title="bbox 1976 3642 3559 3713">
    <p class='ocr_par' dir='ltr' id='par_1_100' title="bbox 1976 3642 3559 3713">
     <span class='ocr_line' id='line_1_101' title="bbox 1976 3642 3559 3713; baseline -0.009 -4"><span class='ocrx_word' id='word_1_735' title='bbox 1976 3654 2126 3710; x_wconf 89' lang='lat' dir='ltr'><strong>ribus</strong></span> <span class='ocrx_word' id='word_1_736' title='bbox 2148 3650 2419 3707; x_wconf 82' lang='lat' dir='ltr'><strong>ornandus</strong></span> <span class='ocrx_word' id='word_1_737' title='bbox 2438 3664 2580 3706; x_wconf 90' lang='lat' dir='ltr'><strong>esse.</strong></span> <span class='ocrx_word' id='word_1_738' title='bbox 2606 3648 2715 3703; x_wconf 82' lang='lat' dir='ltr'><strong>Nos</strong></span> <span class='ocrx_word' id='word_1_739' title='bbox 2731 3661 2858 3702; x_wconf 90' lang='lat' dir='ltr'><strong>vero</strong></span> <span class='ocrx_word' id='word_1_740' title='bbox 2879 3647 3134 3701; x_wconf 88' lang='lat' dir='ltr'><strong>honorem</strong></span> <span class='ocrx_word' id='word_1_741' title='bbox 3155 3644 3367 3713; x_wconf 83' lang='lat' dir='ltr'><strong>quidem</strong></span> <span class='ocrx_word' id='word_1_742' title='bbox 3389 3642 3559 3708; x_wconf 91' lang='lat' dir='ltr'><strong>illum,</strong></span> 
     </span>
    </p>
   </div>
   <div class='ocr_carea' id='block_1_101' title="bbox 1976 3737 3561 3817">
    <p class='ocr_par' dir='ltr' id='par_1_101' title="bbox 1976 3737 3561 3817">
     <span class='ocr_line' id='line_1_102' title="bbox 1976 3737 3561 3817; baseline -0.007 -18"><span class='ocrx_word' id='word_1_743' title='bbox 1976 3745 2068 3817; x_wconf 92' lang='lat' dir='ltr'><strong>qui</strong></span> <span class='ocrx_word' id='word_1_744' title='bbox 2093 3761 2158 3801; x_wconf 83' lang='lat' dir='ltr'><strong>ex</strong></span> <span class='ocrx_word' id='word_1_745' title='bbox 2184 3743 2492 3799; x_wconf 90' lang='lat' dir='ltr'><strong>muneribus</strong></span> <span class='ocrx_word' id='word_1_746' title='bbox 2516 3742 2693 3797; x_wconf 91' lang='lat' dir='ltr'><strong>missis</strong></span> <span class='ocrx_word' id='word_1_747' title='bbox 2722 3741 2910 3805; x_wconf 92' lang='lat' dir='ltr'><strong>oritur,</strong></span> <span class='ocrx_word' id='word_1_748' title='bbox 2930 3737 3314 3806; x_wconf 87' lang='lat' dir='ltr'><strong>decerpsimus,</strong></span> <span class='ocrx_word' id='word_1_749' title='bbox 3340 3749 3561 3789; x_wconf 88' lang='lat' dir='ltr'><strong>munera</strong></span> 
     </span>
    </p>
   </div>
   <div class='ocr_carea' id='block_1_102' title="bbox 1975 3824 3563 3907">
    <p class='ocr_par' dir='ltr' id='par_1_102' title="bbox 1975 3824 3563 3907">
     <span class='ocr_line' id='line_1_103' title="bbox 1975 3824 3563 3907; baseline -0.01 -15"><span class='ocrx_word' id='word_1_750' title='bbox 1975 3847 2153 3892; x_wconf 90' lang='lat' dir='ltr'><strong>autem</strong></span> <span class='ocrx_word' id='word_1_751' title='bbox 2195 3836 2310 3907; x_wconf 87' lang='lat' dir='ltr'><strong>ipsa</strong></span> <span class='ocrx_word' id='word_1_752' title='bbox 2356 3834 2709 3889; x_wconf 88' lang='lat' dir='ltr'><strong>remisimus:</strong></span> <span class='ocrx_word' id='word_1_753' title='bbox 2760 3843 2867 3884; x_wconf 92' lang='lat' dir='ltr'><strong>non</strong></span> <span class='ocrx_word' id='word_1_754' title='bbox 2913 3827 3055 3898; x_wconf 91' lang='lat' dir='ltr'><strong>quod</strong></span> <span class='ocrx_word' id='word_1_755' title='bbox 3100 3824 3563 3896; x_wconf 72' lang='lat' dir='ltr'><strong>ledespieiamns,</strong></span> 
     </span>
    </p>
   </div>
   <div class='ocr_carea' id='block_1_103' title="bbox 1982 3915 3564 3999">
    <p class='ocr_par' dir='ltr' id='par_1_103' title="bbox 1982 3915 3564 3999">
     <span class='ocr_line' id='line_1_104' title="bbox 1982 3915 3564 3999; baseline -0.009 -16"><span class='ocrx_word' id='word_1_756' title='bbox 1982 3927 2095 3999; x_wconf 92' lang='lat' dir='ltr'><strong>(qui</strong></span> <span class='ocrx_word' id='word_1_757' title='bbox 2134 3927 2277 3981; x_wconf 92' lang='lat' dir='ltr'><strong>enim</strong></span> <span class='ocrx_word' id='word_1_758' title='bbox 2331 3923 2493 3989; x_wconf 80' lang='lat' dir='ltr'><strong>ismd,</strong></span> <span class='ocrx_word' id='word_1_759' title='bbox 2537 3937 2662 3977; x_wconf 92' lang='lat' dir='ltr'><strong>cum</strong></span> <span class='ocrx_word' id='word_1_760' title='bbox 2702 3935 2739 3975; x_wconf 86' lang='lat' dir='ltr'><strong>a</strong></span> <span class='ocrx_word' id='word_1_761' title='bbox 2773 3929 2826 3975; x_wconf 90' lang='lat' dir='ltr'><strong>te</strong></span> <span class='ocrx_word' id='word_1_762' title='bbox 2856 3918 3012 3973; x_wconf 84' lang='lat' dir='ltr'><strong>valde</strong></span> <span class='ocrx_word' id='word_1_763' title='bbox 3048 3915 3350 3986; x_wconf 87' lang='lat' dir='ltr'><strong>amemur)?</strong></span> <span class='ocrx_word' id='word_1_764' title='bbox 3378 3929 3564 3969; x_wconf 82' lang='lat' dir='ltr'><strong>verum</strong></span> 
     </span>
    </p>
   </div>
   <div class='ocr_carea' id='block_1_104' title="bbox 1978 4017 3564 4088">
    <p class='ocr_par' dir='ltr' id='par_1_104' title="bbox 1978 4017 3564 4088">
     <span class='ocr_line' id='line_1_105' title="bbox 1978 4017 3564 4088; baseline -0.009 -15"><span class='ocrx_word' id='word_1_765' title='bbox 1978 4017 2121 4088; x_wconf 86' lang='lat' dir='ltr'><strong>quod</strong></span> <span class='ocrx_word' id='word_1_766' title='bbox 2159 4028 2611 4086; x_wconf 87' lang='lat' dir='ltr'><strong>supervacaneum</strong></span> <span class='ocrx_word' id='word_1_767' title='bbox 2646 4025 2767 4067; x_wconf 86' lang='lat' dir='ltr'><strong>esse</strong></span> <span class='ocrx_word' id='word_1_768' title='bbox 2793 4022 3141 4067; x_wconf 85' lang='lat' dir='ltr'><strong>censeremus</strong></span> <span class='ocrx_word' id='word_1_769' title='bbox 3166 4022 3349 4065; x_wconf 88' lang='lat' dir='ltr'><strong>earum</strong></span> <span class='ocrx_word' id='word_1_770' title='bbox 3385 4020 3564 4061; x_wconf 90' lang='lat' dir='ltr'><strong>rerum</strong></span> 
     </span>
    </p>
   </div>
   <div class='ocr_carea' id='block_1_105' title="bbox 1979 4094 3569 4172">
    <p class='ocr_par' dir='ltr' id='par_1_105' title="bbox 1979 4094 3569 4172">
     <span class='ocr_line' id='line_1_106' title="bbox 1979 4094 3569 4172; baseline -0.01 -6"><span class='ocrx_word' id='word_1_771' title='bbox 1979 4110 2209 4166; x_wconf 85' lang='lat' dir='ltr'><strong>fructum</strong></span> <span class='ocrx_word' id='word_1_772' title='bbox 2233 4104 2556 4171; x_wconf 86' lang='lat' dir='ltr'><strong>consectari,</strong></span> <span class='ocrx_word' id='word_1_773' title='bbox 2581 4102 2773 4172; x_wconf 90' lang='lat' dir='ltr'><strong>quibus</strong></span> <span class='ocrx_word' id='word_1_774' title='bbox 2814 4100 3037 4156; x_wconf 88' lang='lat' dir='ltr'><strong>minime</strong></span> <span class='ocrx_word' id='word_1_775' title='bbox 3071 4097 3387 4169; x_wconf 85' lang='lat' dir='ltr'><strong>indigemus.</strong></span> <span class='ocrx_word' id='word_1_776' title='bbox 3427 4094 3569 4151; x_wconf 87' lang='lat' dir='ltr'><strong>Sane</strong></span> 
     </span>
    </p>
   </div>
   <div class='ocr_carea' id='block_1_106' title="bbox 1979 4188 3567 4261">
    <p class='ocr_par' dir='ltr' id='par_1_106' title="bbox 1979 4188 3567 4261">
     <span class='ocr_line' id='line_1_107' title="bbox 1979 4188 3567 4261; baseline -0.009 -7"><span class='ocrx_word' id='word_1_777' title='bbox 1979 4198 2175 4254; x_wconf 89' lang='lat' dir='ltr'><strong>bellum</strong></span> <span class='ocrx_word' id='word_1_778' title='bbox 2210 4197 2461 4252; x_wconf 86' lang='lat' dir='ltr'><strong>lectorem</strong></span> <span class='ocrx_word' id='word_1_779' title='bbox 2502 4190 2846 4261; x_wconf 79' lang='lat' dir='ltr'><strong>Theodotum</strong></span> <span class='ocrx_word' id='word_1_780' title='bbox 2883 4188 3024 4259; x_wconf 89' lang='lat' dir='ltr'><strong>apud</strong></span> <span class='ocrx_word' id='word_1_781' title='bbox 3074 4202 3171 4242; x_wconf 91' lang='lat' dir='ltr'><strong>nos</strong></span> <span class='ocrx_word' id='word_1_782' title='bbox 3224 4188 3475 4250; x_wconf 91' lang='lat' dir='ltr'><strong>retinere,</strong></span> <span class='ocrx_word' id='word_1_783' title='bbox 3503 4198 3567 4239; x_wconf 89' lang='lat' dir='ltr'><strong>ac</strong></span> 
     </span>
    </p>
   </div>
   <div class='ocr_carea' id='block_1_107' title="bbox 1980 4277 3563 4359">
    <p class='ocr_par' dir='ltr' id='par_1_107' title="bbox 1980 4277 3563 4359">
     <span class='ocr_line' id='line_1_108' title="bbox 1980 4277 3563 4359; baseline -0.01 -14"><span class='ocrx_word' id='word_1_784' title='bbox 1980 4290 2182 4359; x_wconf 81' lang='lat' dir='ltr'><strong>fingere</strong></span> <span class='ocrx_word' id='word_1_785' title='bbox 2207 4296 2263 4343; x_wconf 91' lang='lat' dir='ltr'><strong>et</strong></span> <span class='ocrx_word' id='word_1_786' title='bbox 2289 4285 2507 4342; x_wconf 90' lang='lat' dir='ltr'><strong>erudire</strong></span> <span class='ocrx_word' id='word_1_787' title='bbox 2551 4283 2706 4338; x_wconf 91' lang='lat' dir='ltr'><strong>nobis</strong></span> <span class='ocrx_word' id='word_1_788' title='bbox 2739 4281 2889 4337; x_wconf 91' lang='lat' dir='ltr'><strong>cordi</strong></span> <span class='ocrx_word' id='word_1_789' title='bbox 2929 4288 3073 4343; x_wconf 89' lang='lat' dir='ltr'><strong>erat;</strong></span> <span class='ocrx_word' id='word_1_790' title='bbox 3104 4293 3286 4334; x_wconf 84' lang='lat' dir='ltr'><strong>verum</strong></span> <span class='ocrx_word' id='word_1_791' title='bbox 3312 4277 3563 4347; x_wconf 89' lang='lat' dir='ltr'><strong>quoniam</strong></span> 
     </span>
    </p>
   </div>
   <div class='ocr_carea' id='block_1_108' title="bbox 1980 4368 3566 4442">
    <p class='ocr_par' dir='ltr' id='par_1_108' title="bbox 1980 4368 3566 4442">
     <span class='ocr_line' id='line_1_109' title="bbox 1980 4368 3566 4442; baseline -0.009 -7"><span class='ocrx_word' id='word_1_792' title='bbox 1980 4379 2160 4436; x_wconf 91' lang='lat' dir='ltr'><strong>omnia</strong></span> <span class='ocrx_word' id='word_1_793' title='bbox 2189 4378 2276 4433; x_wconf 92' lang='lat' dir='ltr'><strong>hic</strong></span> <span class='ocrx_word' id='word_1_794' title='bbox 2302 4376 2560 4442; x_wconf 78' lang='lat' dir='ltr'><strong>ezedibus,</strong></span> <span class='ocrx_word' id='word_1_795' title='bbox 2588 4372 2920 4436; x_wconf 88' lang='lat' dir='ltr'><strong>tumultibus,</strong></span> <span class='ocrx_word' id='word_1_796' title='bbox 2949 4384 3161 4435; x_wconf 90' lang='lat' dir='ltr'><strong>cruore,</strong></span> <span class='ocrx_word' id='word_1_797' title='bbox 3191 4378 3348 4437; x_wconf 89' lang='lat' dir='ltr'><strong>atque</strong></span> <span class='ocrx_word' id='word_1_798' title='bbox 3378 4368 3566 4421; x_wconf 85' lang='lat' dir='ltr'><strong>incen-</strong></span> 
     </span>
    </p>
   </div>
   <div class='ocr_carea' id='block_1_109' title="bbox 1982 4460 3568 4544">
    <p class='ocr_par' dir='ltr' id='par_1_109' title="bbox 1982 4460 3568 4544">
     <span class='ocr_line' id='line_1_110' title="bbox 1982 4460 3568 4544; baseline -0.011 -15"><span class='ocrx_word' id='word_1_799' title='bbox 1982 4474 2086 4530; x_wconf 88' lang='lat' dir='ltr'><strong>diis</strong></span> <span class='ocrx_word' id='word_1_800' title='bbox 2115 4472 2269 4544; x_wconf 88' lang='lat' dir='ltr'><strong>plena</strong></span> <span class='ocrx_word' id='word_1_801' title='bbox 2297 4478 2443 4536; x_wconf 89' lang='lat' dir='ltr'><strong>sunt,</strong></span> <span class='ocrx_word' id='word_1_802' title='bbox 2485 4467 2682 4523; x_wconf 89' lang='lat' dir='ltr'><strong>lsauris</strong></span> <span class='ocrx_word' id='word_1_803' title='bbox 2719 4463 2968 4520; x_wconf 90' lang='lat' dir='ltr'><strong>nimirum</strong></span> <span class='ocrx_word' id='word_1_804' title='bbox 3010 4472 3201 4518; x_wconf 88' lang='lat' dir='ltr'><strong>cuncta</strong></span> <span class='ocrx_word' id='word_1_805' title='bbox 3241 4460 3384 4517; x_wconf 90' lang='lat' dir='ltr'><strong>ferro</strong></span> <span class='ocrx_word' id='word_1_806' title='bbox 3406 4468 3568 4528; x_wconf 92' lang='lat' dir='ltr'><strong>atque</strong></span> 
     </span>
    </p>
   </div>
   <div class='ocr_carea' id='block_1_110' title="bbox 1985 4562 3566 4648">
    <p class='ocr_par' dir='ltr' id='par_1_110' title="bbox 1985 4562 3566 4648">
     <span class='ocr_line' id='line_1_111' title="bbox 1985 4562 3566 4648; baseline -0.013 -16"><span class='ocrx_word' id='word_1_807' title='bbox 1985 4577 2107 4648; x_wconf 86' lang='lat' dir='ltr'><strong>igne</strong></span> <span class='ocrx_word' id='word_1_808' title='bbox 2127 4572 2527 4647; x_wconf 81' lang='lat' dir='ltr'><strong>pepulantibus,</strong></span> <span class='ocrx_word' id='word_1_809' title='bbox 2560 4582 2767 4639; x_wconf 87' lang='lat' dir='ltr'><strong>nosque</strong></span> <span class='ocrx_word' id='word_1_810' title='bbox 2812 4564 2969 4622; x_wconf 89' lang='lat' dir='ltr'><strong>sedes</strong></span> <span class='ocrx_word' id='word_1_811' title='bbox 3005 4562 3244 4635; x_wconf 91' lang='lat' dir='ltr'><strong>quotidie</strong></span> <span class='ocrx_word' id='word_1_812' title='bbox 3280 4569 3566 4625; x_wconf 87' lang='lat' dir='ltr'><strong>mutamus,</strong></span> 
     </span>
    </p>
   </div>
   <div class='ocr_carea' id='block_1_111' title="bbox 2047 4707 3572 4793">
    <p class='ocr_par' dir='ltr' id='par_1_111' title="bbox 2047 4707 3572 4793">
     <span class='ocr_line' id='line_1_112' title="bbox 2047 4707 3572 4793; baseline 0.001 -1"><span class='ocrx_word' id='word_1_813' title='bbox 2047 4728 2121 4793; x_wconf 84' lang='grc' dir='ltr'><strong>(α)</strong></span> <span class='ocrx_word' id='word_1_814' title='bbox 2150 4735 2261 4777; x_wconf 65' lang='lat' dir='ltr'><strong>nec</strong></span> <span class='ocrx_word' id='word_1_815' title='bbox 2280 4724 2835 4793; x_wconf 59' lang='grc' dir='ltr'><strong>πυροεξωροιξινςοηφ</strong></span> 
     </span>
    </p>
   </div>
   <div class='ocr_carea' id='block_1_112' title="bbox 1984 4775 3570 4850">
    <p class='ocr_par' dir='ltr' id='par_1_112' title="bbox 1984 4775 3570 4850">
     <span class='ocr_line' id='line_1_113' title="bbox 1984 4775 3570 4850; baseline -0.017 -7"><span class='ocrx_word' id='word_1_816' title='bbox 1984 4775 2119 4842; x_wconf 51' lang='lat' dir='ltr'><strong>tatu}</strong></span> <span class='ocrx_word' id='word_1_817' title='bbox 2127 4775 2252 4846; x_wconf 48' lang='lat' dir='ltr'><strong>eiii,</strong></span> <span class='ocrx_word' id='word_1_818' title='bbox 2273 4775 2517 4850; x_wconf 70' lang='lat' dir='ltr'><strong>consulari</strong></span> <span class='ocrx_word' id='word_1_819' title='bbox 2537 4796 2550 4831; x_wconf 91' lang='lat'><strong>:</strong></span> <span class='ocrx_word' id='word_1_820' title='bbox 2572 4780 2707 4844; x_wconf 83' lang='lat' dir='ltr'><strong>atqui</strong></span> <span class='ocrx_word' id='word_1_821' title='bbox 2720 4777 3040 4850; x_wconf 65' lang='lat' dir='ltr'><strong>posteriorum</strong></span> <span class='ocrx_word' id='word_1_822' title='bbox 3061 4775 3570 4850; x_wconf 37' lang='lat' dir='ltr'><strong>humi-tioium???</strong></span> 
     </span>
    </p>
   </div>
   <div class='ocr_carea' id='block_1_113' title="bbox 1984 4832 3571 4907">
    <p class='ocr_par' dir='ltr' id='par_1_113' title="bbox 1984 4832 3571 4907">
     <span class='ocr_line' id='line_1_114' title="bbox 1984 4832 3571 4907; baseline -0.016 -3"><span class='ocrx_word' id='word_1_823' title='bbox 1984 4832 2272 4903; x_wconf 45' lang='lat' dir='ltr'><strong>Fidias</strong></span> <span class='ocrx_word' id='word_1_824' title='bbox 2593 4832 2687 4892; x_wconf 74' lang='lat' dir='ltr'><strong>non</strong></span> <span class='ocrx_word' id='word_1_825' title='bbox 2709 4832 2810 4898; x_wconf 68' lang='lat' dir='ltr'><strong>irim</strong></span> <span class='ocrx_word' id='word_1_826' title='bbox 2846 4846 2897 4889; x_wconf 83' lang='lat' dir='ltr'><strong>ut</strong></span> <span class='ocrx_word' id='word_1_827' title='bbox 2920 4832 3146 4907; x_wconf 43' lang='lat' dir='ltr'><strong>tempore;</strong></span> <span class='ocrx_word' id='word_1_828' title='bbox 3165 4832 3446 4907; x_wconf 69' lang='lat' dir='ltr'><strong>reipublicqa</strong></span> <span class='ocrx_word' id='word_1_829' title='bbox 3482 4839 3571 4907; x_wconf 62' lang='lat' dir='ltr'><strong>ito:</strong></span> 
     </span>
    </p>
   </div>
   <div class='ocr_carea' id='block_1_114' title="bbox 1986 4890 3573 4967">
    <p class='ocr_par' dir='ltr' id='par_1_114' title="bbox 1986 4890 3573 4967">
     <span class='ocr_line' id='line_1_115' title="bbox 1986 4890 3573 4967; baseline -0.015 -2"><span class='ocrx_word' id='word_1_830' title='bbox 1986 4890 2271 4964; x_wconf 50' lang='grc' dir='ltr'><em>ὢῖιὲἶὲΐ</em></span> <span class='ocrx_word' id='word_1_831' title='bbox 2254 4890 2567 4959; x_wconf 57' lang='grc' dir='ltr'><strong>(1ιῖιῖἷᾶἱὶὐῶ</strong></span> <span class='ocrx_word' id='word_1_832' title='bbox 2589 4890 2845 4967; x_wconf 60' lang='lat' dir='ltr'><strong>deserent,</strong></span> <span class='ocrx_word' id='word_1_833' title='bbox 2870 4898 2953 4967; x_wconf 85' lang='lat' dir='ltr'><strong>qui</strong></span> <span class='ocrx_word' id='word_1_834' title='bbox 2972 4890 3197 4967; x_wconf 54' lang='lat' dir='ltr'><strong>consules</strong></span> <span class='ocrx_word' id='word_1_835' title='bbox 3239 4890 3447 4967; x_wconf 69' lang='lat' dir='ltr'><strong>fuerant,</strong></span> 
     </span>
    </p>
   </div>
   <div class='ocr_carea' id='block_1_115' title="bbox 1989 4958 3577 5047">
    <p class='ocr_par' dir='ltr' id='par_1_115' title="bbox 1989 4958 3577 5047">
     <span class='ocr_line' id='line_1_116' title="bbox 1989 4958 3577 5047; baseline 0.026 -35"><span class='ocrx_word' id='word_1_836' title='bbox 1989 4958 2376 5047; x_wconf 37' lang='lat' dir='ltr'><strong>Eprium-3i.</strong></span> <span class='ocrx_word' id='word_1_837' title='bbox 2393 4958 3577 5047; x_wconf 41' lang='grc' dir='ltr'><strong>,ᾳιιαψςξξμζξθῖέζῖἦξεξίηξηθίίέε.ἕῧξοβιξὶλθξιῖξ</strong></span> 
     </span>
    </p>
   </div>
   <div class='ocr_carea' id='block_1_116' title="bbox 1987 5015 3576 5091">
    <p class='ocr_par' dir='ltr' id='par_1_116' title="bbox 1987 5015 3576 5091">
     <span class='ocr_line' id='line_1_117' title="bbox 1987 5015 3576 5091; baseline -0.015 -3"><span class='ocrx_word' id='word_1_838' title='bbox 2509 5033 2555 5077; x_wconf 83' lang='lat' dir='ltr'><strong>et</strong></span> <span class='ocrx_word' id='word_1_839' title='bbox 2568 5015 2959 5091; x_wconf 64' lang='lat' dir='ltr'><strong>Notitia&#39;lmperit’</strong></span> <span class='ocrx_word' id='word_1_840' title='bbox 2976 5019 3140 5091; x_wconf 71' lang='lat' dir='ltr'><strong>liquet,</strong></span> <span class='ocrx_word' id='word_1_841' title='bbox 3158 5015 3576 5091; x_wconf 59' lang='lat' dir='ltr'><strong>uudecmtsuturis</strong></span> 
     </span>
    </p>
   </div>
   <div class='ocr_carea' id='block_1_117' title="bbox 1989 5072 3577 5151">
    <p class='ocr_par' dir='ltr' id='par_1_117' title="bbox 1989 5072 3577 5151">
     <span class='ocr_line' id='line_1_118' title="bbox 1989 5072 3577 5151; baseline -0.018 0"><span class='ocrx_word' id='word_1_842' title='bbox 1989 5072 2497 5151; x_wconf 46' lang='lat' dir='ltr'><strong>EEA&#39;EJHSJEE</strong></span> <span class='ocrx_word' id='word_1_843' title='bbox 2511 5072 3037 5151; x_wconf 57' lang='grc' dir='ltr'><strong>ἕῴὶίὲῶζὲίρᾶζὲηοῃὶίέ</strong></span> <span class='ocrx_word' id='word_1_844' title='bbox 3046 5072 3353 5151; x_wconf 57' lang='grc' dir='ltr'><strong>ηιαῂίδινᾳιιεδ</strong></span> <span class='ocrx_word' id='word_1_845' title='bbox 3363 5072 3577 5151; x_wconf 52' lang='lat' dir='ltr'><strong>censuit:-</strong></span> 
     </span>
    </p>
   </div>
   <div class='ocr_carea' id='block_1_118' title="bbox 1991 5094 3574 5216">
    <p class='ocr_par' dir='ltr' id='par_1_118' title="bbox 1991 5094 3574 5216">
     <span class='ocr_line' id='line_1_119' title="bbox 1991 5094 3574 5192; baseline -0.016 -43"><span class='ocrx_word' id='word_1_846' title='bbox 1991 5096 2212 5151; x_wconf 65' lang='grc' dir='ltr'><strong>ιεηήιίω,</strong></span> <span class='ocrx_word' id='word_1_847' title='bbox 2225 5094 2497 5143; x_wconf 80' lang='lat' dir='ltr'><strong>Consularis</strong></span> <span class='ocrx_word' id='word_1_848' title='bbox 2512 5094 2768 5144; x_wconf 75' lang='lat' dir='ltr'><strong>Bmticw,et</strong></span> <span class='ocrx_word' id='word_1_849' title='bbox 2782 5094 3037 5134; x_wconf 70' lang='lat' dir='ltr'><strong>Pannonia:</strong></span> <span class='ocrx_word' id='word_1_850' title='bbox 3046 5094 3353 5192; x_wconf 65' lang='lat' dir='ltr'><strong>nwdgisrrqtus</strong></span> <span class='ocrx_word' id='word_1_851' title='bbox 3363 5094 3574 5143; x_wconf 68' lang='grc' dir='ltr'><strong>εσηειιᾳιε</strong></span> 
     </span>
     <span class='ocr_line' id='line_1_120' title="bbox 1991 5133 3574 5216; baseline -0.017 -6"><span class='ocrx_word' id='word_1_852' title='bbox 1991 5173 2071 5210; x_wconf 77' lang='lat' dir='ltr'><strong>res</strong></span> <span class='ocrx_word' id='word_1_853' title='bbox 2082 5154 2272 5208; x_wconf 72' lang='lat' dir='ltr'><strong>Novella</strong></span> <span class='ocrx_word' id='word_1_854' title='bbox 2280 5156 2329 5213; x_wconf 89' lang='lat'><strong>8,</strong></span> <span class='ocrx_word' id='word_1_855' title='bbox 2341 5159 2386 5204; x_wconf 83' lang='lat' dir='ltr'><strong>et</strong></span> <span class='ocrx_word' id='word_1_856' title='bbox 2401 5148 2608 5216; x_wconf 70' lang='lat' dir='ltr'><strong>formula</strong></span> <span class='ocrx_word' id='word_1_857' title='bbox 2619 5143 2980 5216; x_wconf 66' lang='lat' dir='ltr'><strong>Consularith</strong></span> <span class='ocrx_word' id='word_1_858' title='bbox 2994 5156 3088 5206; x_wconf 81' lang='lat' dir='ltr'><strong>opu</strong></span> <span class='ocrx_word' id='word_1_859' title='bbox 3137 5133 3574 5216; x_wconf 52' lang='lat' dir='ltr'><strong>(‘osgodgriuu</strong></span> 
     </span>
    </p>
   </div>
   <div class='ocr_carea' id='block_1_119' title="bbox 1990 5201 3578 5276">
    <p class='ocr_par' dir='ltr' id='par_1_119' title="bbox 1990 5201 3578 5276">
     <span class='ocr_line' id='line_1_121' title="bbox 1990 5201 3578 5276; baseline 0.003 -4"><span class='ocrx_word' id='word_1_860' title='bbox 1990 5201 2329 5273; x_wconf 51' lang='lat' dir='ltr'><strong>massa;</strong></span> <span class='ocrx_word' id='word_1_861' title='bbox 2344 5201 2456 5276; x_wconf 59' lang='lat' dir='ltr'><strong>biz&#39;p-</strong></span> <span class='ocrx_word' id='word_1_862' title='bbox 2478 5213 2527 5261; x_wconf 72' lang='lat'><strong>2-</strong></span> <span class='ocrx_word' id='word_1_863' title='bbox 2554 5219 2752 5276; x_wconf 67' lang='grc' dir='ltr'><strong>ξεαινεξ</strong></span> <span class='ocrx_word' id='word_1_864' title='bbox 2788 5205 2858 5276; x_wconf 59' lang='grc' dir='ltr'><strong>εἰς</strong></span> <span class='ocrx_word' id='word_1_865' title='bbox 2880 5213 2925 5256; x_wconf 76' lang='grc' dir='ltr'><strong>οι</strong></span> <span class='ocrx_word' id='word_1_866' title='bbox 2948 5201 3104 5276; x_wconf 59' lang='lat' dir='ltr'><strong>fas?“</strong></span> <span class='ocrx_word' id='word_1_867' title='bbox 3120 5201 3578 5276; x_wconf 55' lang='grc' dir='ltr'><strong>Ρηεϐετφαῖίφζξί</strong></span> 
     </span>
    </p>
   </div>
   <div class='ocr_carea' id='block_1_120' title="bbox 1994 5258 3579 5343">
    <p class='ocr_par' dir='ltr' id='par_1_120' title="bbox 1994 5258 3579 5343">
     <span class='ocr_line' id='line_1_122' title="bbox 1994 5258 3579 5343; baseline -0.003 5"><span class='ocrx_word' id='word_1_868' title='bbox 2228 5258 2526 5343; x_wconf 52' lang='grc' dir='ltr'><strong>ἧδ’ιὲἓῦὸῶ</strong></span> <span class='ocrx_word' id='word_1_869' title='bbox 2548 5258 2917 5343; x_wconf 46' lang='lat' dir='ltr'><strong>dictitamus;</strong></span> <span class='ocrx_word' id='word_1_870' title='bbox 2930 5258 3579 5343; x_wconf 47' lang='lat' dir='ltr'><strong>segregare:</strong></span> 
     </span>
    </p>
   </div>
   <div class='ocr_carea' id='block_1_121' title="bbox 1994 5320 3578 5400">
    <p class='ocr_par' dir='ltr' id='par_1_121' title="bbox 1994 5320 3578 5400">
     <span class='ocr_line' id='line_1_123' title="bbox 1994 5320 3578 5400; baseline -0.019 -6"><span class='ocrx_word' id='word_1_871' title='bbox 1994 5320 2765 5400; x_wconf 51' lang='lat' dir='ltr'><strong>Wiwiahihiéﬁcqms,</strong></span> <span class='ocrx_word' id='word_1_872' title='bbox 2789 5329 2864 5380; x_wconf 72' lang='lat' dir='ltr'><strong>vel</strong></span> <span class='ocrx_word' id='word_1_873' title='bbox 2880 5320 3310 5400; x_wconf 42' lang='lat' dir='ltr'><strong>ammonet.</strong></span> 
     </span>
    </p>
   </div>
   <div class='ocr_carea' id='block_1_122' title="bbox 1993 5383 3579 5459">
    <p class='ocr_par' dir='ltr' id='par_1_122' title="bbox 1993 5383 3579 5459">
     <span class='ocr_line' id='line_1_124' title="bbox 1993 5383 3579 5459; baseline -0.016 -4"><span class='ocrx_word' id='word_1_874' title='bbox 1993 5383 2134 5455; x_wconf 45' lang='lat' dir='ltr'><strong>initi</strong></span> <span class='ocrx_word' id='word_1_875' title='bbox 2150 5383 2432 5451; x_wconf 55' lang='grc' dir='ltr'><strong>Ἧοῖιὶῖὶᾶἧ</strong></span> <span class='ocrx_word' id='word_1_876' title='bbox 2453 5383 2764 5459; x_wconf 62' lang='lat' dir='ltr'><strong>nmgistratu,</strong></span> <span class='ocrx_word' id='word_1_877' title='bbox 2776 5386 3199 5459; x_wconf 49' lang='lat' dir='ltr'><strong>seconsularibus,</strong></span> <span class='ocrx_word' id='word_1_878' title='bbox 3224 5383 3311 5459; x_wconf 57' lang='lat' dir='ltr'><strong>uel</strong></span> <span class='ocrx_word' id='word_1_879' title='bbox 3328 5383 3579 5459; x_wconf 46' lang='lat' dir='ltr'><strong>Etet?ng-</strong></span> 
     </span>
    </p>
   </div>
   <div class='ocr_carea' id='block_1_123' title="bbox 1997 5439 3577 5536">
    <p class='ocr_par' dir='ltr' id='par_1_123' title="bbox 1997 5439 3577 5536">
     <span class='ocr_line' id='line_1_125' title="bbox 1997 5439 3577 5536; baseline -0.001 0"><span class='ocrx_word' id='word_1_880' title='bbox 2152 5439 3044 5536; x_wconf 58' lang='grc' dir='ltr'><strong>ίῑεᾷἒῖῑὶ”ιῖῥῦέῖι”ἀῗνένὶὶιὲὲῖζξξέέἐξέξῑη</strong></span> <span class='ocrx_word' id='word_1_881' title='bbox 3061 5439 3577 5536; x_wconf 47' lang='grc' dir='ltr'><strong>ῼαέξξςάὲἕιέίεέε</strong></span> 
     </span>
    </p>
   </div>
   <div class='ocr_carea' id='block_1_124' title="bbox 1997 5506 3578 5587">
    <p class='ocr_par' dir='ltr' id='par_1_124' title="bbox 1997 5506 3578 5587">
     <span class='ocr_line' id='line_1_126' title="bbox 1997 5506 3578 5587; baseline -0.018 -9"><span class='ocrx_word' id='word_1_882' title='bbox 1997 5506 2325 5587; x_wconf 57' lang='grc' dir='ltr'><strong>ξ’ῇξξῖ</strong></span> <span class='ocrx_word' id='word_1_883' title='bbox 2344 5506 2609 5587; x_wconf 54' lang='lat' dir='ltr'><strong>‘sﬁ’éapla.</strong></span> <span class='ocrx_word' id='word_1_884' title='bbox 2632 5519 2706 5568; x_wconf 84' lang='lat' dir='ltr'><strong>Sic</strong></span> <span class='ocrx_word' id='word_1_885' title='bbox 2741 5513 2865 5567; x_wconf 77' lang='lat' dir='ltr'><strong>infra</strong></span> <span class='ocrx_word' id='word_1_886' title='bbox 2890 5514 3032 5579; x_wconf 85' lang='lat' dir='ltr'><strong>epist.</strong></span> <span class='ocrx_word' id='word_1_887' title='bbox 3061 5511 3151 5561; x_wconf 72' lang='lat'><strong>139</strong></span> <span class='ocrx_word' id='word_1_888' title='bbox 3170 5510 3224 5560; x_wconf 82' lang='lat' dir='ltr'><strong>tit</strong></span> <span class='ocrx_word' id='word_1_889' title='bbox 3257 5506 3441 5559; x_wconf 81' lang='lat' dir='ltr'><strong>mentio</strong></span> <span class='ocrx_word' id='word_1_890' title='bbox 3461 5508 3578 5553; x_wconf 75' lang='lat' dir='ltr'><strong>Cou-</strong></span> 
     </span>
    </p>
   </div>
   <div class='ocr_carea' id='block_1_125' title="bbox 1998 5585 2350 5651">
    <p class='ocr_par' dir='ltr' id='par_1_125' title="bbox 1998 5585 2350 5651">
     <span class='ocr_line' id='line_1_127' title="bbox 1998 5585 2350 5651; baseline -0.017 -12"><span class='ocrx_word' id='word_1_891' title='bbox 1998 5587 2171 5639; x_wconf 85' lang='lat' dir='ltr'><strong>sularis</strong></span> <span class='ocrx_word' id='word_1_892' title='bbox 2188 5585 2350 5651; x_wconf 69' lang='lat' dir='ltr'><strong>Syriae.</strong></span> 
     </span>
    </p>
   </div>
  </div>
