4058 6218
490 296 601 352 645

499 405 857 467 necessarium
882 402 1101 473 proinde
1120 412 1238 454 esse
1258 396 1503 449 duximus
1524 406 1647 446 cum
1670 390 1792 443 hinc
1811 388 2076 450 emittere,

492 501 715 560 domino
758 511 879 553 meo
921 489 1317 563 religiosissima
1344 484 1570 539 diacono
1601 480 1878 537 Theodoto
1923 479 2081 535 etiam

492 607 659 665 atque
679 576 839 646 etiam
854 583 1188 647 mandantes,
1211 589 1268 633 ut
1288 576 1454 648 ipsius
1472 589 1653 630 curam
1675 572 1890 628 assidue
1913 578 2081 642 gerat.

499 690 553 739 in
574 662 741 753 idque
765 691 958 748 magno
995 672 1171 729 studio
1197 686 1261 726 ac
1298 667 1574 739 diligentia
1612 664 1903 721 incumbat.
1932 662 2085 731 Quod

496 779 672 845 ipsum
703 780 761 827 ut
792 769 931 826 filius
970 776 1091 823 tuus
1129 772 1506 832 consequatur,
1541 769 1594 814 tu
1623 771 1836 829 quoque
1875 754 2086 815 labores

498 867 657 923 velim
703 881 717 918 :
765 870 927 933 atque
961 859 1180 915 omnino
1225 852 1507 910 consilium
1553 859 1795 907 nostrum
1825 846 2084 912 laudabis,

494 955 760 1024 nobisque
796 948 1176 1009 admonitionis
1208 944 1371 1016 hujus
1399 941 1616 999 nomine
1656 938 1927 1011 ingentem
1960 951 2087 1007 gra-

498 1047 628 1102 tiam
660 1042 903 1100 habebis.

498 1177 687 1235 LXII.
731 1177 901 1244 Casta,
930 1173 1152 1239 Valerio,
1185 1170 1512 1242 Diaphantta,
1543 1163 1777 1238 Cyriaco,
1800 1161 2083 1217 Antiochus

843 1268 1165 1341 presbyteris.
1200 1266 1431 1335 (Cucuso
1455 1276 1596 1315 armo
1617 1256 1767 1329 405.)

576 1407 731 1478 Quod
757 1403 1236 1462 rererendissimus
1262 1415 1323 1454 ac:
1350 1395 1781 1467 religiosissimus
1808 1390 2086 1463 presbyter

500 1498 852 1557 Constantius
894 1510 993 1551 nos
1040 1491 1352 1561 reliquerit,
1383 1489 1541 1545 dole0
1566 1504 1581 1542 :
1611 1484 1755 1555 quod
1796 1491 1973 1541 autem
2017 1480 2084 1537 ad

504 1610 603 1645 sos
630 1607 692 1647 sc
716 1587 1004 1647 contulerit
1022 1627 1036 1649 ,
1066 1586 1249 1650 laetor;
1277 1597 1342 1638 ac
1368 1579 1537 1650 magis
1577 1577 1703 1634 hinc
1734 1576 1907 1640 laztor,
1929 1586 2090 1643 quam

512 1687 657 1739 illinc
683 1682 862 1738 doleo.
903 1678 1086 1749 Neque
1127 1675 1273 1731 enim
1316 1672 1452 1730 mihi
1475 1669 1695 1728 dubium
1724 1676 1830 1735 est,
1875 1663 2091 1736 quinad

504 1773 853 1844 tranquillum
896 1778 1141 1841 portum,
1170 1766 1276 1823 hoc
1309 1773 1394 1822 est
1414 1763 1490 1818 ad
1527 1769 1760 1819 vestram
1788 1758 2090 1823 caritatem,

500 1865 758 1936 appellat.
797 1861 933 1919 Nam
971 1858 1216 1931 quamvis
1258 1854 1503 1913 sescenti
1547 1851 1807 1909 tumultus
1848 1864 1946 1905 vos
1993 1863 2095 1904 un-

501 1958 669 2028 dique
694 1956 1078 2016 circmnstent,
1106 1961 1442 2019 magnosque
1467 1943 1664 2001 ï¬‚uctus
1697 1941 1932 1999 excitent
1960 1955 1976 1993 :
2008 1947 2094 1993 ta-

508 2065 633 2105 men
659 2046 924 2118 ejusmodi
950 2054 1092 2101 statu
1117 2056 1205 2099 nes
1234 2050 1428 2097 vestra:
1452 2046 1581 2096 sunt
1598 2077 1613 2103 ,
1642 2045 1700 2109 ut
1724 2035 1794 2091 ob
1821 2042 1960 2097 eam,
1989 2045 2095 2101 qua

506 2140 716 2212 praediti
747 2139 914 2205 estis,
951 2133 1316 2191 fortitudinem
1361 2138 1418 2187 et
1440 2136 1774 2185 constantem
1817 2126 2093 2180 caritatem

506 2231 783 2300 animique
807 2227 1147 2284 all'ectionem
1165 2264 1181 2289 ,
1211 2222 1372 2281 etiam
1406 2222 1460 2274 in
1484 2217 1674 2275 mediis
1698 2214 1949 2286 procellis
1977 2227 2094 2268 ma-

509 2338 614 2393 gna
642 2319 1030 2390 tranquillitate
1070 2314 1340 2371 fruamini.
1368 2310 1727 2380 Quamobrem
1753 2322 1874 2362 cum
1907 2304 1974 2361 ad
2003 2319 2097 2359 ve-

504 2421 680 2468 strum
706 2418 981 2480 aspectum
1009 2405 1239 2473 venerit,
1271 2404 1391 2474 ipsi,
1418 2410 1478 2457 ut
1504 2415 1599 2469 par
1624 2407 1729 2466 est,
1757 2397 1934 2453 omnia
1962 2410 2093 2463 sup-

510 2504 766 2577 peditate.
786 2500 946 2558 Scitis
966 2499 1110 2555 enim
1133 2504 1330 2568 quanta
1357 2508 1451 2548 vos
1478 2492 1602 2547 hinc
1630 2497 2093 2551 mercesmaneat,

512 2599 557 2653 si
587 2612 708 2652 cum
741 2595 921 2666 inique
943 2600 1194 2649 vexatum
1226 2589 1407 2644 fovere
1432 2586 1712 2655 studentis.
1743 2584 1927 2654 Neque
1949 2581 2095 2641 enim

513 2688 656 2744 aliud
678 2687 969 2758 quidquam
997 2698 1026 2738 a
1056 2682 1211 2738 vobis
1232 2680 1584 2750 postulamus,
1612 2690 1769 2747 quam
1797 2684 1854 2729 ut
1880 2689 1945 2728 ne
1985 2673 2097 2742 ipsc

513 2796 609 2851 per
636 2779 883 2849 injuriam
909 2782 1157 2840 vexetur,
1187 2783 1498 2840 temereque
1518 2768 1623 2823 huc
1649 2778 1809 2837 atque
1833 2765 1961 2819 illuc
1981 2764 2095 2818 eir-

424 2933 434 2943 ,
514 2877 846 2942 cimiagatur,
868 2882 933 2923 ac
956 2881 1053 2938 per
1068 2864 1307 2936 iudicum
1335 2860 1615 2917 tribunalia
1640 2873 1760 2914 eam
1788 2857 1859 2912 ob
1882 2868 2097 2911 causam

514 2963 862 3025 distrahatur,
909 2954 1069 3028 atque
1107 2957 1391 3018 laceretur,
1437 2951 1508 3008 ob
1543 2964 1705 3022 quam
1744 2961 1867 3003 eum
1900 2958 2099 3001 corona

514 3053 719 3116 ornari,
749 3064 815 3106 ac
852 3049 1067 3119 publico
1106 3046 1376 3117 praeconio
1418 3042 1681 3100 celebrari
1720 3053 1819 3110 par
1861 3045 1997 3093 erat.
2023 3036 2102 3092 Ac

517 3162 614 3217 pro
643 3158 709 3199 eo
734 3140 948 3213 quidem
978 3139 1096 3193 haec
1127 3135 1492 3207 postulamus;
1520 3147 1619 3203 pro
1642 3129 1800 3185 nobis
1837 3136 2018 3183 autem
2045 3133 2103 3181 ut

515 3216 662 3304 saepe
686 3232 752 3286 ad
777 3244 877 3285 nos
920 3227 1191 3291 scribatis,
1219 3239 1283 3279 ac
1323 3222 1394 3279 de
1433 3230 1612 3278 vestra
1650 3216 1956 3273 valetudine
1978 3230 2101 3271 cere

516 3328 681 3381 tiores
708 3337 807 3379 nos
835 3320 1061 3376 faciatis.
1094 3317 1228 3374 Nam
1258 3316 1359 3371 etsi
1396 3314 1560 3384 longo
1587 3310 1793 3367 itineris
1823 3306 2103 3363 intervallo

516 3435 545 3474 a
572 3418 725 3474 vobis
771 3413 1115 3476 divellimur,
1169 3423 1265 3464 vos
1305 3419 1483 3461 tamen
1523 3404 1705 3458 animo
1758 3397 2105 3456 circumferre

516 3509 738 3566 minime
781 3505 1096 3567 desinimus,
1145 3514 1210 3555 ac
1252 3498 1526 3553 vobiscum
1570 3507 1715 3555 esse,
1760 3489 2105 3560 quotidieque

516 3600 742 3657 versari.
770 3595 1069 3669 Ejusmodi
1108 3593 1254 3649 enim
1287 3589 1527 3646 caritatis
1571 3586 1714 3642 oculi
1751 3593 1877 3640 sunt
1918 3581 1974 3638 in
2013 3581 2102 3646 iis,

518 3694 610 3765 qtti
637 3695 845 3748 sincere
882 3692 1311 3743 amare-norunt.
1350 3681 1514 3751 idque
1554 3679 1654 3748 ipsi
1701 3674 1981 3746 perspicue
2010 3685 2108 3726 no-

517 3764 639 3850 stis,
667 3779 1102 3854 quandoquidem
1129 3777 1340 3832 sincere
1371 3784 1583 3843 quoque
1607 3781 1790 3821 amare
1817 3764 2007 3819 nostis.

627 3913 849 3973 LXIII.
889 3895 1262 3981 Tranquillino.
1320 3903 1425 3978 (Ab
1453 3917 1594 3958 anno
1622 3901 1721 3957 404
1751 3899 1817 3954 ad
1846 3897 2000 3969 407.)

591 4051 798 4105 Cartera
838 4044 1057 4116 quidem
1104 4040 1284 4096 omnia
1324 4035 1552 4106 tempori
1584 4031 1818 4099 .cedunt,
1857 4045 1922 4087 ac
1956 4035 2110 4085 vetu-

516 4151 717 4199 statem
746 4147 802 4193 et
844 4136 1051 4192 senium
1099 4130 1444 4197 contrahunt,
1472 4129 1581 4183 hoc
1606 4135 1690 4183 est
1712 4122 1956 4181 ï¬‚orentia
1986 4135 2108 4176 coro

526 4250 676 4307 pora,
694 4233 812 4287 alta
840 4229 1085 4293 mdiï¬cia,
1113 4235 1288 4296 prata,
1306 4234 1370 4278 et
1396 4222 1557 4288 horti,
1584 4234 1649 4276 ac
1666 4218 1898 4288 denique
1926 4213 2104 4271 omnia

526 4304 647 4398 quae
673 4340 737 4380 ex
773 4330 916 4378 terra
943 4314 1190 4374 oriuntur
1218 4333 1232 4371 :
1262 4314 1378 4368 sola
1419 4321 1600 4366 autem
1623 4308 1822 4364 caritas
1844 4305 1937 4360 -ab
1963 4304 2109 4374 ejus.-

527 4417 671 4476 modi
696 4415 1019 4472 detrimento
1043 4406 1294 4466 immunis
1313 4412 1428 4469 est;
1450 4418 1514 4459 ac
1542 4416 1648 4457 non
1674 4400 1834 4456 modo
1860 4400 2115 4469 temporis

527 4510 880 4570 diuturnitate
918 4520 1026 4561 non
1068 4500 1381 4558 marcescit.
1420 4494 1516 4551 sed
1566 4508 1635 4548 ne
1677 4503 1852 4548 morte
1897 4490 2113 4562 quidem

522 4606 643 4678 ipsa
671 4600 1100 4669 interrumpitur.
1134 4594 1326 4663 quue
1365 4590 1581 4644 nomine
1620 4599 1717 4640 nos
1744 4597 1990 4655 quoque,
2028 4592 2116 4635 ta-

518 4675 688 4757 tmetsi
712 4697 967 4753 diuturno
995 4699 1241 4759 tempore
1277 4702 1309 4740 a
1336 4683 1603 4739 suavitate
1630 4688 1721 4735 tua
1742 4675 2078 4734 abfuerimus
2096 4712 2113 4738 ,

530 4796 795 4863 vigentem
837 4796 1014 4843 tamen
1070 4783 1146 4836 tul
1189 4791 1430 4833 amorem
1480 4773 1775 4829 retinenms
1813 4787 1826 4823 :
1873 4784 1938 4825 ac
1977 4781 2120 4823 nunc

529 4860 748 4955 quidem
777 4883 977 4951 lingua,
1004 4888 1218 4943 semper
1242 4878 1420 4927 autem
1446 4866 1647 4921 animo.
1671 4864 1852 4934 anue
1873 4860 1939 4916 de
1958 4874 2118 4923 causa

532 4951 692 5046 quam
737 4973 1031 5044 savpissime
1055 4967 1121 5022 ad
1165 4964 1416 5037 pietatem
1447 4967 1590 5013 tuam
1626 4956 1808 5010 literas
1849 4951 2118 5009 dedimus.

533 5044 796 5136 Quoniam
839 5074 1042 5128 autem,
1071 5076 1180 5132 quo
1208 5067 1351 5114 statu
1391 5050 1639 5110 valetudo
1667 5059 1753 5105 tua
1790 5047 1887 5112 sit,
1923 5044 2122 5102 intelli-

520 5174 663 5231 gere
693 5156 852 5214 valde
872 5154 1174 5224 expetimus
1198 5147 1330 5222 (scis
1354 5145 1499 5201 enim
1531 5145 1648 5214 ipse
1674 5156 1833 5212 quam
1862 5150 1916 5194 te
1941 5138 2121 5192 valere

537 5226 859 5321 cupiamus),
888 5247 934 5301 si
961 5244 1076 5301 fieri
1106 5242 1303 5313 possit,
1332 5238 1592 5307 facileque
1630 5234 1860 5304 aliquem
1889 5226 2121 5283 nancisci

541 5317 727 5410 queas,
771 5317 861 5410 qui
903 5338 1084 5399 literas
1110 5335 1177 5390 ad
1222 5347 1319 5389 nos
1361 5330 1516 5396 ferat,
1545 5327 1705 5381 velim
1752 5317 2124 5391 ut,pquentad-

544 5433 757 5491 modum
785 5431 947 5491 ofï¬cii
976 5432 1054 5489 tui
1084 5424 1482 5496 ratiopostulat
1502 5462 1518 5488 ,
1544 5418 1618 5475 de
1645 5431 1711 5472 eo
1742 5429 1839 5469 nos
1864 5412 2124 5467 certiores

545 5522 729 5579 facias.
760 5519 892 5577 Nam
920 5535 1007 5574 res
1038 5528 1250 5573 nostras
1275 5523 1435 5583 atque
1455 5526 1518 5566 ea
1559 5523 1675 5578 quis
1704 5507 1758 5561 in
1787 5503 2039 5559 Armenia
2069 5510 2127 5559 et

545 5614 1056 5683 Thraciageruntur
1073 5650 1089 5675 ,
1112 5608 1337 5663 sincera:
1364 5612 1524 5675 atque
1551 5599 1758 5657 ardenti
1781 5593 1991 5656 caritati
2022 5602 2127 5649 tum

545 5705 787 5764 narrabit
809 5703 854 5760 is
879 5701 968 5774 qui
995 5700 1086 5756 tibi
1116 5699 1210 5754 has
1240 5696 1425 5753 literas
1449 5691 1655 5751 reddet.

1241 283 1298 341 S.
1324 277 1600 339 JOANNIS
1639 268 2105 331 CHRYSOSTOMI
2144 269 2455 329 ARCï¬‚IEP.
2493 266 3025 327 CONSTANTINOP.

3663 263 3788 319 '6â€œ

2608 385 2737 442 LXI
2757 386 2817 439 V.
2847 385 3060 457 Cyriaco
3088 384 3342 455 episcopo.

2264 521 2522 576 Dominus
2556 532 2708 575 meus
2751 520 3011 589 Sopater,
3052 516 3321 571 Armenia:
3373 514 3592 585 hujusce
3633 531 3772 586 prte-

2193 612 2395 680 fectus,
2425 613 2479 667 in
2520 628 2624 683 qua
2659 626 2800 667 nunc
2841 609 3030 665 inclusi
3061 617 3326 672 tenemur,
3355 608 3623 663 Armenia:
3659 610 3775 678 qni-

2192 705 2315 760 dem
2341 703 2554 774 praefuit
2576 713 2635 758 ut
2664 710 2847 773 pater,
2878 700 2996 771 plus
3019 710 3196 756 autem
3228 698 3388 753 ofï¬cii
3410 712 3534 769 erga
3562 713 3660 755 nos
3683 713 3774 755 ex-

2195 794 2384 859 hibuit,
2433 809 2593 864 quam
2630 808 2660 846 a
2705 801 2853 862 patre
2891 788 3267 861 postulandum
3309 787 3599 843 videretur.
3643 787 3781 844 lluic

2194 886 2372 957 itaque
2413 886 2631 955 hujusce
2664 882 3054 940 benevolentiae
3104 881 3273 935 vicem
3314 896 3436 936 cum
3482 881 3784 951 rependere

2192 984 2543 1048 cuperemâ€˜et
2578 975 2914 1046 exquirerem
2936 1013 2950 1039 .
2981 972 3237 1042 optimam
3278 972 3416 1025 viam
3458 970 3593 1026 mihi
3632 971 3785 1025 inve-

2190 1070 2341 1124 nisse
2365 1067 2571 1130 videor,
2605 1065 2855 1120 nimirum
2889 1063 3175 1118 sollicitum
3207 1072 3352 1115 tuum
3378 1076 3442 1116 ac
3470 1062 3776 1132 vigilantem

2194 1162 2455 1224 animum,
2501 1158 2656 1228 cujus
2702 1171 2867 1227 opera
2907 1155 3131 1225 gratiam
3178 1153 3280 1223 ipsi
3324 1151 3525 1208 referre
3567 1163 3771 1222 potero.

2192 1253 2294 1319 Qui
2323 1252 2536 1306 tandem
2559 1249 2724 1314 istud,
2749 1258 2803 1305 et
2825 1262 3056 1318 quonam
3088 1247 3283 1316 pacto?
3314 1244 3482 1315 Ipsius
3509 1244 3649 1299 filius
3666 1245 3781 1315 jam

2194 1348 2283 1402 diu
2316 1346 2435 1400 istic
2465 1345 2739 1399 literarum
2766 1354 2927 1396 causa
2971 1347 3348 1394 commoratur.
3390 1337 3542 1392 Hunc
3570 1337 3617 1392 si
3656 1338 3785 1393 ireto

2195 1447 2360 1507 atque
2382 1433 2546 1488 alacri
2569 1432 2781 1495 animo,
2809 1438 2868 1484 ut
2897 1429 3109 1484 caritati
3140 1436 3247 1481 tua:
3291 1427 3570 1491 convenit,
3597 1426 3786 1483 videre

2194 1529 2488 1592 studueris,
2543 1523 2896 1592 beneficiique
2942 1518 3140 1591 aliquid
3193 1521 3247 1573 in
3294 1534 3417 1574 eum
3460 1519 3781 1586 contuleris,

2191 1613 2375 1677 omnia
2407 1634 2437 1673 a
2462 1617 2616 1672 uobis
2640 1615 2816 1671 debita
2846 1612 3020 1668 officia
3050 1609 3382 1681 rependeris.
3421 1610 3783 1676 Quamobrem

2197 1712 2301 1769 hoc
2328 1709 2522 1766 eï¬‚ice:
2551 1723 2613 1762 ac
2642 1717 2751 1763 tum
2790 1717 2976 1760 eorum
3002 1702 3092 1773 qui
3118 1701 3425 1772 magistratu
3454 1699 3782 1770 funguntur,

2198 1812 2309 1858 tum
2362 1810 2570 1857 tuorum
2614 1794 2976 1860 familiarium,
3018 1792 3217 1862 quique
3251 1791 3352 1862 ipsi
3380 1798 3655 1846 externam
3692 1806 3784 1847 re.

2196 1897 2409 1966 gionem
2434 1889 2601 1960 patria
2628 1886 3007 1959 jucundiorem
3039 1882 3265 1939 reddere
3293 1889 3515 1952 queunt,
3536 1880 3784 1936 notitiam

2200 1984 2298 2054 ipsi
2325 1981 2572 2038 concilia.
2597 1978 2687 2035 Sic
2715 1977 2880 2040 enim,
2902 1983 2956 2030 et
2982 1974 3051 2030 ab
3074 1987 3162 2041 eo,
3192 1981 3248 2028 et
3270 1986 3303 2026 a
3329 1986 3434 2038 me,
3462 1980 3621 2043 atque
3644 1969 3786 2027 adeo

2198 2094 2227 2132 a
2256 2076 2429 2145 teipso
2452 2071 2679 2142 gratiam
2711 2067 2889 2133 inibis,
2921 2064 3376 2138 probumscilicet
3402 2078 3467 2119 ac
3492 2063 3782 2133 benignum

2201 2171 2379 2224 virum
2416 2176 2859 2232 communemque
2897 2172 3189 2230 pauperum
3231 2167 3443 2229 portum
3482 2170 3578 2227 per
3610 2155 3783 2212 tilium

2193 2276 2407 2333 juvans.

2224 2394 2315 2450 LX
2336 2394 2393 2449 V.
2424 2391 2691 2446 Marciano
2719 2398 2766 2443 et
2792 2385 3091 2442 Maecilius
3109 2381 3208 2455 (Î±).
3239 2380 3494 2454 (Cucuso,
3523 2396 3667 2439 anno
3691 2391 3750 2439 ut

2823 2487 3034 2551 putatur
3057 2475 3209 2549 Î›Îœ.)

2268 2622 2409 2679 Satis
2435 2619 2668 2690 amplum
2710 2615 2957 2671 mmroris
2986 2614 3129 2669 illius
3149 2654 3163 2678 ,
3194 2627 3377 2685 quem,
3420 2620 3478 2667 ut
3512 2626 3579 2667 ex
3610 2610 3789 2667 literis

2204 2716 2398 2773 vestris
2433 2711 2637 2783 accepi,
2677 2707 2983 2773 sustinetis,
3011 2705 3256 2761 solatium
3303 2703 3454 2758 vobis
3478 2711 3562 2758 est
3600 2702 3791 2777 philo-

2199 2804 2421 2876 sophica
2449 2803 2566 2856 baic
2594 2809 2770 2854 vestra
2815 2810 2967 2852 mens
2986 2837 3001 2864 ,
3043 2809 3106 2849 ac
3131 2792 3375 2851 sublimis
3402 2802 3458 2851 et
3482 2794 3634 2847 ï¬rma
3658 2808 3795 2847 con-

2202 2892 2711 2966 stansqnelaï¬‚'ectio.
2748 2888 2818 2945 Ut
2856 2889 2996 2943 enim
3031 2886 3177 2942 molli
3204 2901 3268 2944 ac
3290 2884 3554 2941 dissoluto
3583 2884 3793 2940 homini

2203 3006 2272 3045 ne
2304 2985 2658 3057 tranquillitas
2682 2981 2897 3052 quidem
2926 2994 2990 3034 ac
3014 2979 3282 3034 secundus
3311 2992 3500 3033 cursus
3538 2992 3792 3048 magnam

2203 3082 2364 3136 ullam
2386 3078 2666 3133 utilitatem
2691 3072 2883 3128 aflâ€˜crre
2909 3078 3114 3140 potest:
3143 3069 3222 3124 sic
3242 3068 3451 3125 firmum
3477 3077 3533 3123 et
3555 3067 3793 3122 solidum

2202 3182 2257 3229 et
2288 3170 2595 3241 vigilantem
2622 3167 2795 3222 virum
2823 3179 2891 3218 nc
2912 3161 3086 3233 gravis
3109 3160 3322 3231 quidem
3353 3169 3643 3230 tempestas
3665 3175 3795 3213 um-

2202 3279 2363 3335 quam
2417 3263 2740 3321 commovet,
2790 3268 2973 3309 verum
3020 3252 3299 3306 clariorem
3339 3259 3397 3306 et
3441 3249 3794 3306 illustriorem

2206 3354 2399 3410 reddit.
2440 3351 2517 3407 Ea
2555 3345 3091 3405 enim-tentationum
3119 3352 3306 3397 natura
3347 3350 3451 3407 est,
3494 3349 3551 3394 nt
3582 3341 3652 3395 iis
3693 3339 3793 3411 qui

2206 3446 2328 3502 forti
2352 3445 2537 3503 animo
2558 3455 2651 3496 eas
2676 3439 2882 3502 ferunt,
2914 3435 3078 3489 multa
3111 3432 3331 3504 prmmia
3370 3430 3797 3501 splendidasque

2205 3551 2433 3597 coronas
2473 3539 2735 3593 accersat.
2778 3528 2903 3584 Haec
2943 3526 3106 3596 igitur
3144 3539 3265 3581 cum
3312 3522 3466 3577 vobis
3511 3530 3799 3592 perspecta

2206 3629 2335 3696 sint,
2364 3620 2798 3682 reverendissitni
2825 3635 2888 3675 ac
2916 3615 3233 3673 nobilissimi
3260 3612 3463 3671 domini
3488 3613 3616 3678 mei,
3641 3626 3802 3666 cum-

2207 3736 2314 3792 que
2339 3719 2479 3777 hanc
2507 3717 2638 3775 satis
2664 3713 2897 3783 amplam
2938 3712 2991 3767 in
3023 3709 3182 3767 rebus
3214 3707 3425 3765 acerbis
3461 3706 3801 3761 consolatio-

2208 3828 2332 3871 nem
2363 3808 2606 3864 habeatis
2636 3823 2649 3860 :
2690 3805 2823 3861 nihil
2863 3804 3087 3868 horum,
3115 3817 3234 3872 qua:
3261 3800 3426 3868 fiunt,
3452 3799 3661 3853 animos
3695 3812 3803 3852 ve-

2207 3912 2354 3965 stros
2377 3899 2691 3971 perturbet,
2714 3884 2884 3967 atque
2899 3909 3058 3966 quam
3084 3892 3380 3961 saepissime
3407 3888 3475 3944 ad
3505 3904 3605 3944 nos
3634 3886 3805 3943 velim

2208 3994 2479 4055 scribatis.
2505 3991 2717 4048 Etenim
2747 3989 2799 4044 id
2826 3986 3040 4058 quidem
3071 3984 3303 4039 maxime
3328 3980 3622 4047 vellemus,
3655 3994 3809 4049 pnn-

2208 4098 2396 4155 scntes
2424 4100 2522 4143 vos
2549 4083 2743 4138 intueri
2768 4089 2929 4149 atque
2956 4075 3275 4147 complecti._
3294 4072 3555 4153 Quoniam
3578 4080 3768 4125 autem
3788 4113 3807 4137 ,

2208 4179 2498 4251 quominus
2534 4174 2589 4231 id
2633 4187 2775 4228 nunc
2824 4170 2937 4227 fieri
2962 4169 3153 4247 possit,
3201 4166 3368 4221 multa
3407 4163 3812 4233 impedimento

2208 4281 2360 4340 sunt,
2389 4273 2506 4328 sine
2528 4263 2927 4324 intermissione
2947 4260 3013 4323 ad
3041 4274 3140 4316 nos
3159 4258 3412 4321 scribere,
3436 4270 3500 4309 ac
3524 4253 3593 4308 dc
3619 4264 3811 4308 vestra

2215 4361 2521 4418 valetudine
2549 4357 2809 4411 certiores
2852 4366 2953 4407 nos
2982 4349 3159 4405 facere
3189 4362 3257 4404 ne
3287 4345 3608 4417 gravemini.
3639 4343 3814 4400 Scitis

2210 4456 2383 4519 enim,
2413 4458 2688 4521 quantam,
2715 4446 2760 4500 si
2791 4444 2895 4499 hoc
2916 4441 3147 4506 faciatis,
3182 4453 3215 4493 a
3243 4437 3397 4493 nobis
3428 4435 3660 4506 gratiam
3702 4435 3812 4489 ini-

2219 4545 2345 4608 turi,
2375 4548 2678 4612 quantaque
2707 4551 2806 4591 nos
2834 4534 3106 4602 voluptate
3128 4527 3449 4584 cumulaturi
3476 4524 3617 4580 sitis.

2218 4675 2421 4737 LXVI.
2455 4674 2625 4740 Casta,
2661 4670 2880 4734 Valerio,
2904 4666 3231 4735 Diophantae,
3255 4661 3491 4732 ÏƒÏ…Î½á½·Î±ÏƒÎ¹),
3521 4659 3818 4715 Antiochia

2851 4756 3171 4828 urabyteris.

2292 4909 2495 4979 Lingua
2519 4898 2733 4974 quidem
2768 4907 2892 4950 raro
2919 4890 2986 4946 ad
3010 4904 3107 4944 vos
3147 4885 3372 4956 scripsi;
3413 4883 3594 4938 animo
3625 4891 3821 4936 autem

2218 4972 2421 5061 crebro
2461 4972 2889 5062 aclrequenter.
2932 4984 3110 5051 Quare
3143 4992 3213 5034 ne
3256 4975 3479 5032 totidem
3527 4972 3824 5035 dumtaxat

2224 5096 2482 5164 epistolas
2508 5095 2718 5143 nostras
2744 5092 2865 5137 esse
2892 5070 3215 5135 existimetis
3232 5110 3248 5134 ,
3280 5076 3412 5138 quot
3439 5081 3535 5137 per
3565 5064 3823 5119 chartam

2222 5154 2281 5244 et
2305 5188 2656 5241 atramentum
2685 5166 2988 5239 accepistis,
3012 5175 3198 5217 verum
3228 5168 3357 5231 quot
3370 5157 3440 5212 ad
3472 5169 3572 5209 vos
3595 5154 3827 5210 mittere

2226 5272 2546 5343 cupivimus.
2574 5264 2705 5317 Nam
2731 5260 2775 5316 si
2816 5272 2930 5313 rem
2958 5256 3033 5315 ita
3064 5260 3314 5320 reputare
3342 5244 3624 5303 volueritis
3642 5285 3662 5309 ,
3694 5259 3828 5299 sex-

2228 5335 2399 5422 centa:
2428 5355 2668 5430 profecto
2691 5353 2865 5408 litera:
2885 5348 2951 5403 ad
2974 5360 3070 5401 vos
3097 5359 3127 5399 a
3154 5342 3309 5397 nobis
3340 5338 3518 5393 missa!
3539 5345 3692 5392 sunt.
3718 5335 3825 5389 Sin

2229 5465 2410 5512 autem
2428 5423 2595 5505 nemo
2620 5454 2704 5501 est
2739 5442 2831 5512 qui
2866 5437 3122 5510 perferat,
3152 5447 3260 5488 non
3288 5438 3487 5486 nostra:
3510 5423 3822 5487 socordis,

2222 5546 2327 5605 scd
2354 5556 2531 5600 rerum
2556 5533 2855 5596 difficultati
2884 5528 3154 5586 silentium
3185 5530 3429 5578 nostrum
3456 5515 3692 5572 adscribi
3714 5514 3823 5571 do-

2306 5675 2383 5737 (Î±)
2406 5661 2801 5729 (Î–Ï…á½¶Î´Î¹á½¶Î¹Î¹Î·Î¹Î½Î¹Î¹Î¹á½·Î¿,
2828 5666 2883 5713 et
2904 5659 3091 5713 Fabric.
3110 5654 3313 5711 habent,
3336 5639 3653 5696 Marcelliano
