4058 6218
614 294 720 349 645

609 408 952 480 δυσκολίαςὴ
988 409 1113 478 σιγὴ
1138 408 1363 478 γίνεται.
1419 409 1602 462 Ταῦτα
1631 410 1687 462 δέ
1740 407 1912 473 εἶπον,
1951 411 2040 464 ῖνα
2083 412 2180 466 καὶ

611 500 929 570 γραφόντων
959 500 1133 570 ἡμῶν,
1159 501 1252 552 καὶ
1279 499 1577 568 σιγώντων,
1599 501 1698 570 τὴν
1725 501 1892 569 αὑτὴν
1927 504 2054 572 περὶ
2083 503 2182 572 τῆς

611 591 885 661 ἡμετέρας
937 591 1157 659 ἀγάπης
1203 590 1302 660 τῆς
1358 589 1486 660 περὶ
1539 592 1684 659 ὑμᾶς
1736 590 1938 662 φέρητε
1978 591 2179 661 ψῆφον.

623 681 812 748 Ἡμεῖς
844 681 950 750 γὰρ
975 681 1219 750 ὅπουπερ
1253 680 1320 732 ἂν
1365 672 1537 750 ὦμεν,
1573 679 1975 748 ἐγκολάψαντες
2025 678 2183 750 ἡμῶν

609 773 675 839 τῇ
701 770 906 841 διανοίᾳ
935 770 1028 841 τήν
1055 770 1277 840 μνήμην
1301 770 1400 840 τὴν
1427 770 1698 840 ὑμετέραν
1727 769 2001 840 πανταχοῦ
2025 787 2184 840 περι-

611 861 867 931 φέρομεν.
910 861 1019 913 Καὶ
1059 859 1153 912 νῦν
1187 861 1243 913 δὲ
1278 860 1438 932 χάριν
1498 861 1626 930 ὑμῖν
1658 860 1815 929 ἴσμεν
1855 859 2074 930 πολλὴν,
2101 861 2183 914 ὃτι

609 952 698 1005 τὸν
723 952 882 1005 καλὸν
911 952 1142 1022 μοναχὸν
1175 951 1267 1004 καὶ
1301 952 1438 1022 μετὰ
1460 952 1555 1021 τῆς
1587 950 1902 1021 πρεπούσης
1940 951 2066 1020 ὑμῖν
2097 951 2186 1004 εὑ·

608 1045 757 1107 νοίας
807 1042 1156 1108 ὑπεδέξασθε,
1207 1043 1300 1096 καὶ
1350 1044 1478 1106 τοὺς
1535 1041 1892 1113 βουλομένους
1941 1042 2184 1113 ἀκαίρως

610 1135 745 1204 πρὸς
766 1133 924 1188 αὑτὸν
951 1133 1273 1202 φιλονεικεῖν
1295 1133 1674 1203 ἡμερωτέρους
1696 1133 2049 1202 πεποιήκατε.
2071 1133 2185 1186 Οὑκ

608 1226 716 1295 ἄρα
745 1225 921 1296 μάτην
942 1224 1143 1291 ἐλεγον,
1169 1224 1288 1276 οὑδέ
1310 1223 1622 1276 κολακεύων
1656 1223 1818 1292 ὑμᾶς,
1849 1223 1930 1275 ὅτι
1958 1222 2060 1276 κᾶν
2085 1240 2184 1294 μυ-

612 1317 703 1386 ρία
721 1314 1052 1385 πανταχόθεν
1080 1317 1358 1386 ἐγείρηται
1382 1313 1625 1384 κύματα,
1644 1315 1701 1366 ἐν
1727 1314 1934 1384 γαλήνῃ
1954 1313 2023 1366 τά
2048 1313 2184 1383 ὑμέ-

607 1423 760 1477 τερα.
797 1408 858 1459 Οἱ
898 1405 1006 1476 γὰρ
1035 1404 1178 1458 οῦτω
1214 1405 1413 1477 ῥᾳδίως
1437 1405 1647 1475 ἑτέροις
1682 1405 1917 1472 ναυάγια
1946 1403 2187 1456 διαλύον-

609 1514 718 1560 τες,
751 1495 970 1566 εῦδηλον
1018 1497 1098 1549 ὃτι
1149 1497 1338 1566 πόρρω
1395 1495 1506 1548 τῶν
1539 1494 1843 1548 κλυδωνίων
1894 1496 2184 1565 ἑστήκατε.

609 1588 853 1660 Γράφετε
906 1588 969 1658 δὴ
1003 1588 1240 1656 συνεχῶς
1283 1589 1413 1658 ἡμῖν
1448 1588 1516 1640 τὰ
1552 1587 1680 1656 περὶ
1708 1587 1808 1655 τῆς
1849 1586 2058 1654 ὑγιείας
2086 1585 2186 1656 τῆς

608 1679 902 1750 ὑμετέρας.
921 1680 1062 1731 Ἰστε
1091 1679 1197 1748 γὰρ
1223 1680 1370 1741 ὃπως
1388 1680 1519 1750 ἡμῖν
1547 1677 2009 1749 περισπούδαστον
2029 1676 2186 1730 τοῦτο

613 1769 924 1840 μανθάνειν.
961 1768 1238 1838 Τοσαύτην
1272 1769 1380 1840 γάρ
1418 1768 1532 1838 ἔχει
1561 1768 1658 1839 τήν
1700 1769 1852 1838 ίσχὺν
1897 1767 1965 1821 τά
2000 1767 2184 1839 γράμ·

613 1876 757 1929 ματα
780 1859 956 1930 ὑμῶν,
983 1859 1050 1913 τὰ
1081 1859 1179 1931 τὴν
1211 1861 1378 1932 ρῶσιν
1406 1861 1559 1932 ὑμῶν
1584 1863 1719 1932 ἡμῖν
1754 1859 2184 1928 ἀπαγγέλλοντα,

608 1950 691 2002 ὅτι
715 1951 808 2003 καὶ
830 1949 1102 2014 τοσούτοις
1124 1952 1652 2022 περιεστοιχισμένοι
1671 1951 1885 2015 δεινοῖς.
1908 1951 2184 2022 πολέμοις,

610 2039 879 2110 θορύϐοις,
908 2043 1193 2112 ταραχαῖς,
1220 2041 1467 2105 θανάτοις
1498 2042 1910 2113 καθημερινοῖς,
1937 2043 2099 2114 ἡνίκα
2121 2043 2187 2096 ἂν

608 2131 876 2195 τοσαύτας
905 2131 1058 2202 ὑμῶν
1083 2131 1364 2203 δεξώμεθα
1395 2133 1704 2197 ἐπιστολὰς,
1737 2133 1831 2185 καὶ
1852 2133 2188 2205 ἀναπτερού-

612 2223 751 2293 μεθα
780 2223 884 2275 ὑπὸ
919 2223 1018 2291 τῆς
1066 2223 1280 2293 ἡδονῆς,
1321 2224 1416 2275 καὶ
1465 2223 1728 2294 μεγίστην
1761 2223 2009 2276 ἐντεῦθεν
2047 2240 2187 2294 καρ-

609 2314 859 2382 πούμεθα
889 2313 985 2383 τήν
1030 2313 1381 2382 παραμυθίαν
1406 2326 1454 2369 α.
1505 2313 1758 2367 Τοιοῦτον
1790 2314 1899 2386 γάρ
1921 2315 1982 2368 τὸ
2012 2315 2186 2384 φιλεῖν

607 2405 866 2474 γνησίως,
898 2404 973 2466 ὡς
1023 2404 1116 2455 καὶ
1169 2404 1255 2456 διά
1297 2405 1638 2475 γραμμάτων
1677 2403 1934 2457 δύνασθαι
1983 2405 2093 2457 τῶν
2120 2407 2187 2459 τά

604 2495 830 2549 τοιαῦτα
859 2493 1152 2562 εὐαγγέλια
1189 2494 1420 2563 ἐχόντων
1450 2497 1578 2558 τοὺς
1609 2495 1687 2564 τῷ
1716 2495 1928 2566 σώματι
1955 2512 2188 2566 κεχωρι-

609 2588 835 2659 σμένους
866 2584 1204 2641 ἀνακτᾶσθαι
1238 2584 1456 2655 ῥᾳδίως.

931 2677 1080 2749 [650]
1113 2676 1242 2730 ΞΖ’.
1279 2677 1543 2742 Θεοδότῳ
1571 2677 1847 2745 διακόνῳ.

677 2767 850 2830 Αὑτδς
881 2765 999 2837 μὲν,
1041 2765 1198 2837 κύριέ
1230 2782 1330 2836 μου
1365 2765 1660 2836 τιμιώτατε
1685 2767 1781 2819 καὶ
1803 2765 2185 2830 εὑλαϐέστατε,

606 2861 716 2915 τῶν
748 2861 878 2929 γοῦν
907 2862 964 2912 ἐν
1009 2858 1270 2929 Ἀρμενία
1302 2856 1626 2929 ἀπηλλάγης
1673 2857 1880 2923 κακῶν,
1930 2859 2076 2929 ἡμᾶς
2130 2856 2189 2910 δέ

613 2949 749 3022 μετά
780 2949 887 3002 τῶν
911 2948 1144 3001 ἐνταῦθα
1174 2946 1438 3019 θορύϐων,
1473 2947 1671 3019 μᾶλλον
1703 2948 1761 3002 δέ
1790 2948 1897 3002 τῶν
1945 2949 2189 3002 θανάτων

609 3043 717 3096 τῶν
744 3040 1148 3110 καθημερινῶν,
1179 3041 1275 3109 ούχ
1293 3039 1368 3102 ὡς
1391 3039 1549 3109 ἔτυχε
1575 3040 1738 3093 λυπεῖ
1761 3042 1857 3093 καὶ
1876 3041 1936 3093 τὸ
1969 3041 2069 3109 τῆς
2093 3040 2190 3110 σῆς

609 3132 944 3203 κεχωρίσθαι
974 3129 1330 3200 γλυκύτητος,
1357 3131 1562 3199 καὶτῆς
1590 3130 1816 3199 γνησίας
1845 3133 1938 3185 καὶ
1967 3132 2191 3202 είλικρι-

611 3223 733 3285 νοῦς
759 3220 1068 3282 διαθέσεως.
1119 3218 1315 3284 Γέγονε
1360 3218 1416 3270 δέ
1442 3219 1536 3270 καὶ
1569 3219 1734 3289 ἐτέρα
1784 3219 1960 3291 λύπης
1987 3221 2191 3290 ταύτης

609 3311 896 3386 προσθήκη
917 3311 966 3373 δ,
999 3312 1031 3380 ἡ
1059 3309 1246 3380 μακρά
1279 3325 1372 3361 σου
1395 3308 1494 3378 τῆς
1535 3308 1830 3378 ἐμμελείας
1861 3311 2104 3382 σιγή.⁹Εξ
2130 3308 2191 3368 οῦ

609 3405 719 3476 γὰρ
748 3402 995 3457 ἐντεῦθεν
1042 3402 1296 3472 ἀπῆρας,
1347 3401 1605 3473 δευτέραν
1651 3401 1856 3472 ταύτην
1889 3402 2190 3474 ἐδεξάμεθα

615 3497 783 3567 μόνην
803 3494 1090 3562 ἐπιστολήν
1107 3510 1121 3524 ·
1160 3494 1253 3546 καὶ
1276 3491 1449 3546 ταῦτα
1483 3493 1583 3546 οὑκ
1604 3493 1853 3562 ἐγκαλῶν
1873 3493 2039 3562 λέγω,
2075 3495 2190 3548 ἀλλ’

610 3585 814 3654 ἀλγῶν.
842 3585 966 3638 ’Ότι
1008 3584 1106 3654 μὲν
1141 3583 1251 3653 γὰρ
1303 3583 1502 3647 ἄϐατος
1548 3585 1850 3654 ὁδοιπόροις
1879 3588 1912 3656 ή
1952 3586 2192 3640 ἐνταῦθα

613 3679 853 3750 φέρουσα
881 3677 1018 3739 ὁδὸς,
1043 3675 1217 3737 οὐδεὶς
1243 3675 1425 3742 ἀγνοεῖ
1453 3689 1469 3705 ⁸
1494 3676 1628 3728 ἀλλά
1655 3675 1816 3729 τοῦτο
1838 3676 1936 3746 μὲν
1952 3680 2032 3740 είς
2053 3679 2191 3731 ἀπο·

611 3769 797 3837 λογίαν
832 3768 932 3838 σὴν
951 3765 1207 3836 ἀποχρῶν
1236 3765 1301 3820 ἂν
1329 3767 1411 3836 εἴη
1437 3776 1487 3832 ε,
1516 3768 1594 3828 είς
1630 3767 1687 3819 δέ
1716 3768 1990 3840 ἡμετέραν
2011 3787 2191 3841 παρα-

615 3859 812 3930 μυθίαν
833 3857 1085 3928 οὐδαμῶς
1104 3874 1117 3888 ο
1153 3856 1289 3910 άλλά
1309 3857 1402 3910 καὶ
1423 3857 1490 3910 δι’
1520 3858 1652 3911 αὑτὸ
1673 3859 1770 3928 μὲν
1788 3855 1882 3914 οὖν
1909 3861 2064 3914 τοῦτο
2091 3863 2195 3932 μά-

610 3953 768 4004 λιστα
793 3949 1087 4018 ἀλγοῦμεν,
1126 3948 1208 4000 ὅτι
1241 3949 1334 4001 καὶ
1373 3947 1468 4018 τὴν
1501 3947 1831 4020 λειπομένην
1861 3953 1993 4021 ήμῖν
2017 3969 2195 4022 παρα·

609 4045 790 4114 ψυχὴν
815 4045 912 4114 τῆς
936 4043 1246 4112 ἀποδημίας
1266 4043 1364 4112 τῆς
1389 4042 1490 4110 σῆς
1512 4043 1603 4096 καὶ
1619 4041 1820 4112 ταύτην
1837 4042 2190 4114 ἀφῃρήμεθα,

613 4134 769 4185 Ἐπεὶ
803 4128 897 4185 οῦν
931 4131 1089 4183 τοῦτο
1120 4131 1345 4200 λυθῆναι
1405 4132 1547 4194 τέως
1599 4131 1700 4184 οὑκ
1732 4129 1812 4182 ἔνι
1859 4130 1921 4182 τὸ
1967 4131 2192 4202 ἄπορον,

613 4222 728 4276 ἀλλ’
748 4221 1076 4274 ἐπιτείνεται
1097 4220 1218 4272 καθ’
1237 4221 1474 4290 ἐκάστην
1507 4221 1720 4292 ἡμέραν
1735 4221 1804 4274 τὰ
1836 4221 2004 4286 δεινά,
2024 4221 2195 4293 ἐτέρῳ

613 4313 801 4383 τρόπῳ
815 4311 912 4382 τὴν
943 4312 1006 4362 ἐκ
1036 4309 1135 4379 τῆς
1164 4311 1378 4381 μακρᾶς
1406 4311 1563 4381 σιγῆς
1579 4311 1816 4382 ἀθυμίαν
1840 4312 2194 4382 ἐγγινομένην

614 4405 747 4475 ήμῖν
781 4401 1277 4474 παραμυθήσασθαι
1308 4401 1714 4472 παρακλήθητι,
1761 4404 2107 4474 μεμνημένος
2133 4421 2194 4456 τε

613 4494 772 4565 ἡμῶν
808 4493 1090 4564 διηνεκῶς,
1118 4494 1210 4546 καὶ
1233 4492 1398 4564 ήνίκα
1451 4494 1517 4547 ἂν
1555 4495 1794 4565 γράφης,
1851 4496 2197 4566 μακροτέρας

617 4585 784 4639 ποιῶν
814 4585 914 4646 τὰς
942 4585 1253 4648 ἐπιστολὰς,
1276 4586 1367 4638 καὶ
1393 4589 1504 4649 τοῖς
1523 4587 1652 4657 περὶ
1679 4585 1778 4654 τῆς
1806 4589 1904 4654 σῆς
1927 4586 2115 4653 ὑγείας
2135 4605 2195 4640 τε

616 4678 709 4730 καὶ
728 4674 991 4745 εὐθυμίας
1015 4675 1108 4726 καὶ
1135 4675 1431 4743 ἀσφαλείας
1458 4674 1808 4745 ἐνδιατρίϐων
1836 4673 2191 4746 διηγήμασιν.

615 4767 770 4820 Οὓτω
797 4765 907 4837 γάρ
942 4764 1144 4836 δυνήσῃ
1180 4765 1242 4817 τὺ
1263 4764 1452 4817 λεῖπον
1491 4766 1620 4834 ἡμῖν
1650 4766 1715 4816 ἐκ
1745 4763 1840 4818 τοῦ
1866 4763 2080 4836 χρόνου,
2130 4767 2196 4820 ἐκ

613 4859 708 4913 τοῦ
743 4859 951 4931 μήκους
981 4855 1484 4930 παραμυθήσασθαι
1504 4855 1614 4907 τῶν
1648 4854 1967 4910 ἐπιστολῶν.

1163 4949 1298 5002 ΞΗ.
1343 4946 1427 5012 Τῷ
1472 4944 1651 5010 αὐτῷ.

685 5040 797 5093 Καὶ
819 5041 976 5094 τοῦτο
1014 5040 1107 5094 σὺν
1131 5039 1224 5093 τοῦ
1257 5038 1592 5110 θερμπάτου
1626 5036 1722 5091 καὶ
1769 5035 2002 5108 σφοδροῦ
2037 5035 2194 5109 ήμῶν

616 5130 869 5203 ἐραστοῦ.
900 5132 1055 5185 Μετὰ
1081 5133 1179 5203 μέν
1210 5132 1269 5185 τὸ
1297 5131 1396 5202 τὴν
1428 5130 1700 5202 προτέραν
1735 5129 2039 5197 ἀναγνῶναι
2082 5131 2196 5183 ἐπι-

618 5221 830 5284 στολὴν,
878 5221 1145 5291 ἐδεξάμην
1203 5220 1296 5273 καὶ
1329 5219 1615 5290 δευτέραν,
1651 5221 1709 5272 ἐν
1745 5219 1844 5288 μιᾷ
1875 5219 2193 5288 ἀμφοτέρας

614 5313 818 5386 ἡμέρᾳ,
847 5314 939 5367 καὶ
971 5312 1174 5384 σφόδρα
1200 5312 1394 5384 ἡσθην.
1426 5309 1552 5383 Εἶχε
1580 5313 1686 5380 γάρ
1711 5327 1763 5363 τι
1798 5309 1958 5365 πλέον
1993 5312 2027 5380 ἡ
2072 5309 2192 5362 δευ-

677 5425 701 5492 ξ
730 5423 914 5492 ρῐῃηβε
933 5426 1236 5492 καρπούμεθοι
1257 5427 1581 5492 ειταραιιιυχήν.Δ
1603 5425 1732 5474 Εόίι.
1757 5425 2070 5486 παραμυθίαν.

677 5483 704 5549 1}
729 5483 929 5549 ggojslin:
955 5483 1088 5549 ἑτέρα
1122 5483 1243 5549 λύπῃ
1266 5483 1412 5549 ταῦτῂ
1437 5483 1604 5549 προσθ.

679 5548 703 5618 ξ
732 5543 858 5593 Εσίι.
880 5547 950 5620 εἰς
974 5543 1232 5620 ἀπολογίαν
1379 5543 1600 5620 ἀποχρῶν
1623 5546 1679 5593 ἂν
1689 5547 1796 5620 εἴη.
1821 5546 2193 5620 Ερὶθ]ίιι.“νάποο

633 5607 834 5670 [ρώντως
875 5606 1044 5670 ἀνείη.
1072 5607 1194 5670 Ιζςιε.
1224 5609 1324 5670 of]!
1336 5606 1625 5670 ἀποχρῶσαν
1665 5609 1800 5664 εἶναι,
1834 5608 1898 5661 εἷς
1921 5609 1988 5656 δέ.
2035 5608 2188 5658 Valic.

634 5665 768 5742 7mm)
793 5669 862 5715 sic
884 5666 1032 5716 habet
1055 5687 1064 5720 :
1087 5665 1206 5715 ἀλλὰ
1244 5665 1386 5714 τοῦτο
1403 5665 1540 5732 ἴσμεν
1577 5669 1834 5730 ἀπολογίαν
1855 5670 1944 5726 σὴν
1965 5671 2190 5734 ἀποχρῶε

613 5745 700 5780 σαν
723 5744 850 5782 τινοιι.

1315 295 1371 350 S.
1411 293 1694 350 JOANNIS
1731 292 2217 350 CIIRYSOSTOMI
2260 294 2580 353 ARCHIEP.
2619 297 3158 357 CONSTANTINOP.

3529 363 3532 368 .
3755 313 3861 370 ϐίϐ

2293 415 2446 486 τέρα,
2471 416 2590 487 οὑχ).
2615 419 2834 489 ῥήματα
2865 418 2930 472 σὰ
2969 421 3145 489 μόνον,
3172 419 3306 474 ἀλλά
3337 421 3429 475 καὶ
3465 425 3772 496 γράμματα
3798 432 3870 484 σά

2293 503 2423 571 ἡμῖν
2451 504 2797 558 ἐπιδεικνῦσα
2819 522 2832 536 ·
2861 505 2889 557 ὃ
2920 507 3014 558 καὶ
3040 506 3356 576 προσθήκην
3383 510 3514 579 ἡμῖν
3563 517 3871 586 πεποίηκεν

2292 588 2505 658 ἡδονῆς,
2533 590 2614 642 ὅτι
2639 590 2713 661 μή
2741 591 2840 661 τῆς
2876 591 3053 662 ψυχῆς
3083 609 3176 644 σου
3210 593 3370 661 μόνον
3410 596 3506 666 τῆς
3535 596 3747 668 θερμῆς
3772 601 3871 654 καὶ

2293 677 2542 746 γνησίας,
2579 677 2716 730 ἀλλά
2760 679 2855 732 καὶ
2900 679 2999 747 τῆς
3030 678 3210 745 δεξιᾶς
3267 682 3407 751 μετά
3455 683 3732 753 δαψιλείας
3763 689 3870 758 τὴν

2293 762 2475 815 είκόνα
2499 764 2858 834 ἐθεασάμεθα.
2892 765 3039 818 Ποίει
3065 767 3309 838 δήτοῦτο
3352 770 3613 840 συνεχῶς,
3643 773 3738 824 καὶ
3768 773 3870 843 τὴν

2293 851 2664 921 παραμυθίαν.
2688 852 2753 922 ἣν
2786 853 2946 914 αὑτὸς
2971 854 3100 923 ἡμῖν
3123 853 3216 906 καὶ
3239 853 3428 908 τοῦτον
3452 857 3754 926 ἐπενόησας
3777 860 3871 913 τὸν

2291 938 2512 1008 τρόπον,
2561 939 2699 1008 μετά
2747 939 3025 1008 δαψιλείας
3073 941 3298 1011 πάρεχε.
3341 941 3608 996 Ἐνταῦθα
3663 946 3774 1014 γάρ
3810 963 3867 998 σε

2293 1025 2514 1079 ἐλκύσαι
2539 1027 2724 1079 λοιπὸν
2753 1028 2812 1079 οὑ
2838 1027 3124 1097 τολμῶμεν
3141 1043 3153 1055 ⁸
3180 1028 3417 1080 τοσαῦτα
3442 1029 3542 1098 τῆς
3578 1029 3869 1100 Ἀρμενίας

2292 1114 2359 1168 τὰ
2384 1114 2549 1178 κακά,
2567 1117 2659 1168 καὶ
2688 1115 2894 1185 χειμὼν
2924 1115 3108 1184 ἕτερος
3137 1115 3352 1168 ἅπαντα
3373 1115 3662 1180 διεδέξατο.
3690 1118 3868 1171 Ὅπου

2292 1201 2402 1270 γὰρ
2437 1202 2501 1254 ἄν
2541 1219 2624 1265 τις
2649 1203 2935 1272 ἀφίκηται,
2964 1202 3300 1272 χειμάρρους
3339 1203 3590 1272 αἱμάτων
3611 1243 3625 1264 ,
3663 1204 3868 1274 πλῆθος

2295 1288 2559 1358 σωμάτων
2577 1288 2805 1354 νεκρῶν,
2825 1289 2996 1348 οἰκίας
3019 1288 3499 1358 κατεσκαμμένας,
3559 1290 3747 1353 πόλεις
3777 1293 3869 1343 ἀν-

2290 1389 2398 1448 ῃρη
2409 1374 2571 1445 μένας
2587 1375 2792 1443 ϐψεται.
2810 1374 3001 1444 Ἥμεῖς
3013 1374 3069 1426 δὲ
3092 1373 3352 1444 δοκοῦμεν
3374 1375 3431 1427 ἐν
3448 1376 3715 1448 ἀσφαλείᾳ
3731 1373 3868 1430 εἶναι

2293 1462 2482 1531 ὥσπερ
2519 1464 2576 1514 ἐν
2607 1462 2965 1535 δεσμωτηρίῳ
2993 1461 3235 1532 χαλεπῷ,
3284 1462 3363 1532 τῷ
3415 1463 3660 1534 φρουρίῳ
3693 1466 3868 1535 τούτῳ

2293 1548 2807 1615 κατακεκλεισμένοι
2827 1566 2839 1578 ·
2858 1550 2919 1601 οὑ
2940 1549 3048 1619 μὴν
3063 1549 3245 1611 ἀδείας
3259 1549 3550 1602 ἀπολαύειν
3568 1551 3866 1621 δυνάμεθα,

2291 1634 2380 1687 διά
2407 1636 2533 1698 τοὺς
2567 1635 2965 1705 καθημεμνοὺς
3005 1635 3224 1703 φόϐους,
3271 1634 3360 1688 διά
3396 1635 3497 1699 τὰς
3530 1638 3715 1706 φήμας
3758 1639 3867 1690 τῶν

2293 1720 2538 1775 θανάτων
2571 1722 2864 1793 γεμούσας,
2888 1721 2977 1774 διά
3000 1723 3098 1792 τὴν
3137 1721 3374 1792 συνεχῶς
3413 1723 3866 1794 προσδοκωμένην

2291 1809 2402 1862 τῶν
2443 1809 2700 1881 Ἰσαύρων
2725 1810 2930 1879 έφοδον,
2957 1809 3046 1862 διὰ
3072 1810 3172 1879 τὴν
3203 1810 3299 1862 τοῦ
3329 1809 3598 1881 σώματος,
3704 1811 3866 1882 μέχρι

2294 1897 2388 1951 νῦν
2443 1897 2905 1970 προσπαλαίομεν,
2942 1899 3242 1953 ἀσθένειαν.
3289 1899 3427 1952 Ἀλλ’
3485 1901 3632 1970 ὅμως
3672 1902 3767 1954 καὶ
3806 1905 3866 1956 ἐν

2291 1985 2565 2050 τοσούτοις
2613 1985 2764 2049 ὄντες
2807 1989 3018 2049 κακοῖς,
3070 1986 3131 2038 οὑ
3185 1986 3386 2056 μικρὰν
3417 1987 3510 2040 καὶ
3543 1988 3600 2040 ἐν
3627 1989 3863 2060 τοσαύτῃ

2294 2075 2612 2146 περιστάσει
2642 2073 2999 2145 καρπούμεθα
3043 2075 3432 2144 παραμυθίαν,
3467 2076 3593 2128 ὅταν
3641 2076 3711 2128 τὰ
3739 2076 3865 2149 περὶ

2293 2162 2392 2232 τῆς
2425 2162 2631 2230 ὑγιείας
2657 2162 2755 2232 τῆς
2778 2161 2877 2232 σῆς
2905 2159 3366 2232 εύαγγελιζόμενα
3398 2163 3545 2232 ἡμᾶς
3584 2161 3866 2234 δεχώμεθα

2293 2252 2622 2322 γράμματα.

2552 2357 2698 2430 [651]
2734 2358 2862 2412 ΞΘ¹.
2903 2357 3178 2422 Νικολάῳ
3204 2357 3599 2426 πρεσϐυτέρῳ.

2363 2449 2474 2502 Καὶ
2501 2449 2659 2502 τοῦτο
2678 2451 2776 2521 τῆς
2803 2451 3028 2518 γνησίας
3052 2467 3146 2502 σου
3176 2449 3271 2502 καὶ
3300 2449 3508 2520 θερμῆς
3541 2449 3784 2520 ἀγάπης,
3806 2450 3869 2504 τὸ

2293 2537 2359 2590 ἐκ
2420 2536 2672 2589 τοσούτου
2732 2537 3041 2608 καθήμενον
3095 2536 3463 2607 διαστήματος
3517 2537 3871 2608 περιτρέμειν

2292 2629 2326 2697 ἡ
2334 2625 2449 2698 μῶν
2464 2628 2564 2696 τῆς
2581 2625 2912 2698 σωτηρίαςά.
2933 2624 3130 2697 Πρὼην
3155 2627 3251 2696 μέν
3271 2622 3364 2679 οὗν
3380 2626 3577 2690 τόπους
3605 2627 3669 2678 ἐκ
3685 2627 3871 2679 τόπων

2293 2714 2612 2785 ἀμείϐοντες
2648 2716 2706 2766 ἐν
2727 2715 2864 2785 αὑτῇ
2901 2712 2994 2766 τοῦ
3024 2713 3292 2784 χειμῶνος
3332 2716 3399 2783 τῇ
3428 2715 3579 2784 ἀκμῇ
3600 2753 3614 2775 ,
3646 2712 3739 2767 νῦν
3774 2714 3872 2783 μὲν

2293 2806 2351 2858 ἐν
2381 2804 2621 2870 πόλεσιν,
2664 2803 2760 2856 νῦν
2786 2803 2843 2856 δὲ
2874 2804 2932 2856 ἐν
2965 2801 3207 2873 φάραγξι
3236 2801 3331 2854 καὶ
3362 2802 3562 2864 νάπαις
3605 2801 3870 2872 διετρίϐο‹

2298 2908 2418 2961 μεν,
2447 2891 2552 2944 ὑπὸ
2577 2891 2675 2960 τῆς
2696 2889 2804 2941 τῶν
2837 2888 3096 2959 Ἰσαύρων
3121 2887 3311 2958 ἐφόδου
3345 2888 3678 2958 πανταχόθεν
3709 2889 3869 2941 ἐλαυ-

2294 2977 2527 3046 νόμενοι.
2555 2976 2680 3044 ’0ψέ
2695 2976 2753 3029 δέ
2773 2991 2904 3037 ποτε
2920 2975 3286 3044 λωφησάντων
3305 2975 3497 3046 μικρὸν
3513 2974 3619 3027 τῶν
3637 2973 3875 3028 ἐνταῦθα

2295 3065 2501 3129 κακῶν,
2558 3065 2657 3128 τὰς
2693 3063 2927 3134 ἐρημίας
2982 3063 3231 3130 ἀφέντες.
3275 3063 3368 3115 ἐπὶ
3412 3062 3509 3133 τήν
3552 3061 3874 3132 Ἀραϐισσὺν

2295 3154 2730 3225 κατεδράμομεν,
2765 3153 3166 3224 ἀσφαλέστερον
3193 3150 3294 3222 μὲν
3325 3151 3432 3204 τῶν
3457 3149 3632 3203 ἄλλων
3657 3151 3876 3221 χωρίων

2294 3243 2354 3296 τὸ
2380 3245 2436 3297 ἐν
2476 3245 2612 3314 αὑτῇ
2639 3243 2898 3314 φρούριον
2922 3242 3172 3313 εὑρόντες
3207 3240 3358 3311 (οὑδέ
3395 3239 3502 3311 γὰρ
3532 3241 3590 3292 ἐν
3625 3243 3690 3310 τῇ
3720 3240 3876 3292 πόλει

2294 3330 2575 3402 διάγομεν,
2606 3330 2907 3401 ἐπειδήπερ
2940 3329 3059 3382 οὑδέ
3083 3328 3242 3382 τοῦτο
3275 3327 3555 3398 ἀσφαλὲς),
3599 3327 3880 3398 δεσμωτη-

2298 3420 2414 3492 ρίου
2443 3420 2502 3472 δέ
2533 3418 2733 3482 παντὸς
2781 3419 3004 3488 χείρονα
3033 3417 3399 3488 ὑπομένοντες
3428 3415 3662 3486 οἴκησιν.
3718 3415 3878 3468 Μετὰ

2295 3511 2405 3582 γὰρ
2435 3509 2529 3563 τοῦ
2569 3509 2689 3562 καθ’
2720 3508 2980 3578 ἐκάστην,
3018 3508 3094 3570 ὡς
3157 3509 3352 3569 εἰπεῖν,
3389 3505 3485 3576 τήν
3523 3505 3734 3577 ἡμέραν
3785 3507 3880 3560 ἐπὶ

2297 3599 2490 3669 θύραις
2525 3600 2655 3669 ἡμῖν
2684 3593 2824 3650 εἶναι
2849 3597 2940 3650 τὸν
2971 3596 3221 3659 θάνατον,
3253 3595 3364 3648 τῶν
3408 3594 3669 3665 Ἰσαύρων
3698 3594 3881 3647 πάντα

2297 3685 2580 3748 ἐπιόντων,
2598 3685 2692 3737 καὶ
2722 3684 2855 3754 πυρὶ
2885 3684 2978 3736 καὶ
3012 3683 3216 3754 σιδήρῳ
3243 3683 3338 3737 καὶ
3364 3682 3590 3752 σώματα
3619 3684 3714 3735 καὶ
3729 3685 3882 3735 οίκοο

2295 3773 2585 3842 δομήματα
2611 3771 3001 3840 ἀφανιζόντων,
3031 3772 3126 3826 καὶ
3162 3769 3319 3841 λιμὸν
3347 3770 3657 3840 δεδοίκαμεν
3683 3811 3698 3834 ,
3739 3770 3805 3823 ὃν
3849 3771 3883 3840 ἡ

2299 3860 2630 3932 στενοχωρία
2649 3862 2742 3914 καὶ
2769 3861 2830 3914 τὸ
2857 3860 3056 3931 πλῆθος
3071 3859 3179 3912 τῶν
3206 3858 3440 3912 ἐνταῦθα
3464 3857 3884 3928 συνδραμόντων

2298 3952 2472 4004 ποιεῖν
2502 3949 2734 4004 ἀπειλεῖ.
2791 3949 2900 4002 Καὶ
2929 3947 3238 4019 ἀρρωστίαν
3277 3946 3335 4000 δέ
3389 3945 3607 4016 μακράν
3637 3946 3738 4015 τὴν
3770 3947 3886 4000 ἀπὸ

2297 4036 2392 4090 τοῦ
2427 4036 2692 4106 χειμῶνος
2722 4035 2815 4089 καὶ
2855 4034 2954 4106 τῆς
2985 4034 3238 4104 συνεχοῦς
3284 4034 3462 4102 φυγῆς
3509 4033 3885 4102 ἐγγενομένην

2299 4126 2428 4194 ήμῖν
2455 4125 2863 4194 ὑπομείναντες,
2896 4122 2991 4175 νῦν
3021 4122 3080 4174 τὸ
3105 4123 3204 4192 μέν
3231 4121 3466 4190 χαλεπὸν
3491 4120 3662 4188 αὑτῆς
3690 4120 3885 4174 διαπε-

2300 4213 2621 4283 φεύγαμεν,
2675 4211 2830 4280 ὀλίγα
2881 4211 2938 4263 δέ
2982 4211 3151 4280 αὐτῆς
3201 4209 3573 4281 περιφέρομεν
3623 4207 3882 4276 λείψανα.

2299 4302 2441 4354 Ἀλλ’
2469 4303 2618 4372 ὅμως
2644 4304 2738 4354 καὶ
2761 4304 2817 4352 ἐν
2845 4299 3120 4361 τοσούτοις
3145 4299 3296 4358 ὄντες
3329 4300 3518 4360 κακοῖς
3545 4308 3569 4336 ο
3599 4297 3694 4350 καὶ
3722 4297 3887 4367 τηλι-

2300 4389 2525 4452 καύταις
2548 4390 2922 4459 περιστάσεσι,
2947 4388 3208 4458 μεγίστην
3230 4385 3442 4456 καρποῦ
3452 4384 3588 4454 μεθα
3617 4401 3887 4455 παραμυ-

2301 4476 2420 4530 θίαν
2443 4479 2506 4530 ἐκ
2530 4477 2628 4546 τῆς
2653 4477 2928 4546 ὑμετέρας
2955 4476 3196 4542 ἀγάπης,
3225 4473 3324 4543 τῆς
3352 4472 3584 4542 θερμῆς,
3626 4473 3721 4525 καὶ
3743 4489 3886 4543 γνηο

2301 4565 2441 4628 σίας,
2466 4566 2560 4618 καὶ
2588 4565 3012 4634 ἀπεριτρέπτου.
3044 4562 3207 4616 Ταῦτ’
3233 4558 3327 4615 οὖν
3363 4562 3565 4623 είδότες
3583 4599 3599 4625 ,
3636 4561 3885 4630 συνεχῶς·

2300 4653 2431 4724 ἡμῖν
2453 4650 2899 4720 εὐαγγελίζεσθαι
2927 4649 2945 4689 ί
2978 4650 3224 4722 περὶτῆς
3252 4649 3462 4717 ὑγιείας
3484 4648 3583 4717 τῆς
3606 4648 3887 4718 ὑμετέρας

2303 4740 2379 4812 μὴ
2409 4740 2741 4794 κατοκνεῖτε.
2805 4739 2867 4792 EE
2924 4736 3032 4808 γὰρ
3063 4737 3157 4790 καὶ
3212 4738 3276 4789 ἐκ
3303 4735 3553 4789 τοσούτου
3589 4735 3888 4804 καθήμεθα

2299 4829 2690 4898 διαστήματος,
2719 4825 2831 4880 ἀλλ’
2864 4826 3012 4895 ὅμως
3039 4827 3104 4894 τῇ
3129 4823 3229 4892 τῆς
3253 4823 3474 4892 ἀγάπης
3518 4820 3707 4874 ἀλύσει
3741 4823 3890 4890 μετὰ

2303 4916 2502 4987 πολλῆς
2550 4916 2678 4985 ὑμῖν
2735 4911 3096 4982 συνδεδέμεθα
3120 4910 3221 4978 τῆς
3258 4908 3562 4980 ἀκριϐείας.
3598 4907 3776 4976 Χάριν
3827 4907 3887 4959 δὲ

2301 5003 2411 5074 ἔχω
2437 5020 2529 5056 σου
2558 5000 2754 5070 πολλήν
2779 5002 2845 5069 τῇ
2887 4998 3179 5068 τιμιότητι,
3206 4997 3286 5050 ὅτι
3327 4996 3421 5048 καὶ
3447 4994 3554 5047 τῶν
3580 4994 3636 5046 ἐν
3657 4994 3886 5064 Φοινίκῃ

2305 5091 2663 5161 πραγμάτων,
2697 5089 2789 5142 καὶ
2817 5089 2876 5141 ἐν
2913 5086 3201 5148 τοσαύταις
3237 5083 3312 5138 ὢν
3340 5084 3629 5154 ταραχαῖς,
3678 5081 3886 5150 πολλὴν

2302 5182 2428 5248 ποιῇ
2461 5179 2714 5248 σπουδήν.
2745 5179 2840 5232 Ἂν
2873 5174 2966 5230 οὖν
2987 5193 3038 5229 τι
3067 5174 3228 5227 πλέον
3252 5171 3462 5224 ἐκεῖθεν
3489 5168 3885 5236 ἐπαγγελθείη,

2299 5265 2535 5336 δηλῶσαι
2561 5267 2694 5337 ἡμῖν
2728 5265 2803 5336 μὴ
2843 5264 3206 5334 κατοκνήσῃς.
3245 5259 3407 5330 Ἡμῖν
3436 5258 3546 5326 γάρ
3579 5255 3755 5316 οὐδεὶς
3793 5255 3892 5306 οὑ·-

2299 5353 2530 5424 δαμόθεν
2578 5351 2788 5422 ταχέως
2839 5349 3225 5424 ἐπιχωριάζειν
3260 5345 3556 5416 ἀνέχεται,
3582 5342 3690 5394 τῶν
3739 5340 3894 5395 ὁδῶν

2361 5487 2390 5558 ᾳ
2413 5484 2853 5558 ιῖᾲίικπεριτρέ-μειν
2875 5484 3012 5557 ἡμῶν
3032 5487 3114 5558 τῆς
3132 5476 3700 5558 ξτξοτῃρὲἓςςξοείέ¹ἒὲἑὲ
3724 5470 3891 5558 5:31};

2298 5550 2347 5597 in
2370 5555 2510 5595 lexlu
2533 5533 2670 5608 ἡμῶν
2813 5533 3044 5608 σωὲῆρίᾳ.
3077 5533 3198 5604 Reg.
3225 5533 3284 5590 ei:
3308 5533 3460 5591 ενι-ιι.
3485 5540 3534 5587 in
3557 5549 3710 5598 marg.
3737 5533 3893 5596 ἡμῶν

2299 5612 2384 5668 τήν
2405 5610 2659 5670 σωτηρίαν.
2727 5669 2730 5670 γ
2864 5668 2875 5670 Δ
2980 5663 3001 5670 _

2370 5685 2392 5709 ε
2419 5663 2677 5718 ΤΓΘέηιςδ.
2709 5669 2836 5722 ὄντες
2859 5663 3041 5720 δεινοῖς.

2371 5731 2391 5774 ί
2419 5732 2613 5788 Coisliu.
2637 5735 2759 5792 ἡμᾶς
2781 5728 3168 5790 εὐαγγελίζεσθαι.
