4058 6218
191 205 305 261 (ἲιὸ

190 326 303 381 bet.
336 323 462 381 ﬂare
493 332 673 380 autem
702 322 838 391 dixi,
879 334 936 380 ut
978 324 1089 382 sive
1119 328 1443 396 scribamus,
1474 330 1589 388 sive
1614 343 1789 388 tacea-

187 434 336 484 mus,
366 417 613 473 eamdem
641 417 712 474 de
736 427 918 474 nostra
943 435 1069 490 erga
1094 435 1190 476 vos
1218 423 1439 478 caritate
1467 424 1785 479 sementium

190 510 398 564 feratis.
425 507 537 564 Nos
561 509 728 576 enim,
758 524 1097 584 quocumque
1119 513 1171 565 in
1203 512 1322 567 loco
1345 513 1531 579 simus,
1564 515 1785 569 incisam

192 603 244 657 in
288 600 473 653 animo
517 609 704 655 nostro
746 601 913 656 vestri
965 603 1286 657 memoriam
1333 604 1782 660 circumferimus.

195 690 271 744 Ac
313 705 459 745 nunc
486 688 703 760 quidem
734 689 1005 761 ingentem
1055 692 1206 747 vobis
1235 695 1458 764 gratiam
1504 695 1781 762 habemus,

193 779 339 850 quod
367 780 591 850 probum
620 783 941 836 monachum
963 797 1085 837 cum
1111 799 1195 850 ea,
1225 800 1345 853 quae
1365 801 1392 837 a
1422 786 1574 841 vobis
1601 797 1785 856 postu-

194 875 426 941 labatur,
479 875 853 931 benevolentia
904 878 1239 947 suscepistis,
1279 893 1499 950 eosque,
1547 881 1636 950 qui
1681 881 1783 935 im-

194 976 430 1035 portune
467 965 726 1021 adversus
776 982 898 1021 eum
950 968 1112 1022 rixari
1171 969 1496 1038 cupiebant,
1547 971 1785 1025 mitiores

194 1058 529 1113 reddidistis.
557 1057 737 1125 Quare
776 1074 882 1114 non
916 1057 1115 1114 lruSIra
1136 1099 1152 1125 ,
1188 1076 1286 1115 nec
1316 1060 1568 1115 adulandi
1608 1062 1784 1117 studio

193 1147 322 1202 illud
354 1147 622 1211 dicebam,
649 1164 765 1213 vos,
796 1151 1007 1205 etiamsi
1038 1150 1302 1206 innumeri
1334 1152 1567 1221 undique
1595 1151 1785 1207 ﬂuctus

190 1239 528 1306 excitentur,
576 1239 629 1293 in
664 1241 1049 1310 tranquillitate
1084 1250 1263 1297 tamen
1306 1257 1449 1299 esse.
1490 1243 1623 1298 Nam
1662 1259 1783 1299 cum

189 1331 258 1386 ab
287 1330 409 1385 aliis
440 1329 716 1401 naufragia
744 1330 898 1386 facile
930 1332 1287 1402 propulsetis,
1315 1350 1421 1388 non
1451 1343 1533 1389 est
1561 1333 1781 1389 dubium

189 1420 320 1491 quin
362 1419 464 1491 ipsi
496 1421 681 1490 procul
710 1436 741 1474 a
765 1430 1085 1491 tempestate
1110 1423 1304 1478 remoti
1342 1422 1479 1478 sitis.
1508 1422 1618 1479 Vos
1657 1438 1785 1479 vero

192 1528 356 1582 quam
390 1510 712 1582 saepissime,
744 1528 959 1582 qua-so,
994 1513 1062 1568 de
1089 1524 1266 1568 vestra
1293 1514 1433 1569 bona
1472 1513 1785 1569 valetudine

195 1604 264 1658 ad
297 1616 398 1658 nos
422 1603 608 1659 literas
630 1604 773 1659 date.
802 1603 984 1674 Neque
1023 1606 1164 1660 enim
1198 1605 1365 1674 ignari
1391 1605 1553 1672 estis,
1586 1616 1786 1674 quanto

192 1693 349 1748 nobis
377 1693 555 1749 studio
579 1695 649 1748 sit
676 1693 728 1749 id
754 1695 911 1751 scire.
941 1694 1110 1749 Tanta
1150 1696 1293 1749 enim
1322 1704 1627 1751 vestrarum
1658 1695 1782 1752 lite-

191 1799 396 1850 rarum,
426 1799 549 1839 cum
578 1785 785 1839 lirmam
815 1794 1049 1841 vestram
1080 1785 1441 1841 valetudinem
1468 1786 1623 1843 nobis
1648 1803 1788 1843 nun-

193 1879 349 1941 tiant,
381 1877 463 1931 vis
490 1892 555 1933 ac
602 1877 837 1934 facultas
866 1888 984 1945 est,
1016 1888 1074 1932 ut
1104 1879 1347 1949 quamvis
1391 1887 1465 1934 tot
1495 1880 1782 1946 mrumnis,

189 1967 368 2029 bellis,
411 1969 745 2033 tumultibus,
792 1969 1319 2041 perturbationibus,
1359 1969 1786 2040 quotidiauisque

190 2060 455 2115 mortibus
478 2060 710 2132 undique
735 2062 1035 2131 cingantur,
1066 2071 1243 2117 tamen
1271 2076 1392 2116 cum
1417 2071 1494 2116 tot
1520 2061 1786 2131 ejusmodi

190 2149 397 2205 avobis
421 2150 676 2220 epistolas
714 2152 1025 2221 accipimus,
1074 2166 1184 2221 [ιι-ω
1223 2151 1418 2222 gaudio
1468 2152 1783 2219 volitemus,

190 2240 598 2311 maximamque
641 2240 766 2297 hinc
803 2243 1224 2298 consolationem
1252 2245 1563 2297 sentiamus.
1591 2242 1786 2313 llnjns-

192 2330 339 2385 modi
369 2331 566 2402 quippe
589 2341 675 2387 est
702 2332 948 2389 sincerus
975 2349 1161 2401 amor,
1193 2343 1253 2389 ut
1284 2336 1444 2390 etiam
1482 2351 1577 2405 per
1606 2335 1788 2390 literas

193 2421 377 2475 l-ztuin
405 2423 547 2476 hunc
575 2423 820 2478 nuntium
846 2423 1156 2491 achrentcs,
1179 2439 1274 2480 eos
1300 2424 1389 2494 qui
1419 2438 1645 2494 corpore
1671 2424 1782 2481 dis-

192 2511 358 2581 iuncti
382 2522 508 2568 suut
532 2513 787 2585 perfacile
814 2529 1061 2571 recreare
1089 2529 1152 2571 ac
1174 2515 1395 2572 reticere
1425 2515 1612 2586 possit.

262 2652 361 2709 LX
377 2651 508 2709 VII.
533 2652 790 2709 Theodoto
816 2655 1048 2709 diacono.
1070 2652 1368 2726 (Arabisso,
1392 2662 1450 2709 ut
1474 2663 1713 2726 putatur,
1754 2726 1759 2732 ι

828 2761 970 2801 anno
1006 2746 1157 2816 406).

261 2880 385 2953 Ipse
428 2881 642 2953 quidem
663 2923 678 2947 ,
707 2879 1157 2937 reverendissime
1180 2894 1244 2935 ac
1281 2879 1685 2950 religiosissime
1715 2879 1789 2934 mi

189 2973 441 3040 domine,
486 2974 552 3030 iis
578 2974 766 3030 Saltem
815 2974 968 3028 malis
988 3015 1003 3041 ,
1032 2974 1225 3044 quibus
1251 2972 1506 3029 Armenia
1544 2972 1786 3037 laborat,

196 3065 489 3121 defunctus
516 3080 575 3120 es
600 3082 614 3120 :
643 3079 741 3119 nos
784 3073 962 3118 autem
993 3073 1187 3133 praeter
1225 3078 1320 3118 eos
1362 3065 1651 3130 tumultus,
1681 3063 1789 3118 imo

192 3155 537 3229 quotidianos
586 3163 790 3210 mortes
833 3169 953 3225 qua:
1000 3153 1087 3208 hic
1114 3153 1314 3225 vigent,
1357 3152 1486 3208 illud
1525 3169 1632 3208 non
1676 3153 1791 3209 ml-

191 3251 402 3320 gariter
425 3250 746 3317 discruciat,
790 3248 931 3319 quod
975 3263 1004 3303 a
1053 3255 1140 3301 tua
1167 3262 1380 3317 quoque
1418 3246 1699 3311 suavitate,
1726 3260 1788 3300 ac

190 3358 316 3396 vera
344 3351 405 3398 et
428 3342 642 3397 sincera
684 3340 1055 3396 benevolentia
1084 3339 1276 3395 divulsi
1310 3355 1514 3395 sumus.
1548 3338 1790 3394 Accessit

188 3433 357 3486 etiam
393 3431 460 3485 ad
490 3431 649 3501 hujus
686 3430 939 3486 mmroris
969 3430 1243 3486 cumulum
1284 3430 1597 3485 diuturnum
1638 3438 1787 3484 tuum

189 3521 492 3576 silentium.
519 3521 649 3576 Nam
673 3537 740 3578 ex
762 3537 867 3592 quo
891 3522 977 3577 die
1002 3520 1128 3576 hinc
1149 3520 1463 3584 discessisti,
1494 3519 1785 3576 secundam

190 3611 334 3668 hanc
362 3612 645 3667 dumtaxat
675 3611 956 3682 epistolam
987 3611 1293 3681 accepimus
1322 3628 1337 3664 :
1377 3625 1478 3665 nec
1517 3624 1646 3665 vero
1674 3609 1789 3664 lucc

189 3704 485 3760 accusandi
528 3707 602 3757 tul
641 3717 804 3758 causa
845 3718 1231 3769 commemoro,
1273 3701 1367 3758 sed
1408 3701 1596 3757 dolore
1636 3716 1786 3756 com-

190 3806 398 3851 motus.
423 3786 558 3849 Nam
581 3794 723 3866 quod
746 3794 847 3849 iter
865 3793 1008 3849 istud
1029 3792 1096 3849 ad
1121 3807 1217 3848 nos
1232 3792 1525 3848 viatoribus
1545 3793 1787 3847 clausum

192 3885 286 3951 sit,
314 3886 597 3941 neminem
625 3883 801 3956 fugit:
831 3899 1017 3939 verum
1048 3894 1106 3938 ut
1130 3883 1233 3938 hoc
1263 3883 1356 3938 tibi
1387 3884 1786 3938 excusationem

190 3978 373 4044 aﬂcrt,
408 3978 483 4032 ita
516 3991 615 4031 nos
657 3991 762 4031 non
791 3975 1016 4047 perinde
1063 3975 1407 4041 consolatur;
1439 3975 1564 4045 quin
1612 3974 1789 4044 potius

193 4068 298 4125 hoc
326 4069 453 4138 ipso
479 4082 692 4137 quoque
726 4068 944 4122 nomine
972 4066 1307 4137 potissimum
1335 4065 1614 4135 angimur,
1648 4062 1788 4134 quod

191 4176 254 4218 ea
281 4175 507 4232 quoque
532 4160 804 4228 digressus
832 4159 905 4213 tui
926 4168 1086 4229 atque
1113 4158 1373 4212 absentia:
1395 4156 1785 4221 consolatione,

196 4267 322 4322 qua:
356 4253 517 4305 unica
547 4251 701 4305 nobis
726 4259 864 4316 erat,
894 4264 1158 4304 caremus.
1186 4248 1447 4316 Quoniam
1489 4248 1648 4317 igitur
1675 4247 1790 4301 haec

188 4344 493 4399 difﬁcultas
536 4342 589 4397 in
633 4342 919 4411 praesentia
968 4339 1161 4396 discuti
1211 4356 1316 4395 non
1359 4348 1555 4410 potest,
1604 4354 1787 4393 verum

190 4433 440 4506 pericula
488 4433 725 4503 quotidie
773 4434 1185 4503 ingravescunt,
1233 4431 1393 4487 velim
1434 4430 1538 4485 alia
1585 4433 1791 4485 ratione

190 4526 518 4583 maestitiam
564 4539 718 4590 eam,
767 4539 927 4594 quam
966 4538 1032 4579 ex
1073 4524 1232 4592 longo
1279 4531 1370 4577 tuo
1413 4522 1629 4577 silentio
1664 4536 1794 4576 con-

192 4618 470 4673 traximus
485 4657 501 4679 ,
524 4614 866 4671 minuendam
889 4629 1052 4669 cures
1073 4654 1087 4678 ,
1112 4612 1364 4668 nimirum
1392 4622 1451 4667 ut
1484 4612 1652 4666 nostri
1680 4626 1792 4667 me-

192 4710 429 4765 moriam
461 4722 751 4777 numquam
788 4706 1133 4770 intermittas,
1165 4713 1223 4760 et
1263 4719 1385 4759 cum
1413 4703 1480 4758 ad
1521 4717 1620 4758 nos
1662 4704 1795 4757 scri-

193 4802 310 4865 bes,
341 4797 624 4868 longiores
665 4796 924 4868 epistolas
966 4796 1158 4860 iacias,
1191 4803 1351 4864 atque
1390 4793 1443 4847 in
1475 4792 1792 4863 exponendo

191 4889 532 4947 valetudinis
585 4897 689 4943 tua:
740 4896 917 4953 statu,
977 4887 1248 4956 animique
1302 4884 1686 4954 tranquillitate
1736 4892 1794 4937 et

190 4983 494 5040 securitate
530 4994 735 5034 moram
769 4978 970 5032 trahas.
1016 4976 1108 5032 Sic
1148 4975 1322 5040 enim,
1350 4973 1493 5044 quod
1538 4973 1694 5027 nobis
1726 4989 1793 5027 ex

191 5087 448 5145 tempore
476 5071 695 5139 deﬁcit,
725 5086 792 5125 ex
834 5069 1182 5141 epistularum
1226 5066 1555 5138 longitudine
1594 5067 1796 5121 sarcire

192 5167 429 5240 poteris.

396 5299 495 5354 LX
511 5298 677 5355 γιιι.
719 5298 922 5354 Eidem.
968 5294 1244 5374 (Araliisso
1268 5311 1411 5353 anno
1437 5295 1592 5368 406.)

269 5437 327 5494 Id
362 5452 581 5508 quoque
613 5446 758 5493 tuum
785 5446 865 5492 est
888 5479 904 5505 ,
936 5435 1038 5491 hoc
1059 5445 1141 5491 est
1164 5434 1395 5490 hominis
1424 5434 1618 5490 acriter
1642 5441 1801 5504 atque

205 5530 461 5587 ardenter
505 5545 603 5584 nos
651 5529 897 5585 amantis.
945 5529 1105 5584 Lecta
1145 5528 1288 5583 enim
1326 5528 1504 5598 priore
1550 5524 1800 5601 epistola,

205 5619 505 5679 secundam
558 5620 778 5692 insuper
830 5620 1051 5693 accepi,
1101 5618 1291 5675 eodem
1346 5630 1624 5694 utramque
1658 5622 1745 5679 die
1784 5632 1803 5683 ;

1643 218 1924 286 ERISTOL
1935 219 2020 275 Ε.

1894 349 2188 405 magnaque
2216 334 2395 391 laetitia
2425 349 2541 390 sunt
2567 334 2808 395 affectus.
2856 342 3093 405 llabehat
3114 352 3261 410 enim

1893 425 2004 481 rior
2032 427 2280 496 quiddam
2321 431 2548 501 amplius
2577 452 2592 489 :
2622 437 2821 507 quippe
2852 455 2961 497 non
3009 442 3165 499 verba
3202 425 3479 507 dumtaxat

1892 523 2014 607 tua,
2043 517 2136 571 sed
2176 519 2338 573 etiam
2365 521 2619 591 scriptum
2648 534 2795 581 tuum
2821 529 2974 586 nobis
3000 531 3304 604 indicabat;
3330 542 3475 607 quod

1890 605 2101 674 quidem
2128 607 2451 678 voluptatem
2480 615 2641 669 etiam
2676 616 2830 673 nobis
2855 622 3004 676 auxit
3030 638 3045 676 :
3071 638 3175 682 nec
3199 605 3472 686 enim—fer-

1891 695 2070 750 ventis
2101 695 2377 754 dumtaxat
2418 714 2481 756 ac
2518 702 2743 760 sincerae
2770 708 2964 764 animm
3003 719 3141 777 tute,
3178 714 3273 771 sed
3311 717 3472 773 etiam

1889 783 2105 855 insuper
2133 802 2324 843 manus
2358 790 2640 861 imaginem
2679 800 3072 867 conspeximus.
3113 802 3288 871 Quare
3314 824 3472 878 quam

1888 876 2183 969 sazpissime
2220 879 2272 934 id
2300 879 2464 937 facias
2490 924 2506 948 ,
2535 898 2720 953 qumso
2742 925 2760 954 ,
2787 902 2852 942 ac
2881 890 3127 949 solatium
3154 895 3305 963 illud,
3331 876 3472 969 quod

1889 968 2043 1024 nobis
2088 968 2187 1026 hac
2230 987 2441 1042 quoque
2477 974 2682 1033 ratione
2720 979 3077 1049 excogitasti,
3118 986 3322 1053 prolixe
3354 968 3470 1045 im-

1888 1060 2107 1129 pertias.
2157 1062 2270 1117 l‘luc
2295 1064 2438 1119 enim
2472 1074 2522 1121 te
2548 1066 2759 1124 trahere
2783 1071 3000 1128 minime
3029 1072 3137 1144 jam
3175 1077 3470 1137 audemus:

1890 1160 1964 1205 tot
1993 1155 2261 1209 Armeniae
2303 1156 2438 1210 mala
2480 1165 2641 1227 sunt,
2671 1174 2735 1215 ac
2775 1170 3063 1233 tempestas
3088 1166 3255 1224 altera
3294 1174 3470 1228 omnia

1888 1244 2118 1313 excepit.
2163 1243 2293 1298 Nam
2322 1262 2656 1319 quocumque
2686 1252 2898 1307 tandem
2943 1256 3206 1327 quispiam
3244 1265 3471 1329 venerit,

1887 1341 2138 1388 cruentos
2166 1342 2429 1393 torrentes
2448 1379 2465 1404 ,
2510 1339 2827 1396 cadaverum
2860 1344 3067 1414 agmina
3092 1389 3107 1414 ,
3137 1348 3329 1407 domos
3355 1356 3472 1411 solo

1887 1433 2152 1492 mquatas,
2195 1426 2357 1481 urbes
2385 1442 2599 1483 eversas
2624 1432 2926 1502 perspiciet.
2956 1433 3066 1491 Nos
3089 1448 3266 1494 autem
3289 1480 3306 1505 ,
3334 1450 3473 1498 tam-

1887 1514 1987 1568 etsi
2036 1515 2272 1583 periculo
2296 1518 2449 1572 vacui
2495 1533 2616 1575 esse
2660 1521 2955 1592 videamur,
2989 1525 3042 1579 in
3068 1526 3171 1583 hoc
3198 1531 3468 1599 prasidio,

1889 1612 2156 1672 tamquam
2186 1607 2335 1676 gravi
2365 1608 2595 1679 quodam
2622 1627 2839 1669 carcere
2867 1616 3107 1673 conclusi
3132 1658 3147 1682 ,
3194 1628 3371 1678 tamen
3402 1626 3475 1680 ob

1887 1694 2224 1763 quotidianos
2265 1708 2473 1769 metus,
2503 1702 2574 1758 ob
2608 1718 2850 1760 rumores
2883 1707 3118 1763 cmdibus
3152 1710 3371 1779 plenos,
3403 1715 3476 1771 ob

1888 1796 2173 1856 perpetuas
2218 1789 2570 1846 lsauricarmn
2613 1799 2987 1853 excursionum
3021 1804 3469 1873 exspectationes,

1887 1879 1957 1935 ob
1982 1883 2223 1951 corporis
2241 1884 2472 1955 denique
2493 1886 2931 1955 imbecillitatem,
2958 1906 3081 1947 cum
3108 1907 3210 1963 qua
3237 1896 3305 1950 ad
3331 1897 3474 1953 huuc

1886 1984 2057 2041 usque
2101 1971 2241 2028 diem
2291 1973 2588 2042 luctamur,
2643 1980 3024 2046 tranquillitate
3070 1996 3136 2038 ac
3182 1986 3471 2041 securitate

1889 2059 1990 2117 l'rui
2038 2063 2257 2120 minime
2304 2080 2605 2136 possumus.
2655 2069 2763 2125 Sed
2806 2081 2985 2128 tamen
3017 2076 3178 2132 etiam
3222 2078 3363 2133 inter
3394 2087 3474 2135 tot

1888 2154 2027 2209 mala
2070 2171 2177 2211 non
2220 2172 2444 2227 parvum
2487 2160 2738 2217 solatium
2784 2166 3065 2235 capimus,
3121 2183 3244 2224 cum
3287 2171 3474 2227 literas

1890 2244 2068 2299 laetum
2116 2246 2184 2302 de
2224 2257 2312 2303 tua
2356 2248 2508 2306 ﬁrma
2549 2251 2851 2311 valetudine
2896 2258 3141 2314 nuntium
3188 2258 3473 2319 merentes

1887 2338 2200 2408 accipimus.

1960 2466 2167 2525 LXIX.
2210 2468 2429 2527 Nicolao
2456 2475 2765 2548 presbytero.
2795 2475 3075 2550 (Ambisso
3092 2480 3401 2553 annotilii.)

1962 2599 2104 2657 lstud
2133 2618 2343 2676 quoque
2367 2606 2593 2663 sincera:
2619 2617 2725 2664 ture
2750 2624 2815 2665 ac
2842 2608 3096 2668 ferventis
3117 2613 3352 2670 caritatis
3369 2625 3475 2684 est,

1889 2693 2031 2765 quod
2056 2710 2177 2750 cum
2210 2704 2358 2752 tanto
2382 2712 2413 2751 a
2435 2697 2590 2755 nobis
2625 2701 2904 2757 intervallo
2926 2702 3146 2759 dissitus
3166 2706 3265 2771 sis,
3297 2714 3474 2765 tamen

1888 2784 1956 2842 tle
1993 2787 2163 2842 salute
2199 2797 2381 2844 nostra
2410 2790 2485 2845 sis
2512 2791 2792 2847 sollicitus.
2843 2793 3022 2864 Nuper
3046 2796 3260 2867 quidem
3285 2813 3474 2870 asper-

1889 2877 2024 2931 rima
2076 2876 2256 2934 hieme
2304 2879 2420 2934 loca
2463 2880 2690 2936 subinde
2738 2894 3167 2953 commutautes,
3220 2903 3365 2945 nunc
3417 2892 3471 2947 in

1890 2968 2129 3034 urbibus,
2161 2984 2302 3025 nunc
2332 2971 2385 3025 in
2412 2979 2567 3027 terra:
2593 2971 2833 3028 faucibus
2870 2982 2926 3030 et
2967 2974 3130 3047 sylvis
3157 2981 3475 3036 cmnmoratl

1889 3072 2094 3126 sumus,
2123 3060 2191 3115 ab
2212 3059 2508 3117 Isaurorum
2539 3063 2838 3120 incursibus
2857 3066 3226 3139 undecumque
3241 3070 3471 3141 expulsi.

1891 3151 2128 3209 Tandem
2156 3163 2335 3209 autem
2369 3155 2653 3226 aliquando
2694 3156 2779 3214 bis
2806 3158 2962 3213 malis
2988 3161 3228 3217 nonnihil
3255 3160 3475 3233 sedatis,

1891 3243 2009 3299 loca
2049 3244 2261 3300 deserta
2300 3247 2706 3316 relinquentes,
2754 3250 3069 3307 Arabissum
3115 3250 3474 3324 confugimus,

1891 3333 2034 3403 quod
2071 3333 2316 3389 videlicet
2355 3335 2498 3391 illius
2542 3336 2724 3407 oppidi
2762 3352 2941 3394 arcem
2985 3339 3206 3413 reliquis
3231 3340 3364 3397 locis
3389 3352 3476 3398 tu-

1893 3426 2081 3481 tiorem
2110 3426 2495 3482 invenissemus
2520 3446 2534 3481 :
2558 3443 2732 3499 neque
2751 3430 2893 3485 enim
2913 3430 2964 3485 in
2989 3431 3188 3502 oppido
3206 3432 3471 3504 degimus,

1893 3517 2015 3585 quia
2045 3531 2113 3571 ne
2139 3516 2189 3571 id
2216 3516 2429 3586 quidem
2460 3527 2630 3573 tutum
2668 3516 2783 3587 θείς
2829 3530 2914 3577 est
2944 3531 3122 3583 autem
3162 3525 3318 3581 nobis
3361 3526 3476 3580 haec

1892 3606 2050 3662 sedes
2072 3608 2261 3678 quovis
2291 3623 2509 3664 carcere
2540 3609 2794 3668 deterior.
2844 3611 3046 3668 Prmter
3084 3613 3135 3669 id
3161 3615 3304 3670 enim
3330 3615 3475 3686 quod

1893 3699 2131 3768 singulos
2160 3699 2212 3754 in
2242 3698 2387 3767 dies,
2430 3709 2487 3755 ut
2532 3700 2605 3755 ita
2645 3701 2821 3758 dicam
2845 3744 2860 3769 ,
2908 3719 3005 3773 pro
3053 3704 3254 3761 foribus
3280 3707 3479 3763 nostris

1894 3803 2041 3844 mors
2069 3797 2184 3855 est,
2238 3789 2432 3846 lsanris
2460 3793 2639 3847 omnia
2664 3793 3066 3860 invadentibus,
3098 3803 3257 3866 atque
3280 3796 3388 3867 igni
3420 3809 3476 3854 ct

1895 3880 2037 3936 ferro
2063 3889 2171 3934 tum
2201 3894 2425 3950 corpora
2448 3923 2466 3948 ,
2515 3891 2625 3937 tum
2657 3883 2880 3938 mdilicia
2910 3883 3210 3941 delentibus
3232 3925 3247 3950 ,
3275 3886 3469 3943 famem

1895 3970 2053 4024 etiam
2075 4010 2091 4037 ,
2131 3985 2289 4040 quam
2322 3972 2425 4026 loci
2464 3973 2705 4041 angustia
2731 3981 2785 4027 et
2817 3987 3005 4028 eorum
3033 3974 3122 4044 qui
3163 3975 3267 4031 huc
3290 3978 3476 4034 confu-

1896 4060 2046 4130 giunt
2085 4061 2365 4116 multitudo
2400 4060 2663 4127 minatur,
2717 4064 3162 4132 pertimescimus.
3215 4069 3294 4123 Ac
3342 4084 3480 4139 prce-

1899 4161 2041 4207 terea
2070 4151 2322 4209 diuturno
2349 4152 2536 4231 morbo
2555 4193 2572 4219 ,
2600 4168 2759 4224 quem
2801 4155 2954 4210 nobis
2995 4155 3247 4214 hiemset
3277 4173 3471 4231 perpe-

1898 4250 1986 4297 tua
2007 4243 2123 4314 fuga
2145 4243 2371 4315 peperit,
2399 4236 2686 4300 conﬂictati
2709 4286 2726 4313 ,
2753 4246 2852 4300 etsi
2875 4247 2983 4300 vim
3005 4246 3172 4316 ipsius
3190 4257 3247 4303 et
3262 4250 3474 4305 acerbi-

1900 4343 2058 4390 tatem
2087 4350 2230 4391 nunc
2259 4335 2568 4406 eﬂ‘ugimus,
2596 4337 2881 4392 nonnullas
2907 4347 3084 4393 tamen
3107 4339 3284 4394 adhuc
3312 4341 3477 4411 ipsius

1898 4424 2153 4497 reliquias
2177 4424 2622 4483 circuuil'erimus.
2662 4425 2770 4482 Sed
2794 4441 3113 4497 quamquam
3139 4428 3192 4483 in
3220 4436 3298 4484 tot
3322 4432 3478 4485 malis

1894 4529 1963 4581 ac
1990 4516 2150 4571 tantis
2170 4514 2430 4571 molestiis
2455 4530 2756 4582 versamur,
2788 4531 3033 4586 magnam
3067 4512 3251 4573 tamen
3271 4533 3337 4574 cx
3369 4518 3477 4574 ier-

1900 4606 2050 4662 venti
2072 4614 2247 4662 vestra
2275 4615 2329 4662 et
2358 4606 2564 4662 sincera
2590 4614 2751 4677 atque
2788 4607 3053 4662 constanti
3087 4608 3309 4665 caritate
3344 4619 3478 4666 ceu-

1903 4695 2216 4752 solationem
2242 4696 2500 4766 capimus.
2545 4696 2675 4762 Quae
2699 4709 2820 4751 cum
2840 4698 3038 4764 sciatis,
3066 4712 3155 4764 ne,
3183 4712 3385 4767 quaeso,
3415 4699 3484 4754 de

1903 4799 2078 4843 vestra
2108 4791 2336 4844 sanitate
2360 4803 2519 4859 quam
2550 4788 2845 4858 saepissime
2879 4788 2946 4842 ad
2974 4802 3074 4844 nos
3102 4788 3337 4845 scribere
3359 4802 3485 4860 gra-

1905 4878 2122 4932 vemini.
2166 4878 2422 4944 Quamvis
2446 4878 2590 4933 enim
2635 4888 2782 4931 tanto
2807 4892 2838 4931 a
2859 4877 3010 4931 vobis
3051 4878 3227 4946 spatio
3254 4878 3478 4937 divella-

1909 4984 2070 5023 mur:
2100 4969 2402 5024 aretissimo
2442 4977 2622 5022 tamen
2665 4967 2904 5021 caritatis
2950 4967 3162 5023 vinculo
3207 4968 3480 5027 vobiscum

1906 5061 2138 5117 devincti
2184 5075 2388 5129 sumus.
2446 5059 2561 5114 Tibi
2598 5072 2724 5113 vero
2762 5058 3031 5128 ingentem
3070 5060 3293 5128 gratiam
3324 5060 3486 5117 habe.

1908 5167 2064 5218 mus,
2110 5152 2251 5223 quod
2303 5166 2425 5206 cum
2470 5150 2522 5205 in
2571 5158 2649 5204 tot
2696 5149 2962 5219 tantisque
3001 5150 3488 5219 perturbationibus

1908 5245 2174 5309 verseris,
2228 5259 2332 5300 non
2364 5256 2576 5312 parvam
2610 5251 2784 5295 tamen
2827 5239 3159 5308 negotiorum
3201 5240 3489 5298 Phwnicia:

1908 5349 2095 5391 curam
2121 5334 2281 5406 geris.
2310 5334 2649 5402 Quapropter
2673 5333 2718 5388 si
2746 5329 2871 5402 quid
2902 5331 3024 5385 novi
3046 5331 3193 5385 illinc
3216 5332 3487 5401 afferetur,

1909 5445 1978 5485 ne
2019 5428 2174 5485 nobis
2220 5427 2270 5484 id
2309 5427 2611 5497 signiﬁcare
2658 5425 2903 5497 pigreris.
2946 5422 3041 5479 Vix
3084 5424 3229 5478 enim
3273 5425 3378 5481 ulla
3424 5441 3490 5483 ex

1908 5528 2061 5595 parte
2085 5522 2361 5593 quisquam
2382 5518 2449 5573 ad
2472 5533 2570 5574 nos
2588 5532 2894 5574 commeare
2921 5515 3101 5581 audet,
3132 5515 3271 5588 quod
3301 5531 3489 5573 omnes

1910 5631 2010 5672 vra:
2030 5657 2045 5685 ,
2076 5630 2195 5686 qua:
2224 5613 2327 5669 huc
2357 5610 2534 5668 lerunt
2556 5650 2573 5681 ,
2599 5610 2835 5683 undique
2857 5608 3054 5667 clausa
3079 5607 3209 5664 sint.
3252 5608 3496 5663 Attamen

3524 5914 3743 6109 ί

3510 6164 3614 6209 1.,
