4058 6218
644 309 751 366 667

644 427 744 481 etsi
774 425 963 480 crebro
988 422 1052 476 ad
1081 435 1178 474 nos
1197 419 1379 473 literas
1407 419 1618 470 mittere
1645 414 1862 469 difﬁcile
1885 415 1988 475 sit,
2015 415 2225 483 quoties

647 516 844 586 poteris
869 556 885 579 ,
927 515 1029 568 boe
1055 510 1209 564 velim
1240 509 1399 562 facias
1420 550 1436 570 ,
1470 519 1628 577 atque
1655 516 1712 560 et
1748 507 1873 575 quid
1910 507 2019 560 illic
2043 522 2226 560 rerum

646 617 863 673 geratur
889 643 906 665 ,
950 615 1221 670 exponas,
1262 608 1314 652 et
1338 599 1406 653 de
1443 609 1617 650 vestra
1655 597 1986 659 valetudine,
2026 597 2095 650 de
2119 612 2223 666 qua

643 697 989 751 vehementer
1012 691 1225 747 sollia'ti
1254 705 1458 754 sumus,
1489 691 1747 744 certiores
1775 703 1875 744 nos
1902 687 2087 741 facias.

640 845 810 904 Lxx.
850 844 1173 912 ΑρΙιιΙιοπῐο,
1207 839 1503 904 Theodoto,
1539 838 1790 904 αισαιο,
1832 836 2130 909 presbyteris
2160 851 2224 892 er

964 932 1245 988 mauuliis.
1287 930 1563 1000 (Arahisso
1585 944 1724 981 anno
1749 926 1901 997 ιοϐ.)

710 1069 969 1142 Equidem
1010 1069 1123 1137 ipse
1159 1080 1374 1136 quoque
1403 1077 1498 1118 vos
1538 1058 1646 1116 huc
1687 1062 1902 1123 venire.
1950 1075 2013 1116 ac
2036 1059 2219 1116 videre

634 1178 888 1233 cuperem
912 1177 926 1214 :
949 1159 1199 1230 quoniam
1227 1164 1406 1211 autem
1427 1154 1592 1208 multa
1616 1163 1741 1207 sunt
1766 1168 1885 1224 qua:
1904 1151 2214 1220 impediant,

638 1257 741 1311 hoc
786 1252 1000 1323 quidem
1047 1265 1189 1304 nunc
1228 1260 1522 1318 exposcere
1568 1245 1786 1299 minime
1827 1242 2042 1298 audeo:
2087 1241 2218 1296 illud

635 1353 813 1398 autem
839 1357 870 1396 a
901 1341 1052 1395 vobis
1079 1348 1222 1408 peto,
1265 1347 1323 1391 ιιι
1353 1335 1597 1404 quamvis
1619 1333 1801 1404 procul
1826 1333 1964 1394 silis,
1998 1347 2215 1402 precum

636 1445 811 1489 tamen
837 1439 1154 1493 vestrarum,
1178 1443 1298 1497 qua:
1323 1425 1545 1480 multum
1573 1425 1769 1488 valent,
1785 1424 2037 1477 auxilium
2061 1422 2218 1478 nchis

634 1521 888 1578 attentis.
940 1519 1070 1574 Nam
1113 1518 1215 1573 hoc
1257 1515 1553 1572 subsidium
1598 1530 1700 1570 nec
1733 1524 1993 1570 vetustate
2019 1514 2215 1569 debili-

637 1624 796 1680 tatur,
829 1628 928 1669 nec
957 1613 1163 1666 itineris
1188 1608 1517 1680 longitudine
1542 1607 1808 1662 dirimitur
1831 1623 1847 1658 :
1870 1621 2054 1660 verum
2082 1622 2218 1677 quo-

633 1719 860 1774 cumque
899 1703 952 1756 in
997 1703 1114 1755 loco
1140 1701 1401 1770 quiSpiam
1442 1697 1632 1753 ﬁducia
1673 1713 1798 1767 erga
1829 1697 2019 1762 Deum,
2048 1699 2215 1750 instar

634 1796 791 1850 vestri
816 1836 832 1862 ,
866 1792 1120 1863 praeditus
1148 1801 1391 1846 versetur
1412 1829 1430 1853 ,
1476 1789 1541 1844 iis
1570 1787 1731 1843 etiam
1759 1787 1847 1858 qui
1887 1787 2072 1856 procul
2098 1787 2214 1842 dis-

631 1887 718 1940 siti
764 1895 888 1942 sunt
937 1881 1042 1939 hac
1083 1883 1292 1937 ratione
1339 1895 1662 1950 magnopere
1711 1877 1965 1950 prodesse
2013 1887 2210 1947 potest.

624 1976 792 2031 Simul
822 1985 1001 2030 autem
1029 1988 1150 2027 cum
1202 1971 1447 2042 precibus
1487 1970 1667 2024 literas
1701 1984 1914 2040 quoque
1946 1969 2105 2024 velim
2144 1967 2212 2021 ad

625 2085 725 2123 uos
749 2068 887 2122 detis
907 2108 922 2130 ,
954 2080 1075 2135 qua:
1116 2065 1182 2120 de
1209 2073 1389 2118 vestra
1430 2061 1733 2115 valetudine
1773 2073 1873 2113 nos
1913 2074 2058 2128 saepe
2086 2073 2211 2112 cer-

628 2161 792 2213 tiores
830 2157 1046 2211 faciant.
1090 2155 1420 2222 Quamquam
1452 2153 1595 2206 enim
1634 2149 1786 2205 multi
1816 2149 2008 2203 ﬂuctus
2037 2147 2208 2202 unde-

624 2265 853 2318 cumque
899 2262 997 2302 nos
1034 2247 1287 2316 cingunt,
1332 2244 1581 2299 nimirum
1626 2250 1682 2298 et
1721 2242 1822 2296 loci
1852 2241 2120 2305 solitudo,
2155 2247 2211 2294 et

625 2339 850 2402 obsidio,
875 2347 929 2392 et
958 2336 1259 2392 Isaurorum
1292 2335 1520 2402 impetus
1543 2375 1559 2399 ,
1599 2342 1653 2387 et
1679 2333 1985 2403 quotidiana
2020 2346 2206 2397 mors;

626 2446 746 2485 nam
773 2438 1030 2500 perpetuo
1056 2442 1180 2482 cum
1209 2435 1381 2480 morte
1411 2424 1639 2479 vivimus
1661 2466 1675 2488 ,
1707 2425 1758 2478 in
1796 2423 1896 2479 hac
1919 2438 2065 2490 arce,
2099 2439 2206 2477 non

622 2533 776 2574 secus
797 2534 859 2573 ac
890 2519 942 2572 in
963 2530 1178 2571 carcere
1198 2515 1427 2585 quodam
1458 2513 1646 2568 inclusi
1673 2554 1689 2578 ,
1721 2522 1879 2582 atque
1906 2529 2027 2567 cum
2057 2513 2207 2583 gravi

619 2609 857 2682 Corporis
876 2606 1191 2678 mgritudine
1211 2605 1563 2662 colluctaan
1589 2621 1604 2659 :
1634 2603 1981 2660 nihilominus
2001 2614 2202 2670 tamen,

617 2701 823 2757 etiamsi
851 2701 1033 2756 multa:
1051 2699 1162 2754 sint
1195 2706 1392 2753 nostra:
1417 2697 1772 2762 calamitates,
1814 2694 1955 2750 haud
1979 2710 2205 2766 parvum

620 2789 919 2860 huiusmodi
945 2789 1203 2844 malorum
1229 2787 1476 2850 solatium
1509 2787 1561 2840 iu
1599 2787 1822 2842 caritate
1849 2796 2023 2840 vestra
2061 2786 2207 2854 posi-

619 2893 726 2936 tum
756 2883 1034 2940 habemus.
1073 2880 1327 2949 Quamvis
1353 2881 1495 2934 enim
1526 2878 1666 2934 haud
1692 2878 1994 2932 diuturnam
2020 2877 2202 2932 vobis~

615 2987 736 3028 cum
777 2971 1218 3026 consuetudinem
1248 2969 1592 3025 habuerimus
1633 2987 1646 3024 :
1677 2978 1854 3024 tamen
1886 2970 2110 3024 sincera:
2135 2983 2201 3024 ac

615 3061 866 3118 ferventis
895 3061 1157 3131 melleque
1185 3058 1440 3115 dulcioris
1467 3067 1520 3113 et
1545 3059 1711 3114 ﬁrma:
1728 3069 1887 3128 atque
1906 3059 2202 3114 constantis

614 3153 1032 3217 benevolentiae,
1075 3167 1236 3222 quam
1261 3159 1316 3208 et
1341 3165 1520 3207 coram
1548 3191 1564 3217 ,
1607 3159 1664 3206 et
1691 3150 1939 3206 absentes
1963 3150 2202 3206 ostendi-

613 3246 701 3313 tis,
732 3245 1021 3315 periculum
1047 3257 1190 3313 saepe
1217 3240 1459 3297 fecimus.
1493 3241 1832 3310 Quapropter
1851 3241 1973 3297 licet
1999 3257 2028 3294 a
2050 3242 2199 3296 vobis

611 3337 799 3407 procul
827 3336 1018 3393 remoti
1038 3377 1056 3400 ,
1102 3349 1166 3390 ac
1201 3343 1280 3390 tot
1309 3333 1574 3404 tantisque
1601 3347 1784 3389 rerum
1817 3333 2198 3390 acerbitatibus

615 3430 932 3494 constricti,
987 3438 1163 3483 tamen
1209 3431 1264 3482 in
1311 3427 1522 3482 virtutis
1561 3437 1755 3481 vestra:
1805 3425 2194 3495 recordatione,

609 3539 718 3578 non
746 3537 918 3578 secus.
931 3530 1088 3591 atque
1111 3521 1163 3576 in
1192 3529 1348 3591 portu
1380 3521 1396 3552 ¹
1432 3519 1664 3590 quodam
1688 3519 2012 3588 quiescimus
2035 3559 2052 3584 ,
2081 3535 2197 3572 am-

607 3615 832 3686 plissimi
877 3613 1116 3669 thesauri
1143 3613 1310 3668 instar
1333 3620 1564 3667 vestram
1595 3610 1870 3666 caritatem
1900 3609 2054 3665 nobis
2075 3625 2194 3665 esse

605 3707 991 3763 existimantes.
1031 3707 1110 3760 Ac
1135 3703 1351 3775 quidem
1382 3711 1567 3757 exacta
1593 3701 1790 3766 hieme,
1819 3710 1980 3772 atque
2004 3711 2194 3756 exorto

606 3815 762 3864 vere,
814 3797 963 3868 gravi
1013 3796 1202 3852 morbo
1253 3794 1460 3850 liberati
1505 3807 1691 3848 sumus
1734 3809 1751 3847 :
1792 3806 1976 3856 verum
2025 3791 2193 3861 ipsius

606 3889 854 3960 reliquias
894 3888 1068 3943 adhuc
1113 3886 1572 3950 circumferinms,
1614 3897 1748 3955 quas
1789 3891 1986 3953 augent
2029 3884 2190 3942 etiam

606 3981 822 4036 Isaurici
869 3981 1148 4045 tumultus,
1195 3978 1286 4049 qui
1334 3991 1622 4048 numquam
1653 3977 2035 4032 intermittunt.
2063 3975 2192 4034 Haec

606 4072 764 4140 igitur
785 4071 1015 4125 scientes
1033 4111 1050 4134 ,
1080 4069 1290 4124 etiamsi
1319 4069 1501 4138 procul
1531 4083 1564 4125 ι
1593 4067 1746 4123 nobis
1771 4066 1992 4132 abestis,
2022 4067 2191 4122 nostri

604 4168 782 4213 tamen
804 4197 822 4223 ,
847 4173 1048 4227 quaeso,
1081 4171 1294 4228 semper
1331 4159 1662 4226 meminisse,
1688 4167 1867 4229 atque,
1897 4173 2017 4213 eum
2057 4157 2190 4213 lice-

604 4249 698 4315 bit,
724 4248 942 4304 crebras
966 4249 1146 4304 literas
1165 4287 1184 4313 ,
1211 4249 1389 4306 laetum
1420 4249 1574 4304 nobis
1592 4248 1659 4304 de
1683 4259 1858 4306 vestra
1885 4247 2190 4310 valetudine

601 4341 848 4398 nuntium
870 4340 1176 4406 afferentes,
1199 4337 1267 4395 ad
1293 4353 1391 4395 nos
1419 4337 1633 4400 mittere
1666 4354 1734 4396 ne
1759 4337 2078 4410 gravemini.

813 4473 1020 4531 LXXI.
1063 4473 1288 4530 MaIcIto.
1330 4473 1439 4548 (Ab
1456 4487 1598 4528 anno
1618 4472 1723 4528 ιοι
1746 4473 1812 4529 ad
1838 4473 1992 4546 ιον.)

673 4613 786 4670 Nec
826 4612 1062 4667 animum
1102 4609 1306 4679 dejice,
1355 4624 1456 4667 nec
1505 4609 1970 4680 praeclarissimum
2015 4611 2186 4670 beatae

599 4709 724 4764 filiai
751 4715 856 4762 tute
882 4703 1178 4762 discessum
1210 4705 1441 4772 peccatis
1461 4704 1566 4758 tuis
1585 4703 1850 4760 adscribe.
1877 4704 2086 4763 Etenim
2117 4707 2184 4765 ad

598 4797 942 4869 tranquillum
970 4803 1179 4866 portum
1206 4794 1428 4864 appulit,
1454 4804 1611 4865 atque
1639 4794 1691 4850 in
1710 4810 1828 4850 eam
1857 4796 2043 4863 vitam,
2066 4815 2185 4870 quae

599 4890 800 4944 nullum
826 4889 936 4958 jam
964 4889 1121 4944 linem
1150 4886 1393 4942 habitura
1421 4896 1502 4942 est
1521 4926 1538 4952 ,
1569 4889 1830 4956 pervenit,
1860 4903 1924 4944 ac
1950 4905 2186 4960 praesen-

596 4979 667 5034 tis
703 4980 826 5034 vita:
865 4979 1115 5035 ﬂuctibus
1159 4989 1340 5048 erepta
1367 5019 1382 5041 .
1433 4977 1486 5033 in
1533 4987 1681 5048 petra
1725 4989 1866 5048 stat,
1915 4996 1977 5036 ea
2005 4984 2180 5037 omnia

599 5072 735 5124 bona
777 5085 895 5138 qum
928 5070 1182 5141 collegit,
1223 5079 1487 5142 tamquam
1537 5071 1589 5126 in
1628 5071 1890 5130 tutissimo
1931 5073 2184 5130 thesauro

597 5160 852 5230 deinceps
878 5161 1098 5216 habens.
1130 5162 1312 5232 quue
1337 5163 1554 5218 nomine
1575 5165 1807 5234 gaudere
1835 5175 1890 5221 et
1914 5167 2183 5222 exsultare

597 5265 660 5304 ac
691 5250 872 5306 lictitia
916 5250 1159 5322 perfundi
1188 5253 1475 5317 convenit,
1527 5255 1668 5325 quod
1720 5256 1886 5324 ipsius
1925 5256 2178 5322 animam,

601 5342 744 5395 velut
767 5345 1000 5411 optimus
1027 5343 1255 5414 agricola
1285 5355 1549 5400 maturum
1597 5345 1824 5400 fructum
1850 5389 1865 5410 ,
1911 5348 2180 5402 communi

598 5431 832 5486 nomium
865 5433 1093 5489 Domino
1115 5435 1421 5491 cxhibuisti.
1477 5435 1602 5491 llznc
1627 5436 1838 5506 aliaque
1882 5453 1946 5490 ex
1989 5436 2180 5506 hujus-

681 5627 702 5662 ι
731 5626 917 5676 Omnes
948 5626 1088 5689 ales,
1121 5635 1275 5691 prato.
1323 5639 1496 5682 Tamen
1540 5640 1770 5696 praestare
1815 5633 2004 5681 videtur
2046 5645 2136 5683 vox
2163 5671 2174 5689 .

589 5705 692 5756 ym't
700 5713 724 5743 :t
733 5725 748 5740 .

1351 304 1406 357 s.
1446 297 1726 356 Josvvls
1762 297 2240 355 CllRYSOSTOill
2279 299 2598 358 ABClilEP.
2631 303 3171 366 coxsnxnxov.
3822 322 3904 378 ω

2334 419 2475 471 modi
2506 423 2805 477 rationibus
2827 426 3072 481 confecta
3113 431 3504 487 medimmcnta
3528 446 3642 491 tum
3668 440 3784 501 tibi.
3813 453 3908 503 tum

2332 513 2690 568 ornatissima:
2737 517 2970 570 domina
3027 535 3160 574 mea:
3213 522 3381 592 ipsius
3434 530 3593 582 matri
3643 533 3908 601 adhibeant,

2331 602 2632 657 mercedem
2657 621 2756 672 pro
2783 605 2866 661 bis
2888 610 3050 663 rebus
3076 613 3225 666 vobis
3252 618 3587 672 recmiditam
3616 624 3865 692 ampliﬁca
3891 646 3906 682 :

2330 703 2386 746 ut
2417 710 2525 748 non
2556 705 2761 752 tantum
2800 703 3017 770 optima
3053 703 3388 763 educationis
3413 714 3636 767 nomine
3660 757 3674 776 .
3708 732 3907 773 verum-

2327 786 2488 838 etiam
2540 788 2681 856 quod
2726 790 2935 858 placido
2972 804 3028 847 et
3076 807 3230 864 grato
3275 801 3461 855 animo
3505 804 3906 871 pulcherrimum

2327 872 2493 971 ipsius
2518 891 2549 930 e
2575 879 2678 930 vita
2704 880 3001 936 discessum
3035 888 3264 942 tuleritis
3281 930 3298 954 ,
3342 890 3618 962 ingentem
3638 912 3671 951 a
3698 898 3908 971 benigno

2327 964 2439 1020 Deo
2465 968 2772 1024 mercedem
2802 973 3098 1042 accipiatis.

2575 1099 2813 1156 LXXII.
2856 1106 3064 1175 Alphio.
3109 1107 3343 1181 (Cucuso
3364 1128 3509 1169 anno
3533 1117 3689 1190 ιω.)

2396 1228 2506 1328 Etsi
2543 1235 2726 1328 procul
2768 1250 2797 1286 a
2842 1245 2896 1291 te
2942 1240 3168 1305 sejuncti
3208 1258 3432 1312 sumus,
3474 1260 3655 1307 tamen
3701 1269 3762 1310 ea
3800 1273 3906 1328 qua:

2323 1334 2444 1374 eum
2472 1321 2629 1377 laude
2657 1326 2801 1392 geris
2819 1370 2833 1388 .
2870 1339 3034 1399 atque
3065 1333 3334 1402 ingentem
3360 1353 3480 1393 eam
3509 1321 3899 1410 liberalitatem.

2322 1428 2422 1481 qua
2450 1413 2503 1467 in
2540 1427 2757 1485 egentes
2805 1421 3003 1488 uteris,
3048 1425 3362 1494 audientes,
3399 1432 3594 1500 gaudio
3634 1445 3694 1490 et
3733 1437 3903 1492 laetitia

2321 1505 2667 1562 ex~ultamus.
2719 1512 2796 1566 Ac
2831 1513 2985 1569 nobis
3012 1516 3228 1584 quidem
3258 1519 3312 1573 in
3341 1523 3474 1578 votis
3497 1536 3667 1592 esset.
3701 1539 3756 1583 te
3781 1546 3905 1601 quo-

2320 1607 2424 1689 que
2451 1607 2773 1689 convenire,
2818 1616 3148 1674 magnasque
3192 1612 3432 1675 prasenti
3475 1615 3683 1682 gratias
3725 1633 3904 1689 agere.

2320 1683 2580 1750 Quoniam
2609 1699 2787 1745 autem
2819 1691 2868 1745 id
2897 1695 3117 1751 minime
3147 1697 3306 1762 licet;
3350 1702 3573 1758 lsaurica
3598 1709 3742 1762 enim
3762 1683 3905 1766 inala

2321 1776 2687 1844 ingravescunt
2709 1823 2724 1844 ,
2749 1793 2910 1851 atque
2936 1801 3125 1843 omnes
3150 1790 3250 1845 via:
3282 1793 3582 1851 interclusa:
3608 1810 3733 1854 sunt
3755 1817 3776 1868 ;
3808 1819 3905 1858 nec

2318 1868 2459 1918 enim
2489 1867 2674 1923 dubito
2700 1911 2715 1934 ,
2742 1875 2868 1941 quin
2894 1875 3091 1946 alioqui
3120 1878 3225 1934 huc
3253 1881 3368 1952 ipse
3400 1888 3722 1944 accessisses
3742 1932 3760 1956 ,
3793 1907 3901 1946 ma-

2315 1970 2585 2028 gnumque
2621 1961 2854 2016 studium
2903 1965 3273 2038 adhibuisses,
3312 1983 3370 2026 ut
3393 1975 3459 2027 ad
3497 1992 3597 2033 nos
3624 1995 3794 2050 usque
3817 1997 3900 2036 ae-

2315 2062 2606 2104 curreres:
2650 2067 2834 2106 verum
2867 2054 2919 2108 id
2967 2073 3109 2112 nunc
3149 2059 3265 2115 ﬁeri
3313 2066 3541 2134 nequit;
3591 2067 3790 2124 idcirco
3820 2088 3901 2138 per

2315 2137 2494 2192 literas
2522 2149 2573 2194 te
2597 2144 2908 2207 salutamus,
2938 2159 3098 2218 atque
3135 2166 3388 2220 oramus,
3436 2166 3495 2210 ut
3541 2172 3665 2213 cum
3710 2137 3895 2224 licebit,

2315 2244 2471 2297 quam
2499 2232 2824 2290 creberrime
2849 2237 2915 2290 ad
2946 2254 3045 2293 nos
3068 2243 3295 2304 scribas,
3313 2243 3489 2315 deque
3525 2257 3617 2303 tua
3643 2253 3895 2322 totiusque

2314 2319 2502 2375 domus
2529 2332 2632 2378 tuze
2656 2325 2955 2382 valetudine
2984 2332 3243 2387 certiores
3277 2350 3377 2388 nos
3419 2337 3601 2391 facias.
3633 2339 3743 2396 Nec
3765 2319 3892 2395 enim

2314 2414 2618 2482 vulgarem,
2672 2417 2759 2472 hic
2801 2436 3015 2490 quoque
3056 2423 3346 2493 degentes,
3389 2443 3462 2484 ex
3504 2431 3773 2499 ejusmodi
3803 2437 3896 2488 tuis

2313 2504 2478 2559 literis
2502 2508 2920 2564 consolationem
2952 2515 3326 2584 percipiemus.

2513 2639 2787 2697 LXXIII.
2828 2646 3076 2717 Agapeto.
3118 2649 3348 2719 (Cucuso
3378 2667 3522 2708 anno
3549 2655 3707 2725 404.)

2380 2772 2493 2828 Etsi
2534 2775 2646 2844 jam
2686 2777 2900 2848 longum
2945 2791 3156 2851 tempus
3185 2783 3392 2839 efﬂuxit
3413 2827 3429 2846 ,
3460 2801 3584 2841 cum
3613 2791 3710 2844 abs
3737 2800 3790 2850 te
3813 2809 3889 2845 sc-

2305 2861 2472 2931 juncti
2510 2880 2724 2934 sumus,
2770 2882 2930 2938 atque
2958 2874 3117 2925 etiam
3163 2890 3356 2944 magno
3388 2877 3595 2933 itineris
3623 2881 3889 2938 intervalfo

2305 2969 2337 3009 a
2365 2965 2417 3011 te
2442 2953 2742 3014 diriminmr
2770 2979 2783 3013 :
2811 2964 3031 3017 caritate
3062 2973 3235 3020 tamen
3267 2976 3440 3022 tecum
3481 2970 3885 3044 adstringimur.

2303 3057 2464 3118 atque
2509 3048 2560 3100 in
2606 3051 2904 3120 propinquo
2947 3067 3384 3124 commorantur,
3423 3060 3570 3127 imo,
3620 3069 3678 3116 ut
3705 3066 3888 3119 rectius

2306 3135 2492 3205 loquar
2514 3178 2530 3203 ,
2577 3139 2629 3193 in
2663 3141 2774 3210 ipsa
2804 3154 3018 3210 mente,
3047 3161 3384 3217 quocumque
3431 3153 3650 3208 tandem
3682 3155 3735 3208 in
3779 3157 3886 3211 ineo

2303 3229 2490 3294 simus,
2523 3237 2575 3284 te
2601 3232 3043 3288 circumit-rimus.
3076 3235 3392 3306 Usqueadeo
3420 3239 3726 3300 ferventem
3756 3247 3887 3301 illam

2300 3328 2354 3374 et
2378 3320 2638 3375 sinceram
2664 3337 2727 3377 ac
2751 3323 3120 3381 vehementem
3145 3338 3200 3384 et
3218 3339 3552 3386 constantem
3579 3337 3886 3401 amicitiam,

2301 3425 2420 3480 qum
2454 3411 2546 3466 tibi
2588 3412 2904 3483 jampridem
2945 3427 3104 3488 atque
3129 3420 3198 3474 ab
3241 3421 3390 3476 initio
3415 3423 3697 3481 nobiscum
3729 3428 3885 3483 inter-

2299 3503 2482 3570 cessit,
2515 3503 2700 3559 intimo
2731 3517 2943 3575 pectore
2971 3508 3281 3578 impressam
3315 3512 3597 3568 habemus.
3622 3515 3766 3584 Quin
3794 3520 3885 3586 ipsi

2299 3605 2510 3660 quoque
2533 3632 2548 3655 ,
2596 3593 2811 3648 domine
2853 3596 2922 3649 mi
2956 3599 3392 3665 praestantissime
3429 3617 3494 3656 ac
3543 3619 3886 3675 summopere

2297 3679 2641 3745 admiraude.
2693 3685 2923 3739 vividam
2966 3703 3090 3758 erga
3131 3699 3184 3744 te
3226 3690 3661 3750 benevolentiam
3693 3699 3888 3752 retine-

2298 3786 2440 3839 mus,
2485 3788 2583 3827 nec
2607 3789 2723 3828 eam
2753 3776 2834 3830 vel
2873 3777 2942 3829 ob
2971 3779 3226 3847 temporis
3257 3782 3680 3852 magnitudinem
3712 3788 3796 3840 vel
3825 3786 3889 3840 ob

2298 3863 2505 3920 itineris
2557 3865 2993 3938 longinquitatem
3024 3870 3284 3927 debilitari
3327 3884 3487 3944 atque
3520 3879 3794 3949 exstingui
3818 3881 3890 3935 si-

2297 3953 2492 4009 nimus.
2524 3957 2880 4022 Quamnbrem
2913 3975 2942 4014 a
2987 3972 3037 4016 te
3063 3965 3288 4031 petimus
3308 4006 3322 4023 .
3357 3977 3411 4019 ut
3433 3981 3554 4020 cum
3586 3968 3794 4034 licebit,
3824 3972 3890 4025 de

2297 4053 2384 4098 tua
2427 4047 2726 4102 valetudine
2762 4051 2952 4105 crebro
2995 4051 3061 4105 ad
3104 4067 3202 4106 nos
3239 4055 3472 4110 scribere
3513 4073 3580 4111 ne
3622 4061 3886 4129 graveris.

2296 4134 2414 4191 Scis
2441 4137 2583 4191 enim
2614 4149 2866 4208 quantum
2892 4142 3008 4209 ejus
3035 4143 3254 4198 studiosi
3293 4146 3461 4200 simus
3479 4189 3495 4211 ,
3520 4157 3890 4220 quantamque

2293 4240 2324 4279 a
2351 4227 2506 4284 nobis
2532 4230 2752 4299 gratiam
2785 4230 3009 4286 initurus
3035 4233 3141 4298 sis,
3179 4233 3478 4304 bujusmodi
3519 4236 3587 4293 ad
3633 4255 3736 4295 nos
3764 4243 3887 4297 lite-

2293 4331 2383 4373 ras
2407 4317 2649 4374 mittens.

2491 4451 2675 4509 LXXI
2691 4454 2749 4510 V.
2791 4454 3065 4528 IIrsycItio.
3104 4457 3338 4531 (Cucuso
3361 4475 3504 4517 anno
3525 4462 3679 4534 ιοι.)

2360 4587 2621 4658 Equidem
2649 4590 2761 4660 ipse
2795 4599 2846 4646 te
2884 4592 3065 4648 videre
3086 4607 3360 4663 cuperem,
3391 4610 3582 4664 meque
3611 4611 3711 4652 nec
3739 4597 3886 4653 Isau-

2292 4692 2471 4733 rorum
2514 4687 2725 4745 metus,
2783 4695 2884 4736 nec
2930 4683 3171 4751 corporis
3215 4684 3544 4739 imbecillitas
3590 4687 3884 4754 prohibere

2291 4783 2490 4844 posset,
2517 4776 2560 4828 si
2593 4774 2720 4828 mihi
2748 4775 2946 4830 licitum
2979 4787 3154 4843 esset,
3181 4793 3288 4846 quo
3315 4778 3504 4832 vellem
3528 4820 3543 4844 ,
3575 4780 3844 4848 proﬁcisci
3866 4797 3880 4843 ;

2292 4877 2344 4923 te
2368 4878 2544 4923 autem
2569 4910 2584 4934 ,
2611 4883 2732 4923 cum
2758 4867 2953 4939 alioqui
2984 4868 3034 4923 id
3063 4870 3264 4924 arbitrii
3293 4871 3365 4924 tui
3397 4871 3501 4933 sit,
3547 4887 3617 4925 ue
3653 4872 3733 4924 sic.
3760 4874 3878 4942 qui-

2289 4959 2412 5015 dem
2449 4959 2601 5015 traho
2628 5001 2642 5024 ,
2693 4975 2791 5014 nec
2827 4969 2885 5013 ut
2922 4959 3084 5016 domo
3114 4961 3308 5029 migres
3328 5001 3342 5024 ,
3375 4971 3538 5029 atque
3562 4961 3631 5016 ad
3661 4977 3761 5016 nos
3791 4977 3882 5013 ac-

2290 5065 2511 5114 curras,
2562 5060 2614 5105 te
2653 5066 2801 5121 rogo.
2861 5049 2968 5105 Sed
3011 5051 3255 5122 quamvis
3299 5051 3349 5106 id
3391 5066 3486 5120 per
3514 5054 3639 5106 anui
3667 5062 3878 5122 tempus

2293 5141 2480 5204 liceat,
2524 5150 2684 5210 tuque
2728 5141 2866 5196 istud
2903 5141 3004 5195 iter
3045 5141 3190 5197 brevi
3229 5142 3447 5212 exsequi
3480 5143 3650 5211 possis
3677 5145 3880 5215 (neque

2290 5231 2430 5284 enim
2471 5247 2664 5301 magno
2710 5233 2990 5289 intervallo
3028 5233 3277 5304 disjuncti
3321 5235 3563 5305 sumus),
3599 5245 3779 5290 tamen
3806 5237 3884 5290 ob

2291 5322 2591 5378 Isaurorum
2648 5334 2846 5378 metum
2907 5324 3008 5380 huc
3065 5335 3116 5380 te
3163 5325 3378 5380 trahere
3419 5325 3640 5380 minime
3686 5327 3884 5380 velim.

2292 5411 2484 5466 Verum
2511 5412 2612 5467 hoc
2631 5413 2844 5469 demum
2875 5416 2971 5470 abs
2990 5425 3040 5470 te
3067 5425 3211 5486 peto,
3241 5423 3300 5470 ut
3342 5415 3410 5470 de
3452 5423 3538 5470 tua
3566 5415 3891 5472 valetudine

2287 5503 2477 5556 crebro
2515 5505 2579 5558 ad
2628 5521 2724 5561 nos
2769 5507 3008 5562 scribas:
3039 5523 3212 5578 neque
3257 5509 3398 5562 enim
3424 5549 3442 5574 ,
3485 5505 3771 5577 quominus
3825 5510 3887 5564 id

2288 5595 2464 5649 facere
2495 5597 2665 5664 possis
2688 5638 2702 5659 ,
2735 5599 3044 5668 pravdouum
3069 5601 3312 5656 incursus
3341 5600 3719 5671 impedimento
3745 5599 3889 5655 erit.

2289 5687 2639 5746 Quamobrem
2671 5686 2768 5742 hoc
2813 5703 2908 5742 nos
2942 5688 3229 5757 beneﬂcio,
3262 5701 3479 5760 quaeso,
3506 5687 3697 5756 afﬁce,
3728 5693 3885 5759 quod
