4058 6218
235 199 340 256 σι’]

231 313 593 382 πανταχόθεν,
625 315 734 368 τῶν
764 318 997 374 ἐνταῦθα
1028 322 1327 395 φερουσῶν,
1377 325 1831 398 ἀποτετειχισμέ-

231 422 358 458 νων.
432 405 570 457 Ἀλλ’
620 408 775 477 ὅμως
825 413 873 463 εἰ
923 414 1016 465 καὶ
1041 415 1279 486 ἐργῶδες
1331 416 1393 468 τὸ
1425 417 1667 488 πέμπειν
1697 421 1832 492 πρὸς

231 497 389 564 ἡμᾶς
417 495 676 566 συνεχῶς,
705 499 954 568 ἡνίκαάν
984 503 1101 573 ἐξῇ..
1131 504 1288 559 τοῦτο
1326 506 1492 572 ποίει,
1513 509 1583 562 τά
1609 525 1668 561 τε
1690 510 1835 562 ἐκεῖ-

231 585 330 636 θεν
357 585 535 638 πάντα
556 585 753 656 δηλῶν,
790 590 885 643 καὶ
916 592 1044 663 περὶ
1072 594 1172 664 τῆς
1207 595 1422 664 ὑγιείας
1448 596 1606 666 ὑμῶν
1633 599 1835 670 γνωρί-

230 672 373 738 ζων,
393 675 523 745 περὶ
546 672 614 747 ῆς
639 678 845 750 σφόδρα
867 683 1338 754 περισπούδαστον
1363 687 1496 757 ἡμῖν
1517 688 1828 758 μανθάνειν.

237 765 323 821 0'.
369 765 674 836 Ἀερθονίῳ,
707 770 994 847 Θεοδότῳ,
1010 774 1249 847 ξαιρέᾳ,
1279 778 1712 847 πρεσϐυτέροις
1733 780 1833 834 καὶ

837 841 1228 909 μονάζουσικ.

324 927 658 999 Ἐϐουλόμην
692 931 788 984 καὶ
815 933 978 998 αὐτὸς
1029 939 1516 1010 παραγενομένους
1551 939 1697 1009 ὑμᾶς
1749 943 1835 993 ἐν-

235 1016 417 1072 ταῦθα
446 1019 602 1073 ίδεῖν·
651 1021 766 1075 ἀλλ’
799 1023 986 1097 ἐπειδὴ
1019 1027 1189 1080 πολλά
1237 1028 1306 1082 τά
1340 1028 1638 1091 κωλύοντα,
1675 1029 1834 1084 τοῦτο

240 1107 351 1177 μὲν
373 1109 432 1160 οὑ
461 1109 648 1180 τολμῶ
671 1112 768 1166 νῦν
801 1115 1074 1181 ἀπαιτεῖν,
1122 1117 1259 1184 ἀξιῶ
1295 1119 1380 1183 δὲ,
1411 1122 1504 1173 καὶ
1549 1121 1834 1192 πόρρωθεν

238 1200 425 1264 ὄντας,
459 1202 556 1273 τὴν
591 1203 698 1257 ἀπὸ
719 1205 826 1260 τῶν
852 1209 1429 1280 πεπαρῥησιασμένων
1472 1211 1648 1282 εὐχῶν
1676 1214 1833 1284 ὑμῶν

241 1291 508 1363 παρέχειν
535 1296 855 1366 συμμαχίαν
885 1298 1016 1368 ἡμῖν
1047 1299 1216 1370 (αὐτη
1249 1301 1357 1372 γάρ
1389 1300 1512 1355 οὐτε
1536 1303 1712 1375 χρόνῳ
1736 1323 1832 1375 μαν-

244 1384 488 1453 ραίνεται
521 1388 555 1457 ἡ
586 1386 827 1458 βοήθεια,
855 1388 981 1443 οὔτε
1013 1390 1133 1444 ὁδοῦ
1167 1395 1334 1463 μήκει
1359 1393 1682 1464 διείργεται,
1717 1395 1830 1448 ἀλλ’

239 1476 489 1547 ὅπουπερ
515 1477 584 1530 ἂν
607 1477 769 1550 διάγῃ
801 1496 886 1543 τις
912 1483 1226 1552 παρρησίαν
1245 1484 1381 1554 πρὸς
1402 1485 1491 1537 τὸν
1521 1485 1653 1538 Θεὸν
1673 1485 1830 1556 ἔχων,

242 1565 500 1638 καθάπερ
532 1563 624 1621 οὖν
655 1570 748 1622 καὶ
783 1571 959 1641 ὑμεῖς,
999 1572 1226 1628 δύναται
1261 1577 1358 1630 καὶ
1387 1577 1514 1640 τοὺς
1549 1578 1834 1648 πόρρωθεν

241 1654 410 1719 ὄντας
443 1657 691 1710 ἐντεῦθεν
719 1660 789 1712 τά
832 1661 1064 1731 μέγιστα
1097 1663 1372 1736 ὠφελεῖν),
1425 1667 1563 1736 μετά
1600 1667 1655 1719 δὲ
1683 1666 1831 1738 [652]

241 1747 356 1800 τῶν
384 1748 557 1818 εὐχῶν
585 1751 677 1803 καὶ
705 1752 1006 1822 γράμματα
1039 1756 1171 1825 ἡμῖν
1206 1757 1466 1827 παρέχειν
1501 1757 1570 1811 τὰ
1594 1757 1835 1828 συνεχῶς

240 1840 378 1910 περὶ
405 1841 502 1910 τῆς
525 1841 713 1909 ὑγείας
753 1842 908 1912 ὑμῶν
933 1845 1396 1917 εὐαγγελιζόμενα
1425 1860 1474 1901 ει.
1514 1849 1577 1901 El
1607 1847 1715 1919 γὰρ
1741 1849 1838 1902 καὶ

241 1929 420 1983 πολλά
439 1931 508 1984 τά
529 1932 867 2003 πανταχόθεν
898 1937 1035 2006 ἡμῖν
1051 1938 1564 2009 περιεστοιχισμένα
1587 1939 1833 2010 κύματα,

238 2021 344 2074 καὶ
380 2021 586 2092 ἐρημία
609 2024 798 2088 τόπου,
829 2025 924 2078 καὶ
947 2026 1254 2098 πολιορκία,
1284 2029 1378 2082 καὶ
1412 2029 1676 2101 Ἰσαύρων
1706 2029 1840 2098 ἐφο-

239 2114 360 2176 δος,
389 2115 484 2167 καὶ
511 2114 880 2187 καθημερινὸς
910 2117 1139 2182 θάνατος
1164 2119 1414 2192 (θανάτῳ
1451 2120 1561 2192 γὰρ
1585 2122 1836 2192 συζῶμεν

241 2204 521 2274 διηνεκεῖ,
555 2206 808 2277 καθάπερ
844 2210 904 2262 ὲν
931 2210 1296 2282 δεσμωτηρίῳ
1320 2250 1335 2274 ,
1384 2213 1444 2265 ἐν
1489 2211 1564 2282 τῷ
1593 2213 1836 2283 φρουρίῳ

239 2295 427 2367 τούτῳ
461 2299 970 2370 συγκεκλεισμένοι,
1019 2302 1116 2355 καὶ
1151 2302 1405 2373 σώματος
1443 2303 1699 2375 ἀσθενείᾳ
1733 2321 1839 2357 πα-

241 2385 496 2451 λαίοντες
518 2387 778 2461 χαλεπῇ),
831 2390 949 2443 ἀλλ’
973 2393 1123 2462 ὅμως
1156 2393 1204 2446 εί
1239 2394 1333 2447 καὶ
1361 2393 1554 2447 πολλαὶ
1591 2396 1647 2448 αἱ
1680 2411 1835 2466 περι-

245 2476 494 2541 στάσεις,
526 2479 587 2532 οὐ
625 2479 828 2551 μικρὰν
861 2482 940 2544 είς
976 2483 1332 2553 παραμυθίαν
1359 2484 1466 2537 τῶν
1498 2485 1684 2538 κακῶν
1713 2483 1838 2538 τού-

241 2583 360 2619 των
386 2567 484 2638 τὴν
510 2569 781 2640 ὑμετέραν
810 2569 1006 2641 ἔχομεν
1040 2573 1280 2644 ἀγάπην.
1314 2575 1378 2628 El
1405 2574 1514 2648 γὰρ
1547 2577 1642 2630 καὶ¹
1685 2575 1840 2643 ὀλίγα

243 2657 383 2727 ὑμῖν
412 2660 830 2732 συνεγενόμεθα,
861 2661 999 2716 ἀλλά
1036 2664 1237 2736 πολλὴν
1287 2668 1482 2738 πεῖραν
1536 2667 1700 2738 ὑμῶν·
1741 2668 1840 2738 τῆς

241 2746 543 2812 διαθέσεως
597 2751 922 2824 εἰλήφαμεν,
974 2754 1074 2825 τῆς
1107 2755 1338 2826 γνησίας
1370 2758 1464 2810 καὶ
1505 2756 1714 2830 θερμῆς
1746 2759 1842 2812 καὶ

248 2835 472 2904 μέλιτος
494 2836 858 2912 γλυκυτέρας,
881 2842 981 2912 τῆς
999 2843 1421 2915 άπεριτρέπτου,
1441 2845 1539 2914 τῆς
1563 2845 1840 2916 σταθηρᾶς

246 2926 352 2978 καὶ
377 2929 710 2999 πεπηγυίας,
738 2931 805 3001 ἢν
828 2932 923 2986 καὶ
947 2933 1216 3001 παρόντες
1254 2936 1350 2988 καὶ
1375 2935 1606 3000 ἀπόντες
1640 2936 1841 2990 ἐπιδεί-

247 3017 474 3072 κνυσθε.
510 3019 609 3073 Διά
638 3019 1008 3076 ταῦτα’καίτοι
1039 3022 1134 3077 καὶ
1155 3023 1439 3094 πόρρωθεν
1475 3025 1630 3095 ὑμῶν
1665 3025 1839 3088 ὄντες,

246 3110 352 3162 καὶ
382 3109 658 3174 τοσούτοις
691 3113 1039 3183 συνεχόμενοι
1090 3113 1308 3178 δεινοῖς,
1357 3114 1545 3185 ὥσπερ
1577 3118 1634 3168 ἐν
1663 3116 1842 3186 λιμένι

245 3201 362 3253 τινὶ
393 3201 422 3240 δ
454 3204 524 3272 τῇ
558 3203 746 3276 μνήμῃ
783 3206 882 3273 τῆς
935 3204 1210 3276 ὑμετέρας
1251 3206 1454 3276 ἀρετῆς
1496 3206 1844 3260 ἐπαναπαυό-

252 3289 422 3361 μεθα,
445 3291 718 3365 θησαυρὸν
745 3294 1002 3365 μέγιστον
1030 3295 1128 3366 τὴν
1151 3296 1423 3366 ὑμετέραν
1448 3296 1672 3368 ἀγάπην
1701 3292 1840 3350 εἷναι

249 3382 592 3452 νομίζοντες.
637 3383 750 3454 Τῆς
791 3385 889 3454 μὲν
914 3380 1006 3438 οὑν
1035 3385 1281 3456 χαλεπῆς
1324 3386 1635 3457 ἀρρωστίας
1668 3387 1843 3457 ἀπηλ-

249 3472 528 3543 λάγημεν,
556 3473 652 3526 τοῦ
678 3474 944 3544 χειμῶνος
969 3474 1351 3546 παρελθόντος,
1394 3476 1487 3529 καὶ
1517 3477 1842 3540 ἐπιστάντος

250 3565 354 3618 τοῦ
379 3561 535 3634 ἦρος,
559 3563 638 3617 ἔτι
661 3565 718 3617 δὲ
741 3565 812 3618 τά
833 3565 1056 3635 λείψανα
1086 3567 1253 3637 αὐτῆς
1277 3567 1668 3638 περιφέρομεν,
1700 3567 1844 3639 άπερ

251 3654 531 3724 ἐπιτρίϐει
558 3654 667 3708 τῶν
709 3657 1030 3727 Ἱσαυρικῶν
1052 3657 1296 3729 θορύϐων
1318 3661 1350 3730 ἡ
1383 3661 1654 3730 συνέχεια.
1678 3657 1844 3714 Ταῦτ’

249 3743 355 3801 οὖν
385 3747 606 3810 εἰδότες,
644 3748 738 3801 καὶ
768 3748 1050 3820 πόρρωθεν
1082 3748 1234 3833 ὅντες
1268 3750 1577 3821 μεμνῆσθαί
1599 3769 1659 3805 τε
1687 3751 1848 3823 ἡμῶν

252 3839 528 3909 διηνεκῶς
554 3839 628 3910 μὴ
658 3842 992 3904 κατοκνεῖτε,
1015 3840 1112 3892 καὶ
1143 3840 1378 3911 γράφειν
1423 3841 1556 3911 ἡμῖν
1583 3842 1845 3912 συνεχῶς,

256 3932 428 4001 ἡνίκα
477 3930 544 3985 ἂν
598 3930 716 4002 ἐξῇ,
751 3930 820 3983 τά
853 3930 980 4002 περὶ
1034 3929 1136 4001 τῆς
1192 3929 1402 4000 ὑγιείας
1447 3931 1548 4002 τῆς
1577 3933 1857 4003 ὑμετέραςι

255 4021 762 4093 εὐαγγελιζόμενοι.

821 4116 948 4168 OA'.
990 4113 1237 4182 Μάλχῳ.
1840 4164 1848 4184 ,

335 4203 491 4275 Μήτε
529 4205 752 4276 ἀθύμει,
791 4207 928 4276 μήτε
954 4205 1250 4276 ἁμαρτίαις
1282 4206 1496 4275 λογίζου
1526 4206 1623 4277 τὴν
1661 4205 1845 4260 καλλί.

259 4311 402 4366 στην
425 4296 733 4367 ἀποδημίαν
753 4296 851 4367 τῆς
877 4296 1154 4366 μακαρίας
1183 4297 1450 4368 θυγατρός
1475 4314 1592 4353 σου.
1626 4299 1720 4360 Εἰς
1742 4296 1850 4366 γάρ

257 4389 578 4460 ἀκύμαντον
601 4390 936 4444 κατέπλευσε
966 4401 989 4430 ε
1017 4390 1235 4460 λιμένα,
1269 4390 1362 4443 καὶ
1383 4389 1517 4460 πρὸς
1551 4389 1695 4458 ζωὴν
1719 4384 1849 4460 ἦλθε

262 4481 470 4551 μηκέτι
501 4483 677 4554 πέρας
708 4482 956 4554 ἔχουσαν,
1005 4484 1101 4536 καὶ
1139 4482 1246 4535 τῶν
1295 4479 1438 4534 κατά
1477 4480 1568 4532 τὸν
1610 4479 1853 4549 παρόντα

262 4571 386 4642 βίον
419 4572 677 4641 κυμάτων
698 4572 1100 4642 ἀπαλλαγεῖσα,
1125 4571 1358 4643 ἕστηκεν
1389 4572 1482 4623 ιέπλ⁸
1501 4571 1600 4641 τῆς
1625 4571 1850 4640 πέτρας,

258 4662 372 4717 ὅσα
395 4664 701 4733 συνήγαγεν
727 4662 925 4732 ἀγαθὰ,
945 4662 1135 4734 ὥσπερ
1158 4665 1216 4716 ἐν
1243 4661 1427 4732 ἀσύλῳ
1445 4660 1630 4714 λοιπὸν
1655 4659 1854 4730 ἔχουσα

263 4754 550 4826 θησαυρῷ.
588 4755 698 4807 Καὶ
725 4755 806 4807 δεῖ
838 4755 1046 4825 χαίρειν
1068 4755 1208 4825 ὑπὲρ
1239 4753 1462 4816 τούτων,
1486 4754 1578 4805 καὶ
1602 4753 1850 4823 σκιρτᾷν,

263 4847 363 4898 καὶ
400 4846 812 4916 εὐφραίνεσθαι,
844 4847 926 4899 an
971 4847 1072 4918 τὴν
1120 4846 1336 4916 ἐκείνης
1363 4844 1561 4916 ψυχὴν,
1605 4843 1854 4914 καθάπερ

263 4938 519 5006 γεωργὸς
547 4939 768 5010 ἀριστος
811 4938 1021 5010 καρπὸν
1054 4937 1284 5008 ὥριμον,
1317 4935 1396 5004 τῷ
1441 4934 1606 5005 κοινῷ
1637 4935 1854 4988 πάντων

266 5027 625 5098 παρέστησας
657 5031 920 5101 Δεσπότῃ.
948 5030 1132 5084 Ταῦτα
1167 5029 1261 5083 καὶ
1275 5027 1344 5081 τά
1371 5029 1435 5080 ἐκ
1463 5025 1570 5078 τῶν
1599 5025 1854 5080 τοιούτων

269 5119 552 5189 λογισμῶν
575 5122 841 5186 ἐπιτιθεὶς
872 5123 1137 5194 φάρμακα
1167 5121 1264 5176 καὶ
1299 5117 1503 5188 σαυτῷ,
1531 5117 1628 5171 καὶ
1657 5119 1725 5188 τῇ
1765 5134 1856 5170 κυ-

271 5210 371 5282 ρίᾳ
413 5228 514 5281 μου
554 5215 621 5283 τῇ
671 5215 1024 5286 κοσμιωτάτῃ
1061 5213 1229 5283 μητρὶ
1255 5210 1448 5278 αὐτῆς,
1479 5208 1734 5272 πλεόναζε
1765 5207 1856 5261 τὸν

270 5302 421 5374 ὑπὲρ
440 5302 646 5358 τούτων
675 5305 1040 5374 ἀποκείμενον
1076 5305 1204 5375 ὑμῖν
1238 5301 1429 5371 μισθόν
1451 5316 1463 5330 ·
1492 5300 1580 5352 ἵνα
1599 5298 1674 5370 μὴ
1698 5299 1858 5370 μόνον

341 5415 370 5444 ⁸
393 5413 591 5481 Ερίδιῇῃ.
612 5419 747 5481 ὑμῶν
766 5419 878 5480 ἡμῖν
904 5418 1308 5481 εὐαγγελιζόμενοι.
1334 5415 1491 5465 Valic.
1517 5415 1652 5463 ὑμῶν
1670 5417 1796 5477 ἡμᾶς
1822 5453 1854 5466 ..

275 5475 612 5543 Ἆοιςοὶειίιι.
642 5475 755 5543 ἡμῖν
776 5475 1125 5543 περιεστοῖχισε
1144 5475 1350 5542 κύματα.

345 5536 373 5603 If
397 5536 695 5603 Δῶιιηιιερ
720 5541 768 5588 ἐν
785 5536 1103 5603 λεὶμὼνίτίνι.

347 5600 370 5629 θ
394 5597 592 5647 Ουὶςιίη.
633 5597 919 5651 κατέπαυσε.
969 5600 1096 5652 Εᾱίὶ.
1139 5602 1444 5652 κατέπλευσε.
1474 5600 1698 5651 Priorem
1737 5603 1858 5663 pulo

271 5664 441 5702 veram
467 5671 579 5711 esse
603 5663 886 5712 lectionem.

1695 211 2072 271 EPISTOLJE.

3411 216 3514 270 οιε

1933 331 2034 401 τῆς
2065 330 2354 398 καλλίστης
2386 331 2715 401 ἀνατροφῆς,
2746 327 2882 382 άλλά
2917 330 3009 382 καὶ
3041 327 3136 381 τοῦ
3184 327 3372 398 πράως
3422 333 3514 382 καὶ

1933 420 2272 491 εὐχαρίστως
2302 422 2544 488 ἐνεγκεῖν
2566 417 2592 456 ιι
2640 419 2738 490 τὴν
2772 418 3062 488 καλλίστην
3098 417 3303 486 ταύτην
3345 417 3515 488 αὐτῆς

1933 510 2264 582 ἀποδημίαν,
2302 510 2502 580 πολλὴν
2539 509 2690 580 παρά
2717 507 2810 562 τοῦ
2842 506 3226 578 φιλανθρώπου
3250 505 3386 561 Θεοῦ
3411 507 3516 561 λά-

1933 603 2065 674 ϐητε
2093 603 2191 673 τὴν
2216 601 2502 655 ἀντίδοσιν.

2516 695 2643 745 OB'.
2699 692 2927 759 Ἆλφίφ.

2019 785 2212 854 Ἡμεῖς
2237 785 2285 836 εἰ
2310 785 2403 837 καὶ
2426 783 2613 854 πόρρω
2641 799 2735 836 σου
2758 781 3064 854 καθήμεθα,
3082 781 3196 836 ἀλλ’
3224 781 3516 845 ἀκούοντές

1939 893 2034 929 σου
2059 873 2132 928 τὰ
2155 874 2578 946 κατορθώματα,
2611 873 2704 927 καὶ
2733 873 2830 945 τὴν
2857 873 3053 944 πολλὴν
3087 871 3513 943 μεγαλοψυχίαν,

1937 969 2004 1038 ῆν
2032 968 2161 1037 περὶ
2187 967 2314 1028 τοὺς
2344 965 2628 1036 δεομένους
2656 964 3046 1027 ἐπιδείκνυσαι,
3075 962 3404 1034 σκιρτῶμεν,
3426 962 3517 1014 εὐ-

1940 1059 2306 1134 φραινόμεθα,
2332 1059 2621 1130 χαίρομεν.
2656 1058 2768 1110 Καὶ
2794 1053 3125 1125 ἐϐουλόμεθα
3151 1054 3247 1124 μὲν
3273 1054 3365 1107 καὶ
3394 1052 3514 1105 κατ’

1935 1154 2058 1223 ὄψιν
2090 1154 2373 1221 συντυχεῖν
2408 1168 2503 1204 σου
2531 1152 2595 1222 τῇ
2621 1149 2914 1221 τιμιότητι,
2947 1148 3041 1202 καὶ
3063 1145 3261 1209 πολλάς
3290 1144 3516 1215 παρόντι

1937 1243 2085 1316 [655]
2119 1243 2394 1315 παρόντας
2438 1240 2771 1313 ὁμολογῆσαί
2804 1257 2887 1293 σοι
2926 1239 3172 1311 χάριτας.
3216 1234 3434 1305 Ἐπειδῇ
3461 1235 3516 1286 δὲ

1934 1335 2094 1387 τοῦτο
2121 1336 2256 1397 τέως
2293 1333 2394 1386 οὐκ
2427 1331 2528 1396 ἔνι,
2563 1329 2654 1382 διὰ
2685 1328 2748 1382 τὸ
2781 1328 2850 1381 τά
2894 1325 3172 1397 Ἰσαυρικά
3208 1325 3306 1394 μὲν
3328 1325 3518 1374 ἐπιτα-

1936 1427 2093 1497 θῆναι
2127 1426 2320 1489 πλέον,
2347 1426 2443 1478 καὶ
2495 1427 2678 1478 πᾶσαν
2729 1420 3168 1490 ἀποτετειχίσθαι
3203 1418 3304 1488 τὴν
3361 1415 3478 1469 ὀδόν
3500 1429 3513 1442 °

1934 1513 1994 1569 εὖ
2025 1516 2134 1587 γὰρ
2164 1512 2258 1568 οἷδ’
2285 1516 2370 1568 ὅτι
2397 1517 2446 1568 εἰ
2484 1513 2558 1584 μὴ
2579 1513 2740 1566 τοῦτο
2767 1507 2854 1582 ἦν,
2880 1510 2972 1564 καὶ
2999 1509 3160 1571 αὐτὸς
3187 1505 3514 1578 παρεγένου.

1935 1607 2030 1660 καὶ
2072 1607 2274 1679 πολλὴν
2321 1606 2564 1676 ἐποιήσω
2616 1601 2854 1673 σπουδὴν
2901 1601 3125 1672 δραμεῖν
3171 1599 3278 1660 ’ἐως
3326 1596 3516 1666 ἡμῶν·

1934 1697 2050 1749 ἀλλ’
2084 1695 2272 1766 ἐπειδὴ
2306 1695 2465 1748 τοῦτο
2513 1693 2650 1755 τέως
2675 1692 2736 1744 οὑ
2780 1690 3026 1753 δυνατὸν,
3069 1688 3164 1742 καὶ
3209 1686 3517 1758 γράφομεν,

1933 1787 2025 1840 καὶ
2058 1783 2540 1856 προσαγορεύομέν
2583 1799 2677 1834 σου
2709 1782 2809 1851 τὴν
2846 1780 3158 1850 τιμιότητα,
3194 1780 3288 1832 καὶ
3335 1792 3517 1848 παρα-

1934 1876 2206 1945 καλοῦμεν
2242 1874 2503 1944 συνεχῶς,
2533 1871 2699 1943 ἡνίκα
2732 1869 2797 1923 ἂν
2831 1869 2949 1940 ἐξῇ,
2988 1867 3323 1923 ἐπιστέλλειν
3361 1867 3515 1936 ἡμῖν,

1935 1966 2031 2018 καὶ
2060 1965 2129 2018 τά
2158 1965 2285 2034 περὶ
2319 1965 2419 2033 τῆς
2460 1963 2648 2032 ὑγείας
2682 1979 2798 2024 σου,
2826 1961 2921 2014 καὶ
2951 1958 3045 2012 τοῦ
3077 1959 3224 2011 οἴκου
3255 1973 3350 2010 σου
3381 1973 3518 2009 παν-

1933 2057 2027 2118 τὸς
2061 2057 2192 2124 ἡμῖν
2233 2051 2702 2122 εὐαγγελίζεσθαι.
2733 2050 2808 2103 Οὐ
2837 2051 2947 2120 γὰρ
2976 2049 3078 2120 τὴν
3101 2046 3389 2119 τυχοῦσαν,
3423 2045 3518 2097 καὶ

1936 2141 2170 2195 ἐνταῦθα
2213 2141 2533 2212 καθήμενοι,
2567 2137 2675 2192 άπὸ
2729 2136 2837 2190 τῶν
2882 2135 3136 2188 τοιούτων
3177 2132 3518 2204 γραμμάτων

1935 2237 2032 2306 τῆς
2064 2236 2164 2306 σῆς
2189 2235 2503 2304 τιμιότητος
2527 2230 2935 2304 καρπωσόμεθα
2960 2229 3059 2282 τὴν
3088 2225 3457 2297 παράκλησιν.

2481 2329 2612 2381 Ol".
2666 2322 2988 2394 Ἀγαπητῷ.

2008 2419 2073 2472 Εἰ
2105 2418 2200 2472 καὶ
2239 2418 2407 2481 πολὺς
2445 2416 2649 2488 μεταξὺ
2681 2416 2894 2488 χρόνος,
2925 2413 2983 2480 ἐξ
3011 2405 3072 2468 οὗ
3101 2411 3200 2482 τῆς
3225 2407 3520 2480 θαυμασιό-

1936 2527 2101 2580 τητος
2137 2509 2520 2580 ἐχωρίσθημεν
2564 2509 2663 2578 τῆς
2697 2507 2819 2577 σῆς,
2846 2505 3058 2574 καὶτῆς
3099 2502 3219 2557 ὁδοῦ
3251 2501 3309 2555 δὲ
3350 2499 3522 2569 αὐτῆς

1938 2601 2074 2654 πολὺ
2107 2599 2169 2653 τὺ
2217 2601 2380 2671 μέσον
2417 2610 2442 2638 ο
2489 2599 2551 2652 τὸ
2601 2598 2838 2668 διεῖργον
2888 2597 3056 2666 ἡμᾶς,
3108 2593 3223 2647 ἀλλ’
3263 2592 3414 2661 ὅμως
3449 2590 3517 2660 τῇ

1938 2693 2128 2762 ἀγάπη
2153 2689 2518 2760 συνδεδέμεθά
2541 2706 2644 2752 σοι,
2661 2688 2757 2742 καὶ
2785 2687 3012 2757 πλησίον
3034 2702 3127 2740 σου
3146 2681 3518 2754 διατρίϐομεν,

1942 2783 2146 2855 μᾶλλον
2177 2783 2236 2836 δὲ
2268 2782 2364 2834 καὶ
2404 2782 2462 2834 ἐν
2501 2780 2638 2849 αὐτῇ
2680 2795 2740 2831 σε
2774 2777 2972 2848 ἔχομεν
3021 2779 3090 2847 τῇ
3129 2775 3360 2847 διανοίᾳ,
3387 2791 3522 2826 πανυ

1938 2875 2103 2947 ταχοῦ
2151 2873 2541 2946 περιφέροντες
2568 2872 2813 2940 ὅπουπερ
2861 2870 2926 2922 ἂν
2953 2863 3124 2938 ὦμεν.
3173 2866 3277 2919 Καὶ
3317 2864 3414 2937 τὴν
3465 2865 3524 2930 ἐξ

1939 2967 2114 3038 ἀρχῆς
2145 2983 2227 3019 σοι
2275 2963 2412 3034 πρὸς
2455 2963 2605 3033 ἡμᾶς
2632 2960 3007 3030 γεγενημένην
3034 2958 3238 3028 φιλίαν,
3267 2957 3365 3026 τὴν
3400 2954 3525 3027 θερ-

1944 3059 2050 3129 μὴν
2081 3057 2177 3111 καὶ
2215 3055 2470 3126 γνησίαν,
2513 3052 2612 3123 τὴν
2656 3051 2893 3122 σφοδράν
2937 3050 3033 3103 καὶ
3073 3048 3264 3117 ἀκλινῆ
3301 3046 3527 3115 ἐγκολά-

1939 3149 2139 3218 ψαντες
2154 3147 2313 3217 ἡμῶν
2335 3145 2532 3214 ἔχομεν
2552 3141 2632 3211 τῷ
2655 3141 2941 3195 συνειδότι.
2960 3139 3073 3193 Καὶ
3091 3138 3243 3192 αὐτοὶ
3260 3137 3317 3190 δὲ
3342 3136 3525 3206 ἀκμάσ-

1941 3235 2140 3300 ζουσαν
2186 3235 2282 3305 τὴν
2317 3233 2449 3305 περὶ
2489 3231 2548 3284 σὲ
2585 3230 2826 3285 διάθεσιν
2866 3227 3250 3300 διατηροῦμεν,
3291 3225 3526 3277 δέσποτα

1941 3328 2242 3398 τιμιώτατε
2276 3325 2371 3378 καὶ
2401 3320 2841 3395 θαυμασιώτατε,
2863 3319 3015 3373 οὐδὲν
3039 3317 3146 3372 ἀπὸ
3171 3315 3265 3369 τοῦ
3287 3315 3524 3386 πλήθους

1942 3421 2036 3474 τοῦ
2066 3419 2282 3490 χρόνου,
2322 3417 2442 3470 οὐδὲ
2472 3417 2582 3470 ἀπὸ
2609 3414 2703 3468 τοῦ
2743 3415 2951 3484 μήκους
2984 3410 3076 3464 τοῦ
3108 3409 3250 3464 κατά
3280 3409 3381 3479 τὴν
3409 3407 3527 3460 ὁδὸν

1944 3512 2194 3581 ἀφιέντες
2236 3509 2404 3579 αὐτὴν
2450 3506 2847 3577 ἀσθενεστέραν
2890 3501 3167 3573 γενέσθαι.
3217 3497 3528 3570 Παρακαλῶ

1943 3602 2142 3668 τοίνυν,
2172 3599 2337 3671 ἡνίκα
2358 3599 2424 3652 ἂν
2460 3597 2580 3669 ἐξῇ,
2620 3597 2716 3650 καί
2740 3595 2973 3666 γράφειν
3011 3595 3142 3663 ἡμῖν
3177 3589 3414 3658 συνεχῶς
3451 3586 3530 3658 μὴ

1944 3690 2198 3746 κατόκνει
2227 3687 2479 3758 περὶτῆς
2505 3685 2718 3755 ὑγιείας
2757 3685 2858 3752 τῆς
2891 3683 3012 3751 σῆς.
3043 3677 3212 3733 Οἶσθα
3245 3679 3353 3748 γὰρ
3379 3678 3528 3737 ὅπως

1944 3779 2116 3852 αὐτῆς
2162 3777 2524 3849 ἀντεχόμεθα,
2570 3776 2665 3830 καὶ
2709 3774 2904 3844 ἡλίκην
2950 3773 3084 3842 ημῖν
3132 3771 3296 3840 χαριῇ
3346 3768 3527 3838 χάριν,

1943 3871 2170 3928 τοιαῦτα
2203 3869 2340 3937 πρὸς
2367 3869 2514 3939 ἡμᾶς
2543 3864 2986 3935 διαπεμπόμενος
3014 3861 3342 3932 γράμματα.

2533 3961 2655 4011 οΔ’.
2685 3955 2964 4025 Ἠσυχίφ.

2031 4051 2174 4122 Ἐγὼ
2207 4052 2314 4124 μέν
2354 4067 2415 4104 σε
2449 4049 2548 4104 καὶ
2585 4049 2716 4102 ἰδεῖν
2744 4047 3076 4118 ἐπεθύμουν,
3107 4043 3202 4102 καὶ
3229 4045 3330 4098 οὐκ
3365 4044 3430 4100 ἀν
3462 4059 3530 4113 με

1949 4142 2223 4196 ἐκώλυσεν
2269 4139 2393 4194 οὐτε
2429 4141 2458 4194 ὁ
2504 4139 2614 4194 τῶν
2665 4137 2926 4210 Ἰσαύρων
2973 4135 3159 4204 φόϐος,
3190 4133 3314 4190 οὐτε
3359 4135 3393 4204 ὴ
3435 4130 3529 4185 τοὺ

1950 4231 2203 4300 σώματος
2233 4229 2509 4293 ἀσθένεια,
2538 4228 2591 4281 εῖ
2611 4244 2675 4296 γε
2701 4227 2789 4280 ἐπ’
2809 4227 2934 4298 ἐμοὶ
2955 4225 3018 4278 τὸ
3044 4224 3331 4287 κινεῖσθαι,
3368 4223 3532 4276 ὅπουο

1950 4339 2058 4392 περ
2108 4320 2432 4391 ἐϐουλόμην,
2468 4321 2677 4373 ἔκειτο·
2723 4317 2783 4371 σὲ
2830 4317 2912 4381 δὲ,
2963 4316 3144 4370 καίτοι
3187 4314 3374 4383 κύριον
3402 4313 3531 4366 ὄντα

1949 4411 2168 4474 τούτου,
2218 4412 2342 4465 οὐδὲ
2387 4409 2564 4474 οὑτως
2607 4409 2771 4472 ἐλκω,
2819 4407 2942 4460 οὐδέ
2982 4404 3282 4474 ἀναστῆναι
3323 4401 3533 4454 οἴκοθεν

1952 4502 2278 4575 παρακαλῶ,
2308 4502 2404 4556 καὶ
2437 4502 2572 4572 πρὸς
2599 4501 2748 4572 ἡμᾶς
2775 4499 3004 4571 δραμεῖν
3038 4496 3082 4551 ι.
3122 4495 3282 4550 Ἀλλά
3313 4494 3409 4547 καὶ
3431 4491 3532 4561 τῆς

1951 4594 2100 4666 ὥρας
2127 4595 2221 4648 τοῦ
2243 4595 2396 4658 ἔτους
2429 4591 2590 4646 τοῦτο
2616 4590 3041 4665 ἐπιτρεπούσης,
3076 4588 3170 4642 καὶ
3195 4586 3294 4657 τῆς
3323 4584 3531 4654 ἀποδη-

1957 4687 2084 4756 μίας
2105 4687 2171 4739 δι’
2204 4685 2386 4753 ὀλίγου
2409 4700 2492 4737 σοι
2520 4683 2810 4755 γινομένης
2839 4680 2921 4752 (οὐ
2950 4680 3058 4752 γάρ
3089 4677 3266 4748 πολλῷ
3295 4675 3531 4748 διειργό-

1958 4780 2097 4849 μεθα
2123 4777 2202 4849 τῷ
2251 4777 2445 4848 μέσῳ),
2489 4779 2639 4848 ὅμως
2682 4774 2906 4830 ἑλκύσαι
2945 4789 3006 4825 σε
3048 4769 3280 4825 ἐνταῦθα
3317 4770 3416 4823 οὐκ
3466 4770 3534 4821 ἂν

1954 4869 2198 4942 ἑλοίμην,
2242 4868 2330 4922 διά
2363 4867 2454 4922 τὸν
2482 4869 2591 4920 τῶν
2633 4865 2894 4936 Ἰσαύρων
2923 4863 3106 4934 φόϐον.
3140 4859 3452 4932 Παρακαλῶ
3473 4859 3531 4912 δὲ

1956 4961 2194 5030 συνεχῶς
2226 4963 2358 5030 ἡμῖν
2400 4960 2468 5012 τὰ
2516 4958 2770 5029 περὶτῆς
2820 4955 3028 5025 ὑγιείας
3067 4952 3398 5008 ἐπιστέλλειν
3433 4949 3533 5020 τῆς

1958 5052 2059 5121 σῆς
2077 5067 2090 5080 ⁸
2119 5052 2178 5103 οὐ
2205 5050 2313 5120 γὰρ
2359 5049 2530 5119 δήπου
2562 5050 2657 5102 καὶ
2683 5048 2818 5119 πρὸς
2850 5047 3009 5104 τοῦτο
3039 5045 3271 5116 κώλυμα
3300 5043 3409 5096 τῶν
3438 5041 3534 5112 λη-

1959 5141 2098 5196 στῶν
2128 5141 2280 5194 ἔσται
2314 5158 2396 5193 σοι
2428 5142 2460 5210 ἠ
2511 5139 2852 5210 καταδρομὴ.
2884 5138 3034 5192 Δίδου
3067 5137 3131 5208 δὴ
3164 5134 3366 5206 ταύτην
3399 5135 3533 5205 ἡμῖν

2022 5290 2048 5330 ἀ
2072 5290 2195 5340 Cois]
2205 5292 2269 5338 in.
2293 5289 2582 5351 ὑπενεγκεῖν.

2028 5365 2051 5392 ο
2076 5353 2158 5400 Sic
2180 5364 2292 5399 mss.
2320 5340 2493 5399 omnés
2517 5371 2528 5397 ε
2554 5352 2603 5396 in
2630 5347 2758 5397 Edit.
2785 5349 2842 5397 τὸ
2871 5349 3017 5411 μέσον
3038 5344 3428 5411 desiderabatur.
3453 5340 3508 5389 In

1960 5415 2028 5464 fra
2053 5412 2252 5463 Coislin.
2281 5413 2401 5460 ὅπου
2423 5427 2510 5474 περ
2550 5411 2608 5458 ἂν
2627 5411 2769 5472 ὦμεν·
2814 5403 2962 5474 οὕτως
2984 5411 3070 5466 τήν
3162 5409 3310 5474 ἀρχῆς
3341 5417 3419 5474 σοι
3441 5403 3535 5474 ’καὶ

1960 5463 2137 5523 ἄνωθεν
2155 5475 2407 5535 γενομένην
2430 5463 2546 5535 πρὸς
2565 5463 2691 5534 ἡμᾶς
2730 5473 2900 5533 φιλίαν.
2927 5463 3009 5535 Sic
3034 5463 3331 5535 blianfffgg.
3368 5473 3421 5513 ει
3436 5463 3538 5535 FQ:

1956 5524 2176 5646 ἔπραξ’
2199 5524 2380 5583 ιιηὸειί
2403 5524 2509 5583 huic
2534 5524 2876 5596 ὶνὲιιςροὶιυιιι,
2899 5532 3025 5581 οὑτω
3046 5533 3132 5589 τήν
3160 5524 3336 5579 ἄνωθῇ
3370 5527 3450 5574 καὶ
3488 5524 3536 5576 ἐξ

1991 5613 2122 5646 ογηε.

1991 5603 2122 5660 97.71:-

2032 5659 2045 5696 ι
2082 5657 2266 5707 (luislin
2276 5692 2286 5704 .
2313 5657 2622 5723 ἀναδραμεῖν,
