4058 6218
365 195 466 252 6&9

363 320 418 366 et
455 312 547 390 tibi
589 310 744 368 facile
781 328 843 368 ac
872 327 1097 384 pronum
1122 323 1281 370 estet
1312 316 1576 390 ingentem
1615 318 1767 376 nobis
1796 322 1948 377 volu-

362 413 563 474 ptatem
587 404 760 460 affert.
790 405 900 461 Nec
925 408 1066 461 enim
1098 418 1149 464 te
1180 407 1352 479 fugit,
1372 426 1534 481 quam
1562 423 1766 482 gratam
1794 417 1949 471 nobis

319 561 322 564 g
361 511 474 550 rem
499 494 734 552 facturus
753 497 848 563 sis,
881 497 981 554 hac
1006 499 1330 570 benignitate
1355 517 1419 562 ac
1439 505 1799 561 muniﬁcentia
1819 522 1945 580 erga

359 601 460 643 I108
489 596 660 643 utens.

571 720 798 778 LXXV.
832 723 1122 781 Ilarmatio.
1159 725 1388 793 (Cucuso
1429 745 1568 785 anno
1598 730 1747 803 404.)

433 857 570 927 Quid
617 856 719 914 hoc
747 873 868 915 esse
891 859 1063 915 dicam
1087 901 1100 925 ,
1129 861 1269 932 quod
1297 871 1355 917 ut
1385 864 1688 920 hominibus
1719 867 1822 922 tuis
1841 909 1857 935 ,
1891 869 1943 924 in

356 949 422 1004 iis
452 949 630 1016 rebus,
663 950 717 1005 in
761 949 951 1021 quibus
989 967 1175 1006 eorum
1210 967 1370 1022 opera
1402 954 1556 1009 nobis
1586 972 1721 1026 opus
1760 958 1941 1025 fuerit,

352 1042 612 1097 arbitratu
660 1051 845 1097 nostro
884 1043 1246 1112 imperemus,
1302 1046 1456 1100 nobis
1497 1048 1808 1104 concessisti
1843 1067 1856 1103 :
1889 1051 1943 1106 id

353 1144 535 1190 autem
563 1134 707 1205 quod
735 1151 1056 1206 magnopere
1076 1138 1476 1207 expetebamus,
1502 1140 1654 1196 nobis
1677 1142 1939 1212 eripuisti,

353 1226 458 1282 hoc
493 1235 597 1294 est,
629 1227 813 1282 literas
841 1236 979 1294 tuas,
1003 1245 1122 1299 qure
1151 1245 1248 1285 nos
1274 1230 1343 1286 de
1375 1241 1460 1286 tua
1498 1234 1798 1289 valetudine
1818 1252 1940 1291 cer-

353 1319 517 1373 tiores
559 1319 832 1374 facerent?
870 1320 953 1375 An
999 1322 1174 1375 nescis
1219 1322 1320 1378 hoc
1363 1323 1448 1390 iis,
1507 1326 1594 1395 qui
1636 1327 1938 1398 sincerissi-

351 1425 440 1466 me
469 1419 691 1478 amant,
741 1424 965 1466 summa!
1016 1427 1161 1469 curae
1205 1425 1364 1486 atque
1405 1417 1681 1486 cupiditati
1711 1434 1852 1484 esse,
1883 1432 1940 1475 ut

353 1517 492 1558 nunc
520 1517 736 1574 quoque
765 1504 918 1560 nobis
943 1505 1076 1561 est?
1113 1507 1470 1582 Quamobrem
1507 1510 1553 1564 si
1589 1512 1742 1566 nobis
1773 1514 1939 1583 grati-

351 1595 496 1652 ﬁcari
527 1605 610 1651 est
633 1597 864 1663 animus,
889 1599 1334 1654 reverendissime
1369 1601 1440 1654 mi
1461 1600 1697 1665 domine.
1729 1603 1935 1670 desine,

349 1704 553 1759 quaeso,
582 1690 687 1744 tuis
707 1688 1014 1745 hominibus
1053 1692 1318 1761 imperare
1344 1734 1358 1758 ,
1392 1702 1452 1748 ut
1493 1693 1646 1748 nobis
1674 1695 1724 1748 in
1754 1696 1818 1748 iis
1847 1710 1935 1750 re-

348 1781 469 1846 bus,
498 1782 690 1853 quibus
718 1797 911 1852 corpus
938 1792 1080 1854 eget,
1107 1784 1398 1839 inserviant
1430 1803 1444 1838 :
1479 1801 1650 1856 neque
1675 1787 1818 1842 enim
1850 1786 1935 1843 his

348 1874 512 1930 rebus
553 1874 660 1928 ullo
688 1875 848 1929 modo
888 1875 1220 1945 indigemus,
1250 1877 1448 1949 quippe
1483 1886 1607 1932 cum
1637 1879 1817 1934 omnia
1842 1897 1939 1934 nn-

347 1967 431 2021 bis
455 1965 676 2036 perinde
705 1975 864 2037 atque
891 1982 920 2020 a
951 1966 1098 2023 fonte
1117 1968 1336 2023 afﬂuant
1360 1985 1374 2034 ;
1401 1985 1587 2025 verum
1615 1971 1727 2042 ipse
1753 1974 1929 2027 maxi-

349 2073 495 2132 mum
537 2057 693 2112 nobis
740 2057 1082 2125 beneﬁcium,
1111 2059 1360 2130 quodque
1405 2062 1661 2132 consequi
1700 2077 1936 2117 summo-

350 2129 479 2218 pere
503 2149 782 2217 cupimus,
814 2165 913 2220 per
939 2150 1186 2220 exiguam
1218 2152 1456 2205 chartam
1489 2161 1543 2206 et
1577 2163 1934 2209 atramentum

348 2240 549 2310 praibe.
573 2240 629 2296 ld
659 2255 820 2311 porro
846 2250 948 2308 est,
992 2251 1050 2295 ut
1076 2240 1145 2297 de
1187 2251 1274 2296 tua
1317 2242 1582 2312 totiusque
1612 2251 1715 2298 tua:
1743 2243 1934 2300 domus

350 2333 657 2389 valetudine
683 2349 780 2388 nos
809 2350 966 2404 quam
989 2333 1284 2402 saepissime
1307 2333 1564 2389 certiores
1592 2335 1772 2390 facias.
1802 2335 1932 2390 Nam

345 2425 393 2479 si
423 2423 538 2480 ﬁeri
567 2432 770 2494 posset,
805 2433 862 2478 ut
887 2429 985 2479 n‘os
1015 2440 1228 2495 quoque
1257 2435 1440 2480 mutuo
1469 2441 1760 2496 congressu
1788 2426 1934 2482 frue-

344 2532 551 2584 remur,
582 2519 753 2572 etiam-
775 2517 998 2586 teipsum
1028 2534 1058 2572 e
1080 2517 1241 2572 domo
1264 2521 1603 2586 exeitassem,
1633 2529 1793 2590 atque
1820 2535 1933 2574 am-

346 2610 574 2678 plissimi
605 2609 851 2664 beneﬁcii
882 2609 1002 2663 loco
1027 2609 1122 2664 abs
1152 2617 1204 2663 te
1240 2608 1568 2678 petivissem,
1613 2619 1668 2664 ut
1699 2619 1750 2666 te
1785 2620 1932 2665 tanto

343 2701 519 2756 nostri
543 2715 725 2755 amore
755 2699 1065 2771 flagrantem
1105 2701 1275 2756 oculis
1307 2717 1519 2773 quoque
1543 2705 1769 2758 cernere
1801 2703 1930 2759 mihi

345 2791 552 2848 liceret.
579 2793 839 2860 Quoniam
866 2801 1047 2848 autem
1076 2792 1377 2857 Isaurorum
1400 2803 1595 2849 metus
1624 2795 1728 2851 hoc
1747 2795 1931 2866 prohi-

341 2885 497 2951 buit,
526 2899 643 2940 eam
679 2885 868 2940 saltem
895 2885 1356 2951 consolationem,
1389 2903 1546 2956 quam
1593 2889 1758 2943 litera:
1803 2890 1932 2943 affe-

342 2987 492 3043 runt,
523 2979 738 3047 copiose
765 2977 919 3033 nobis
956 2977 1134 3047 praebe
1171 2993 1183 3029 :
1227 2977 1385 3047 idque
1418 2979 1568 3034 nobis
1611 2980 1779 3034 instar
1807 2995 1928 3035 om-

340 3073 492 3126 nium
528 3081 648 3126 erit.

539 3203 796 3259 LXXVI.
828 3204 1123 3260 Chalcidiw.
1157 3205 1387 3278 (Cucuso
1427 3222 1567 3261 anno
1593 3208 1758 3287 401.)-

413 3339 677 3410 Equidem
721 3340 993 3394 dominum
1037 3355 1215 3396 meum
1242 3341 1749 3399 reverendissimum
1777 3359 1927 3414 pres-

337 3433 588 3504 byterum
619 3434 896 3489 nobiscum
927 3448 1048 3488 esse
1076 3433 1423 3490 vehementer
1466 3436 1642 3504 cupio.
1682 3437 1774 3492 Sin
1827 3453 1926 3492 au-

337 3538 450 3582 tem
494 3529 665 3597 ipsum
712 3527 848 3582 istuc
894 3527 1156 3597 proﬁcisci
1182 3527 1522 3582 commodum
1550 3543 1669 3584 esse
1698 3545 1923 3596 censes,

333 3637 465 3676 cum
517 3621 743 3691 periculi
799 3631 942 3676 metu
985 3636 1209 3688 carere,
1241 3631 1400 3692 atque
1429 3633 1653 3693 urgente
1697 3626 1926 3681 tumultu

334 3714 578 3788 liberari,
601 3730 758 3784 quam
808 3713 895 3769 hic
941 3729 1064 3769 esse
1110 3716 1270 3770 malo.
1300 3715 1661 3784 Quamobrem
1700 3734 1767 3774 ne
1795 3719 1925 3773 illud

255 3829 261 3832 -
332 3792 634 3871 existimes,
659 3806 828 3876 ipsum
855 3822 884 3861 a
912 3807 1066 3861 nobis
1087 3807 1381 3876 prohiberi,
1409 3808 1456 3862 si
1483 3809 1748 3878 proﬁcisci
1775 3811 1922 3866 velit.

332 3897 504 3954 Nobis
525 3899 668 3954 enim
700 3913 820 3953 eum
851 3899 1028 3954 adhuc
1055 3900 1320 3955 retinendi
1349 3915 1510 3955 causa
1541 3916 1602 3956 ea
1635 3901 1751 3965 fuit,
1781 3905 1922 3974 quod

331 3988 539 4058 negotii
580 3997 770 4043 natura
810 3989 976 4058 ipsius
1007 3989 1345 4058 praesentiam
1374 4005 1478 4044 non
1523 3991 1808 4046 admodum
1837 4009 1924 4048 re-

331 4082 576 4150 quireret
603 4098 617 4136 :
649 4089 808 4151 atque
832 4081 958 4136 item
990 4095 1076 4148 ea,
1104 4081 1246 4150 quod
1277 4097 1345 4137 ne
1370 4083 1421 4136 in
1466 4081 1770 4138 Isaurorum
1811 4100 1923 4138 ma-

332 4187 442 4228 nus
493 4170 630 4227 forte
675 4173 916 4238 caderet,
963 4183 1344 4230 metueremus.
1373 4176 1526 4242 Quod
1557 4177 1600 4230 si
1632 4192 1752 4232 eum
1786 4178 1922 4234 istuc

331 4264 605 4334 proﬁcisci
638 4274 743 4320 tam
772 4267 927 4321 valde
953 4280 1172 4322 necesse
1199 4276 1302 4330 est,
1334 4281 1455 4321 eum
1481 4276 1536 4321 et
1562 4282 1841 4324 monemus
1868 4279 1923 4324 et

329 4356 635 4420 hortamur,
665 4366 722 4410 ut
767 4356 868 4411 iter
905 4357 1179 4426 suscipiat.
1209 4359 1463 4424 Quamvis
1507 4359 1651 4414 enim
1696 4375 1921 4431 corpore

326 4444 698 4516 sejungamur,
733 4457 907 4502 tamen
939 4448 1176 4504 caritatis
1221 4450 1448 4505 vinculis
1475 4467 1687 4521 semper
1705 4468 1828 4507 cum
1855 4469 1920 4506 eo

326 4536 574 4593 devincti
596 4553 799 4594 sumus.
828 4540 905 4594 Te
932 4551 1110 4596 autem
1151 4554 1248 4596 oro
1272 4582 1286 4606 ,
1315 4557 1383 4597 ne
1423 4543 1549 4613 quid
1578 4559 1762 4599 earum
1799 4560 1917 4598 mo-

329 4629 633 4694 lestiarum,
660 4646 779 4700 qua:
805 4631 1077 4695 eveniunt,
1120 4632 1357 4686 animum
1383 4643 1530 4687 tuum
1560 4644 1914 4712 commoveat.

325 4717 467 4773 Nam
499 4736 604 4788 quo
635 4721 816 4789 plures
844 4737 933 4776 res
958 4722 1198 4777 adversa:
1225 4731 1368 4788 sunt,
1401 4737 1468 4777 eo
1507 4739 1720 4794 quoque
1747 4724 1919 4792 major

323 4813 429 4866 tibi
475 4824 710 4882 quaastus
755 4825 918 4884 atque
963 4814 1179 4869 uberior
1217 4829 1427 4870 merces
1465 4830 1494 4868 a
1534 4816 1764 4886 benigno
1809 4816 1918 4870 Deo

321 4903 674 4972 rependetur,
699 4905 742 4958 si
773 4920 834 4959 ea
866 4921 985 4974 quae
1029 4905 1276 4960 accidunt
1299 4945 1316 4970 ,
1346 4913 1502 4974 grato
1549 4921 1612 4960 ac
1649 4921 1915 4976 generoso

323 4995 514 5048 animo
543 4993 701 5050 feras.
732 4995 841 5050 Hac
869 4997 1010 5050 enim
1036 4998 1242 5052 ratione
1261 5007 1315 5053 et
1343 5002 1456 5052 ltmc
1487 4997 1694 5052 facilius
1715 5012 1908 5066 super-

325 5089 408 5142 ari
435 5097 700 5156 poterunt,
726 5099 780 5143 et
806 5091 1005 5144 fructus
1036 5092 1082 5145 is
1123 5092 1212 5161 qui
1239 5107 1302 5146 ex
1336 5091 1525 5146 horum
1563 5094 1911 5163 perpessione

327 5193 392 5232 ac
418 5178 696 5233 tolerantia
718 5180 809 5234 tibi
839 5182 888 5235 in
919 5183 1063 5236 caelis
1092 5195 1454 5253 comparatur,
1478 5184 1704 5253 amplior
1740 5193 1794 5238 et
1819 5199 1913 5238 co-

324 5268 676 5337 piosiorerit,
721 5271 996 5338 multoque
1049 5275 1221 5342 major
1273 5288 1430 5343 quam
1489 5274 1818 5328 calamitates
1857 5285 1911 5330 et

327 5362 619 5430 :rut-iatus,
649 5377 787 5433 quos
831 5363 1059 5418 subiisti.

812 5494 1101 5552 LXXVII.
1162 5498 1479 5568 Asyncritiaz.

407 5629 576 5686 Etiam
602 5633 826 5688 antehac
854 5629 982 5686 illud
1013 5629 1107 5685 tibi
1136 5645 1227 5700 per
1254 5631 1435 5691 literas
1463 5633 1902 5706 signiﬁcavtmus,

673 5744 936 5806 Pirum.
988 5748 1104 5806 (in.
1159 5751 1278 5818 Hi.

1816 206 2194 265 EPISTOLE.

3540 236 3644 293 650

2058 339 2157 380 nos
2187 335 2258 392 te,
2286 336 2543 397 quantum
2573 332 2640 388 ad
2679 334 2957 392 caritatem
2987 339 3210 406 attinet,
3242 344 3296 398 iu
3325 359 3510 404 eorum
3549 352 3639 421 qui

2055 417 2121 471 ad
2153 432 2252 473 nos
2292 434 2551 478 venerunt
2578 441 2804 482 numero
2844 443 3108 499 reponere
3148 448 3164 485 :
3195 443 3250 490 et
3289 453 3432 494 nunc
3455 417 3641 499 rursus

2055 505 2195 561 istud
2225 508 2399 577 ipsum
2427 512 2677 582 dicimus,
2703 517 2952 574 nimirum
2975 529 3028 577 te
3065 523 3246 580 animo
3275 541 3339 581 ae
3360 529 3637 589 voluntate

2052 601 2285 656 venisse.
2312 603 2465 671 Quod
2510 608 2554 660 si
2581 611 2825 679 corporis
2877 611 3274 682 imbecillitate,
3304 635 3367 674 ac
3398 626 3642 681 tumulti-

2051 692 2150 746 bus
2195 694 2262 749 iis
2290 696 2380 764 qui
2410 698 2718 754 Armeniam
2757 702 3093 772 invaserunt,
3128 709 3393 777 prohibita
3415 726 3513 769 es:
3540 731 3640 772 nos

2052 793 2233 841 tamen
2264 803 2332 842 ex
2364 797 2452 842 tua
2485 792 2765 850 voluntate
2801 797 3074 867 animique
3101 803 3366 857 sententia
3403 803 3545 861 idem
3570 807 3642 863 de
3671 796 3677 804 ’

2051 887 2139 932 tua
2171 879 2540 936 benevolentia
2565 884 2823 952 judicium
2857 888 3134 957 habemus,
3163 894 3305 963 quod
3350 896 3496 964 prius
3540 897 3637 952 lia-

2050 970 2282 1026 buimus.
2312 973 2489 1042 Quare
2537 993 2606 1033 ue
2643 994 2801 1048 quam
2848 982 3156 1051 saepissime
3180 986 3247 1040 ad
3275 1002 3373 1042 nos
3403 989 3642 1048 scribere

2049 1065 2309 1136 negligas,
2345 1083 2569 1139 nosque,
2604 1072 2924 1129 morbumne
2953 1074 3247 1144 depuleris,
3280 1090 3334 1134 et
3364 1097 3466 1150 qua
3495 1082 3640 1139 valeo

2049 1156 2229 1213 tudine
2246 1159 2340 1226 sis,
2368 1161 2625 1217 certiores
2646 1161 2844 1220 facere.
2875 1166 3315 1238 Quandoquidem
3345 1187 3489 1228 nunc
3519 1189 3635 1228 ma-

2045 1261 2207 1316 gnum
2245 1251 2424 1306 animo
2444 1251 2681 1308 dolorem
2709 1256 3030 1326 accepimus,
3056 1273 3174 1313 cum
3208 1269 3258 1315 te
3286 1277 3484 1332 mgram
3514 1279 3638 1320 esse

2048 1339 2426 1399 intelleximus.
2456 1344 2836 1414 Quamobrem,
2870 1364 2937 1404 ne
2976 1349 3044 1405 (le
3072 1351 3171 1406 hac
3214 1368 3274 1408 re
3309 1353 3634 1420 laboremus,

2049 1430 2131 1484 fac
2153 1433 2314 1488 velim
2345 1450 2504 1505 quam
2535 1437 2798 1494 citissime
2843 1441 3076 1498 sciamus
3105 1458 3230 1498 num
3271 1461 3302 1500 e
3354 1447 3543 1504 morbo
3570 1450 3634 1504 ad

2044 1523 2324 1579 sanitatem
2355 1526 2600 1582 redieris.

2045 1658 2196 1714 LXX
2209 1660 2372 1715 VIII.
2398 1663 2630 1719 Romano
2665 1670 2974 1740 presbytero.
3007 1668 3027 1742 (
3057 1670 3268 1728 Cucuso
3305 1688 3447 1730 anno
3480 1675 3632 1747 405.)

2115 1791 2228 1846 Νοη
2274 1793 2326 1847 in
2355 1797 2660 1851 Armeniam
2702 1797 2975 1855 dumtaxat
3004 1810 3057 1856 et
3091 1801 3505 1873 Cappadociam,
3536 1807 3631 1862 sed

2041 1882 2201 1936 etiam
2232 1883 2441 1954 longius
2470 1888 2706 1942 Caritatis
2731 1899 2835 1943 tua:
2864 1899 3022 1961 atque
3043 1890 3447 1963 benevolentiae,
3471 1913 3630 1967 quam

2043 1985 2254 2044 semper
2279 1989 2403 2046 erga
2444 1991 2542 2031 nos
2586 1980 2878 2048 prmstitisti
2901 2021 2917 2047 ,
2949 1983 3136 2052 quavis
3161 1985 3286 2040 tuba
3318 1986 3634 2044 luculentior

2041 2063 2179 2118 fama
2195 2068 2450 2135 pervasit.
2471 2068 2832 2138 Quamobrem
2863 2087 2961 2128 nos
2979 2084 3191 2146 queque
3215 2076 3284 2131 ob
3305 2085 3450 2132 tuam
3474 2080 3629 2134 istam

2047 2155 2478 2214 benevolentiam
2509 2175 2833 2232 magnopere
2861 2163 3172 2233 gloriamur,
3196 2182 3295 2222 nec
3321 2176 3373 2222 te
3417 2169 3634 2224 laudare

2042 2248 2464 2305 intermittimus.
2511 2250 2589 2306 Ttt
2619 2267 2748 2307 vero
2770 2253 2838 2307 de
2865 2262 2952 2308 tua
2992 2255 3298 2312 valetudine
3340 2273 3496 2328 quam
3530 2275 3629 2313 sre-

2040 2338 2277 2409 pissime,
2310 2355 2513 2410 quaeso,
2543 2340 2610 2396 ad
2641 2357 2742 2396 nos
2769 2343 2995 2398 scribas.
3025 2343 3157 2399 Nam
3189 2346 3313 2401 licet
3343 2349 3397 2402 in
3427 2348 3623 2404 solitu-

2039 2430 2197 2497 dine,
2227 2446 2292 2486 ac
2330 2434 2514 2503 procul
2557 2449 2586 2487 a
2637 2435 2788 2491 vobis
2825 2437 3018 2493 remoti
3058 2438 3258 2506 simus,
3291 2449 3344 2494 at
3388 2442 3626 2498 caritatis

2041 2535 2216 2582 tamen
2247 2537 2433 2582 eatena
2469 2538 2640 2584 tecum
2668 2529 2902 2586 devincti
2932 2547 3136 2598 sumus,
3165 2535 3406 2590 eamdem
3437 2537 3628 2592 videli-

2039 2630 2148 2687 cet,
2167 2635 2325 2690 quam
2356 2621 2481 2676 olim
2515 2631 2675 2692 atque
2696 2623 2765 2678 ab
2794 2624 2944 2680 initio
2972 2641 3094 2695 erga
3123 2635 3174 2681 te
3201 2627 3628 2684 benevolentiam

2037 2727 2148 2782 pra:
2188 2713 2342 2768 nobis
2369 2715 2610 2782 tulimus,
2659 2717 2766 2770 imo
2799 2717 2961 2772 etiam
3010 2719 3271 2789 majorem
3320 2735 3384 2776 ac
3417 2723 3628 2779 ferven-

2039 2805 2228 2858 tiorem
2266 2819 2405 2860 nunc
2447 2805 2722 2862 habentes.
2762 2807 2870 2863 Nec
2919 2809 3062 2864 enim
3107 2822 3198 2866 aut
3227 2815 3482 2883 temporis
3506 2814 3630 2870 diu-

2038 2895 2282 2960 turnitas,
2311 2905 2403 2949 aut
2451 2896 2550 2950 viae
2601 2896 2898 2968 longitudo,
2944 2901 3219 2972 segniores
3269 2904 3336 2959 ad
3365 2920 3482 2960 eam
3510 2922 3626 2962 rem

2035 3001 2136 3041 nos
2191 2985 2443 3053 reddidit,
2487 2987 2594 3042 imo
2643 2990 2804 3044 etiam
2857 2992 3095 3047 acriores
3129 3007 3193 3048 ac
3237 2993 3621 3066 diligentiores.

2036 3074 2162 3131 Haec
2189 3076 2348 3147 igitur
2376 3092 2496 3131 cum
2530 3079 2751 3134 minime
2779 3081 3014 3152 ignores,
3043 3082 3261 3140 domine
3277 3085 3350 3140 mi
3375 3102 3626 3143 reveren-

2035 3166 2251 3222 dissime
2273 3182 2336 3222 ac
2372 3167 2772 3238 religiosissime
2797 3211 2813 3238 ,
2841 3182 3091 3241 quantam
3119 3175 3477 3232 crebrioribus
3523 3180 3624 3232 tuis

2034 3256 2203 3312 literis
2245 3259 2472 3328 gratiam
2517 3274 2548 3313 a
2577 3261 2733 3315 nobis
2761 3261 2990 3317 initurus
3012 3264 3106 3330 sis,
3137 3273 3313 3320 tecum
3345 3277 3618 3338 reputans,

2035 3348 2102 3402 de
2128 3358 2216 3402 tua
2239 3350 2544 3405 valetudine
2572 3351 2639 3405 ad
2668 3366 2766 3407 nos
2791 3353 2994 3409 scribas
3022 3357 3202 3424 velim,
3229 3373 3292 3414 ac
3321 3362 3620 3430 praesertim

2035 3439 2088 3504 in
2120 3441 2225 3496 tuis
2249 3442 2449 3497 sanctis
2484 3443 2730 3512 precibus
2778 3447 3090 3502 memoriam
3127 3451 3296 3505 nostri
3349 3467 3418 3507 ne
3461 3453 3624 3508 inter-

2035 3531 2218 3586 mittas
2250 3548 2264 3584 :
2297 3547 2424 3602 quo,
2454 3532 2578 3588 licet
2607 3541 2754 3589 tanto
2784 3535 3066 3593 intervallo
3106 3539 3203 3596 abs
3247 3551 3303 3594 te
3324 3541 3575 3612 disjuncti
3602 3586 3618 3611 ,

2033 3623 2299 3694 ingentem
2332 3635 2505 3680 tamen
2535 3625 2658 3681 hinc
2678 3641 2833 3697 opem
2861 3638 2916 3683 et
2950 3631 3201 3685 auxilium
3227 3633 3574 3702 accipiamus.

2103 3755 2361 3810 LXXIX.
2397 3755 2643 3813 Gemello.
2690 3760 2934 3831 (Cuc‘uso
2964 3777 3105 3816 anno
3131 3763 3233 3818 404
3262 3763 3340 3818 vel
3371 3764 3525 3836 403.)

2101 3893 2360 3972 Quidnam
2414 3893 2515 3948 hoc
2551 3905 2653 3962 est,
2683 3905 2738 3949 ut
2765 3911 2886 3951 cum
2916 3905 3059 3954 tanta
3107 3909 3317 3973 tamque
3361 3906 3614 3974 praeclara

2029 3983 2215 4038 civitas
2234 3984 2557 4039 luculentum
2580 3985 2773 4040 festum
2795 3996 2918 4058 agat
2939 3988 2957 4059 (
2981 3991 3057 4044 sic
3082 3993 3224 4048 enim
3251 3995 3616 4066 magistratum

2032 4084 2176 4128 tuum
2206 4084 2364 4144 atquc
2390 4075 2670 4146 imperium
2700 4077 2880 4149 voco),
2914 4090 3024 4136 tum
3055 4090 3110 4137 tu
3136 4083 3389 4143 diuturno
3428 4097 3519 4144 tuo
3547 4093 3619 4145 si»

2027 4167 2192 4221 lentio
2224 4167 2479 4236 majorem
2509 4169 2663 4224 nobis
2695 4173 3005 4226 maestitiam
3039 4176 3308 4231 attuleris?
3327 4179 3403 4233 Ac
3427 4181 3472 4234 si
3495 4181 3621 4251 qui-

2027 4257 2148 4312 dem
2175 4260 2310 4313 alius
2340 4260 2604 4329 quispiam
2627 4275 2658 4316 e
2687 4262 2846 4332 vulgo
2868 4273 3036 4332 esset,
3071 4267 3156 4321 cui
3184 4267 3286 4322 hoc
3308 4270 3620 4338 accidisset,
3684 4258 3686 4261 ’

2027 4369 2470 4423 eausamquoque
2500 4355 2648 4410 nullo
2674 4358 2891 4426 negotio
2922 4360 3264 4415 invenissem.
3295 4361 3578 4430 Quanttan
3601 4394 3614 4404 ο

2026 4444 2146 4499 dem
2185 4443 2340 4498 istam
2367 4444 2392 4498 ?
2431 4443 2620 4501 Solent
2646 4447 2884 4517 plerique
2915 4450 3239 4518 mortalium,
3263 4467 3384 4507 cum
3406 4453 3472 4508 ad
3494 4470 3613 4509 ωεσ-

2021 4535 2193 4604 jorem
2223 4536 2534 4607 dignitatem
2568 4541 2929 4608 pervenerint,
2967 4543 3175 4600 animos
3218 4559 3431 4616 quoque
3457 4546 3615 4601 simul

2027 4628 2270 4683 attollere
2304 4669 2318 4693 ,
2352 4643 2415 4682 ac
2441 4629 2673 4698 majores
2699 4631 2918 4699 spiritus
2946 4647 3160 4688 sumere
3189 4652 3202 4687 :
3248 4645 3302 4688 at
3345 4637 3397 4690 in
3430 4646 3479 4692 te
3523 4640 3611 4706 qui

2024 4721 2390 4792 philosophari
2432 4722 2557 4789 sris,
2595 4735 2660 4776 ac
2688 4725 3009 4778 caducarum
3039 4725 3224 4780 harum
3263 4735 3318 4782 et
3347 4728 3611 4799 fragilium

2023 4827 2202 4867 rerum
2235 4823 2478 4868 naturam
2499 4816 2740 4885 apprime
2770 4817 2931 4882 nosti,
2955 4832 3055 4872 nec
3084 4817 3220 4873 fucis
3243 4833 3305 4874 ac
3325 4821 3611 4890 pigmentis

2021 4908 2283 4976 deciperis
2308 4947 2323 4972 ,
2351 4922 2538 4962 verum
2583 4922 2672 4962 res
2711 4907 2855 4978 ipsas
2898 4909 3061 4964 larvis
3106 4926 3302 4965 vacuas
3353 4913 3612 4984 perspicis

2020 5007 2177 5068 atque
2198 4996 2597 5062 animadvertis,
2628 4997 2826 5052 silentii
2851 5013 3064 5054 causam
3101 5003 3338 5072 reperire
3378 5020 3604 5074 nequeo.

2022 5089 2089 5144 Et
2112 5090 2325 5160 quidem
2361 5089 2491 5146 illud
2518 5106 2616 5161 pro
2640 5102 2787 5146 certo
2829 5091 3025 5158 habeo,
3057 5110 3143 5149 me
3167 5111 3320 5166 teque
3341 5111 3405 5151 ac
3439 5099 3606 5168 prius,

2020 5180 2128 5234 imo
2147 5182 2304 5234 etiam
2328 5180 2496 5251 magis
2521 5197 2678 5251 quam
2701 5190 2826 5236 ante
2852 5183 2948 5238 abs
2981 5193 3030 5239 te
3057 5185 3246 5240 amari.
3265 5187 3400 5255 Quid
3429 5198 3608 5244 autem

2019 5273 2108 5336 sit,
2141 5274 2522 5344 quamobrem,
2551 5290 2673 5328 cum
2722 5275 2823 5329 hoc
2853 5291 2979 5346 erga
3007 5292 3094 5332 me
3133 5279 3314 5333 animo
3343 5282 3437 5344 sis,
3470 5293 3610 5346 tam-

2019 5364 2108 5417 diu
2132 5364 2380 5431 tacueris,
2409 5364 2592 5420 dicere
2618 5380 2826 5436 nequeo
2875 5368 3028 5422 :imo
3081 5368 3184 5423 hoc
3233 5386 3446 5442 quoque
3492 5375 3608 5444 ipso

2019 5457 2312 5522 pnescrtim
2359 5455 2581 5510 nomine
2638 5457 2836 5512 ltwreo.
2888 5458 3064 5524 Quare
3126 5461 3267 5516 istud
3337 5464 3604 5532 aenigma,

2017 5547 2117 5600 nisi
2149 5562 2310 5616 grave
2334 5562 2401 5604 ac
2435 5548 2722 5605 molestum
2757 5558 2842 5605 est
2863 5591 2880 5619 ,
2906 5549 3061 5606 nobis
3099 5553 3256 5608 velim
3290 5570 3384 5625 per
3422 5554 3606 5610 literas

1975 5697 1987 5710 δ
2017 5639 2270 5708 explices.
2295 5639 2472 5712 Atque
2495 5642 2656 5699 etiam
2682 5650 2806 5700 ante
2830 5643 2973 5714 ipsas
2997 5644 3181 5701 literas
3219 5660 3333 5714 eos,
3361 5645 3447 5717 qui
3469 5645 3605 5700 hanc

3176 5753 3246 5809 Π
