4058 6218
497 243 595 301 ﬁlii

494 355 784 430 epistolam
811 353 882 413 ad
909 363 964 411 te
987 350 1267 426 perferunt
1286 389 1305 415 ,
1338 347 1441 404 hoc
1459 353 1573 414 est,
1596 342 1864 401 dominum
1890 356 2062 399 meum

497 450 1010 510 reverendissitnum
1059 453 1119 503 et
1158 437 1617 513 religiosissimum
1664 436 2020 508 presbyterum
2047 472 2063 500 ,

495 547 773 620 ipsiusque
797 542 1044 605 comites.
1075 538 1234 606 doce,
1263 534 1318 591 id
1347 532 1490 607 quod
1515 530 1664 587 nobis
1700 529 1827 601 ipsis
1852 542 2064 599 persna-

495 657 616 700 sum
645 650 751 708 est,
781 650 978 707 nempe
1016 633 1122 688 hoc
1172 640 1320 687 tuum
1371 625 1634 684 silentium
1681 639 1711 678 a
1754 620 2063 692 negligentia

503 752 616 795 non
643 733 888 792 ﬂuxisse.
921 717 1056 785 Nam
1084 726 1131 782 si
1157 724 1259 781 hoc
1280 722 1491 787 dixeris,
1518 722 1643 776 satis
1672 717 1722 772 id
1746 716 1866 784 erit,
1886 722 1943 770 ut
1966 712 2060 785 ipsi

500 830 732 888 comiter
755 840 820 883 ac
853 823 1083 895 benigne
1107 837 1138 877 a
1166 829 1217 875 te
1240 816 1579 887 excipiantur.

683 937 913 999 LXXX.
964 935 1212 993 Firmino.
1242 929 1490 1007 (Cucuso
1515 942 1651 984 anno
1668 921 1814 995 404.)

583 1062 665 1120 Ad
694 1070 1037 1133 congressum
1065 1060 1225 1119 tuum,
1243 1060 1431 1119 magno
1456 1042 1606 1098 nobis
1632 1039 1821 1095 damno
1845 1033 2057 1092 morbus

514 1170 642 1216 tuus
664 1155 763 1212 fuit
790 1126 907 1209 :vad
954 1148 1223 1205 caritatem
1269 1152 1443 1197 autem
1469 1150 1536 1192 ne
1567 1131 1822 1189 tantillum
1848 1126 2056 1200 quidem

498 1246 814 1313 detrimenti
844 1242 1038 1301 attulit.
1070 1238 1200 1295 Nam
1231 1234 1308 1309 (α)
1333 1230 1417 1288 vel
1455 1225 1621 1285 semel
1645 1234 1695 1281 te
1721 1220 2058 1285 convenisse,

504 1346 636 1405 'latis
656 1354 926 1416 superque
961 1332 1060 1393 fuit
1095 1330 1162 1389 ad
1197 1328 1559 1387 vehementem
1599 1319 1671 1376 tui
1718 1329 1947 1372 amorem
2008 1313 2062 1367 in

509 1439 699 1500 :nimis
727 1406 926 1492 nostris
951 1425 1222 1487 ciendum.
1252 1418 1418 1491 Hujus
1449 1423 1621 1473 autem
1651 1409 1729 1467 rei
1761 1422 1917 1464 causa
1954 1406 2064 1476 ipse

505 1531 671 1599 luisti,
696 1527 786 1601 qui
830 1525 897 1580 ab
933 1522 1061 1597 ipsis
1096 1516 1257 1575 initiis
1289 1512 1552 1583 ingentem
1580 1520 1641 1561 ac
1668 1515 1801 1574 pene
1826 1500 2063 1555 insanum

701 1587 1079 1687 dmoremprae
1120 1619 1172 1666 te
1199 1604 1389 1671 tulisti,
1422 1614 1520 1657 nec
1539 1611 1656 1664 nos,
1684 1602 1741 1650 ut
1765 1590 1961 1648 diutius
1988 1587 2064 1643 tui

498 1717 798 1795 perieulum
836 1712 1162 1771 faceremus,
1185 1694 1493 1795 exspectare
1532 1703 1721 1795 passim
1767 1699 1860 1792 es,
1883 1695 2065 1786 verum

495 1774 823 1884 adipi-imum
846 1809 1117 1878 aspectum
1149 1810 1247 1853 nos
1283 1789 1490 1864 cepisti,
1520 1780 1929 1850 arctissimisque
1954 1774 2069 1830 vin-

495 1873 633 1961 culis
674 1910 853 1957 tecum
879 1873 1192 1952 astrinxisti.
1231 1886 1354 1944 Ideo
1378 1880 1445 1938 ad
1466 1890 1521 1936 te
1561 1873 1867 1938 scribimus,
1905 1880 2070 1961 eaque

493 1958 831 2068 quie'audire
866 1988 1038 2061 cupis,
1073 1980 1410 2054 exponimus.
1450 1972 1701 2042 Quaenam
1735 1974 1909 2067 autem
1957 1958 2072 2014 haec

489 2053 660 2145 sunt?
685 2086 832 2142 Bona
855 2053 1161 2138 valetudine
1181 2084 1366 2130 sumus
1392 2085 1408 2135 ;
1438 2067 1539 2122 iter
1567 2071 1682 2119 tuto
1700 2053 2067 2117 confecimus;

488 2180 669 2251 quiete
693 2185 852 2247 atque
872 2172 982 2226 otio
1001 2166 1297 2239 gaudemus
1320 2177 1335 2224 ;
1370 2171 1615 2228 magnam
1642 2150 1877 2210 omnium
1903 2147 2069 2202 bene-

485 2242 781 2325 volentiam
795 2260 1134 2320 obtinemus;
1180 2248 1590 2308 iuenarrabilem
1627 2242 1853 2312 denique
1880 2252 2069 2293 conso-

484 2359 739 2414 lationem
768 2349 1112 2424 percipimus.
1136 2343 1306 2400 Nemo
1335 2340 1423 2394 hic
1447 2345 1531 2393 est
1559 2335 1645 2405 qui
1682 2349 1781 2387 nos
1809 2329 2059 2399 exagitet,

474 2460 567 2506 aut
592 2446 749 2505 nobis
768 2418 1053 2513 negotium
1079 2437 1325 2491 facessat.
1371 2427 1510 2498 Quid
1559 2434 1736 2481 autem
1766 2421 1919 2476 nobis
1957 2418 2060 2473 ltoc

475 2547 529 2600 in
569 2541 701 2599 urbe
724 2552 825 2595 usu
851 2532 1063 2591 venisse
1097 2525 1327 2591 miraris,
1374 2535 1497 2578 cum
1543 2518 1702 2572 etiam
1751 2514 1850 2568 iter
1884 2513 2055 2581 ipsum

473 2635 741 2694 tutissime
777 2622 1206 2686 confecerimus“!
1244 2615 1326 2674 'l‘u
1360 2628 1489 2670 vero
1524 2610 1592 2666 de
1616 2607 1718 2663 tuis
1742 2616 1948 2676 quoque
1972 2614 2056 2655 re-

475 2734 577 2788 bus
602 2744 701 2786 nos
725 2726 808 2783 fac
830 2722 1112 2787 certiores,
1129 2724 1186 2772 ut
1203 2706 1648 2789 quemadmodum
1688 2718 1752 2781 ex
1782 2698 1880 2754 hac
1903 2710 2052 2752 eom-

471 2822 867 2883 memoratione
902 2816 1231 2886 voluptatem
1270 2803 1506 2879 cepisti,
1549 2800 1628 2857 sic
1671 2796 1830 2854 etiam
1872 2791 1940 2848 de
1969 2799 2055 2845 tua

467 2914 778 2976 valetudine
815 2881 1078 2967 certiores
1117 2901 1278 2970 facti,
1306 2910 1550 2970 magnam
1601 2888 1835 2947 lmtitiatu
1879 2881 2057 2955 capia-

466 3023 605 3065 mus.
639 3004 750 3061 Nec
774 3002 920 3058 enim
967 3008 1021 3053 te
1067 2994 1221 3065 fugit,
1258 3000 1511 3062 quantam
1544 2984 1628 3050 iis,
1650 2982 1737 3054 qui
1767 2979 1973 3035 sincere
1998 2989 2059 3065 a-

464 3063 614 3153 mare
642 3100 866 3158 norunt,
904 3063 1234 3157 voluptatem
1264 3082 1366 3135 hoc
1390 3076 1592 3146 injiciat
1614 3114 1628 3139 ,
1657 3085 1780 3128 cum
1819 3067 1926 3123 laeti
1958 3063 2057 3123 ali-

460 3187 589 3261 quid
617 3185 687 3242 de
714 3184 815 3251 iis,
841 3192 977 3263 quos
995 3182 1197 3239 amant,
1224 3170 1516 3242 accipiunt.

484 3298 749 3361 LXXXI.
783 3293 1060 3369 Hymetio
1082 3288 1375 3345 Arohiutro.
1404 3282 1640 3354 (Cucuso
1657 3290 1798 3333 anno

527 3366 910 3462 Ntmquamvte
937 3383 1079 3458 apud
1102 3395 1291 3440 omnes
1316 3374 1556 3435 mirificis
1577 3371 1825 3430 laudibus
1859 3366 2050 3424 eﬁ'erre

458 3487 793 3549 desinemus,
846 3489 958 3537 tum
998 3487 1057 3533 ut
1099 3474 1323 3547 mbum
1349 3471 1539 3534 virum,
1574 3474 1685 3523 tum
1710 3472 1769 3521 ut
1786 3467 2047 3532 pra'statt-

460 3579 722 3638 tissimum
768 3570 1060 3633 medicum,
1108 3576 1219 3622 tum
1250 3573 1307 3620 ut
1333 3576 1458 3619 eum
1486 3559 1579 3630 qui
1622 3558 1830 3613 sincere
1869 3564 2049 3609 amare

460 3672 627 3729 novit.
650 3667 785 3727 Nam
813 3679 937 3722 cum
965 3661 1054 3718 hic
1074 3659 1144 3716 de
1169 3656 1358 3714 morbo
1382 3660 1570 3708 nostro
1590 3659 1866 3706 sermones
1892 3642 2046 3700 exei-

461 3772 662 3831 tantur,
682 3760 738 3818 in
763 3752 1026 3831 ejusmodi
1052 3743 1588 3809 eommemorationes
1610 3747 1665 3794 tu
1686 3750 1897 3808 quoque
1916 3732 2046 3788 sub-

460 3869 556 3911 eas
600 3823 827 3909 necesse
854 3855 977 3914 est,
1018 3854 1246 3912 cumque
1287 3834 1389 3909 ipsi
1431 3830 1642 3889 eximia:
1692 3838 1794 3883 tua:
1841 3823 2045 3896 peritiae

459 3959 527 3999 ac
584 3938 972 3999 benevolentiae
1042 3930 1333 4006 periculum
1409 3923 1692 3980 fecerimus
1713 3959 1732 3987 ,
1783 3913 2043 3973 beneficia

457 4033 555 4087 abs
583 4041 634 4088 te
657 4038 876 4099 accepta
895 4028 1059 4083 silere
1085 4040 1194 4081 non
1224 4031 1527 4094 possumus,
1556 4027 1739 4071 verum
1764 4008 1906 4081 apud
1930 4022 2047 4063 om-

456 4134 555 4174 nes
578 4134 641 4173 ea
668 4117 1043 4187 praidicamus,
1074 4114 1365 4167 maximam
1389 4125 1421 4165 a
1448 4107 1604 4165 nobis
1624 4104 1754 4176 ipsis
1783 4102 1883 4157 hac
1907 4100 1960 4155 in
1986 4112 2044 4154 re

453 4207 679 4278 gratiam
725 4206 993 4260 ineuntes.
1030 4203 1258 4256 Tantum
1286 4201 1434 4255 enim
1462 4199 1537 4254 tui
1584 4210 1823 4253 amorem
1851 4190 2043 4248 animis

450 4297 647 4354 nostris
690 4294 941 4366 iujecisti,
988 4300 1046 4349 ut
1085 4289 1293 4348 etiamsi
1338 4288 1479 4345 belle
1518 4289 1813 4352 valeamus,
1852 4296 2043 4354 magno

452 4402 632 4447 tamen
652 4396 893 4462 emptum
918 4385 1168 4450 velimus,
1207 4391 1266 4440 ut
1297 4393 1348 4436 te
1389 4379 1495 4435 huc
1522 4379 1737 4435 trahere
1759 4390 2037 4450 queamus,

450 4491 509 4536 ut
532 4483 618 4541 vel
641 4491 733 4538 tuo
772 4486 1069 4547 conspectu
1092 4475 1196 4533 frui
1222 4474 1402 4531 liceat.
1433 4469 1633 4527 Verum
1659 4468 1909 4538 quoniam
1938 4464 2040 4519 hoc

448 4570 643 4639 partim
656 4569 728 4625 ob
755 4568 964 4624 itineris
980 4564 1370 4630 difﬁcultatem,
1416 4560 1613 4635 partim
1636 4557 1708 4613 ob
1736 4556 2035 4611 Isaurorum

447 4671 646 4717 metum
677 4659 900 4719 difficile
918 4667 1025 4726 est,
1063 4673 1208 4714 nunc
1231 4656 1450 4729 quidem
1483 4655 1584 4710 hoc
1606 4649 1827 4708 minime
1850 4661 2039 4716 aggre-

443 4749 626 4807 dimur
655 4770 669 4809 :
701 4761 759 4807 at
803 4750 933 4809 illud
963 4750 1215 4821 petimus,
1243 4758 1482 4819 utquam
1512 4742 1809 4816 saepissime
1852 4737 2036 4792 literas

442 4841 511 4892 ad
539 4856 639 4896 nos
668 4846 873 4899 mittas.
902 4846 1035 4901 Eam
1059 4843 1226 4909 enim,
1251 4856 1409 4913 quam
1427 4835 1707 4911 praesentia
1731 4833 1846 4905 ipsa
1871 4830 2033 4901 parit.

446 4926 772 4994 voluptatem
798 4933 1167 5003 frequentibus
1207 4935 1378 4992 literis
1407 4932 1560 4989 nobis
1588 4928 1781 4986 aliene
1811 4924 2032 4998 poteris,

442 5025 653 5068 morum
684 5024 894 5075 tuorum
919 5025 1076 5079 melle
1111 5040 1207 5080 eas
1231 5026 1463 5082 illiuens.

511 5116 807 5174 ιχχιη.
835 5125 1088 5193 ονυιετεο.
1147 5132 1396 5203 (Scripta
1422 5133 1615 5189 Cucusi
1641 5146 1784 5186 anno
1806 5126 1958 5198 tos.)

510 5220 697 5278 Brevis
747 5230 960 5296 quidem
1012 5237 1166 5290 nobis
1212 5240 1483 5297 vobiscum
1528 5243 1645 5299 iSIic
1670 5242 1768 5298 fuit
1800 5255 2031 5297 consue-

442 5308 569 5407 tudo
601 5327 615 5360 :
660 5323 713 5363 at
738 5329 909 5407 amor,
938 5325 1027 5407 qui
1054 5324 1179 5377 hinc
1206 5339 1354 5383 ortus
1389 5341 1491 5398 est,
1522 5350 1744 5403 magnus
1786 5344 1839 5388 et
1866 5335 2033 5389 subli-

410 5434 419 5443 .
442 5399 542 5449 mis
556 5408 620 5447 ac
640 5399 1091 5462 prmclarus.Nam
1117 5408 1192 5477 (ὑ)
1206 5408 1271 5464 iis
1292 5417 1381 5480 qui
1398 5399 1810 5478 sincere'amare
1830 5427 2026 5492 sciunt,

442 5504 920 5618 “(gignat
942 5517 1087 5558 antea
1108 5518 1327 5567 mutilum
1344 5528 1649 5579 restituimus
1665 5544 1729 5581 ex
1749 5541 1858 5585 Mss.
1879 5540 2028 5602 Regio

504 5625 578 5691 (ὸ)
610 5633 742 5677 nunc
766 5624 921 5676 locum
941 5632 1012 5673 sic
1033 5628 1334 5683 restinximus
1351 5647 1414 5687 ex
1436 5642 1547 5689 Cod.
1570 5649 1733 5709 Regio,
1755 5664 1903 5712 quem
1919 5664 2027 5710 uni-

1205 235 1264 293 S.
1305 230 1587 292 JOANNIS
1612 225 2076 289 CllRYSOS‘l‘Olll
2114 226 2422 288 AllClllEP.
2463 231 2980 295 CONSTANTINOP.

3610 249 3713 306 652

2170 341 2236 397 ad
2263 357 2377 399 eam
2406 359 2511 401 rem
2537 345 2782 405 diuturno
2811 359 3045 421 tempore
3068 352 3288 414 minime
3321 368 3458 430 opus
3494 368 3600 428 est,
3621 376 3714 417 ve-

2168 449 2286 491 rum
2329 435 2470 495 brevi
2492 448 2659 495 totum
2683 440 2737 497 id
2778 443 2957 512 perlici
2980 454 3170 515 potest.
3198 447 3351 516 Quod
3377 449 3540 507 etiam
3567 449 3717 509 nobis

2170 540 2265 582 usu
2281 528 2430 631 venit
2448 543 2465 582 :
2685 533 2770 602 qui
2796 535 2955 631 vestri
2971 551 3153 594 amore
3164 540 3389 611 perinde
3407 540 3720 612 flagremus,

2167 632 2228 674 ac
2251 620 2295 674 si
2309 620 2613 691 jampridem
2632 633 2858 680 mutuam
2874 626 3014 684 inter
3038 644 3137 685 nos
3160 632 3606 690 consuetudinem
3623 633 3722 690 ha-

2165 708 2471 768 buissemus.
2503 713 2619 771 ideo
2661 714 2724 772 ad
2755 732 2845 772 vos
2870 719 3027 775 etiam
3053 722 3341 780 scribimus
3368 765 3386 792 ,
3428 740 3725 796 rerumque

2162 814 2455 860 nosuarum
2480 815 2664 863 statum
2704 811 3031 879 exponimus,
3062 828 3257 884 nempe
3298 830 3402 871 nos
3437 817 3727 871 commoda

2160 896 2452 953 valetudine
2511 913 2626 954 esse
2650 941 2665 967 ,
2718 910 2870 971 atque
2905 902 2958 957 in
3008 903 3188 973 quiete
3232 915 3288 960 et
3333 906 3450 961 otio
3506 906 3731 977 degere.

2158 982 2265 1044 Nec
2285 989 2420 1050 enim
2455 989 2604 1045 nobis
2640 979 2848 1047 dubititn
2895 1003 2994 1060 est,
3039 996 3167 1066 quin
3220 996 3341 1053 haec
3384 1000 3733 1067 nuntiantes,

2158 1096 2271 1137 rem
2306 1083 2452 1140 vobis
2486 1092 2679 1156 gratam
2705 1086 2883 1141 facturi
2911 1088 3093 1144 simus.
3126 1087 3351 1146 Vestras
3395 1091 3574 1146 etiam
3605 1091 3735 1146 lite-

2161 1187 2246 1228 ras
2267 1174 2490 1231 vicissim
2517 1178 2752 1247 petimus,
2778 1194 2892 1249 qua:
2918 1179 3094 1234 laetum
3116 1181 3373 1237 eumdem
3405 1183 3578 1238 nobis
3603 1198 3740 1237 nun-

2165 1268 2291 1324 tium
2319 1268 2550 1324 afferant.
2585 1269 2910 1347 lgitur_s-.epe
2949 1272 3014 1327 ad
3036 1287 3131 1327 nos
3152 1274 3398 1330 scribere
3429 1290 3508 1331 ne
3536 1292 3743 1347 grave-

2166 1362 2314 1427 mini,
2340 1362 2503 1434 deque
2528 1363 2824 1419 valeludinis
2859 1374 3039 1419 vestne
3068 1375 3210 1421 statu
3258 1367 3388 1422 beta
3437 1371 3747 1425 nuntiam.

2166 1454 2253 1510 Sic
2276 1454 2414 1510 enim
2442 1454 2604 1521 nobis,
2628 1454 2778 1510 etiam
2805 1456 2855 1510 in
2881 1465 3091 1513 externa
3111 1458 3326 1529 regione
3348 1460 3745 1531 degentibus,

2165 1547 2512 1620 gratissimum
2542 1548 2720 1603 facturi
2743 1548 2881 1614 estis,
2903 1564 2962 1604 ea
2980 1549 3279 1617 scribentes,
3303 1567 3430 1623 quae
3454 1552 3759 1625 frequen-

2169 1648 2249 1696 ter
2269 1638 2449 1695 audire
2471 1638 2722 1711 cupimus.

2341 1769 2655 1828 LXXXIII.
2695 1769 2916 1827 Leontio.
2944 1770 3167 1844 (Cueuso
3191 1787 3335 1830 anno
3360 1773 3524 1847 404.)

2240 1910 2458 1967 Civitate
2481 1908 2689 1981 quidem
2712 1917 2885 1965 vestra
2904 1907 3037 1979 pulsi
3060 1923 3265 1975 sumus,
3288 1923 3318 1962 a
3341 1909 3582 1967 caritate
3604 1927 3746 1968 vero

2173 2012 2260 2059 tua
2282 2018 2384 2059 non
2410 2003 2532 2058 item
2558 2000 2709 2072 pulsi.
2741 2000 2864 2055 Illud
2889 1999 3051 2063 enim,
3082 2001 3182 2055 hoc
3205 2010 3290 2056 est
3309 2010 3370 2055 ut
3396 2001 3524 2057 istic
3547 2019 3744 2059 mane-

2173 2108 2370 2159 remus,
2394 2103 2485 2150 aut
2527 2092 2869 2163 ejiceremur,
2900 2092 2952 2146 in
2980 2091 3202 2146 aliorqu
3250 2103 3527 2162 potestate
3570 2095 3741 2150 situm

2169 2198 2286 2247 erat
2310 2204 2326 2242 :
2354 2187 2454 2243 hoc
2476 2196 2648 2242 autem
2669 2187 2724 2252 in,
2750 2194 2947 2240 nostra.
2973 2183 3230 2252 Quocirca
3274 2199 3439 2239 nemo
3467 2185 3525 2241 id
3571 2187 3738 2242 nobis

2166 2296 2414 2352 umquam
2440 2280 2644 2350 eripere
2672 2278 2887 2349 poterit;
2918 2291 3098 2332 verum
3140 2291 3483 2349 quocumque
3509 2280 3735 2347 proﬁci-

2162 2385 2398 2435 scamur,
2441 2369 2675 2424 caritatis
2724 2378 2827 2423 tua:
2878 2367 2980 2421 mel
3027 2381 3236 2436 semper
3269 2366 3732 2433 cireumferimus,

2160 2477 2508 2535 magnamque
2526 2478 2590 2518 ex
2619 2462 2690 2516 tui
2717 2460 3080 2517 recordatione
3103 2461 3430 2529 voluptatem
3453 2462 3727 2532 capimus,

2160 2564 2307 2610 tuum
2325 2568 2449 2624 erga
2465 2568 2565 2609 nos
2588 2565 2845 2618 amorem,
2886 2550 3141 2616 studium,
3168 2550 3531 2620 prudentiam,
3580 2567 3729 2607 com-

2152 2649 2359 2716 itatem,
2386 2646 2816 2717 hospitalitatem,
2859 2643 2959 2698 alia
3003 2643 3232 2714 denique
3256 2645 3433 2699 omnia
3477 2644 3533 2699 in
3559 2661 3730 2701 unum

2155 2747 2426 2811 cogentes,
2456 2746 2662 2808 tuaeque
2685 2735 2893 2791 virtutis
2913 2735 3194 2806 imaginem
3219 2734 3553 2806 efﬁngentes.
3581 2736 3729 2804 Quo.

2156 2830 2298 2886 niam
2326 2830 2484 2901 igitur
2509 2841 2607 2882 nos
2634 2827 2705 2881 ita
2727 2825 3059 2893 demeruisti,
3090 2840 3154 2881 ac
3181 2826 3277 2881 tibi
3305 2826 3626 2895 conciliasti,
3666 2839 3728 2884 ut

2155 2922 2317 2979 etiam
2344 2918 2678 2992 praesentiam
2704 2927 2845 2972 tuam
2887 2917 3147 2987 imprimis
3171 2925 3516 2987 appetamus,
3542 2918 3593 2973 id
3621 2934 3727 2974 au-

2162 3023 2269 3070 tem
2297 3026 2435 3097 nunc
2453 3011 2669 3066 minime
2693 3009 2848 3076 licet,
2878 3008 3296 3064 consolationem
3324 3024 3441 3065 eam
3463 3051 3480 3076 ,
3506 3026 3627 3081 qua:
3653 3026 3722 3065 cx

2158 3109 2325 3166 literis
2366 3109 2680 3180 percipitur,
2726 3106 2882 3161 velim
2919 3106 3071 3161 nobis
3106 3105 3368 3175 praebeas.
3403 3104 3555 3160 .Nam
3596 3121 3721 3161 cum

2157 3211 2297 3257 tanta
2321 3200 2598 3273 prudentia
2632 3199 2725 3263 sis,
2759 3212 2854 3269 per
2893 3195 3198 3268 frequentes
3224 3197 3406 3253 literas
3430 3198 3481 3252 id
3506 3199 3719 3268 assequi

2126 3278 2129 3279 ν
2158 3295 2355 3366 poteris
2387 3302 2443 3349 ut
2486 3292 2804 3362 voluptatem
2833 3304 2974 3353 eam,
3004 3303 3160 3360 quam
3190 3289 3475 3360 prteseutia
3506 3297 3595 3344 tua
3627 3304 3719 3345 se-

2153 3402 2274 3443 cum
2300 3385 2545 3451 accersit,
2572 3382 2724 3439 nobis
2748 3382 2986 3451 efﬁngas.

2326 3515 2561 3576 LXXXI
2577 3516 2635 3572 V.
2677 3514 2940 3572 Faustino.
2971 3514 3201 3586 (Cucuso
3227 3531 3371 3572 anno
3391 3515 3540 3588 404.)

2221 3655 2485 3714 Cucusum
2511 3655 2530 3688 ί
2557 3653 2849 3711 incolumes
2890 3651 3131 3707 venimus
3155 3651 3339 3725 (hinc_
3361 3652 3503 3707 enim
3533 3652 3713 3708 ordior

2148 3765 2287 3815 mur,
2320 3747 2461 3804 unde
2502 3760 2601 3802 nos
2641 3744 2846 3800 initium
2875 3744 3146 3800 scribendi
3192 3744 3368 3800 facere
3394 3742 3579 3816 cupis)
3600 3786 3615 3807 ,
3650 3759 3714 3801 ac

2149 3846 2322 3902 locum
2352 3842 2659 3899 tumultibus
2686 3855 2905 3896 vacuum
2933 3840 3250 3910 reperimus,
3279 3838 3583 3911 quietiSque
3632 3847 3715 3891 at-

2146 3953 2250 4010 que
2274 3937 2369 3993 otii
2396 3935 2780 4007 plenissimum,
2824 3948 2922 3989 nec
2948 3947 3268 4004 quemquam
3314 3932 3594 3988 habentem
3622 3930 3713 4000 qui

2148 4031 2304 4087 nobis
2346 4029 2640 4085 molestiam
2669 4026 2952 4093 exhibeat,
3001 4036 3162 4096 atque
3209 4025 3431 4080 infestus
3459 4025 3546 4078 sit.
3574 4022 3712 4090 Quid

2146 4130 2325 4177 autem
2373 4120 2588 4184 mirum,
2619 4116 2664 4172 si
2695 4116 2797 4172 hoc
2843 4115 2998 4171 nobis
3026 4116 3076 4172 iu
3101 4118 3233 4171 urbe
3256 4116 3542 4185 contingat,
3590 4127 3711 4166 cum

2146 4214 2305 4271 etiam
2348 4209 2768 4268 desertissimum
2796 4223 2859 4264 ac
2900 4208 3251 4277 periculosum
3304 4216 3359 4262 et
3406 4180 3710 4274 suspectum
3752 4180 3769 4193 ’

2146 4307 2268 4371 iter,
2283 4303 2424 4374 quod
2450 4302 2595 4357 illinc
2611 4301 2712 4354 huc
2733 4299 2892 4364 ducit,
2918 4299 3033 4353 sine
3058 4307 3202 4352 metu
3242 4312 3306 4351 ac
3353 4296 3568 4368 negotio
3613 4307 3713 4347 ex-

2142 4396 2427 4468 egerimus,
2458 4394 2756 4462 tutioraque
2806 4390 2987 4445 omnia
3038 4389 3376 4444 habuerimus
3403 4431 3417 4453 ,
3449 4402 3606 4457 quam
3656 4386 3711 4439 in

2142 4487 2359 4545 urbibus
2382 4500 2501 4555 qua:
2521 4482 2674 4537 bouis
2705 4480 2910 4551 legibus
2951 4479 3355 4551 gubernantur?
3383 4478 3515 4534 Laeti
3554 4477 3714 4548 igitur

2141 4577 2300 4651 hujus
2322 4572 2491 4632 nuntii
2533 4571 2834 4630 mercedem
2861 4570 3016 4625 nobis
3043 4570 3179 4624 hanc
3214 4568 3388 4644 pende
3405 4611 3421 4636 ,
3447 4577 3508 4624 ut
3528 4568 3601 4624 de
3624 4577 3713 4622 tua

2140 4669 2440 4729 valetudine
2485 4679 2643 4738 quam
2677 4662 3002 4719 creberrime
3028 4662 3093 4716 ad
3136 4677 3235 4718 nos
3263 4662 3484 4718 scribas.
3538 4661 3715 4733 Siqui-

2138 4763 2259 4820 dem
2282 4762 2335 4817 iu
2359 4771 2545 4829 magna
2569 4755 2750 4827 quiete
2776 4752 2862 4809 bic
2909 4753 3183 4824 degentes,
3212 4754 3373 4808 animi
3412 4754 3485 4809 tui
3515 4751 3715 4808 nobili-
3764 4800 3777 4817 ,

2140 4858 2323 4921 tatem,
2375 4850 2770 4922 ingenuitatem,
2825 4844 3187 4914 improborum
3230 4844 3431 4909 odium,
3459 4843 3712 4916 loquendi

2138 4949 2457 5009 libertatem,
2481 4941 2785 4996 universum
2810 4936 3041 5006 denique
3067 4936 3321 4991 virtutum
3349 4945 3555 4989 tuarum
3582 4949 3713 5005 pra-

2138 5050 2251 5097 tum
2280 5041 2397 5096 sine
2422 5034 2527 5090 ulla
2557 5027 2949 5088 intermissione
2980 5027 3303 5099 cogitatione
3330 5025 3484 5082 nobis
3502 5026 3712 5094 efﬁngi-

2137 5148 2274 5199 mus,
2303 5131 2483 5200 tuique
2519 5122 2776 5180 memoria
2822 5118 3166 5183 delectamur,
3218 5129 3608 5190 quemcumque
3652 5117 3713 5171 in

2135 5305 2245 5345 cum
2268 5287 2504 5339 habemus
2516 5278 2575 5331 ad
2598 5278 2721 5329 hanc
2736 5272 3017 5340 epistolam:
3035 5271 3196 5324 Billius
3216 5272 3423 5336 idipsum
3442 5269 3567 5335 legit
3578 5271 3711 5336 quod

2136 5358 2188 5401 in
2205 5352 2351 5401 Regio
2368 5348 2590 5397 habetur.

2136 5358 2189 5406 iu
2205 5353 2351 5406 Regio
2368 5353 2590 5397 habetur.

2403 5367 2412 5373 '
2498 5367 2590 5393 tur.

2207 5367 2670 5479 inigtsgiltlfiya‘ftieanus
2683 5417 2895 5479 semper,
2911 5404 3186 5472 (lecturum.
3201 5401 3280 5479 vel
3297 5401 3533 5479 σοςςιιεςη
3557 5396 3715 5456 (Κοκ-

2142 5459 2726 5539 κουσῖξῖξὶιιᾟῐηρτειτὶρ
2747 5459 3117 5539 Ᾱῇιιοηίρξιςλιιδ
3154 5464 3451 5539 estjme'utio
3472 5459 3715 5539 frequens

2146 5516 2368 5539 "VVVV'H
2395 5516 2446 5525 ---
2474 5516 2633 5521 ---——v~r
2658 5516 2667 5517 κ
2986 5524 2996 5532 _
3038 5516 3053 5521 _
3570 5516 3577 5517 ί
3611 5516 3620 5525 .

2142 5550 2196 5592 et
2218 5552 2417 5601 semper
2458 5538 2674 5601 Cogitavit
2697 5522 3305 5601 legiturLVY‘tdeuquas‘de'
3317 5519 3714 5601 illauurbe‘dégt

2142 5579 2625 5656 Rlébi'ilis'izeiﬁéi,‘
2638 5594 2728 5642 Des
2747 5579 3172 5656 brandsghentins
3191 5584 3252 5633 de
3272 5579 3519 5656 ι’ξῃιρὲνε.
3532 5592 3582 5655 ρ.

2141 5641 2611 5714 iHiii'ii'Eé’dicims'
2631 5641 2778 5715 atque
2801 5650 2850 5699 in
2871 5647 3034 5709 editis,
3067 5650 3280 5700 Caicum
3302 5641 3639 5708 (Κοὺιουσὸς).
