4058 6218
419 396 674 472 ἀπίωμεν
711 391 987 464 πανταχοῦ
1023 410 1081 446 σε
1112 391 1518 462 περιφέροντες,
1555 390 1650 444 καὶ
1679 390 1797 461 μεθ’
1833 389 2004 458 ὑπερ-

421 491 587 562 ϐολῆς
629 490 976 560 ἐκκαιόμενοι
1021 485 1099 556 τῷ
1143 485 1351 555 φίλτρῳ
1381 483 1460 553 τῷ
1503 485 1633 556 περὶ
1667 484 1747 540 σέ,
1781 483 1872 536 Διὸ
1911 482 2006 535 καὶ

419 582 796 654 ἐπιθυμοῦμεν
835 582 927 634 καλ⁸
959 576 1194 632 ἐνταῦθά
1251 594 1311 630 σε
1361 576 1807 648 παραγενόμενον
1855 575 2000 628 ἰδεῖν.

432 673 586 727 Ἐπεὶ
621 671 680 724 δὲ
709 669 866 723 τοῦτο
900 666 1156 739 ἐργῶδες,
1185 666 1280 718 ἐπὶ
1307 665 1400 720 τὸν
1435 665 1687 736 δεύτερον
1730 663 2004 736 ἐρχόμεθα

419 762 609 825 πλοῦν,
639 762 731 815 καὶ
766 761 867 831 τὴν
896 757 984 811 διά
1020 756 1130 809 τῶν
1159 757 1506 828 γραμμάτων
1539 755 1800 826 αίτοῦμεν
1826 755 2005 826 παράο

419 857 634 926 κλησιν.
669 855 780 908 Καὶ
813 852 922 923 γὰρ
960 850 1191 922 μεγίστη
1225 848 1526 920 παραψυχὴ
1568 851 1702 920 ἡμῖν
1746 848 1899 902 ἐσται
1943 847 2004 901 τὸ

420 945 660 1015 συνεχῶς
706 942 962 1007 δέξασθαι
1007 939 1296 1004 ἐπιστολὰς
1332 940 1824 1010 εὖαγγελιζομένας
1869 942 2002 1011 ἡμῖν

418 1037 549 1108 περὶ
573 1036 674 1106 τῆς
705 1035 894 1104 ὑγείας
918 1035 1018 1104 τῆς
1047 1035 1166 1104 σῆς.

823 1209 952 1261 ΠΕ’.
996 1207 1232 1275 Λουκίῳ
1257 1208 1584 1272 ἐπισκόπῳ.

487 1346 551 1398 Εἰ
582 1345 677 1399 καὶ
710 1343 890 1415 πολλῷ
918 1344 996 1415 τῷ
1047 1344 1197 1416 μέσῳ
1233 1343 1334 1414 τῆς
1363 1342 1484 1397 ὁδοῦ
1513 1341 1877 1413 διεστήκαμεν
1901 1341 1999 1412 τῆς

418 1437 703 1501 εὐλαϐείας
744 1437 845 1507 τῆς
879 1438 997 1507 σῆς,
1046 1437 1164 1490 ἀλλ’
1197 1437 1348 1506 ὅμως
1381 1436 1482 1488 οὐκ
1527 1434 1717 1488 ἔλαθεν
1749 1435 1897 1504 ἡμᾶς
1938 1431 2000 1486 τὸ

420 1526 786 1597 μισοπόνηρόν
818 1543 912 1579 σου
946 1526 1044 1597 τῆς
1083 1525 1331 1596 γνώμης,
1368 1525 1463 1577 καὶ
1493 1524 1608 1587 πῶς
1633 1523 1876 1595 ἡλγησας
1906 1524 1998 1576 ἐπὶ

417 1623 533 1683 τοίς
567 1620 870 1690 τηλικαῦτα
899 1621 1328 1690 παρανομήσασι
1349 1618 1451 1670 ικαὶ
1474 1617 1742 1670 τοσούτων
1764 1615 1996 1672 σκανδά-

415 1710 524 1763 λων
556 1709 870 1781 ἐμπλήσασι
901 1709 997 1780 τὴν
1027 1708 1374 1779 οἰκουμένην.
1407 1708 1505 1761 Διά
1530 1706 1689 1761 τοῦτό
1717 1725 1799 1761 σοι
1839 1709 1996 1778 χάρι-

414 1819 513 1866 τας
540 1800 931 1872 ὁμολογοῦμεν,
948 1803 1042 1854 καὶ
1072 1798 1443 1872 θαυμάζοντές
1467 1818 1526 1854 σε
1548 1801 1996 1873 καὶμακαρίζον-

413 1915 503 1961 τες
551 1897 609 1948 οὐ
667 1895 976 1967 παυόμεθα,
1018 1897 1099 1950 ὅτι
1139 1898 1196 1948 ἐν
1235 1897 1472 1968 τοσούτῳ
1505 1896 1694 1950 κακῶν
1755 1896 1993 1966 φορυτῷ,

410 1987 683 2042 τοσούτων
717 1990 858 2043 κατὰ
909 1988 1174 2059 κρημνῶν
1204 1988 1522 2059 φερομένων
1552 1989 1649 2042 καὶ
1693 1987 1994 2054 σκοπέλων,

412 2082 576 2145 αὐτὸς
610 2081 706 2153 τὴν
738 2081 902 2152 ὀρθὴν
930 2082 1049 2135 ὁδὸν
1079 2082 1181 2134 οὐκ
1211 2079 1438 2136 ἐπαύσω
1463 2080 1714 2153 βαδίζων,
1738 2080 1996 2151 αίτιώμε-

413 2173 503 2236 νός
525 2191 583 2225 τε
631 2173 700 2226 τὰ
729 2174 1092 2244 γεγενημένα,
1140 2174 1618 2245 ἀποστρεφόμενός
1647 2191 1707 2227 τε
1747 2175 1872 2238 τοὺς
1905 2167 1997 2244 ἐ,ρο

413 2266 778 2336 γασαμένους,
811 2266 886 2328 ὥς
917 2283 998 2319 σοι
1040 2268 1248 2332 πρέπον
1291 2268 1460 2322 ἐστίν.
1491 2266 1582 2320 Διὸ
1604 2266 1666 2338 δὴ
1698 2268 1793 2320 καὶ
1816 2283 1994 2338 παρα-

413 2356 686 2424 καλοῦμεν
719 2358 1008 2426 ἐπιμεῖναι
1045 2361 1112 2428 τῇ
1164 2359 1305 2429 καλῇ
1334 2359 1507 2431 ταύτῃ
1560 2357 1863 2430 προθυμίᾳ,
1900 2353 1993 2413 καὶ
2011 2385 2020 2400 ί

415 2448 636 2517 μείζονα
673 2449 1040 2513 ἐπιδείξασθαι
1080 2450 1171 2502 τὸν
1219 2451 1398 2522 ζῆλον.
1451 2445 1622 2505 Οἶσθα
1654 2451 1763 2520 γὰρ
1809 2451 1995 2521 ἡλίκος

411 2540 542 2607 ὑμῖν
571 2539 723 2591 ἔσται
747 2540 776 2592 6
811 2539 1023 2609 μισθὸς,
1039 2535 1136 2594 οἷα
1158 2540 1227 2594 τὰ
1260 2541 1510 2612 βραϐεϊα,
1544 2541 1764 2610 πηλίκοι
1792 2543 1840 2594 οί
1874 2541 1993 2593 στέ-

413 2648 599 2698 φανοι,
631 2633 759 2685 ὅταν
792 2631 1063 2685 τοσούτων
1098 2633 1268 2687 ὅντων
1297 2633 1405 2688 τῶν
1433 2634 1808 2705 ταραττόντων
1839 2633 1993 2685 αὐτοὶ

409 2725 509 2793 τὴν
535 2724 785 2778 ἐναντίαν
820 2724 1082 2796 φέρησθε,
1117 2726 1377 2796 μεγίστην
1405 2729 1518 2790 τοῖς
1546 2726 1781 2797 παροῦσι
1804 2728 1994 2791 κακοῖς

410 2814 659 2868 ἐντεῦθεν
692 2815 926 2880 διδόντες
948 2817 1048 2888 τὴν
1079 2818 1384 2889 διόρθωσιν.
1407 2820 1527 2872 Ὅτι
1559 2818 1690 2890 γὰρ,
1720 2821 1772 2871 εί
1805 2818 1994 2890 βουλη-

411 2909 591 2979 θείητε
625 2909 813 2978 στῆναι
847 2911 1132 2977 γενναίως,
1166 2911 1268 2964 κᾶν
1293 2911 1464 2980 ὀλίγοι
1485 2911 1577 2965 τὸν
1605 2912 1836 2983 ἀριθμὸν
1867 2907 1991 2983 ἦτε,

411 3001 734 3071 περιέσεσθε
761 3001 881 3054 τῶν·
903 3002 1168 3055 πλειόνων
1196 3003 1302 3056 τῶν
1331 3005 1422 3056 ἐπὶ
1453 3004 1623 3074 κακία
1653 3003 1993 3068 καλλωπιζο·

413 3092 610 3162 μένων,
639 3093 816 3156 οὐδεὶς
841 3094 1079 3163 ἀντερεῖ.
1123 3094 1352 3165 Ἀρετῆς
1379 3095 1490 3167 γάρ
1516 3097 1866 3168 ἰσχυρότερον
1907 3097 1993 3149 ού·

353 3216 363 3240 ,
407 3183 515 3244 δέν,
541 3183 634 3236 καὶ
660 3183 754 3236 τοῦ
795 3183 970 3237 ταῦτα
993 3183 1178 3256 ζητεῖν
1203 3186 1238 3252 ἂ
1257 3184 1481 3255 τειχίζει
1505 3186 1604 3250 τὰς
1643 3189 1986 3258 Ἐκκλησίας.

411 3275 673 3345 Ἔχοντες
711 3275 890 3328 τοίνυν
933 3277 1032 3347 τὴν
1066 3276 1291 3348 γνώμην
1324 3276 1601 3349 ἀρκοῦσαν
1645 3279 1771 3349 ὑμῖν
1817 3281 1898 3343 είς
1928 3280 1992 3333 τδ

408 3365 611 3436 πολλὴν
651 3367 801 3437 παρά
841 3368 976 3421 Θεοῦ
1033 3371 1206 3440 ῥοπὴν
1255 3369 1686 3433 ἐπισπάσασθαι,
1735 3371 1802 3424 τὰ
1858 3372 1990 3440 παρ’

406 3454 619 3507 ἑαυτῶν
673 3458 1003 3526 εἰσενεγκεῖν
1043 3458 1456 3530 παρακλήθητε,
1507 3461 1687 3529 τεῖχος
1733 3459 1989 3530 μέγιστον

405 3549 525 3610 ταῖς
558 3548 835 3619 πανταχοῦ
878 3549 980 3619 τῆς
1011 3551 1338 3620 οἰκουμένης
1381 3550 1730 3622 Ἐκκλησίαις
1771 3551 1860 3605 διὰ
1889 3553 1989 3625 τῆς

405 3638 632 3710 γνώμης
662 3640 867 3712 ταύτης
896 3641 1194 3714 γινόμενοι.

825 3881 969 3948 Πίῗ.
1014 3881 1186 3954 Μὰρῃ
1226 3882 1558 3953 ἐπισκόπῳ.

476 4069 586 4122 Καὶ
609 4070 770 4138 ἡνίκα
797 4071 1056 4143 προοίμια
1082 4069 1228 4143 εἶχεν
1259 4073 1289 4126 6
1317 4074 1526 4146 χειμὼν
1553 4079 1582 4131 6
1617 4075 1719 4147 τὴν
1757 4078 1985 4148 Ἐκκλη-

405 4160 525 4212 σίαν
579 4160 958 4226 διασαλεύσας,
989 4164 1088 4217 οὐκ
1143 4165 1331 4218 ἔλαθεν
1383 4169 1532 4237 ἡμᾶς
1582 4168 1644 4222 τὸ
1692 4169 1850 4242 ὀρθὸν
1889 4173 1983 4226 καὶ

401 4252 799 4325 ἁπερίτρεπτόν
845 4271 939 4306 σου
983 4253 1084 4323 τῆς
1113 4255 1336 4327 γνώμης
1359 4275 1372 4288 ·
1403 4259 1497 4312 καὶ
1527 4260 1621 4315 νῦν
1648 4262 1736 4314 ὅτε
1773 4263 1979 4334 ηὐξήθη

402 4343 552 4426 [659]
574 4343 641 4396 τά
675 4343 841 4427 κακὰ,
869 4344 1114 4416 ἔγνωμεν
1139 4346 1301 4400 πάλιν
1327 4347 1427 4420 τὴν
1452 4349 1740 4405 εὐλάϐειαν
1763 4353 1860 4424 τὴν
1883 4354 1980 4424 σὴν

398 4437 508 4498 τοῖς
533 4437 716 4499 αὐτοῖς
749 4436 1134 4507 ἐπιμένουσαν.
1164 4438 1255 4491 Διὸ
1306 4441 1400 4492 καὶ
1443 4441 1506 4493 ἐκ
1555 4443 1809 4496 τοσούτου
1849 4443 1981 4498 καθ-

399 4529 588 4597 ήμενοι
617 4529 978 4599 διαστήματος
999 4530 1092 4583 καὶ
1115 4532 1214 4600 τὴν
1237 4531 1595 4604 ὀφειλομένην
1619 4535 1980 4607 ἀποδιδόαμεν

399 4622 722 4694 πρόσρησιν,
754 4622 846 4674 καὶ
898 4621 1274 4693 μακαρίζομεν
1327 4625 1420 4676 καὶ
1465 4623 1840 4698 θαυμάζομεν,
1873 4629 1977 4694 ὅτι,

395 4712 504 4767 τῶν
535 4713 793 4768 πλειόνων
819 4714 1046 4777 ἑαυτοὺς
1077 4717 1657 4788 κατακρημνισάντων,
1674 4714 1754 4782 οἷς
1777 4722 1855 4783 είς
1880 4721 1979 4785 τὰς

410 4805 734 4876 Ἐκκλησίας
767 4806 1186 4878 παρηνόμησαν,
1223 4808 1385 4871 αὐτὸς
1434 4809 1532 4880 τὴν
1576 4811 1824 4865 ἐναντίαν
1865 4817 1978 4877 τοῖς

395 4895 577 4970 ἄλλοις
604 4893 766 4967 ἦλθες
809 4899 948 4962 ὁδὸν,
975 4897 1102 4961 τούς
1133 4915 1191 4950 τε
1221 4898 1394 4954 ταῦτα
1419 4901 1798 4970 τολμήσαντας
1844 4905 1978 4958 ἀπσ-

338 5043 342 5048 _
396 4989 780 5058 στρεφόμενος,
807 4992 900 5044 καὶ
926 4991 1020 5044 ἐπὶ
1051 4992 1151 5061 τῆς
1175 4993 1256 5046 σοὶ
1287 4993 1602 5064 πρεπούσης
1631 4997 1976 5064 μένων-ἐλευο

393 5079 598 5148 θερίας.
621 5080 846 5133 Ἐννοῶν
875 5083 1055 5136 τοίνυν
1077 5084 1266 5153 ἡλίκον
1298 5087 1392 5140 τοῦ
1417 5088 1839 5158 κατορθώματος
1861 5093 1977 5146 τού·

391 5187 484 5222 του
515 5171 573 5223 τὸ
609 5171 835 5241 μέγεθος
879 5176 974 5228 καὶ
1011 5177 1072 5229 16
1107 5177 1181 5247 μὴ
1219 5179 1630 5250 συναπαχθῆναι
1663 5185 1776 5246 τοῖς
1810 5201 1974 5255 πονη-

393 5263 724 5331 ρευομένοις,
755 5265 848 5317 καὶ
874 5266 954 5320 ὅτι
986 5267 1101 5331 ὁδὸς
1129 5267 1280 5322 ἔσται
1312 5270 1405 5322 καὶ
1437 5272 1700 5342 προοίμια
1730 5273 1831 5343 τῆς
1869 5275 1974 5328 τῶν

393 5352 578 5406 κακῶν
599 5354 934 5424 διορθώσεως
957 5360 989 5428 ἡ
1015 5359 1416 5430 ἀπερίτρεπτος
1445 5361 1597 5430 ὑμῶν
1618 5362 1754 5433 αῦτη
1780 5363 1970 5434 γνώμη

391 5446 485 5498 καὶ
518 5446 763 5515 ἀκλινὴς,
791 5449 952 5514 αὑτός
994 5467 1051 5503 τε
1087 5451 1163 5514 ὥς
1211 5469 1292 5505 σοι
1340 5453 1552 5523 πρέπον
1594 5456 1741 5507 ἐστὶν
1781 5456 1971 5525 στῆναι

390 5535 648 5603 γενναίως
681 5538 1085 5608 παρακλήθητι,
1111 5539 1236 5602 τούς
1262 5557 1320 5592 τε
1348 5541 1538 5604 ἄλλους
1566 5541 1660 5606 οὓς
1686 5543 1752 5598 ἂν
1777 5539 1887 5606 οἷός
1911 5561 1970 5596 τε

385 5615 455 5698 ᾗς
480 5628 741 5698 ἀλείφειν.
768 5628 924 5682 υῦτω
962 5631 1070 5702 γὰρ
1112 5631 1336 5701 ἀρκέσει
1371 5634 1449 5696 εἰς
1487 5635 1803 5704 συμμαχίαν
1839 5636 1971 5705 ὑμῖν
2054 5679 2068 5688 ,,

393 5719 527 5792 αὕτη
559 5723 590 5794 η
619 5721 893 5877 πρόθεσξ,
920 5721 1013 5776 τοῦ
1045 5721 1179 5775 Θεοῦ
1209 5721 1307 5792 τὴν
1337 5723 1564 5796 γνώμην
1599 5723 1754 5795 ὑμῶν
1779 5727 1972 5780 ἀποδε-

1125 279 1183 335 S.
1220 278 1506 336 JOANNIS
1541 277 2032 335 CHRYSOSTOMI
2064 279 2381 336 ARCHIEP.
2419 281 2970 340 CONSTANTINOP.

3588 277 3689 338 οδι

2115 390 2342 461 χομένου
2367 391 2468 462 τὴν
2495 392 2554 444 ἐν
2583 390 2822 462 τοσαύτῃ
2852 388 3109 462 συγχύσει
3145 390 3213 445 τὰ
3244 389 3381 463 ὀρθὰ
3411 389 3714 466 ἑλομένην,

2114 481 2207 535 καὶ
2231 483 2332 553 τὴν
2359 483 2491 553 παρ’
2519 480 2712 536 ἐαυτοῦ
2741 482 3073 553 παρέχοντος
3108 483 3301 554 ῥοπήν.

2501 616 2635 671 ΠΖ.
2677 617 2948 688 Εὐλογίῳ
2972 615 3303 682 ἐπισκόπῳ.

2194 732 2385 802 Ἡμεῖς
2411 731 2515 785 κᾶν
2539 729 2676 802 πρδς
2699 730 2868 794 αὑτὰς
2893 729 3220 800 ἀφικώμεθα
3247 731 3346 802 τῆς
3369 731 3696 803 οἰκουμένης

2109 821 2209 884 τάς
2243 820 2520 890 ἐσχατιάς,
2543 820 2897 874 ἐπιλαθέσθαι
2927 838 3021 874 σου
3049 819 3152 891 τῆς
3188 822 3409 892 ἀγάπης
3447 823 3508 875 ού
3537 822 3697 876 δυνά-

2114 912 2272 983 μεθα,
2299 912 2435 966 ἀλλά
2474 912 2750 983 πανταχοῦ
2800 914 3191 984 περιφέροντες
3233 915 3467 984 ἄπιμεν
3519 914 3694 978 οὕτως

2111 1005 2256 1075 ἡμᾶς
2286 997 2428 1067 εἷλες
2450 1005 2544 1056 καὶ
2573 1002 2871 1074 ἐχειρώσω,
2896 1002 3130 1058 δέσποτά
3155 1022 3256 1076 μου
3281 1003 3580 1076 τιμιώτατε
3600 1006 3697 1060 καὶ

2109 1095 2624 1161 εύλαϐέστατε,ἐπεὶ
2646 1097 2736 1150 καὶ
2759 1095 2855 1150 νῦν
2879 1099 2936 1150 ἐν
2959 1096 3255 1167 Κουκουσῷ
3278 1096 3598 1168 καθήμενοι,
3615 1097 3696 1169 τῷ

2107 1189 2289 1259 πάσης
2315 1188 2413 1259 τῆς
2446 1188 2566 1242 καθ’
2601 1190 2748 1259 ἡμᾶς
2773 1188 3098 1259 οἰκουμένης
3125 1189 3450 1260 ἐρημοτάτῳ
3487 1188 3694 1260 χωρίῳ,

2105 1283 2168 1335 ού
2205 1282 2490 1351 παυόμεθα
2519 1281 2784 1352 διηνεκῶς
2804 1280 2901 1351 τὴν
2925 1281 3286 1352 χρηστότητα,
3310 1280 3407 1352 τὴν
3429 1281 3699 1352 γλυκύτη-

2103 1391 2193 1436 τα,
2218 1373 2316 1444 τὴν
2345 1373 2454 1425 τῶν
2484 1373 2700 1442 τρόπων
2727 1373 3050 1438 ἐπιείκειαν,
3081 1371 3143 1426 τὺ
3172 1377 3394 1443 γνήσιον
3432 1373 3534 1441 τῆς
3576 1373 3696 1428 δια-

2107 1463 2332 1527 θέσεως,
2363 1464 2424 1516 τὸ
2455 1463 2875 1533 πεπυρωμένον,
2907 1462 2971 1515 τὸ
3000 1461 3252 1532 σφοδρὸν,
3289 1461 3378 1514 τὸν
3411 1461 3571 1532 ζῆλον
3597 1461 3696 1516 τὸν

2105 1556 2302 1626 φλογὸς
2334 1556 2713 1627 σφοδρότερον,
2752 1556 2852 1626 τὴν
2885 1555 3052 1625 ἀλλην
3097 1554 3319 1608 ἅπασάν
3355 1571 3449 1607 σου
3491 1555 3692 1627 ἀρετὴν

2103 1650 2569 1720 ἀναλογιζόμενοι,
2599 1650 2695 1703 καὶ
2725 1649 2834 1702 τῶν
2867 1647 3149 1718 λογισμῶν
3175 1648 3380 1702 τούτων
3402 1651 3467 1720 τῇ
3498 1649 3597 1718 μνή
3609 1666 3686 1719 μη

2103 1739 2500 1810 ἐντρυφῶντες,
2536 1739 2629 1792 καὶ
2663 1739 2799 1809 πρὸς
2827 1738 3074 1801 ἅπαντας
3123 1737 3585 1809 ἀνακηρύττοντες
3626 1739 3689 1791 τὸ

2105 1833 2332 1905 στερρὸν
2346 1833 2446 1904 τῆς
2464 1831 2712 1902 γνώμης,
2741 1832 2800 1884 16
2819 1831 3238 1902 ἀπερίτρεπτον,
3261 1831 3398 1902 ὅπερ
3430 1829 3691 1894 ἐπεδείξω

2103 1928 2242 1999 πρὸς
2270 1928 2397 1989 τοὺς
2418 1925 2838 1997 πολεμήσαντας
2856 1927 2975 1987 ταῖς
3010 1921 3360 1994 Ἐκκλησίαις
3383 1923 3478 1976 καὶ
3502 1922 3693 1975 τοσού-

2101 2038 2211 2074 των
2243 2018 2557 2074 σκανδάλων
2583 2017 2682 2089 τήν
2707 2017 3033 2088 οἰκουμένην
3058 2017 3449 2087 ἐμπλήσαντας
3473 2033 3487 2047 ο
3521 2016 3568 2067 εί
3596 2016 3694 2068 καὶ

2100 2113 2171 2166 τὰ
2208 2113 2440 2182 μάλιστα
2474 2109 2635 2164 τοῦτο
2667 2109 2727 2162 οὐ
2759 2109 2932 2162 δεῖται
2963 2109 3063 2178 τῆς
3100 2108 3379 2180 ἡμετέρας
3401 2107 3652 2176 γλώττης
3674 2124 3688 2136 ο

2105 2204 2406 2272 σάλπιγγος
2441 2202 2550 2270 γὰρ
2591 2201 2970 2273 λαμπρότερον
3016 2199 3176 2263 αὐτὸς
3218 2201 3353 2252 πᾶσι
3401 2200 3512 2262 τοῖς
3544 2197 3693 2252 κατὰ

2101 2299 2200 2368 τὴν
2233 2296 2497 2368 ἀνατολὴν
2525 2297 2618 2349 καὶ
2643 2295 2980 2367 πορρωτάτω
2998 2290 3116 2347 οῦσι
3147 2291 3236 2346 διά
3254 2292 3362 2346 τῶν
3391 2291 3569 2362 ἔργων
3589 2292 3692 2342 αὐ-

2099 2391 2210 2443 τῶν
2248 2389 2572 2461 άνεϐόησας.
2598 2382 2771 2460 Ὑπὲρ
2802 2387 3005 2443 τούτων
3037 2386 3264 2456 χάριτας
3293 2382 3687 2454 ὁμολογοῦμεν,

2105 2482 2502 2554 μακαρίζομεν,
2532 2480 2884 2551 θαυμάζομεν
2911 2480 3004 2532 καὶ
3026 2474 3345 2550 παρακαλοῦ
3355 2493 3452 2546 μεν
3474 2475 3564 2527 τὸν
3581 2473 3688 2526 αύ-

2099 2576 2191 2628 τὸν
2224 2576 2563 2644 παραμεῖναι
2594 2571 2756 2644 ζῆλον
2777 2570 3238 2642 ἐπιδεικνύμενον.
3271 2568 3404 2622 Ούδέ
3432 2566 3540 2637 γὰρ
3568 2565 3685 2617 ἴσον

2099 2667 2237 2729 ἐστὶ,
2269 2665 2410 2718 κατά
2463 2663 2588 2734 ῥοῦν
2632 2660 2741 2714 τῶν
2791 2661 3129 2734 πραγμάτων
3157 2656 3493 2728 φερομένων,
3525 2654 3683 2724 ὀρθό-

2098 2773 2238 2826 τητα
2285 2753 2710 2819 ἐπιδείκνυσθαι,
2745 2751 2839 2806 καὶ
2874 2750 3085 2805 πολλῶν
3117 2749 3286 2802 όντων
3327 2747 3434 2800 τῶν
3467 2747 3682 2816 ἐπιχει-

2103 2845 2336 2918 ρούντων
2386 2844 2685 2899 καταλῦσαι
2743 2844 2842 2907 τὰς
2879 2841 3203 2913 Ἐκκλησίας
3255 2839 3422 2911 μηδὲν
3472 2838 3685 2893 ἐκεῖθεν

2100 2937 2584 3009 παραλογίζεσθαι,
2618 2936 2754 2990 ἀλλά
2802 2935 2982 3006 μένειν
3029 2934 3244 3003 ἀκλινῆ,
3278 2933 3499 2995 τούτους
3541 2934 3683 2984 circo-

2101 3032 2469 3103 στρεφόμενον
2497 3031 2635 3102 μετά
2655 3030 2756 3099 τῆς
2777 3027 3163 3100 προσηκούσης
3185 3024 3452 3096 ἀνδρείας.
3475 3025 3550 3077 υύ
3568 3022 3681 3093 γὰρ

2102 3124 2274 3196 μικρά
2320 3123 2480 3192 αὕτη,
2516 3121 2653 3176 ἀλλά
2691 3121 2785 3175 καὶ
2821 3120 3028 3192 σφόδρα
3072 3121 3304 3189 μεγίστη
3335 3116 3446 3170 τῶν
3487 3114 3676 3168 κακῶν

2096 3215 2531 3286 διόρθωσις.”οτι
2563 3215 2621 3269 δὲ
2648 3213 2746 3284 τῆς
2789 3212 2889 3283 σῆς
2916 3211 3205 3275 εὐλαϐείας
3225 3209 3367 3264 οὕτω
3392 3208 3674 3278 δωκειμὲο

2097 3327 2196 3382 νης
2231 3310 2429 3374 πάντες
2455 3309 2505 3361 οἱ
2546 3307 2686 3360 κατά
2726 3306 2825 3379 τὴν
2851 3304 3215 3374 Παλαιστίνην
3249 3303 3426 3373 κύριοί
3456 3319 3559 3372 μου
3593 3317 3676 3352 τις

2102 3404 2359 3478 μιώτατοι
2399 3404 2496 3459 καὶ
2540 3400 2922 3457 εύλαϐἐστατοι
2972 3398 3259 3452 ἐπίσκοποι
3303 3394 3523 3466 ἓψονταί
3581 3411 3677 3446 σου

2094 3499 2209 3558 τοῖς
2233 3496 2454 3566 ἴχνεσιν,
2488 3493 2639 3547 οὐδὲν
2665 3487 2820 3562 οἶμαι
2845 3489 2956 3544 δεῖν
2989 3487 3368 3560 ἀμφιϐάλλειν.
3396 3480 3528 3538 Οἶδα
3568 3483 3679 3552 γάρ

2093 3586 2288 3657 σαφῶς
2325 3585 2414 3639 ὅτι
2457 3585 2521 3637 ἐν
2560 3583 2675 3646 τοῖς
2715 3580 2983 3644 τοιούτοις
3027 3576 3447 3648 κατορθώμασιν
3484 3571 3678 3644 ὥσπερ

2095 3677 2247 3752 [διο]
2276 3677 2436 3746 σῶμα
2459 3675 2680 3745 συνεχὲς
2707 3672 2938 3744 κεφαλῇ,
2960 3670 3133 3734 οὕτως
3157 3671 3352 3732 αὐτοὺς
3381 3670 3450 3738 τῇ
3475 3666 3677 3735 γλυκύς

2091 3768 2216 3841 τητί
2253 3784 2345 3820 σου
2370 3767 2470 3837 τῆς
2496 3764 2720 3835 ἀγάπης
2741 3763 2985 3832 συνῆψας
3007 3762 3102 3815 καὶ
3124 3755 3463 3813 συνδεδέσθαι
3480 3767 3507 3802 ιι
3535 3771 3677 3824 παρο

2094 3859 2418 3924 εσκεύασας,
2453 3859 2589 3930 ὅπερ
2629 3856 2724 3910 καὶ
2751 3854 2907 3910 τοῦτο
2943 3853 3200 3925 μέγίστον
3229 3851 3428 3922 δεῖγμα
3448 3848 3548 3919 τῆς
3574 3847 3674 3917 σῆς

2091 3953 2318 4026 ἀρετῆς.

2243 4058 2392 4108 ωιν.
2445 4052 2684 4122 Ἰωάννη
2714 4051 3028 4113 ἐπισκόπῳ
3057 4045 3502 4114 Ἰεροσολύμων.

2177 4160 2598 4232 ’Λπῳκίσθημεν
2620 4160 2699 4224 είς
2720 4160 2818 4230 τὴν
2843 4154 3156 4211 Κουκουσὸν
3173 4154 3224 4218 δ,
3247 4152 3349 4221 τῆς
3369 4151 3426 4203 δέ
3449 4148 3673 4216 ἀγάπης

2090 4257 2190 4326 τῆς
2237 4253 2510 4324 ὑμετέρας
2557 4251 2621 4305 ού
2665 4248 3110 4321 μετῳκίσθημεν.
3156 4246 3230 4299 Τὸ
3287 4244 3383 4315 μὲν
3434 4243 3541 4312 γὰρ
3586 4240 3674 4306 ἐφ’

2093 4349 2302 4420 ἑτέροις
2346 4346 2543 4407 ἔκειτο,
2574 4344 2731 4398 τοῦτο
2759 4344 2820 4397 δὲ
2864 4343 2950 4413 ἐφ’
2982 4343 3136 4411 ἡμῖν.
3179 4339 3270 4391 Δίὺ
3321 4338 3385 4408 δὴ
3439 4334 3674 4388 ἐνταῦθα

2089 4439 2454 4511 διατρίϐοντες
2474 4439 2568 4491 καὶ
2589 4439 2652 4490 ἐκ
2673 4437 2928 4490 τοσούτου
2954 4434 3256 4504 καθήμενοι
3277 4431 3669 4499 διαστήματος,

2089 4531 2186 4585 καὶ
2220 4528 2628 4599 ἐπιστέλλομεν,
2664 4528 2758 4581 καὶ
2790 4525 3216 4598 παρακαλοῦμεν
3251 4523 3405 4594 ὑμῶν
3438 4521 3538 4591 τὴν
3576 4520 3670 4571 εύ-

2089 4623 2329 4685 λάϐειαν,
2357 4622 2456 4692 τὴν
2479 4621 2732 4691 ἀνδρείαν
2760 4621 2826 4691 ἢν
2859 4619 2916 4685 ἐξ
2948 4619 3122 4690 ἀρχῆς
3152 4613 3497 4680 ἐπεδείξασθε
3529 4615 3669 4665 ἀπο-

2088 4718 2422 4790 στραφέντες
2459 4716 2586 4778 τοὺς
2614 4716 2712 4777 τὰς
2755 4714 3082 4784 Ἐκκλησίας
3108 4710 3378 4764 τοσούτων
3417 4705 3664 4777 θορύϐων

2088 4813 2497 4883 ἐμπλήσαντας,
2529 4808 2730 4877 ταύτην
2768 4808 2863 4860 καὶ
2900 4805 2994 4858 νῦν
3039 4805 3334 4875 διατηρεῖν,
3380 4801 3474 4854 καὶ
3518 4798 3667 4861 ἀξιον

2086 4904 2194 4958 τῶν
2225 4903 2551 4974 προοιμίων,
2589 4899 2790 4971 μᾶλλον
2842 4898 2899 4950 δὲ
2947 4897 3042 4950 καὶ
3071 4893 3250 4965 πολλῷ
3286 4891 3667 4962 λαμπρότερον

2085 4998 2399 5068 προσθεῖναι
2431 4995 2493 5047 τὸ
2520 4993 2689 5056 τέλος.
2722 4993 2797 5044 Οὐ
2839 4991 2946 5060 γάρ
3004 4988 3198 5059 μικρὸς
3245 4984 3494 5040 ἐντεῦθεν
3538 4984 3668 5049 ὑμῖν

2085 5091 2327 5143 κείσεται
2353 5091 2381 5141 6
2412 5088 2620 5159 μισθὸς,
2648 5087 2773 5138 ὅταν
2799 5085 2926 5146 τοὺς
2953 5081 3206 5136 τοσοῦτον
3227 5078 3470 5150 χειμῶνα
3501 5078 3665 5146 ἐργα-

2088 5182 2375 5251 σαμένους,
2407 5180 2502 5233 καὶ
2527 5180 2626 5250 τὴν
2653 5177 2978 5247 οἰκουμένην
3011 5173 3196 5244 σχεδον
3231 5173 3448 5225 ἃπασαν
3474 5167 3664 5222 τοσού·

2083 5289 2191 5325 των
2239 5269 2632 5340 ἐμπλήσαντας
2676 5266 3139 5348 σκανδάλωννώς
3181 5263 3460 5335 προσῆκόν
3514 5263 3663 5312 ἐστιν

2084 5359 2530 5432 ἀποστρέφησθε,
2554 5360 2652 5412 καὶ
2683 5359 2848 5429 μηδὲν
2882 5343 3060 5428 κοινὸν
3084 5356 3243 5425 ἔχητε
3273 5353 3408 5424 πρὸς
3441 5351 3664 5410 αὐτούς.

2084 5451 2255 5504 Τοῦτο
2291 5451 2560 5518 ἀσφάλεια
2583 5450 2692 5503 τῶν
2719 5449 2918 5520 Ἐκκλη
2929 5448 3079 5510 σιῶν,
3103 5445 3263 5500 τοῦτο
3287 5447 3487 5515 τεῖχος,
3504 5439 3664 5495 τοῦτο

2083 5543 2338 5613 ὑμέτεροι
2373 5542 2630 5611 στέφανοι
2665 5543 2754 5595 καὶ
2785 5542 3031 5612 βραδεῖα.
3064 5539 3228 5593 Ταῦτ’
3251 5535 3344 5592 οῦν
3377 5535 3550 5599 εἰδὼς,
3575 5532 3662 5586 53'-

2143 5680 2168 5706 ‘“
2190 5677 2342 5727 Valic.
2367 5681 2647 5728 ἐνδεδέσθαι.

2142 5739 2167 5778 ἱ)
2195 5739 2348 5789 Vatia.
2371 5757 2461 5803 pro
2483 5755 2621 5792 more
2639 5743 2701 5798 εἰς
2723 5742 3015 5789 Κοκκουσόν.
