4058 6218
393 272 502 329 653

392 384 574 439 locum
597 385 970 456 abscedamus,
1001 398 1052 446 te
1099 392 1533 453 circumferentes
1568 409 1727 470 atque
1746 401 1980 459 incredi-

391 474 485 530 bili
515 475 745 546 quodam
786 479 860 533 tui
891 495 1076 538 amore
1105 483 1411 555 flagrantes.
1443 489 1625 560 anue
1647 491 1714 547 de
1736 507 1894 548 causa
1927 504 1982 551 te

387 584 602 640 quoque
632 569 736 626 huc
783 575 987 640 venire,
1017 591 1081 631 ac
1125 592 1347 635 cernere
1401 582 1664 652 cupimus.
1716 585 1978 654 Quoniam

387 668 566 716 autem
595 660 647 715 id
677 661 893 718 difficile
922 675 1025 732 est,
1067 667 1136 722 ad
1161 671 1452 727 secundum
1492 674 1842 745 navigationis
1865 693 1983 734 cur-

383 764 502 804 sum
533 753 795 821 venimus,
823 771 1066 824 eamque,
1109 775 1266 829 quam
1295 762 1462 818 literae
1509 766 1751 835 pariunt,
1781 783 1974 823 conso-

383 840 635 896 lationem
666 845 761 899 abs
790 855 841 900 te
886 849 1235 916 postulamus.
1264 853 1548 910 Maximum
1591 858 1787 929 quippe
1835 861 1981 914 sola-

384 934 515 986 tium
562 934 718 990 nobis
741 938 865 1004 erit,
919 938 1230 1011 frequentes
1251 945 1505 1014 epistolas
1548 950 1811 1020 accipere,
1855 967 1974 1022 quae

380 1038 481 1078 nos
501 1022 570 1079 de
601 1033 688 1080 tua
715 1027 1022 1086 valetudine
1045 1033 1304 1089 certiores
1326 1034 1543 1093 faciant.

495 1158 775 1216 LXXXV.
803 1161 961 1218 Lucio
987 1169 1242 1238 episcopo.
1276 1167 1505 1241 (Scripta
1542 1187 1683 1228 anno
1707 1172 1859 1246 4‘04.)

455 1289 571 1346 Etsi
614 1307 808 1364 magno
833 1295 1040 1352 itineris
1069 1297 1346 1357 intervallo
1369 1317 1397 1356 a
1432 1312 1483 1359 te
1510 1305 1733 1375 sejuncti
1760 1322 1965 1376 sumus,

377 1391 555 1437 tamen
588 1383 717 1439 illud
765 1385 1131 1456 improborum
1181 1391 1383 1461 odium,
1437 1411 1544 1465 quo
1585 1398 1796 1452 animus
1845 1408 1966 1454 tuus

376 1476 630 1544 praeditus
666 1487 767 1542 est,
801 1481 1023 1537 minime
1064 1483 1217 1538 nobis
1242 1485 1529 1541 obscurum
1556 1487 1671 1554 fuit,
1701 1489 1965 1560 dolorque

374 1567 485 1634 ille,
514 1584 672 1638 quem
705 1583 922 1642 propter
940 1590 1036 1630 eos
1055 1578 1145 1647 qui
1173 1585 1316 1632 tanta
1345 1579 1540 1651 flagitia
1563 1591 1959 1652 perpetrarunt,

376 1666 558 1728 totque
587 1661 856 1718 scandulis
885 1664 1070 1720 orbem
1105 1667 1482 1737 impleverunt,
1512 1673 1691 1729 animo
1711 1677 1960 1746 concepi-

369 1751 460 1804 sti.
489 1751 775 1821 Propterea
811 1755 902 1810 tibi
927 1759 1127 1828 gratias
1147 1762 1372 1832 agimus,
1413 1764 1759 1838 miriﬁcisque
1786 1767 1954 1824 laudi-

371 1841 473 1897 bus
499 1842 616 1899 sine
653 1845 765 1902 ulla
812 1847 1207 1907 intermissione
1251 1861 1309 1910 te
1327 1855 1680 1926 celebramus,
1732 1861 1876 1930 quod
1903 1863 1955 1918 in

369 1944 514 1989 tanta
543 1937 802 1992 malorum
828 1941 1076 2010 colluvie,
1107 1953 1293 2016 totque
1322 1946 1628 2004 hominibus
1667 1951 1720 2005 in
1764 1954 1955 2022 prteci-

364 2025 495 2094 pitia
522 2037 579 2082 ct
623 2031 871 2099 scopulos
914 2035 1208 2100 mentibus,
1260 2046 1316 2092 tu
1373 2048 1576 2095 rectum
1629 2040 1735 2098 iter
1773 2053 1956 2100 tenere

364 2118 591 2175 minime
636 2121 906 2189 destitisti,
953 2141 1013 2180 ea
1059 2142 1176 2197 qua:
1207 2129 1342 2185 facta
1368 2141 1493 2186 sunt
1530 2135 1950 2203 reprehendens,

360 2224 583 2281 eosque,
613 2227 642 2266 a
671 2214 865 2284 quibus
907 2215 1046 2273 facta
1092 2230 1236 2285 sunt,
1281 2237 1562 2291 aversans,
1605 2234 1662 2280 ut
1708 2227 1866 2283 etiam
1899 2237 1952 2284 te

361 2297 538 2356 facere
568 2317 662 2372 par
685 2313 787 2358 est.
836 2305 1017 2377 anue
1056 2307 1124 2363 de
1171 2325 1329 2366 causa
1376 2322 1427 2369 te
1458 2313 1752 2382 hortamur,
1791 2327 1848 2372 ut
1894 2319 1947 2374 in

357 2391 570 2460 egregia
612 2392 711 2448 hac
758 2395 920 2450 animi
963 2396 1238 2456 alacritate
1291 2415 1532 2472 perstes,
1582 2407 1948 2479 majoremque

357 2482 516 2534 etiam
554 2483 722 2537 zelum
752 2501 860 2555 prae
901 2497 952 2543 te
977 2490 1133 2545 feras.
1169 2491 1286 2548 Scis
1320 2497 1463 2550 enim
1484 2513 1602 2568 quae
1627 2501 1778 2555 vobis
1801 2517 1946 2557 mer-

354 2584 450 2624 ces
492 2572 664 2628 futura
715 2576 804 2639 sit,
856 2593 975 2647 quze
1031 2583 1268 2649 praemia,
1323 2601 1443 2654 qua:
1491 2602 1729 2657 coronae,
1781 2591 1827 2646 si
1868 2602 1946 2648 tot

352 2662 474 2717 aliis
497 2665 947 2736 perturbantibus,
975 2675 1301 2729 contrarium
1320 2685 1498 2733 tamen
1516 2681 1616 2735 iter
1639 2684 1936 2752 tenueritis,

352 2754 637 2810 maximam
667 2761 1018 2828 praesentibus
1045 2764 1198 2821 malis
1212 2768 1529 2824 medicinam
1565 2772 1688 2827 hinc
1708 2773 1936 2830 afferen-

351 2852 452 2898 tes.
482 2844 616 2900 Nam
643 2849 804 2918 quod,
839 2852 1050 2908 etiamsi
1089 2857 1284 2928 alioqui
1316 2861 1507 2932 exiguo
1547 2877 1771 2919 numero
1797 2868 1936 2933 sitis,

349 2943 528 2990 nmen
557 2938 601 2991 si
655 2948 873 2997 strenuo
897 2959 961 3000 ac
1011 2948 1131 3002 forti
1159 2951 1346 3006 animo
1384 2953 1436 3007 in
1477 2967 1755 3023 procmctu
1795 2967 1944 3016 stare-

347 3026 644 3097 volueritis,
677 3034 908 3105 majores
937 3040 1121 3110 copias
1159 3043 1230 3098 ob
1276 3044 1672 3116 improbitatem
1700 3051 1940 3120 glorian-

345 3128 750 3194 tessuperaturi
799 3128 939 3195 sitis,
991 3148 1149 3189 nemo
1193 3135 1399 3194 inﬁcias
1427 3139 1569 3195 ierit.
1610 3141 1752 3198 Nihil
1788 3146 1942 3202 enim

341 3215 534 3272 fortius
556 3229 638 3273 est
664 3221 859 3276 virtute
884 3237 1176 3290 earumque
1203 3243 1378 3284 rerum
1411 3234 1790 3303 perquisitione
1814 3239 1933 3307 qui-

342 3305 444 3362 bus
500 3312 808 3380 pra-sidium
864 3315 1117 3375 Ecclesiis
1168 3334 1526 3393 comparatur.
1586 3326 1719 3383 Cum
1770 3305 1932 3401 igitur

339 3400 574 3455 animum
628 3405 693 3457 ad
747 3406 1021 3477 ingentem
1058 3413 1148 3467 Dei
1203 3431 1360 3484 opem
1409 3400 1928 3480 accersendamiido-

337 3503 498 3544 neunt
527 3491 782 3562 habeatis,
838 3515 957 3568 qua:
981 3513 1276 3559 vestra-rum
1318 3510 1545 3575 partium
1576 3524 1720 3579 sunt,
1769 3517 1924 3572 velim

335 3581 620 3652 cxpleatis,
644 3602 847 3659 vosque
877 3607 971 3660 per
993 3593 1295 3665 hujusmodi
1333 3612 1566 3660 mentem
1593 3621 1657 3661 ac
1684 3609 1926 3666 volunta-

335 3684 444 3729 tem
472 3676 762 3735 firmissimi
801 3682 1078 3754 cujusdam
1117 3691 1257 3747 muri
1294 3694 1464 3752 instar
1500 3700 1750 3758 onmibus
1776 3703 1930 3762 orbis

333 3767 589 3826 Ecclesiis
617 3775 899 3842 prazbeatis
913 3815 929 3831 .
993 3773 998 3780 ’

409 3902 618 3960 LXXX
632 3906 727 3963 Vl.
759 3909 900 3966 Mari
926 3917 1184 3988 episcopo.
1239 3919 1467 3994 (Scripta
1497 3939 1639 3982 anno
1662 3929 1828 4005 404.)

400 4036 470 4093 Et
506 4055 627 4094 cum
670 4053 958 4116 tempestas
987 4064 1071 4116 ea,
1118 4067 1221 4122 qua
1269 4053 1508 4114 Ecclesia
1558 4062 1769 4119 turbata
1809 4077 1914 4134 est,

323 4132 646 4200 exoriretur,
694 4140 857 4195 animi
915 4143 989 4196 tui
1041 4145 1398 4217 integritatem
1443 4161 1603 4225 atque
1657 4132 1914 4215 constané

323 4222 452 4276 tiam
497 4230 867 4296 perspeximus
919 4244 1020 4290 :et
1066 4253 1210 4294 nunc
1247 4241 1374 4297 item
1422 4222 1914 4315 ingravescentibus

318 4315 478 4370 malis
503 4317 753 4386 pietatem
784 4331 928 4379 tuam
967 4327 1023 4382 in
1071 4329 1263 4387 iisdem
1299 4350 1484 4392 rursus
1510 4339 1765 4398 institutis
1793 4361 1914 4414 per—

319 4421 573 4464 severare
621 4417 988 4482 cognovimus.
1051 4420 1234 4492 quue
1286 4428 1537 4496 nomine,
1596 4441 1702 4488 tam
1752 4435 1911 4508 longe

318 4498 446 4554 licet
482 4517 514 4556 a
557 4513 606 4559 te
635 4505 829 4576 dissiti,
895 4511 1134 4570 debitum
1193 4517 1286 4574 tibi
1338 4522 1676 4582 salutationis
1713 4498 1910 4587 munus

319 4588 700 4666 persolvimus,
758 4609 916 4672 teque
969 4605 1209 4664 miriﬁcis
1261 4611 1507 4670 laudibus
1555 4618 1904 4689 extollimus,

316 4683 461 4752 quod
488 4681 855 4758 cum‘plurimi
901 4711 996 4765 per
1021 4713 1082 4752 ea
1112 4700 1339 4769 scelera,
1367 4719 1488 4774 qua:
1515 4708 1772 4766 adversus
1799 4712 1906 4766 Ec-

315 4779 512 4834 clesias
552 4780 918 4854 desiguarunt,
937 4805 1059 4846 sese
1085 4791 1137 4847 in
1168 4795 1388 4850 exitium
1416 4801 1716 4870 praecipites
1743 4803 1906 4861 dede-

315 4871 444 4936 rint,
477 4872 589 4940 ipsc
616 4884 792 4932 tamen
819 4879 958 4934 viam
1001 4882 1226 4938 aliorum
1281 4889 1384 4944 via:
1403 4889 1688 4946 adversam
1713 4903 1902 4952 tenue-

312 4962 411 5025 ris,
440 4962 690 5020 nimirum
717 4977 770 5022 et
795 4984 1004 5040 eorum,
1038 4977 1126 5044 qui
1179 4977 1293 5034 haec
1317 4982 1431 5035 ausi
1466 4995 1610 5051 sunt,
1653 5002 1907 5058 congresv

313 5067 430 5106 sum
456 5053 752 5128 defugiens,
781 5073 835 5116 et
858 5079 999 5132 eam,
1028 5083 1147 5138 quae
1169 5078 1221 5126 te
1245 5073 1402 5143 digna
1431 5087 1568 5141 erat,
1599 5053 1899 5138 libertatem

304 5143 570 5202 retinens.
613 5150 867 5222 Cogitans
903 5157 1101 5229 itaque,
1133 5175 1327 5231 quanta
1383 5169 1629 5238 prmelari
1678 5172 1901 5244 hujusce

302 5236 382 5288 tui
414 5237 537 5293 facti
563 5245 871 5313 magnitudo
898 5250 987 5315 sit,
1023 5263 1342 5326 quantaeque
1387 5236 1585 5328 laudis,
1635 5236 1898 5334 improbis

295 5327 529 5385 minime
556 5332 969 5407 obsecundasse,
992 5353 1154 5414 atque
1174 5346 1303 5402 illud
1329 5327 1608 5418 praiterea,
1636 5327 1893 5414 constan-

297 5431 414 5476 tem
469 5425 608 5483 hanc
636 5441 867 5490 vestram
900 5437 1215 5513 ﬁrmamque
1264 5450 1584 5506 sententiam
1610 5452 1891 5524 depellen-

290 5513 492 5573 dorum
510 5521 769 5580 malorum
787 5526 925 5584 viam
950 5545 1014 5586 ac
1035 5535 1352 5603 przeludium
1374 5539 1490 5597 fore
1509 5583 1522 5608 ,
1557 5543 1658 5609 fac,
1682 5513 1888 5616 quaeso,

293 5617 361 5660 ut
386 5613 832 5680 quemadmodum
873 5639 901 5677 a
949 5635 1000 5681 te
1029 5629 1344 5701 postulatur,
1379 5645 1600 5692 strenuo
1627 5613 1808 5698 animo
1833 5613 1886 5698 in

294 5704 582 5767 procinctu
610 5719 742 5778 stes,
786 5723 944 5788 atque
975 5718 1109 5776 alios
1134 5739 1230 5794 pro
1260 5727 1396 5789 virili
1445 5739 1534 5792 tua
1563 5730 1884 5791 cohortor-i8.

1905 290 2279 351 EPISTOLE.

3566 301 3664 358 65‘

2091 409 2179 464 Sic
2202 410 2344 466 enim
2372 412 2441 468 ad
2467 414 2722 472 auxilium
2753 427 2992 475 nostrum
3023 421 3138 479 lucc
3184 425 3395 481 occasio
3442 426 3663 482 sulfece-

2088 500 2177 567 rit,
2207 502 2316 558 Deo
2341 519 2535 576 nempe
2579 518 2810 564 mentem
2853 523 3105 580 vestram,
3151 532 3271 586 quae
3301 517 3353 572 in
3396 527 3539 575 tanta
3580 535 3668 576 re-

2086 606 2205 646 rum
2237 597 2635 664 perturbatione
2658 611 2801 657 recta
2821 603 2990 676 eligit,
3032 609 3437 680 comprobante,
3483 627 3668 668 suam-

2085 696 2188 753 que
2213 700 2368 754 opem
2393 687 2688 747 afferente.

2153 795 2360 853 LXXX
2375 798 2503 856 VII.
2530 802 2746 876 Eu-logio
2765 809 3016 877 episcopo.
3043 810 3276 882 (Scripta
3292 827 3433 870 anno
3452 815 3603 884 ιω.)

2151 909 2403 978 Quamvis
2430 914 2496 969 ad
2520 924 2788 974 extremos
2832 936 2998 992 usque
3032 924 3179 979 orbis
3205 941 3448 984 recessus
3495 945 3664 987 vene-

2078 999 2267 1068 rimus,
2298 1013 2473 1060 tamen
2504 1016 2606 1062 tum
2656 1012 2895 1068 caritatis
2934 1013 3181 1074 oblivisci
3223 1019 3443 1077 minime
3471 1037 3666 1093 possu-

2079 1109 2217 1160 mus,
2242 1111 2435 1154 verum
2464 1116 2580 1156 eam
2605 1105 2802 1173 passim
2831 1107 3256 1169 circumferimus
3285 1131 3300 1168 :
3328 1131 3495 1187 usque
3525 1117 3662 1173 adeo

2077 1201 2174 1240 nos
2203 1227 2219 1254 ,
2290 1194 2739 1252 reverendissime
2805 1213 2868 1254 ae
2924 1201 3322 1273 religiosissime
3396 1208 3654 1276 domine.

2075 1278 2168 1334 tibi
2194 1280 2478 1340 devinxisti
2519 1302 2584 1341 ac
2627 1289 2904 1360 subegisti.
2935 1293 3210 1365 Siquidem
3262 1314 3406 1355 nunc
3441 1317 3654 1372 quoque

2072 1369 2264 1428 Cucusi
2290 1387 2588 1446 manentes,
2620 1378 2722 1436 hoc
2750 1392 2833 1439 est
2862 1385 2915 1439 in
2962 1386 3327 1445 desertissimo
3353 1393 3522 1447 nostri
3567 1410 3658 1447 or-

2068 1459 2151 1514 bis
2194 1461 2356 1531 loco,
2393 1465 2771 1537 benignitatem
2827 1481 2993 1540 tuam,
3054 1479 3407 1546 suavitatem,
3448 1497 3658 1540 morum

2069 1549 2398 1622 facilitatem,
2424 1554 2692 1614 sinceram
2739 1563 2906 1618 animi
2934 1568 3376 1638 prepensionem,
3424 1571 3659 1627 acrimo-

2067 1641 2230 1710 niam,
2257 1646 2432 1702 zelum
2461 1651 2649 1720 quovis
2680 1653 2798 1724 igne
2826 1656 3228 1728 ferventiorem,
3259 1671 3482 1720 caeteras
3505 1665 3658 1720 deui-

2066 1749 2172 1804 que
2197 1751 2385 1793 omnes
2413 1749 2530 1796 tuas
2550 1742 2776 1800 virtutes
2795 1763 2916 1802 cum
2941 1750 3135 1806 animis
3166 1752 3360 1810 nostris
3382 1764 3653 1825 reputare,

2060 1834 2221 1896 atque
2254 1827 2516 1898 ejusmodi
2542 1835 2922 1905 cogitationum
2948 1842 3261 1898 memoriam
3289 1859 3497 1900 summa
3525 1861 3649 1902 cum

2060 1916 2331 1987 voluptate
2355 1936 2636 1993 usurpare,
2676 1929 2976 2000 mentisque
3006 1939 3112 1987 tua:
3142 1933 3448 1992 ﬁrmitatem
3476 1946 3638 2007 atque

2059 2013 2430 2081 constantiam,
2463 2031 2622 2087 quam
2647 2019 2936 2078 exhibuisti
2976 2023 3234 2082 adversus
3256 2043 3352 2083 eos
3380 2030 3470 2098 qui
3498 2031 3644 2086 veri-

2059 2101 2150 2155 tati
2171 2102 2366 2159 bellum
2393 2105 2704 2192 intulerunt,
2731 2112 3026 2184 orbemque
3053 2125 3132 2172 tot
3153 2119 3422 2176 scandalis
3452 2121 3646 2192 imple-

1975 2229 1977 2232 ι
2054 2200 2262 2258 verunt,
2297 2190 2449 2264 apud
2481 2211 2671 2255 omnes
2718 2203 3008 2271 prmdicare
3050 2206 3270 2264 minime
3316 2210 3646 2276 desinimus;

2053 2283 2267 2341 etiamsi
2316 2287 2516 2359 alioqui
2565 2289 2671 2347 hoc
2696 2292 2887 2364 lingua:
2917 2305 3115 2353 nostrae
3142 2297 3378 2354 ofﬁcium
3426 2301 3647 2358 minime

2053 2377 2314 2446 requiras,
2356 2395 2478 2436 cum
2509 2390 2562 2437 tu
2608 2386 2795 2455 quavis
2843 2388 2968 2444 tuba
3015 2391 3233 2458 clarius,
3279 2393 3421 2464 apud
3457 2410 3646 2451 omnes

2050 2467 2382 2538 Orientales,
2413 2484 2468 2550 et
2489 2491 2649 2546 quam
2679 2478 2989 2550 longissime
3009 2481 3227 2542 dissitos
3251 2484 3516 2556 homines,
3549 2505 3644 2558 per

2050 2574 2137 2615 res
2165 2561 2308 2631 ipsas
2335 2563 2388 2619 id
2412 2567 2785 2638 promulgaris.
2816 2571 2934 2638 Quo
2960 2573 3172 2643 quidem
3197 2577 3413 2632 nomine
3436 2579 3636 2647 gratias

2048 2652 2143 2706 tibi
2162 2654 2391 2724 agimus,
2420 2664 2580 2729 teque
2599 2660 2811 2716 beatum
2834 2665 3188 2733 prmdicanms
3212 2683 3275 2723 ac
3291 2671 3632 2740 suspicimus,

2044 2752 2205 2814 atque
2225 2747 2520 2815 hortamur,
2550 2759 2609 2805 ut
2636 2753 2882 2809 eumdem
2909 2757 3080 2811 zelum
3109 2775 3216 2828 prec
3259 2769 3312 2815 te
3339 2760 3482 2817 ferre
3511 2778 3636 2834 per-

2045 2849 2159 2902 gas.
2187 2835 2372 2908 Neque
2419 2840 2561 2896 enim
2607 2845 2749 2913 paris
2801 2845 2970 2901 laudis
2996 2856 3098 2914 cst,
3149 2851 3312 2906 rebus
3364 2866 3432 2907 ex
3471 2854 3634 2909 animi

2041 2928 2303 2982 sententia
2329 2929 2634 3000 fluentibus,
2692 2935 3013 3007 integritatis
3058 2942 3328 3010 specimen
3354 2944 3629 3012 exhibere,

2039 3026 2241 3072 etcum
2271 3021 2420 3076 multi
2462 3023 2570 3078 sint
2594 3026 2684 3096 qui
2732 3026 2999 3084 Ecclesias
3055 3043 3297 3089 evertere
3339 3046 3627 3104 conentur,

2040 3123 2146 3164 non
2177 3119 2355 3167 tamen
2384 3113 2557 3186 decipi
2587 3131 2650 3173 ac
2677 3119 3062 3190 circumscribi,
3109 3125 3204 3181 sed
3252 3125 3468 3184 ﬁrmum
3516 3147 3631 3185 ma-

2038 3215 2184 3267 nere,
2217 3217 2312 3258 eos
2337 3220 2440 3275 qua
2469 3205 2623 3262 decct
2664 3211 2825 3265 animi
2858 3215 3220 3284 magnitudine
3262 3229 3627 3276 aversantem.

2036 3291 2220 3364 Neque
2247 3295 2392 3350 enim
2414 3313 2600 3368 parva,
2633 3316 2817 3357 verum
2849 3319 3104 3375 perquam
3147 3307 3336 3380 ingens
3362 3312 3626 3368 malorum

2032 3384 2302 3441 medicina
2331 3386 2448 3443 haec
2475 3398 2576 3444 est.
2623 3391 2777 3456 Quod
2802 3404 3001 3462 autem,
3027 3399 3224 3468 pietate
3252 3409 3338 3457 tua
3383 3403 3450 3459 ad
3483 3405 3625 3464 hunc

2033 3474 2246 3530 modum
2268 3491 2328 3532 se
2349 3491 2588 3549 gerente,
2613 3499 2802 3540 omnes
2824 3485 3028 3545 domini
3046 3493 3149 3548 mei
3181 3495 3615 3554 reverendissimi

2028 3575 2082 3621 et
2108 3568 2494 3640 religiosissimi
2524 3573 2823 3632 Palaestina:
2861 3582 3097 3654 episcopi
3125 3585 3356 3658 vestigiis
3387 3589 3491 3643 tuis
3517 3589 3623 3645 hu:-

2034 3660 2146 3714 suri
2175 3661 2303 3730 sint,
2334 3663 2553 3722 minime
2582 3668 2673 3723 tibi
2703 3669 2920 3727 dubiqu
2948 3690 3069 3731 esse
3095 3677 3275 3732 credo.
3315 3679 3451 3735 lllud
3475 3683 3621 3739 enim

2027 3752 2160 3806 mihi
2188 3755 2676 3824 exploratissimum
2701 3774 2803 3831 est,
2837 3763 2950 3820 fore
2979 3776 3036 3820 ut
3063 3767 3116 3821 in
3141 3770 3412 3838 prteclaris
3437 3770 3616 3844 hujus-

2024 3841 2168 3898 modi
2220 3843 2396 3914 factis,
2423 3849 2560 3903 sicut
2601 3866 2796 3921 corpus
2834 3855 2996 3924 capiti
3037 3857 3343 3927 adiunctum
3382 3871 3486 3930 est,
3510 3841 3614 3921 ἐἰς

2021 3947 2117 3988 eos
2139 3933 2251 4002 ipse
2279 3951 2399 3990 cum
2443 3939 2679 3996 caritatis
2711 3949 2813 3997 tuae
2834 3946 3097 4002 suavitate
3122 3959 3412 4009 connectas
3433 3969 3499 4010 ac
3520 3971 3614 4014 ve-

2020 4024 2099 4080 lut
2127 4026 2330 4082 catenis
2358 4029 2658 4103 adstringas
2695 4052 2708 4087 :
2741 4037 2885 4107 quod
2912 4039 3128 4108 quidem
3157 4044 3450 4102 maximum
3478 4065 3613 4120 quo-

2019 4133 2122 4189 que
2153 4129 2260 4176 tua:
2285 4122 2495 4178 virtutis
2530 4139 2902 4198 argumentum
2931 4143 3035 4188 est.

2017 4232 2223 4291 LXXX
2236 4234 2402 4294 γιιι.
2427 4239 2623 4297 Joanm'
2659 4245 2892 4318 episcopo
2925 4247 3410 4325 Hierosolymitauo.
3439 4256 3610 4328 (Scri-

2439 4342 2530 4403 pta
2584 4334 2780 4392 Cucusi
2815 4353 2958 4395 anno
3010 4342 3176 4414 404.)

2085 4435 2358 4500 Cucusum
2384 4444 2604 4516 relegati
2640 4463 2852 4516 smnus,
2873 4465 2974 4508 nec
3011 4461 3187 4510 tamen
3210 4469 3242 4510 a
3268 4467 3446 4514 vestra
3470 4460 3607 4518 cari-

2015 4538 2124 4587 tate
2159 4535 2370 4590 semoti.
2409 4534 2544 4592 lllud
2593 4539 2792 4596 etenim
2820 4542 2876 4597 in
2903 4543 3132 4600 aliorum
3155 4557 3415 4617 potestate
3443 4552 3602 4608 situm

2013 4635 2147 4694 erat,
2172 4627 2274 4684 hoc
2291 4639 2472 4685 autem
2497 4632 2549 4686 in
2577 4643 2781 4690 nostra.
2811 4637 3168 4704 Quamobrem
3210 4640 3299 4698 hic
3323 4643 3604 4716 degentes,

2011 4732 2076 4773 ac
2119 4728 2268 4776 tanto
2292 4722 2572 4778 intervallo
2597 4725 2790 4794 dissiti,
2829 4731 3161 4786 venerationi
3191 4743 3380 4790 vestra:
3407 4736 3602 4793 scribi-

2011 4826 2166 4878 mus;
2195 4829 2398 4885 vosque
2427 4815 2720 4883 hortamur,
2762 4831 2819 4876 ut
2841 4821 3207 4881 fortitudinem
3247 4843 3389 4894 enm,
3439 4843 3601 4900 quam

2008 4903 2078 4956 ab
2107 4904 2256 4958 initio
2286 4908 2622 4974 praestitistis,
2675 4911 2743 4964 ab
2787 4927 2974 4968 eorum
3005 4915 3254 4972 nimirum
3298 4928 3463 4988 cuitu,
3509 4924 3600 4992 qui

2006 4994 2273 5053 Ecclesiae
2291 5008 2367 5052 tot
2390 5002 2700 5056 tumultibus
2717 5004 3089 5074 impleverunt,
3117 5025 3212 5066 vos
3234 5024 3598 5081 removentes,

2008 5101 2147 5140 nunc
2199 5103 2411 5160 quoque
2459 5093 2754 5162 retineatis,
2799 5111 3088 5170 paremque
3134 5103 3442 5173 prmludiis,
3487 5105 3600 5162 imo

2003 5181 2166 5235 etiam
2220 5182 2378 5255 longe
2405 5184 2818 5256 splendidiorem
2859 5191 3016 5247 ﬁnem
3067 5193 3370 5266 imponatis.
3411 5196 3599 5270 Neque

2003 5273 2146 5328 enim
2178 5290 2339 5344 parva
2365 5277 2489 5333 hinc
2513 5279 2666 5335 vobis
2691 5296 2899 5338 merces
2920 5287 3208 5342 constituta
3246 5289 3366 5356 erit,
3415 5290 3460 5346 si
3497 5306 3596 5348 eos

2001 5371 2092 5440 qui
2118 5377 2318 5426 tantam
2367 5381 2737 5445 tempestatem
2784 5377 3124 5448 invexerunt,
3177 5383 3593 5456 universumque

2001 5477 2138 5532 pene
2182 5473 2443 5522 terrarum
2471 5467 2661 5524 orbem
2705 5477 2784 5526 tot
2812 5472 3074 5529 scandalis
3115 5475 3489 5545 impleverunt,
3533 5489 3593 5533 ut

1992 5571 2098 5625 \par
2121 5567 2226 5622 est,
2255 5559 2600 5627 aversemini,
2628 5577 2728 5619 nec
2741 5562 3029 5635 quidquam
3047 5581 3167 5622 cum
3190 5567 3292 5625 illis
3306 5577 3586 5624 commune

2001 5648 2263 5708 habeatis.
2300 5651 2414 5710 lloc
2459 5654 2824 5714 Ecclesiarum
2852 5659 3152 5729 prtesidium
3196 5673 3301 5730 est,
3344 5664 3443 5717 hoc
3467 5676 3588 5715 mu-

2000 5757 2112 5813 rus,
2143 5743 2246 5801 hoc
2286 5750 2501 5806 curuum
2542 5758 2732 5809 vestrae
2769 5761 2926 5824 atquc
2970 5756 3208 5827 praemia.
3253 5755 3375 5812 llaec
3430 5751 3586 5823 igitur
