4058 6218
622 322 635 349 Î™

377 381 482 437 666

375 507 496 548 cum
524 489 617 547 tibi
637 491 914 559 perspecta
940 484 1068 550 sint,
1095 480 1313 537 domine
1341 479 1410 532 mi
1437 474 1885 534 reverendissime
1903 486 1968 528 ac

378 582 809 656 religiosissime,
836 579 902 635 da
930 589 1148 647 operam
1173 613 1189 640 ,
1243 581 1302 630 ut
1345 570 1614 629 Eeclesias
1661 567 1764 624 hoc
1815 564 1976 620 modo

379 675 730 733 communias,
749 669 1129 740 amplissimam
1152 664 1278 720 hinc
1293 661 1597 719 mercedem
1615 667 1936 730 exspectans
1959 679 1973 715 :

384 765 678 834 nostrique,
706 762 797 833 qui
838 761 1090 831 pietatem
1142 768 1285 812 tuam
1315 754 1471 810 valde
1507 768 1770 820 amamus,
1817 761 1978 820 atque

383 874 448 912 ex
474 867 561 911 tua
585 853 956 912 benevolentia
987 849 1302 923 pendemus,
1331 845 1414 904 fac
1442 853 1698 916 perpetuo
1715 842 1977 898 memine-

385 951 482 1004 ris.
506 947 635 1002 Nam
673 947 801 1016 ipsis
827 944 1079 1014 operibus
1101 941 1381 997 didicimus
1400 980 1414 1004 ,
1443 943 1695 1009 quantam
1717 947 1842 1006 erga
1867 947 1972 987 nos

386 1040 662 1092 caritatem
689 1052 798 1108 prae
820 1045 871 1090 te
901 1035 1103 1089 tuleris.

387 1169 700 1226 LXXXIX.
759 1168 1038 1226 Theodosio
1081 1163 1411 1237 Scythopolis
1449 1163 1702 1234 episcopo.
1752 1161 1982 1232 (Cucusu

1029 1275 1170 1315 anno
1198 1258 1351 1328 404.)

463 1396 572 1452 Nos
591 1396 828 1467 quidem,
871 1396 914 1448 si
944 1395 1044 1449 loci
1073 1394 1209 1448 ratio
1237 1392 1518 1458 habeatur,
1554 1390 1735 1460 procul
1775 1405 1807 1445 a
1835 1388 1988 1444 vobis

398 1491 704 1544 distamus:
747 1489 790 1542 si
832 1495 1009 1541 autem
1059 1480 1316 1550 caritatis,
1367 1499 1534 1555 prope
1569 1498 1774 1548 sumus,
1829 1494 1989 1551 atque

396 1581 576 1638 animo
605 1580 720 1649 ipso
747 1578 1178 1648 constringimur.
1203 1576 1334 1632 Nam
1354 1591 1416 1630 ea
1441 1575 1639 1628 amoris
1661 1584 1850 1628 natura
1881 1580 1987 1638 est,

401 1681 456 1728 ut
480 1685 580 1727 nec
604 1671 724 1726 loco
753 1669 1090 1739 prohibeatur
1113 1710 1128 1735 ,
1159 1683 1258 1722 nec
1287 1667 1386 1722 viae
1415 1665 1801 1736 longinquitate
1830 1678 1990 1718 coer-

401 1771 604 1829 ceatur,
632 1777 816 1816 verum
846 1775 939 1830 per
975 1759 1284 1814 universum
1334 1767 1595 1812 terrarum
1625 1758 1811 1810 urbem
1843 1753 1994 1810 facile

403 1852 666 1922 provolet,
697 1860 857 1922 atque
891 1866 1014 1906 cum
1053 1850 1118 1905 iis
1137 1850 1226 1920 qui
1252 1859 1514 1913 amantur,
1557 1846 1994 1902 consuetudinem

404 1947 614 2002 habent.
647 1947 800 2013 Quod
823 1946 984 2001 etiam
1030 1960 1171 1999 nunc
1221 1943 1464 2008 iacimus,
1489 1941 1575 2012 qui
1609 1955 1706 1994 vos
1735 1941 1786 1994 in
1816 1940 1996 1994 animo

406 2040 843 2098 circumferimus.
877 2041 954 2094 Ac
993 2052 1261 2109 rogamus,
1314 2044 1368 2090 ut
1401 2033 1853 2106 quemadmodum
1895 2048 1994 2087 an-

410 2134 562 2188 tehac
584 2134 780 2204 vosipsi
803 2132 954 2188 vobis
981 2139 1375 2195 ornamentum,
1401 2139 1563 2200 atque
1587 2126 1841 2183 Ecclesiis
1858 2142 1995 2197 prae-

409 2226 600 2280 sidium
623 2224 894 2289 attulistis,
919 2224 998 2279 sic
1023 2224 1183 2278 etiam
1223 2236 1364 2276 nunc
1409 2221 1613 2274 faciatis
1641 2237 1654 2273 :
1685 2235 1884 2290 eosque
1909 2219 1999 2290 qui

411 2325 486 2370 tot
532 2316 789 2370 tumultus
839 2315 891 2368 in
926 2321 1189 2368 terrarum
1237 2312 1423 2366 orbem
1476 2311 1794 2381 injecerunt,
1843 2319 2003 2379 atque

414 2407 680 2463 Ecclesias
705 2405 1102 2476 perturbarunt,
1130 2419 1191 2458 ea
1222 2419 1380 2473 quam
1414 2402 1652 2456 muneris
1680 2403 1844 2456 vestri
1867 2403 2003 2456 ratio

417 2499 649 2568 postulat
691 2496 854 2552 animi
903 2495 1267 2567 magnitudine
1310 2495 1648 2550 averscmiui.
1704 2494 1816 2549 Hoc
1859 2495 2002 2550 enim

413 2589 745 2660 depellenda:
770 2589 1100 2659 tempestatis
1131 2587 1336 2642 initium
1365 2597 1447 2642 est
1470 2629 1484 2652 ,
1512 2585 1615 2642 hoc
1645 2587 2002 2643 Ecclesiarum

414 2683 691 2749 securitas,
741 2681 841 2736 hoc
866 2681 1132 2736 malorum
1159 2680 1445 2745 medicina,
1477 2695 1597 2734 cum
1627 2680 1878 2734 nimirum
1911 2693 2006 2732 vos

415 2773 504 2844 qui
531 2774 646 2829 sani
687 2773 836 2838 estis,
880 2787 1067 2828 eorum
1094 2772 1182 2843 qui
1231 2771 1534 2841 huiusmodi
1571 2772 1771 2826 scelera
1814 2785 2003 2841 perpe-

420 2875 578 2932 trant,
607 2876 881 2938 aspectum
919 2863 1186 2936 defugitis,
1215 2863 1454 2936 nihilque
1478 2879 1600 2920 cum
1631 2863 1710 2920 eis
1737 2877 2003 2920 commero

419 2960 485 3013 cii
508 2959 733 3014 habetis.
765 2959 895 3027 Quae
918 2975 1040 3014 cum
1063 2960 1133 3013 ita
1161 2960 1287 3026 sint,
1318 2959 1394 3014 rei
1427 2958 1647 3030 hujusce
1679 2962 2003 3028 mercedem,

421 3061 474 3108 et
498 3065 726 3107 coronas
746 3052 815 3105 ob
838 3065 957 3106 eam
986 3067 1201 3106 causam
1231 3052 1550 3106 consututas
1583 3093 1600 3122 ,
1629 3054 1810 3106 animo
1837 3059 1890 3105 et
1913 3067 2007 3106 co-

421 3144 675 3214 gitatione
711 3143 1094 3213 complectens,
1146 3143 1215 3196 ad
1256 3143 1358 3198 hoc
1400 3143 1570 3213 ipsum
1597 3185 1612 3210 ,
1640 3157 1843 3214 quaeso,
1890 3157 2006 3199 eam

423 3250 581 3305 quam
609 3249 705 3306 par
724 3243 827 3300 est,
848 3234 1011 3288 animi
1030 3233 1446 3305 magnitudinem
1474 3244 1689 3304 pra-sta,
1713 3235 2005 3306 nostrique,

422 3327 512 3397 qui
541 3337 591 3383 te
617 3341 877 3391 amamus,
902 3326 1207 3381 meminisse
1233 3340 1300 3380 ne
1327 3325 1665 3380 intermittas.
1689 3324 1842 3395 Quod
1862 3328 1906 3382 si
1929 3327 2008 3380 fe-

423 3419 582 3486 ceris,
612 3433 728 3473 rem
751 3417 904 3472 nobis
933 3416 1287 3488 gratissimam
1308 3415 1515 3470 feceris.

597 3552 711 3611 XC.
743 3551 915 3624 Moysi
956 3552 1210 3624 episcopo.
1245 3550 1475 3622 (Scripta
1513 3565 1656 3608 anno
1678 3552 1837 3624 404.)

497 3691 633 3756 Etsi,
659 3699 719 3745 ut
744 3705 884 3752 eam,
915 3705 1073 3760 quam
1096 3689 1364 3752 convenit,
1392 3689 1556 3742 animi
1581 3686 2004 3757 magnitudinem

428 3791 670 3854 praastes,
708 3797 915 3854 eosque
945 3782 1034 3852 qui
1077 3790 1156 3837 tot
1203 3781 1356 3836 malis
1385 3781 1650 3836 Ecclesias
1693 3779 2010 3847 affecerunt,

428 3892 491 3932 ac
521 3886 780 3934 terrarum
817 3877 1002 3933 orbem
1033 3877 1346 3932 tumultibus
1375 3875 1764 3946 impleverunt,
1793 3889 2013 3930 averse-

431 3973 522 4038 ris,
557 3980 608 4026 te
636 3971 806 4026 literis
829 3970 1023 4026 nostris
1053 3969 1298 4043 indigere
1319 3970 1537 4024 minime
1575 3969 1858 4034 existimo;
1890 3983 2015 4022 nam

433 4064 486 4120 id
532 4065 691 4120 rebus
734 4065 862 4135 ipsis
889 4064 1166 4119 declarasti
1199 4081 1212 4118 :
1261 4075 1436 4118 tamen
1469 4064 1718 4135 quoniam
1758 4070 1810 4118 te
1857 4077 2016 4133 quam

434 4155 746 4224 saepissime,
777 4163 832 4210 et
859 4156 1043 4224 quavis
1067 4155 1243 4209 oblata
1265 4155 1570 4220 occasione,
1595 4155 1846 4218 salutare,
1882 4151 2018 4207 anti-

435 4245 692 4314 quissimo
708 4244 836 4298 mihi
850 4243 1026 4299 studio
1048 4253 1149 4310 est,
1177 4259 1319 4298 nunc
1342 4259 1555 4315 quoque
1579 4244 1717 4298 idem
1741 4259 1770 4298 a
1794 4251 1846 4298 te
1871 4253 2015 4314 peto,

438 4347 492 4392 ut
517 4338 583 4392 ad
631 4352 817 4392 eorum
867 4346 1041 4392 catus
1069 4336 1366 4405 fugiendos,
1396 4351 1536 4402 eam,
1581 4352 1738 4406 quam
1796 4351 1890 4406 par
1914 4345 2017 4400 est,

445 4431 604 4486 animi
653 4428 1012 4486 fortitudinem
1051 4427 1326 4496 adhibeas,
1375 4427 1616 4497 aliosque
1638 4428 1797 4482 etiam
1828 4427 1893 4480 ad
1921 4428 2022 4480 hoc

441 4527 614 4596 ipsum
635 4524 950 4580 cohorteris.
983 4522 1170 4593 Neque
1193 4522 1336 4579 enim
1365 4521 1489 4576 hinc
1517 4535 1678 4590 parva
1700 4521 1852 4574 vobis
1873 4535 2018 4574 mer-

435 4634 529 4674 ces
567 4619 854 4674 constituta
894 4617 1019 4680 erit,
1047 4617 1092 4671 si
1130 4603 1233 4671 eos
1263 4616 1359 4686 qui
1396 4623 1597 4668 tantam
1652 4621 2022 4683 tempestatem

439 4714 757 4780 excitarunt,
802 4721 963 4782 atque
1011 4710 1305 4764 innumeris
1337 4707 1602 4762 scandalis
1632 4715 1801 4760 totum
1838 4705 2022 4760 orbem

439 4807 814 4878 impleverunt,
865 4801 1313 4877 quemadmodum
1344 4799 1518 4866 decet,
1559 4799 1844 4855 averseris.
1888 4796 2024 4853 Nam

441 4900 542 4955 hac
567 4901 775 4958 ratione
801 4915 890 4956 res
914 4900 997 4954 vel
1016 4899 1246 4952 maxime
1266 4897 1614 4951 sanabuntur.
1641 4893 1820 4948 Nostri
1841 4893 2021 4955 etiam,

439 4991 528 5058 qui
577 4999 630 5046 te
675 4991 1010 5047 carissimum
1058 4989 1318 5045 habemus
1347 5027 1363 5052 ,
1404 4994 1669 5056 perpetuo
1719 4984 2028 5040 memineris

442 5083 620 5136 velim.
646 5081 766 5137 Scis
801 5082 944 5136 enim
971 5095 1078 5151 quo
1105 5081 1286 5135 animo
1323 5092 1448 5150 erga
1485 5087 1540 5133 te
1577 5076 1837 5132 hactenus
1859 5075 2026 5132 fueri-

440 5188 582 5239 mus,
610 5182 668 5228 et
693 5187 908 5244 semper
932 5172 1120 5228 simus.

524 5304 672 5361 XCI.
704 5303 936 5360 Romano
954 5304 1240 5378 presbytero
1265 5304 1304 5359 Â¹.
1335 5302 1577 5375 (Cucuso
1606 5315 1748 5357 anno
1777 5297 1941 5370 404.)

517 5437 574 5493 ld
601 5453 816 5508 quoque
845 5447 993 5494 tuum
1021 5447 1124 5505 est,
1156 5439 1439 5510 magnique
1480 5437 1558 5493 tui
1595 5446 1652 5494 et
1687 5435 1928 5492 sublimis
1970 5449 2036 5489 ae

449 5531 799 5601 philosophici
826 5532 1011 5598 animi,
1057 5548 1127 5588 ne
1173 5533 1226 5587 in
1261 5541 1408 5588 tanta
1455 5530 1670 5602 quidem
1716 5537 2036 5599 tempestate

451 5630 650 5678 nostrae
695 5622 934 5679 caritatis
955 5623 1218 5690 oblivisci,
1255 5639 1441 5680 verum
1488 5621 1703 5678 firmum
1733 5628 1894 5690 atque
1931 5620 2035 5674 im-

453 5725 658 5773 motum
681 5731 992 5787 permanere
1019 5730 1365 5786 amoremque
1391 5730 1514 5786 erga
1542 5727 1640 5769 nos
1672 5723 1820 5768 tuum
1849 5712 2036 5781 vigen-

521 5831 540 5866 â¸
571 5832 822 5886 Vaticanus
843 5833 1010 5898 habet,
1040 5839 1246 5884 Romano
1273 5828 1551 5894 presbytero
1571 5823 1821 5878 monacho.

1120 370 1180 427 S.
1220 366 1498 424 JOANNIS
1535 357 2015 421 CHRYSOSTOMI
2053 352 2368 410 ARCHIEP.
2408 346 2942 407 CONSTANTINOP.

3566 323 3668 377 036

2084 481 2191 526 tem
2238 468 2488 524 retinere.
2524 465 2656 520 Nam
2688 467 2792 520 hoc
2827 477 2895 518 ex
2924 459 2989 515 iis
3015 467 3245 527 quoque,
3270 453 3361 524 qui
3389 447 3546 505 istinc
3570 462 3663 502 ve-

2081 564 2257 631 niunt,
2301 568 2486 629 aperte
2513 557 2890 629 cognovimus,
2919 566 2982 606 ac
3019 550 3168 621 prius
3193 546 3376 613 etiam,
3416 556 3580 615 quam
3611 539 3665 594 id

2081 657 2147 710 ab
2166 654 2282 708 aliis
2303 652 2624 720 acciperem,
2646 639 3285 716 exploratumâ€˜habebam.
3309 633 3500 690 Notam
3526 631 3670 688 enim

2086 747 2259 804 habeo,
2282 742 2445 799 animi
2475 742 2546 796 tui
2570 739 2876 794 firmitatem
2896 742 3058 804 atque
3079 726 3457 789 constantiam,
3483 722 3673 778 ï¬xam-

2083 852 2188 908 que
2227 845 2286 892 et
2335 835 2610 889 immotam
2639 841 2778 885 tuam
2807 825 3148 882 sententiam.
3175 821 3361 891 quue
3385 817 3550 872 etiam
3579 831 3675 868 no-

2085 929 2229 983 mine
2267 927 2510 997 ingentes
2539 921 2721 992 pietati
2755 929 2857 974 tuze
2884 915 3086 987 gratias
3115 912 3289 967 habeo
3321 925 3335 964 :
3367 918 3524 976 teque
3555 919 3674 968 oro,

2085 1037 2148 1077 ac
2167 1022 2355 1076 summi
2385 1016 2628 1074 beneficii
2653 1015 2774 1070 loco
2799 1011 2855 1067 id
2875 1011 2972 1064 abs
3002 1019 3052 1064 te
3075 1016 3220 1076 peto,
3240 1011 3299 1058 ut
3325 1017 3444 1056 cum
3464 999 3678 1055 licuerit

2087 1113 2152 1168 ad
2179 1127 2276 1167 nos
2322 1110 2549 1165 scribas.
2582 1107 2702 1163 Seis
2729 1105 2875 1160 enim
2921 1111 3142 1171 quanta,
3189 1095 3352 1152 etiam
3407 1093 3462 1147 in
3501 1089 3677 1146 aliena

2090 1204 2309 1274 regione
2330 1201 2607 1272 degentes,
2639 1193 3008 1253 consolatione
3043 1188 3363 1249 afficiamur,
3391 1197 3515 1237 cum
3555 1181 3679 1234 lite-

2093 1270 2180 1349 ras
2207 1309 2326 1363 qua:
2349 1270 2448 1345 nos
2475 1290 2544 1345 de
2570 1301 2657 1343 tua
2688 1284 2991 1342 valetudine
3030 1279 3288 1335 certiores
3319 1273 3516 1328 faciant
3542 1270 3684 1323 acci-

2093 1389 2286 1456 pimus.
2313 1384 2388 1439 Te
2423 1383 2621 1453 quippe
2653 1380 2857 1449 integra
2884 1385 3045 1445 atque
3093 1367 3347 1425 incolumi
3377 1363 3682 1456 valetudine

2093 1455 2213 1534 esse
2260 1476 2606 1533 vehementer
2657 1471 2900 1542 cupimus
2923 1509 2940 1535 ,
2993 1460 3422 1537 quandoquidem
3485 1455 3688 1512 sanitas

2094 1583 2306 1640 quoque
2338 1579 2425 1622 tua
2471 1565 2650 1620 multis
2679 1561 2977 1618 subsidium
3027 1566 3082 1612 et
3119 1562 3302 1626 portus
3326 1565 3390 1606 ae
3435 1548 3688 1604 bacillum

2096 1671 2197 1728 est,
2227 1671 2386 1730 atque
2415 1659 2818 1714 innumerorum
2845 1663 3190 1708 suecessuum
3227 1643 3469 1701 materia.

2169 1793 2350 1851 XCII.
2380 1792 2550 1866 Moysi
2577 1787 2912 1862 presbyteroâ€˜.
2931 1784 3034 1857 (Ab
3062 1796 3205 1838 anno
3229 1779 3335 1836 404
3360 1776 3426 1833 ad
3452 1775 3614 1845 407.)

2171 1929 2412 1986 Laudum
2443 1941 2650 1994 earum,
2678 1940 2811 1996 quas
2839 1922 2994 1978 nobis
3021 1918 3192 1976 literis
3220 1916 3325 1972 tuis
3349 1913 3561 1972 tribuis.
3580 1926 3696 1966 ma-

2101 2023 2320 2094 gnitudo
2363 2021 2671 2076 tenuitatem
2727 2027 2966 2074 nostram
3021 2013 3179 2082 longe
3218 2017 3453 2080 superat.
3494 2006 3696 2073 Quatu-

2102 2116 2289 2171 obrem
2312 2113 2396 2168 his
2412 2111 2645 2176 omissis,
2675 2109 2833 2163 velim
2875 2117 2985 2162 tum
3026 2118 3125 2174 pro
3169 2099 3392 2172 publicis
3428 2096 3699 2153 Ecclesia-

2105 2224 2223 2264 rum
2262 2205 2588 2267 commodis,
2621 2214 2732 2258 tum
2775 2217 2872 2272 pro
2904 2215 2990 2255 me
3014 2199 3103 2252 vili
3151 2191 3471 2250 houmnculo
3512 2205 3698 2259 preces

2105 2299 2170 2354 ad
2206 2299 2370 2354 Deum
2401 2297 2656 2352 adhibere
2686 2310 2756 2349 ne
2782 2293 3016 2356 desinas,
3045 2289 3268 2358 ejusque
3312 2283 3698 2354 benignitatem

2108 2393 2396 2462 implorare
2432 2401 2591 2458 atque
2639 2385 2920 2449 obtestari,
2951 2391 3010 2437 ut
3051 2397 3113 2436 ea
3144 2379 3284 2435 mala
3305 2418 3322 2445 ,
3365 2391 3486 2446 qua:
3508 2373 3699 2430 orbem

2110 2495 2374 2540 terrarum
2405 2483 2738 2545 invaserunt,
2767 2477 3016 2546 depellat.
3044 2473 3177 2528 Nam
3214 2470 3500 2541 prementia
3531 2481 3700 2536 negoâ€”-

2109 2580 2180 2631 tia
2215 2589 2398 2647 preces
2437 2573 2715 2628 dumtaxat
2760 2569 3058 2640 requirunt,
3103 2581 3166 2620 ac
3207 2575 3322 2620 tuas
3375 2561 3698 2632 praesertim,

2108 2685 2198 2739 qui
2249 2682 2494 2737 magnam
2537 2664 2678 2734 apud
2729 2663 2893 2718 Deum
2921 2659 3171 2715 fiduciam
3213 2673 3272 2712 es
3314 2665 3698 2724 consequutus.

2110 2758 2467 2828 Quamobrem
2495 2756 2690 2811 obnixe
2715 2753 2856 2808 istud
2880 2766 2945 2806 ac
2974 2750 3182 2821 prolixe
3225 2746 3403 2800 facere
3434 2759 3502 2799 ne
3529 2743 3699 2796 inter-

2111 2854 2295 2909 mittas
2343 2869 2356 2905 :
2409 2851 2668 2919 nobisque
2721 2847 2901 2911 etiam,
2950 2845 3159 2914 quoties
3219 2839 3442 2894 facultas
3487 2835 3703 2890 dabitur

2115 2946 2333 3016 (neque
2373 2943 2513 2997 enim
2561 2953 2750 3010 magna
2791 2933 3000 2992 itineris
3037 2931 3312 3003 longitudo
3347 2941 3433 2986 est
3457 2927 3499 3002 ),
3541 2942 3702 2998 quam

2112 3039 2409 3111 saepissime
2434 3035 2670 3091 scribere
2693 3047 2762 3088 ne
2784 3030 3044 3103 graveris.
3080 3025 3355 3097 Siquidem
3379 3023 3447 3078 de
3479 3032 3565 3076 tua
3605 3035 3701 3072 va-

2115 3131 2355 3187 letudine
2383 3141 2708 3198 magnopere
2729 3123 2927 3194 aliquid
2968 3123 3110 3176 scire
3137 3119 3425 3189 cupimus:
3455 3113 3702 3184 quando-

2112 3227 2329 3298 quidem
2358 3222 2607 3278 valetudo
2625 3229 2712 3275 tua
2734 3217 2935 3272 multos
2959 3215 3109 3270 fulcit
3137 3223 3193 3267 et
3215 3209 3542 3266 consolatur.
3567 3205 3702 3261 Nam

2116 3320 2226 3376 vita
2249 3328 2337 3374 tua
2361 3331 2578 3386 semper
2598 3311 2900 3370 necessaria
2927 3319 3032 3374 est,
3057 3321 3200 3361 nunc
3226 3319 3355 3359 vero
3384 3300 3618 3355 maxime
3649 3299 3703 3352 in

2117 3421 2260 3467 tanta
2306 3417 2622 3479 tempestate
2659 3415 2713 3461 et
2753 3403 3000 3473 caligine,
3049 3411 3104 3453 ut
3143 3397 3262 3466 puri
3297 3393 3488 3450 sideris
3529 3391 3708 3460 instar

2117 3503 2406 3574 splendens
2431 3502 2516 3567 iis,
2552 3499 2644 3570 qui
2669 3501 2984 3566 tempestate
3029 3506 3093 3546 ac
3138 3488 3386 3544 lluctibus
3413 3485 3706 3553 iactantur,

2117 3596 2430 3667 prarluccas.
2459 3589 2840 3660 Quamobrem,
2871 3594 2930 3641 ut
2973 3597 3072 3638 nos
3117 3595 3332 3652 quoque
3373 3577 3496 3631 laeto
3545 3582 3712 3641 atque

2117 3691 2280 3746 alacri
2304 3689 2486 3743 animo
2510 3688 2699 3747 simus,
2727 3683 2944 3738 crebras
2969 3678 3036 3735 ad
3076 3691 3174 3732 nos
3197 3675 3267 3730 de
3288 3683 3375 3728 tua
3402 3667 3710 3724 valemdine

2118 3783 2302 3838 literas
2334 3781 2487 3836 mitte
2515 3797 2529 3832 :
2556 3794 2655 3833 nec
2681 3777 2824 3833 enim
2870 3785 3090 3844 parvam
3121 3768 3246 3823 hinc
3281 3761 3710 3821 consolationem

2119 3879 2414 3949 capiemus,
2432 3875 2476 3930 si
2498 3873 2550 3930 id
2579 3873 2648 3928 de
2669 3870 2820 3926 vobis
2840 3881 3000 3940 quam
3018 3863 3316 3934 saepissime
3339 3859 3632 3916 discamus.

2121 4007 2338 4066 XCIII.
2366 4007 2681 4079 Aphthonio,
2715 4002 2994 4066 Theodoto,
3035 3999 3276 4060 Clum-ere,
3316 3989 3620 4063 presbyteris
3663 3999 3714 4042 et

2195 4102 2471 4167 monachis,
2502 4101 2830 4168 universaque
2850 4102 3006 4149 vestro
3021 4088 3277 4147 sodalitio.
3299 4087 3543 4160 (Cucuso
3569 4095 3718 4137 anno

2200 4195 2346 4265 tos.)

2196 4331 2351 4402 Apud
2381 4346 2496 4397 eos,
2518 4330 2604 4398 qui
2633 4335 2833 4391 amant,
2861 4335 3122 4393 corporea
3157 4331 3340 4374 eorum
3373 4328 3509 4397 quos
3533 4320 3725 4365 amant

2127 4425 2409 4498 przeseutia
2437 4423 2555 4492 plus
2576 4417 2949 4483 adlevandum
2973 4413 3216 4468 dolorem
3239 4406 3494 4463 momenti
3530 4403 3723 4459 habet.

2127 4519 2261 4574 Nam
2286 4526 2341 4572 et
2371 4517 2556 4570 beatus
2583 4513 2796 4577 Paulus,
2821 4509 2910 4580 qui
2933 4503 3177 4568 subinde,
3206 4500 3290 4556 vel
3319 4506 3577 4570 perpetuo
3613 4511 3727 4563 po-

2129 4613 2254 4675 tius,
2279 4610 2588 4665 universum
2616 4603 2853 4659 fidelium
2878 4601 3062 4656 orbem
3085 4611 3266 4650 animo
3280 4587 3724 4651 circumferebat,

2129 4721 2192 4761 ac
2220 4720 2287 4759 ne
2313 4704 2450 4757 inter
2476 4698 2686 4754 vincula
2711 4695 2924 4766 quidem
2959 4701 3014 4747 et
3050 4685 3337 4758 compedes
3375 4692 3429 4738 et
3454 4682 3509 4736 in
3534 4679 3756 4750 defenâ€”_

2131 4797 2324 4851 sioneâ€™
2351 4806 2447 4848 eos
2494 4790 2766 4860 deponere
2809 4782 3148 4844 sustinebat,
3203 4777 3258 4831 id
3291 4773 3433 4846 quod
3478 4770 3726 4825 indicans

2132 4888 2381 4944 dicebat:
2414 4882 2490 4937 Eo
2518 4881 2654 4950 quod
2683 4878 2893 4933 habeant
2936 4891 3020 4928 vos
3045 4874 3098 4926 in
3135 4869 3317 4932 corde,
3347 4873 3394 4920 et
3427 4864 3486 4918 in
3510 4861 3732 4916 vinculis

2131 4981 2276 5045 meis,
2320 4989 2368 5034 et
2421 4979 2475 5031 in
2515 4973 2805 5046 defensione
2858 4978 2904 5022 et
2946 4968 3001 5020 iit
3049 4961 3430 5032 conï¬rnwtione
3479 4954 3732 5025 evangelii

2136 5072 2376 5144 (Philip.
2404 5071 2458 5124 1.
2494 5068 2525 5122 7
2557 5068 2576 5137 )
2610 5060 2888 5132 :corporis
2924 5071 3138 5128 quoque
3178 5050 3519 5144 pnesentiam
3569 5047 3732 5144 cupi-

2135 5138 2353 5218 dissime
2381 5157 2705 5228 requirebat,
2735 5153 2819 5208 his
2838 5150 3016 5206 verbis
3037 5158 3193 5202 utens
3225 5164 3238 5199 :
3266 5141 3377 5196 Nos
3401 5156 3517 5195 vero
3543 5138 3730 5192 absen-

2137 5268 2209 5311 tes
2237 5255 2360 5328 farti
2399 5269 2432 5304 a
2469 5249 2605 5304 vobis
2633 5248 2700 5302 ad
2728 5250 2868 5300 Iwrw
2891 5254 3108 5312 tempus,
3138 5249 3364 5308 aspectu,
3393 5250 3496 5288 non
3534 5232 3690 5285 corde
3713 5273 3731 5295 ,

2137 5323 2478 5401 abundantius
2507 5342 2789 5398 studuimus
2815 5338 2998 5408 faciem
3019 5345 3236 5389 uestram
3265 5328 3430 5384 uidere
3449 5327 3525 5397 (Î¹.
3543 5323 3729 5378 Thess.

2137 5441 2334 5509 2.17).
2363 5437 2514 5505 Quod
2567 5436 2728 5491 etiam
2768 5432 2922 5488 nobis
2969 5444 3112 5486 nunc
3142 5443 3241 5481 usu
3288 5424 3452 5486 venit,
3494 5421 3582 5492 qui
3616 5429 3732 5473 tum

2138 5548 2325 5590 eorum
2373 5530 2466 5601 qui
2503 5529 2616 5599 jam
2664 5543 2763 5583 nos
2800 5524 3068 5589 viderunt,
3114 5530 3227 5576 tum
3281 5532 3488 5581 eorum,
3534 5513 3735 5584 quibus

2141 5626 2377 5684 nondum
2406 5624 2477 5679 de
2498 5622 2634 5678 facie
2663 5621 2773 5676 noti
2816 5631 3002 5674 sumus
3023 5655 3038 5682 ,
3069 5610 3413 5685 prasentism
3450 5605 3608 5663 avido
3635 5618 3732 5660 re-

2206 5763 2233 5826 Î¾
2262 5757 2403 5808 Addit
2425 5750 2952 5826 Regius,â€˜mm_tastica_m
2974 5743 3362 5826 Ï…á½·Î¾Î±Î¹Î·á¾³Î±Ï‚á¿–ÎµÎ·á½·Î¾Î‡Î”
3386 5807 3482 5826 ,Ï‰Îµ

2212 5821 2236 5856 â¸
2268 5830 2393 5881 Haec,
2417 5811 2533 5872 etin
2557 5816 2848 5883 defensione,
2873 5815 3048 5864 absunt
3070 5825 3093 5860 a
3121 5818 3238 5873 Reg.
3266 5817 3317 5858 et
3335 5819 3365 5856 a
3386 5811 3534 5856 vane.
