  <div class='ocr_page' id='page_1' title='image "/cluster/home/n/w/nwhite01/storage/ocr_20150623/52/hvd.32044073501918/277.png"; bbox 0 0 4058 6218; ppageno 0'>
   <div class='ocr_carea' id='block_1_1' title="bbox 430 471 2013 577">
    <p class='ocr_par' dir='ltr' id='par_1_1' title="bbox 430 471 2013 577">
     <span class='ocr_line' id='line_1_1' title="bbox 430 471 2013 577; baseline -0.02 -22"><span class='ocrx_word' id='word_1_1' title='bbox 430 498 533 577; x_wconf 72' lang='grc' dir='ltr'><strong>τὴν</strong></span> <span class='ocrx_word' id='word_1_2' title='bbox 564 484 886 570; x_wconf 75' lang='grc' dir='ltr'><strong>παρουσίαν.</strong></span> <span class='ocrx_word' id='word_1_3' title='bbox 904 490 1043 544; x_wconf 81' lang='grc' dir='ltr'><strong>Ἀλλ’</strong></span> <span class='ocrx_word' id='word_1_4' title='bbox 1075 483 1264 559; x_wconf 81' lang='grc' dir='ltr'><strong>ἐπειδὴ</strong></span> <span class='ocrx_word' id='word_1_5' title='bbox 1292 479 1453 537; x_wconf 89' lang='grc' dir='ltr'><strong>τοῦτο</strong></span> <span class='ocrx_word' id='word_1_6' title='bbox 1483 478 1624 545; x_wconf 89' lang='grc' dir='ltr'><strong>τέως</strong></span> <span class='ocrx_word' id='word_1_7' title='bbox 1645 476 1745 529; x_wconf 88' lang='grc' dir='ltr'><strong>οὐκ</strong></span> <span class='ocrx_word' id='word_1_8' title='bbox 1772 471 2013 577; x_wconf 47' lang='grc' dir='ltr'><strong>ἔνι-(κω-</strong></span> 
     </span>
    </p>
   </div>
   <div class='ocr_carea' id='block_1_2' title="bbox 434 565 2016 660">
    <p class='ocr_par' dir='ltr' id='par_1_2' title="bbox 434 565 2016 660">
     <span class='ocr_line' id='line_1_2' title="bbox 434 565 2016 660; baseline -0.018 -14"><span class='ocrx_word' id='word_1_9' title='bbox 434 565 553 646; x_wconf 79' lang='grc' dir='ltr'><strong>λύει</strong></span> <span class='ocrx_word' id='word_1_10' title='bbox 581 565 693 660; x_wconf 68' lang='grc' dir='ltr'><strong>γάρ</strong></span> <span class='ocrx_word' id='word_1_11' title='bbox 725 587 819 641; x_wconf 82' lang='grc' dir='ltr'><strong>καὶ</strong></span> <span class='ocrx_word' id='word_1_12' title='bbox 860 584 959 655; x_wconf 85' lang='grc' dir='ltr'><strong>τῆς</strong></span> <span class='ocrx_word' id='word_1_13' title='bbox 988 579 1111 634; x_wconf 84' lang='grc' dir='ltr'><strong>όδοῦ</strong></span> <span class='ocrx_word' id='word_1_14' title='bbox 1155 576 1217 631; x_wconf 84' lang='grc' dir='ltr'><strong>τὸ</strong></span> <span class='ocrx_word' id='word_1_15' title='bbox 1254 578 1448 649; x_wconf 81' lang='grc' dir='ltr'><strong>μῆκος,</strong></span> <span class='ocrx_word' id='word_1_16' title='bbox 1496 571 1591 627; x_wconf 77' lang='grc' dir='ltr'><strong>καὶ</strong></span> <span class='ocrx_word' id='word_1_17' title='bbox 1641 571 1675 642; x_wconf 80' lang='grc' dir='ltr'><strong>ἡ</strong></span> <span class='ocrx_word' id='word_1_18' title='bbox 1720 567 1816 622; x_wconf 92' lang='grc' dir='ltr'><strong>τοῦ</strong></span> <span class='ocrx_word' id='word_1_19' title='bbox 1864 565 2016 629; x_wconf 72' lang='grc' dir='ltr'><strong>ἔτους</strong></span> 
     </span>
    </p>
   </div>
   <div class='ocr_carea' id='block_1_3' title="bbox 434 660 2016 752">
    <p class='ocr_par' dir='ltr' id='par_1_3' title="bbox 434 660 2016 752">
     <span class='ocr_line' id='line_1_3' title="bbox 434 660 2016 752; baseline -0.015 -18"><span class='ocrx_word' id='word_1_20' title='bbox 434 678 575 752; x_wconf 84' lang='grc' dir='ltr'><strong>ὥρα,</strong></span> <span class='ocrx_word' id='word_1_21' title='bbox 604 677 699 731; x_wconf 79' lang='grc' dir='ltr'><strong>καὶ</strong></span> <span class='ocrx_word' id='word_1_22' title='bbox 724 678 754 729; x_wconf 90' lang='grc' dir='ltr'><strong>ό</strong></span> <span class='ocrx_word' id='word_1_23' title='bbox 784 673 895 728; x_wconf 90' lang='grc' dir='ltr'><strong>τῶν</strong></span> <span class='ocrx_word' id='word_1_24' title='bbox 915 670 1127 745; x_wconf 79' lang='grc' dir='ltr'><strong>λῃστῶν</strong></span> <span class='ocrx_word' id='word_1_25' title='bbox 1155 667 1341 739; x_wconf 88' lang='grc' dir='ltr'><strong>φόϐος,</strong></span> <span class='ocrx_word' id='word_1_26' title='bbox 1370 666 1464 719; x_wconf 79' lang='grc' dir='ltr'><strong>καί</strong></span> <span class='ocrx_word' id='word_1_27' title='bbox 1486 664 1547 717; x_wconf 84' lang='grc' dir='ltr'><strong>τὸ</strong></span> <span class='ocrx_word' id='word_1_28' title='bbox 1577 662 1653 735; x_wconf 85' lang='grc' dir='ltr'><strong>μὴ</strong></span> <span class='ocrx_word' id='word_1_29' title='bbox 1678 661 1860 734; x_wconf 74' lang='grc' dir='ltr'><strong>ῥᾴδιον</strong></span> <span class='ocrx_word' id='word_1_30' title='bbox 1881 660 2016 730; x_wconf 84' lang='grc' dir='ltr'><strong>ἡμῖν</strong></span> 
     </span>
    </p>
   </div>
   <div class='ocr_carea' id='block_1_4' title="bbox 435 751 2018 836">
    <p class='ocr_par' dir='ltr' id='par_1_4' title="bbox 435 751 2018 836">
     <span class='ocr_line' id='line_1_4' title="bbox 435 751 2018 836; baseline -0.013 -10"><span class='ocrx_word' id='word_1_31' title='bbox 435 751 574 826; x_wconf 82' lang='grc' dir='ltr'><strong>εἶναι</strong></span> <span class='ocrx_word' id='word_1_32' title='bbox 600 771 696 823; x_wconf 81' lang='grc' dir='ltr'><strong>καὶ</strong></span> <span class='ocrx_word' id='word_1_33' title='bbox 726 767 932 821; x_wconf 86' lang='grc' dir='ltr'><strong>τούτων</strong></span> <span class='ocrx_word' id='word_1_34' title='bbox 958 763 1126 836; x_wconf 75' lang='grc' dir='ltr'><strong>χωρὶς</strong></span> <span class='ocrx_word' id='word_1_35' title='bbox 1150 759 1415 815; x_wconf 79' lang='grc' dir='ltr'><strong>κινεῖσθαι</strong></span> <span class='ocrx_word' id='word_1_36' title='bbox 1432 756 1663 823; x_wconf 76' lang='grc' dir='ltr'><strong>οἴκοθεν,</strong></span> <span class='ocrx_word' id='word_1_37' title='bbox 1684 755 1780 809; x_wconf 73' lang='grc' dir='ltr'><strong>καὶ</strong></span> <span class='ocrx_word' id='word_1_38' title='bbox 1800 751 2018 824; x_wconf 85' lang='grc' dir='ltr'><strong>μακρὰς</strong></span> 
     </span>
    </p>
   </div>
   <div class='ocr_carea' id='block_1_5' title="bbox 437 845 2019 932">
    <p class='ocr_par' dir='ltr' id='par_1_5' title="bbox 437 845 2019 932">
     <span class='ocr_line' id='line_1_5' title="bbox 437 845 2019 932; baseline -0.013 -14"><span class='ocrx_word' id='word_1_39' title='bbox 437 861 748 932; x_wconf 70' lang='grc' dir='ltr'><strong>ἀποδημίας</strong></span> <span class='ocrx_word' id='word_1_40' title='bbox 800 856 1164 928; x_wconf 81' lang='grc' dir='ltr'><strong>ἀποδημεῖν),</strong></span> <span class='ocrx_word' id='word_1_41' title='bbox 1200 852 1294 907; x_wconf 79' lang='grc' dir='ltr'><strong>ἐπὶ</strong></span> <span class='ocrx_word' id='word_1_42' title='bbox 1338 851 1430 905; x_wconf 82' lang='grc' dir='ltr'><strong>τὸν</strong></span> <span class='ocrx_word' id='word_1_43' title='bbox 1484 849 1739 921; x_wconf 88' lang='grc' dir='ltr'><strong>δεύτερον</strong></span> <span class='ocrx_word' id='word_1_44' title='bbox 1784 845 2019 918; x_wconf 71' lang='grc' dir='ltr'><strong>ἧλθομεν</strong></span> 
     </span>
    </p>
   </div>
   <div class='ocr_carea' id='block_1_6' title="bbox 438 935 2021 1023">
    <p class='ocr_par' dir='ltr' id='par_1_6' title="bbox 438 935 2021 1023">
     <span class='ocr_line' id='line_1_6' title="bbox 438 935 2021 1023; baseline -0.013 -15"><span class='ocrx_word' id='word_1_45' title='bbox 438 952 628 1019; x_wconf 81' lang='grc' dir='ltr'>πλοῦν,</span> <span class='ocrx_word' id='word_1_46' title='bbox 664 951 766 1023; x_wconf 83' lang='grc' dir='ltr'><strong>τήν</strong></span> <span class='ocrx_word' id='word_1_47' title='bbox 814 966 874 1003; x_wconf 88' lang='grc' dir='ltr'><strong>τε</strong></span> <span class='ocrx_word' id='word_1_48' title='bbox 921 944 1278 1017; x_wconf 66' lang='grc' dir='ltr'><strong>ὀφειλομένην</strong></span> <span class='ocrx_word' id='word_1_49' title='bbox 1305 940 1647 1002; x_wconf 79' lang='grc' dir='ltr'><strong>ἀποδιδόντες</strong></span> <span class='ocrx_word' id='word_1_50' title='bbox 1684 939 1813 1009; x_wconf 86' lang='grc' dir='ltr'><strong>ὐμίν</strong></span> <span class='ocrx_word' id='word_1_51' title='bbox 1850 935 2021 1008; x_wconf 89' lang='grc' dir='ltr'><strong>πρόσ-</strong></span> 
     </span>
    </p>
   </div>
   <div class='ocr_carea' id='block_1_7' title="bbox 441 1029 2020 1120">
    <p class='ocr_par' dir='ltr' id='par_1_7' title="bbox 441 1029 2020 1120">
     <span class='ocr_line' id='line_1_7' title="bbox 441 1029 2020 1120; baseline -0.012 -19"><span class='ocrx_word' id='word_1_52' title='bbox 441 1064 621 1120; x_wconf 87' lang='grc' dir='ltr'><strong>ρησιν,</strong></span> <span class='ocrx_word' id='word_1_53' title='bbox 656 1043 753 1098; x_wconf 73' lang='grc' dir='ltr'><strong>καὶ</strong></span> <span class='ocrx_word' id='word_1_54' title='bbox 780 1043 887 1114; x_wconf 75' lang='grc' dir='ltr'><strong>πρδ</strong></span> <span class='ocrx_word' id='word_1_55' title='bbox 915 1039 1121 1112; x_wconf 81' lang='grc' dir='ltr'>ταύτης</span> <span class='ocrx_word' id='word_1_56' title='bbox 1149 1033 1617 1109; x_wconf 90' lang='grc' dir='ltr'><strong>παρακαλοῦντες,</strong></span> <span class='ocrx_word' id='word_1_57' title='bbox 1651 1032 1745 1085; x_wconf 76' lang='grc' dir='ltr'><strong>καί</strong></span> <span class='ocrx_word' id='word_1_58' title='bbox 1771 1032 1830 1084; x_wconf 89' lang='grc' dir='ltr'><strong>ἐν</strong></span> <span class='ocrx_word' id='word_1_59' title='bbox 1864 1029 2020 1101; x_wconf 80' lang='grc' dir='ltr'><strong>μέρει</strong></span> 
     </span>
    </p>
   </div>
   <div class='ocr_carea' id='block_1_8' title="bbox 443 1122 2024 1212">
    <p class='ocr_par' dir='ltr' id='par_1_8' title="bbox 443 1122 2024 1212">
     <span class='ocr_line' id='line_1_8' title="bbox 443 1122 2024 1212; baseline -0.013 -18"><span class='ocrx_word' id='word_1_60' title='bbox 443 1140 708 1212; x_wconf 83' lang='grc' dir='ltr'><strong>μεγίστης</strong></span> <span class='ocrx_word' id='word_1_61' title='bbox 753 1134 1028 1197; x_wconf 81' lang='grc' dir='ltr'><strong>αἰτοῦντες</strong></span> <span class='ocrx_word' id='word_1_62' title='bbox 1069 1131 1312 1206; x_wconf 87' lang='grc' dir='ltr'><strong>χάριτος,</strong></span> <span class='ocrx_word' id='word_1_63' title='bbox 1343 1128 1404 1183; x_wconf 82' lang='grc' dir='ltr'><strong>τό</strong></span> <span class='ocrx_word' id='word_1_64' title='bbox 1447 1124 1712 1200; x_wconf 81' lang='grc' dir='ltr'><strong>διηνεκῶς</strong></span> <span class='ocrx_word' id='word_1_65' title='bbox 1741 1122 1902 1196; x_wconf 79' lang='grc' dir='ltr'><strong>ημῶν</strong></span> <span class='ocrx_word' id='word_1_66' title='bbox 1940 1122 2024 1175; x_wconf 90' lang='grc' dir='ltr'><strong>εὐ-</strong></span> 
     </span>
    </p>
   </div>
   <div class='ocr_carea' id='block_1_9' title="bbox 441 1216 2021 1305">
    <p class='ocr_par' dir='ltr' id='par_1_9' title="bbox 441 1216 2021 1305">
     <span class='ocr_line' id='line_1_9' title="bbox 441 1216 2021 1305; baseline -0.012 -18"><span class='ocrx_word' id='word_1_67' title='bbox 441 1232 703 1305; x_wconf 87' lang='grc' dir='ltr'><strong>χομένους</strong></span> <span class='ocrx_word' id='word_1_68' title='bbox 731 1227 1061 1301; x_wconf 85' lang='grc' dir='ltr'><strong>μεμνῆσθαι,</strong></span> <span class='ocrx_word' id='word_1_69' title='bbox 1097 1225 1191 1279; x_wconf 76' lang='grc' dir='ltr'><strong>καὶ</strong></span> <span class='ocrx_word' id='word_1_70' title='bbox 1214 1222 1294 1293; x_wconf 81' lang='grc' dir='ltr'><strong>τῷ</strong></span> <span class='ocrx_word' id='word_1_71' title='bbox 1321 1218 1687 1293; x_wconf 76' lang='grc' dir='ltr'><strong>φιλανθρώπῳ</strong></span> <span class='ocrx_word' id='word_1_72' title='bbox 1707 1216 1827 1287; x_wconf 83' lang='grc' dir='ltr'><strong>Θεῷ</strong></span> <span class='ocrx_word' id='word_1_73' title='bbox 1850 1231 2021 1287; x_wconf 89' lang='grc' dir='ltr'><strong>προσ-</strong></span> 
     </span>
    </p>
   </div>
   <div class='ocr_carea' id='block_1_10' title="bbox 443 1306 2021 1395">
    <p class='ocr_par' dir='ltr' id='par_1_10' title="bbox 443 1306 2021 1395">
     <span class='ocr_line' id='line_1_10' title="bbox 443 1306 2021 1395; baseline -0.014 -14"><span class='ocrx_word' id='word_1_74' title='bbox 443 1327 665 1381; x_wconf 76' lang='grc' dir='ltr'><strong>πίπτειν</strong></span> <span class='ocrx_word' id='word_1_75' title='bbox 695 1323 834 1395; x_wconf 89' lang='grc' dir='ltr'><strong>μετά</strong></span> <span class='ocrx_word' id='word_1_76' title='bbox 856 1319 1057 1391; x_wconf 83' lang='grc' dir='ltr'><strong>πολλῆς</strong></span> <span class='ocrx_word' id='word_1_77' title='bbox 1082 1318 1184 1389; x_wconf 85' lang='grc' dir='ltr'><strong>τῆς</strong></span> <span class='ocrx_word' id='word_1_78' title='bbox 1204 1314 1503 1384; x_wconf 81' lang='grc' dir='ltr'><strong>εὐγενείας,</strong></span> <span class='ocrx_word' id='word_1_79' title='bbox 1522 1313 1615 1367; x_wconf 76' lang='grc' dir='ltr'><strong>καί</strong></span> <span class='ocrx_word' id='word_1_80' title='bbox 1628 1310 1734 1364; x_wconf 89' lang='grc' dir='ltr'><strong>τῶν</strong></span> <span class='ocrx_word' id='word_1_81' title='bbox 1750 1306 2021 1380; x_wconf 80' lang='grc' dir='ltr'><strong>δακρύων,</strong></span> 
     </span>
    </p>
   </div>
   <div class='ocr_carea' id='block_1_11' title="bbox 444 1399 2027 1491">
    <p class='ocr_par' dir='ltr' id='par_1_11' title="bbox 444 1399 2027 1491">
     <span class='ocr_line' id='line_1_11' title="bbox 444 1399 2027 1491; baseline -0.014 -17"><span class='ocrx_word' id='word_1_82' title='bbox 444 1419 586 1491; x_wconf 86' lang='grc' dir='ltr'><strong>ὐπέρ</strong></span> <span class='ocrx_word' id='word_1_83' title='bbox 634 1417 733 1488; x_wconf 80' lang='grc' dir='ltr'><strong>τῆς</strong></span> <span class='ocrx_word' id='word_1_84' title='bbox 767 1413 1149 1475; x_wconf 82' lang='grc' dir='ltr'><strong>ταπεινώσεως</strong></span> <span class='ocrx_word' id='word_1_85' title='bbox 1190 1411 1291 1481; x_wconf 79' lang='grc' dir='ltr'><strong>τῆς</strong></span> <span class='ocrx_word' id='word_1_86' title='bbox 1331 1406 1632 1480; x_wconf 79' lang='grc' dir='ltr'><strong>ἡμετέρας.</strong></span> <span class='ocrx_word' id='word_1_87' title='bbox 1662 1404 1727 1457; x_wconf 88' lang='grc' dir='ltr'><strong>Οἰ</strong></span> <span class='ocrx_word' id='word_1_88' title='bbox 1778 1402 1888 1473; x_wconf 89' lang='lat'><strong>7&amp;9</strong></span> <span class='ocrx_word' id='word_1_89' title='bbox 1933 1399 2027 1453; x_wconf 80' lang='grc' dir='ltr'><strong>τὸν</strong></span> 
     </span>
    </p>
   </div>
   <div class='ocr_carea' id='block_1_12' title="bbox 445 1491 2027 1582">
    <p class='ocr_par' dir='ltr' id='par_1_12' title="bbox 445 1491 2027 1582">
     <span class='ocr_line' id='line_1_12' title="bbox 445 1491 2027 1582; baseline -0.014 -17"><span class='ocrx_word' id='word_1_90' title='bbox 445 1510 668 1582; x_wconf 84' lang='grc' dir='ltr'><strong>εῦριπον</strong></span> <span class='ocrx_word' id='word_1_91' title='bbox 692 1508 801 1562; x_wconf 90' lang='grc' dir='ltr'><strong>τῶν</strong></span> <span class='ocrx_word' id='word_1_92' title='bbox 830 1503 1099 1577; x_wconf 81' lang='grc' dir='ltr'><strong>βιωτικῶν</strong></span> <span class='ocrx_word' id='word_1_93' title='bbox 1132 1500 1489 1571; x_wconf 80' lang='grc' dir='ltr'><strong>διαφυγόντες</strong></span> <span class='ocrx_word' id='word_1_94' title='bbox 1526 1496 1891 1569; x_wconf 82' lang='grc' dir='ltr'><strong>πραγμάτων,</strong></span> <span class='ocrx_word' id='word_1_95' title='bbox 1932 1491 2027 1544; x_wconf 78' lang='grc' dir='ltr'><strong>καὶ</strong></span> 
     </span>
    </p>
   </div>
   <div class='ocr_carea' id='block_1_13' title="bbox 445 1583 2027 1668">
    <p class='ocr_par' dir='ltr' id='par_1_13' title="bbox 445 1583 2027 1668">
     <span class='ocr_line' id='line_1_13' title="bbox 445 1583 2027 1668; baseline -0.014 -10"><span class='ocrx_word' id='word_1_96' title='bbox 445 1604 549 1658; x_wconf 76' lang='grc' dir='ltr'><strong>τοῦ</strong></span> <span class='ocrx_word' id='word_1_97' title='bbox 569 1600 778 1658; x_wconf 80' lang='grc' dir='ltr'><strong>καπνοῦ</strong></span> <span class='ocrx_word' id='word_1_98' title='bbox 810 1598 1027 1668; x_wconf 73' lang='grc' dir='ltr'><strong>καὶτῆς</strong></span> <span class='ocrx_word' id='word_1_99' title='bbox 1062 1596 1230 1667; x_wconf 89' lang='grc' dir='ltr'><strong>ζάλης</strong></span> <span class='ocrx_word' id='word_1_100' title='bbox 1273 1593 1383 1647; x_wconf 91' lang='grc' dir='ltr'><strong>τῶν</strong></span> <span class='ocrx_word' id='word_1_101' title='bbox 1431 1593 1489 1646; x_wconf 88' lang='grc' dir='ltr'><strong>ἐν</strong></span> <span class='ocrx_word' id='word_1_102' title='bbox 1536 1588 1615 1661; x_wconf 83' lang='grc' dir='ltr'><strong>τῷ</strong></span> <span class='ocrx_word' id='word_1_103' title='bbox 1667 1587 1817 1660; x_wconf 83' lang='grc' dir='ltr'><strong>μέσῳ</strong></span> <span class='ocrx_word' id='word_1_104' title='bbox 1841 1583 2027 1638; x_wconf 81' lang='grc' dir='ltr'><strong>κακῶν</strong></span> 
     </span>
    </p>
   </div>
   <div class='ocr_carea' id='block_1_14' title="bbox 444 1677 2028 1763">
    <p class='ocr_par' dir='ltr' id='par_1_14' title="bbox 444 1677 2028 1763">
     <span class='ocr_line' id='line_1_14' title="bbox 444 1677 2028 1763; baseline -0.015 -11"><span class='ocrx_word' id='word_1_105' title='bbox 444 1692 876 1763; x_wconf 79' lang='grc' dir='ltr'><strong>ἀπαλλαγέντες,</strong></span> <span class='ocrx_word' id='word_1_106' title='bbox 906 1690 1025 1761; x_wconf 75' lang='grc' dir='ltr'><strong>καὶ,</strong></span> <span class='ocrx_word' id='word_1_107' title='bbox 1057 1688 1311 1759; x_wconf 87' lang='grc' dir='ltr'><strong>καθάπερ</strong></span> <span class='ocrx_word' id='word_1_108' title='bbox 1348 1688 1427 1751; x_wconf 85' lang='grc' dir='ltr'><strong>είς</strong></span> <span class='ocrx_word' id='word_1_109' title='bbox 1463 1682 1658 1756; x_wconf 83' lang='grc' dir='ltr'><strong>λιμένα</strong></span> <span class='ocrx_word' id='word_1_110' title='bbox 1696 1680 1817 1734; x_wconf 83' lang='grc' dir='ltr'><strong>τινὰ</strong></span> <span class='ocrx_word' id='word_1_111' title='bbox 1856 1677 2028 1731; x_wconf 81' lang='grc' dir='ltr'><strong>εὐδιον</strong></span> 
     </span>
    </p>
   </div>
   <div class='ocr_carea' id='block_1_15' title="bbox 446 1772 2029 1858">
    <p class='ocr_par' dir='ltr' id='par_1_15' title="bbox 446 1772 2029 1858">
     <span class='ocr_line' id='line_1_15' title="bbox 446 1772 2029 1858; baseline -0.013 -16"><span class='ocrx_word' id='word_1_112' title='bbox 446 1787 543 1842; x_wconf 79' lang='grc' dir='ltr'><strong>καὶ</strong></span> <span class='ocrx_word' id='word_1_113' title='bbox 578 1785 910 1858; x_wconf 82' lang='grc' dir='ltr'><strong>ἀκύμαντον,</strong></span> <span class='ocrx_word' id='word_1_114' title='bbox 942 1782 1044 1851; x_wconf 83' lang='grc' dir='ltr'><strong>τῆς</strong></span> <span class='ocrx_word' id='word_1_115' title='bbox 1069 1780 1243 1851; x_wconf 81' lang='grc' dir='ltr'><strong>καλῆς</strong></span> <span class='ocrx_word' id='word_1_116' title='bbox 1271 1778 1478 1849; x_wconf 80' lang='grc' dir='ltr'><strong>ταύτης</strong></span> <span class='ocrx_word' id='word_1_117' title='bbox 1506 1772 1824 1847; x_wconf 82' lang='grc' dir='ltr'><strong>φιλοσοφίας</strong></span> <span class='ocrx_word' id='word_1_118' title='bbox 1859 1772 2029 1841; x_wconf 79' lang='grc' dir='ltr'><strong>ὅρμον</strong></span> 
     </span>
    </p>
   </div>
   <div class='ocr_carea' id='block_1_16' title="bbox 450 1862 2031 1949">
    <p class='ocr_par' dir='ltr' id='par_1_16' title="bbox 450 1862 2031 1949">
     <span class='ocr_line' id='line_1_16' title="bbox 450 1862 2031 1949; baseline -0.014 -13"><span class='ocrx_word' id='word_1_119' title='bbox 450 1881 546 1946; x_wconf 88' lang='grc' dir='ltr'><strong>τάς</strong></span> <span class='ocrx_word' id='word_1_120' title='bbox 570 1877 791 1934; x_wconf 73' lang='grc' dir='ltr'><strong>ἑαυτῶν</strong></span> <span class='ocrx_word' id='word_1_121' title='bbox 820 1876 1184 1949; x_wconf 81' lang='grc' dir='ltr'><strong>όδηγήσαντες</strong></span> <span class='ocrx_word' id='word_1_122' title='bbox 1216 1870 1418 1942; x_wconf 79' lang='grc' dir='ltr'><strong>ψυχάς,</strong></span> <span class='ocrx_word' id='word_1_123' title='bbox 1444 1868 1540 1922; x_wconf 76' lang='grc' dir='ltr'><strong>καί¹</strong></span> <span class='ocrx_word' id='word_1_124' title='bbox 1571 1864 1671 1930; x_wconf 83' lang='grc' dir='ltr'><strong>τὰς</strong></span> <span class='ocrx_word' id='word_1_125' title='bbox 1689 1864 1891 1927; x_wconf 88' lang='grc' dir='ltr'><strong>νύκτας</strong></span> <span class='ocrx_word' id='word_1_126' title='bbox 1910 1862 2031 1925; x_wconf 88' lang='grc' dir='ltr'><strong>ταῖς</strong></span> 
     </span>
    </p>
   </div>
   <div class='ocr_carea' id='block_1_17' title="bbox 448 1954 2034 2046">
    <p class='ocr_par' dir='ltr' id='par_1_17' title="bbox 448 1954 2034 2046">
     <span class='ocr_line' id='line_1_17' title="bbox 448 1954 2034 2046; baseline -0.013 -18"><span class='ocrx_word' id='word_1_127' title='bbox 448 1975 625 2046; x_wconf 61' lang='grc' dir='ltr'><strong>ωραίς</strong></span> <span class='ocrx_word' id='word_1_128' title='bbox 659 1968 983 2041; x_wconf 83' lang='grc' dir='ltr'><strong>παννυχίσιν</strong></span> <span class='ocrx_word' id='word_1_129' title='bbox 1011 1966 1226 2039; x_wconf 79' lang='grc' dir='ltr'><strong>ἡμέρας</strong></span> <span class='ocrx_word' id='word_1_130' title='bbox 1253 1962 1635 2037; x_wconf 84' lang='grc' dir='ltr'><strong>ἐργαζόμενοι,</strong></span> <span class='ocrx_word' id='word_1_131' title='bbox 1671 1958 1767 2012; x_wconf 79' lang='grc' dir='ltr'><strong>καί</strong></span> <span class='ocrx_word' id='word_1_132' title='bbox 1789 1954 2034 2027; x_wconf 88' lang='grc' dir='ltr'><strong>φανερώ-</strong></span> 
     </span>
    </p>
   </div>
   <div class='ocr_carea' id='block_1_18' title="bbox 448 2049 2031 2140">
    <p class='ocr_par' dir='ltr' id='par_1_18' title="bbox 448 2049 2031 2140">
     <span class='ocr_line' id='line_1_18' title="bbox 448 2049 2031 2140; baseline -0.014 -18"><span class='ocrx_word' id='word_1_133' title='bbox 448 2082 604 2140; x_wconf 84' lang='grc' dir='ltr'><strong>τερον</strong></span> <span class='ocrx_word' id='word_1_134' title='bbox 628 2065 686 2118; x_wconf 86' lang='grc' dir='ltr'><strong>ἐν</strong></span> <span class='ocrx_word' id='word_1_135' title='bbox 712 2062 941 2126; x_wconf 84' lang='grc' dir='ltr'><strong>ταύταις</strong></span> <span class='ocrx_word' id='word_1_136' title='bbox 964 2058 1222 2133; x_wconf 77' lang='grc' dir='ltr'><strong>δρῶντες,</strong></span> <span class='ocrx_word' id='word_1_137' title='bbox 1256 2056 1290 2129; x_wconf 82' lang='grc' dir='ltr'>ἢ</span> <span class='ocrx_word' id='word_1_138' title='bbox 1318 2058 1377 2111; x_wconf 89' lang='grc' dir='ltr'><strong>ἐν</strong></span> <span class='ocrx_word' id='word_1_139' title='bbox 1403 2057 1525 2118; x_wconf 84' lang='grc' dir='ltr'><strong>ταῖς</strong></span> <span class='ocrx_word' id='word_1_140' title='bbox 1556 2051 1793 2125; x_wconf 75' lang='grc' dir='ltr'><strong>ἡμέραις</strong></span> <span class='ocrx_word' id='word_1_141' title='bbox 1833 2049 2031 2120; x_wconf 78' lang='grc' dir='ltr'><strong>ἐτεροι,</strong></span> 
     </span>
    </p>
   </div>
   <div class='ocr_carea' id='block_1_19' title="bbox 450 2139 2033 2227">
    <p class='ocr_par' dir='ltr' id='par_1_19' title="bbox 450 2139 2033 2227">
     <span class='ocr_line' id='line_1_19' title="bbox 450 2139 2033 2227; baseline -0.016 -8"><span class='ocrx_word' id='word_1_142' title='bbox 450 2139 648 2218; x_wconf 85' lang='grc' dir='ltr'><strong>δίκαιοι</strong></span> <span class='ocrx_word' id='word_1_143' title='bbox 675 2155 742 2211; x_wconf 81' lang='grc' dir='ltr'><strong>ἂν</strong></span> <span class='ocrx_word' id='word_1_144' title='bbox 776 2154 924 2227; x_wconf 80' lang='grc' dir='ltr'><strong>εἴητε</strong></span> <span class='ocrx_word' id='word_1_145' title='bbox 955 2154 1089 2226; x_wconf 74' lang='grc' dir='ltr'><strong>ἡμῖν</strong></span> <span class='ocrx_word' id='word_1_146' title='bbox 1116 2150 1225 2206; x_wconf 81' lang='grc' dir='ltr'><strong>ἀπὸ</strong></span> <span class='ocrx_word' id='word_1_147' title='bbox 1244 2150 1353 2204; x_wconf 90' lang='grc' dir='ltr'><strong>τῶν</strong></span> <span class='ocrx_word' id='word_1_148' title='bbox 1380 2145 1556 2219; x_wconf 83' lang='grc' dir='ltr'><strong>εὐχῶν</strong></span> <span class='ocrx_word' id='word_1_149' title='bbox 1581 2144 1735 2217; x_wconf 89' lang='grc' dir='ltr'><strong>ὐμῶν</strong></span> <span class='ocrx_word' id='word_1_150' title='bbox 1771 2139 2033 2214; x_wconf 88' lang='grc' dir='ltr'><strong>μεταδοῦ-</strong></span> 
     </span>
    </p>
   </div>
   <div class='ocr_carea' id='block_1_20' title="bbox 451 2230 2035 2319">
    <p class='ocr_par' dir='ltr' id='par_1_20' title="bbox 451 2230 2035 2319">
     <span class='ocr_line' id='line_1_20' title="bbox 451 2230 2035 2319; baseline -0.015 -12"><span class='ocrx_word' id='word_1_151' title='bbox 451 2267 537 2308; x_wconf 89' lang='grc' dir='ltr'><strong>ναι</strong></span> <span class='ocrx_word' id='word_1_152' title='bbox 572 2247 911 2319; x_wconf 83' lang='grc' dir='ltr'><strong>συμμαχίας.</strong></span> <span class='ocrx_word' id='word_1_153' title='bbox 944 2242 1182 2298; x_wconf 82' lang='grc' dir='ltr'><strong>Δυνατὺν</strong></span> <span class='ocrx_word' id='word_1_154' title='bbox 1227 2240 1339 2312; x_wconf 98' lang='lat'><strong>7&amp;9</strong></span> <span class='ocrx_word' id='word_1_155' title='bbox 1384 2239 1480 2293; x_wconf 78' lang='grc' dir='ltr'><strong>καὶ</strong></span> <span class='ocrx_word' id='word_1_156' title='bbox 1509 2238 1575 2290; x_wconf 87' lang='grc' dir='ltr'><strong>ἐκ</strong></span> <span class='ocrx_word' id='word_1_157' title='bbox 1599 2232 1859 2289; x_wconf 90' lang='grc' dir='ltr'><strong>τοσούτου</strong></span> <span class='ocrx_word' id='word_1_158' title='bbox 1900 2230 2035 2286; x_wconf 88' lang='grc' dir='ltr'><strong>καθ-</strong></span> 
     </span>
    </p>
   </div>
   <div class='ocr_carea' id='block_1_21' title="bbox 448 2322 2036 2409">
    <p class='ocr_par' dir='ltr' id='par_1_21' title="bbox 448 2322 2036 2409">
     <span class='ocr_line' id='line_1_21' title="bbox 448 2322 2036 2409; baseline -0.011 -17"><span class='ocrx_word' id='word_1_159' title='bbox 448 2338 686 2409; x_wconf 87' lang='grc' dir='ltr'><strong>ημένους</strong></span> <span class='ocrx_word' id='word_1_160' title='bbox 729 2334 1116 2404; x_wconf 81' lang='grc' dir='ltr'><strong>διαστήματος,</strong></span> <span class='ocrx_word' id='word_1_161' title='bbox 1149 2330 1446 2385; x_wconf 86' lang='grc' dir='ltr'><strong>ἀπολαύειν</strong></span> <span class='ocrx_word' id='word_1_162' title='bbox 1494 2327 1642 2399; x_wconf 80' lang='grc' dir='ltr'><strong>ἡμᾶς</strong></span> <span class='ocrx_word' id='word_1_163' title='bbox 1677 2324 1904 2388; x_wconf 89' lang='grc' dir='ltr'><strong>τούτων,</strong></span> <span class='ocrx_word' id='word_1_164' title='bbox 1939 2322 2036 2375; x_wconf 78' lang='grc' dir='ltr'><strong>καὶ</strong></span> 
     </span>
    </p>
   </div>
   <div class='ocr_carea' id='block_1_22' title="bbox 448 2415 2035 2494">
    <p class='ocr_par' dir='ltr' id='par_1_22' title="bbox 448 2415 2035 2494">
     <span class='ocr_line' id='line_1_22' title="bbox 448 2415 2035 2494; baseline -0.01 -10"><span class='ocrx_word' id='word_1_165' title='bbox 448 2430 612 2493; x_wconf 83' lang='grc' dir='ltr'><strong>τόπος</strong></span> <span class='ocrx_word' id='word_1_166' title='bbox 642 2427 819 2492; x_wconf 86' lang='grc' dir='ltr'><strong>οὐδείς</strong></span> <span class='ocrx_word' id='word_1_167' title='bbox 860 2429 1030 2492; x_wconf 86' lang='grc' dir='ltr'><strong>ἐστιν,</strong></span> <span class='ocrx_word' id='word_1_168' title='bbox 1064 2424 1187 2478; x_wconf 85' lang='grc' dir='ltr'><strong>οὐδὲ</strong></span> <span class='ocrx_word' id='word_1_169' title='bbox 1216 2423 1426 2494; x_wconf 86' lang='grc' dir='ltr'><strong>χρόνος,</strong></span> <span class='ocrx_word' id='word_1_170' title='bbox 1449 2422 1479 2474; x_wconf 88' lang='grc' dir='ltr'><strong>ό</strong></span> <span class='ocrx_word' id='word_1_171' title='bbox 1505 2420 1605 2491; x_wconf 80' lang='grc' dir='ltr'><strong>τὴν</strong></span> <span class='ocrx_word' id='word_1_172' title='bbox 1635 2418 1893 2488; x_wconf 90' lang='grc' dir='ltr'><strong>τοιαύτην</strong></span> <span class='ocrx_word' id='word_1_173' title='bbox 1939 2415 2035 2469; x_wconf 84' lang='grc' dir='ltr'><strong>δυ·-</strong></span> 
     </span>
    </p>
   </div>
   <div class='ocr_carea' id='block_1_23' title="bbox 450 2507 2036 2593">
    <p class='ocr_par' dir='ltr' id='par_1_23' title="bbox 450 2507 2036 2593">
     <span class='ocr_line' id='line_1_23' title="bbox 450 2507 2036 2593; baseline -0.011 -16"><span class='ocrx_word' id='word_1_174' title='bbox 450 2521 687 2593; x_wconf 87' lang='grc' dir='ltr'><strong>νάμενος</strong></span> <span class='ocrx_word' id='word_1_175' title='bbox 740 2517 997 2588; x_wconf 78' lang='grc' dir='ltr'><strong>διακόψαι</strong></span> <span class='ocrx_word' id='word_1_176' title='bbox 1059 2515 1332 2587; x_wconf 84' lang='grc' dir='ltr'><strong>βοήθειαν.</strong></span> <span class='ocrx_word' id='word_1_177' title='bbox 1385 2512 1791 2585; x_wconf 81' lang='grc' dir='ltr'><strong>Συμμαχήσατε</strong></span> <span class='ocrx_word' id='word_1_178' title='bbox 1859 2507 2036 2562; x_wconf 82' lang='grc' dir='ltr'><strong>τοίνυν</strong></span> 
     </span>
    </p>
   </div>
   <div class='ocr_carea' id='block_1_24' title="bbox 392 2600 2035 2686">
    <p class='ocr_par' dir='ltr' id='par_1_24' title="bbox 392 2600 2035 2686">
     <span class='ocr_line' id='line_1_24' title="bbox 392 2600 2035 2686; baseline -0.009 -18"><span class='ocrx_word' id='word_1_179' title='bbox 392 2625 400 2647; x_wconf 63' lang='grc' dir='ltr'><em>π</em></span> <span class='ocrx_word' id='word_1_180' title='bbox 450 2616 609 2686; x_wconf 79' lang='grc' dir='ltr'><strong>ἡμῖν,</strong></span> <span class='ocrx_word' id='word_1_181' title='bbox 640 2612 735 2666; x_wconf 82' lang='grc' dir='ltr'><strong>καί</strong></span> <span class='ocrx_word' id='word_1_182' title='bbox 775 2612 935 2683; x_wconf 81' lang='grc' dir='ltr'><strong>χεῖρα</strong></span> <span class='ocrx_word' id='word_1_183' title='bbox 977 2608 1202 2680; x_wconf 79' lang='grc' dir='ltr'><strong>ὀρέξατε</strong></span> <span class='ocrx_word' id='word_1_184' title='bbox 1231 2606 1319 2662; x_wconf 82' lang='grc' dir='ltr'><strong>διὰ</strong></span> <span class='ocrx_word' id='word_1_185' title='bbox 1342 2604 1450 2660; x_wconf 88' lang='grc' dir='ltr'><strong>τῶν</strong></span> <span class='ocrx_word' id='word_1_186' title='bbox 1482 2604 1657 2675; x_wconf 90' lang='grc' dir='ltr'><strong>εὐχῶν</strong></span> <span class='ocrx_word' id='word_1_187' title='bbox 1681 2601 1792 2656; x_wconf 86' lang='grc' dir='ltr'><strong>τῶν</strong></span> <span class='ocrx_word' id='word_1_188' title='bbox 1838 2600 2035 2672; x_wconf 84' lang='grc' dir='ltr'><strong>ὐμετέ-</strong></span> 
     </span>
    </p>
   </div>
   <div class='ocr_carea' id='block_1_25' title="bbox 453 2690 2033 2780">
    <p class='ocr_par' dir='ltr' id='par_1_25' title="bbox 453 2690 2033 2780">
     <span class='ocr_line' id='line_1_25' title="bbox 453 2690 2033 2780; baseline -0.008 -19"><span class='ocrx_word' id='word_1_189' title='bbox 453 2724 584 2780; x_wconf 85' lang='grc' dir='ltr'><strong>ρων.</strong></span> <span class='ocrx_word' id='word_1_190' title='bbox 607 2704 780 2761; x_wconf 88' lang='grc' dir='ltr'><strong>Τοῦτο</strong></span> <span class='ocrx_word' id='word_1_191' title='bbox 805 2703 915 2776; x_wconf 85' lang='grc' dir='ltr'><strong>γάρ</strong></span> <span class='ocrx_word' id='word_1_192' title='bbox 945 2702 1179 2775; x_wconf 85' lang='grc' dir='ltr'><strong>μάλιστα</strong></span> <span class='ocrx_word' id='word_1_193' title='bbox 1205 2701 1460 2773; x_wconf 88' lang='grc' dir='ltr'><strong>μέγιστον</strong></span> <span class='ocrx_word' id='word_1_194' title='bbox 1480 2697 1701 2768; x_wconf 84' lang='grc' dir='ltr'><strong>ἀγάπης</strong></span> <span class='ocrx_word' id='word_1_195' title='bbox 1729 2690 1867 2758; x_wconf 74' lang='grc' dir='ltr'><strong>εἶδός</strong></span> <span class='ocrx_word' id='word_1_196' title='bbox 1897 2696 2033 2748; x_wconf 84' lang='grc' dir='ltr'><strong>ἐστι.</strong></span> 
     </span>
    </p>
   </div>
   <div class='ocr_carea' id='block_1_26' title="bbox 451 2788 2039 2872">
    <p class='ocr_par' dir='ltr' id='par_1_26' title="bbox 451 2788 2039 2872">
     <span class='ocr_line' id='line_1_26' title="bbox 451 2788 2039 2872; baseline -0.011 -16"><span class='ocrx_word' id='word_1_197' title='bbox 451 2800 564 2857; x_wconf 71' lang='grc' dir='ltr'><strong>Καὶ</strong></span> <span class='ocrx_word' id='word_1_198' title='bbox 595 2798 734 2872; x_wconf 86' lang='grc' dir='ltr'><strong>μετά</strong></span> <span class='ocrx_word' id='word_1_199' title='bbox 779 2796 889 2852; x_wconf 89' lang='grc' dir='ltr'><strong>τῶν</strong></span> <span class='ocrx_word' id='word_1_200' title='bbox 934 2795 1110 2867; x_wconf 86' lang='grc' dir='ltr'><strong>εὐχῶν</strong></span> <span class='ocrx_word' id='word_1_201' title='bbox 1156 2793 1265 2847; x_wconf 89' lang='grc' dir='ltr'><strong>τῶν</strong></span> <span class='ocrx_word' id='word_1_202' title='bbox 1293 2791 1596 2864; x_wconf 83' lang='grc' dir='ltr'><strong>ὑμετέρων,</strong></span> <span class='ocrx_word' id='word_1_203' title='bbox 1627 2790 1723 2843; x_wconf 74' lang='grc' dir='ltr'><strong>καὶ</strong></span> <span class='ocrx_word' id='word_1_204' title='bbox 1765 2789 1895 2860; x_wconf 81' lang='grc' dir='ltr'><strong>περί</strong></span> <span class='ocrx_word' id='word_1_205' title='bbox 1938 2788 2039 2858; x_wconf 79' lang='grc' dir='ltr'><strong>τῆς</strong></span> 
     </span>
    </p>
   </div>
   <div class='ocr_carea' id='block_1_27' title="bbox 454 2880 2041 2963">
    <p class='ocr_par' dir='ltr' id='par_1_27' title="bbox 454 2880 2041 2963">
     <span class='ocr_line' id='line_1_27' title="bbox 454 2880 2041 2963; baseline -0.009 -16"><span class='ocrx_word' id='word_1_206' title='bbox 454 2892 643 2962; x_wconf 83' lang='grc' dir='ltr'><strong>ὑγείας</strong></span> <span class='ocrx_word' id='word_1_207' title='bbox 670 2893 767 2963; x_wconf 85' lang='grc' dir='ltr'><strong>τῆς</strong></span> <span class='ocrx_word' id='word_1_208' title='bbox 799 2890 1071 2962; x_wconf 82' lang='grc' dir='ltr'><strong>ὑμετέρας</strong></span> <span class='ocrx_word' id='word_1_209' title='bbox 1093 2885 1288 2959; x_wconf 82' lang='grc' dir='ltr'><strong>δηλοῦν</strong></span> <span class='ocrx_word' id='word_1_210' title='bbox 1321 2887 1451 2957; x_wconf 82' lang='grc' dir='ltr'><strong>ἡμῖν</strong></span> <span class='ocrx_word' id='word_1_211' title='bbox 1486 2882 1561 2955; x_wconf 84' lang='grc' dir='ltr'><strong>μὴ</strong></span> <span class='ocrx_word' id='word_1_212' title='bbox 1593 2884 1930 2945; x_wconf 84' lang='grc' dir='ltr'><strong>κατοκνείτε,</strong></span> <span class='ocrx_word' id='word_1_213' title='bbox 1952 2880 2041 2934; x_wconf 81' lang='grc' dir='ltr'><strong>ἵνα</strong></span> 
     </span>
    </p>
   </div>
   <div class='ocr_carea' id='block_1_28' title="bbox 453 2975 2043 3057">
    <p class='ocr_par' dir='ltr' id='par_1_28' title="bbox 453 2975 2043 3057">
     <span class='ocr_line' id='line_1_28' title="bbox 453 2975 2043 3057; baseline -0.007 -20"><span class='ocrx_word' id='word_1_214' title='bbox 453 2985 551 3038; x_wconf 77' lang='grc' dir='ltr'><strong>καὶ</strong></span> <span class='ocrx_word' id='word_1_215' title='bbox 583 2982 736 3057; x_wconf 67' lang='grc'><strong>[645]</strong></span> <span class='ocrx_word' id='word_1_216' title='bbox 765 2981 1014 3038; x_wconf 86' lang='grc' dir='ltr'><strong>ἐντεῦθεν</strong></span> <span class='ocrx_word' id='word_1_217' title='bbox 1043 2980 1308 3051; x_wconf 83' lang='grc' dir='ltr'><strong>μεγίστην</strong></span> <span class='ocrx_word' id='word_1_218' title='bbox 1332 2976 1618 3048; x_wconf 83' lang='grc' dir='ltr'><strong>δεχώμεθα</strong></span> <span class='ocrx_word' id='word_1_219' title='bbox 1648 2975 1750 3048; x_wconf 82' lang='grc' dir='ltr'><strong>τὴν</strong></span> <span class='ocrx_word' id='word_1_220' title='bbox 1783 2990 2043 3046; x_wconf 86' lang='grc' dir='ltr'><strong>παραμυ-</strong></span> 
     </span>
    </p>
   </div>
   <div class='ocr_carea' id='block_1_29' title="bbox 455 3068 2041 3147">
    <p class='ocr_par' dir='ltr' id='par_1_29' title="bbox 455 3068 2041 3147">
     <span class='ocr_line' id='line_1_29' title="bbox 455 3068 2041 3147; baseline -0.008 -15"><span class='ocrx_word' id='word_1_221' title='bbox 455 3077 599 3145; x_wconf 87' lang='grc' dir='ltr'><strong>θίαν,</strong></span> <span class='ocrx_word' id='word_1_222' title='bbox 634 3075 1007 3147; x_wconf 69' lang='grc' dir='ltr'><strong>ἐντρυφῶντες</strong></span> <span class='ocrx_word' id='word_1_223' title='bbox 1037 3072 1192 3143; x_wconf 88' lang='grc' dir='ltr'><strong>ὐμῶν</strong></span> <span class='ocrx_word' id='word_1_224' title='bbox 1217 3075 1283 3143; x_wconf 74' lang='grc' dir='ltr'><strong>τῇ</strong></span> <span class='ocrx_word' id='word_1_225' title='bbox 1315 3072 1525 3141; x_wconf 79' lang='grc' dir='ltr'><strong>ἀγάπῃ,</strong></span> <span class='ocrx_word' id='word_1_226' title='bbox 1551 3070 1645 3122; x_wconf 74' lang='grc' dir='ltr'><strong>καὶ</strong></span> <span class='ocrx_word' id='word_1_227' title='bbox 1666 3069 1742 3132; x_wconf 83' lang='grc' dir='ltr'><strong>ὡς</strong></span> <span class='ocrx_word' id='word_1_228' title='bbox 1765 3068 2041 3140; x_wconf 85' lang='grc' dir='ltr'><strong>παρόντας</strong></span> 
     </span>
    </p>
   </div>
   <div class='ocr_carea' id='block_1_30' title="bbox 454 3160 2044 3236">
    <p class='ocr_par' dir='ltr' id='par_1_30' title="bbox 454 3160 2044 3236">
     <span class='ocr_line' id='line_1_30' title="bbox 454 3160 2044 3236; baseline -0.008 -14"><span class='ocrx_word' id='word_1_229' title='bbox 454 3169 583 3232; x_wconf 86' lang='grc' dir='ltr'><strong>τούς</strong></span> <span class='ocrx_word' id='word_1_230' title='bbox 609 3167 850 3230; x_wconf 88' lang='grc' dir='ltr'><strong>ἀπόντας</strong></span> <span class='ocrx_word' id='word_1_231' title='bbox 882 3161 1311 3236; x_wconf 71' lang='grc' dir='ltr'><strong>φανταζόμενοι*</strong></span> <span class='ocrx_word' id='word_1_232' title='bbox 1337 3162 1558 3216; x_wconf 88' lang='grc' dir='ltr'><strong>δύναται</strong></span> <span class='ocrx_word' id='word_1_233' title='bbox 1577 3160 1688 3230; x_wconf 86' lang='lat'><strong>7&amp;9</strong></span> <span class='ocrx_word' id='word_1_234' title='bbox 1717 3160 2044 3223; x_wconf 79' lang='grc' dir='ltr'><strong>καὶείκόνας</strong></span> 
     </span>
    </p>
   </div>
   <div class='ocr_carea' id='block_1_31' title="bbox 455 3251 2044 3332">
    <p class='ocr_par' dir='ltr' id='par_1_31' title="bbox 455 3251 2044 3332">
     <span class='ocr_line' id='line_1_31' title="bbox 455 3251 2044 3332; baseline -0.007 -17"><span class='ocrx_word' id='word_1_235' title='bbox 455 3259 711 3325; x_wconf 80' lang='grc' dir='ltr'><strong>τοιαύτας</strong></span> <span class='ocrx_word' id='word_1_236' title='bbox 730 3257 1043 3332; x_wconf 73' lang='grc' dir='ltr'><strong>ὑπογράψαι</strong></span> <span class='ocrx_word' id='word_1_237' title='bbox 1067 3256 1128 3310; x_wconf 86' lang='grc' dir='ltr'><strong>τὸ</strong></span> <span class='ocrx_word' id='word_1_238' title='bbox 1156 3253 1394 3325; x_wconf 85' lang='grc' dir='ltr'><strong>γνησίως</strong></span> <span class='ocrx_word' id='word_1_239' title='bbox 1423 3252 1618 3323; x_wconf 79' lang='grc' dir='ltr'><strong>φιλεῖν.</strong></span> <span class='ocrx_word' id='word_1_240' title='bbox 1647 3251 1767 3307; x_wconf 83' lang='grc' dir='ltr'><strong>Κᾶν</strong></span> <span class='ocrx_word' id='word_1_241' title='bbox 1799 3255 1857 3306; x_wconf 88' lang='grc' dir='ltr'><strong>ἐν</strong></span> <span class='ocrx_word' id='word_1_242' title='bbox 1885 3251 2044 3323; x_wconf 86' lang='grc' dir='ltr'><strong>χαλε-</strong></span> 
     </span>
    </p>
   </div>
   <div class='ocr_carea' id='block_1_32' title="bbox 458 3344 2045 3426">
    <p class='ocr_par' dir='ltr' id='par_1_32' title="bbox 458 3344 2045 3426">
     <span class='ocr_line' id='line_1_32' title="bbox 458 3344 2045 3426; baseline -0.006 -18"><span class='ocrx_word' id='word_1_243' title='bbox 458 3354 684 3426; x_wconf 79' lang='grc' dir='ltr'><strong>πωτέρᾳ</strong></span> <span class='ocrx_word' id='word_1_244' title='bbox 727 3351 934 3422; x_wconf 87' lang='grc' dir='ltr'><strong>ταύτης</strong></span> <span class='ocrx_word' id='word_1_245' title='bbox 964 3350 1219 3421; x_wconf 84' lang='grc' dir='ltr'><strong>τύχωμεν</strong></span> <span class='ocrx_word' id='word_1_246' title='bbox 1256 3348 1408 3413; x_wconf 76' lang='grc' dir='ltr'><strong>ὅντες</strong></span> <span class='ocrx_word' id='word_1_247' title='bbox 1445 3345 1674 3419; x_wconf 84' lang='grc' dir='ltr'><strong>ἐρημίᾳ,</strong></span> <span class='ocrx_word' id='word_1_248' title='bbox 1706 3344 1908 3418; x_wconf 83' lang='grc' dir='ltr'><strong>πολλὴν</strong></span> <span class='ocrx_word' id='word_1_249' title='bbox 1958 3346 2045 3399; x_wconf 83' lang='grc' dir='ltr'><strong>ἐν·</strong></span> 
     </span>
    </p>
   </div>
   <div class='ocr_carea' id='block_1_33' title="bbox 457 3440 1617 3518">
    <p class='ocr_par' dir='ltr' id='par_1_33' title="bbox 457 3440 1617 3518">
     <span class='ocr_line' id='line_1_33' title="bbox 457 3440 1617 3518; baseline -0.007 -17"><span class='ocrx_word' id='word_1_250' title='bbox 457 3444 649 3501; x_wconf 88' lang='grc' dir='ltr'><strong>τεῦθεν</strong></span> <span class='ocrx_word' id='word_1_251' title='bbox 681 3442 1092 3518; x_wconf 87' lang='grc' dir='ltr'><strong>καρπωσόμεθα</strong></span> <span class='ocrx_word' id='word_1_252' title='bbox 1117 3441 1217 3514; x_wconf 84' lang='grc' dir='ltr'><strong>τὴν</strong></span> <span class='ocrx_word' id='word_1_253' title='bbox 1248 3440 1617 3513; x_wconf 89' lang='grc' dir='ltr'><strong>παράκλησιν.</strong></span> 
     </span>
    </p>
   </div>
   <div class='ocr_carea' id='block_1_34' title="bbox 873 3578 1633 3650">
    <p class='ocr_par' dir='ltr' id='par_1_34' title="bbox 873 3578 1633 3650">
     <span class='ocr_line' id='line_1_34' title="bbox 873 3578 1633 3650; baseline -0.004 -14"><span class='ocrx_word' id='word_1_254' title='bbox 873 3581 987 3650; x_wconf 73' lang='grc' dir='ltr'><strong>ι,Δ’.</strong></span> <span class='ocrx_word' id='word_1_255' title='bbox 1029 3578 1326 3650; x_wconf 78' lang='grc' dir='ltr'><strong>Πενταδίςι</strong></span> <span class='ocrx_word' id='word_1_256' title='bbox 1353 3578 1633 3644; x_wconf 78' lang='grc' dir='ltr'><strong>διακόνῳ.</strong></span> 
     </span>
    </p>
   </div>
   <div class='ocr_carea' id='block_1_35' title="bbox 541 3691 2048 3770">
    <p class='ocr_par' dir='ltr' id='par_1_35' title="bbox 541 3691 2048 3770">
     <span class='ocr_line' id='line_1_35' title="bbox 541 3691 2048 3770; baseline -0.006 -16"><span class='ocrx_word' id='word_1_257' title='bbox 541 3698 686 3770; x_wconf 85' lang='grc' dir='ltr'><strong>Ἐγώ</strong></span> <span class='ocrx_word' id='word_1_258' title='bbox 718 3715 813 3754; x_wconf 87' lang='grc' dir='ltr'><strong>σου</strong></span> <span class='ocrx_word' id='word_1_259' title='bbox 844 3696 944 3769; x_wconf 81' lang='grc' dir='ltr'><strong>τὴν</strong></span> <span class='ocrx_word' id='word_1_260' title='bbox 985 3696 1228 3767; x_wconf 87' lang='grc' dir='ltr'><strong>ἀγάπην,</strong></span> <span class='ocrx_word' id='word_1_261' title='bbox 1269 3696 1336 3767; x_wconf 72' lang='grc' dir='ltr'><strong>ην</strong></span> <span class='ocrx_word' id='word_1_262' title='bbox 1364 3694 1494 3766; x_wconf 85' lang='grc' dir='ltr'><strong>περί</strong></span> <span class='ocrx_word' id='word_1_263' title='bbox 1522 3694 1669 3765; x_wconf 73' lang='grc' dir='ltr'><strong>ἡμᾶς</strong></span> <span class='ocrx_word' id='word_1_264' title='bbox 1702 3691 1869 3764; x_wconf 80' lang='grc' dir='ltr'><strong>έχεις,</strong></span> <span class='ocrx_word' id='word_1_265' title='bbox 1898 3691 2048 3762; x_wconf 67' lang='grc' dir='ltr'><strong>ᾔδειν</strong></span> 
     </span>
    </p>
   </div>
   <div class='ocr_carea' id='block_1_36' title="bbox 463 3784 2044 3865">
    <p class='ocr_par' dir='ltr' id='par_1_36' title="bbox 463 3784 2044 3865">
     <span class='ocr_line' id='line_1_36' title="bbox 463 3784 2044 3865; baseline -0.006 -16"><span class='ocrx_word' id='word_1_266' title='bbox 463 3792 564 3865; x_wconf 71' lang='grc' dir='ltr'><strong>μὲν</strong></span> <span class='ocrx_word' id='word_1_267' title='bbox 583 3794 678 3848; x_wconf 78' lang='grc' dir='ltr'><strong>καὶ</strong></span> <span class='ocrx_word' id='word_1_268' title='bbox 701 3791 1031 3865; x_wconf 76' lang='grc' dir='ltr'><strong>ἔμπροσθεν,</strong></span> <span class='ocrx_word' id='word_1_269' title='bbox 1049 3784 1311 3844; x_wconf 83' lang='grc' dir='ltr'><strong>διἀὐτῶν</strong></span> <span class='ocrx_word' id='word_1_270' title='bbox 1337 3786 1522 3861; x_wconf 86' lang='grc' dir='ltr'><strong>μαθὼν</strong></span> <span class='ocrx_word' id='word_1_271' title='bbox 1544 3786 1652 3841; x_wconf 90' lang='grc' dir='ltr'><strong>τῶν</strong></span> <span class='ocrx_word' id='word_1_272' title='bbox 1673 3786 2014 3858; x_wconf 86' lang='grc' dir='ltr'><strong>πραγμάτων</strong></span> <span class='ocrx_word' id='word_1_273' title='bbox 2029 3803 2044 3816; x_wconf 92' lang='grc'><strong>·</strong></span> 
     </span>
    </p>
   </div>
   <div class='ocr_carea' id='block_1_37' title="bbox 460 3872 2047 3956">
    <p class='ocr_par' dir='ltr' id='par_1_37' title="bbox 460 3872 2047 3956">
     <span class='ocr_line' id='line_1_37' title="bbox 460 3872 2047 3956; baseline -0.005 -19"><span class='ocrx_word' id='word_1_274' title='bbox 460 3882 666 3956; x_wconf 74' lang='grc' dir='ltr'><strong>ιμαθον</strong></span> <span class='ocrx_word' id='word_1_275' title='bbox 703 3882 762 3936; x_wconf 80' lang='grc' dir='ltr'><strong>δέ</strong></span> <span class='ocrx_word' id='word_1_276' title='bbox 802 3882 1137 3953; x_wconf 87' lang='grc' dir='ltr'><strong>σαφέστερον</strong></span> <span class='ocrx_word' id='word_1_277' title='bbox 1180 3878 1276 3934; x_wconf 89' lang='grc' dir='ltr'><strong>νῦν</strong></span> <span class='ocrx_word' id='word_1_278' title='bbox 1319 3877 1379 3946; x_wconf 78' lang='grc' dir='ltr'><strong>ἐξ</strong></span> <span class='ocrx_word' id='word_1_279' title='bbox 1417 3872 1494 3932; x_wconf 84' lang='grc' dir='ltr'><strong>ὧν</strong></span> <span class='ocrx_word' id='word_1_280' title='bbox 1535 3874 1873 3939; x_wconf 76' lang='grc' dir='ltr'><strong>ἐπέσταλκας</strong></span> <span class='ocrx_word' id='word_1_281' title='bbox 1893 3876 2047 3947; x_wconf 82' lang='grc' dir='ltr'><strong>ἡμῖν.</strong></span> 
     </span>
    </p>
   </div>
   <div class='ocr_carea' id='block_1_38' title="bbox 459 3966 2048 4046">
    <p class='ocr_par' dir='ltr' id='par_1_38' title="bbox 459 3966 2048 4046">
     <span class='ocr_line' id='line_1_38' title="bbox 459 3966 2048 4046; baseline -0.008 -13"><span class='ocrx_word' id='word_1_282' title='bbox 459 3978 573 4033; x_wconf 75' lang='grc' dir='ltr'><strong>Καὶ</strong></span> <span class='ocrx_word' id='word_1_283' title='bbox 618 3976 708 4031; x_wconf 85' lang='grc' dir='ltr'><strong>διά</strong></span> <span class='ocrx_word' id='word_1_284' title='bbox 752 3975 911 4029; x_wconf 89' lang='grc' dir='ltr'><strong>τοῦτο</strong></span> <span class='ocrx_word' id='word_1_285' title='bbox 948 3974 1186 4046; x_wconf 88' lang='grc' dir='ltr'><strong>μάλιστά</strong></span> <span class='ocrx_word' id='word_1_286' title='bbox 1218 3990 1278 4026; x_wconf 81' lang='grc' dir='ltr'><strong>σε</strong></span> <span class='ocrx_word' id='word_1_287' title='bbox 1313 3970 1702 4042; x_wconf 86' lang='grc' dir='ltr'><strong>θαυμάζομεν,</strong></span> <span class='ocrx_word' id='word_1_288' title='bbox 1742 3968 1805 4022; x_wconf 91' lang='grc' dir='ltr'><strong>οὐ</strong></span> <span class='ocrx_word' id='word_1_289' title='bbox 1852 3966 1942 4021; x_wconf 88' lang='grc' dir='ltr'><strong>διά</strong></span> <span class='ocrx_word' id='word_1_290' title='bbox 1986 3967 2048 4021; x_wconf 86' lang='grc' dir='ltr'><strong>τδ</strong></span> 
     </span>
    </p>
   </div>
   <div class='ocr_carea' id='block_1_39' title="bbox 460 4062 2051 4142">
    <p class='ocr_par' dir='ltr' id='par_1_39' title="bbox 460 4062 2051 4142">
     <span class='ocr_line' id='line_1_39' title="bbox 460 4062 2051 4142; baseline -0.006 -16"><span class='ocrx_word' id='word_1_291' title='bbox 460 4069 671 4142; x_wconf 80' lang='grc' dir='ltr'><strong>γράψαι</strong></span> <span class='ocrx_word' id='word_1_292' title='bbox 701 4069 882 4140; x_wconf 89' lang='grc' dir='ltr'><strong>μόνον,</strong></span> <span class='ocrx_word' id='word_1_293' title='bbox 900 4067 1036 4123; x_wconf 86' lang='grc' dir='ltr'><strong>ἀλλά</strong></span> <span class='ocrx_word' id='word_1_294' title='bbox 1061 4066 1156 4121; x_wconf 78' lang='grc' dir='ltr'><strong>καὶ</strong></span> <span class='ocrx_word' id='word_1_295' title='bbox 1174 4066 1265 4121; x_wconf 88' lang='grc' dir='ltr'><strong>διά</strong></span> <span class='ocrx_word' id='word_1_296' title='bbox 1287 4065 1349 4119; x_wconf 80' lang='grc' dir='ltr'><strong>τὸ</strong></span> <span class='ocrx_word' id='word_1_297' title='bbox 1363 4063 1697 4134; x_wconf 86' lang='grc' dir='ltr'><strong>ἀπαγγεῖλαι</strong></span> <span class='ocrx_word' id='word_1_298' title='bbox 1717 4063 1848 4135; x_wconf 78' lang='grc' dir='ltr'><strong>ἡμῖν</strong></span> <span class='ocrx_word' id='word_1_299' title='bbox 1870 4062 2051 4117; x_wconf 90' lang='grc' dir='ltr'><strong>πάντα</strong></span> 
     </span>
    </p>
   </div>
   <div class='ocr_carea' id='block_1_40' title="bbox 459 4156 2052 4233">
    <p class='ocr_par' dir='ltr' id='par_1_40' title="bbox 459 4156 2052 4233">
     <span class='ocr_line' id='line_1_40' title="bbox 459 4156 2052 4233; baseline -0.006 -14"><span class='ocrx_word' id='word_1_300' title='bbox 459 4165 530 4221; x_wconf 89' lang='grc' dir='ltr'><strong>τά</strong></span> <span class='ocrx_word' id='word_1_301' title='bbox 561 4162 926 4233; x_wconf 83' lang='grc' dir='ltr'><strong>γεγενημένα.</strong></span> <span class='ocrx_word' id='word_1_302' title='bbox 960 4160 1133 4215; x_wconf 89' lang='grc' dir='ltr'><strong>Τοῦτο</strong></span> <span class='ocrx_word' id='word_1_303' title='bbox 1160 4160 1271 4232; x_wconf 79' lang='lat'><strong>7&amp;9</strong></span> <span class='ocrx_word' id='word_1_304' title='bbox 1311 4157 1408 4213; x_wconf 71' lang='grc' dir='ltr'><strong>καὶ</strong></span> <span class='ocrx_word' id='word_1_305' title='bbox 1454 4156 1762 4229; x_wconf 77' lang='grc' dir='ltr'><strong>θαρρούσης</strong></span> <span class='ocrx_word' id='word_1_306' title='bbox 1795 4156 1925 4227; x_wconf 82' lang='grc' dir='ltr'><strong>ἡμῖν</strong></span> <span class='ocrx_word' id='word_1_307' title='bbox 1957 4156 2052 4209; x_wconf 71' lang='grc' dir='ltr'><strong>καὶ</strong></span> 
     </span>
    </p>
   </div>
   <div class='ocr_carea' id='block_1_41' title="bbox 464 4247 2054 4330">
    <p class='ocr_par' dir='ltr' id='par_1_41' title="bbox 464 4247 2054 4330">
     <span class='ocr_line' id='line_1_41' title="bbox 464 4247 2054 4330; baseline -0.006 -19"><span class='ocrx_word' id='word_1_308' title='bbox 464 4254 819 4330; x_wconf 83' lang='grc' dir='ltr'><strong>μεριμνώσης</strong></span> <span class='ocrx_word' id='word_1_309' title='bbox 846 4254 917 4308; x_wconf 89' lang='grc' dir='ltr'><strong>τά</strong></span> <span class='ocrx_word' id='word_1_310' title='bbox 943 4253 1208 4326; x_wconf 81' lang='grc' dir='ltr'><strong>ἡμέτερα.</strong></span> <span class='ocrx_word' id='word_1_311' title='bbox 1242 4252 1344 4306; x_wconf 85' lang='grc' dir='ltr'><strong>Διά</strong></span> <span class='ocrx_word' id='word_1_312' title='bbox 1372 4251 1546 4305; x_wconf 89' lang='grc' dir='ltr'><strong>ταῦτα</strong></span> <span class='ocrx_word' id='word_1_313' title='bbox 1576 4251 1907 4322; x_wconf 88' lang='grc' dir='ltr'><strong>σκιρτῶμεν,</strong></span> <span class='ocrx_word' id='word_1_314' title='bbox 1935 4247 2054 4319; x_wconf 87' lang='grc' dir='ltr'><strong>χαί-</strong></span> 
     </span>
    </p>
   </div>
   <div class='ocr_carea' id='block_1_42' title="bbox 466 4339 2053 4424">
    <p class='ocr_par' dir='ltr' id='par_1_42' title="bbox 466 4339 2053 4424">
     <span class='ocr_line' id='line_1_42' title="bbox 466 4339 2053 4424; baseline -0.005 -22"><span class='ocrx_word' id='word_1_315' title='bbox 466 4363 654 4424; x_wconf 88' lang='grc' dir='ltr'><strong>ρομεν,</strong></span> <span class='ocrx_word' id='word_1_316' title='bbox 680 4344 1110 4417; x_wconf 85' lang='grc' dir='ltr'><strong>εὐφραινόμεθα,</strong></span> <span class='ocrx_word' id='word_1_317' title='bbox 1150 4343 1415 4415; x_wconf 83' lang='grc' dir='ltr'><strong>μεγίστην</strong></span> <span class='ocrx_word' id='word_1_318' title='bbox 1453 4342 1820 4415; x_wconf 88' lang='grc' dir='ltr'><strong>παράκλησιν,</strong></span> <span class='ocrx_word' id='word_1_319' title='bbox 1848 4339 1943 4394; x_wconf 80' lang='grc' dir='ltr'><strong>καί</strong></span> <span class='ocrx_word' id='word_1_320' title='bbox 1992 4341 2053 4394; x_wconf 86' lang='grc' dir='ltr'><strong>ἐν</strong></span> 
     </span>
    </p>
   </div>
   <div class='ocr_carea' id='block_1_43' title="bbox 464 4432 2054 4512">
    <p class='ocr_par' dir='ltr' id='par_1_43' title="bbox 464 4432 2054 4512">
     <span class='ocr_line' id='line_1_43' title="bbox 464 4432 2054 4512; baseline -0.004 -19"><span class='ocrx_word' id='word_1_321' title='bbox 464 4437 671 4512; x_wconf 78' lang='grc' dir='ltr'><strong>ἐρημίᾳ</strong></span> <span class='ocrx_word' id='word_1_322' title='bbox 703 4435 943 4509; x_wconf 82' lang='grc' dir='ltr'><strong>τοσαύτῃ</strong></span> <span class='ocrx_word' id='word_1_323' title='bbox 977 4435 1298 4507; x_wconf 77' lang='grc' dir='ltr'><strong>καθήμενοι,</strong></span> <span class='ocrx_word' id='word_1_324' title='bbox 1332 4433 1433 4506; x_wconf 82' lang='grc' dir='ltr'><strong>τὴν</strong></span> <span class='ocrx_word' id='word_1_325' title='bbox 1458 4433 1709 4506; x_wconf 86' lang='grc' dir='ltr'><strong>ἀνδρείαν</strong></span> <span class='ocrx_word' id='word_1_326' title='bbox 1735 4432 1931 4504; x_wconf 76' lang='grc' dir='ltr'><strong>ἔχομεν</strong></span> <span class='ocrx_word' id='word_1_327' title='bbox 1953 4432 2054 4505; x_wconf 79' lang='grc' dir='ltr'><strong>τὴν</strong></span> 
     </span>
    </p>
   </div>
   <div class='ocr_carea' id='block_1_44' title="bbox 464 4524 2054 4605">
    <p class='ocr_par' dir='ltr' id='par_1_44' title="bbox 464 4524 2054 4605">
     <span class='ocr_line' id='line_1_44' title="bbox 464 4524 2054 4605; baseline -0.004 -19"><span class='ocrx_word' id='word_1_328' title='bbox 464 4531 586 4605; x_wconf 80' lang='grc' dir='ltr'><strong>σὴν,</strong></span> <span class='ocrx_word' id='word_1_329' title='bbox 623 4530 723 4603; x_wconf 82' lang='grc' dir='ltr'><strong>τὴν</strong></span> <span class='ocrx_word' id='word_1_330' title='bbox 759 4528 1013 4583; x_wconf 82' lang='grc' dir='ltr'><strong>ένστασιν</strong></span> <span class='ocrx_word' id='word_1_331' title='bbox 1030 4540 1080 4596; x_wconf 72' lang='grc' dir='ltr'><strong>ι,</strong></span> <span class='ocrx_word' id='word_1_332' title='bbox 1113 4527 1213 4599; x_wconf 81' lang='grc' dir='ltr'><strong>τὴν</strong></span> <span class='ocrx_word' id='word_1_333' title='bbox 1244 4526 1643 4599; x_wconf 89' lang='grc' dir='ltr'><strong>ἀπερίτρεπτον</strong></span> <span class='ocrx_word' id='word_1_334' title='bbox 1669 4524 1915 4597; x_wconf 82' lang='grc' dir='ltr'><strong>γνώμην,</strong></span> <span class='ocrx_word' id='word_1_335' title='bbox 1953 4525 2054 4595; x_wconf 80' lang='grc' dir='ltr'><strong>τὴν</strong></span> 
     </span>
    </p>
   </div>
   <div class='ocr_carea' id='block_1_45' title="bbox 465 4616 2056 4694">
    <p class='ocr_par' dir='ltr' id='par_1_45' title="bbox 465 4616 2056 4694">
     <span class='ocr_line' id='line_1_45' title="bbox 465 4616 2056 4694; baseline -0.006 -13"><span class='ocrx_word' id='word_1_336' title='bbox 465 4625 682 4680; x_wconf 87' lang='grc' dir='ltr'><strong>σύνεσιν</strong></span> <span class='ocrx_word' id='word_1_337' title='bbox 718 4621 818 4694; x_wconf 85' lang='grc' dir='ltr'><strong>τὴν</strong></span> <span class='ocrx_word' id='word_1_338' title='bbox 849 4620 1074 4693; x_wconf 83' lang='grc' dir='ltr'><strong>πολλὴν,</strong></span> <span class='ocrx_word' id='word_1_339' title='bbox 1103 4620 1205 4692; x_wconf 82' lang='grc' dir='ltr'><strong>τὴν</strong></span> <span class='ocrx_word' id='word_1_340' title='bbox 1244 4617 1753 4691; x_wconf 86' lang='grc' dir='ltr'><strong>ἐλευθεροστομίαν,</strong></span> <span class='ocrx_word' id='word_1_341' title='bbox 1779 4616 1883 4689; x_wconf 79' lang='grc' dir='ltr'><strong>τὴν</strong></span> <span class='ocrx_word' id='word_1_342' title='bbox 1910 4617 2056 4689; x_wconf 78' lang='grc' dir='ltr'><strong>παρο</strong></span> 
     </span>
    </p>
   </div>
   <div class='ocr_carea' id='block_1_46' title="bbox 467 4708 2057 4791">
    <p class='ocr_par' dir='ltr' id='par_1_46' title="bbox 467 4708 2057 4791">
     <span class='ocr_line' id='line_1_46' title="bbox 467 4708 2057 4791; baseline -0.006 -19"><span class='ocrx_word' id='word_1_343' title='bbox 467 4717 665 4791; x_wconf 77' lang='grc' dir='ltr'><strong>ῥησίαν</strong></span> <span class='ocrx_word' id='word_1_344' title='bbox 693 4715 793 4787; x_wconf 81' lang='grc' dir='ltr'><strong>τὴν</strong></span> <span class='ocrx_word' id='word_1_345' title='bbox 822 4713 1057 4784; x_wconf 78' lang='grc' dir='ltr'><strong>ὑψηλὴν,</strong></span> <span class='ocrx_word' id='word_1_346' title='bbox 1088 4712 1157 4767; x_wconf 88' lang='grc' dir='ltr'><strong>δι’</strong></span> <span class='ocrx_word' id='word_1_347' title='bbox 1176 4708 1245 4786; x_wconf 82' lang='grc' dir='ltr'><strong>ἦς</strong></span> <span class='ocrx_word' id='word_1_348' title='bbox 1270 4711 1619 4783; x_wconf 75' lang='grc' dir='ltr'><strong>κατῄσχυνας</strong></span> <span class='ocrx_word' id='word_1_349' title='bbox 1670 4708 1773 4780; x_wconf 87' lang='grc' dir='ltr'><strong>μέν</strong></span> <span class='ocrx_word' id='word_1_350' title='bbox 1803 4709 1929 4773; x_wconf 83' lang='grc' dir='ltr'><strong>τοὺς</strong></span> <span class='ocrx_word' id='word_1_351' title='bbox 1951 4709 2057 4763; x_wconf 90' lang='grc' dir='ltr'><strong>ὐπ-</strong></span> 
     </span>
    </p>
   </div>
   <div class='ocr_carea' id='block_1_47' title="bbox 466 4802 2054 4881">
    <p class='ocr_par' dir='ltr' id='par_1_47' title="bbox 466 4802 2054 4881">
     <span class='ocr_line' id='line_1_47' title="bbox 466 4802 2054 4881; baseline -0.006 -17"><span class='ocrx_word' id='word_1_352' title='bbox 466 4812 767 4875; x_wconf 87' lang='grc' dir='ltr'><strong>εναντίους,</strong></span> <span class='ocrx_word' id='word_1_353' title='bbox 815 4807 1036 4881; x_wconf 87' lang='grc' dir='ltr'><strong>καιρίαν</strong></span> <span class='ocrx_word' id='word_1_354' title='bbox 1064 4805 1123 4860; x_wconf 88' lang='grc' dir='ltr'><strong>δέ</strong></span> <span class='ocrx_word' id='word_1_355' title='bbox 1143 4805 1382 4869; x_wconf 86' lang='grc' dir='ltr'><strong>δέδωκας</strong></span> <span class='ocrx_word' id='word_1_356' title='bbox 1420 4804 1500 4874; x_wconf 84' lang='grc' dir='ltr'><strong>τῷ</strong></span> <span class='ocrx_word' id='word_1_357' title='bbox 1541 4803 1774 4875; x_wconf 86' lang='grc' dir='ltr'><strong>διαϐόλῳ</strong></span> <span class='ocrx_word' id='word_1_358' title='bbox 1814 4802 2054 4875; x_wconf 85' lang='grc' dir='ltr'><strong>πληγὴν,</strong></span> 
     </span>
    </p>
   </div>
   <div class='ocr_carea' id='block_1_48' title="bbox 466 4894 2056 4976">
    <p class='ocr_par' dir='ltr' id='par_1_48' title="bbox 466 4894 2056 4976">
     <span class='ocr_line' id='line_1_48' title="bbox 466 4894 2056 4976; baseline -0.006 -17"><span class='ocrx_word' id='word_1_359' title='bbox 466 4904 698 4976; x_wconf 72' lang='grc' dir='ltr'><strong>ἤλειψας</strong></span> <span class='ocrx_word' id='word_1_360' title='bbox 729 4903 788 4958; x_wconf 85' lang='grc' dir='ltr'><strong>δέ</strong></span> <span class='ocrx_word' id='word_1_361' title='bbox 828 4903 957 4967; x_wconf 85' lang='grc' dir='ltr'><strong>τούς</strong></span> <span class='ocrx_word' id='word_1_362' title='bbox 998 4900 1139 4972; x_wconf 88' lang='grc' dir='ltr'><strong>ὐπέρ</strong></span> <span class='ocrx_word' id='word_1_363' title='bbox 1165 4898 1265 4970; x_wconf 81' lang='grc' dir='ltr'><strong>τῆς</strong></span> <span class='ocrx_word' id='word_1_364' title='bbox 1306 4896 1567 4968; x_wconf 77' lang='grc' dir='ltr'><strong>ἀληθείας</strong></span> <span class='ocrx_word' id='word_1_365' title='bbox 1593 4894 2056 4966; x_wconf 87' lang='grc' dir='ltr'><strong>ἀγωνιζομένους,</strong></span> 
     </span>
    </p>
   </div>
   <div class='ocr_carea' id='block_1_49' title="bbox 466 4986 2063 5067">
    <p class='ocr_par' dir='ltr' id='par_1_49' title="bbox 466 4986 2063 5067">
     <span class='ocr_line' id='line_1_49' title="bbox 466 4986 2063 5067; baseline -0.006 -19"><span class='ocrx_word' id='word_1_366' title='bbox 466 4993 719 5067; x_wconf 80' lang='grc' dir='ltr'><strong>καθάπερ</strong></span> <span class='ocrx_word' id='word_1_367' title='bbox 745 4994 1007 5066; x_wconf 75' lang='grc' dir='ltr'><strong>ἀριστεὺς</strong></span> <span class='ocrx_word' id='word_1_368' title='bbox 1025 4991 1273 5061; x_wconf 79' lang='grc' dir='ltr'><strong>γενναῖος</strong></span> <span class='ocrx_word' id='word_1_369' title='bbox 1295 4988 1354 5042; x_wconf 89' lang='grc' dir='ltr'><strong>ἐν</strong></span> <span class='ocrx_word' id='word_1_370' title='bbox 1386 4986 1612 5058; x_wconf 85' lang='grc' dir='ltr'><strong>πολέμῳ</strong></span> <span class='ocrx_word' id='word_1_371' title='bbox 1638 4986 1899 5058; x_wconf 87' lang='grc' dir='ltr'><strong>τρόπαιον</strong></span> <span class='ocrx_word' id='word_1_372' title='bbox 1930 4989 2063 5058; x_wconf 83' lang='grc' dir='ltr'><strong>στή-</strong></span> 
     </span>
    </p>
   </div>
   <div class='ocr_carea' id='block_1_50' title="bbox 470 5078 2059 5157">
    <p class='ocr_par' dir='ltr' id='par_1_50' title="bbox 470 5078 2059 5157">
     <span class='ocr_line' id='line_1_50' title="bbox 470 5078 2059 5157; baseline -0.006 -17"><span class='ocrx_word' id='word_1_373' title='bbox 470 5104 612 5141; x_wconf 90' lang='grc' dir='ltr'><strong>σασα</strong></span> <span class='ocrx_word' id='word_1_374' title='bbox 654 5085 930 5157; x_wconf 83' lang='grc' dir='ltr'><strong>λαμπρδν,</strong></span> <span class='ocrx_word' id='word_1_375' title='bbox 980 5085 1077 5139; x_wconf 69' lang='grc' dir='ltr'><strong>καὶ</strong></span> <span class='ocrx_word' id='word_1_376' title='bbox 1123 5082 1284 5153; x_wconf 91' lang='grc' dir='ltr'><strong>νίκην</strong></span> <span class='ocrx_word' id='word_1_377' title='bbox 1332 5080 1582 5153; x_wconf 85' lang='grc' dir='ltr'><strong>ἀραμένη</strong></span> <span class='ocrx_word' id='word_1_378' title='bbox 1644 5078 1916 5151; x_wconf 81' lang='grc' dir='ltr'><strong>φαιδρὰν,</strong></span> <span class='ocrx_word' id='word_1_379' title='bbox 1961 5079 2059 5134; x_wconf 73' lang='grc' dir='ltr'><strong>καὶ</strong></span> 
     </span>
    </p>
   </div>
   <div class='ocr_carea' id='block_1_51' title="bbox 469 5170 2060 5251">
    <p class='ocr_par' dir='ltr' id='par_1_51' title="bbox 469 5170 2060 5251">
     <span class='ocr_line' id='line_1_51' title="bbox 469 5170 2060 5251; baseline -0.006 -18"><span class='ocrx_word' id='word_1_380' title='bbox 469 5180 620 5251; x_wconf 80' lang='grc' dir='ltr'><strong>ἡμᾶς</strong></span> <span class='ocrx_word' id='word_1_381' title='bbox 665 5177 725 5231; x_wconf 72' lang='grc' dir='ltr'><strong>δὲ</strong></span> <span class='ocrx_word' id='word_1_382' title='bbox 771 5175 1045 5249; x_wconf 86' lang='grc' dir='ltr'><strong>τοσαύτης</strong></span> <span class='ocrx_word' id='word_1_383' title='bbox 1077 5174 1382 5246; x_wconf 86' lang='grc' dir='ltr'><strong>ἐνέπλησας</strong></span> <span class='ocrx_word' id='word_1_384' title='bbox 1412 5173 1643 5245; x_wconf 77' lang='grc' dir='ltr'><strong>ἡδονῆς,</strong></span> <span class='ocrx_word' id='word_1_385' title='bbox 1688 5173 1764 5236; x_wconf 84' lang='grc' dir='ltr'><strong>ὡς</strong></span> <span class='ocrx_word' id='word_1_386' title='bbox 1813 5170 2060 5243; x_wconf 82' lang='grc' dir='ltr'><strong>νομίζειν</strong></span> 
     </span>
    </p>
   </div>
   <div class='ocr_carea' id='block_1_52' title="bbox 476 5260 2062 5342">
    <p class='ocr_par' dir='ltr' id='par_1_52' title="bbox 476 5260 2062 5342">
     <span class='ocr_line' id='line_1_52' title="bbox 476 5260 2062 5342; baseline -0.006 -18"><span class='ocrx_word' id='word_1_387' title='bbox 476 5272 615 5342; x_wconf 85' lang='grc' dir='ltr'><strong>μήτε</strong></span> <span class='ocrx_word' id='word_1_388' title='bbox 658 5271 716 5324; x_wconf 89' lang='grc' dir='ltr'><strong>ἐν</strong></span> <span class='ocrx_word' id='word_1_389' title='bbox 747 5267 1008 5341; x_wconf 86' lang='grc' dir='ltr'><strong>ἀλλοτρίᾳ</strong></span> <span class='ocrx_word' id='word_1_390' title='bbox 1057 5260 1221 5330; x_wconf 73' lang='grc' dir='ltr'><strong>εἶναι,</strong></span> <span class='ocrx_word' id='word_1_391' title='bbox 1257 5265 1394 5337; x_wconf 83' lang='grc' dir='ltr'><strong>μήτε</strong></span> <span class='ocrx_word' id='word_1_392' title='bbox 1434 5265 1495 5317; x_wconf 86' lang='grc' dir='ltr'><strong>ἐν</strong></span> <span class='ocrx_word' id='word_1_393' title='bbox 1530 5262 1658 5336; x_wconf 82' lang='grc' dir='ltr'><strong>ξένῃ</strong></span> <span class='ocrx_word' id='word_1_394' title='bbox 1687 5264 1783 5334; x_wconf 77' lang='grc' dir='ltr'><strong>γῇ,</strong></span> <span class='ocrx_word' id='word_1_395' title='bbox 1838 5262 1977 5333; x_wconf 80' lang='grc' dir='ltr'><strong>μήτε</strong></span> <span class='ocrx_word' id='word_1_396' title='bbox 2003 5262 2062 5315; x_wconf 85' lang='grc' dir='ltr'><strong>ἐν</strong></span> 
     </span>
    </p>
   </div>
   <div class='ocr_carea' id='block_1_53' title="bbox 455 5349 2060 5435">
    <p class='ocr_par' dir='ltr' id='par_1_53' title="bbox 455 5349 2060 5435">
     <span class='ocr_line' id='line_1_53' title="bbox 455 5349 2060 5435; baseline -0.007 -18"><span class='ocrx_word' id='word_1_397' title='bbox 455 5362 700 5435; x_wconf 71' lang='grc' dir='ltr'><strong>«ἐρημίᾳ,</strong></span> <span class='ocrx_word' id='word_1_398' title='bbox 734 5361 852 5415; x_wconf 80' lang='grc' dir='ltr'><strong>ἀλλ’</strong></span> <span class='ocrx_word' id='word_1_399' title='bbox 878 5364 1058 5415; x_wconf 76' lang='grc' dir='ltr'><strong>ἐκεῖσε</strong></span> <span class='ocrx_word' id='word_1_400' title='bbox 1091 5360 1371 5430; x_wconf 81' lang='grc' dir='ltr'><strong>παρεῖναι,</strong></span> <span class='ocrx_word' id='word_1_401' title='bbox 1419 5357 1515 5411; x_wconf 73' lang='grc' dir='ltr'><strong>καὶ</strong></span> <span class='ocrx_word' id='word_1_402' title='bbox 1558 5356 1679 5428; x_wconf 81' lang='grc' dir='ltr'><strong>μεθ’</strong></span> <span class='ocrx_word' id='word_1_403' title='bbox 1712 5355 1868 5426; x_wconf 90' lang='grc' dir='ltr'><strong>ὐμῶν</strong></span> <span class='ocrx_word' id='word_1_404' title='bbox 1899 5349 2060 5418; x_wconf 78' lang='grc' dir='ltr'><strong>εἶναι,</strong></span> 
     </span>
    </p>
   </div>
   <div class='ocr_carea' id='block_1_54' title="bbox 473 5448 2063 5525">
    <p class='ocr_par' dir='ltr' id='par_1_54' title="bbox 473 5448 2063 5525">
     <span class='ocr_line' id='line_1_54' title="bbox 473 5448 2063 5525; baseline -0.004 -15"><span class='ocrx_word' id='word_1_405' title='bbox 473 5456 569 5511; x_wconf 77' lang='grc' dir='ltr'><strong>καὶ</strong></span> <span class='ocrx_word' id='word_1_406' title='bbox 597 5456 868 5525; x_wconf 79' lang='grc' dir='ltr'><strong>ἐντρυφᾷν</strong></span> <span class='ocrx_word' id='word_1_407' title='bbox 903 5471 998 5508; x_wconf 87' lang='grc' dir='ltr'><strong>σου</strong></span> <span class='ocrx_word' id='word_1_408' title='bbox 1018 5456 1086 5525; x_wconf 78' lang='grc' dir='ltr'><strong>τῇ</strong></span> <span class='ocrx_word' id='word_1_409' title='bbox 1120 5454 1219 5522; x_wconf 79' lang='grc' dir='ltr'><strong>τῆς</strong></span> <span class='ocrx_word' id='word_1_410' title='bbox 1248 5452 1429 5523; x_wconf 79' lang='grc' dir='ltr'><strong>ψυχῆς</strong></span> <span class='ocrx_word' id='word_1_411' title='bbox 1462 5452 1654 5522; x_wconf 83' lang='grc' dir='ltr'><strong>ἀρετῇ.</strong></span> <span class='ocrx_word' id='word_1_412' title='bbox 1681 5450 1853 5521; x_wconf 84' lang='grc' dir='ltr'><strong>Χαῖρε</strong></span> <span class='ocrx_word' id='word_1_413' title='bbox 1882 5448 2063 5503; x_wconf 85' lang='grc' dir='ltr'><strong>τοίνυν</strong></span> 
     </span>
    </p>
   </div>
   <div class='ocr_carea' id='block_1_55' title="bbox 452 5539 2064 5617">
    <p class='ocr_par' dir='ltr' id='par_1_55' title="bbox 452 5539 2064 5617">
     <span class='ocr_line' id='line_1_55' title="bbox 452 5539 2064 5617; baseline -0.006 -14"><span class='ocrx_word' id='word_1_414' title='bbox 452 5546 575 5603; x_wconf 58' lang='grc' dir='ltr'><strong>κκαὶ</strong></span> <span class='ocrx_word' id='word_1_415' title='bbox 601 5544 893 5617; x_wconf 87' lang='grc' dir='ltr'><strong>εὐφραίνου</strong></span> <span class='ocrx_word' id='word_1_416' title='bbox 915 5544 1173 5615; x_wconf 89' lang='grc' dir='ltr'><strong>τοιαύτην</strong></span> <span class='ocrx_word' id='word_1_417' title='bbox 1192 5544 1447 5617; x_wconf 84' lang='grc' dir='ltr'><strong>ἀραμένη</strong></span> <span class='ocrx_word' id='word_1_418' title='bbox 1470 5542 1651 5614; x_wconf 89' lang='grc' dir='ltr'><strong>νίκην,</strong></span> <span class='ocrx_word' id='word_1_419' title='bbox 1669 5542 1764 5597; x_wconf 77' lang='grc' dir='ltr'><strong>καί</strong></span> <span class='ocrx_word' id='word_1_420' title='bbox 1790 5539 2064 5607; x_wconf 84' lang='grc' dir='ltr'><strong>τοιούτους</strong></span> 
     </span>
    </p>
   </div>
   <div class='ocr_carea' id='block_1_56' title="bbox 480 5630 2067 5706">
    <p class='ocr_par' dir='ltr' id='par_1_56' title="bbox 480 5630 2067 5706">
     <span class='ocr_line' id='line_1_56' title="bbox 480 5630 2067 5706; baseline -0.005 -14"><span class='ocrx_word' id='word_1_421' title='bbox 480 5637 718 5700; x_wconf 78' lang='grc' dir='ltr'><strong>εὐκόλως</strong></span> <span class='ocrx_word' id='word_1_422' title='bbox 746 5634 1148 5705; x_wconf 82' lang='grc' dir='ltr'><strong>ἐπιστομίσασα</strong></span> <span class='ocrx_word' id='word_1_423' title='bbox 1174 5633 1373 5706; x_wconf 82' lang='grc' dir='ltr'><strong>θῆρας,</strong></span> <span class='ocrx_word' id='word_1_424' title='bbox 1412 5633 1507 5688; x_wconf 84' lang='grc' dir='ltr'><strong>καί</strong></span> <span class='ocrx_word' id='word_1_425' title='bbox 1545 5633 1644 5699; x_wconf 81' lang='grc' dir='ltr'><strong>τάς</strong></span> <span class='ocrx_word' id='word_1_426' title='bbox 1677 5630 2067 5703; x_wconf 80' lang='grc' dir='ltr'><strong>ἀναισχύντους</strong></span> 
     </span>
    </p>
   </div>
   <div class='ocr_carea' id='block_1_57' title="bbox 551 5820 1277 5887">
    <p class='ocr_par' dir='ltr' id='par_1_57' title="bbox 551 5820 1277 5887">
     <span class='ocr_line' id='line_1_57' title="bbox 551 5820 1277 5887; baseline -0.012 -11"><span class='ocrx_word' id='word_1_427' title='bbox 551 5823 575 5855; x_wconf 76' lang='grc'><strong><em>³</em></strong></span> <span class='ocrx_word' id='word_1_428' title='bbox 593 5823 714 5887; x_wconf 65' lang='lat' dir='ltr'><strong>Reg.</strong></span> <span class='ocrx_word' id='word_1_429' title='bbox 743 5827 795 5874; x_wconf 76' lang='lat' dir='ltr'><strong>et</strong></span> <span class='ocrx_word' id='word_1_430' title='bbox 819 5821 929 5874; x_wconf 77' lang='lat' dir='ltr'><strong>Vat.</strong></span> <span class='ocrx_word' id='word_1_431' title='bbox 952 5822 1038 5881; x_wconf 85' lang='grc' dir='ltr'><strong>τήν</strong></span> <span class='ocrx_word' id='word_1_432' title='bbox 1060 5820 1106 5870; x_wconf 80' lang='grc' dir='ltr'><strong>ἐν</strong></span> <span class='ocrx_word' id='word_1_433' title='bbox 1131 5826 1277 5871; x_wconf 80' lang='grc' dir='ltr'><strong>πᾶσι.</strong></span> 
     </span>
    </p>
   </div>
   <div class='ocr_carea' id='block_1_58' title="bbox 468 5901 1239 5929">
    <p class='ocr_par' dir='ltr' id='par_1_58' title="bbox 468 5901 1239 5929">
     <span class='ocr_line' id='line_1_58' title="bbox 468 5901 1239 5929; baseline -0.009 7"><span class='ocrx_word' id='word_1_434' title='bbox 468 5923 473 5929; x_wconf 46' lang='lat' dir='ltr'><em>r</em></span> <span class='ocrx_word' id='word_1_435' title='bbox 1213 5901 1239 5929; x_wconf 74' lang='grc' dir='ltr'><strong>ο</strong></span> 
     </span>
    </p>
   </div>
   <div class='ocr_carea' id='block_1_59' title="bbox 1154 348 3023 424">
    <p class='ocr_par' dir='ltr' id='par_1_59' title="bbox 1154 348 3023 424">
     <span class='ocr_line' id='line_1_59' title="bbox 1154 348 3023 424; baseline -0.01 0"><span class='ocrx_word' id='word_1_436' title='bbox 1154 368 1213 424; x_wconf 90' lang='lat' dir='ltr'><strong>S.</strong></span> <span class='ocrx_word' id='word_1_437' title='bbox 1256 360 1543 422; x_wconf 83' lang='lat' dir='ltr'><strong>JOANNIS</strong></span> <span class='ocrx_word' id='word_1_438' title='bbox 1579 349 2075 417; x_wconf 74' lang='lat' dir='ltr'><strong>CHRYSOSTOMI</strong></span> <span class='ocrx_word' id='word_1_439' title='bbox 2115 350 2436 411; x_wconf 78' lang='lat' dir='ltr'><strong>ARCHIEP.</strong></span> <span class='ocrx_word' id='word_1_440' title='bbox 2472 348 3023 410; x_wconf 80' lang='lat' dir='ltr'><strong>CONSTANTINOP.</strong></span> 
     </span>
    </p>
   </div>
   <div class='ocr_carea' id='block_1_60' title="bbox 2065 455 3705 544">
    <p class='ocr_par' dir='ltr' id='par_1_60' title="bbox 2065 455 3705 544">
     <span class='ocr_line' id='line_1_60' title="bbox 2065 455 3705 544; baseline -0.007 -20"><span class='ocrx_word' id='word_1_441' title='bbox 2065 461 2080 474; x_wconf 80' lang='grc'><strong>’</strong></span> <span class='ocrx_word' id='word_1_442' title='bbox 2121 471 2302 526; x_wconf 89' lang='grc' dir='ltr'><strong>αὐτῶν</strong></span> <span class='ocrx_word' id='word_1_443' title='bbox 2335 468 2663 544; x_wconf 82' lang='grc' dir='ltr'><strong>ἐμφράξασα</strong></span> <span class='ocrx_word' id='word_1_444' title='bbox 2705 465 2976 537; x_wconf 85' lang='grc' dir='ltr'><strong>γλώττας,</strong></span> <span class='ocrx_word' id='word_1_445' title='bbox 3007 460 3104 516; x_wconf 78' lang='grc' dir='ltr'><strong>καὶ</strong></span> <span class='ocrx_word' id='word_1_446' title='bbox 3139 457 3424 514; x_wconf 86' lang='grc' dir='ltr'><strong>λυσσῶντα</strong></span> <span class='ocrx_word' id='word_1_447' title='bbox 3456 455 3705 529; x_wconf 70' lang='grc' dir='ltr'><strong>ἀπορρά-</strong></span> 
     </span>
    </p>
   </div>
   <div class='ocr_carea' id='block_1_61' title="bbox 2154 274 2180 307">
    <p class='ocr_par' dir='ltr' id='par_1_61' title="bbox 2154 274 2180 307">
     <span class='ocr_line' id='line_1_61' title="bbox 2154 274 2180 307; baseline 0 0"><span class='ocrx_word' id='word_1_448' title='bbox 2154 274 2180 307; x_wconf 87' lang='lat' dir='ltr'><em>l</em></span> 
     </span>
    </p>
   </div>
   <div class='ocr_carea' id='block_1_62' title="bbox 3594 335 3700 399">
    <p class='ocr_par' dir='ltr' id='par_1_62' title="bbox 3594 335 3700 399">
     <span class='ocr_line' id='line_1_62' title="bbox 3594 335 3700 399; baseline -0.028 0"><span class='ocrx_word' id='word_1_449' title='bbox 3594 335 3700 399; x_wconf 64' lang='lat'><strong>638</strong></span> 
     </span>
    </p>
   </div>
   <div class='ocr_carea' id='block_1_63' title="bbox 2121 546 3721 634">
    <p class='ocr_par' dir='ltr' id='par_1_63' title="bbox 2121 546 3721 634">
     <span class='ocr_line' id='line_1_63' title="bbox 2121 546 3721 634; baseline -0.01 -16"><span class='ocrx_word' id='word_1_450' title='bbox 2121 563 2270 634; x_wconf 84' lang='grc' dir='ltr'><strong>ψασα</strong></span> <span class='ocrx_word' id='word_1_451' title='bbox 2292 563 2555 633; x_wconf 88' lang='grc' dir='ltr'><strong>στόματα.</strong></span> <span class='ocrx_word' id='word_1_452' title='bbox 2573 559 2828 614; x_wconf 87' lang='grc' dir='ltr'><strong>Τοιοῦτον</strong></span> <span class='ocrx_word' id='word_1_453' title='bbox 2855 557 2965 629; x_wconf 79' lang='lat'><strong>7&amp;9</strong></span> <span class='ocrx_word' id='word_1_454' title='bbox 2985 557 3020 625; x_wconf 79' lang='grc' dir='ltr'>ἠ</span> <span class='ocrx_word' id='word_1_455' title='bbox 3045 552 3277 625; x_wconf 86' lang='grc' dir='ltr'><strong>ἀλήθεια</strong></span> <span class='ocrx_word' id='word_1_456' title='bbox 3313 551 3432 623; x_wconf 87' lang='grc' dir='ltr'><strong>μεθ’</strong></span> <span class='ocrx_word' id='word_1_457' title='bbox 3464 546 3532 623; x_wconf 80' lang='grc' dir='ltr'><strong>ἦς</strong></span> <span class='ocrx_word' id='word_1_458' title='bbox 3556 551 3721 619; x_wconf 77' lang='grc' dir='ltr'><strong>ἡγω-.</strong></span> 
     </span>
    </p>
   </div>
   <div class='ocr_carea' id='block_1_64' title="bbox 2123 638 3706 722">
    <p class='ocr_par' dir='ltr' id='par_1_64' title="bbox 2123 638 3706 722">
     <span class='ocr_line' id='line_1_64' title="bbox 2123 638 3706 722; baseline -0.011 -14"><span class='ocrx_word' id='word_1_459' title='bbox 2123 654 2277 717; x_wconf 88' lang='grc' dir='ltr'><strong>νίσω,</strong></span> <span class='ocrx_word' id='word_1_460' title='bbox 2311 651 2409 707; x_wconf 70' lang='grc' dir='ltr'><strong>καὶ</strong></span> <span class='ocrx_word' id='word_1_461' title='bbox 2452 650 2593 722; x_wconf 87' lang='grc' dir='ltr'><strong>ὐπέρ</strong></span> <span class='ocrx_word' id='word_1_462' title='bbox 2624 644 2693 721; x_wconf 84' lang='grc' dir='ltr'><strong>ἦς</strong></span> <span class='ocrx_word' id='word_1_463' title='bbox 2739 648 2988 717; x_wconf 78' lang='grc' dir='ltr'><strong>ἐσφάγης</strong></span> <span class='ocrx_word' id='word_1_464' title='bbox 3036 641 3299 705; x_wconf 87' lang='grc' dir='ltr'><strong>πολλάκις</strong></span> <span class='ocrx_word' id='word_1_465' title='bbox 3331 654 3348 670; x_wconf 75' lang='lat'>&#39;</span> <span class='ocrx_word' id='word_1_466' title='bbox 3386 642 3445 694; x_wconf 86' lang='grc' dir='ltr'><strong>ἐν</strong></span> <span class='ocrx_word' id='word_1_467' title='bbox 3476 638 3706 711; x_wconf 84' lang='grc' dir='ltr'><strong>βραχέσι</strong></span> 
     </span>
    </p>
   </div>
   <div class='ocr_carea' id='block_1_65' title="bbox 2127 726 3710 816">
    <p class='ocr_par' dir='ltr' id='par_1_65' title="bbox 2127 726 3710 816">
     <span class='ocr_line' id='line_1_65' title="bbox 2127 726 3710 816; baseline -0.011 -16"><span class='ocrx_word' id='word_1_468' title='bbox 2127 745 2335 816; x_wconf 76' lang='grc' dir='ltr'><strong>ῥήμασι</strong></span> <span class='ocrx_word' id='word_1_469' title='bbox 2374 746 2567 816; x_wconf 88' lang='grc' dir='ltr'><strong>κρατεί</strong></span> <span class='ocrx_word' id='word_1_470' title='bbox 2610 741 2719 795; x_wconf 90' lang='grc' dir='ltr'><strong>τῶν</strong></span> <span class='ocrx_word' id='word_1_471' title='bbox 2758 736 3241 808; x_wconf 85' lang='grc' dir='ltr'><strong>συκοφαντούντων</strong></span> <span class='ocrx_word' id='word_1_472' title='bbox 3260 751 3274 766; x_wconf 92' lang='grc'><strong>·</strong></span> <span class='ocrx_word' id='word_1_473' title='bbox 3309 731 3502 803; x_wconf 88' lang='grc' dir='ltr'><strong>ῶσπερ</strong></span> <span class='ocrx_word' id='word_1_474' title='bbox 3529 726 3623 785; x_wconf 80' lang='grc' dir='ltr'><strong>οὖν</strong></span> <span class='ocrx_word' id='word_1_475' title='bbox 3646 729 3710 784; x_wconf 82' lang='grc' dir='ltr'><strong>τδ</strong></span> 
     </span>
    </p>
   </div>
   <div class='ocr_carea' id='block_1_66' title="bbox 2124 822 3709 907">
    <p class='ocr_par' dir='ltr' id='par_1_66' title="bbox 2124 822 3709 907">
     <span class='ocr_line' id='line_1_66' title="bbox 2124 822 3709 907; baseline -0.01 -17"><span class='ocrx_word' id='word_1_476' title='bbox 2124 835 2319 907; x_wconf 80' lang='grc' dir='ltr'><strong>ψεῦδος</strong></span> <span class='ocrx_word' id='word_1_477' title='bbox 2349 835 2454 890; x_wconf 85' lang='grc' dir='ltr'><strong>κᾶν</strong></span> <span class='ocrx_word' id='word_1_478' title='bbox 2513 834 2740 906; x_wconf 88' lang='grc' dir='ltr'><strong>μυρίους</strong></span> <span class='ocrx_word' id='word_1_479' title='bbox 2789 828 3156 903; x_wconf 89' lang='grc' dir='ltr'><strong>περιϐάληται</strong></span> <span class='ocrx_word' id='word_1_480' title='bbox 3203 825 3377 894; x_wconf 87' lang='grc' dir='ltr'><strong>λόγων</strong></span> <span class='ocrx_word' id='word_1_481' title='bbox 3424 822 3709 886; x_wconf 87' lang='grc' dir='ltr'><strong>διαύλους,</strong></span> 
     </span>
    </p>
   </div>
   <div class='ocr_carea' id='block_1_67' title="bbox 2125 915 3714 998">
    <p class='ocr_par' dir='ltr' id='par_1_67' title="bbox 2125 915 3714 998">
     <span class='ocr_line' id='line_1_67' title="bbox 2125 915 3714 998; baseline -0.01 -17"><span class='ocrx_word' id='word_1_482' title='bbox 2125 927 2339 998; x_wconf 74' lang='grc' dir='ltr'><strong>διαρρεῖ</strong></span> <span class='ocrx_word' id='word_1_483' title='bbox 2381 926 2475 980; x_wconf 77' lang='grc' dir='ltr'><strong>καί</strong></span> <span class='ocrx_word' id='word_1_484' title='bbox 2527 923 2862 979; x_wconf 84' lang='grc' dir='ltr'><strong>καταπίπτει</strong></span> <span class='ocrx_word' id='word_1_485' title='bbox 2910 919 3130 991; x_wconf 81' lang='grc' dir='ltr'><strong>ῥᾳδίως,</strong></span> <span class='ocrx_word' id='word_1_486' title='bbox 3169 918 3265 972; x_wconf 69' lang='grc' dir='ltr'><strong>καὶ</strong></span> <span class='ocrx_word' id='word_1_487' title='bbox 3289 916 3534 988; x_wconf 80' lang='grc' dir='ltr'><strong>ἀράχνης</strong></span> <span class='ocrx_word' id='word_1_488' title='bbox 3564 915 3714 967; x_wconf 72' lang='grc' dir='ltr'><strong>ἐστἰν</strong></span> 
     </span>
    </p>
   </div>
   <div class='ocr_carea' id='block_1_68' title="bbox 2126 1004 3717 1089">
    <p class='ocr_par' dir='ltr' id='par_1_68' title="bbox 2126 1004 3717 1089">
     <span class='ocr_line' id='line_1_68' title="bbox 2126 1004 3717 1089; baseline -0.009 -18"><span class='ocrx_word' id='word_1_489' title='bbox 2126 1016 2423 1089; x_wconf 86' lang='grc' dir='ltr'><strong>ἀδρανέστε</strong></span> <span class='ocrx_word' id='word_1_490' title='bbox 2432 1034 2542 1089; x_wconf 92' lang='grc' dir='ltr'><strong>ρον.</strong></span> <span class='ocrx_word' id='word_1_491' title='bbox 2557 1016 2728 1088; x_wconf 87' lang='grc' dir='ltr'><strong>Χαῖρε</strong></span> <span class='ocrx_word' id='word_1_492' title='bbox 2741 1013 2921 1068; x_wconf 91' lang='grc' dir='ltr'><strong>τοίνυν</strong></span> <span class='ocrx_word' id='word_1_493' title='bbox 2937 1012 3032 1066; x_wconf 85' lang='grc' dir='ltr'><strong>καί</strong></span> <span class='ocrx_word' id='word_1_494' title='bbox 3052 1009 3344 1083; x_wconf 84' lang='grc' dir='ltr'><strong>εὐφραίνου</strong></span> <span class='ocrx_word' id='word_1_495' title='bbox 3359 1007 3440 1077; x_wconf 88' lang='grc' dir='ltr'><strong>(οὐ</strong></span> <span class='ocrx_word' id='word_1_496' title='bbox 3452 1006 3525 1075; x_wconf 83' lang='grc' dir='ltr'><strong>γά</strong></span> <span class='ocrx_word' id='word_1_497' title='bbox 3531 1023 3564 1078; x_wconf 95' lang='grc' dir='ltr'><strong>ρ</strong></span> <span class='ocrx_word' id='word_1_498' title='bbox 3573 1004 3717 1059; x_wconf 89' lang='grc' dir='ltr'><strong>παύ-</strong></span> 
     </span>
    </p>
   </div>
   <div class='ocr_carea' id='block_1_69' title="bbox 2130 1098 3719 1179">
    <p class='ocr_par' dir='ltr' id='par_1_69' title="bbox 2130 1098 3719 1179">
     <span class='ocr_line' id='line_1_69' title="bbox 2130 1098 3719 1179; baseline -0.005 -18"><span class='ocrx_word' id='word_1_499' title='bbox 2130 1122 2295 1179; x_wconf 88' lang='grc' dir='ltr'><strong>σομαι</strong></span> <span class='ocrx_word' id='word_1_500' title='bbox 2317 1107 2560 1179; x_wconf 87' lang='grc' dir='ltr'><strong>συνεχῶς</strong></span> <span class='ocrx_word' id='word_1_501' title='bbox 2572 1106 2748 1161; x_wconf 89' lang='grc' dir='ltr'><strong>ταῦτα</strong></span> <span class='ocrx_word' id='word_1_502' title='bbox 2769 1103 2947 1173; x_wconf 89' lang='grc' dir='ltr'><strong>λέγων</strong></span> <span class='ocrx_word' id='word_1_503' title='bbox 2962 1103 3033 1155; x_wconf 84' lang='grc' dir='ltr'><strong>τά</strong></span> <span class='ocrx_word' id='word_1_504' title='bbox 3050 1102 3293 1175; x_wconf 77' lang='grc' dir='ltr'><strong>ῥήματα)</strong></span> <span class='ocrx_word' id='word_1_505' title='bbox 3334 1099 3610 1171; x_wconf 81' lang='grc' dir='ltr'><strong>ἀνδρίζου,</strong></span> <span class='ocrx_word' id='word_1_506' title='bbox 3623 1098 3719 1153; x_wconf 75' lang='grc' dir='ltr'><strong>καὶ</strong></span> 
     </span>
    </p>
   </div>
   <div class='ocr_carea' id='block_1_70' title="bbox 2129 1189 3717 1272">
    <p class='ocr_par' dir='ltr' id='par_1_70' title="bbox 2129 1189 3717 1272">
     <span class='ocr_line' id='line_1_70' title="bbox 2129 1189 3717 1272; baseline -0.009 -17"><span class='ocrx_word' id='word_1_507' title='bbox 2129 1200 2413 1272; x_wconf 90' lang='grc' dir='ltr'><strong>κραταιοῦ,</strong></span> <span class='ocrx_word' id='word_1_508' title='bbox 2440 1201 2534 1254; x_wconf 76' lang='grc' dir='ltr'><strong>καὶ</strong></span> <span class='ocrx_word' id='word_1_509' title='bbox 2567 1197 2848 1268; x_wconf 84' lang='grc' dir='ltr'><strong>καταγέλα</strong></span> <span class='ocrx_word' id='word_1_510' title='bbox 2884 1196 3064 1266; x_wconf 87' lang='grc' dir='ltr'><strong>πάσης</strong></span> <span class='ocrx_word' id='word_1_511' title='bbox 3095 1192 3438 1264; x_wconf 86' lang='grc' dir='ltr'><strong>ἐπαγομένης</strong></span> <span class='ocrx_word' id='word_1_512' title='bbox 3478 1206 3561 1243; x_wconf 88' lang='grc' dir='ltr'><strong>σοι</strong></span> <span class='ocrx_word' id='word_1_513' title='bbox 3582 1189 3717 1259; x_wconf 82' lang='grc' dir='ltr'><strong>παρ’</strong></span> 
     </span>
    </p>
   </div>
   <div class='ocr_carea' id='block_1_71' title="bbox 2135 1281 3722 1363">
    <p class='ocr_par' dir='ltr' id='par_1_71' title="bbox 2135 1281 3722 1363">
     <span class='ocr_line' id='line_1_71' title="bbox 2135 1281 3722 1363; baseline -0.008 -17"><span class='ocrx_word' id='word_1_514' title='bbox 2135 1291 2318 1347; x_wconf 90' lang='grc' dir='ltr'><strong>αὐτῶν</strong></span> <span class='ocrx_word' id='word_1_515' title='bbox 2348 1291 2824 1363; x_wconf 82' lang='grc' dir='ltr'><strong>ἔπιϐουλῆς.”οσῳ</strong></span> <span class='ocrx_word' id='word_1_516' title='bbox 2850 1288 2961 1361; x_wconf 82' lang='grc' dir='ltr'><strong>γάρ</strong></span> <span class='ocrx_word' id='word_1_517' title='bbox 2987 1288 3056 1342; x_wconf 82' lang='grc' dir='ltr'><strong>ἂν</strong></span> <span class='ocrx_word' id='word_1_518' title='bbox 3090 1284 3473 1357; x_wconf 82' lang='grc' dir='ltr'><strong>χαλεπώτερον</strong></span> <span class='ocrx_word' id='word_1_519' title='bbox 3496 1281 3722 1354; x_wconf 84' lang='grc' dir='ltr'><strong>ἀγριαί-</strong></span> 
     </span>
    </p>
   </div>
   <div class='ocr_carea' id='block_1_72' title="bbox 2131 1375 3724 1455">
    <p class='ocr_par' dir='ltr' id='par_1_72' title="bbox 2131 1375 3724 1455">
     <span class='ocr_line' id='line_1_72' title="bbox 2131 1375 3724 1455; baseline -0.005 -17"><span class='ocrx_word' id='word_1_520' title='bbox 2131 1402 2284 1450; x_wconf 85' lang='grc' dir='ltr'><strong>νωσι,</strong></span> <span class='ocrx_word' id='word_1_521' title='bbox 2322 1384 2562 1455; x_wconf 85' lang='grc' dir='ltr'><strong>τοσούτῳ</strong></span> <span class='ocrx_word' id='word_1_522' title='bbox 2596 1382 2901 1455; x_wconf 79' lang='grc' dir='ltr'><strong>βαθυτέρας</strong></span> <span class='ocrx_word' id='word_1_523' title='bbox 2944 1380 3067 1435; x_wconf 80' lang='grc' dir='ltr'><strong>καθ’</strong></span> <span class='ocrx_word' id='word_1_524' title='bbox 3098 1379 3310 1434; x_wconf 90' lang='grc' dir='ltr'><strong>ἐαυτῶν</strong></span> <span class='ocrx_word' id='word_1_525' title='bbox 3359 1377 3458 1441; x_wconf 84' lang='grc' dir='ltr'><strong>τὰς</strong></span> <span class='ocrx_word' id='word_1_526' title='bbox 3498 1375 3724 1445; x_wconf 85' lang='grc' dir='ltr'><strong>πληγάς</strong></span> 
     </span>
    </p>
   </div>
   <div class='ocr_carea' id='block_1_73' title="bbox 2132 1467 3727 1548">
    <p class='ocr_par' dir='ltr' id='par_1_73' title="bbox 2132 1467 3727 1548">
     <span class='ocr_line' id='line_1_73' title="bbox 2132 1467 3727 1548; baseline -0.007 -18"><span class='ocrx_word' id='word_1_527' title='bbox 2132 1476 2477 1548; x_wconf 87' lang='grc' dir='ltr'><strong>ἐπιφέρουσι,</strong></span> <span class='ocrx_word' id='word_1_528' title='bbox 2523 1476 2582 1529; x_wconf 84' lang='grc' dir='ltr'><strong>σὲ</strong></span> <span class='ocrx_word' id='word_1_529' title='bbox 2625 1475 2724 1545; x_wconf 90' lang='grc' dir='ltr'><strong>μέν</strong></span> <span class='ocrx_word' id='word_1_530' title='bbox 2761 1474 2884 1528; x_wconf 81' lang='grc' dir='ltr'><strong>οὐδὲ</strong></span> <span class='ocrx_word' id='word_1_531' title='bbox 2923 1472 3119 1544; x_wconf 72' lang='grc' dir='ltr'><strong>μικρὸν</strong></span> <span class='ocrx_word' id='word_1_532' title='bbox 3150 1468 3499 1533; x_wconf 85' lang='grc' dir='ltr'><strong>ἀδικοῦντες,</strong></span> <span class='ocrx_word' id='word_1_533' title='bbox 3527 1467 3727 1538; x_wconf 83' lang='grc' dir='ltr'><strong>ὥσπερ</strong></span> 
     </span>
    </p>
   </div>
   <div class='ocr_carea' id='block_1_74' title="bbox 2129 1560 3716 1641">
    <p class='ocr_par' dir='ltr' id='par_1_74' title="bbox 2129 1560 3716 1641">
     <span class='ocr_line' id='line_1_74' title="bbox 2129 1560 3716 1641; baseline -0.007 -18"><span class='ocrx_word' id='word_1_534' title='bbox 2129 1570 2252 1623; x_wconf 86' lang='grc' dir='ltr'><strong>οὐδέ</strong></span> <span class='ocrx_word' id='word_1_535' title='bbox 2279 1569 2380 1641; x_wconf 83' lang='grc' dir='ltr'><strong>τὴν</strong></span> <span class='ocrx_word' id='word_1_536' title='bbox 2418 1568 2631 1637; x_wconf 91' lang='grc' dir='ltr'><strong>πέτραν</strong></span> <span class='ocrx_word' id='word_1_537' title='bbox 2660 1567 2730 1621; x_wconf 83' lang='grc' dir='ltr'><strong>τὰ</strong></span> <span class='ocrx_word' id='word_1_538' title='bbox 2757 1566 2999 1638; x_wconf 89' lang='grc' dir='ltr'><strong>κύματα,</strong></span> <span class='ocrx_word' id='word_1_539' title='bbox 3034 1565 3264 1627; x_wconf 77' lang='grc' dir='ltr'><strong>ἑαυτοὺς</strong></span> <span class='ocrx_word' id='word_1_540' title='bbox 3290 1562 3347 1615; x_wconf 89' lang='grc' dir='ltr'><strong>δέ</strong></span> <span class='ocrx_word' id='word_1_541' title='bbox 3384 1560 3716 1623; x_wconf 84' lang='grc' dir='ltr'><strong>διαλύοντες,</strong></span> 
     </span>
    </p>
   </div>
   <div class='ocr_carea' id='block_1_75' title="bbox 2132 1651 3720 1732">
    <p class='ocr_par' dir='ltr' id='par_1_75' title="bbox 2132 1651 3720 1732">
     <span class='ocr_line' id='line_1_75' title="bbox 2132 1651 3720 1732; baseline -0.008 -16"><span class='ocrx_word' id='word_1_542' title='bbox 2132 1662 2228 1716; x_wconf 75' lang='grc' dir='ltr'><strong>καὶ</strong></span> <span class='ocrx_word' id='word_1_543' title='bbox 2273 1660 2702 1732; x_wconf 85' lang='grc' dir='ltr'><strong>ἀσθενεστέρους</strong></span> <span class='ocrx_word' id='word_1_544' title='bbox 2761 1658 3043 1721; x_wconf 86' lang='grc' dir='ltr'><strong>ποιοῦντες</strong></span> <span class='ocrx_word' id='word_1_545' title='bbox 3066 1698 3081 1723; x_wconf 92' lang='grc'><strong>,</strong></span> <span class='ocrx_word' id='word_1_546' title='bbox 3121 1656 3217 1711; x_wconf 79' lang='grc' dir='ltr'><strong>καί</strong></span> <span class='ocrx_word' id='word_1_547' title='bbox 3273 1651 3720 1726; x_wconf 80' lang='grc' dir='ltr'><strong>ὑπερϐαλλούσας</strong></span> 
     </span>
    </p>
   </div>
   <div class='ocr_carea' id='block_1_76' title="bbox 2134 1744 3721 1823">
    <p class='ocr_par' dir='ltr' id='par_1_76' title="bbox 2134 1744 3721 1823">
     <span class='ocr_line' id='line_1_76' title="bbox 2134 1744 3721 1823; baseline -0.006 -17"><span class='ocrx_word' id='word_1_548' title='bbox 2134 1752 2258 1807; x_wconf 87' lang='grc' dir='ltr'><strong>καθ’</strong></span> <span class='ocrx_word' id='word_1_549' title='bbox 2288 1750 2497 1806; x_wconf 79' lang='grc' dir='ltr'><strong>ἑαυτῶν</strong></span> <span class='ocrx_word' id='word_1_550' title='bbox 2531 1750 2867 1823; x_wconf 88' lang='grc' dir='ltr'><strong>σωρεύοντες</strong></span> <span class='ocrx_word' id='word_1_551' title='bbox 2890 1749 2989 1814; x_wconf 90' lang='grc' dir='ltr'><strong>τάς</strong></span> <span class='ocrx_word' id='word_1_552' title='bbox 3008 1748 3303 1820; x_wconf 88' lang='grc' dir='ltr'><strong>τιμωρίας.</strong></span> <span class='ocrx_word' id='word_1_553' title='bbox 3328 1745 3512 1816; x_wconf 87' lang='grc' dir='ltr'><strong>Μηδὲν</strong></span> <span class='ocrx_word' id='word_1_554' title='bbox 3537 1744 3721 1799; x_wconf 83' lang='grc' dir='ltr'><strong>τοίνυν</strong></span> 
     </span>
    </p>
   </div>
   <div class='ocr_carea' id='block_1_77' title="bbox 2134 1836 3721 1915">
    <p class='ocr_par' dir='ltr' id='par_1_77' title="bbox 2134 1836 3721 1915">
     <span class='ocr_line' id='line_1_77' title="bbox 2134 1836 3721 1915; baseline -0.005 -17"><span class='ocrx_word' id='word_1_555' title='bbox 2134 1843 2297 1898; x_wconf 88' lang='grc' dir='ltr'><strong>δέδιθι</strong></span> <span class='ocrx_word' id='word_1_556' title='bbox 2316 1843 2426 1899; x_wconf 88' lang='grc' dir='ltr'><strong>τῶν</strong></span> <span class='ocrx_word' id='word_1_557' title='bbox 2451 1841 2885 1915; x_wconf 85' lang='grc' dir='ltr'><strong>ἀπειλουμένων,</strong></span> <span class='ocrx_word' id='word_1_558' title='bbox 2912 1841 3014 1896; x_wconf 86' lang='grc' dir='ltr'><strong>κᾶν</strong></span> <span class='ocrx_word' id='word_1_559' title='bbox 3050 1841 3177 1904; x_wconf 88' lang='grc' dir='ltr'><strong>τούς</strong></span> <span class='ocrx_word' id='word_1_560' title='bbox 3202 1839 3421 1901; x_wconf 86' lang='grc' dir='ltr'><strong>ὀδόντας</strong></span> <span class='ocrx_word' id='word_1_561' title='bbox 3455 1836 3721 1910; x_wconf 84' lang='grc' dir='ltr'><strong>βρύχωσι,</strong></span> 
     </span>
    </p>
   </div>
   <div class='ocr_carea' id='block_1_78' title="bbox 2137 1932 3725 2008">
    <p class='ocr_par' dir='ltr' id='par_1_78' title="bbox 2137 1932 3725 2008">
     <span class='ocr_line' id='line_1_78' title="bbox 2137 1932 3725 2008; baseline -0.003 -18"><span class='ocrx_word' id='word_1_562' title='bbox 2137 1935 2240 1990; x_wconf 84' lang='grc' dir='ltr'><strong>κᾶν</strong></span> <span class='ocrx_word' id='word_1_563' title='bbox 2273 1935 2432 2008; x_wconf 89' lang='grc' dir='ltr'><strong>θυμῷ</strong></span> <span class='ocrx_word' id='word_1_564' title='bbox 2462 1933 2642 2007; x_wconf 86' lang='grc' dir='ltr'><strong>πολλῷ</strong></span> <span class='ocrx_word' id='word_1_565' title='bbox 2673 1935 2947 2007; x_wconf 86' lang='grc' dir='ltr'><strong>μεθύωσι,</strong></span> <span class='ocrx_word' id='word_1_566' title='bbox 2978 1933 3084 1988; x_wconf 76' lang='grc' dir='ltr'><strong>κᾶν</strong></span> <span class='ocrx_word' id='word_1_567' title='bbox 3106 1933 3287 2003; x_wconf 86' lang='grc' dir='ltr'><strong>φόνιον</strong></span> <span class='ocrx_word' id='word_1_568' title='bbox 3318 1932 3609 2003; x_wconf 77' lang='grc' dir='ltr'><strong>βλέπωσιν,</strong></span> <span class='ocrx_word' id='word_1_569' title='bbox 3643 1933 3725 1995; x_wconf 89' lang='grc' dir='ltr'><strong>εἰς</strong></span> 
     </span>
    </p>
   </div>
   <div class='ocr_carea' id='block_1_79' title="bbox 2137 2022 3730 2099">
    <p class='ocr_par' dir='ltr' id='par_1_79' title="bbox 2137 2022 3730 2099">
     <span class='ocr_line' id='line_1_79' title="bbox 2137 2022 3730 2099; baseline -0.004 -17"><span class='ocrx_word' id='word_1_570' title='bbox 2137 2026 2433 2099; x_wconf 89' lang='grc' dir='ltr'><strong>ἀγριότητα</strong></span> <span class='ocrx_word' id='word_1_571' title='bbox 2466 2026 2671 2098; x_wconf 88' lang='grc' dir='ltr'><strong>θηρίων</strong></span> <span class='ocrx_word' id='word_1_572' title='bbox 2702 2026 2807 2080; x_wconf 84' lang='grc' dir='ltr'><strong>ὐπὸ</strong></span> <span class='ocrx_word' id='word_1_573' title='bbox 2841 2025 2944 2097; x_wconf 83' lang='grc' dir='ltr'><strong>τῆς</strong></span> <span class='ocrx_word' id='word_1_574' title='bbox 2982 2023 3248 2096; x_wconf 88' lang='grc' dir='ltr'><strong>πονηρίας</strong></span> <span class='ocrx_word' id='word_1_575' title='bbox 3275 2023 3624 2086; x_wconf 85' lang='grc' dir='ltr'><strong>ἐκπεσόντες.</strong></span> <span class='ocrx_word' id='word_1_576' title='bbox 3667 2022 3730 2075; x_wconf 89' lang='lat'><strong>&#39;0</strong></span> 
     </span>
    </p>
   </div>
   <div class='ocr_carea' id='block_1_80' title="bbox 2138 2113 3729 2193">
    <p class='ocr_par' dir='ltr' id='par_1_80' title="bbox 2138 2113 3729 2193">
     <span class='ocr_line' id='line_1_80' title="bbox 2138 2113 3729 2193; baseline -0.007 -18"><span class='ocrx_word' id='word_1_577' title='bbox 2138 2120 2248 2193; x_wconf 89' lang='lat'><strong>7&amp;9</strong></span> <span class='ocrx_word' id='word_1_578' title='bbox 2270 2120 2431 2192; x_wconf 81' lang='grc' dir='ltr'><strong>μέχρι</strong></span> <span class='ocrx_word' id='word_1_579' title='bbox 2448 2121 2687 2192; x_wconf 85' lang='grc' dir='ltr'><strong>σήμερον</strong></span> <span class='ocrx_word' id='word_1_580' title='bbox 2715 2117 3034 2190; x_wconf 79' lang='grc' dir='ltr'><strong>ἐξαρπάσας</strong></span> <span class='ocrx_word' id='word_1_581' title='bbox 3052 2133 3113 2170; x_wconf 87' lang='grc' dir='ltr'><strong>σε</strong></span> <span class='ocrx_word' id='word_1_582' title='bbox 3138 2115 3246 2171; x_wconf 89' lang='grc' dir='ltr'><strong>τῶν</strong></span> <span class='ocrx_word' id='word_1_583' title='bbox 3263 2115 3524 2170; x_wconf 84' lang='grc' dir='ltr'><strong>ποικίλων</strong></span> <span class='ocrx_word' id='word_1_584' title='bbox 3544 2113 3729 2169; x_wconf 86' lang='grc' dir='ltr'><strong>αὐτῶν</strong></span> 
     </span>
    </p>
   </div>
   <div class='ocr_carea' id='block_1_81' title="bbox 2139 2206 3728 2284">
    <p class='ocr_par' dir='ltr' id='par_1_81' title="bbox 2139 2206 3728 2284">
     <span class='ocr_line' id='line_1_81' title="bbox 2139 2206 3728 2284; baseline -0.006 -15"><span class='ocrx_word' id='word_1_585' title='bbox 2139 2214 2234 2269; x_wconf 76' lang='grc' dir='ltr'><strong>καὶ</strong></span> <span class='ocrx_word' id='word_1_586' title='bbox 2257 2213 2531 2284; x_wconf 85' lang='grc' dir='ltr'><strong>διαφόρων</strong></span> <span class='ocrx_word' id='word_1_587' title='bbox 2572 2211 2897 2277; x_wconf 80' lang='grc' dir='ltr'><strong>ἐπιϐουλῶν,</strong></span> <span class='ocrx_word' id='word_1_588' title='bbox 2930 2206 3085 2274; x_wconf 72' lang='grc' dir='ltr'><strong>οὗτός</strong></span> <span class='ocrx_word' id='word_1_589' title='bbox 3117 2227 3175 2264; x_wconf 90' lang='grc' dir='ltr'><strong>σε</strong></span> <span class='ocrx_word' id='word_1_590' title='bbox 3209 2210 3305 2264; x_wconf 80' lang='grc' dir='ltr'><strong>καί</strong></span> <span class='ocrx_word' id='word_1_591' title='bbox 3336 2209 3417 2272; x_wconf 86' lang='grc' dir='ltr'><strong>είς</strong></span> <span class='ocrx_word' id='word_1_592' title='bbox 3442 2209 3504 2261; x_wconf 79' lang='grc' dir='ltr'><strong>τὸ</strong></span> <span class='ocrx_word' id='word_1_593' title='bbox 3533 2206 3728 2279; x_wconf 86' lang='grc' dir='ltr'><strong>μέλλον</strong></span> 
     </span>
    </p>
   </div>
   <div class='ocr_carea' id='block_1_82' title="bbox 2140 2300 3729 2379">
    <p class='ocr_par' dir='ltr' id='par_1_82' title="bbox 2140 2300 3729 2379">
     <span class='ocr_line' id='line_1_82' title="bbox 2140 2300 3729 2379; baseline -0.006 -17"><span class='ocrx_word' id='word_1_594' title='bbox 2140 2307 2538 2379; x_wconf 81' lang='grc' dir='ltr'><strong>ἀνδριζομένην</strong></span> <span class='ocrx_word' id='word_1_595' title='bbox 2570 2307 2628 2359; x_wconf 85' lang='grc' dir='ltr'><strong>ἐν</strong></span> <span class='ocrx_word' id='word_1_596' title='bbox 2679 2304 2951 2376; x_wconf 82' lang='grc' dir='ltr'><strong>ἀσφαλείᾳ</strong></span> <span class='ocrx_word' id='word_1_597' title='bbox 2984 2304 3318 2374; x_wconf 84' lang='grc' dir='ltr'><strong>καταστήσει</strong></span> <span class='ocrx_word' id='word_1_598' title='bbox 3351 2300 3590 2355; x_wconf 79' lang='grc' dir='ltr'><strong>πλείονιο</strong></span> <span class='ocrx_word' id='word_1_599' title='bbox 3635 2301 3729 2353; x_wconf 74' lang='grc' dir='ltr'><strong>καὶ</strong></span> 
     </span>
    </p>
   </div>
   <div class='ocr_carea' id='block_1_83' title="bbox 2140 2391 3733 2473">
    <p class='ocr_par' dir='ltr' id='par_1_83' title="bbox 2140 2391 3733 2473">
     <span class='ocr_line' id='line_1_83' title="bbox 2140 2391 3733 2473; baseline -0.005 -19"><span class='ocrx_word' id='word_1_600' title='bbox 2140 2402 2286 2473; x_wconf 80' lang='grc' dir='ltr'><strong>ἐρεῖς</strong></span> <span class='ocrx_word' id='word_1_601' title='bbox 2324 2401 2419 2454; x_wconf 79' lang='grc' dir='ltr'><strong>καὶ</strong></span> <span class='ocrx_word' id='word_1_602' title='bbox 2452 2400 2589 2470; x_wconf 82' lang='grc' dir='ltr'><strong>αὐτή</strong></span> <span class='ocrx_word' id='word_1_603' title='bbox 2614 2416 2628 2429; x_wconf 91' lang='grc'><strong>·</strong></span> <span class='ocrx_word' id='word_1_604' title='bbox 2655 2398 2848 2464; x_wconf 84' lang='grc' dir='ltr'><strong>Βέλος</strong></span> <span class='ocrx_word' id='word_1_605' title='bbox 2882 2399 3120 2465; x_wconf 77' lang='grc' dir='ltr'><strong>νηπίων</strong></span> <span class='ocrx_word' id='word_1_606' title='bbox 3165 2394 3318 2468; x_wconf 70' lang='lat' dir='ltr'><strong>[6M]</strong></span> <span class='ocrx_word' id='word_1_607' title='bbox 3344 2391 3733 2465; x_wconf 72' lang='grc' dir='ltr'><strong>ἐγενήθησαν</strong></span> 
     </span>
    </p>
   </div>
   <div class='ocr_carea' id='block_1_84' title="bbox 2140 2486 3732 2561">
    <p class='ocr_par' dir='ltr' id='par_1_84' title="bbox 2140 2486 3732 2561">
     <span class='ocr_line' id='line_1_84' title="bbox 2140 2486 3732 2561; baseline -0.004 -15"><span class='ocrx_word' id='word_1_608' title='bbox 2140 2495 2200 2547; x_wconf 82' lang='grc' dir='ltr'><strong>αἱ</strong></span> <span class='ocrx_word' id='word_1_609' title='bbox 2229 2490 2455 2561; x_wconf 68' lang='grc' dir='ltr'><strong>πληγαὶ</strong></span> <span class='ocrx_word' id='word_1_610' title='bbox 2479 2489 2700 2554; x_wconf 82' lang='grc' dir='ltr'><strong>αὐτῶν,</strong></span> <span class='ocrx_word' id='word_1_611' title='bbox 2731 2489 2830 2543; x_wconf 78' lang='grc' dir='ltr'><strong>καὶ</strong></span> <span class='ocrx_word' id='word_1_612' title='bbox 2853 2488 3281 2557; x_wconf 81' lang='grc' dir='ltr'><strong>ἐξησθένησαν</strong></span> <span class='ocrx_word' id='word_1_613' title='bbox 3312 2488 3407 2542; x_wconf 76' lang='grc' dir='ltr'><strong>ἐπ’</strong></span> <span class='ocrx_word' id='word_1_614' title='bbox 3426 2486 3653 2552; x_wconf 84' lang='grc' dir='ltr'><strong>αὐτοὺς</strong></span> <span class='ocrx_word' id='word_1_615' title='bbox 3669 2488 3732 2540; x_wconf 77' lang='grc' dir='ltr'><strong>αἱ</strong></span> 
     </span>
    </p>
   </div>
   <div class='ocr_carea' id='block_1_85' title="bbox 2140 2578 3733 2657">
    <p class='ocr_par' dir='ltr' id='par_1_85' title="bbox 2140 2578 3733 2657">
     <span class='ocr_line' id='line_1_85' title="bbox 2140 2578 3733 2657; baseline -0.003 -20"><span class='ocrx_word' id='word_1_616' title='bbox 2140 2584 2416 2657; x_wconf 50' lang='grc' dir='ltr'><strong>γλῶσσαι</strong></span> <span class='ocrx_word' id='word_1_617' title='bbox 2437 2582 2659 2638; x_wconf 77' lang='grc' dir='ltr'><strong>αὐτῶν.</strong></span> <span class='ocrx_word' id='word_1_618' title='bbox 2680 2582 2861 2654; x_wconf 88' lang='grc' dir='ltr'><strong>Ὅπερ</strong></span> <span class='ocrx_word' id='word_1_619' title='bbox 2891 2582 2985 2636; x_wconf 77' lang='grc' dir='ltr'><strong>καὶ</strong></span> <span class='ocrx_word' id='word_1_620' title='bbox 3007 2581 3221 2652; x_wconf 89' lang='grc' dir='ltr'><strong>γέγονε,</strong></span> <span class='ocrx_word' id='word_1_621' title='bbox 3251 2582 3344 2636; x_wconf 78' lang='grc' dir='ltr'><strong>καὶ</strong></span> <span class='ocrx_word' id='word_1_622' title='bbox 3370 2580 3525 2635; x_wconf 74' lang='grc' dir='ltr'><strong>ἔσται</strong></span> <span class='ocrx_word' id='word_1_623' title='bbox 3543 2599 3559 2613; x_wconf 88' lang='grc'><strong>·</strong></span> <span class='ocrx_word' id='word_1_624' title='bbox 3586 2578 3733 2641; x_wconf 78' lang='grc' dir='ltr'><strong>ὥστε</strong></span> 
     </span>
    </p>
   </div>
   <div class='ocr_carea' id='block_1_86' title="bbox 2143 2671 3736 2750">
    <p class='ocr_par' dir='ltr' id='par_1_86' title="bbox 2143 2671 3736 2750">
     <span class='ocr_line' id='line_1_86' title="bbox 2143 2671 3736 2750; baseline -0.006 -16"><span class='ocrx_word' id='word_1_625' title='bbox 2143 2678 2238 2734; x_wconf 91' lang='grc' dir='ltr'><strong>καί</strong></span> <span class='ocrx_word' id='word_1_626' title='bbox 2270 2696 2330 2732; x_wconf 85' lang='grc' dir='ltr'><strong>σε</strong></span> <span class='ocrx_word' id='word_1_627' title='bbox 2365 2677 2589 2750; x_wconf 80' lang='grc' dir='ltr'><strong>μείζονα</strong></span> <span class='ocrx_word' id='word_1_628' title='bbox 2635 2674 3035 2749; x_wconf 87' lang='grc' dir='ltr'><strong>καρπώσασθαι</strong></span> <span class='ocrx_word' id='word_1_629' title='bbox 3064 2679 3157 2730; x_wconf 83' lang='grc' dir='ltr'><strong>τὸν</strong></span> <span class='ocrx_word' id='word_1_630' title='bbox 3198 2673 3412 2747; x_wconf 78' lang='grc' dir='ltr'><strong>μισθὸν,</strong></span> <span class='ocrx_word' id='word_1_631' title='bbox 3462 2673 3558 2727; x_wconf 68' lang='grc' dir='ltr'><strong>καὶ</strong></span> <span class='ocrx_word' id='word_1_632' title='bbox 3599 2671 3736 2742; x_wconf 86' lang='grc' dir='ltr'><strong>λαμ-</strong></span> 
     </span>
    </p>
   </div>
   <div class='ocr_carea' id='block_1_87' title="bbox 2144 2764 3733 2845">
    <p class='ocr_par' dir='ltr' id='par_1_87' title="bbox 2144 2764 3733 2845">
     <span class='ocr_line' id='line_1_87' title="bbox 2144 2764 3733 2845; baseline -0.007 -19"><span class='ocrx_word' id='word_1_633' title='bbox 2144 2771 2443 2845; x_wconf 87' lang='grc' dir='ltr'><strong>προτέρους</strong></span> <span class='ocrx_word' id='word_1_634' title='bbox 2472 2771 2769 2841; x_wconf 89' lang='grc' dir='ltr'><strong>στεφάνους</strong></span> <span class='ocrx_word' id='word_1_635' title='bbox 2791 2768 2998 2833; x_wconf 84' lang='grc' dir='ltr'><strong>λαϐεῖν,</strong></span> <span class='ocrx_word' id='word_1_636' title='bbox 3027 2767 3272 2830; x_wconf 88' lang='grc' dir='ltr'><strong>ἐκείνους</strong></span> <span class='ocrx_word' id='word_1_637' title='bbox 3287 2782 3347 2818; x_wconf 91' lang='grc' dir='ltr'><strong>τε</strong></span> <span class='ocrx_word' id='word_1_638' title='bbox 3380 2764 3733 2835; x_wconf 74' lang='grc' dir='ltr'><strong>ἀμετανόητα</strong></span> 
     </span>
    </p>
   </div>
   <div class='ocr_carea' id='block_1_88' title="bbox 2143 2855 3739 2934">
    <p class='ocr_par' dir='ltr' id='par_1_88' title="bbox 2143 2855 3739 2934">
     <span class='ocr_line' id='line_1_88' title="bbox 2143 2855 3739 2934; baseline -0.007 -15"><span class='ocrx_word' id='word_1_639' title='bbox 2143 2864 2435 2929; x_wconf 88' lang='grc' dir='ltr'><strong>νοσοῦντας</strong></span> <span class='ocrx_word' id='word_1_640' title='bbox 2470 2863 2678 2934; x_wconf 88' lang='grc' dir='ltr'><strong>μείζονι</strong></span> <span class='ocrx_word' id='word_1_641' title='bbox 2721 2860 3093 2933; x_wconf 80' lang='grc' dir='ltr'><strong>παραδοθῆναι</strong></span> <span class='ocrx_word' id='word_1_642' title='bbox 3132 2858 3371 2914; x_wconf 89' lang='grc' dir='ltr'><strong>κολάσει.</strong></span> <span class='ocrx_word' id='word_1_643' title='bbox 3402 2856 3467 2910; x_wconf 84' lang='grc' dir='ltr'><strong>Τί</strong></span> <span class='ocrx_word' id='word_1_644' title='bbox 3505 2856 3618 2927; x_wconf 73' lang='grc' dir='ltr'><strong>γάρ</strong></span> <span class='ocrx_word' id='word_1_645' title='bbox 3647 2855 3739 2909; x_wconf 84' lang='grc' dir='ltr'><strong>ἐν·</strong></span> 
     </span>
    </p>
   </div>
   <div class='ocr_carea' id='block_1_89' title="bbox 2146 2945 3742 3025">
    <p class='ocr_par' dir='ltr' id='par_1_89' title="bbox 2146 2945 3742 3025">
     <span class='ocr_line' id='line_1_89' title="bbox 2146 2945 3742 3025; baseline -0.007 -16"><span class='ocrx_word' id='word_1_646' title='bbox 2146 2955 2328 3009; x_wconf 87' lang='grc' dir='ltr'><strong>έλιπον</strong></span> <span class='ocrx_word' id='word_1_647' title='bbox 2351 2954 2663 3025; x_wconf 85' lang='grc' dir='ltr'><strong>ἐπιϐουλῆς;</strong></span> <span class='ocrx_word' id='word_1_648' title='bbox 2687 2955 2840 3008; x_wconf 81' lang='grc' dir='ltr'><strong>ποῖον</strong></span> <span class='ocrx_word' id='word_1_649' title='bbox 2861 2952 3060 3024; x_wconf 87' lang='grc' dir='ltr'><strong>τρόπον</strong></span> <span class='ocrx_word' id='word_1_650' title='bbox 3084 2948 3493 3022; x_wconf 79' lang='grc' dir='ltr'><strong>μηχανημάτων</strong></span> <span class='ocrx_word' id='word_1_651' title='bbox 3508 2947 3609 2999; x_wconf 82' lang='grc' dir='ltr'><strong>οὐκ</strong></span> <span class='ocrx_word' id='word_1_652' title='bbox 3626 2945 3742 2998; x_wconf 75' lang='grc' dir='ltr'><strong>ἐκί-</strong></span> 
     </span>
    </p>
   </div>
   <div class='ocr_carea' id='block_1_90' title="bbox 2146 3037 3784 3120">
    <p class='ocr_par' dir='ltr' id='par_1_90' title="bbox 2146 3037 3784 3120">
     <span class='ocr_line' id='line_1_90' title="bbox 2146 3037 3784 3120; baseline -0.009 -18"><span class='ocrx_word' id='word_1_653' title='bbox 2146 3065 2338 3120; x_wconf 88' lang='grc' dir='ltr'><strong>νησαν,</strong></span> <span class='ocrx_word' id='word_1_654' title='bbox 2363 3044 2769 3117; x_wconf 82' lang='grc' dir='ltr'><strong>ἐπιχειροῦντες</strong></span> <span class='ocrx_word' id='word_1_655' title='bbox 2794 3041 3167 3099; x_wconf 87' lang='grc' dir='ltr'><strong>ἐπιϐουλεύειν</strong></span> <span class='ocrx_word' id='word_1_656' title='bbox 3191 3042 3256 3111; x_wconf 82' lang='grc' dir='ltr'><strong>τῇ</strong></span> <span class='ocrx_word' id='word_1_657' title='bbox 3289 3039 3491 3111; x_wconf 80' lang='grc' dir='ltr'><strong>στερρᾷ</strong></span> <span class='ocrx_word' id='word_1_658' title='bbox 3520 3053 3615 3090; x_wconf 91' lang='grc' dir='ltr'><strong>σου</strong></span> <span class='ocrx_word' id='word_1_659' title='bbox 3639 3037 3740 3090; x_wconf 73' lang='grc' dir='ltr'><strong>καὶ</strong></span> <span class='ocrx_word' id='word_1_660' title='bbox 3772 3088 3784 3101; x_wconf 32' lang='grc' dir='ltr'><strong>ε</strong></span> 
     </span>
    </p>
   </div>
   <div class='ocr_carea' id='block_1_91' title="bbox 2146 3127 3744 3209">
    <p class='ocr_par' dir='ltr' id='par_1_91' title="bbox 2146 3127 3744 3209">
     <span class='ocr_line' id='line_1_91' title="bbox 2146 3127 3744 3209; baseline -0.008 -18"><span class='ocrx_word' id='word_1_661' title='bbox 2146 3137 2347 3209; x_wconf 84' lang='grc' dir='ltr'><strong>γνησίᾳ</strong></span> <span class='ocrx_word' id='word_1_662' title='bbox 2374 3135 2494 3208; x_wconf 87' lang='grc' dir='ltr'><strong>Θεῴ</strong></span> <span class='ocrx_word' id='word_1_663' title='bbox 2517 3177 2531 3199; x_wconf 89' lang='grc'><strong>,</strong></span> <span class='ocrx_word' id='word_1_664' title='bbox 2553 3135 2753 3207; x_wconf 82' lang='grc' dir='ltr'><strong>μᾶλλον</strong></span> <span class='ocrx_word' id='word_1_665' title='bbox 2780 3134 2839 3188; x_wconf 85' lang='grc' dir='ltr'><strong>δέ</strong></span> <span class='ocrx_word' id='word_1_666' title='bbox 2867 3134 2962 3188; x_wconf 75' lang='grc' dir='ltr'><strong>καὶ</strong></span> <span class='ocrx_word' id='word_1_667' title='bbox 2986 3129 3210 3202; x_wconf 79' lang='grc' dir='ltr'><strong>γενναίᾳ</strong></span> <span class='ocrx_word' id='word_1_668' title='bbox 3235 3130 3330 3184; x_wconf 80' lang='grc' dir='ltr'><strong>καί</strong></span> <span class='ocrx_word' id='word_1_669' title='bbox 3382 3127 3744 3202; x_wconf 71' lang='grc' dir='ltr'><strong>ἀνδρειοτάτη</strong></span> 
     </span>
    </p>
   </div>
   <div class='ocr_carea' id='block_1_92' title="bbox 2147 3220 3742 3301">
    <p class='ocr_par' dir='ltr' id='par_1_92' title="bbox 2147 3220 3742 3301">
     <span class='ocr_line' id='line_1_92' title="bbox 2147 3220 3742 3301; baseline -0.005 -20"><span class='ocrx_word' id='word_1_670' title='bbox 2147 3229 2373 3301; x_wconf 68' lang='grc' dir='ltr'><strong>ψυχῇδ;</strong></span> <span class='ocrx_word' id='word_1_671' title='bbox 2402 3228 2731 3300; x_wconf 79' lang='grc' dir='ltr'><strong>Κατήγαγον</strong></span> <span class='ocrx_word' id='word_1_672' title='bbox 2771 3228 2853 3291; x_wconf 90' lang='grc' dir='ltr'><strong>εἰς</strong></span> <span class='ocrx_word' id='word_1_673' title='bbox 2894 3224 3124 3296; x_wconf 81' lang='grc' dir='ltr'><strong>ἀγορὰν,</strong></span> <span class='ocrx_word' id='word_1_674' title='bbox 3161 3222 3261 3294; x_wconf 86' lang='grc' dir='ltr'><strong>τὴν</strong></span> <span class='ocrx_word' id='word_1_675' title='bbox 3309 3220 3608 3292; x_wconf 85' lang='grc' dir='ltr'><strong>ἐκκλησίας</strong></span> <span class='ocrx_word' id='word_1_676' title='bbox 3640 3220 3742 3273; x_wconf 71' lang='grc' dir='ltr'><strong>καὶ</strong></span> 
     </span>
    </p>
   </div>
   <div class='ocr_carea' id='block_1_93' title="bbox 2150 3311 3741 3393">
    <p class='ocr_par' dir='ltr' id='par_1_93' title="bbox 2150 3311 3741 3393">
     <span class='ocr_line' id='line_1_93' title="bbox 2150 3311 3741 3393; baseline -0.008 -19"><span class='ocrx_word' id='word_1_677' title='bbox 2150 3320 2396 3393; x_wconf 88' lang='grc' dir='ltr'><strong>θαλάμου</strong></span> <span class='ocrx_word' id='word_1_678' title='bbox 2428 3318 2593 3375; x_wconf 88' lang='grc' dir='ltr'><strong>πλέον</strong></span> <span class='ocrx_word' id='word_1_679' title='bbox 2632 3319 2837 3373; x_wconf 85' lang='grc' dir='ltr'><strong>εἰδυῖαν</strong></span> <span class='ocrx_word' id='word_1_680' title='bbox 2866 3318 3020 3372; x_wconf 82' lang='grc' dir='ltr'><strong>οὐδὲν</strong></span> <span class='ocrx_word' id='word_1_681' title='bbox 3041 3358 3056 3380; x_wconf 94' lang='grc'><strong>,</strong></span> <span class='ocrx_word' id='word_1_682' title='bbox 3098 3317 3195 3371; x_wconf 85' lang='grc' dir='ltr'><strong>ἀπ’</strong></span> <span class='ocrx_word' id='word_1_683' title='bbox 3232 3314 3437 3386; x_wconf 77' lang='grc' dir='ltr'><strong>ἀγορᾶς</strong></span> <span class='ocrx_word' id='word_1_684' title='bbox 3463 3314 3546 3376; x_wconf 89' lang='grc' dir='ltr'><strong>εἰς</strong></span> <span class='ocrx_word' id='word_1_685' title='bbox 3578 3311 3741 3364; x_wconf 89' lang='grc' dir='ltr'><strong>δικα-</strong></span> 
     </span>
    </p>
   </div>
   <div class='ocr_carea' id='block_1_94' title="bbox 2152 3403 3746 3489">
    <p class='ocr_par' dir='ltr' id='par_1_94' title="bbox 2152 3403 3746 3489">
     <span class='ocr_line' id='line_1_94' title="bbox 2152 3403 3746 3489; baseline -0.01 -21"><span class='ocrx_word' id='word_1_686' title='bbox 2152 3417 2402 3489; x_wconf 85' lang='grc' dir='ltr'><strong>στήριον,</strong></span> <span class='ocrx_word' id='word_1_687' title='bbox 2446 3414 2554 3468; x_wconf 83' lang='grc' dir='ltr'><strong>ἀπὸ</strong></span> <span class='ocrx_word' id='word_1_688' title='bbox 2605 3411 2959 3484; x_wconf 89' lang='grc' dir='ltr'><strong>δικαστηρίου</strong></span> <span class='ocrx_word' id='word_1_689' title='bbox 3004 3412 3084 3476; x_wconf 89' lang='grc' dir='ltr'><strong>εἰς</strong></span> <span class='ocrx_word' id='word_1_690' title='bbox 3140 3406 3540 3479; x_wconf 78' lang='grc' dir='ltr'><strong>δεσμωτήριον.</strong></span> <span class='ocrx_word' id='word_1_691' title='bbox 3593 3403 3746 3455; x_wconf 71' lang='grc' dir='ltr'><strong>Ψευ-</strong></span> 
     </span>
    </p>
   </div>
   <div class='ocr_carea' id='block_1_95' title="bbox 2149 3497 3747 3581">
    <p class='ocr_par' dir='ltr' id='par_1_95' title="bbox 2149 3497 3747 3581">
     <span class='ocr_line' id='line_1_95' title="bbox 2149 3497 3747 3581; baseline -0.008 -18"><span class='ocrx_word' id='word_1_692' title='bbox 2149 3507 2506 3581; x_wconf 87' lang='grc' dir='ltr'><strong>δομαρτύρων</strong></span> <span class='ocrx_word' id='word_1_693' title='bbox 2551 3505 2825 3576; x_wconf 76' lang='grc' dir='ltr'><strong>ἠκόνησαν</strong></span> <span class='ocrx_word' id='word_1_694' title='bbox 2873 3503 3147 3574; x_wconf 85' lang='grc' dir='ltr'><strong>γλώσσας,</strong></span> <span class='ocrx_word' id='word_1_695' title='bbox 3182 3498 3545 3571; x_wconf 89' lang='grc' dir='ltr'><strong>συκοφαντίαν</strong></span> <span class='ocrx_word' id='word_1_696' title='bbox 3574 3497 3747 3572; x_wconf 80' lang='grc' dir='ltr'><strong>ἔρῤᾳ-</strong></span> 
     </span>
    </p>
   </div>
   <div class='ocr_carea' id='block_1_96' title="bbox 2149 3589 3749 3669">
    <p class='ocr_par' dir='ltr' id='par_1_96' title="bbox 2149 3589 3749 3669">
     <span class='ocr_line' id='line_1_96' title="bbox 2149 3589 3749 3669; baseline -0.008 -16"><span class='ocrx_word' id='word_1_697' title='bbox 2149 3599 2259 3669; x_wconf 68' lang='lat' dir='ltr'><strong>qm</strong></span> <span class='ocrx_word' id='word_1_698' title='bbox 2294 3595 2885 3669; x_wconf 84' lang='grc' dir='ltr'><strong>ἀναίσχυντον,φόνους</strong></span> <span class='ocrx_word' id='word_1_699' title='bbox 2914 3592 3370 3666; x_wconf 80' lang='grc' dir='ltr'><strong>είργάσαντο,καί</strong></span> <span class='ocrx_word' id='word_1_700' title='bbox 3399 3589 3749 3661; x_wconf 76' lang='grc' dir='ltr'><strong>χειμάρρους</strong></span> 
     </span>
    </p>
   </div>
   <div class='ocr_carea' id='block_1_97' title="bbox 2151 3680 3746 3762">
    <p class='ocr_par' dir='ltr' id='par_1_97' title="bbox 2151 3680 3746 3762">
     <span class='ocr_line' id='line_1_97' title="bbox 2151 3680 3746 3762; baseline -0.008 -17"><span class='ocrx_word' id='word_1_701' title='bbox 2151 3691 2402 3762; x_wconf 88' lang='grc' dir='ltr'><strong>αἱμάτων</strong></span> <span class='ocrx_word' id='word_1_702' title='bbox 2437 3687 2629 3761; x_wconf 78' lang='grc' dir='ltr'><strong>ῥεῦσαι</strong></span> <span class='ocrx_word' id='word_1_703' title='bbox 2656 3687 2940 3760; x_wconf 88' lang='grc' dir='ltr'><strong>ἐποίησαν,</strong></span> <span class='ocrx_word' id='word_1_704' title='bbox 2972 3686 3068 3740; x_wconf 83' lang='grc' dir='ltr'><strong>καί</strong></span> <span class='ocrx_word' id='word_1_705' title='bbox 3105 3684 3355 3757; x_wconf 83' lang='grc' dir='ltr'><strong>πυρὶκαί</strong></span> <span class='ocrx_word' id='word_1_706' title='bbox 3384 3682 3589 3755; x_wconf 80' lang='grc' dir='ltr'><strong>σιδήρῳ</strong></span> <span class='ocrx_word' id='word_1_707' title='bbox 3628 3680 3746 3733; x_wconf 85' lang='grc' dir='ltr'><strong>σώ-</strong></span> 
     </span>
    </p>
   </div>
   <div class='ocr_carea' id='block_1_98' title="bbox 2155 3773 3748 3855">
    <p class='ocr_par' dir='ltr' id='par_1_98' title="bbox 2155 3773 3748 3855">
     <span class='ocr_line' id='line_1_98' title="bbox 2155 3773 3748 3855; baseline -0.008 -18"><span class='ocrx_word' id='word_1_708' title='bbox 2155 3799 2304 3855; x_wconf 89' lang='grc' dir='ltr'><strong>ματα</strong></span> <span class='ocrx_word' id='word_1_709' title='bbox 2331 3782 2467 3836; x_wconf 87' lang='grc' dir='ltr'><strong>νέων</strong></span> <span class='ocrx_word' id='word_1_710' title='bbox 2489 3780 2795 3843; x_wconf 91' lang='grc' dir='ltr'><strong>ἀνάλωσαν,</strong></span> <span class='ocrx_word' id='word_1_711' title='bbox 2818 3779 3020 3851; x_wconf 83' lang='grc' dir='ltr'><strong>ἀνδρας</strong></span> <span class='ocrx_word' id='word_1_712' title='bbox 3040 3777 3331 3841; x_wconf 89' lang='grc' dir='ltr'><strong>τοσούτους</strong></span> <span class='ocrx_word' id='word_1_713' title='bbox 3348 3775 3442 3830; x_wconf 75' lang='grc' dir='ltr'><strong>καὶ</strong></span> <span class='ocrx_word' id='word_1_714' title='bbox 3463 3773 3748 3837; x_wconf 88' lang='grc' dir='ltr'><strong>τοιούτους</strong></span> 
     </span>
    </p>
   </div>
   <div class='ocr_carea' id='block_1_99' title="bbox 2153 3866 3745 3948">
    <p class='ocr_par' dir='ltr' id='par_1_99' title="bbox 2153 3866 3745 3948">
     <span class='ocr_line' id='line_1_99' title="bbox 2153 3866 3745 3948; baseline -0.008 -18"><span class='ocrx_word' id='word_1_715' title='bbox 2153 3876 2411 3948; x_wconf 83' lang='grc' dir='ltr'><strong>πληγαῖς,</strong></span> <span class='ocrx_word' id='word_1_716' title='bbox 2459 3874 2761 3946; x_wconf 77' lang='grc' dir='ltr'><strong>αἰκισμοῖς,</strong></span> <span class='ocrx_word' id='word_1_717' title='bbox 2799 3871 3023 3944; x_wconf 89' lang='grc' dir='ltr'><strong>μυρίαις</strong></span> <span class='ocrx_word' id='word_1_718' title='bbox 3053 3871 3354 3942; x_wconf 86' lang='grc' dir='ltr'><strong>τιμωρίαις</strong></span> <span class='ocrx_word' id='word_1_719' title='bbox 3387 3866 3745 3939; x_wconf 86' lang='grc' dir='ltr'><strong>περιέϐαλον,</strong></span> 
     </span>
    </p>
   </div>
   <div class='ocr_carea' id='block_1_100' title="bbox 2154 3958 3750 4039">
    <p class='ocr_par' dir='ltr' id='par_1_100' title="bbox 2154 3958 3750 4039">
     <span class='ocr_line' id='line_1_100' title="bbox 2154 3958 3750 4039; baseline -0.008 -16"><span class='ocrx_word' id='word_1_720' title='bbox 2154 3969 2332 4025; x_wconf 87' lang='grc' dir='ltr'><strong>πάντα</strong></span> <span class='ocrx_word' id='word_1_721' title='bbox 2378 3966 2658 4039; x_wconf 89' lang='grc' dir='ltr'><strong>ἐκίνησαν,</strong></span> <span class='ocrx_word' id='word_1_722' title='bbox 2710 3966 2799 4021; x_wconf 77' lang='grc' dir='ltr'><strong>ἵνα</strong></span> <span class='ocrx_word' id='word_1_723' title='bbox 2843 3962 3145 4035; x_wconf 87' lang='grc' dir='ltr'><strong>δυνηθῶσιν</strong></span> <span class='ocrx_word' id='word_1_724' title='bbox 3187 3961 3499 4031; x_wconf 86' lang='grc' dir='ltr'><strong>ἀναγκάσαι</strong></span> <span class='ocrx_word' id='word_1_725' title='bbox 3539 3976 3602 4013; x_wconf 91' lang='grc' dir='ltr'><strong>σε</strong></span> <span class='ocrx_word' id='word_1_726' title='bbox 3644 3958 3750 4013; x_wconf 76' lang='grc' dir='ltr'><strong>καὶ</strong></span> 
     </span>
    </p>
   </div>
   <div class='ocr_carea' id='block_1_101' title="bbox 2157 4044 3753 4133">
    <p class='ocr_par' dir='ltr' id='par_1_101' title="bbox 2157 4044 3753 4133">
     <span class='ocr_line' id='line_1_101' title="bbox 2157 4044 3753 4133; baseline -0.008 -18"><span class='ocrx_word' id='word_1_727' title='bbox 2157 4059 2450 4133; x_wconf 85' lang='grc' dir='ltr'><strong>βιάσασθαι</strong></span> <span class='ocrx_word' id='word_1_728' title='bbox 2494 4057 2573 4130; x_wconf 81' lang='grc' dir='ltr'><strong>τῷ</strong></span> <span class='ocrx_word' id='word_1_729' title='bbox 2626 4056 2777 4127; x_wconf 82' lang='grc' dir='ltr'><strong>φόϐῳ</strong></span> <span class='ocrx_word' id='word_1_730' title='bbox 2826 4056 3001 4109; x_wconf 87' lang='grc' dir='ltr'><strong>εἰπεῖν</strong></span> <span class='ocrx_word' id='word_1_731' title='bbox 3036 4053 3300 4109; x_wconf 82' lang='grc' dir='ltr'><strong>τάναντία</strong></span> <span class='ocrx_word' id='word_1_732' title='bbox 3328 4044 3402 4107; x_wconf 78' lang='grc' dir='ltr'><strong>ὧν</strong></span> <span class='ocrx_word' id='word_1_733' title='bbox 3425 4051 3596 4123; x_wconf 64' lang='grc' dir='ltr'><strong>⁴ᾕδεις.</strong></span> <span class='ocrx_word' id='word_1_734' title='bbox 3630 4049 3753 4103; x_wconf 69' lang='grc' dir='ltr'><strong>Καὶ</strong></span> 
     </span>
    </p>
   </div>
   <div class='ocr_carea' id='block_1_102' title="bbox 2156 4141 3755 4226">
    <p class='ocr_par' dir='ltr' id='par_1_102' title="bbox 2156 4141 3755 4226">
     <span class='ocr_line' id='line_1_102' title="bbox 2156 4141 3755 4226; baseline -0.008 -18"><span class='ocrx_word' id='word_1_735' title='bbox 2156 4153 2409 4226; x_wconf 87' lang='grc' dir='ltr'><strong>καθάπερ</strong></span> <span class='ocrx_word' id='word_1_736' title='bbox 2437 4150 2594 4214; x_wconf 79' lang='grc' dir='ltr'><strong>ἀετὸς</strong></span> <span class='ocrx_word' id='word_1_737' title='bbox 2625 4148 2809 4222; x_wconf 79' lang='grc' dir='ltr'><strong>ὐψηλά</strong></span> <span class='ocrx_word' id='word_1_738' title='bbox 2859 4146 3188 4217; x_wconf 88' lang='grc' dir='ltr'><strong>πετόμενος,</strong></span> <span class='ocrx_word' id='word_1_739' title='bbox 3217 4143 3361 4199; x_wconf 72' lang='grc' dir='ltr'><strong>οὕτω</strong></span> <span class='ocrx_word' id='word_1_740' title='bbox 3405 4141 3755 4215; x_wconf 76' lang='grc' dir='ltr'><strong>διαρῤήξασα</strong></span> 
     </span>
    </p>
   </div>
   <div class='ocr_carea' id='block_1_103' title="bbox 2156 4233 3754 4315">
    <p class='ocr_par' dir='ltr' id='par_1_103' title="bbox 2156 4233 3754 4315">
     <span class='ocr_line' id='line_1_103' title="bbox 2156 4233 3754 4315; baseline -0.011 -13"><span class='ocrx_word' id='word_1_741' title='bbox 2156 4246 2340 4302; x_wconf 78' lang='grc' dir='ltr'><strong>αὐτῶν</strong></span> <span class='ocrx_word' id='word_1_742' title='bbox 2366 4245 2435 4300; x_wconf 87' lang='grc' dir='ltr'><strong>τὰ</strong></span> <span class='ocrx_word' id='word_1_743' title='bbox 2466 4243 2679 4311; x_wconf 84' lang='grc' dir='ltr'><strong>δίκτυα,</strong></span> <span class='ocrx_word' id='word_1_744' title='bbox 2706 4241 2843 4315; x_wconf 80' lang='grc' dir='ltr'><strong>πρὸς</strong></span> <span class='ocrx_word' id='word_1_745' title='bbox 2863 4241 2923 4294; x_wconf 83' lang='grc' dir='ltr'><strong>τὺ</strong></span> <span class='ocrx_word' id='word_1_746' title='bbox 2949 4240 3033 4293; x_wconf 77' lang='grc' dir='ltr'><strong>σοὶ</strong></span> <span class='ocrx_word' id='word_1_747' title='bbox 3061 4238 3275 4309; x_wconf 87' lang='grc' dir='ltr'><strong>πρέπον</strong></span> <span class='ocrx_word' id='word_1_748' title='bbox 3299 4237 3399 4307; x_wconf 83' lang='grc' dir='ltr'><strong>τῆς</strong></span> <span class='ocrx_word' id='word_1_749' title='bbox 3429 4233 3754 4308; x_wconf 83' lang='grc' dir='ltr'><strong>ἐλευθερίας</strong></span> 
     </span>
    </p>
   </div>
   <div class='ocr_carea' id='block_1_104' title="bbox 2156 4318 3754 4409">
    <p class='ocr_par' dir='ltr' id='par_1_104' title="bbox 2156 4318 3754 4409">
     <span class='ocr_line' id='line_1_104' title="bbox 2156 4318 3754 4409; baseline -0.008 -16"><span class='ocrx_word' id='word_1_750' title='bbox 2156 4338 2358 4409; x_wconf 86' lang='grc' dir='ltr'><strong>ἀνέϐης</strong></span> <span class='ocrx_word' id='word_1_751' title='bbox 2393 4318 2549 4407; x_wconf 74' lang='grc' dir='ltr'><strong>ύψος,</strong></span> <span class='ocrx_word' id='word_1_752' title='bbox 2577 4335 2638 4389; x_wconf 90' lang='grc' dir='ltr'><strong>οὐ</strong></span> <span class='ocrx_word' id='word_1_753' title='bbox 2682 4328 3153 4404; x_wconf 88' lang='grc' dir='ltr'><strong>παραλογισθεῖσα</strong></span> <span class='ocrx_word' id='word_1_754' title='bbox 3186 4327 3316 4399; x_wconf 83' lang='grc' dir='ltr'><strong>παρ’</strong></span> <span class='ocrx_word' id='word_1_755' title='bbox 3356 4325 3570 4391; x_wconf 90' lang='grc' dir='ltr'><strong>αὐτῶν,</strong></span> <span class='ocrx_word' id='word_1_756' title='bbox 3605 4324 3754 4381; x_wconf 85' lang='grc' dir='ltr'><strong>ἀλλά</strong></span> 
     </span>
    </p>
   </div>
   <div class='ocr_carea' id='block_1_105' title="bbox 2158 4415 3755 4498">
    <p class='ocr_par' dir='ltr' id='par_1_105' title="bbox 2158 4415 3755 4498">
     <span class='ocr_line' id='line_1_105' title="bbox 2158 4415 3755 4498; baseline -0.012 -12"><span class='ocrx_word' id='word_1_757' title='bbox 2158 4431 2255 4485; x_wconf 76' lang='grc' dir='ltr'><strong>καὶ</strong></span> <span class='ocrx_word' id='word_1_758' title='bbox 2278 4427 2620 4498; x_wconf 87' lang='grc' dir='ltr'><strong>συκοφάντας</strong></span> <span class='ocrx_word' id='word_1_759' title='bbox 2644 4426 2843 4489; x_wconf 81' lang='grc' dir='ltr'><strong>αὐτοὺς</strong></span> <span class='ocrx_word' id='word_1_760' title='bbox 2869 4422 3198 4493; x_wconf 82' lang='grc' dir='ltr'><strong>ἀποφήνασα</strong></span> <span class='ocrx_word' id='word_1_761' title='bbox 3218 4419 3309 4473; x_wconf 74' lang='grc' dir='ltr'><strong>ἐπὶ</strong></span> <span class='ocrx_word' id='word_1_762' title='bbox 3328 4416 3407 4489; x_wconf 80' lang='grc' dir='ltr'><strong>τῷ</strong></span> <span class='ocrx_word' id='word_1_763' title='bbox 3435 4415 3755 4486; x_wconf 80' lang='grc' dir='ltr'><strong>ἐγκλήματι</strong></span> 
     </span>
    </p>
   </div>
   <div class='ocr_carea' id='block_1_106' title="bbox 2157 4508 3755 4595">
    <p class='ocr_par' dir='ltr' id='par_1_106' title="bbox 2157 4508 3755 4595">
     <span class='ocr_line' id='line_1_106' title="bbox 2157 4508 3755 4595; baseline -0.012 -16"><span class='ocrx_word' id='word_1_764' title='bbox 2157 4524 2333 4595; x_wconf 87' lang='grc' dir='ltr'><strong>τούτῳ</strong></span> <span class='ocrx_word' id='word_1_765' title='bbox 2363 4521 2462 4577; x_wconf 89' lang='grc' dir='ltr'><strong>τοῦ</strong></span> <span class='ocrx_word' id='word_1_766' title='bbox 2490 4516 2848 4593; x_wconf 85' lang='grc' dir='ltr'><strong>ἐμπρησμοῦ,</strong></span> <span class='ocrx_word' id='word_1_767' title='bbox 2881 4518 2965 4587; x_wconf 85' lang='grc' dir='ltr'><strong>ἐφ’</strong></span> <span class='ocrx_word' id='word_1_768' title='bbox 2993 4509 3039 4584; x_wconf 84' lang='grc' dir='ltr'>ᾧ</span> <span class='ocrx_word' id='word_1_769' title='bbox 3070 4513 3304 4586; x_wconf 90' lang='grc' dir='ltr'><strong>μάλιστα</strong></span> <span class='ocrx_word' id='word_1_770' title='bbox 3341 4510 3560 4564; x_wconf 77' lang='grc' dir='ltr'><strong>ἐδόκουν</strong></span> <span class='ocrx_word' id='word_1_771' title='bbox 3601 4508 3755 4579; x_wconf 85' lang='grc' dir='ltr'><strong>μέγα</strong></span> 
     </span>
    </p>
   </div>
   <div class='ocr_carea' id='block_1_107' title="bbox 2161 4602 3759 4691">
    <p class='ocr_par' dir='ltr' id='par_1_107' title="bbox 2161 4602 3759 4691">
     <span class='ocr_line' id='line_1_107' title="bbox 2161 4602 3759 4691; baseline -0.011 -18"><span class='ocrx_word' id='word_1_772' title='bbox 2161 4618 2380 4691; x_wconf 80' lang='grc' dir='ltr'><strong>φρονεῖν</strong></span> <span class='ocrx_word' id='word_1_773' title='bbox 2398 4616 2448 4671; x_wconf 92' lang='grc' dir='ltr'><strong>οἰ</strong></span> <span class='ocrx_word' id='word_1_774' title='bbox 2471 4613 2646 4669; x_wconf 79' lang='grc' dir='ltr'><strong>ἄθλιοι</strong></span> <span class='ocrx_word' id='word_1_775' title='bbox 2664 4612 2758 4666; x_wconf 78' lang='grc' dir='ltr'><strong>καὶ</strong></span> <span class='ocrx_word' id='word_1_776' title='bbox 2779 4609 3138 4680; x_wconf 86' lang='grc' dir='ltr'><strong>ταλαίπωροι.</strong></span> <span class='ocrx_word' id='word_1_777' title='bbox 3172 4602 3462 4660; x_wconf 85' lang='grc' dir='ltr'><strong>Ἐννοοῦσα</strong></span> <span class='ocrx_word' id='word_1_778' title='bbox 3474 4602 3660 4655; x_wconf 89' lang='grc' dir='ltr'><strong>τοίνυν</strong></span> <span class='ocrx_word' id='word_1_779' title='bbox 3678 4603 3759 4656; x_wconf 79' lang='grc' dir='ltr'><strong>τά</strong></span> 
     </span>
    </p>
   </div>
   <div class='ocr_carea' id='block_1_108' title="bbox 2163 4694 3759 4784">
    <p class='ocr_par' dir='ltr' id='par_1_108' title="bbox 2163 4694 3759 4784">
     <span class='ocr_line' id='line_1_108' title="bbox 2163 4694 3759 4784; baseline -0.012 -19"><span class='ocrx_word' id='word_1_780' title='bbox 2163 4707 2507 4784; x_wconf 88' lang='grc' dir='ltr'><strong>παρελθόντα</strong></span> <span class='ocrx_word' id='word_1_781' title='bbox 2538 4705 2780 4770; x_wconf 74' lang='grc' dir='ltr'><strong>ἅπαντα,</strong></span> <span class='ocrx_word' id='word_1_782' title='bbox 2817 4703 2962 4757; x_wconf 89' lang='grc' dir='ltr'><strong>πόσα</strong></span> <span class='ocrx_word' id='word_1_783' title='bbox 3001 4700 3249 4772; x_wconf 86' lang='grc' dir='ltr'><strong>κύματα,</strong></span> <span class='ocrx_word' id='word_1_784' title='bbox 3276 4696 3372 4751; x_wconf 72' lang='grc' dir='ltr'><strong>καὶ</strong></span> <span class='ocrx_word' id='word_1_785' title='bbox 3391 4694 3647 4766; x_wconf 86' lang='grc' dir='ltr'><strong>χειμῶνά</strong></span> <span class='ocrx_word' id='word_1_786' title='bbox 3667 4711 3759 4748; x_wconf 87' lang='grc' dir='ltr'><strong>σοι</strong></span> 
     </span>
    </p>
   </div>
   <div class='ocr_carea' id='block_1_109' title="bbox 2162 4786 3761 4874">
    <p class='ocr_par' dir='ltr' id='par_1_109' title="bbox 2162 4786 3761 4874">
     <span class='ocr_line' id='line_1_109' title="bbox 2162 4786 3761 4874; baseline -0.012 -17"><span class='ocrx_word' id='word_1_787' title='bbox 2162 4805 2263 4858; x_wconf 90' lang='grc' dir='ltr'><strong>οὐκ</strong></span> <span class='ocrx_word' id='word_1_788' title='bbox 2285 4799 2629 4874; x_wconf 75' lang='grc' dir='ltr'><strong>εἰργάσαντο,</strong></span> <span class='ocrx_word' id='word_1_789' title='bbox 2646 4797 2785 4868; x_wconf 85' lang='grc' dir='ltr'><strong>πόση</strong></span> <span class='ocrx_word' id='word_1_790' title='bbox 2808 4794 2969 4866; x_wconf 88' lang='grc' dir='ltr'><strong>ζάλη,</strong></span> <span class='ocrx_word' id='word_1_791' title='bbox 2990 4794 3086 4848; x_wconf 76' lang='grc' dir='ltr'><strong>καὶ</strong></span> <span class='ocrx_word' id='word_1_792' title='bbox 3111 4789 3405 4845; x_wconf 86' lang='grc' dir='ltr'><strong>κλυδώνιον</strong></span> <span class='ocrx_word' id='word_1_793' title='bbox 3433 4787 3536 4840; x_wconf 88' lang='grc' dir='ltr'><strong>οὐκ</strong></span> <span class='ocrx_word' id='word_1_794' title='bbox 3558 4786 3761 4857; x_wconf 75' lang='grc' dir='ltr'><strong>ἐποίηο</strong></span> 
     </span>
    </p>
   </div>
   <div class='ocr_carea' id='block_1_110' title="bbox 2168 4875 3760 4960">
    <p class='ocr_par' dir='ltr' id='par_1_110' title="bbox 2168 4875 3760 4960">
     <span class='ocr_line' id='line_1_110' title="bbox 2168 4875 3760 4960; baseline -0.014 -13"><span class='ocrx_word' id='word_1_795' title='bbox 2168 4910 2260 4947; x_wconf 89' lang='grc' dir='ltr'><strong>σεν</strong></span> <span class='ocrx_word' id='word_1_796' title='bbox 2282 4908 2298 4924; x_wconf 73' lang='grc' dir='ltr'>σ</span> <span class='ocrx_word' id='word_1_797' title='bbox 2336 4890 2450 4945; x_wconf 81' lang='grc' dir='ltr'><strong>ἀλλ’</strong></span> <span class='ocrx_word' id='word_1_798' title='bbox 2472 4891 2530 4943; x_wconf 90' lang='grc' dir='ltr'><strong>ἐν</strong></span> <span class='ocrx_word' id='word_1_799' title='bbox 2564 4887 2705 4960; x_wconf 80' lang='grc' dir='ltr'><strong>μέσῃ</strong></span> <span class='ocrx_word' id='word_1_800' title='bbox 2735 4883 3034 4957; x_wconf 80' lang='grc' dir='ltr'><strong>μαινομένῃ</strong></span> <span class='ocrx_word' id='word_1_801' title='bbox 3056 4880 3296 4951; x_wconf 80' lang='grc' dir='ltr'><strong>θαλάττῃ</strong></span> <span class='ocrx_word' id='word_1_802' title='bbox 3332 4875 3472 4950; x_wconf 85' lang='grc' dir='ltr'><strong>μετά</strong></span> <span class='ocrx_word' id='word_1_803' title='bbox 3503 4875 3760 4946; x_wconf 79' lang='grc' dir='ltr'><strong>γαλήνης</strong></span> 
     </span>
    </p>
   </div>
   <div class='ocr_carea' id='block_1_111' title="bbox 2163 4976 3762 5062">
    <p class='ocr_par' dir='ltr' id='par_1_111' title="bbox 2163 4976 3762 5062">
     <span class='ocr_line' id='line_1_111' title="bbox 2163 4976 3762 5062; baseline -0.013 -14"><span class='ocrx_word' id='word_1_804' title='bbox 2163 4994 2467 5057; x_wconf 72' lang='grc' dir='ltr'><strong>ἔπλευσας·</strong></span> <span class='ocrx_word' id='word_1_805' title='bbox 2501 4987 2776 5062; x_wconf 86' lang='grc' dir='ltr'><strong>προσδόκα</strong></span> <span class='ocrx_word' id='word_1_806' title='bbox 2817 4985 3028 5057; x_wconf 89' lang='grc' dir='ltr'><strong>ταχέως</strong></span> <span class='ocrx_word' id='word_1_807' title='bbox 3076 4982 3172 5037; x_wconf 72' lang='grc' dir='ltr'><strong>καὶ</strong></span> <span class='ocrx_word' id='word_1_808' title='bbox 3220 4980 3313 5035; x_wconf 82' lang='grc' dir='ltr'><strong>τὸν</strong></span> <span class='ocrx_word' id='word_1_809' title='bbox 3359 4976 3555 5048; x_wconf 90' lang='grc' dir='ltr'><strong>λιμένα</strong></span> <span class='ocrx_word' id='word_1_810' title='bbox 3612 4977 3762 5045; x_wconf 79' lang='grc' dir='ltr'><strong>μετὰ</strong></span> 
     </span>
    </p>
   </div>
   <div class='ocr_carea' id='block_1_112' title="bbox 2170 5079 3760 5161">
    <p class='ocr_par' dir='ltr' id='par_1_112' title="bbox 2170 5079 3760 5161">
     <span class='ocr_line' id='line_1_112' title="bbox 2170 5079 3760 5161; baseline -0.014 -9"><span class='ocrx_word' id='word_1_811' title='bbox 2170 5097 2382 5152; x_wconf 89' lang='grc' dir='ltr'><strong>πολλῶν</strong></span> <span class='ocrx_word' id='word_1_812' title='bbox 2427 5094 2537 5147; x_wconf 90' lang='grc' dir='ltr'><strong>τῶν</strong></span> <span class='ocrx_word' id='word_1_813' title='bbox 2571 5089 2872 5161; x_wconf 87' lang='grc' dir='ltr'><strong>στεφάνων.</strong></span> <span class='ocrx_word' id='word_1_814' title='bbox 2924 5084 3146 5155; x_wconf 81' lang='grc' dir='ltr'><strong>Ἐπειδὴ</strong></span> <span class='ocrx_word' id='word_1_815' title='bbox 3184 5082 3243 5136; x_wconf 78' lang='grc' dir='ltr'><strong>δὲ</strong></span> <span class='ocrx_word' id='word_1_816' title='bbox 3280 5082 3377 5136; x_wconf 77' lang='grc' dir='ltr'><strong>καὶ</strong></span> <span class='ocrx_word' id='word_1_817' title='bbox 3422 5097 3490 5134; x_wconf 87' lang='grc' dir='ltr'><strong>πε</strong></span> <span class='ocrx_word' id='word_1_818' title='bbox 3500 5079 3553 5149; x_wconf 84' lang='grc' dir='ltr'><strong>ρί</strong></span> <span class='ocrx_word' id='word_1_819' title='bbox 3590 5082 3625 5149; x_wconf 74' lang='grc' dir='ltr'><strong>ἠ</strong></span> <span class='ocrx_word' id='word_1_820' title='bbox 3634 5079 3760 5145; x_wconf 84' lang='grc' dir='ltr'><strong>μῶν</strong></span> 
     </span>
    </p>
   </div>
   <div class='ocr_carea' id='block_1_113' title="bbox 2169 5179 3765 5270">
    <p class='ocr_par' dir='ltr' id='par_1_113' title="bbox 2169 5179 3765 5270">
     <span class='ocr_line' id='line_1_113' title="bbox 2169 5179 3765 5270; baseline -0.013 -19"><span class='ocrx_word' id='word_1_821' title='bbox 2169 5197 2349 5270; x_wconf 88' lang='grc' dir='ltr'><strong>βούλει</strong></span> <span class='ocrx_word' id='word_1_822' title='bbox 2387 5184 2699 5265; x_wconf 62' lang='grc' dir='ltr'><strong>μανθάνειν,</strong></span> <span class='ocrx_word' id='word_1_823' title='bbox 2731 5189 2935 5260; x_wconf 80' lang='grc' dir='ltr'><strong>ζῶμεν,</strong></span> <span class='ocrx_word' id='word_1_824' title='bbox 2973 5184 3325 5256; x_wconf 82' lang='grc' dir='ltr'><strong>ὑγιαίνομεν.</strong></span> <span class='ocrx_word' id='word_1_825' title='bbox 3365 5182 3548 5252; x_wconf 81' lang='grc' dir='ltr'><strong>πάσης</strong></span> <span class='ocrx_word' id='word_1_826' title='bbox 3577 5179 3765 5250; x_wconf 81' lang='grc' dir='ltr'><strong>ἀπηλ-</strong></span> 
     </span>
    </p>
   </div>
   <div class='ocr_carea' id='block_1_114' title="bbox 2166 5282 3763 5372">
    <p class='ocr_par' dir='ltr' id='par_1_114' title="bbox 2166 5282 3763 5372">
     <span class='ocr_line' id='line_1_114' title="bbox 2166 5282 3763 5372; baseline -0.013 -16"><span class='ocrx_word' id='word_1_827' title='bbox 2166 5299 2421 5372; x_wconf 86' lang='grc' dir='ltr'><strong>λάγμεθα</strong></span> <span class='ocrx_word' id='word_1_828' title='bbox 2451 5294 2784 5369; x_wconf 70' lang='grc' dir='ltr'><strong>ἀρρωστίας.</strong></span> <span class='ocrx_word' id='word_1_829' title='bbox 2824 5292 2887 5345; x_wconf 86' lang='grc' dir='ltr'><strong>Εἰ</strong></span> <span class='ocrx_word' id='word_1_830' title='bbox 2916 5290 2974 5345; x_wconf 83' lang='grc' dir='ltr'><strong>δέ</strong></span> <span class='ocrx_word' id='word_1_831' title='bbox 2995 5289 3090 5343; x_wconf 77' lang='grc' dir='ltr'><strong>καί</strong></span> <span class='ocrx_word' id='word_1_832' title='bbox 3119 5283 3530 5359; x_wconf 74' lang='grc' dir='ltr'><strong>ηρῤωποῦμεν,</strong></span> <span class='ocrx_word' id='word_1_833' title='bbox 3564 5282 3763 5337; x_wconf 80' lang='grc' dir='ltr'><strong>ἰκανὸν</strong></span> 
     </span>
    </p>
   </div>
   <div class='ocr_carea' id='block_1_115' title="bbox 2172 5384 3765 5475">
    <p class='ocr_par' dir='ltr' id='par_1_115' title="bbox 2172 5384 3765 5475">
     <span class='ocr_line' id='line_1_115' title="bbox 2172 5384 3765 5475; baseline -0.013 -18"><span class='ocrx_word' id='word_1_834' title='bbox 2172 5404 2305 5475; x_wconf 75' lang='grc' dir='ltr'><strong>ἡμῖν</strong></span> <span class='ocrx_word' id='word_1_835' title='bbox 2338 5400 2629 5472; x_wconf 85' lang='grc' dir='ltr'><strong>φάρμακον</strong></span> <span class='ocrx_word' id='word_1_836' title='bbox 2655 5398 2735 5461; x_wconf 80' lang='grc' dir='ltr'><strong>εἰς</strong></span> <span class='ocrx_word' id='word_1_837' title='bbox 2775 5393 2965 5462; x_wconf 89' lang='grc' dir='ltr'><strong>ὐγείαν</strong></span> <span class='ocrx_word' id='word_1_838' title='bbox 2996 5391 3096 5461; x_wconf 83' lang='grc' dir='ltr'><strong>τῆς</strong></span> <span class='ocrx_word' id='word_1_839' title='bbox 3126 5388 3224 5458; x_wconf 83' lang='grc' dir='ltr'><strong>σῆς</strong></span> <span class='ocrx_word' id='word_1_840' title='bbox 3254 5385 3539 5448; x_wconf 89' lang='grc' dir='ltr'><strong>εὐλαϐείας</strong></span> <span class='ocrx_word' id='word_1_841' title='bbox 3564 5384 3765 5455; x_wconf 80' lang='grc' dir='ltr'><strong>ἡάγά-</strong></span> 
     </span>
    </p>
   </div>
   <div class='ocr_carea' id='block_1_116' title="bbox 2172 5486 3762 5579">
    <p class='ocr_par' dir='ltr' id='par_1_116' title="bbox 2172 5486 3762 5579">
     <span class='ocr_line' id='line_1_116' title="bbox 2172 5486 3762 5579; baseline -0.014 -21"><span class='ocrx_word' id='word_1_842' title='bbox 2172 5523 2268 5579; x_wconf 87' lang='grc' dir='ltr'><strong>πη,</strong></span> <span class='ocrx_word' id='word_1_843' title='bbox 2302 5506 2336 5576; x_wconf 79' lang='grc' dir='ltr'>ὴ</span> <span class='ocrx_word' id='word_1_844' title='bbox 2365 5500 2583 5573; x_wconf 89' lang='grc' dir='ltr'><strong>γνησία,</strong></span> <span class='ocrx_word' id='word_1_845' title='bbox 2608 5498 2702 5553; x_wconf 82' lang='grc' dir='ltr'><strong>καί</strong></span> <span class='ocrx_word' id='word_1_846' title='bbox 2732 5494 2930 5569; x_wconf 84' lang='grc' dir='ltr'><strong>θερμὴ,</strong></span> <span class='ocrx_word' id='word_1_847' title='bbox 2960 5492 3056 5548; x_wconf 75' lang='grc' dir='ltr'><strong>καὶ</strong></span> <span class='ocrx_word' id='word_1_848' title='bbox 3085 5488 3310 5561; x_wconf 79' lang='grc' dir='ltr'><strong>στερρἀ</strong></span> <span class='ocrx_word' id='word_1_849' title='bbox 3340 5488 3435 5541; x_wconf 75' lang='grc' dir='ltr'><strong>καὶ</strong></span> <span class='ocrx_word' id='word_1_850' title='bbox 3459 5486 3762 5556; x_wconf 84' lang='grc' dir='ltr'><strong>ἀπερίτρε-</strong></span> 
     </span>
    </p>
   </div>
   <div class='ocr_carea' id='block_1_117' title="bbox 2172 5584 3764 5668">
    <p class='ocr_par' dir='ltr' id='par_1_117' title="bbox 2172 5584 3764 5668">
     <span class='ocr_line' id='line_1_117' title="bbox 2172 5584 3764 5668; baseline -0.011 -10"><span class='ocrx_word' id='word_1_851' title='bbox 2172 5622 2326 5668; x_wconf 86' lang='grc' dir='ltr'><strong>πτος.</strong></span> <span class='ocrx_word' id='word_1_852' title='bbox 2364 5600 2517 5655; x_wconf 74' lang='grc' dir='ltr'><strong>Ἐπεὶ</strong></span> <span class='ocrx_word' id='word_1_853' title='bbox 2565 5594 2659 5653; x_wconf 87' lang='grc' dir='ltr'><strong>οὖν</strong></span> <span class='ocrx_word' id='word_1_854' title='bbox 2688 5597 2750 5652; x_wconf 91' lang='grc' dir='ltr'><strong>οὐ</strong></span> <span class='ocrx_word' id='word_1_855' title='bbox 2792 5595 2893 5667; x_wconf 81' lang='grc' dir='ltr'><strong>τὴν</strong></span> <span class='ocrx_word' id='word_1_856' title='bbox 2934 5589 3197 5663; x_wconf 86' lang='grc' dir='ltr'><strong>τυχοῦσαν</strong></span> <span class='ocrx_word' id='word_1_857' title='bbox 3239 5589 3373 5659; x_wconf 80' lang='grc' dir='ltr'><strong>ἡμῖν</strong></span> <span class='ocrx_word' id='word_1_858' title='bbox 3412 5584 3764 5657; x_wconf 84' lang='grc' dir='ltr'><strong>εὐφροσύνην</strong></span> 
     </span>
    </p>
   </div>
   <div class='ocr_carea' id='block_1_118' title="bbox 2235 5741 3766 5811">
    <p class='ocr_par' dir='ltr' id='par_1_118' title="bbox 2235 5741 3766 5811">
     <span class='ocr_line' id='line_1_118' title="bbox 2235 5741 3766 5811; baseline -0.012 -2"><span class='ocrx_word' id='word_1_859' title='bbox 2235 5759 2265 5800; x_wconf 73' lang='grc' dir='ltr'><strong>δ</strong></span> <span class='ocrx_word' id='word_1_860' title='bbox 2290 5757 2373 5808; x_wconf 88' lang='lat' dir='ltr'><strong>Sic</strong></span> <span class='ocrx_word' id='word_1_861' title='bbox 2398 5771 2513 5806; x_wconf 66' lang='lat' dir='ltr'><strong>mss.</strong></span> <span class='ocrx_word' id='word_1_862' title='bbox 2538 5767 2728 5804; x_wconf 86' lang='lat' dir='ltr'><strong>omnes.</strong></span> <span class='ocrx_word' id='word_1_863' title='bbox 2757 5752 2885 5804; x_wconf 79' lang='lat' dir='ltr'><strong>Edili</strong></span> <span class='ocrx_word' id='word_1_864' title='bbox 2919 5763 3039 5803; x_wconf 84' lang='lat' dir='ltr'><strong>vero</strong></span> <span class='ocrx_word' id='word_1_865' title='bbox 3060 5753 3117 5811; x_wconf 83' lang='grc' dir='ltr'><strong>τῇ</strong></span> <span class='ocrx_word' id='word_1_866' title='bbox 3140 5744 3311 5810; x_wconf 75' lang='grc' dir='ltr'><strong>στεῤῥᾷ</strong></span> <span class='ocrx_word' id='word_1_867' title='bbox 3334 5759 3423 5793; x_wconf 77' lang='grc' dir='ltr'><strong>σου</strong></span> <span class='ocrx_word' id='word_1_868' title='bbox 3444 5741 3524 5793; x_wconf 78' lang='grc' dir='ltr'><strong>καὶ</strong></span> <span class='ocrx_word' id='word_1_869' title='bbox 3541 5758 3766 5805; x_wconf 63' lang='lat' dir='ltr'><strong>791mm-</strong></span> 
     </span>
    </p>
   </div>
   <div class='ocr_carea' id='block_1_119' title="bbox 2179 5821 2680 5886">
    <p class='ocr_par' dir='ltr' id='par_1_119' title="bbox 2179 5821 2680 5886">
     <span class='ocr_line' id='line_1_119' title="bbox 2179 5821 2680 5886; baseline -0.012 -15"><span class='ocrx_word' id='word_1_870' title='bbox 2179 5821 2298 5885; x_wconf 77' lang='grc' dir='ltr'><strong>τάτῃ</strong></span> <span class='ocrx_word' id='word_1_871' title='bbox 2322 5823 2449 5886; x_wconf 77' lang='grc' dir='ltr'><strong>ψυχῇ</strong></span> <span class='ocrx_word' id='word_1_872' title='bbox 2477 5826 2680 5869; x_wconf 76' lang='lat' dir='ltr'><strong>tantum.</strong></span> 
     </span>
    </p>
   </div>
  </div>
