  <div class='ocr_page' id='page_1' title='image "/cluster/home/n/w/nwhite01/storage/ocr_20150623/52/hvd.32044073501918/278.png"; bbox 0 0 4058 6218; ppageno 0'>
   <div class='ocr_carea' id='block_1_1' title="bbox 390 274 490 329">
    <p class='ocr_par' dir='ltr' id='par_1_1' title="bbox 390 274 490 329">
     <span class='ocr_line' id='line_1_1' title="bbox 390 274 490 329; baseline -0.02 0"><span class='ocrx_word' id='word_1_1' title='bbox 390 274 490 329; x_wconf 81' lang='grc'><strong>657</strong></span> 
     </span>
    </p>
   </div>
   <div class='ocr_carea' id='block_1_2' title="bbox 387 389 1970 470">
    <p class='ocr_par' dir='ltr' id='par_1_2' title="bbox 387 389 1970 470">
     <span class='ocr_line' id='line_1_2' title="bbox 387 389 1970 470; baseline 0.008 -28"><span class='ocrx_word' id='word_1_2' title='bbox 387 389 671 460; x_wconf 90' lang='lat' dir='ltr'><strong>quirimus.</strong></span> <span class='ocrx_word' id='word_1_3' title='bbox 699 390 960 460; x_wconf 84' lang='lat' dir='ltr'><strong>Quoniam</strong></span> <span class='ocrx_word' id='word_1_4' title='bbox 983 401 1161 449; x_wconf 89' lang='lat' dir='ltr'><strong>autem</strong></span> <span class='ocrx_word' id='word_1_5' title='bbox 1189 392 1240 449; x_wconf 89' lang='lat' dir='ltr'><strong>id</strong></span> <span class='ocrx_word' id='word_1_6' title='bbox 1270 409 1410 450; x_wconf 90' lang='lat' dir='ltr'><strong>nunc</strong></span> <span class='ocrx_word' id='word_1_7' title='bbox 1440 397 1660 454; x_wconf 90' lang='lat' dir='ltr'><strong>minime</strong></span> <span class='ocrx_word' id='word_1_8' title='bbox 1687 398 1808 453; x_wconf 91' lang='lat' dir='ltr'><strong>licet</strong></span> <span class='ocrx_word' id='word_1_9' title='bbox 1826 400 1970 470; x_wconf 88' lang='lat' dir='ltr'><strong>(nam</strong></span> 
     </span>
    </p>
   </div>
   <div class='ocr_carea' id='block_1_3' title="bbox 387 483 1975 558">
    <p class='ocr_par' dir='ltr' id='par_1_3' title="bbox 387 483 1975 558">
     <span class='ocr_line' id='line_1_3' title="bbox 387 483 1975 558; baseline 0.006 -22"><span class='ocrx_word' id='word_1_10' title='bbox 387 492 443 536; x_wconf 88' lang='lat' dir='ltr'><strong>et</strong></span> <span class='ocrx_word' id='word_1_11' title='bbox 465 483 566 537; x_wconf 83' lang='lat' dir='ltr'><strong>viae</strong></span> <span class='ocrx_word' id='word_1_12' title='bbox 615 483 910 554; x_wconf 78' lang='lat' dir='ltr'><strong>longitudo,</strong></span> <span class='ocrx_word' id='word_1_13' title='bbox 956 495 1011 540; x_wconf 90' lang='lat' dir='ltr'><strong>et</strong></span> <span class='ocrx_word' id='word_1_14' title='bbox 1061 495 1291 556; x_wconf 91' lang='lat' dir='ltr'><strong>tempus,</strong></span> <span class='ocrx_word' id='word_1_15' title='bbox 1345 497 1400 543; x_wconf 93' lang='lat' dir='ltr'><strong>et</strong></span> <span class='ocrx_word' id='word_1_16' title='bbox 1445 490 1758 558; x_wconf 81' lang='lat' dir='ltr'><strong>praedonum</strong></span> <span class='ocrx_word' id='word_1_17' title='bbox 1801 502 1975 547; x_wconf 89' lang='lat' dir='ltr'><strong>metus</strong></span> 
     </span>
    </p>
   </div>
   <div class='ocr_carea' id='block_1_4' title="bbox 389 569 1976 654">
    <p class='ocr_par' dir='ltr' id='par_1_4' title="bbox 389 569 1976 654">
     <span class='ocr_line' id='line_1_4' title="bbox 389 569 1976 654; baseline 0.007 -26"><span class='ocrx_word' id='word_1_18' title='bbox 389 569 775 644; x_wconf 87' lang='lat' dir='ltr'><strong>impedimento</strong></span> <span class='ocrx_word' id='word_1_19' title='bbox 827 588 990 645; x_wconf 90' lang='lat' dir='ltr'><strong>sunt,</strong></span> <span class='ocrx_word' id='word_1_20' title='bbox 1029 593 1094 634; x_wconf 90' lang='lat' dir='ltr'><strong>ac</strong></span> <span class='ocrx_word' id='word_1_21' title='bbox 1135 587 1391 649; x_wconf 78' lang='lat' dir='ltr'><strong>praeterea</strong></span> <span class='ocrx_word' id='word_1_22' title='bbox 1440 598 1509 638; x_wconf 87' lang='lat' dir='ltr'><strong>ne</strong></span> <span class='ocrx_word' id='word_1_23' title='bbox 1561 585 1715 639; x_wconf 92' lang='lat' dir='ltr'><strong>nobis</strong></span> <span class='ocrx_word' id='word_1_24' title='bbox 1762 585 1976 654; x_wconf 89' lang='lat' dir='ltr'><strong>quidem</strong></span> 
     </span>
    </p>
   </div>
   <div class='ocr_carea' id='block_1_5' title="bbox 387 665 1978 742">
    <p class='ocr_par' dir='ltr' id='par_1_5' title="bbox 387 665 1978 742">
     <span class='ocr_line' id='line_1_5' title="bbox 387 665 1978 742; baseline 0.006 -24"><span class='ocrx_word' id='word_1_25' title='bbox 387 665 554 720; x_wconf 90' lang='lat' dir='ltr'><strong>domo</strong></span> <span class='ocrx_word' id='word_1_26' title='bbox 599 667 880 735; x_wconf 83' lang='lat' dir='ltr'><strong>excedere,</strong></span> <span class='ocrx_word' id='word_1_27' title='bbox 922 684 987 724; x_wconf 90' lang='lat' dir='ltr'><strong>ac</strong></span> <span class='ocrx_word' id='word_1_28' title='bbox 1015 669 1200 740; x_wconf 88' lang='lat' dir='ltr'><strong>longas</strong></span> <span class='ocrx_word' id='word_1_29' title='bbox 1251 673 1708 742; x_wconf 76' lang='lat' dir='ltr'><strong>peregrinationes</strong></span> <span class='ocrx_word' id='word_1_30' title='bbox 1742 677 1876 730; x_wconf 91' lang='lat' dir='ltr'><strong>inire</strong></span> <span class='ocrx_word' id='word_1_31' title='bbox 1902 673 1978 729; x_wconf 79' lang='lat' dir='ltr'><strong>fai-</strong></span> 
     </span>
    </p>
   </div>
   <div class='ocr_carea' id='block_1_6' title="bbox 389 759 1981 830">
    <p class='ocr_par' dir='ltr' id='par_1_6' title="bbox 389 759 1981 830">
     <span class='ocr_line' id='line_1_6' title="bbox 389 759 1981 830; baseline 0.006 -18"><span class='ocrx_word' id='word_1_32' title='bbox 389 759 492 813; x_wconf 89' lang='lat' dir='ltr'><strong>cile</strong></span> <span class='ocrx_word' id='word_1_33' title='bbox 524 760 650 826; x_wconf 92' lang='lat' dir='ltr'><strong>est),</strong></span> <span class='ocrx_word' id='word_1_34' title='bbox 696 760 839 830; x_wconf 91' lang='lat' dir='ltr'><strong>quod</strong></span> <span class='ocrx_word' id='word_1_35' title='bbox 865 762 1160 817; x_wconf 86' lang='lat' dir='ltr'><strong>secundum</strong></span> <span class='ocrx_word' id='word_1_36' title='bbox 1189 772 1273 818; x_wconf 91' lang='lat' dir='ltr'><strong>est</strong></span> <span class='ocrx_word' id='word_1_37' title='bbox 1293 805 1307 828; x_wconf 93' lang='lat'><strong>,</strong></span> <span class='ocrx_word' id='word_1_38' title='bbox 1341 765 1574 820; x_wconf 91' lang='lat' dir='ltr'><strong>debitam</strong></span> <span class='ocrx_word' id='word_1_39' title='bbox 1605 767 1756 821; x_wconf 83' lang='lat' dir='ltr'><strong>vobis</strong></span> <span class='ocrx_word' id='word_1_40' title='bbox 1783 768 1981 822; x_wconf 89' lang='lat' dir='ltr'><strong>saluta-</strong></span> 
     </span>
    </p>
   </div>
   <div class='ocr_carea' id='block_1_7' title="bbox 391 849 1973 925">
    <p class='ocr_par' dir='ltr' id='par_1_7' title="bbox 391 849 1973 925">
     <span class='ocr_line' id='line_1_7' title="bbox 391 849 1973 925; baseline 0.003 -21"><span class='ocrx_word' id='word_1_41' title='bbox 391 849 591 904; x_wconf 84' lang='lat' dir='ltr'><strong>tionem</strong></span> <span class='ocrx_word' id='word_1_42' title='bbox 636 852 995 920; x_wconf 85' lang='lat' dir='ltr'><strong>persolvimus</strong></span> <span class='ocrx_word' id='word_1_43' title='bbox 1026 873 1040 910; x_wconf 88' lang='lat'><strong>:</strong></span> <span class='ocrx_word' id='word_1_44' title='bbox 1071 861 1231 923; x_wconf 87' lang='lat' dir='ltr'><strong>atque</strong></span> <span class='ocrx_word' id='word_1_45' title='bbox 1283 862 1409 910; x_wconf 85' lang='lat' dir='ltr'><strong>ante</strong></span> <span class='ocrx_word' id='word_1_46' title='bbox 1455 855 1625 925; x_wconf 84' lang='lat' dir='ltr'><strong>ipsam</strong></span> <span class='ocrx_word' id='word_1_47' title='bbox 1664 857 1826 910; x_wconf 90' lang='lat' dir='ltr'><strong>etiam</strong></span> <span class='ocrx_word' id='word_1_48' title='bbox 1874 871 1973 910; x_wconf 88' lang='lat' dir='ltr'><strong>vos</strong></span> 
     </span>
    </p>
   </div>
   <div class='ocr_carea' id='block_1_8' title="bbox 391 947 1979 1019">
    <p class='ocr_par' dir='ltr' id='par_1_8' title="bbox 391 947 1979 1019">
     <span class='ocr_line' id='line_1_8' title="bbox 391 947 1979 1019; baseline 0.004 -21"><span class='ocrx_word' id='word_1_49' title='bbox 391 960 642 1014; x_wconf 81' lang='lat' dir='ltr'><strong>rogamus</strong></span> <span class='ocrx_word' id='word_1_50' title='bbox 683 955 740 1001; x_wconf 89' lang='lat' dir='ltr'><strong>et</strong></span> <span class='ocrx_word' id='word_1_51' title='bbox 776 947 1142 1017; x_wconf 82' lang='lat' dir='ltr'><strong>obsecramus,</strong></span> <span class='ocrx_word' id='word_1_52' title='bbox 1191 958 1348 1019; x_wconf 86' lang='lat' dir='ltr'><strong>atque</strong></span> <span class='ocrx_word' id='word_1_53' title='bbox 1388 963 1418 1004; x_wconf 90' lang='lat' dir='ltr'><strong>a</strong></span> <span class='ocrx_word' id='word_1_54' title='bbox 1462 949 1612 1005; x_wconf 87' lang='lat' dir='ltr'><strong>vobis</strong></span> <span class='ocrx_word' id='word_1_55' title='bbox 1667 951 1979 1019; x_wconf 82' lang='lat' dir='ltr'><strong>amplissimi</strong></span> 
     </span>
    </p>
   </div>
   <div class='ocr_carea' id='block_1_9' title="bbox 391 1035 1981 1112">
    <p class='ocr_par' dir='ltr' id='par_1_9' title="bbox 391 1035 1981 1112">
     <span class='ocr_line' id='line_1_9' title="bbox 391 1035 1981 1112; baseline 0.004 -22"><span class='ocrx_word' id='word_1_56' title='bbox 391 1035 633 1091; x_wconf 84' lang='lat' dir='ltr'><strong>beneficii</strong></span> <span class='ocrx_word' id='word_1_57' title='bbox 655 1036 774 1092; x_wconf 91' lang='lat' dir='ltr'><strong>loco</strong></span> <span class='ocrx_word' id='word_1_58' title='bbox 796 1040 1047 1108; x_wconf 87' lang='lat' dir='ltr'><strong>petimus,</strong></span> <span class='ocrx_word' id='word_1_59' title='bbox 1077 1049 1135 1093; x_wconf 91' lang='lat' dir='ltr'><strong>ut</strong></span> <span class='ocrx_word' id='word_1_60' title='bbox 1162 1038 1215 1094; x_wconf 91' lang='lat' dir='ltr'><strong>in</strong></span> <span class='ocrx_word' id='word_1_61' title='bbox 1243 1044 1438 1095; x_wconf 83' lang='lat' dir='ltr'><strong>vestris</strong></span> <span class='ocrx_word' id='word_1_62' title='bbox 1451 1039 1699 1112; x_wconf 85' lang='lat' dir='ltr'><strong>precibus</strong></span> <span class='ocrx_word' id='word_1_63' title='bbox 1725 1050 1981 1111; x_wconf 89' lang='lat' dir='ltr'><strong>perpetuo</strong></span> 
     </span>
    </p>
   </div>
   <div class='ocr_carea' id='block_1_10' title="bbox 392 1128 1976 1204">
    <p class='ocr_par' dir='ltr' id='par_1_10' title="bbox 392 1128 1976 1204">
     <span class='ocr_line' id='line_1_10' title="bbox 392 1128 1976 1204; baseline 0.005 -25"><span class='ocrx_word' id='word_1_64' title='bbox 392 1128 560 1181; x_wconf 87' lang='lat' dir='ltr'><strong>nostri</strong></span> <span class='ocrx_word' id='word_1_65' title='bbox 588 1143 859 1184; x_wconf 88' lang='lat' dir='ltr'><strong>memores</strong></span> <span class='ocrx_word' id='word_1_66' title='bbox 907 1131 1047 1195; x_wconf 86' lang='lat' dir='ltr'><strong>sitis,</strong></span> <span class='ocrx_word' id='word_1_67' title='bbox 1078 1130 1402 1202; x_wconf 86' lang='lat' dir='ltr'><strong>obnixeque,</strong></span> <span class='ocrx_word' id='word_1_68' title='bbox 1449 1141 1506 1187; x_wconf 89' lang='lat' dir='ltr'><strong>et</strong></span> <span class='ocrx_word' id='word_1_69' title='bbox 1549 1149 1671 1188; x_wconf 88' lang='lat' dir='ltr'><strong>cum</strong></span> <span class='ocrx_word' id='word_1_70' title='bbox 1704 1133 1976 1204; x_wconf 84' lang='lat' dir='ltr'><strong>lacrymis,</strong></span> 
     </span>
    </p>
   </div>
   <div class='ocr_carea' id='block_1_11' title="bbox 390 1217 1981 1296">
    <p class='ocr_par' dir='ltr' id='par_1_11' title="bbox 390 1217 1981 1296">
     <span class='ocr_line' id='line_1_11' title="bbox 390 1217 1981 1296; baseline 0.004 -25"><span class='ocrx_word' id='word_1_71' title='bbox 390 1217 458 1272; x_wconf 92' lang='lat' dir='ltr'><strong>ad</strong></span> <span class='ocrx_word' id='word_1_72' title='bbox 483 1219 697 1289; x_wconf 76' lang='lat' dir='ltr'><strong>benigni</strong></span> <span class='ocrx_word' id='word_1_73' title='bbox 738 1221 830 1275; x_wconf 88' lang='lat' dir='ltr'><strong>Dei</strong></span> <span class='ocrx_word' id='word_1_74' title='bbox 869 1221 1035 1290; x_wconf 82' lang='lat' dir='ltr'><strong>pedes</strong></span> <span class='ocrx_word' id='word_1_75' title='bbox 1065 1223 1280 1277; x_wconf 89' lang='lat' dir='ltr'><strong>vilitatis</strong></span> <span class='ocrx_word' id='word_1_76' title='bbox 1311 1233 1511 1278; x_wconf 92' lang='lat' dir='ltr'><strong>nostrae</strong></span> <span class='ocrx_word' id='word_1_77' title='bbox 1537 1239 1698 1279; x_wconf 89' lang='lat' dir='ltr'><strong>causa</strong></span> <span class='ocrx_word' id='word_1_78' title='bbox 1738 1227 1981 1296; x_wconf 85' lang='lat' dir='ltr'><strong>vosipsos</strong></span> 
     </span>
    </p>
   </div>
   <div class='ocr_carea' id='block_1_12' title="bbox 391 1311 1978 1385">
    <p class='ocr_par' dir='ltr' id='par_1_12' title="bbox 391 1311 1978 1385">
     <span class='ocr_line' id='line_1_12' title="bbox 391 1311 1978 1385; baseline 0.004 -21"><span class='ocrx_word' id='word_1_79' title='bbox 391 1311 743 1379; x_wconf 87' lang='lat' dir='ltr'><strong>provolvatis.</strong></span> <span class='ocrx_word' id='word_1_80' title='bbox 767 1311 900 1366; x_wconf 80' lang='lat' dir='ltr'><strong>Nam</strong></span> <span class='ocrx_word' id='word_1_81' title='bbox 922 1327 1044 1367; x_wconf 93' lang='lat' dir='ltr'><strong>cum</strong></span> <span class='ocrx_word' id='word_1_82' title='bbox 1068 1315 1402 1384; x_wconf 75' lang='lat' dir='ltr'><strong>negotiorum</strong></span> <span class='ocrx_word' id='word_1_83' title='bbox 1425 1314 1582 1385; x_wconf 86' lang='lat' dir='ltr'><strong>hujus</strong></span> <span class='ocrx_word' id='word_1_84' title='bbox 1597 1317 1719 1370; x_wconf 87' lang='lat' dir='ltr'><strong>vitae</strong></span> <span class='ocrx_word' id='word_1_85' title='bbox 1738 1318 1978 1385; x_wconf 91' lang='lat' dir='ltr'><strong>euripum</strong></span> 
     </span>
    </p>
   </div>
   <div class='ocr_carea' id='block_1_13' title="bbox 389 1401 1978 1476">
    <p class='ocr_par' dir='ltr' id='par_1_13' title="bbox 389 1401 1978 1476">
     <span class='ocr_line' id='line_1_13' title="bbox 389 1401 1978 1476; baseline 0.003 -21"><span class='ocrx_word' id='word_1_86' title='bbox 389 1401 706 1470; x_wconf 81' lang='lat' dir='ltr'><strong>etl&#39;ugeritis,</strong></span> <span class='ocrx_word' id='word_1_87' title='bbox 732 1403 984 1474; x_wconf 89' lang='lat' dir='ltr'><strong>fumoque</strong></span> <span class='ocrx_word' id='word_1_88' title='bbox 1010 1420 1075 1460; x_wconf 87' lang='lat' dir='ltr'><strong>ac</strong></span> <span class='ocrx_word' id='word_1_89' title='bbox 1127 1415 1440 1476; x_wconf 88' lang='lat' dir='ltr'><strong>tempestate</strong></span> <span class='ocrx_word' id='word_1_90' title='bbox 1473 1407 1731 1461; x_wconf 90' lang='lat' dir='ltr'><strong>malorum</strong></span> <span class='ocrx_word' id='word_1_91' title='bbox 1762 1422 1978 1473; x_wconf 89' lang='lat' dir='ltr'><strong>eorum,</strong></span> 
     </span>
    </p>
   </div>
   <div class='ocr_carea' id='block_1_14' title="bbox 392 1494 1984 1567">
    <p class='ocr_par' dir='ltr' id='par_1_14' title="bbox 392 1494 1984 1567">
     <span class='ocr_line' id='line_1_14' title="bbox 392 1494 1984 1567; baseline 0.005 -23"><span class='ocrx_word' id='word_1_92' title='bbox 392 1509 512 1564; x_wconf 62' lang='lat' dir='ltr'><strong>quae</strong></span> <span class='ocrx_word' id='word_1_93' title='bbox 535 1494 587 1547; x_wconf 90' lang='lat' dir='ltr'><strong>in</strong></span> <span class='ocrx_word' id='word_1_94' title='bbox 612 1494 790 1548; x_wconf 91' lang='lat' dir='ltr'><strong>medio</strong></span> <span class='ocrx_word' id='word_1_95' title='bbox 819 1505 1120 1562; x_wconf 79' lang='lat' dir='ltr'><strong>versantur,</strong></span> <span class='ocrx_word' id='word_1_96' title='bbox 1146 1498 1354 1552; x_wconf 87' lang='lat' dir='ltr'><strong>liberati</strong></span> <span class='ocrx_word' id='word_1_97' title='bbox 1383 1499 1520 1563; x_wconf 91' lang='lat' dir='ltr'><strong>sitis,</strong></span> <span class='ocrx_word' id='word_1_98' title='bbox 1551 1499 1862 1567; x_wconf 90' lang='lat' dir='ltr'><strong>animasque</strong></span> <span class='ocrx_word' id='word_1_99' title='bbox 1894 1513 1984 1552; x_wconf 84' lang='lat' dir='ltr'><strong>ve-</strong></span> 
     </span>
    </p>
   </div>
   <div class='ocr_carea' id='block_1_15' title="bbox 392 1588 1978 1659">
    <p class='ocr_par' dir='ltr' id='par_1_15' title="bbox 392 1588 1978 1659">
     <span class='ocr_line' id='line_1_15' title="bbox 392 1588 1978 1659; baseline 0.003 -19"><span class='ocrx_word' id='word_1_100' title='bbox 392 1597 532 1642; x_wconf 87' lang='lat' dir='ltr'><strong>stras</strong></span> <span class='ocrx_word' id='word_1_101' title='bbox 557 1589 610 1641; x_wconf 92' lang='lat' dir='ltr'><strong>in</strong></span> <span class='ocrx_word' id='word_1_102' title='bbox 647 1589 1111 1657; x_wconf 83' lang='lat' dir='ltr'><strong>praeclarissimum</strong></span> <span class='ocrx_word' id='word_1_103' title='bbox 1158 1588 1380 1658; x_wconf 85' lang='lat' dir='ltr'><strong>hujusce</strong></span> <span class='ocrx_word' id='word_1_104' title='bbox 1430 1590 1778 1659; x_wconf 76' lang='lat' dir='ltr'><strong>phiIoSOphiae</strong></span> <span class='ocrx_word' id='word_1_105' title='bbox 1817 1591 1978 1656; x_wconf 88' lang='lat' dir='ltr'><strong>litus,</strong></span> 
     </span>
    </p>
   </div>
   <div class='ocr_carea' id='block_1_16' title="bbox 393 1681 1983 1751">
    <p class='ocr_par' dir='ltr' id='par_1_16' title="bbox 393 1681 1983 1751">
     <span class='ocr_line' id='line_1_16' title="bbox 393 1681 1983 1751; baseline 0.002 -19"><span class='ocrx_word' id='word_1_106' title='bbox 393 1693 500 1732; x_wconf 87' lang='lat' dir='ltr'><strong>non</strong></span> <span class='ocrx_word' id='word_1_107' title='bbox 519 1693 675 1734; x_wconf 84' lang='lat' dir='ltr'><strong>secus</strong></span> <span class='ocrx_word' id='word_1_108' title='bbox 702 1689 862 1749; x_wconf 88' lang='lat' dir='ltr'><strong>atque</strong></span> <span class='ocrx_word' id='word_1_109' title='bbox 890 1681 1298 1751; x_wconf 90' lang='lat' dir='ltr'><strong>intranquillum</strong></span> <span class='ocrx_word' id='word_1_110' title='bbox 1322 1683 1606 1750; x_wconf 87' lang='lat' dir='ltr'><strong>quemdam</strong></span> <span class='ocrx_word' id='word_1_111' title='bbox 1634 1681 1983 1750; x_wconf 88' lang='lat' dir='ltr'><strong>fluctibusque</strong></span> 
     </span>
    </p>
   </div>
   <div class='ocr_carea' id='block_1_17' title="bbox 392 1773 1983 1842">
    <p class='ocr_par' dir='ltr' id='par_1_17' title="bbox 392 1773 1983 1842">
     <span class='ocr_line' id='line_1_17' title="bbox 392 1773 1983 1842; baseline 0.003 -21"><span class='ocrx_word' id='word_1_112' title='bbox 392 1785 618 1824; x_wconf 86' lang='lat' dir='ltr'><strong>vacuum</strong></span> <span class='ocrx_word' id='word_1_113' title='bbox 642 1781 850 1840; x_wconf 88' lang='lat' dir='ltr'><strong>portum</strong></span> <span class='ocrx_word' id='word_1_114' title='bbox 881 1773 1213 1841; x_wconf 78' lang='lat' dir='ltr'><strong>appul&#39;eritis,</strong></span> <span class='ocrx_word' id='word_1_115' title='bbox 1238 1785 1527 1842; x_wconf 91' lang='lat' dir='ltr'><strong>noctesque</strong></span> <span class='ocrx_word' id='word_1_116' title='bbox 1552 1789 1648 1842; x_wconf 87' lang='lat' dir='ltr'><strong>per</strong></span> <span class='ocrx_word' id='word_1_117' title='bbox 1675 1787 1857 1827; x_wconf 87' lang='lat' dir='ltr'><strong>sacras</strong></span> <span class='ocrx_word' id='word_1_118' title='bbox 1889 1787 1983 1826; x_wconf 80' lang='lat' dir='ltr'><strong>ex-</strong></span> 
     </span>
    </p>
   </div>
   <div class='ocr_carea' id='block_1_18' title="bbox 392 1847 1978 1933">
    <p class='ocr_par' dir='ltr' id='par_1_18' title="bbox 392 1847 1978 1933">
     <span class='ocr_line' id='line_1_18' title="bbox 392 1847 1978 1933; baseline 0.001 -19"><span class='ocrx_word' id='word_1_119' title='bbox 392 1860 581 1915; x_wconf 88' lang='lat' dir='ltr'><strong>cubias</strong></span> <span class='ocrx_word' id='word_1_120' title='bbox 625 1860 676 1914; x_wconf 88' lang='lat' dir='ltr'><strong>in</strong></span> <span class='ocrx_word' id='word_1_121' title='bbox 731 1860 847 1917; x_wconf 89' lang='lat' dir='ltr'><strong>dies</strong></span> <span class='ocrx_word' id='word_1_122' title='bbox 899 1847 1250 1927; x_wconf 74' lang='lat' dir='ltr'><strong>mutaveritis,</strong></span> <span class='ocrx_word' id='word_1_123' title='bbox 1310 1863 1362 1917; x_wconf 91' lang='lat' dir='ltr'><strong>in</strong></span> <span class='ocrx_word' id='word_1_124' title='bbox 1410 1863 1581 1933; x_wconf 91' lang='lat' dir='ltr'><strong>iisque</strong></span> <span class='ocrx_word' id='word_1_125' title='bbox 1625 1862 1978 1931; x_wconf 77' lang='lat' dir='ltr'><strong>Splendidins,</strong></span> 
     </span>
    </p>
   </div>
   <div class='ocr_carea' id='block_1_19' title="bbox 391 1952 1983 2025">
    <p class='ocr_par' dir='ltr' id='par_1_19' title="bbox 391 1952 1983 2025">
     <span class='ocr_line' id='line_1_19' title="bbox 391 1952 1983 2025; baseline 0.004 -21"><span class='ocrx_word' id='word_1_126' title='bbox 391 1967 553 2022; x_wconf 88' lang='lat' dir='ltr'><strong>quam</strong></span> <span class='ocrx_word' id='word_1_127' title='bbox 575 1952 664 2007; x_wconf 87' lang='lat' dir='ltr'><strong>alii</strong></span> <span class='ocrx_word' id='word_1_128' title='bbox 695 1952 948 2020; x_wconf 88' lang='lat' dir='ltr'><strong>interdiu,</strong></span> <span class='ocrx_word' id='word_1_129' title='bbox 971 1955 1202 2009; x_wconf 88' lang='lat' dir='ltr'><strong>cernatis</strong></span> <span class='ocrx_word' id='word_1_130' title='bbox 1229 1975 1242 2011; x_wconf 90' lang='lat'>:</span> <span class='ocrx_word' id='word_1_131' title='bbox 1274 1970 1485 2025; x_wconf 84' lang='lat' dir='ltr'><strong>aequum</strong></span> <span class='ocrx_word' id='word_1_132' title='bbox 1513 1970 1644 2010; x_wconf 88' lang='lat' dir='ltr'><strong>sane</strong></span> <span class='ocrx_word' id='word_1_133' title='bbox 1685 1955 1842 2010; x_wconf 86' lang='lat' dir='ltr'><strong>fuerit</strong></span> <span class='ocrx_word' id='word_1_134' title='bbox 1887 1969 1983 2010; x_wconf 84' lang='lat' dir='ltr'><strong>vos</strong></span> 
     </span>
    </p>
   </div>
   <div class='ocr_carea' id='block_1_20' title="bbox 395 2043 1980 2115">
    <p class='ocr_par' dir='ltr' id='par_1_20' title="bbox 395 2043 1980 2115">
     <span class='ocr_line' id='line_1_20' title="bbox 395 2043 1980 2115; baseline 0.003 -21"><span class='ocrx_word' id='word_1_135' title='bbox 395 2057 612 2112; x_wconf 82' lang='lat' dir='ltr'><strong>precum</strong></span> <span class='ocrx_word' id='word_1_136' title='bbox 660 2052 956 2098; x_wconf 88' lang='lat' dir='ltr'><strong>vestrarum</strong></span> <span class='ocrx_word' id='word_1_137' title='bbox 1000 2045 1255 2100; x_wconf 83' lang='lat' dir='ltr'><strong>auxilium</strong></span> <span class='ocrx_word' id='word_1_138' title='bbox 1281 2045 1435 2100; x_wconf 92' lang='lat' dir='ltr'><strong>nobis</strong></span> <span class='ocrx_word' id='word_1_139' title='bbox 1482 2046 1772 2115; x_wconf 88' lang='lat' dir='ltr'><strong>impertire.</strong></span> <span class='ocrx_word' id='word_1_140' title='bbox 1813 2043 1980 2100; x_wconf 89' lang='lat' dir='ltr'><strong>Nobis</strong></span> 
     </span>
    </p>
   </div>
   <div class='ocr_carea' id='block_1_21' title="bbox 394 2137 1983 2194">
    <p class='ocr_par' dir='ltr' id='par_1_21' title="bbox 394 2137 1983 2194">
     <span class='ocr_line' id='line_1_21' title="bbox 394 2137 1983 2194; baseline 0.001 -4"><span class='ocrx_word' id='word_1_141' title='bbox 394 2137 539 2191; x_wconf 91' lang='lat' dir='ltr'><strong>enim</strong></span> <span class='ocrx_word' id='word_1_142' title='bbox 574 2138 733 2192; x_wconf 86' lang='lat' dir='ltr'><strong>etiam</strong></span> <span class='ocrx_word' id='word_1_143' title='bbox 763 2153 794 2192; x_wconf 93' lang='lat' dir='ltr'><strong>e</strong></span> <span class='ocrx_word' id='word_1_144' title='bbox 820 2146 966 2193; x_wconf 89' lang='lat' dir='ltr'><strong>tanto</strong></span> <span class='ocrx_word' id='word_1_145' title='bbox 981 2139 1260 2194; x_wconf 91' lang='lat' dir='ltr'><strong>intervallo</strong></span> <span class='ocrx_word' id='word_1_146' title='bbox 1290 2137 1373 2192; x_wconf 93' lang='lat' dir='ltr'><strong>his</strong></span> <span class='ocrx_word' id='word_1_147' title='bbox 1395 2138 1493 2192; x_wconf 89' lang='lat' dir='ltr'><strong>frui</strong></span> <span class='ocrx_word' id='word_1_148' title='bbox 1523 2138 1647 2193; x_wconf 92' lang='lat' dir='ltr'><strong>licet</strong></span> <span class='ocrx_word' id='word_1_149' title='bbox 1675 2156 1688 2192; x_wconf 89' lang='lat'><strong>:</strong></span> <span class='ocrx_word' id='word_1_150' title='bbox 1718 2153 1818 2194; x_wconf 91' lang='lat' dir='ltr'><strong>nec</strong></span> <span class='ocrx_word' id='word_1_151' title='bbox 1834 2139 1983 2192; x_wconf 92' lang='lat' dir='ltr'><strong>locus</strong></span> 
     </span>
    </p>
   </div>
   <div class='ocr_carea' id='block_1_22' title="bbox 393 2227 1981 2300">
    <p class='ocr_par' dir='ltr' id='par_1_22' title="bbox 393 2227 1981 2300">
     <span class='ocr_line' id='line_1_22' title="bbox 393 2227 1981 2300; baseline 0.001 -20"><span class='ocrx_word' id='word_1_152' title='bbox 393 2227 536 2282; x_wconf 85' lang='lat' dir='ltr'><strong>ullus</strong></span> <span class='ocrx_word' id='word_1_153' title='bbox 562 2238 664 2292; x_wconf 89' lang='lat' dir='ltr'><strong>est,</strong></span> <span class='ocrx_word' id='word_1_154' title='bbox 691 2238 784 2282; x_wconf 90' lang='lat' dir='ltr'><strong>aut</strong></span> <span class='ocrx_word' id='word_1_155' title='bbox 826 2238 1037 2299; x_wconf 90' lang='lat' dir='ltr'><strong>tempus</strong></span> <span class='ocrx_word' id='word_1_156' title='bbox 1066 2230 1256 2296; x_wconf 90' lang='lat' dir='ltr'><strong>ullutn,</strong></span> <span class='ocrx_word' id='word_1_157' title='bbox 1305 2231 1446 2300; x_wconf 91' lang='lat' dir='ltr'><strong>quod</strong></span> <span class='ocrx_word' id='word_1_158' title='bbox 1485 2230 1785 2298; x_wconf 90' lang='lat' dir='ltr'><strong>hujusmodi</strong></span> <span class='ocrx_word' id='word_1_159' title='bbox 1825 2244 1981 2300; x_wconf 91' lang='lat' dir='ltr'><strong>opem</strong></span> 
     </span>
    </p>
   </div>
   <div class='ocr_carea' id='block_1_23' title="bbox 395 2319 1983 2391">
    <p class='ocr_par' dir='ltr' id='par_1_23' title="bbox 395 2319 1983 2391">
     <span class='ocr_line' id='line_1_23' title="bbox 395 2319 1983 2391; baseline 0.003 -19"><span class='ocrx_word' id='word_1_160' title='bbox 395 2319 787 2389; x_wconf 89' lang='lat' dir='ltr'><strong>interrumpere</strong></span> <span class='ocrx_word' id='word_1_161' title='bbox 847 2329 1025 2390; x_wconf 82' lang='lat' dir='ltr'><strong>queat.</strong></span> <span class='ocrx_word' id='word_1_162' title='bbox 1074 2321 1432 2389; x_wconf 84' lang='lat' dir='ltr'><strong>Quamobrem</strong></span> <span class='ocrx_word' id='word_1_163' title='bbox 1501 2321 1774 2391; x_wconf 88' lang='lat' dir='ltr'><strong>suppetias</strong></span> <span class='ocrx_word' id='word_1_164' title='bbox 1830 2322 1983 2376; x_wconf 89' lang='lat' dir='ltr'><strong>nobis</strong></span> 
     </span>
    </p>
   </div>
   <div class='ocr_carea' id='block_1_24' title="bbox 393 2407 1982 2482">
    <p class='ocr_par' dir='ltr' id='par_1_24' title="bbox 393 2407 1982 2482">
     <span class='ocr_line' id='line_1_24' title="bbox 393 2407 1982 2482; baseline 0.002 -20"><span class='ocrx_word' id='word_1_165' title='bbox 393 2407 553 2474; x_wconf 85' lang='lat' dir='ltr'><strong>ferte,</strong></span> <span class='ocrx_word' id='word_1_166' title='bbox 585 2424 648 2464; x_wconf 86' lang='lat' dir='ltr'><strong>ac</strong></span> <span class='ocrx_word' id='word_1_167' title='bbox 699 2425 796 2478; x_wconf 89' lang='lat' dir='ltr'><strong>per</strong></span> <span class='ocrx_word' id='word_1_168' title='bbox 827 2420 1033 2465; x_wconf 88' lang='lat' dir='ltr'><strong>vestras</strong></span> <span class='ocrx_word' id='word_1_169' title='bbox 1069 2425 1256 2480; x_wconf 87' lang='lat' dir='ltr'><strong>preces</strong></span> <span class='ocrx_word' id='word_1_170' title='bbox 1304 2427 1518 2466; x_wconf 88' lang='lat' dir='ltr'><strong>manum</strong></span> <span class='ocrx_word' id='word_1_171' title='bbox 1550 2413 1822 2482; x_wconf 86' lang='lat' dir='ltr'><strong>porrigite.</strong></span> <span class='ocrx_word' id='word_1_172' title='bbox 1849 2412 1982 2466; x_wconf 89' lang='lat' dir='ltr'><strong>Nam</strong></span> 
     </span>
    </p>
   </div>
   <div class='ocr_carea' id='block_1_25' title="bbox 396 2500 1988 2576">
    <p class='ocr_par' dir='ltr' id='par_1_25' title="bbox 396 2500 1988 2576">
     <span class='ocr_line' id='line_1_25' title="bbox 396 2500 1988 2576; baseline 0.004 -24"><span class='ocrx_word' id='word_1_173' title='bbox 396 2500 500 2555; x_wconf 88' lang='lat' dir='ltr'><strong>hoc</strong></span> <span class='ocrx_word' id='word_1_174' title='bbox 529 2502 820 2556; x_wconf 78' lang='lat' dir='ltr'><strong>maximum</strong></span> <span class='ocrx_word' id='word_1_175' title='bbox 851 2502 1094 2557; x_wconf 89' lang='lat' dir='ltr'><strong>caritatis</strong></span> <span class='ocrx_word' id='word_1_176' title='bbox 1115 2519 1287 2573; x_wconf 90' lang='lat' dir='ltr'><strong>genus</strong></span> <span class='ocrx_word' id='word_1_177' title='bbox 1315 2515 1416 2559; x_wconf 88' lang='lat' dir='ltr'><strong>est.</strong></span> <span class='ocrx_word' id='word_1_178' title='bbox 1458 2505 1535 2558; x_wconf 74' lang='lat' dir='ltr'><strong>Ac</strong></span> <span class='ocrx_word' id='word_1_179' title='bbox 1560 2514 1760 2576; x_wconf 79' lang='lat' dir='ltr'><strong>praeter</strong></span> <span class='ocrx_word' id='word_1_180' title='bbox 1792 2507 1988 2558; x_wconf 88' lang='lat' dir='ltr'><strong>oratio-</strong></span> 
     </span>
    </p>
   </div>
   <div class='ocr_carea' id='block_1_26' title="bbox 395 2593 1983 2663">
    <p class='ocr_par' dir='ltr' id='par_1_26' title="bbox 395 2593 1983 2663">
     <span class='ocr_line' id='line_1_26' title="bbox 395 2593 1983 2663; baseline 0.003 -18"><span class='ocrx_word' id='word_1_181' title='bbox 395 2607 515 2657; x_wconf 87' lang='lat' dir='ltr'><strong>nes,</strong></span> <span class='ocrx_word' id='word_1_182' title='bbox 538 2593 604 2646; x_wconf 93' lang='lat' dir='ltr'><strong>de</strong></span> <span class='ocrx_word' id='word_1_183' title='bbox 625 2602 802 2647; x_wconf 89' lang='lat' dir='ltr'><strong>vestra</strong></span> <span class='ocrx_word' id='word_1_184' title='bbox 824 2608 1036 2663; x_wconf 90' lang='lat' dir='ltr'><strong>quoque</strong></span> <span class='ocrx_word' id='word_1_185' title='bbox 1065 2595 1369 2648; x_wconf 88' lang='lat' dir='ltr'><strong>valetudine</strong></span> <span class='ocrx_word' id='word_1_186' title='bbox 1388 2596 1646 2649; x_wconf 86' lang='lat' dir='ltr'><strong>certiores</strong></span> <span class='ocrx_word' id='word_1_187' title='bbox 1684 2609 1781 2649; x_wconf 92' lang='lat' dir='ltr'><strong>nos</strong></span> <span class='ocrx_word' id='word_1_188' title='bbox 1807 2596 1983 2650; x_wconf 86' lang='lat' dir='ltr'><strong>facere</strong></span> 
     </span>
    </p>
   </div>
   <div class='ocr_carea' id='block_1_27' title="bbox 397 2686 1984 2756">
    <p class='ocr_par' dir='ltr' id='par_1_27' title="bbox 397 2686 1984 2756">
     <span class='ocr_line' id='line_1_27' title="bbox 397 2686 1984 2756; baseline 0.002 -18"><span class='ocrx_word' id='word_1_189' title='bbox 397 2701 466 2739; x_wconf 90' lang='lat' dir='ltr'><strong>ne</strong></span> <span class='ocrx_word' id='word_1_190' title='bbox 491 2687 811 2755; x_wconf 81' lang='lat' dir='ltr'><strong>gravemini,</strong></span> <span class='ocrx_word' id='word_1_191' title='bbox 841 2701 946 2756; x_wconf 92' lang='lat' dir='ltr'><strong>quo</strong></span> <span class='ocrx_word' id='word_1_192' title='bbox 963 2686 1087 2740; x_wconf 91' lang='lat' dir='ltr'><strong>hinc</strong></span> <span class='ocrx_word' id='word_1_193' title='bbox 1111 2701 1324 2756; x_wconf 90' lang='lat' dir='ltr'><strong>quoque</strong></span> <span class='ocrx_word' id='word_1_194' title='bbox 1352 2687 1582 2740; x_wconf 90' lang='lat' dir='ltr'><strong>maxima</strong></span> <span class='ocrx_word' id='word_1_195' title='bbox 1613 2686 1984 2741; x_wconf 84' lang='lat' dir='ltr'><strong>consolatione</strong></span> 
     </span>
    </p>
   </div>
   <div class='ocr_carea' id='block_1_28' title="bbox 394 2776 1980 2848">
    <p class='ocr_par' dir='ltr' id='par_1_28' title="bbox 394 2776 1980 2848">
     <span class='ocr_line' id='line_1_28' title="bbox 394 2776 1980 2848; baseline 0 -18"><span class='ocrx_word' id='word_1_196' title='bbox 394 2776 713 2840; x_wconf 83' lang='lat' dir='ltr'><strong>afﬁciamur,</strong></span> <span class='ocrx_word' id='word_1_197' title='bbox 745 2777 1031 2847; x_wconf 83' lang='lat' dir='ltr'><strong>quamdam</strong></span> <span class='ocrx_word' id='word_1_198' title='bbox 1070 2791 1139 2832; x_wconf 85' lang='lat' dir='ltr'><strong>ex</strong></span> <span class='ocrx_word' id='word_1_199' title='bbox 1182 2788 1356 2832; x_wconf 86' lang='lat' dir='ltr'><strong>vestra</strong></span> <span class='ocrx_word' id='word_1_200' title='bbox 1387 2778 1614 2833; x_wconf 89' lang='lat' dir='ltr'><strong>caritate</strong></span> <span class='ocrx_word' id='word_1_201' title='bbox 1654 2779 1980 2848; x_wconf 90' lang='lat' dir='ltr'><strong>voluptatem</strong></span> 
     </span>
    </p>
   </div>
   <div class='ocr_carea' id='block_1_29' title="bbox 394 2869 1979 2939">
    <p class='ocr_par' dir='ltr' id='par_1_29' title="bbox 394 2869 1979 2939">
     <span class='ocr_line' id='line_1_29' title="bbox 394 2869 1979 2939; baseline 0.001 -19"><span class='ocrx_word' id='word_1_202' title='bbox 394 2869 690 2936; x_wconf 85' lang='lat' dir='ltr'><strong>capientes,</strong></span> <span class='ocrx_word' id='word_1_203' title='bbox 721 2869 1079 2939; x_wconf 83' lang='lat' dir='ltr'><strong>absentesque</strong></span> <span class='ocrx_word' id='word_1_204' title='bbox 1108 2885 1224 2934; x_wconf 90' lang='lat' dir='ltr'><strong>vos,</strong></span> <span class='ocrx_word' id='word_1_205' title='bbox 1257 2884 1361 2923; x_wconf 90' lang='lat' dir='ltr'><strong>non</strong></span> <span class='ocrx_word' id='word_1_206' title='bbox 1385 2884 1541 2924; x_wconf 90' lang='lat' dir='ltr'><strong>secus</strong></span> <span class='ocrx_word' id='word_1_207' title='bbox 1567 2883 1630 2924; x_wconf 91' lang='lat' dir='ltr'><strong>ac</strong></span> <span class='ocrx_word' id='word_1_208' title='bbox 1658 2878 1979 2939; x_wconf 84' lang='lat' dir='ltr'><strong>praesentes,</strong></span> 
     </span>
    </p>
   </div>
   <div class='ocr_carea' id='block_1_30' title="bbox 395 2959 1983 3031">
    <p class='ocr_par' dir='ltr' id='par_1_30' title="bbox 395 2959 1983 3031">
     <span class='ocr_line' id='line_1_30' title="bbox 395 2959 1983 3031; baseline 0.003 -22"><span class='ocrx_word' id='word_1_209' title='bbox 395 2961 468 3014; x_wconf 74' lang='lat' dir='ltr'><strong>ob</strong></span> <span class='ocrx_word' id='word_1_210' title='bbox 494 2961 679 3016; x_wconf 90' lang='lat' dir='ltr'><strong>oculos</strong></span> <span class='ocrx_word' id='word_1_211' title='bbox 707 2971 920 3015; x_wconf 89' lang='lat' dir='ltr'><strong>nostros</strong></span> <span class='ocrx_word' id='word_1_212' title='bbox 953 2971 1314 3031; x_wconf 88' lang='lat' dir='ltr'><strong>proponentes</strong></span> <span class='ocrx_word' id='word_1_213' title='bbox 1343 2979 1356 3015; x_wconf 88' lang='lat'><strong>:</strong></span> <span class='ocrx_word' id='word_1_214' title='bbox 1389 2961 1652 3031; x_wconf 86' lang='lat' dir='ltr'><strong>siquidem</strong></span> <span class='ocrx_word' id='word_1_215' title='bbox 1696 2976 1758 3016; x_wconf 89' lang='lat' dir='ltr'><strong>ea</strong></span> <span class='ocrx_word' id='word_1_216' title='bbox 1787 2959 1983 3014; x_wconf 91' lang='lat' dir='ltr'><strong>sinceri</strong></span> 
     </span>
    </p>
   </div>
   <div class='ocr_carea' id='block_1_31' title="bbox 395 3050 1980 3122">
    <p class='ocr_par' dir='ltr' id='par_1_31' title="bbox 395 3050 1980 3122">
     <span class='ocr_line' id='line_1_31' title="bbox 395 3050 1980 3122; baseline 0.001 -19"><span class='ocrx_word' id='word_1_217' title='bbox 395 3052 596 3106; x_wconf 89' lang='lat' dir='ltr'><strong>amoris</strong></span> <span class='ocrx_word' id='word_1_218' title='bbox 623 3053 703 3106; x_wconf 91' lang='lat' dir='ltr'><strong>vis</strong></span> <span class='ocrx_word' id='word_1_219' title='bbox 726 3061 829 3114; x_wconf 89' lang='lat' dir='ltr'><strong>est,</strong></span> <span class='ocrx_word' id='word_1_220' title='bbox 864 3062 920 3106; x_wconf 94' lang='lat' dir='ltr'><strong>ut</strong></span> <span class='ocrx_word' id='word_1_221' title='bbox 941 3052 1101 3106; x_wconf 89' lang='lat' dir='ltr'><strong>etiam</strong></span> <span class='ocrx_word' id='word_1_222' title='bbox 1134 3051 1438 3122; x_wconf 84' lang='lat' dir='ltr'><strong>hujusmodi</strong></span> <span class='ocrx_word' id='word_1_223' title='bbox 1460 3052 1746 3106; x_wconf 87' lang='lat' dir='ltr'><strong>simulacra</strong></span> <span class='ocrx_word' id='word_1_224' title='bbox 1775 3050 1980 3120; x_wconf 80' lang='lat' dir='ltr'><strong>pingat.</strong></span> 
     </span>
    </p>
   </div>
   <div class='ocr_carea' id='block_1_32' title="bbox 399 3144 1984 3215">
    <p class='ocr_par' dir='ltr' id='par_1_32' title="bbox 399 3144 1984 3215">
     <span class='ocr_line' id='line_1_32' title="bbox 399 3144 1984 3215; baseline 0 -17"><span class='ocrx_word' id='word_1_225' title='bbox 399 3146 474 3198; x_wconf 88' lang='lat' dir='ltr'><strong>Ita</strong></span> <span class='ocrx_word' id='word_1_226' title='bbox 494 3145 602 3210; x_wconf 89' lang='lat' dir='ltr'><strong>fiet,</strong></span> <span class='ocrx_word' id='word_1_227' title='bbox 632 3155 689 3199; x_wconf 91' lang='lat' dir='ltr'><strong>ut</strong></span> <span class='ocrx_word' id='word_1_228' title='bbox 714 3147 923 3201; x_wconf 88' lang='lat' dir='ltr'><strong>etiamsi</strong></span> <span class='ocrx_word' id='word_1_229' title='bbox 955 3146 1005 3199; x_wconf 93' lang='lat' dir='ltr'><strong>in</strong></span> <span class='ocrx_word' id='word_1_230' title='bbox 1052 3145 1339 3200; x_wconf 90' lang='lat' dir='ltr'><strong>solitudine</strong></span> <span class='ocrx_word' id='word_1_231' title='bbox 1371 3145 1528 3215; x_wconf 86' lang='lat' dir='ltr'><strong>longe</strong></span> <span class='ocrx_word' id='word_1_232' title='bbox 1579 3144 1679 3199; x_wconf 90' lang='lat' dir='ltr'><strong>hac</strong></span> <span class='ocrx_word' id='word_1_233' title='bbox 1707 3144 1984 3198; x_wconf 89' lang='lat' dir='ltr'><strong>acerbiore</strong></span> 
     </span>
    </p>
   </div>
   <div class='ocr_carea' id='block_1_33' title="bbox 397 3236 1981 3309">
    <p class='ocr_par' dir='ltr' id='par_1_33' title="bbox 397 3236 1981 3309">
     <span class='ocr_line' id='line_1_33' title="bbox 397 3236 1981 3309; baseline 0.001 -20"><span class='ocrx_word' id='word_1_234' title='bbox 397 3237 552 3292; x_wconf 88' lang='lat' dir='ltr'><strong>nobis</strong></span> <span class='ocrx_word' id='word_1_235' title='bbox 579 3238 788 3292; x_wconf 87' lang='lat' dir='ltr'><strong>versari</strong></span> <span class='ocrx_word' id='word_1_236' title='bbox 837 3240 1133 3309; x_wconf 84' lang='lat' dir='ltr'><strong>contingat,</strong></span> <span class='ocrx_word' id='word_1_237' title='bbox 1175 3253 1420 3308; x_wconf 84' lang='lat' dir='ltr'><strong>magnam</strong></span> <span class='ocrx_word' id='word_1_238' title='bbox 1452 3247 1629 3293; x_wconf 90' lang='lat' dir='ltr'><strong>tamen</strong></span> <span class='ocrx_word' id='word_1_239' title='bbox 1655 3236 1981 3293; x_wconf 64' lang='lat' dir='ltr'><strong>consolatio.</strong></span> 
     </span>
    </p>
   </div>
   <div class='ocr_carea' id='block_1_34' title="bbox 395 3333 848 3402">
    <p class='ocr_par' dir='ltr' id='par_1_34' title="bbox 395 3333 848 3402">
     <span class='ocr_line' id='line_1_34' title="bbox 395 3333 848 3402; baseline -0.002 -16"><span class='ocrx_word' id='word_1_240' title='bbox 395 3347 521 3387; x_wconf 89' lang='lat' dir='ltr'><strong>nem</strong></span> <span class='ocrx_word' id='word_1_241' title='bbox 552 3333 848 3402; x_wconf 85' lang='lat' dir='ltr'><strong>capiamus.</strong></span> 
     </span>
    </p>
   </div>
   <div class='ocr_carea' id='block_1_35' title="bbox 468 3465 1934 3541">
    <p class='ocr_par' dir='ltr' id='par_1_35' title="bbox 468 3465 1934 3541">
     <span class='ocr_line' id='line_1_35' title="bbox 468 3465 1934 3541; baseline -0.001 -20"><span class='ocrx_word' id='word_1_242' title='bbox 468 3466 594 3522; x_wconf 66' lang='grc' dir='ltr'>,ιρι</span> <span class='ocrx_word' id='word_1_243' title='bbox 609 3465 671 3520; x_wconf 83' lang='grc' dir='ltr'><strong>γ.</strong></span> <span class='ocrx_word' id='word_1_244' title='bbox 716 3465 983 3523; x_wconf 72' lang='lat' dir='ltr'><strong>Pentadio:</strong></span> <span class='ocrx_word' id='word_1_245' title='bbox 1009 3469 1322 3524; x_wconf 58' lang='lat' dir='ltr'><strong>diaconum.</strong></span> <span class='ocrx_word' id='word_1_246' title='bbox 1347 3465 1526 3541; x_wconf 82' lang='lat' dir='ltr'><strong>(Anno</strong></span> <span class='ocrx_word' id='word_1_247' title='bbox 1554 3467 1657 3523; x_wconf 63' lang='grc'><strong>404</strong></span> <span class='ocrx_word' id='word_1_248' title='bbox 1683 3467 1766 3522; x_wconf 83' lang='lat' dir='ltr'><strong>vel</strong></span> <span class='ocrx_word' id='word_1_249' title='bbox 1785 3466 1934 3536; x_wconf 71' lang='lat'><strong>405.)</strong></span> 
     </span>
    </p>
   </div>
   <div class='ocr_carea' id='block_1_36' title="bbox 467 3600 1979 3672">
    <p class='ocr_par' dir='ltr' id='par_1_36' title="bbox 467 3600 1979 3672">
     <span class='ocr_line' id='line_1_36' title="bbox 467 3600 1979 3672; baseline 0 -17"><span class='ocrx_word' id='word_1_250' title='bbox 467 3601 802 3672; x_wconf 82' lang='lat' dir='ltr'><strong>Quamquam</strong></span> <span class='ocrx_word' id='word_1_251' title='bbox 830 3601 957 3655; x_wconf 90' lang='lat' dir='ltr'><strong>mihi</strong></span> <span class='ocrx_word' id='word_1_252' title='bbox 996 3610 1082 3655; x_wconf 89' lang='lat' dir='ltr'><strong>tua</strong></span> <span class='ocrx_word' id='word_1_253' title='bbox 1115 3617 1238 3671; x_wconf 91' lang='lat' dir='ltr'><strong>erga</strong></span> <span class='ocrx_word' id='word_1_254' title='bbox 1268 3617 1354 3656; x_wconf 92' lang='lat' dir='ltr'><strong>me</strong></span> <span class='ocrx_word' id='word_1_255' title='bbox 1381 3601 1578 3656; x_wconf 87' lang='lat' dir='ltr'><strong>caritas</strong></span> <span class='ocrx_word' id='word_1_256' title='bbox 1605 3600 1833 3656; x_wconf 88' lang='lat' dir='ltr'><strong>antehac</strong></span> <span class='ocrx_word' id='word_1_257' title='bbox 1869 3601 1979 3671; x_wconf 91' lang='lat' dir='ltr'><strong>jam</strong></span> 
     </span>
    </p>
   </div>
   <div class='ocr_carea' id='block_1_37' title="bbox 394 3693 1980 3764">
    <p class='ocr_par' dir='ltr' id='par_1_37' title="bbox 394 3693 1980 3764">
     <span class='ocr_line' id='line_1_37' title="bbox 394 3693 1980 3764; baseline -0.001 -17"><span class='ocrx_word' id='word_1_258' title='bbox 394 3695 672 3764; x_wconf 78' lang='lat' dir='ltr'><strong>explorata</strong></span> <span class='ocrx_word' id='word_1_259' title='bbox 703 3703 836 3761; x_wconf 88' lang='lat' dir='ltr'><strong>erat,</strong></span> <span class='ocrx_word' id='word_1_260' title='bbox 863 3695 1058 3764; x_wconf 90' lang='lat' dir='ltr'><strong>quippe</strong></span> <span class='ocrx_word' id='word_1_261' title='bbox 1096 3695 1185 3764; x_wconf 91' lang='lat' dir='ltr'><strong>qui</strong></span> <span class='ocrx_word' id='word_1_262' title='bbox 1229 3710 1289 3749; x_wconf 92' lang='lat' dir='ltr'><strong>re</strong></span> <span class='ocrx_word' id='word_1_263' title='bbox 1317 3695 1428 3763; x_wconf 89' lang='lat' dir='ltr'><strong>ipsa</strong></span> <span class='ocrx_word' id='word_1_264' title='bbox 1455 3696 1572 3762; x_wconf 89' lang='lat' dir='ltr'><strong>ejus</strong></span> <span class='ocrx_word' id='word_1_265' title='bbox 1599 3693 1980 3748; x_wconf 88' lang='lat' dir='ltr'><strong>documentum</strong></span> 
     </span>
    </p>
   </div>
   <div class='ocr_carea' id='block_1_38' title="bbox 394 3784 1980 3856">
    <p class='ocr_par' dir='ltr' id='par_1_38' title="bbox 394 3784 1980 3856">
     <span class='ocr_line' id='line_1_38' title="bbox 394 3784 1980 3856; baseline -0.001 -16"><span class='ocrx_word' id='word_1_266' title='bbox 394 3786 661 3856; x_wconf 89' lang='lat' dir='ltr'><strong>cepissem</strong></span> <span class='ocrx_word' id='word_1_267' title='bbox 693 3807 706 3841; x_wconf 91' lang='lat'><strong>:</strong></span> <span class='ocrx_word' id='word_1_268' title='bbox 739 3796 918 3842; x_wconf 88' lang='lat' dir='ltr'><strong>tamen</strong></span> <span class='ocrx_word' id='word_1_269' title='bbox 958 3801 1077 3841; x_wconf 91' lang='lat' dir='ltr'><strong>eam</strong></span> <span class='ocrx_word' id='word_1_270' title='bbox 1107 3787 1343 3856; x_wconf 85' lang='lat' dir='ltr'><strong>apertius</strong></span> <span class='ocrx_word' id='word_1_271' title='bbox 1379 3800 1446 3839; x_wconf 88' lang='lat' dir='ltr'><strong>ex</strong></span> <span class='ocrx_word' id='word_1_272' title='bbox 1479 3787 1580 3839; x_wconf 84' lang='lat' dir='ltr'><strong>tuis</strong></span> <span class='ocrx_word' id='word_1_273' title='bbox 1604 3785 1668 3838; x_wconf 92' lang='lat' dir='ltr'><strong>ad</strong></span> <span class='ocrx_word' id='word_1_274' title='bbox 1700 3800 1786 3840; x_wconf 91' lang='lat' dir='ltr'><strong>me</strong></span> <span class='ocrx_word' id='word_1_275' title='bbox 1815 3784 1980 3838; x_wconf 88' lang='lat' dir='ltr'><strong>literis</strong></span> 
     </span>
    </p>
   </div>
   <div class='ocr_carea' id='block_1_39' title="bbox 394 3876 1981 3948">
    <p class='ocr_par' dir='ltr' id='par_1_39' title="bbox 394 3876 1981 3948">
     <span class='ocr_line' id='line_1_39' title="bbox 394 3876 1981 3948; baseline 0 -18"><span class='ocrx_word' id='word_1_276' title='bbox 394 3877 642 3947; x_wconf 82' lang='lat' dir='ltr'><strong>cognovi.</strong></span> <span class='ocrx_word' id='word_1_277' title='bbox 692 3879 770 3932; x_wconf 84' lang='lat' dir='ltr'><strong>Ac</strong></span> <span class='ocrx_word' id='word_1_278' title='bbox 812 3887 1092 3948; x_wconf 83' lang='lat' dir='ltr'><strong>propterea</strong></span> <span class='ocrx_word' id='word_1_279' title='bbox 1138 3892 1480 3946; x_wconf 88' lang='lat' dir='ltr'><strong>summopere</strong></span> <span class='ocrx_word' id='word_1_280' title='bbox 1525 3886 1577 3930; x_wconf 90' lang='lat' dir='ltr'><strong>te</strong></span> <span class='ocrx_word' id='word_1_281' title='bbox 1627 3876 1786 3931; x_wconf 91' lang='lat' dir='ltr'><strong>laudo</strong></span> <span class='ocrx_word' id='word_1_282' title='bbox 1823 3884 1981 3944; x_wconf 85' lang='lat' dir='ltr'><strong>atque</strong></span> 
     </span>
    </p>
   </div>
   <div class='ocr_carea' id='block_1_40' title="bbox 395 3967 1980 4038">
    <p class='ocr_par' dir='ltr' id='par_1_40' title="bbox 395 3967 1980 4038">
     <span class='ocr_line' id='line_1_40' title="bbox 395 3967 1980 4038; baseline 0 -15"><span class='ocrx_word' id='word_1_283' title='bbox 395 3969 653 4036; x_wconf 88' lang='lat' dir='ltr'><strong>admiror,</strong></span> <span class='ocrx_word' id='word_1_284' title='bbox 705 3985 811 4025; x_wconf 90' lang='lat' dir='ltr'><strong>non</strong></span> <span class='ocrx_word' id='word_1_285' title='bbox 869 3985 934 4025; x_wconf 92' lang='lat' dir='ltr'><strong>eo</strong></span> <span class='ocrx_word' id='word_1_286' title='bbox 981 3971 1256 4025; x_wconf 80' lang='lat' dir='ltr'><strong>dumtaxat</strong></span> <span class='ocrx_word' id='word_1_287' title='bbox 1305 3969 1540 4032; x_wconf 89' lang='lat' dir='ltr'><strong>nomine,</strong></span> <span class='ocrx_word' id='word_1_288' title='bbox 1598 3967 1739 4038; x_wconf 90' lang='lat' dir='ltr'><strong>quod</strong></span> <span class='ocrx_word' id='word_1_289' title='bbox 1785 3967 1852 4022; x_wconf 92' lang='lat' dir='ltr'><strong>ad</strong></span> <span class='ocrx_word' id='word_1_290' title='bbox 1894 3983 1980 4023; x_wconf 90' lang='lat' dir='ltr'><strong>me</strong></span> 
     </span>
    </p>
   </div>
   <div class='ocr_carea' id='block_1_41' title="bbox 395 4059 1981 4132">
    <p class='ocr_par' dir='ltr' id='par_1_41' title="bbox 395 4059 1981 4132">
     <span class='ocr_line' id='line_1_41' title="bbox 395 4059 1981 4132; baseline -0.003 -16"><span class='ocrx_word' id='word_1_291' title='bbox 395 4061 699 4130; x_wconf 85' lang='lat' dir='ltr'><strong>scripseris,</strong></span> <span class='ocrx_word' id='word_1_292' title='bbox 732 4060 826 4116; x_wconf 91' lang='lat' dir='ltr'><strong>sed</strong></span> <span class='ocrx_word' id='word_1_293' title='bbox 854 4062 1013 4116; x_wconf 89' lang='lat' dir='ltr'><strong>etiam</strong></span> <span class='ocrx_word' id='word_1_294' title='bbox 1043 4061 1182 4132; x_wconf 90' lang='lat' dir='ltr'><strong>quod</strong></span> <span class='ocrx_word' id='word_1_295' title='bbox 1212 4076 1273 4115; x_wconf 89' lang='lat' dir='ltr'><strong>ea</strong></span> <span class='ocrx_word' id='word_1_296' title='bbox 1301 4061 1478 4114; x_wconf 90' lang='lat' dir='ltr'><strong>omnia</strong></span> <span class='ocrx_word' id='word_1_297' title='bbox 1499 4075 1617 4130; x_wconf 78' lang='lat' dir='ltr'><strong>quae</strong></span> <span class='ocrx_word' id='word_1_298' title='bbox 1645 4059 1981 4128; x_wconf 82' lang='lat' dir='ltr'><strong>contigerunt</strong></span> 
     </span>
    </p>
   </div>
   <div class='ocr_carea' id='block_1_42' title="bbox 393 4153 1980 4226">
    <p class='ocr_par' dir='ltr' id='par_1_42' title="bbox 393 4153 1980 4226">
     <span class='ocr_line' id='line_1_42' title="bbox 393 4153 1980 4226; baseline -0.003 -16"><span class='ocrx_word' id='word_1_299' title='bbox 393 4157 732 4226; x_wconf 82' lang='lat' dir='ltr'><strong>exposueris.</strong></span> <span class='ocrx_word' id='word_1_300' title='bbox 763 4156 875 4210; x_wconf 84' lang='lat' dir='ltr'><strong>Hoc</strong></span> <span class='ocrx_word' id='word_1_301' title='bbox 911 4157 1054 4209; x_wconf 92' lang='lat' dir='ltr'><strong>enim</strong></span> <span class='ocrx_word' id='word_1_302' title='bbox 1081 4153 1295 4209; x_wconf 85' lang='lat' dir='ltr'><strong>feminae</strong></span> <span class='ocrx_word' id='word_1_303' title='bbox 1321 4162 1405 4208; x_wconf 91' lang='lat' dir='ltr'><strong>est</strong></span> <span class='ocrx_word' id='word_1_304' title='bbox 1439 4161 1493 4207; x_wconf 89' lang='lat' dir='ltr'><strong>et</strong></span> <span class='ocrx_word' id='word_1_305' title='bbox 1531 4153 1599 4207; x_wconf 91' lang='lat' dir='ltr'><strong>de</strong></span> <span class='ocrx_word' id='word_1_306' title='bbox 1625 4167 1746 4207; x_wconf 90' lang='lat' dir='ltr'><strong>meo</strong></span> <span class='ocrx_word' id='word_1_307' title='bbox 1770 4167 1894 4221; x_wconf 87' lang='lat' dir='ltr'><strong>erga</strong></span> <span class='ocrx_word' id='word_1_308' title='bbox 1921 4165 1980 4206; x_wconf 89' lang='lat' dir='ltr'><strong>se</strong></span> 
     </span>
    </p>
   </div>
   <div class='ocr_carea' id='block_1_43' title="bbox 393 4245 1978 4308">
    <p class='ocr_par' dir='ltr' id='par_1_43' title="bbox 393 4245 1978 4308">
     <span class='ocr_line' id='line_1_43' title="bbox 393 4245 1978 4308; baseline -0.002 -8"><span class='ocrx_word' id='word_1_309' title='bbox 393 4249 575 4301; x_wconf 82' lang='lat' dir='ltr'><strong>animo</strong></span> <span class='ocrx_word' id='word_1_310' title='bbox 597 4247 816 4301; x_wconf 89' lang='lat' dir='ltr'><strong>minime</strong></span> <span class='ocrx_word' id='word_1_311' title='bbox 842 4247 1152 4308; x_wconf 89' lang='lat' dir='ltr'><strong>dubitantis,</strong></span> <span class='ocrx_word' id='word_1_312' title='bbox 1182 4255 1237 4301; x_wconf 91' lang='lat' dir='ltr'><strong>et</strong></span> <span class='ocrx_word' id='word_1_313' title='bbox 1264 4245 1332 4300; x_wconf 89' lang='lat' dir='ltr'><strong>de</strong></span> <span class='ocrx_word' id='word_1_314' title='bbox 1359 4261 1537 4300; x_wconf 91' lang='lat' dir='ltr'><strong>rerum</strong></span> <span class='ocrx_word' id='word_1_315' title='bbox 1570 4259 1808 4299; x_wconf 91' lang='lat' dir='ltr'><strong>mearum</strong></span> <span class='ocrx_word' id='word_1_316' title='bbox 1837 4253 1978 4298; x_wconf 90' lang='lat' dir='ltr'><strong>statu</strong></span> 
     </span>
    </p>
   </div>
   <div class='ocr_carea' id='block_1_44' title="bbox 391 4338 1975 4409">
    <p class='ocr_par' dir='ltr' id='par_1_44' title="bbox 391 4338 1975 4409">
     <span class='ocr_line' id='line_1_44' title="bbox 391 4338 1975 4409; baseline -0.003 -15"><span class='ocrx_word' id='word_1_317' title='bbox 391 4339 707 4394; x_wconf 85' lang='lat' dir='ltr'><strong>laborantis.</strong></span> <span class='ocrx_word' id='word_1_318' title='bbox 732 4339 964 4394; x_wconf 84' lang='lat' dir='ltr'><strong>Proinde</strong></span> <span class='ocrx_word' id='word_1_319' title='bbox 989 4338 1193 4409; x_wconf 85' lang='lat' dir='ltr'><strong>gaudeo</strong></span> <span class='ocrx_word' id='word_1_320' title='bbox 1217 4348 1271 4392; x_wconf 88' lang='lat' dir='ltr'><strong>et</strong></span> <span class='ocrx_word' id='word_1_321' title='bbox 1298 4339 1528 4404; x_wconf 84' lang='lat' dir='ltr'><strong>exsulto,</strong></span> <span class='ocrx_word' id='word_1_322' title='bbox 1561 4339 1975 4406; x_wconf 85' lang='lat' dir='ltr'><strong>maximamque,</strong></span> 
     </span>
    </p>
   </div>
   <div class='ocr_carea' id='block_1_45' title="bbox 390 4430 1977 4502">
    <p class='ocr_par' dir='ltr' id='par_1_45' title="bbox 390 4430 1977 4502">
     <span class='ocr_line' id='line_1_45' title="bbox 390 4430 1977 4502; baseline -0.001 -17"><span class='ocrx_word' id='word_1_323' title='bbox 390 4432 554 4485; x_wconf 89' lang='lat' dir='ltr'><strong>etiam</strong></span> <span class='ocrx_word' id='word_1_324' title='bbox 603 4432 659 4484; x_wconf 92' lang='lat' dir='ltr'><strong>in</strong></span> <span class='ocrx_word' id='word_1_325' title='bbox 709 4439 814 4485; x_wconf 79' lang='lat' dir='ltr'><strong>tam</strong></span> <span class='ocrx_word' id='word_1_326' title='bbox 869 4430 1084 4486; x_wconf 89' lang='lat' dir='ltr'><strong>deserto</strong></span> <span class='ocrx_word' id='word_1_327' title='bbox 1135 4431 1253 4485; x_wconf 91' lang='lat' dir='ltr'><strong>loco</strong></span> <span class='ocrx_word' id='word_1_328' title='bbox 1296 4431 1516 4502; x_wconf 87' lang='lat' dir='ltr'><strong>degens,</strong></span> <span class='ocrx_word' id='word_1_329' title='bbox 1556 4431 1977 4485; x_wconf 76' lang='lat' dir='ltr'><strong>consolationem</strong></span> 
     </span>
    </p>
   </div>
   <div class='ocr_carea' id='block_1_46' title="bbox 391 4522 1980 4593">
    <p class='ocr_par' dir='ltr' id='par_1_46' title="bbox 391 4522 1980 4593">
     <span class='ocr_line' id='line_1_46' title="bbox 391 4522 1980 4593; baseline 0.001 -17"><span class='ocrx_word' id='word_1_330' title='bbox 391 4522 525 4576; x_wconf 90' lang='lat' dir='ltr'><strong>mihi</strong></span> <span class='ocrx_word' id='word_1_331' title='bbox 551 4523 774 4591; x_wconf 88' lang='lat' dir='ltr'><strong>positam</strong></span> <span class='ocrx_word' id='word_1_332' title='bbox 805 4537 926 4577; x_wconf 89' lang='lat' dir='ltr'><strong>esse</strong></span> <span class='ocrx_word' id='word_1_333' title='bbox 959 4523 1096 4576; x_wconf 93' lang='lat' dir='ltr'><strong>duco</strong></span> <span class='ocrx_word' id='word_1_334' title='bbox 1135 4523 1186 4578; x_wconf 89' lang='lat' dir='ltr'><strong>in</strong></span> <span class='ocrx_word' id='word_1_335' title='bbox 1209 4539 1292 4587; x_wconf 88' lang='lat' dir='ltr'><strong>ea,</strong></span> <span class='ocrx_word' id='word_1_336' title='bbox 1339 4539 1498 4593; x_wconf 90' lang='lat' dir='ltr'><strong>quam</strong></span> <span class='ocrx_word' id='word_1_337' title='bbox 1541 4524 1594 4577; x_wconf 93' lang='lat' dir='ltr'><strong>in</strong></span> <span class='ocrx_word' id='word_1_338' title='bbox 1619 4522 1870 4577; x_wconf 91' lang='lat' dir='ltr'><strong>omnibus</strong></span> <span class='ocrx_word' id='word_1_339' title='bbox 1894 4538 1980 4577; x_wconf 87' lang='lat' dir='ltr'><strong>re-</strong></span> 
     </span>
    </p>
   </div>
   <div class='ocr_carea' id='block_1_47' title="bbox 387 4613 1978 4683">
    <p class='ocr_par' dir='ltr' id='par_1_47' title="bbox 387 4613 1978 4683">
     <span class='ocr_line' id='line_1_47' title="bbox 387 4613 1978 4683; baseline 0 -16"><span class='ocrx_word' id='word_1_340' title='bbox 387 4615 491 4667; x_wconf 87' lang='lat' dir='ltr'><strong>bus</strong></span> <span class='ocrx_word' id='word_1_341' title='bbox 511 4613 757 4679; x_wconf 88' lang='lat' dir='ltr'><strong>adhibes,</strong></span> <span class='ocrx_word' id='word_1_342' title='bbox 783 4613 1110 4678; x_wconf 88' lang='lat' dir='ltr'><strong>fortitudine,</strong></span> <span class='ocrx_word' id='word_1_343' title='bbox 1138 4615 1401 4669; x_wconf 87' lang='lat' dir='ltr'><strong>constanti</strong></span> <span class='ocrx_word' id='word_1_344' title='bbox 1447 4615 1730 4673; x_wconf 80' lang='lat' dir='ltr'><strong>sententia.</strong></span> <span class='ocrx_word' id='word_1_345' title='bbox 1779 4613 1978 4683; x_wconf 87' lang='lat' dir='ltr'><strong>ingenti</strong></span> 
     </span>
    </p>
   </div>
   <div class='ocr_carea' id='block_1_48' title="bbox 391 4704 1979 4776">
    <p class='ocr_par' dir='ltr' id='par_1_48' title="bbox 391 4704 1979 4776">
     <span class='ocr_line' id='line_1_48' title="bbox 391 4704 1979 4776; baseline 0 -16"><span class='ocrx_word' id='word_1_346' title='bbox 391 4707 694 4775; x_wconf 88' lang='lat' dir='ltr'><strong>prudentia,</strong></span> <span class='ocrx_word' id='word_1_347' title='bbox 743 4706 936 4776; x_wconf 87' lang='lat' dir='ltr'><strong>linguae</strong></span> <span class='ocrx_word' id='word_1_348' title='bbox 966 4707 1229 4773; x_wconf 86' lang='lat' dir='ltr'><strong>libertate,</strong></span> <span class='ocrx_word' id='word_1_349' title='bbox 1279 4722 1341 4761; x_wconf 90' lang='lat' dir='ltr'><strong>ac</strong></span> <span class='ocrx_word' id='word_1_350' title='bbox 1378 4707 1590 4761; x_wconf 88' lang='lat' dir='ltr'><strong>sublimi</strong></span> <span class='ocrx_word' id='word_1_351' title='bbox 1634 4704 1849 4769; x_wconf 87' lang='lat' dir='ltr'><strong>fiducia,</strong></span> <span class='ocrx_word' id='word_1_352' title='bbox 1885 4723 1979 4776; x_wconf 85' lang='lat' dir='ltr'><strong>per</strong></span> 
     </span>
    </p>
   </div>
   <div class='ocr_carea' id='block_1_49' title="bbox 389 4800 1976 4870">
    <p class='ocr_par' dir='ltr' id='par_1_49' title="bbox 389 4800 1976 4870">
     <span class='ocr_line' id='line_1_49' title="bbox 389 4800 1976 4870; baseline 0.003 -20"><span class='ocrx_word' id='word_1_353' title='bbox 389 4815 551 4869; x_wconf 85' lang='lat' dir='ltr'><strong>quam</strong></span> <span class='ocrx_word' id='word_1_354' title='bbox 581 4808 634 4854; x_wconf 91' lang='lat' dir='ltr'><strong>et</strong></span> <span class='ocrx_word' id='word_1_355' title='bbox 662 4800 1003 4855; x_wconf 90' lang='lat' dir='ltr'><strong>adversarios</strong></span> <span class='ocrx_word' id='word_1_356' title='bbox 1031 4800 1321 4870; x_wconf 86' lang='lat' dir='ltr'><strong>ignominia</strong></span> <span class='ocrx_word' id='word_1_357' title='bbox 1354 4800 1626 4869; x_wconf 86' lang='lat' dir='ltr'><strong>perfudisti</strong></span> <span class='ocrx_word' id='word_1_358' title='bbox 1654 4808 1708 4853; x_wconf 90' lang='lat' dir='ltr'><strong>et</strong></span> <span class='ocrx_word' id='word_1_359' title='bbox 1738 4801 1976 4854; x_wconf 86' lang='lat' dir='ltr'><strong>mortife-</strong></span> 
     </span>
    </p>
   </div>
   <div class='ocr_carea' id='block_1_50' title="bbox 393 4891 1976 4964">
    <p class='ocr_par' dir='ltr' id='par_1_50' title="bbox 393 4891 1976 4964">
     <span class='ocr_line' id='line_1_50' title="bbox 393 4891 1976 4964; baseline 0.002 -19"><span class='ocrx_word' id='word_1_360' title='bbox 393 4907 509 4945; x_wconf 86' lang='lat' dir='ltr'><strong>ram</strong></span> <span class='ocrx_word' id='word_1_361' title='bbox 538 4891 752 4948; x_wconf 89' lang='lat' dir='ltr'><strong>diabolo</strong></span> <span class='ocrx_word' id='word_1_362' title='bbox 779 4894 987 4964; x_wconf 83' lang='lat' dir='ltr'><strong>plagam</strong></span> <span class='ocrx_word' id='word_1_363' title='bbox 1020 4891 1281 4957; x_wconf 85' lang='lat' dir='ltr'><strong>inflixisti,</strong></span> <span class='ocrx_word' id='word_1_364' title='bbox 1311 4901 1364 4946; x_wconf 90' lang='lat' dir='ltr'><strong>et</strong></span> <span class='ocrx_word' id='word_1_365' title='bbox 1389 4906 1483 4946; x_wconf 90' lang='lat' dir='ltr'><strong>eos</strong></span> <span class='ocrx_word' id='word_1_366' title='bbox 1511 4893 1600 4962; x_wconf 86' lang='lat' dir='ltr'><strong>qui</strong></span> <span class='ocrx_word' id='word_1_367' title='bbox 1630 4906 1729 4962; x_wconf 88' lang='lat' dir='ltr'><strong>pro</strong></span> <span class='ocrx_word' id='word_1_368' title='bbox 1751 4894 1976 4948; x_wconf 81' lang='lat' dir='ltr'><strong>veritate</strong></span> 
     </span>
    </p>
   </div>
   <div class='ocr_carea' id='block_1_51' title="bbox 389 4987 1974 5052">
    <p class='ocr_par' dir='ltr' id='par_1_51' title="bbox 389 4987 1974 5052">
     <span class='ocr_line' id='line_1_51' title="bbox 389 4987 1974 5052; baseline -0.001 -10"><span class='ocrx_word' id='word_1_369' title='bbox 389 4988 745 5042; x_wconf 88' lang='lat' dir='ltr'><strong>decertabant</strong></span> <span class='ocrx_word' id='word_1_370' title='bbox 795 4989 863 5042; x_wconf 90' lang='lat' dir='ltr'><strong>ad</strong></span> <span class='ocrx_word' id='word_1_371' title='bbox 920 4987 1280 5042; x_wconf 89' lang='lat' dir='ltr'><strong>dimicandum</strong></span> <span class='ocrx_word' id='word_1_372' title='bbox 1319 4987 1526 5052; x_wconf 88' lang='lat' dir='ltr'><strong>acuisti,</strong></span> <span class='ocrx_word' id='word_1_373' title='bbox 1579 5002 1644 5042; x_wconf 86' lang='lat' dir='ltr'><strong>ac</strong></span> <span class='ocrx_word' id='word_1_374' title='bbox 1699 4987 1880 5041; x_wconf 62' lang='lat' dir='ltr'><strong>fortiss</strong></span> <span class='ocrx_word' id='word_1_375' title='bbox 1904 4989 1974 5041; x_wconf 89' lang='lat' dir='ltr'><strong>mi</strong></span> 
     </span>
    </p>
   </div>
   <div class='ocr_carea' id='block_1_52' title="bbox 391 5077 1973 5149">
    <p class='ocr_par' dir='ltr' id='par_1_52' title="bbox 391 5077 1973 5149">
     <span class='ocr_line' id='line_1_52' title="bbox 391 5077 1973 5149; baseline -0.002 -14"><span class='ocrx_word' id='word_1_376' title='bbox 391 5081 575 5135; x_wconf 87' lang='lat' dir='ltr'><strong>militis</strong></span> <span class='ocrx_word' id='word_1_377' title='bbox 603 5081 769 5135; x_wconf 89' lang='lat' dir='ltr'><strong>instar</strong></span> <span class='ocrx_word' id='word_1_378' title='bbox 790 5081 1103 5149; x_wconf 75' lang='lat' dir='ltr'><strong>praeclarum</strong></span> <span class='ocrx_word' id='word_1_379' title='bbox 1150 5078 1202 5133; x_wconf 88' lang='lat' dir='ltr'><strong>in</strong></span> <span class='ocrx_word' id='word_1_380' title='bbox 1246 5077 1388 5133; x_wconf 91' lang='lat' dir='ltr'><strong>bello</strong></span> <span class='ocrx_word' id='word_1_381' title='bbox 1436 5087 1692 5148; x_wconf 83' lang='lat' dir='ltr'><strong>tropaeum</strong></span> <span class='ocrx_word' id='word_1_382' title='bbox 1736 5078 1973 5144; x_wconf 81' lang='lat' dir='ltr'><strong>erexisti,</strong></span> 
     </span>
    </p>
   </div>
   <div class='ocr_carea' id='block_1_53' title="bbox 394 5169 1974 5242">
    <p class='ocr_par' dir='ltr' id='par_1_53' title="bbox 394 5169 1974 5242">
     <span class='ocr_line' id='line_1_53' title="bbox 394 5169 1974 5242; baseline 0 -19"><span class='ocrx_word' id='word_1_383' title='bbox 394 5171 831 5242; x_wconf 87' lang='lat' dir='ltr'><strong>luculentamque</strong></span> <span class='ocrx_word' id='word_1_384' title='bbox 881 5169 1156 5225; x_wconf 90' lang='lat' dir='ltr'><strong>victoriam</strong></span> <span class='ocrx_word' id='word_1_385' title='bbox 1200 5169 1390 5238; x_wconf 89' lang='lat' dir='ltr'><strong>adepta</strong></span> <span class='ocrx_word' id='word_1_386' title='bbox 1430 5183 1529 5235; x_wconf 92' lang='lat' dir='ltr'><strong>es,</strong></span> <span class='ocrx_word' id='word_1_387' title='bbox 1579 5185 1772 5239; x_wconf 90' lang='lat' dir='ltr'><strong>meque</strong></span> <span class='ocrx_word' id='word_1_388' title='bbox 1814 5171 1974 5224; x_wconf 86' lang='lat' dir='ltr'><strong>etiam</strong></span> 
     </span>
    </p>
   </div>
   <div class='ocr_carea' id='block_1_54' title="bbox 391 5259 1980 5331">
    <p class='ocr_par' dir='ltr' id='par_1_54' title="bbox 391 5259 1980 5331">
     <span class='ocr_line' id='line_1_54' title="bbox 391 5259 1980 5331; baseline 0 -17"><span class='ocrx_word' id='word_1_389' title='bbox 391 5271 536 5315; x_wconf 87' lang='lat' dir='ltr'><strong>tanta</strong></span> <span class='ocrx_word' id='word_1_390' title='bbox 564 5263 832 5330; x_wconf 88' lang='lat' dir='ltr'><strong>voluptate</strong></span> <span class='ocrx_word' id='word_1_391' title='bbox 853 5260 1207 5331; x_wconf 90' lang='lat' dir='ltr'><strong>complevisti,</strong></span> <span class='ocrx_word' id='word_1_392' title='bbox 1237 5271 1293 5313; x_wconf 90' lang='lat' dir='ltr'><strong>ut</strong></span> <span class='ocrx_word' id='word_1_393' title='bbox 1314 5275 1382 5313; x_wconf 90' lang='lat' dir='ltr'><strong>ne</strong></span> <span class='ocrx_word' id='word_1_394' title='bbox 1412 5259 1462 5313; x_wconf 91' lang='lat' dir='ltr'><strong>in</strong></span> <span class='ocrx_word' id='word_1_395' title='bbox 1491 5259 1660 5312; x_wconf 90' lang='lat' dir='ltr'><strong>aliena</strong></span> <span class='ocrx_word' id='word_1_396' title='bbox 1682 5260 1894 5328; x_wconf 87' lang='lat' dir='ltr'><strong>quidem</strong></span> <span class='ocrx_word' id='word_1_397' title='bbox 1925 5269 1980 5314; x_wconf 90' lang='lat' dir='ltr'><strong>et</strong></span> 
     </span>
    </p>
   </div>
   <div class='ocr_carea' id='block_1_55' title="bbox 393 5350 1976 5424">
    <p class='ocr_par' dir='ltr' id='par_1_55' title="bbox 393 5350 1976 5424">
     <span class='ocr_line' id='line_1_55' title="bbox 393 5350 1976 5424; baseline -0.003 -16"><span class='ocrx_word' id='word_1_398' title='bbox 393 5352 672 5424; x_wconf 81' lang='lat' dir='ltr'><strong>peregrina</strong></span> <span class='ocrx_word' id='word_1_399' title='bbox 704 5355 940 5423; x_wconf 87' lang='lat' dir='ltr'><strong>regione,</strong></span> <span class='ocrx_word' id='word_1_400' title='bbox 973 5368 1072 5408; x_wconf 87' lang='lat' dir='ltr'><strong>nec</strong></span> <span class='ocrx_word' id='word_1_401' title='bbox 1100 5353 1150 5406; x_wconf 94' lang='lat' dir='ltr'><strong>in</strong></span> <span class='ocrx_word' id='word_1_402' title='bbox 1181 5350 1488 5415; x_wconf 84' lang='lat' dir='ltr'><strong>solitudine,</strong></span> <span class='ocrx_word' id='word_1_403' title='bbox 1529 5366 1711 5405; x_wconf 89' lang='lat' dir='ltr'><strong>verum</strong></span> <span class='ocrx_word' id='word_1_404' title='bbox 1736 5351 1855 5406; x_wconf 85' lang='lat' dir='ltr'><strong>istic</strong></span> <span class='ocrx_word' id='word_1_405' title='bbox 1883 5368 1976 5404; x_wconf 90' lang='lat' dir='ltr'><strong>vo-</strong></span> 
     </span>
    </p>
   </div>
   <div class='ocr_carea' id='block_1_56' title="bbox 390 5445 1976 5516">
    <p class='ocr_par' dir='ltr' id='par_1_56' title="bbox 390 5445 1976 5516">
     <span class='ocr_line' id='line_1_56' title="bbox 390 5445 1976 5516; baseline -0.001 -14"><span class='ocrx_word' id='word_1_406' title='bbox 390 5448 596 5502; x_wconf 83' lang='lat' dir='ltr'><strong>biscum</strong></span> <span class='ocrx_word' id='word_1_407' title='bbox 623 5463 708 5502; x_wconf 89' lang='lat' dir='ltr'><strong>me</strong></span> <span class='ocrx_word' id='word_1_408' title='bbox 729 5462 848 5503; x_wconf 90' lang='lat' dir='ltr'><strong>esse</strong></span> <span class='ocrx_word' id='word_1_409' title='bbox 874 5447 1195 5513; x_wconf 80' lang='lat' dir='ltr'><strong>existimem,</strong></span> <span class='ocrx_word' id='word_1_410' title='bbox 1223 5460 1590 5516; x_wconf 91' lang='lat' dir='ltr'><strong>summamque</strong></span> <span class='ocrx_word' id='word_1_411' title='bbox 1611 5461 1675 5500; x_wconf 89' lang='lat' dir='ltr'><strong>ex</strong></span> <span class='ocrx_word' id='word_1_412' title='bbox 1711 5445 1874 5499; x_wconf 89' lang='lat' dir='ltr'><strong>animi</strong></span> <span class='ocrx_word' id='word_1_413' title='bbox 1904 5445 1976 5500; x_wconf 91' lang='lat' dir='ltr'><strong>tui</strong></span> 
     </span>
    </p>
   </div>
   <div class='ocr_carea' id='block_1_57' title="bbox 390 5537 1190 5608">
    <p class='ocr_par' dir='ltr' id='par_1_57' title="bbox 390 5537 1190 5608">
     <span class='ocr_line' id='line_1_57' title="bbox 390 5537 1190 5608; baseline -0.004 -14"><span class='ocrx_word' id='word_1_414' title='bbox 390 5540 586 5594; x_wconf 73' lang='lat' dir='ltr'><strong>virtute</strong></span> <span class='ocrx_word' id='word_1_415' title='bbox 616 5540 939 5608; x_wconf 90' lang='lat' dir='ltr'><strong>voluptatem</strong></span> <span class='ocrx_word' id='word_1_416' title='bbox 964 5537 1190 5607; x_wconf 90' lang='lat' dir='ltr'><strong>capiam.</strong></span> 
     </span>
    </p>
   </div>
   <div class='ocr_carea' id='block_1_58' title="bbox 475 5624 1976 5700">
    <p class='ocr_par' dir='ltr' id='par_1_58' title="bbox 475 5624 1976 5700">
     <span class='ocr_line' id='line_1_58' title="bbox 475 5624 1976 5700; baseline -0.001 -19"><span class='ocrx_word' id='word_1_417' title='bbox 475 5629 561 5684; x_wconf 75' lang='lat' dir='ltr'><strong>Vis</strong></span> <span class='ocrx_word' id='word_1_418' title='bbox 590 5631 828 5683; x_wconf 74' lang='lat' dir='ltr'><strong>veritatis.</strong></span> <span class='ocrx_word' id='word_1_419' title='bbox 861 5658 932 5668; x_wconf 93' lang='lat'><strong>—</strong></span> <span class='ocrx_word' id='word_1_420' title='bbox 952 5626 1304 5694; x_wconf 83' lang='lat' dir='ltr'><strong>Quamobrem</strong></span> <span class='ocrx_word' id='word_1_421' title='bbox 1325 5627 1496 5700; x_wconf 85' lang='lat' dir='ltr'><strong>gaude</strong></span> <span class='ocrx_word' id='word_1_422' title='bbox 1524 5637 1576 5682; x_wconf 91' lang='lat' dir='ltr'><strong>et</strong></span> <span class='ocrx_word' id='word_1_423' title='bbox 1598 5627 1803 5689; x_wconf 70' lang='lat' dir='ltr'><strong>lzetare,</strong></span> <span class='ocrx_word' id='word_1_424' title='bbox 1835 5624 1976 5693; x_wconf 84' lang='lat' dir='ltr'><strong>quod</strong></span> 
     </span>
    </p>
   </div>
   <div class='ocr_carea' id='block_1_59' title="bbox 395 5715 1971 5794">
    <p class='ocr_par' dir='ltr' id='par_1_59' title="bbox 395 5715 1971 5794">
     <span class='ocr_line' id='line_1_59' title="bbox 395 5715 1971 5794; baseline -0.004 -18"><span class='ocrx_word' id='word_1_425' title='bbox 395 5721 698 5792; x_wconf 87' lang='lat' dir='ltr'><strong>hujusmodi</strong></span> <span class='ocrx_word' id='word_1_426' title='bbox 729 5721 1002 5777; x_wconf 80' lang='lat' dir='ltr'><strong>victoriam</strong></span> <span class='ocrx_word' id='word_1_427' title='bbox 1046 5729 1324 5791; x_wconf 85' lang='lat' dir='ltr'><strong>asseqnuta</strong></span> <span class='ocrx_word' id='word_1_428' title='bbox 1367 5723 1459 5794; x_wconf 86' lang='lat' dir='ltr'><strong>sis,</strong></span> <span class='ocrx_word' id='word_1_429' title='bbox 1485 5730 1646 5792; x_wconf 87' lang='lat' dir='ltr'><strong>atque</strong></span> <span class='ocrx_word' id='word_1_430' title='bbox 1672 5715 1971 5790; x_wconf 82' lang='lat' dir='ltr'><strong>hnjusniodi</strong></span> 
     </span>
    </p>
   </div>
   <div class='ocr_carea' id='block_1_60' title="bbox 1885 284 2254 342">
    <p class='ocr_par' dir='ltr' id='par_1_60' title="bbox 1885 284 2254 342">
     <span class='ocr_line' id='line_1_60' title="bbox 1885 284 2254 342; baseline 0.008 -3"><span class='ocrx_word' id='word_1_431' title='bbox 1885 284 2254 342; x_wconf 64' lang='lat' dir='ltr'><strong>EI’ISTOLJE.</strong></span> 
     </span>
    </p>
   </div>
   <div class='ocr_carea' id='block_1_61' title="bbox 3565 293 3667 348">
    <p class='ocr_par' dir='ltr' id='par_1_61' title="bbox 3565 293 3667 348">
     <span class='ocr_line' id='line_1_61' title="bbox 3565 293 3667 348; baseline 0.01 -1"><span class='ocrx_word' id='word_1_432' title='bbox 3565 293 3667 348; x_wconf 77' lang='lat'><strong>658</strong></span> 
     </span>
    </p>
   </div>
   <div class='ocr_carea' id='block_1_62' title="bbox 2086 401 3668 476">
    <p class='ocr_par' dir='ltr' id='par_1_62' title="bbox 2086 401 3668 476">
     <span class='ocr_line' id='line_1_62' title="bbox 2086 401 3668 476; baseline 0.004 -21"><span class='ocrx_word' id='word_1_433' title='bbox 2086 401 2385 455; x_wconf 88' lang='lat' dir='ltr'><strong>belluarum</strong></span> <span class='ocrx_word' id='word_1_434' title='bbox 2414 415 2504 457; x_wconf 84' lang='lat' dir='ltr'><strong>ora</strong></span> <span class='ocrx_word' id='word_1_435' title='bbox 2537 401 2674 463; x_wconf 87' lang='lat' dir='ltr'><strong>facili</strong></span> <span class='ocrx_word' id='word_1_436' title='bbox 2705 404 2916 472; x_wconf 82' lang='lat' dir='ltr'><strong>negotio</strong></span> <span class='ocrx_word' id='word_1_437' title='bbox 2943 404 3361 474; x_wconf 90' lang='lat' dir='ltr'><strong>compresseris,</strong></span> <span class='ocrx_word' id='word_1_438' title='bbox 3391 405 3668 476; x_wconf 81' lang='lat' dir='ltr'><strong>impuden-</strong></span> 
     </span>
    </p>
   </div>
   <div class='ocr_carea' id='block_1_63' title="bbox 2084 494 3670 564">
    <p class='ocr_par' dir='ltr' id='par_1_63' title="bbox 2084 494 3670 564">
     <span class='ocr_line' id='line_1_63' title="bbox 2084 494 3670 564; baseline 0.006 -20"><span class='ocrx_word' id='word_1_439' title='bbox 2084 499 2272 560; x_wconf 80' lang='lat' dir='ltr'><strong>teSque</strong></span> <span class='ocrx_word' id='word_1_440' title='bbox 2301 508 2484 546; x_wconf 89' lang='lat' dir='ltr'><strong>eorum</strong></span> <span class='ocrx_word' id='word_1_441' title='bbox 2513 494 2716 564; x_wconf 80' lang='lat' dir='ltr'><strong>linguas</strong></span> <span class='ocrx_word' id='word_1_442' title='bbox 2743 504 2796 550; x_wconf 89' lang='lat' dir='ltr'><strong>et</strong></span> <span class='ocrx_word' id='word_1_443' title='bbox 2818 496 2998 551; x_wconf 88' lang='lat' dir='ltr'><strong>rabida</strong></span> <span class='ocrx_word' id='word_1_444' title='bbox 3023 511 3116 551; x_wconf 90' lang='lat' dir='ltr'><strong>ora</strong></span> <span class='ocrx_word' id='word_1_445' title='bbox 3140 496 3491 553; x_wconf 89' lang='lat' dir='ltr'><strong>obstruxeris.</strong></span> <span class='ocrx_word' id='word_1_446' title='bbox 3517 498 3670 554; x_wconf 74' lang='lat' dir='ltr'><strong>Veri-</strong></span> 
     </span>
    </p>
   </div>
   <div class='ocr_carea' id='block_1_64' title="bbox 2083 583 3664 659">
    <p class='ocr_par' dir='ltr' id='par_1_64' title="bbox 2083 583 3664 659">
     <span class='ocr_line' id='line_1_64' title="bbox 2083 583 3664 659; baseline 0.005 -23"><span class='ocrx_word' id='word_1_447' title='bbox 2083 589 2164 636; x_wconf 87' lang='lat' dir='ltr'><strong>tas</strong></span> <span class='ocrx_word' id='word_1_448' title='bbox 2186 583 2351 646; x_wconf 90' lang='lat' dir='ltr'><strong>enim,</strong></span> <span class='ocrx_word' id='word_1_449' title='bbox 2374 599 2494 637; x_wconf 91' lang='lat' dir='ltr'><strong>cum</strong></span> <span class='ocrx_word' id='word_1_450' title='bbox 2523 601 2624 654; x_wconf 90' lang='lat' dir='ltr'><strong>qua</strong></span> <span class='ocrx_word' id='word_1_451' title='bbox 2653 588 2895 656; x_wconf 86' lang='lat' dir='ltr'><strong>pugnasti</strong></span> <span class='ocrx_word' id='word_1_452' title='bbox 2921 629 2934 651; x_wconf 95' lang='lat'><strong>,</strong></span> <span class='ocrx_word' id='word_1_453' title='bbox 2970 597 3022 642; x_wconf 91' lang='lat' dir='ltr'><strong>et</strong></span> <span class='ocrx_word' id='word_1_454' title='bbox 3047 602 3144 658; x_wconf 91' lang='lat' dir='ltr'><strong>pro</strong></span> <span class='ocrx_word' id='word_1_455' title='bbox 3186 605 3288 659; x_wconf 89' lang='lat' dir='ltr'><strong>qua</strong></span> <span class='ocrx_word' id='word_1_456' title='bbox 3317 589 3553 659; x_wconf 87' lang='lat' dir='ltr'><strong>jugttlata</strong></span> <span class='ocrx_word' id='word_1_457' title='bbox 3583 605 3664 655; x_wconf 84' lang='lat' dir='ltr'><strong>es,</strong></span> 
     </span>
    </p>
   </div>
   <div class='ocr_carea' id='block_1_65' title="bbox 2086 671 3664 752">
    <p class='ocr_par' dir='ltr' id='par_1_65' title="bbox 2086 671 3664 752">
     <span class='ocr_line' id='line_1_65' title="bbox 2086 671 3664 752; baseline 0.008 -28"><span class='ocrx_word' id='word_1_458' title='bbox 2086 671 2220 727; x_wconf 90' lang='lat' dir='ltr'><strong>hanc</strong></span> <span class='ocrx_word' id='word_1_459' title='bbox 2246 673 2351 727; x_wconf 93' lang='lat' dir='ltr'><strong>vim</strong></span> <span class='ocrx_word' id='word_1_460' title='bbox 2381 674 2562 742; x_wconf 88' lang='lat' dir='ltr'><strong>habet,</strong></span> <span class='ocrx_word' id='word_1_461' title='bbox 2591 685 2650 731; x_wconf 88' lang='lat' dir='ltr'><strong>ut</strong></span> <span class='ocrx_word' id='word_1_462' title='bbox 2677 678 2857 746; x_wconf 90' lang='lat' dir='ltr'><strong>paucis</strong></span> <span class='ocrx_word' id='word_1_463' title='bbox 2887 693 3031 748; x_wconf 81' lang='lat' dir='ltr'><strong>saepe</strong></span> <span class='ocrx_word' id='word_1_464' title='bbox 3058 678 3240 734; x_wconf 89' lang='lat' dir='ltr'><strong>verbis</strong></span> <span class='ocrx_word' id='word_1_465' title='bbox 3264 678 3332 734; x_wconf 92' lang='lat' dir='ltr'><strong>de</strong></span> <span class='ocrx_word' id='word_1_466' title='bbox 3360 681 3664 752; x_wconf 79' lang='lat' dir='ltr'><strong>syc0phan-</strong></span> 
     </span>
    </p>
   </div>
   <div class='ocr_carea' id='block_1_66' title="bbox 2086 765 3671 838">
    <p class='ocr_par' dir='ltr' id='par_1_66' title="bbox 2086 765 3671 838">
     <span class='ocr_line' id='line_1_66' title="bbox 2086 765 3671 838; baseline 0.007 -21"><span class='ocrx_word' id='word_1_467' title='bbox 2086 765 2152 818; x_wconf 90' lang='lat' dir='ltr'><strong>tis</strong></span> <span class='ocrx_word' id='word_1_468' title='bbox 2197 765 2489 836; x_wconf 87' lang='lat' dir='ltr'><strong>triumphet</strong></span> <span class='ocrx_word' id='word_1_469' title='bbox 2518 785 2530 821; x_wconf 90' lang='lat'>:</span> <span class='ocrx_word' id='word_1_470' title='bbox 2558 777 2614 822; x_wconf 93' lang='lat' dir='ltr'><strong>ut</strong></span> <span class='ocrx_word' id='word_1_471' title='bbox 2661 783 2694 824; x_wconf 89' lang='lat' dir='ltr'><strong>e</strong></span> <span class='ocrx_word' id='word_1_472' title='bbox 2721 771 2990 825; x_wconf 88' lang='lat' dir='ltr'><strong>contrario</strong></span> <span class='ocrx_word' id='word_1_473' title='bbox 3039 771 3371 827; x_wconf 87' lang='lat' dir='ltr'><strong>mendacium</strong></span> <span class='ocrx_word' id='word_1_474' title='bbox 3395 813 3410 838; x_wconf 94' lang='lat'><strong>,</strong></span> <span class='ocrx_word' id='word_1_475' title='bbox 3461 773 3671 828; x_wconf 85' lang='lat' dir='ltr'><strong>etiamsi</strong></span> 
     </span>
    </p>
   </div>
   <div class='ocr_carea' id='block_1_67' title="bbox 2087 855 3670 930">
    <p class='ocr_par' dir='ltr' id='par_1_67' title="bbox 2087 855 3670 930">
     <span class='ocr_line' id='line_1_67' title="bbox 2087 855 3670 930; baseline 0.006 -22"><span class='ocrx_word' id='word_1_476' title='bbox 2087 855 2308 910; x_wconf 90' lang='lat' dir='ltr'><strong>infinitis</strong></span> <span class='ocrx_word' id='word_1_477' title='bbox 2329 871 2634 912; x_wconf 88' lang='lat' dir='ltr'><strong>sermonum</strong></span> <span class='ocrx_word' id='word_1_478' title='bbox 2669 859 2906 915; x_wconf 74' lang='lat' dir='ltr'><strong>artificiis</strong></span> <span class='ocrx_word' id='word_1_479' title='bbox 2934 861 3267 930; x_wconf 86' lang='lat' dir='ltr'><strong>obvolvatur,</strong></span> <span class='ocrx_word' id='word_1_480' title='bbox 3307 860 3462 917; x_wconf 85' lang='lat' dir='ltr'><strong>facile</strong></span> <span class='ocrx_word' id='word_1_481' title='bbox 3494 872 3670 917; x_wconf 90' lang='lat' dir='ltr'><strong>tamen</strong></span> 
     </span>
    </p>
   </div>
   <div class='ocr_carea' id='block_1_68' title="bbox 2085 948 3674 1021">
    <p class='ocr_par' dir='ltr' id='par_1_68' title="bbox 2085 948 3674 1021">
     <span class='ocr_line' id='line_1_68' title="bbox 2085 948 3674 1021; baseline 0.002 -17"><span class='ocrx_word' id='word_1_482' title='bbox 2085 948 2278 1004; x_wconf 84' lang='lat' dir='ltr'><strong>difﬂuit</strong></span> <span class='ocrx_word' id='word_1_483' title='bbox 2301 959 2356 1004; x_wconf 92' lang='lat' dir='ltr'><strong>et</strong></span> <span class='ocrx_word' id='word_1_484' title='bbox 2381 951 2699 1016; x_wconf 87' lang='lat' dir='ltr'><strong>collabitur,</strong></span> <span class='ocrx_word' id='word_1_485' title='bbox 2739 967 3054 1021; x_wconf 83' lang='lat' dir='ltr'><strong>araneaeque</strong></span> <span class='ocrx_word' id='word_1_486' title='bbox 3105 953 3264 1008; x_wconf 88' lang='lat' dir='ltr'><strong>telam</strong></span> <span class='ocrx_word' id='word_1_487' title='bbox 3314 953 3674 1009; x_wconf 82' lang='lat' dir='ltr'><strong>imbecillitate</strong></span> 
     </span>
    </p>
   </div>
   <div class='ocr_carea' id='block_1_69' title="bbox 2086 1041 3676 1116">
    <p class='ocr_par' dir='ltr' id='par_1_69' title="bbox 2086 1041 3676 1116">
     <span class='ocr_line' id='line_1_69' title="bbox 2086 1041 3676 1116; baseline 0.001 -21"><span class='ocrx_word' id='word_1_488' title='bbox 2086 1051 2321 1112; x_wconf 85' lang='lat' dir='ltr'><strong>superat.</strong></span> <span class='ocrx_word' id='word_1_489' title='bbox 2371 1041 2554 1098; x_wconf 89' lang='lat' dir='ltr'><strong>Gaude</strong></span> <span class='ocrx_word' id='word_1_490' title='bbox 2607 1043 2765 1113; x_wconf 84' lang='lat' dir='ltr'><strong>igitur</strong></span> <span class='ocrx_word' id='word_1_491' title='bbox 2809 1052 2864 1099; x_wconf 93' lang='lat' dir='ltr'><strong>et</strong></span> <span class='ocrx_word' id='word_1_492' title='bbox 2918 1044 3104 1098; x_wconf 86' lang='lat' dir='ltr'><strong>laetare</strong></span> <span class='ocrx_word' id='word_1_493' title='bbox 3140 1043 3336 1116; x_wconf 88' lang='lat' dir='ltr'><strong>(neque</strong></span> <span class='ocrx_word' id='word_1_494' title='bbox 3370 1045 3515 1100; x_wconf 91' lang='lat' dir='ltr'><strong>enim</strong></span> <span class='ocrx_word' id='word_1_495' title='bbox 3561 1043 3676 1098; x_wconf 73' lang='lat' dir='ltr'><strong>haec</strong></span> 
     </span>
    </p>
   </div>
   <div class='ocr_carea' id='block_1_70' title="bbox 2089 1131 3671 1205">
    <p class='ocr_par' dir='ltr' id='par_1_70' title="bbox 2089 1131 3671 1205">
     <span class='ocr_line' id='line_1_70' title="bbox 2089 1131 3671 1205; baseline 0.002 -22"><span class='ocrx_word' id='word_1_496' title='bbox 2089 1132 2248 1184; x_wconf 88' lang='lat' dir='ltr'><strong>verba</strong></span> <span class='ocrx_word' id='word_1_497' title='bbox 2298 1131 2523 1186; x_wconf 89' lang='lat' dir='ltr'><strong>subinde</strong></span> <span class='ocrx_word' id='word_1_498' title='bbox 2568 1143 2814 1201; x_wconf 87' lang='lat' dir='ltr'><strong>repetere</strong></span> <span class='ocrx_word' id='word_1_499' title='bbox 2852 1132 3161 1204; x_wconf 88' lang='lat' dir='ltr'><strong>desinam),</strong></span> <span class='ocrx_word' id='word_1_500' title='bbox 3207 1133 3436 1189; x_wconf 87' lang='lat' dir='ltr'><strong>viriliter</strong></span> <span class='ocrx_word' id='word_1_501' title='bbox 3481 1149 3580 1205; x_wconf 89' lang='lat' dir='ltr'><strong>age</strong></span> <span class='ocrx_word' id='word_1_502' title='bbox 3619 1147 3671 1188; x_wconf 92' lang='lat' dir='ltr'><strong>et</strong></span> 
     </span>
    </p>
   </div>
   <div class='ocr_carea' id='block_1_71' title="bbox 2085 1221 3666 1294">
    <p class='ocr_par' dir='ltr' id='par_1_71' title="bbox 2085 1221 3666 1294">
     <span class='ocr_line' id='line_1_71' title="bbox 2085 1221 3666 1294; baseline 0.001 -19"><span class='ocrx_word' id='word_1_503' title='bbox 2085 1221 2410 1291; x_wconf 88' lang='lat' dir='ltr'><strong>confortare,</strong></span> <span class='ocrx_word' id='word_1_504' title='bbox 2441 1238 2737 1293; x_wconf 87' lang='lat' dir='ltr'><strong>omnesque</strong></span> <span class='ocrx_word' id='word_1_505' title='bbox 2781 1224 2849 1278; x_wconf 90' lang='lat' dir='ltr'><strong>ab</strong></span> <span class='ocrx_word' id='word_1_506' title='bbox 2893 1225 3021 1294; x_wconf 83' lang='lat' dir='ltr'><strong>ipsis</strong></span> <span class='ocrx_word' id='word_1_507' title='bbox 3069 1225 3139 1278; x_wconf 89' lang='lat' dir='ltr'><strong>ibi</strong></span> <span class='ocrx_word' id='word_1_508' title='bbox 3166 1236 3507 1294; x_wconf 89' lang='lat' dir='ltr'><strong>comparatas</strong></span> <span class='ocrx_word' id='word_1_509' title='bbox 3541 1224 3666 1279; x_wconf 83' lang='lat' dir='ltr'><strong>insi-</strong></span> 
     </span>
    </p>
   </div>
   <div class='ocr_carea' id='block_1_72' title="bbox 2087 1313 3677 1385">
    <p class='ocr_par' dir='ltr' id='par_1_72' title="bbox 2087 1313 3677 1385">
     <span class='ocr_line' id='line_1_72' title="bbox 2087 1313 3677 1385; baseline 0.001 -18"><span class='ocrx_word' id='word_1_510' title='bbox 2087 1313 2203 1368; x_wconf 89' lang='lat' dir='ltr'><strong>dias</strong></span> <span class='ocrx_word' id='word_1_511' title='bbox 2229 1315 2409 1369; x_wconf 86' lang='lat' dir='ltr'><strong>irride.</strong></span> <span class='ocrx_word' id='word_1_512' title='bbox 2433 1315 2564 1369; x_wconf 86' lang='lat' dir='ltr'><strong>Nam</strong></span> <span class='ocrx_word' id='word_1_513' title='bbox 2591 1331 2696 1385; x_wconf 92' lang='lat' dir='ltr'><strong>quo</strong></span> <span class='ocrx_word' id='word_1_514' title='bbox 2723 1316 2956 1370; x_wconf 87' lang='lat' dir='ltr'><strong>atrocius</strong></span> <span class='ocrx_word' id='word_1_515' title='bbox 2982 1317 3228 1380; x_wconf 87' lang='lat' dir='ltr'><strong>saeviunt,</strong></span> <span class='ocrx_word' id='word_1_516' title='bbox 3268 1331 3332 1370; x_wconf 86' lang='lat' dir='ltr'><strong>eo</strong></span> <span class='ocrx_word' id='word_1_517' title='bbox 3363 1313 3677 1385; x_wconf 79' lang='lat' dir='ltr'><strong>profundio-</strong></span> 
     </span>
    </p>
   </div>
   <div class='ocr_carea' id='block_1_73' title="bbox 2086 1405 3670 1479">
    <p class='ocr_par' dir='ltr' id='par_1_73' title="bbox 2086 1405 3670 1479">
     <span class='ocr_line' id='line_1_73' title="bbox 2086 1405 3670 1479; baseline 0.002 -20"><span class='ocrx_word' id='word_1_518' title='bbox 2086 1420 2174 1460; x_wconf 90' lang='lat' dir='ltr'><strong>res</strong></span> <span class='ocrx_word' id='word_1_519' title='bbox 2201 1405 2383 1475; x_wconf 87' lang='lat' dir='ltr'><strong>plagas</strong></span> <span class='ocrx_word' id='word_1_520' title='bbox 2407 1407 2505 1460; x_wconf 87' lang='lat' dir='ltr'><strong>sibi</strong></span> <span class='ocrx_word' id='word_1_521' title='bbox 2537 1407 2664 1475; x_wconf 90' lang='lat' dir='ltr'><strong>ipsis</strong></span> <span class='ocrx_word' id='word_1_522' title='bbox 2695 1408 2930 1462; x_wconf 86' lang='lat' dir='ltr'><strong>inferunt</strong></span> <span class='ocrx_word' id='word_1_523' title='bbox 2959 1409 3012 1462; x_wconf 88' lang='lat' dir='ltr'><strong>iu</strong></span> <span class='ocrx_word' id='word_1_524' title='bbox 3039 1424 3210 1479; x_wconf 89' lang='lat' dir='ltr'><strong>eaque</strong></span> <span class='ocrx_word' id='word_1_525' title='bbox 3235 1423 3395 1464; x_wconf 84' lang='lat' dir='ltr'><strong>eausa</strong></span> <span class='ocrx_word' id='word_1_526' title='bbox 3416 1418 3559 1473; x_wconf 91' lang='lat' dir='ltr'><strong>sunt,</strong></span> <span class='ocrx_word' id='word_1_527' title='bbox 3591 1419 3670 1474; x_wconf 88' lang='lat' dir='ltr'><strong>ut,</strong></span> 
     </span>
    </p>
   </div>
   <div class='ocr_carea' id='block_1_74' title="bbox 2085 1497 3670 1568">
    <p class='ocr_par' dir='ltr' id='par_1_74' title="bbox 2085 1497 3670 1568">
     <span class='ocr_line' id='line_1_74' title="bbox 2085 1497 3670 1568; baseline 0.002 -19"><span class='ocrx_word' id='word_1_528' title='bbox 2085 1510 2206 1550; x_wconf 85' lang='lat' dir='ltr'><strong>cunt</strong></span> <span class='ocrx_word' id='word_1_529' title='bbox 2236 1504 2286 1550; x_wconf 89' lang='lat' dir='ltr'><strong>te</strong></span> <span class='ocrx_word' id='word_1_530' title='bbox 2315 1512 2384 1550; x_wconf 87' lang='lat' dir='ltr'><strong>ne</strong></span> <span class='ocrx_word' id='word_1_531' title='bbox 2407 1498 2668 1550; x_wconf 89' lang='lat' dir='ltr'><strong>tantulum</strong></span> <span class='ocrx_word' id='word_1_532' title='bbox 2701 1497 2914 1566; x_wconf 88' lang='lat' dir='ltr'><strong>quidem</strong></span> <span class='ocrx_word' id='word_1_533' title='bbox 2960 1498 3178 1562; x_wconf 83' lang='lat' dir='ltr'><strong>laedant,</strong></span> <span class='ocrx_word' id='word_1_534' title='bbox 3218 1498 3670 1568; x_wconf 88' lang='lat' dir='ltr'><strong>quemadmodum</strong></span> 
     </span>
    </p>
   </div>
   <div class='ocr_carea' id='block_1_75' title="bbox 2088 1585 3674 1658">
    <p class='ocr_par' dir='ltr' id='par_1_75' title="bbox 2088 1585 3674 1658">
     <span class='ocr_line' id='line_1_75' title="bbox 2088 1585 3674 1658; baseline 0.002 -19"><span class='ocrx_word' id='word_1_535' title='bbox 2088 1601 2186 1641; x_wconf 91' lang='lat' dir='ltr'><strong>nec</strong></span> <span class='ocrx_word' id='word_1_536' title='bbox 2202 1585 2392 1640; x_wconf 82' lang='lat' dir='ltr'><strong>ﬂuctus</strong></span> <span class='ocrx_word' id='word_1_537' title='bbox 2415 1602 2622 1654; x_wconf 91' lang='lat' dir='ltr'><strong>rupem,</strong></span> <span class='ocrx_word' id='word_1_538' title='bbox 2641 1588 2847 1658; x_wconf 69' lang='lat' dir='ltr'><strong>seipsos</strong></span> <span class='ocrx_word' id='word_1_539' title='bbox 2862 1585 3170 1658; x_wconf 90' lang='lat' dir='ltr'><strong>infringant,</strong></span> <span class='ocrx_word' id='word_1_540' title='bbox 3190 1587 3674 1658; x_wconf 85' lang='lat' dir='ltr'><strong>imbecillioresque</strong></span> 
     </span>
    </p>
   </div>
   <div class='ocr_carea' id='block_1_76' title="bbox 2089 1675 3675 1750">
    <p class='ocr_par' dir='ltr' id='par_1_76' title="bbox 2089 1675 3675 1750">
     <span class='ocr_line' id='line_1_76' title="bbox 2089 1675 3675 1750; baseline 0.003 -20"><span class='ocrx_word' id='word_1_541' title='bbox 2089 1675 2510 1746; x_wconf 85' lang='lat' dir='ltr'><strong>reddant,atque</strong></span> <span class='ocrx_word' id='word_1_542' title='bbox 2539 1677 2810 1732; x_wconf 89' lang='lat' dir='ltr'><strong>horribilia</strong></span> <span class='ocrx_word' id='word_1_543' title='bbox 2857 1679 3092 1749; x_wconf 90' lang='lat' dir='ltr'><strong>sibiipsis</strong></span> <span class='ocrx_word' id='word_1_544' title='bbox 3142 1679 3399 1750; x_wconf 89' lang='lat' dir='ltr'><strong>supplicia</strong></span> <span class='ocrx_word' id='word_1_545' title='bbox 3450 1694 3675 1735; x_wconf 82' lang='lat' dir='ltr'><strong>coacer-</strong></span> 
     </span>
    </p>
   </div>
   <div class='ocr_carea' id='block_1_77' title="bbox 2088 1766 3674 1839">
    <p class='ocr_par' dir='ltr' id='par_1_77' title="bbox 2088 1766 3674 1839">
     <span class='ocr_line' id='line_1_77' title="bbox 2088 1766 3674 1839; baseline 0.004 -20"><span class='ocrx_word' id='word_1_546' title='bbox 2088 1774 2233 1819; x_wconf 92' lang='lat' dir='ltr'><strong>vent.</strong></span> <span class='ocrx_word' id='word_1_547' title='bbox 2263 1766 2392 1834; x_wconf 82' lang='lat' dir='ltr'><strong>Quae</strong></span> <span class='ocrx_word' id='word_1_548' title='bbox 2417 1782 2539 1821; x_wconf 93' lang='lat' dir='ltr'><strong>cum</strong></span> <span class='ocrx_word' id='word_1_549' title='bbox 2573 1769 2644 1822; x_wconf 89' lang='lat' dir='ltr'><strong>ita</strong></span> <span class='ocrx_word' id='word_1_550' title='bbox 2669 1769 2796 1834; x_wconf 91' lang='lat' dir='ltr'><strong>sint,</strong></span> <span class='ocrx_word' id='word_1_551' title='bbox 2846 1784 2975 1824; x_wconf 88' lang='lat' dir='ltr'><strong>cave</strong></span> <span class='ocrx_word' id='word_1_552' title='bbox 3003 1769 3292 1838; x_wconf 87' lang='lat' dir='ltr'><strong>quidquam</strong></span> <span class='ocrx_word' id='word_1_553' title='bbox 3322 1784 3527 1834; x_wconf 89' lang='lat' dir='ltr'><strong>eorum,</strong></span> <span class='ocrx_word' id='word_1_554' title='bbox 3554 1786 3674 1839; x_wconf 81' lang='lat' dir='ltr'><strong>quae</strong></span> 
     </span>
    </p>
   </div>
   <div class='ocr_carea' id='block_1_78' title="bbox 2088 1856 3670 1930">
    <p class='ocr_par' dir='ltr' id='par_1_78' title="bbox 2088 1856 3670 1930">
     <span class='ocr_line' id='line_1_78' title="bbox 2088 1856 3670 1930; baseline 0.004 -21"><span class='ocrx_word' id='word_1_555' title='bbox 2088 1856 2383 1922; x_wconf 75' lang='lat' dir='ltr'><strong>minantur,</strong></span> <span class='ocrx_word' id='word_1_556' title='bbox 2414 1859 2783 1926; x_wconf 85' lang='lat' dir='ltr'><strong>pertimescas,</strong></span> <span class='ocrx_word' id='word_1_557' title='bbox 2806 1860 3098 1929; x_wconf 87' lang='lat' dir='ltr'><strong>quamlibet</strong></span> <span class='ocrx_word' id='word_1_558' title='bbox 3113 1860 3364 1916; x_wconf 89' lang='lat' dir='ltr'><strong>dentibus</strong></span> <span class='ocrx_word' id='word_1_559' title='bbox 3385 1861 3670 1930; x_wconf 80' lang='lat' dir='ltr'><strong>strideaut,</strong></span> 
     </span>
    </p>
   </div>
   <div class='ocr_carea' id='block_1_79' title="bbox 2087 1947 3674 2024">
    <p class='ocr_par' dir='ltr' id='par_1_79' title="bbox 2087 1947 3674 2024">
     <span class='ocr_line' id='line_1_79' title="bbox 2087 1947 3674 2024; baseline 0.006 -23"><span class='ocrx_word' id='word_1_560' title='bbox 2087 1947 2378 2018; x_wconf 89' lang='lat' dir='ltr'><strong>quamlibet</strong></span> <span class='ocrx_word' id='word_1_561' title='bbox 2403 1949 2691 2005; x_wconf 83' lang='lat' dir='ltr'><strong>iracundiae</strong></span> <span class='ocrx_word' id='word_1_562' title='bbox 2739 1951 3048 2007; x_wconf 87' lang='lat' dir='ltr'><strong>temulentla</strong></span> <span class='ocrx_word' id='word_1_563' title='bbox 3079 1961 3340 2020; x_wconf 82' lang='lat' dir='ltr'><strong>aestuent,</strong></span> <span class='ocrx_word' id='word_1_564' title='bbox 3381 1954 3674 2024; x_wconf 90' lang='lat' dir='ltr'><strong>quamlibet</strong></span> 
     </span>
    </p>
   </div>
   <div class='ocr_carea' id='block_1_80' title="bbox 2091 2040 3675 2114">
    <p class='ocr_par' dir='ltr' id='par_1_80' title="bbox 2091 2040 3675 2114">
     <span class='ocr_line' id='line_1_80' title="bbox 2091 2040 3675 2114; baseline 0.006 -23"><span class='ocrx_word' id='word_1_565' title='bbox 2091 2040 2450 2094; x_wconf 88' lang='lat' dir='ltr'><strong>truculentum</strong></span> <span class='ocrx_word' id='word_1_566' title='bbox 2478 2042 2762 2110; x_wconf 88' lang='lat' dir='ltr'><strong>quemdam</strong></span> <span class='ocrx_word' id='word_1_567' title='bbox 2787 2043 2990 2097; x_wconf 89' lang='lat' dir='ltr'><strong>vultum</strong></span> <span class='ocrx_word' id='word_1_568' title='bbox 3014 2059 3125 2114; x_wconf 82' lang='lat' dir='ltr'><strong>prae</strong></span> <span class='ocrx_word' id='word_1_569' title='bbox 3147 2057 3209 2099; x_wconf 78' lang='lat' dir='ltr'><strong>se</strong></span> <span class='ocrx_word' id='word_1_570' title='bbox 3238 2044 3444 2110; x_wconf 89' lang='lat' dir='ltr'><strong>ferant,</strong></span> <span class='ocrx_word' id='word_1_571' title='bbox 3475 2060 3539 2102; x_wconf 78' lang='lat' dir='ltr'><strong>ac</strong></span> <span class='ocrx_word' id='word_1_572' title='bbox 3564 2061 3675 2114; x_wconf 76' lang='lat' dir='ltr'><strong>prae</strong></span> 
     </span>
    </p>
   </div>
   <div class='ocr_carea' id='block_1_81' title="bbox 2089 2129 3671 2207">
    <p class='ocr_par' dir='ltr' id='par_1_81' title="bbox 2089 2129 3671 2207">
     <span class='ocr_line' id='line_1_81' title="bbox 2089 2129 3671 2207; baseline 0.004 -23"><span class='ocrx_word' id='word_1_573' title='bbox 2089 2129 2426 2201; x_wconf 88' lang='lat' dir='ltr'><strong>improbitate</strong></span> <span class='ocrx_word' id='word_1_574' title='bbox 2450 2133 2502 2186; x_wconf 91' lang='lat' dir='ltr'><strong>in</strong></span> <span class='ocrx_word' id='word_1_575' title='bbox 2525 2131 2757 2188; x_wconf 89' lang='lat' dir='ltr'><strong>ferarum</strong></span> <span class='ocrx_word' id='word_1_576' title='bbox 2786 2134 3172 2190; x_wconf 89' lang='lat' dir='ltr'><strong>immanitatem</strong></span> <span class='ocrx_word' id='word_1_577' title='bbox 3191 2136 3519 2207; x_wconf 84' lang='lat' dir='ltr'><strong>promeriut.</strong></span> <span class='ocrx_word' id='word_1_578' title='bbox 3537 2135 3671 2191; x_wconf 84' lang='lat' dir='ltr'><strong>Nam</strong></span> 
     </span>
    </p>
   </div>
   <div class='ocr_carea' id='block_1_82' title="bbox 2087 2220 3675 2293">
    <p class='ocr_par' dir='ltr' id='par_1_82' title="bbox 2087 2220 3675 2293">
     <span class='ocr_line' id='line_1_82' title="bbox 2087 2220 3675 2293; baseline 0.004 -17"><span class='ocrx_word' id='word_1_579' title='bbox 2087 2224 2176 2293; x_wconf 86' lang='lat' dir='ltr'><strong>qui</strong></span> <span class='ocrx_word' id='word_1_580' title='bbox 2217 2232 2270 2277; x_wconf 90' lang='lat' dir='ltr'><strong>te</strong></span> <span class='ocrx_word' id='word_1_581' title='bbox 2295 2239 2368 2278; x_wconf 84' lang='lat' dir='ltr'><strong>ex</strong></span> <span class='ocrx_word' id='word_1_582' title='bbox 2409 2226 2590 2280; x_wconf 91' lang='lat' dir='ltr'><strong>multis</strong></span> <span class='ocrx_word' id='word_1_583' title='bbox 2634 2234 2688 2280; x_wconf 92' lang='lat' dir='ltr'><strong>et</strong></span> <span class='ocrx_word' id='word_1_584' title='bbox 2728 2226 2890 2281; x_wconf 87' lang='lat' dir='ltr'><strong>variis</strong></span> <span class='ocrx_word' id='word_1_585' title='bbox 2939 2220 3126 2281; x_wconf 89' lang='lat' dir='ltr'><strong>eorum</strong></span> <span class='ocrx_word' id='word_1_586' title='bbox 3174 2227 3380 2282; x_wconf 87' lang='lat' dir='ltr'><strong>insidiis</strong></span> <span class='ocrx_word' id='word_1_587' title='bbox 3418 2228 3484 2281; x_wconf 90' lang='lat' dir='ltr'><strong>ad</strong></span> <span class='ocrx_word' id='word_1_588' title='bbox 3535 2229 3675 2283; x_wconf 90' lang='lat' dir='ltr'><strong>hunc</strong></span> 
     </span>
    </p>
   </div>
   <div class='ocr_carea' id='block_1_83' title="bbox 2089 2315 3677 2388">
    <p class='ocr_par' dir='ltr' id='par_1_83' title="bbox 2089 2315 3677 2388">
     <span class='ocr_line' id='line_1_83' title="bbox 2089 2315 3677 2388; baseline 0.005 -21"><span class='ocrx_word' id='word_1_589' title='bbox 2089 2330 2258 2385; x_wconf 87' lang='lat' dir='ltr'><strong>usque</strong></span> <span class='ocrx_word' id='word_1_590' title='bbox 2276 2315 2418 2371; x_wconf 92' lang='lat' dir='ltr'><strong>diem</strong></span> <span class='ocrx_word' id='word_1_591' title='bbox 2463 2317 2679 2387; x_wconf 89' lang='lat' dir='ltr'><strong>eripuit,</strong></span> <span class='ocrx_word' id='word_1_592' title='bbox 2713 2319 2850 2373; x_wconf 88' lang='lat' dir='ltr'><strong>idem</strong></span> <span class='ocrx_word' id='word_1_593' title='bbox 2903 2328 2955 2374; x_wconf 91' lang='lat' dir='ltr'><strong>te</strong></span> <span class='ocrx_word' id='word_1_594' title='bbox 2994 2319 3236 2388; x_wconf 80' lang='lat' dir='ltr'><strong>posthac,</strong></span> <span class='ocrx_word' id='word_1_595' title='bbox 3265 2321 3310 2375; x_wconf 90' lang='lat' dir='ltr'><strong>si</strong></span> <span class='ocrx_word' id='word_1_596' title='bbox 3339 2319 3529 2375; x_wconf 78' lang='lat' dir='ltr'><strong>fortem</strong></span> <span class='ocrx_word' id='word_1_597' title='bbox 3557 2322 3677 2375; x_wconf 86' lang='lat' dir='ltr'><strong>ani-</strong></span> 
     </span>
    </p>
   </div>
   <div class='ocr_carea' id='block_1_84' title="bbox 2089 2407 3672 2478">
    <p class='ocr_par' dir='ltr' id='par_1_84' title="bbox 2089 2407 3672 2478">
     <span class='ocr_line' id='line_1_84' title="bbox 2089 2407 3672 2478; baseline 0.005 -20"><span class='ocrx_word' id='word_1_598' title='bbox 2089 2420 2232 2458; x_wconf 88' lang='lat' dir='ltr'><strong>mum</strong></span> <span class='ocrx_word' id='word_1_599' title='bbox 2283 2407 2621 2475; x_wconf 85' lang='lat' dir='ltr'><strong>praestiteris,</strong></span> <span class='ocrx_word' id='word_1_600' title='bbox 2657 2408 2707 2461; x_wconf 91' lang='lat' dir='ltr'><strong>in</strong></span> <span class='ocrx_word' id='word_1_601' title='bbox 2755 2409 2958 2478; x_wconf 87' lang='lat' dir='ltr'><strong>majore</strong></span> <span class='ocrx_word' id='word_1_602' title='bbox 3011 2409 3297 2465; x_wconf 88' lang='lat' dir='ltr'><strong>securitate</strong></span> <span class='ocrx_word' id='word_1_603' title='bbox 3336 2411 3672 2466; x_wconf 86' lang='lat' dir='ltr'><strong>constituet:</strong></span> 
     </span>
    </p>
   </div>
   <div class='ocr_carea' id='block_1_85' title="bbox 2087 2495 3678 2572">
    <p class='ocr_par' dir='ltr' id='par_1_85' title="bbox 2087 2495 3678 2572">
     <span class='ocr_line' id='line_1_85' title="bbox 2087 2495 3678 2572; baseline 0.004 -22"><span class='ocrx_word' id='word_1_604' title='bbox 2087 2495 2308 2567; x_wconf 89' lang='lat' dir='ltr'><strong>ipsaque</strong></span> <span class='ocrx_word' id='word_1_605' title='bbox 2334 2498 2498 2552; x_wconf 90' lang='lat' dir='ltr'><strong>etiam</strong></span> <span class='ocrx_word' id='word_1_606' title='bbox 2540 2499 2744 2553; x_wconf 89' lang='lat' dir='ltr'><strong>dictura</strong></span> <span class='ocrx_word' id='word_1_607' title='bbox 2780 2515 2839 2556; x_wconf 88' lang='lat' dir='ltr'><strong>es</strong></span> <span class='ocrx_word' id='word_1_608' title='bbox 2870 2519 2883 2554; x_wconf 88' lang='lat'><strong>:</strong></span> <span class='ocrx_word' id='word_1_609' title='bbox 2917 2501 3130 2571; x_wconf 75' lang='lat' dir='ltr'><strong>Sagitta!</strong></span> <span class='ocrx_word' id='word_1_610' title='bbox 3172 2503 3499 2572; x_wconf 75' lang='lat' dir='ltr'><strong>parvulorum</strong></span> <span class='ocrx_word' id='word_1_611' title='bbox 3527 2504 3678 2570; x_wconf 64' lang='lat' dir='ltr'><strong>facta</strong></span> 
     </span>
    </p>
   </div>
   <div class='ocr_carea' id='block_1_86' title="bbox 2087 2590 3677 2665">
    <p class='ocr_par' dir='ltr' id='par_1_86' title="bbox 2087 2590 3677 2665">
     <span class='ocr_line' id='line_1_86' title="bbox 2087 2590 3677 2665; baseline 0.004 -23"><span class='ocrx_word' id='word_1_612' title='bbox 2087 2597 2202 2642; x_wconf 75' lang='lat' dir='ltr'><strong>sunt</strong></span> <span class='ocrx_word' id='word_1_613' title='bbox 2232 2590 2398 2660; x_wconf 77' lang='lat' dir='ltr'><strong>plaga:</strong></span> <span class='ocrx_word' id='word_1_614' title='bbox 2422 2607 2616 2656; x_wconf 86' lang='lat' dir='ltr'><strong>eorum,</strong></span> <span class='ocrx_word' id='word_1_615' title='bbox 2663 2601 2709 2645; x_wconf 83' lang='lat' dir='ltr'><strong>et</strong></span> <span class='ocrx_word' id='word_1_616' title='bbox 2734 2591 3008 2660; x_wconf 70' lang='lat' dir='ltr'><strong>inﬁrmatur</strong></span> <span class='ocrx_word' id='word_1_617' title='bbox 3030 2601 3148 2646; x_wconf 76' lang='lat' dir='ltr'><strong>sunt</strong></span> <span class='ocrx_word' id='word_1_618' title='bbox 3180 2603 3357 2646; x_wconf 83' lang='lat' dir='ltr'><strong>contra</strong></span> <span class='ocrx_word' id='word_1_619' title='bbox 3384 2610 3468 2648; x_wconf 76' lang='lat' dir='ltr'><strong>eos</strong></span> <span class='ocrx_word' id='word_1_620' title='bbox 3490 2593 3677 2665; x_wconf 69' lang='lat' dir='ltr'><strong>lingat:</strong></span> 
     </span>
    </p>
   </div>
   <div class='ocr_carea' id='block_1_87' title="bbox 2087 2682 3670 2754">
    <p class='ocr_par' dir='ltr' id='par_1_87' title="bbox 2087 2682 3670 2754">
     <span class='ocr_line' id='line_1_87' title="bbox 2087 2682 3670 2754; baseline -0.001 -18"><span class='ocrx_word' id='word_1_621' title='bbox 2087 2697 2260 2736; x_wconf 81' lang='lat' dir='ltr'><strong>eorum</strong></span> <span class='ocrx_word' id='word_1_622' title='bbox 2286 2682 2458 2753; x_wconf 79' lang='lat' dir='ltr'><strong>(Psal.</strong></span> <span class='ocrx_word' id='word_1_623' title='bbox 2483 2683 2570 2738; x_wconf 80' lang='grc'><strong>65.</strong></span> <span class='ocrx_word' id='word_1_624' title='bbox 2596 2685 2648 2738; x_wconf 82' lang='grc'><strong>8.</strong></span> <span class='ocrx_word' id='word_1_625' title='bbox 2683 2683 2761 2752; x_wconf 89' lang='grc'><strong>9).</strong></span> <span class='ocrx_word' id='word_1_626' title='bbox 2789 2683 2942 2751; x_wconf 86' lang='lat' dir='ltr'><strong>Quod</strong></span> <span class='ocrx_word' id='word_1_627' title='bbox 2970 2684 3182 2752; x_wconf 90' lang='lat' dir='ltr'><strong>quidem</strong></span> <span class='ocrx_word' id='word_1_628' title='bbox 3215 2694 3267 2738; x_wconf 90' lang='lat' dir='ltr'><strong>et</strong></span> <span class='ocrx_word' id='word_1_629' title='bbox 3295 2684 3400 2754; x_wconf 85' lang='lat' dir='ltr'><strong>jam</strong></span> <span class='ocrx_word' id='word_1_630' title='bbox 3430 2687 3670 2754; x_wconf 78' lang='lat' dir='ltr'><strong>conligit,</strong></span> 
     </span>
    </p>
   </div>
   <div class='ocr_carea' id='block_1_88' title="bbox 2087 2774 3771 2844">
    <p class='ocr_par' dir='ltr' id='par_1_88' title="bbox 2087 2774 3771 2844">
     <span class='ocr_line' id='line_1_88' title="bbox 2087 2774 3771 2844; baseline 0.002 -16"><span class='ocrx_word' id='word_1_631' title='bbox 2087 2782 2141 2828; x_wconf 90' lang='lat' dir='ltr'><strong>et</strong></span> <span class='ocrx_word' id='word_1_632' title='bbox 2165 2789 2374 2828; x_wconf 91' lang='lat' dir='ltr'><strong>rursum</strong></span> <span class='ocrx_word' id='word_1_633' title='bbox 2401 2775 2670 2844; x_wconf 87' lang='lat' dir='ltr'><strong>continget</strong></span> <span class='ocrx_word' id='word_1_634' title='bbox 2693 2791 2707 2828; x_wconf 89' lang='lat'><strong>:</strong></span> <span class='ocrx_word' id='word_1_635' title='bbox 2733 2774 2868 2828; x_wconf 88' lang='lat' dir='ltr'><strong>adeo</strong></span> <span class='ocrx_word' id='word_1_636' title='bbox 2891 2783 2946 2828; x_wconf 91' lang='lat' dir='ltr'><strong>ut</strong></span> <span class='ocrx_word' id='word_1_637' title='bbox 2975 2784 3031 2829; x_wconf 94' lang='lat' dir='ltr'><strong>et</strong></span> <span class='ocrx_word' id='word_1_638' title='bbox 3067 2783 3122 2828; x_wconf 94' lang='lat' dir='ltr'><strong>tu</strong></span> <span class='ocrx_word' id='word_1_639' title='bbox 3167 2775 3422 2844; x_wconf 89' lang='lat' dir='ltr'><strong>majorem</strong></span> <span class='ocrx_word' id='word_1_640' title='bbox 3463 2791 3673 2832; x_wconf 86' lang='lat' dir='ltr'><strong>merce—</strong></span> <span class='ocrx_word' id='word_1_641' title='bbox 3761 2814 3771 2824; x_wconf 83' lang='grc'><strong>-</strong></span> 
     </span>
    </p>
   </div>
   <div class='ocr_carea' id='block_1_89' title="bbox 2088 2862 3670 2936">
    <p class='ocr_par' dir='ltr' id='par_1_89' title="bbox 2088 2862 3670 2936">
     <span class='ocr_line' id='line_1_89' title="bbox 2088 2862 3670 2936; baseline 0.003 -20"><span class='ocrx_word' id='word_1_642' title='bbox 2088 2862 2208 2916; x_wconf 93' lang='lat' dir='ltr'><strong>dem</strong></span> <span class='ocrx_word' id='word_1_643' title='bbox 2260 2863 2484 2929; x_wconf 80' lang='lat' dir='ltr'><strong>referas,</strong></span> <span class='ocrx_word' id='word_1_644' title='bbox 2534 2864 2956 2932; x_wconf 89' lang='lat' dir='ltr'><strong>illustrioresque</strong></span> <span class='ocrx_word' id='word_1_645' title='bbox 2982 2878 3211 2918; x_wconf 86' lang='lat' dir='ltr'><strong>coronas</strong></span> <span class='ocrx_word' id='word_1_646' title='bbox 3237 2864 3486 2936; x_wconf 89' lang='lat' dir='ltr'><strong>accipias,</strong></span> <span class='ocrx_word' id='word_1_647' title='bbox 3518 2874 3573 2919; x_wconf 91' lang='lat' dir='ltr'><strong>et</strong></span> <span class='ocrx_word' id='word_1_648' title='bbox 3596 2866 3670 2920; x_wconf 92' lang='lat' dir='ltr'><strong>illi</strong></span> 
     </span>
    </p>
   </div>
   <div class='ocr_carea' id='block_1_90' title="bbox 2089 2953 3670 3026">
    <p class='ocr_par' dir='ltr' id='par_1_90' title="bbox 2089 2953 3670 3026">
     <span class='ocr_line' id='line_1_90' title="bbox 2089 2953 3670 3026; baseline 0.001 -19"><span class='ocrx_word' id='word_1_649' title='bbox 2089 2953 2276 3007; x_wconf 89' lang='lat' dir='ltr'><strong>morbo</strong></span> <span class='ocrx_word' id='word_1_650' title='bbox 2313 2953 2642 3023; x_wconf 76' lang='lat' dir='ltr'><strong>paenitentiae</strong></span> <span class='ocrx_word' id='word_1_651' title='bbox 2681 2963 2900 3023; x_wconf 83' lang='lat' dir='ltr'><strong>experte</strong></span> <span class='ocrx_word' id='word_1_652' title='bbox 2951 2954 3259 3010; x_wconf 86' lang='lat' dir='ltr'><strong>laborantes</strong></span> <span class='ocrx_word' id='word_1_653' title='bbox 3312 2955 3499 3025; x_wconf 88' lang='lat' dir='ltr'><strong>majori</strong></span> <span class='ocrx_word' id='word_1_654' title='bbox 3541 2971 3670 3026; x_wconf 89' lang='lat' dir='ltr'><strong>sup-</strong></span> 
     </span>
    </p>
   </div>
   <div class='ocr_carea' id='block_1_91' title="bbox 2088 3043 3673 3118">
    <p class='ocr_par' dir='ltr' id='par_1_91' title="bbox 2088 3043 3673 3118">
     <span class='ocr_line' id='line_1_91' title="bbox 2088 3043 3673 3118; baseline 0.002 -19"><span class='ocrx_word' id='word_1_655' title='bbox 2088 3043 2247 3114; x_wconf 89' lang='lat' dir='ltr'><strong>plicio</strong></span> <span class='ocrx_word' id='word_1_656' title='bbox 2295 3045 2627 3100; x_wconf 90' lang='lat' dir='ltr'><strong>addicantur.</strong></span> <span class='ocrx_word' id='word_1_657' title='bbox 2674 3045 2892 3116; x_wconf 86' lang='lat' dir='ltr'><strong>Ecquod</strong></span> <span class='ocrx_word' id='word_1_658' title='bbox 2939 3045 3081 3100; x_wconf 92' lang='lat' dir='ltr'><strong>enim</strong></span> <span class='ocrx_word' id='word_1_659' title='bbox 3137 3046 3450 3102; x_wconf 88' lang='lat' dir='ltr'><strong>insidiarum</strong></span> <span class='ocrx_word' id='word_1_660' title='bbox 3505 3063 3673 3118; x_wconf 82' lang='lat' dir='ltr'><strong>genus</strong></span> 
     </span>
    </p>
   </div>
   <div class='ocr_carea' id='block_1_92' title="bbox 2087 3137 3670 3210">
    <p class='ocr_par' dir='ltr' id='par_1_92' title="bbox 2087 3137 3670 3210">
     <span class='ocr_line' id='line_1_92' title="bbox 2087 3137 3670 3210; baseline 0.001 -18"><span class='ocrx_word' id='word_1_661' title='bbox 2087 3137 2595 3206; x_wconf 80' lang='lat' dir='ltr'><strong>praetermiserunt?</strong></span> <span class='ocrx_word' id='word_1_662' title='bbox 2642 3137 2850 3208; x_wconf 90' lang='lat' dir='ltr'><strong>ecquod</strong></span> <span class='ocrx_word' id='word_1_663' title='bbox 2905 3137 3274 3193; x_wconf 87' lang='lat' dir='ltr'><strong>machinarum</strong></span> <span class='ocrx_word' id='word_1_664' title='bbox 3331 3153 3501 3210; x_wconf 90' lang='lat' dir='ltr'><strong>genus</strong></span> <span class='ocrx_word' id='word_1_665' title='bbox 3564 3155 3670 3194; x_wconf 90' lang='lat' dir='ltr'><strong>non</strong></span> 
     </span>
    </p>
   </div>
   <div class='ocr_carea' id='block_1_93' title="bbox 2087 3228 3672 3301">
    <p class='ocr_par' dir='ltr' id='par_1_93' title="bbox 2087 3228 3672 3301">
     <span class='ocr_line' id='line_1_93' title="bbox 2087 3228 3672 3301; baseline 0.003 -19"><span class='ocrx_word' id='word_1_666' title='bbox 2087 3237 2386 3294; x_wconf 85' lang='lat' dir='ltr'><strong>moverunt,</strong></span> <span class='ocrx_word' id='word_1_667' title='bbox 2410 3229 2534 3283; x_wconf 93' lang='lat' dir='ltr'><strong>dum</strong></span> <span class='ocrx_word' id='word_1_668' title='bbox 2552 3229 2735 3283; x_wconf 82' lang='lat' dir='ltr'><strong>solidae</strong></span> <span class='ocrx_word' id='word_1_669' title='bbox 2754 3238 2876 3293; x_wconf 82' lang='lat' dir='ltr'><strong>tuae,</strong></span> <span class='ocrx_word' id='word_1_670' title='bbox 2896 3243 2960 3285; x_wconf 91' lang='lat' dir='ltr'><strong>ac</strong></span> <span class='ocrx_word' id='word_1_671' title='bbox 2980 3228 3090 3284; x_wconf 90' lang='lat' dir='ltr'><strong>Deo</strong></span> <span class='ocrx_word' id='word_1_672' title='bbox 3111 3228 3274 3295; x_wconf 87' lang='lat' dir='ltr'><strong>fideli,</strong></span> <span class='ocrx_word' id='word_1_673' title='bbox 3290 3245 3672 3301; x_wconf 58' lang='lat' dir='ltr'><strong>generosaque</strong></span> 
     </span>
    </p>
   </div>
   <div class='ocr_carea' id='block_1_94' title="bbox 2086 3319 3667 3376">
    <p class='ocr_par' dir='ltr' id='par_1_94' title="bbox 2086 3319 3667 3376">
     <span class='ocr_line' id='line_1_94' title="bbox 2086 3319 3667 3376; baseline 0.001 -2"><span class='ocrx_word' id='word_1_674' title='bbox 2086 3331 2138 3374; x_wconf 91' lang='lat' dir='ltr'><strong>et</strong></span> <span class='ocrx_word' id='word_1_675' title='bbox 2165 3319 2468 3374; x_wconf 81' lang='lat' dir='ltr'><strong>fortissimae</strong></span> <span class='ocrx_word' id='word_1_676' title='bbox 2499 3321 2694 3374; x_wconf 87' lang='lat' dir='ltr'><strong>animae</strong></span> <span class='ocrx_word' id='word_1_677' title='bbox 2738 3320 2962 3375; x_wconf 86' lang='lat' dir='ltr'><strong>insidias</strong></span> <span class='ocrx_word' id='word_1_678' title='bbox 3012 3331 3223 3376; x_wconf 88' lang='lat' dir='ltr'><strong>struere</strong></span> <span class='ocrx_word' id='word_1_679' title='bbox 3267 3322 3570 3376; x_wconf 76' lang='lat' dir='ltr'><strong>conantur?</strong></span> <span class='ocrx_word' id='word_1_680' title='bbox 3613 3323 3667 3376; x_wconf 89' lang='lat' dir='ltr'><strong>ln</strong></span> 
     </span>
    </p>
   </div>
   <div class='ocr_carea' id='block_1_95' title="bbox 2086 3409 3667 3480">
    <p class='ocr_par' dir='ltr' id='par_1_95' title="bbox 2086 3409 3667 3480">
     <span class='ocr_line' id='line_1_95' title="bbox 2086 3409 3667 3480; baseline 0.003 -17"><span class='ocrx_word' id='word_1_681' title='bbox 2086 3409 2256 3466; x_wconf 89' lang='lat' dir='ltr'><strong>forum</strong></span> <span class='ocrx_word' id='word_1_682' title='bbox 2285 3421 2357 3475; x_wconf 90' lang='lat' dir='ltr'><strong>te,</strong></span> <span class='ocrx_word' id='word_1_683' title='bbox 2389 3426 2509 3480; x_wconf 89' lang='lat' dir='ltr'><strong>quae</strong></span> <span class='ocrx_word' id='word_1_684' title='bbox 2533 3421 2726 3480; x_wconf 80' lang='lat' dir='ltr'><strong>praeter</strong></span> <span class='ocrx_word' id='word_1_685' title='bbox 2751 3411 3037 3466; x_wconf 87' lang='lat' dir='ltr'><strong>ecclesiam</strong></span> <span class='ocrx_word' id='word_1_686' title='bbox 3086 3419 3152 3474; x_wconf 36' lang='lat' dir='ltr'><strong>et,</strong></span> <span class='ocrx_word' id='word_1_687' title='bbox 3184 3413 3488 3468; x_wconf 91' lang='lat' dir='ltr'><strong>cubiculum</strong></span> <span class='ocrx_word' id='word_1_688' title='bbox 3535 3413 3667 3468; x_wconf 91' lang='lat' dir='ltr'><strong>nihil</strong></span> 
     </span>
    </p>
   </div>
   <div class='ocr_carea' id='block_1_96' title="bbox 2086 3501 3668 3573">
    <p class='ocr_par' dir='ltr' id='par_1_96' title="bbox 2086 3501 3668 3573">
     <span class='ocr_line' id='line_1_96' title="bbox 2086 3501 3668 3573; baseline 0.001 -17"><span class='ocrx_word' id='word_1_689' title='bbox 2086 3517 2266 3569; x_wconf 90' lang='lat' dir='ltr'><strong>noras,</strong></span> <span class='ocrx_word' id='word_1_690' title='bbox 2294 3511 2690 3573; x_wconf 88' lang='lat' dir='ltr'><strong>pertraxerunt,</strong></span> <span class='ocrx_word' id='word_1_691' title='bbox 2719 3518 2747 3556; x_wconf 89' lang='lat' dir='ltr'><strong>a</strong></span> <span class='ocrx_word' id='word_1_692' title='bbox 2771 3501 2890 3557; x_wconf 90' lang='lat' dir='ltr'><strong>foro</strong></span> <span class='ocrx_word' id='word_1_693' title='bbox 2919 3501 2986 3557; x_wconf 92' lang='lat' dir='ltr'><strong>ad</strong></span> <span class='ocrx_word' id='word_1_694' title='bbox 3014 3502 3321 3572; x_wconf 88' lang='lat' dir='ltr'><strong>tribunalia,</strong></span> <span class='ocrx_word' id='word_1_695' title='bbox 3365 3521 3396 3559; x_wconf 91' lang='lat' dir='ltr'><strong>a</strong></span> <span class='ocrx_word' id='word_1_696' title='bbox 3430 3505 3668 3559; x_wconf 82' lang='lat' dir='ltr'><strong>tribuna-</strong></span> 
     </span>
    </p>
   </div>
   <div class='ocr_carea' id='block_1_97' title="bbox 2085 3593 3665 3667">
    <p class='ocr_par' dir='ltr' id='par_1_97' title="bbox 2085 3593 3665 3667">
     <span class='ocr_line' id='line_1_97' title="bbox 2085 3593 3665 3667; baseline 0.001 -19"><span class='ocrx_word' id='word_1_697' title='bbox 2085 3593 2226 3659; x_wconf 65' lang='lat' dir='ltr'><strong>libus</strong></span> <span class='ocrx_word' id='word_1_698' title='bbox 2245 3595 2309 3648; x_wconf 89' lang='lat' dir='ltr'><strong>ad</strong></span> <span class='ocrx_word' id='word_1_699' title='bbox 2328 3608 2619 3649; x_wconf 87' lang='lat' dir='ltr'><strong>carcerem.</strong></span> <span class='ocrx_word' id='word_1_700' title='bbox 2639 3593 2915 3648; x_wconf 84' lang='lat' dir='ltr'><strong>Falsorum</strong></span> <span class='ocrx_word' id='word_1_701' title='bbox 2929 3597 3142 3650; x_wconf 87' lang='lat' dir='ltr'><strong>testium</strong></span> <span class='ocrx_word' id='word_1_702' title='bbox 3161 3595 3365 3667; x_wconf 90' lang='lat' dir='ltr'><strong>linguas</strong></span> <span class='ocrx_word' id='word_1_703' title='bbox 3389 3604 3665 3659; x_wconf 72' lang='lat' dir='ltr'><strong>acuerent,</strong></span> 
     </span>
    </p>
   </div>
   <div class='ocr_carea' id='block_1_98' title="bbox 2087 3685 3666 3756">
    <p class='ocr_par' dir='ltr' id='par_1_98' title="bbox 2087 3685 3666 3756">
     <span class='ocr_line' id='line_1_98' title="bbox 2087 3685 3666 3756; baseline 0.001 -18"><span class='ocrx_word' id='word_1_704' title='bbox 2087 3685 2445 3754; x_wconf 87' lang='lat' dir='ltr'><strong>impudentem</strong></span> <span class='ocrx_word' id='word_1_705' title='bbox 2473 3685 2790 3740; x_wconf 88' lang='lat' dir='ltr'><strong>calumniam</strong></span> <span class='ocrx_word' id='word_1_706' title='bbox 2831 3686 3238 3752; x_wconf 89' lang='lat' dir='ltr'><strong>concinnarunt,</strong></span> <span class='ocrx_word' id='word_1_707' title='bbox 3271 3686 3446 3742; x_wconf 80' lang='lat' dir='ltr'><strong>caedes</strong></span> <span class='ocrx_word' id='word_1_708' title='bbox 3476 3702 3666 3756; x_wconf 90' lang='lat' dir='ltr'><strong>perpe-</strong></span> 
     </span>
    </p>
   </div>
   <div class='ocr_carea' id='block_1_99' title="bbox 2087 3777 3666 3848">
    <p class='ocr_par' dir='ltr' id='par_1_99' title="bbox 2087 3777 3666 3848">
     <span class='ocr_line' id='line_1_99' title="bbox 2087 3777 3666 3848; baseline -0.001 -15"><span class='ocrx_word' id='word_1_709' title='bbox 2087 3789 2314 3844; x_wconf 88' lang='lat' dir='ltr'><strong>trarunt,</strong></span> <span class='ocrx_word' id='word_1_710' title='bbox 2348 3780 2555 3835; x_wconf 88' lang='lat' dir='ltr'><strong>cruoris</strong></span> <span class='ocrx_word' id='word_1_711' title='bbox 2585 3789 2849 3834; x_wconf 90' lang='lat' dir='ltr'><strong>torrentes</strong></span> <span class='ocrx_word' id='word_1_712' title='bbox 2877 3777 3246 3848; x_wconf 89' lang='lat' dir='ltr'><strong>profuderunt,</strong></span> <span class='ocrx_word' id='word_1_713' title='bbox 3279 3779 3384 3848; x_wconf 86' lang='lat' dir='ltr'><strong>igni</strong></span> <span class='ocrx_word' id='word_1_714' title='bbox 3425 3792 3489 3834; x_wconf 89' lang='lat' dir='ltr'><strong>ac</strong></span> <span class='ocrx_word' id='word_1_715' title='bbox 3522 3778 3666 3833; x_wconf 89' lang='lat' dir='ltr'><strong>ferro</strong></span> 
     </span>
    </p>
   </div>
   <div class='ocr_carea' id='block_1_100' title="bbox 2082 3869 3668 3940">
    <p class='ocr_par' dir='ltr' id='par_1_100' title="bbox 2082 3869 3668 3940">
     <span class='ocr_line' id='line_1_100' title="bbox 2082 3869 3668 3940; baseline 0.002 -20"><span class='ocrx_word' id='word_1_716' title='bbox 2082 3870 2336 3940; x_wconf 89' lang='lat' dir='ltr'><strong>jnvenum</strong></span> <span class='ocrx_word' id='word_1_717' title='bbox 2363 3886 2589 3940; x_wconf 90' lang='lat' dir='ltr'><strong>corpora</strong></span> <span class='ocrx_word' id='word_1_718' title='bbox 2618 3877 3086 3938; x_wconf 89' lang='lat' dir='ltr'><strong>consumpserunt,</strong></span> <span class='ocrx_word' id='word_1_719' title='bbox 3109 3869 3288 3923; x_wconf 90' lang='lat' dir='ltr'><strong>multis</strong></span> <span class='ocrx_word' id='word_1_720' title='bbox 3313 3883 3378 3924; x_wconf 91' lang='lat' dir='ltr'><strong>ac</strong></span> <span class='ocrx_word' id='word_1_721' title='bbox 3399 3869 3668 3939; x_wconf 79' lang='lat' dir='ltr'><strong>praeclaris</strong></span> 
     </span>
    </p>
   </div>
   <div class='ocr_carea' id='block_1_101' title="bbox 2086 3960 3669 4030">
    <p class='ocr_par' dir='ltr' id='par_1_101' title="bbox 2086 3960 3669 4030">
     <span class='ocr_line' id='line_1_101' title="bbox 2086 3960 3669 4030; baseline 0.002 -17"><span class='ocrx_word' id='word_1_722' title='bbox 2086 3963 2214 4016; x_wconf 83' lang='lat' dir='ltr'><strong>viris</strong></span> <span class='ocrx_word' id='word_1_723' title='bbox 2242 3963 2550 4017; x_wconf 88' lang='lat' dir='ltr'><strong>innumeras</strong></span> <span class='ocrx_word' id='word_1_724' title='bbox 2578 3961 2759 4030; x_wconf 88' lang='lat' dir='ltr'><strong>plagas</strong></span> <span class='ocrx_word' id='word_1_725' title='bbox 2784 3968 2840 4014; x_wconf 92' lang='lat' dir='ltr'><strong>et</strong></span> <span class='ocrx_word' id='word_1_726' title='bbox 2863 3962 3128 4016; x_wconf 88' lang='lat' dir='ltr'><strong>cruciatus</strong></span> <span class='ocrx_word' id='word_1_727' title='bbox 3175 3960 3469 4018; x_wconf 89' lang='lat' dir='ltr'><strong>intulerunt</strong></span> <span class='ocrx_word' id='word_1_728' title='bbox 3487 4002 3504 4028; x_wconf 92' lang='lat'><strong>,</strong></span> <span class='ocrx_word' id='word_1_729' title='bbox 3550 3962 3669 4016; x_wconf 85' lang='lat' dir='ltr'><strong>nul-</strong></span> 
     </span>
    </p>
   </div>
   <div class='ocr_carea' id='block_1_102' title="bbox 2086 4051 3666 4122">
    <p class='ocr_par' dir='ltr' id='par_1_102' title="bbox 2086 4051 3666 4122">
     <span class='ocr_line' id='line_1_102' title="bbox 2086 4051 3666 4122; baseline 0 -16"><span class='ocrx_word' id='word_1_730' title='bbox 2086 4053 2195 4107; x_wconf 90' lang='lat' dir='ltr'><strong>lutn</strong></span> <span class='ocrx_word' id='word_1_731' title='bbox 2240 4052 2470 4122; x_wconf 88' lang='lat' dir='ltr'><strong>denique</strong></span> <span class='ocrx_word' id='word_1_732' title='bbox 2509 4051 2736 4122; x_wconf 89' lang='lat' dir='ltr'><strong>lapidem</strong></span> <span class='ocrx_word' id='word_1_733' title='bbox 2787 4066 2892 4105; x_wconf 90' lang='lat' dir='ltr'><strong>non</strong></span> <span class='ocrx_word' id='word_1_734' title='bbox 2945 4062 3246 4118; x_wconf 85' lang='lat' dir='ltr'><strong>moverunt,</strong></span> <span class='ocrx_word' id='word_1_735' title='bbox 3275 4066 3384 4122; x_wconf 90' lang='lat' dir='ltr'><strong>quo</strong></span> <span class='ocrx_word' id='word_1_736' title='bbox 3430 4059 3484 4107; x_wconf 88' lang='lat' dir='ltr'><strong>te</strong></span> <span class='ocrx_word' id='word_1_737' title='bbox 3521 4062 3666 4107; x_wconf 87' lang='lat' dir='ltr'><strong>metu</strong></span> 
     </span>
    </p>
   </div>
   <div class='ocr_carea' id='block_1_103' title="bbox 2086 4141 3666 4213">
    <p class='ocr_par' dir='ltr' id='par_1_103' title="bbox 2086 4141 3666 4213">
     <span class='ocr_line' id='line_1_103' title="bbox 2086 4141 3666 4213; baseline -0.001 -16"><span class='ocrx_word' id='word_1_738' title='bbox 2086 4144 2420 4213; x_wconf 89' lang='lat' dir='ltr'><strong>perterritam</strong></span> <span class='ocrx_word' id='word_1_739' title='bbox 2448 4142 2552 4196; x_wconf 91' lang='lat' dir='ltr'><strong>huc</strong></span> <span class='ocrx_word' id='word_1_740' title='bbox 2577 4141 2873 4212; x_wconf 89' lang='lat' dir='ltr'><strong>adigerent,</strong></span> <span class='ocrx_word' id='word_1_741' title='bbox 2906 4149 2964 4195; x_wconf 89' lang='lat' dir='ltr'><strong>ut</strong></span> <span class='ocrx_word' id='word_1_742' title='bbox 2990 4141 3074 4206; x_wconf 89' lang='lat' dir='ltr'><strong>iis,</strong></span> <span class='ocrx_word' id='word_1_743' title='bbox 3105 4157 3226 4212; x_wconf 85' lang='lat' dir='ltr'><strong>quae</strong></span> <span class='ocrx_word' id='word_1_744' title='bbox 3271 4141 3501 4207; x_wconf 88' lang='lat' dir='ltr'><strong>videras,</strong></span> <span class='ocrx_word' id='word_1_745' title='bbox 3532 4156 3666 4198; x_wconf 85' lang='lat' dir='ltr'><strong>con-</strong></span> 
     </span>
    </p>
   </div>
   <div class='ocr_carea' id='block_1_104' title="bbox 2085 4233 3663 4303">
    <p class='ocr_par' dir='ltr' id='par_1_104' title="bbox 2085 4233 3663 4303">
     <span class='ocr_line' id='line_1_104' title="bbox 2085 4233 3663 4303; baseline -0.001 -14"><span class='ocrx_word' id='word_1_746' title='bbox 2085 4238 2248 4290; x_wconf 89' lang='lat' dir='ltr'><strong>traria</strong></span> <span class='ocrx_word' id='word_1_747' title='bbox 2282 4235 2513 4290; x_wconf 90' lang='lat' dir='ltr'><strong>diceres.</strong></span> <span class='ocrx_word' id='word_1_748' title='bbox 2541 4235 2608 4288; x_wconf 81' lang='lat' dir='ltr'><strong>At</strong></span> <span class='ocrx_word' id='word_1_749' title='bbox 2639 4244 2714 4302; x_wconf 91' lang='lat' dir='ltr'><strong>tu,</strong></span> <span class='ocrx_word' id='word_1_750' title='bbox 2748 4233 2916 4290; x_wconf 89' lang='lat' dir='ltr'><strong>instar</strong></span> <span class='ocrx_word' id='word_1_751' title='bbox 2938 4235 3131 4303; x_wconf 84' lang='lat' dir='ltr'><strong>aquilae</strong></span> <span class='ocrx_word' id='word_1_752' title='bbox 3158 4233 3386 4288; x_wconf 88' lang='lat' dir='ltr'><strong>sublime</strong></span> <span class='ocrx_word' id='word_1_753' title='bbox 3414 4233 3663 4298; x_wconf 86' lang='lat' dir='ltr'><strong>volantis,</strong></span> 
     </span>
    </p>
   </div>
   <div class='ocr_carea' id='block_1_105' title="bbox 2085 4322 3663 4394">
    <p class='ocr_par' dir='ltr' id='par_1_105' title="bbox 2085 4322 3663 4394">
     <span class='ocr_line' id='line_1_105' title="bbox 2085 4322 3663 4394; baseline -0.001 -14"><span class='ocrx_word' id='word_1_754' title='bbox 2085 4340 2269 4381; x_wconf 88' lang='lat' dir='ltr'><strong>eorum</strong></span> <span class='ocrx_word' id='word_1_755' title='bbox 2295 4325 2500 4380; x_wconf 89' lang='lat' dir='ltr'><strong>retibus</strong></span> <span class='ocrx_word' id='word_1_756' title='bbox 2545 4325 2727 4380; x_wconf 84' lang='lat' dir='ltr'><strong>fractis</strong></span> <span class='ocrx_word' id='word_1_757' title='bbox 2780 4325 2846 4379; x_wconf 89' lang='lat' dir='ltr'><strong>ad</strong></span> <span class='ocrx_word' id='word_1_758' title='bbox 2895 4324 3156 4380; x_wconf 88' lang='lat' dir='ltr'><strong>libertatis</strong></span> <span class='ocrx_word' id='word_1_759' title='bbox 3189 4323 3455 4394; x_wconf 87' lang='lat' dir='ltr'><strong>fastigium</strong></span> <span class='ocrx_word' id='word_1_760' title='bbox 3482 4322 3663 4379; x_wconf 72' lang='lat' dir='ltr'><strong>virtuti</strong></span> 
     </span>
    </p>
   </div>
   <div class='ocr_carea' id='block_1_106' title="bbox 2086 4416 3668 4484">
    <p class='ocr_par' dir='ltr' id='par_1_106' title="bbox 2086 4416 3668 4484">
     <span class='ocr_line' id='line_1_106' title="bbox 2086 4416 3668 4484; baseline -0.001 -13"><span class='ocrx_word' id='word_1_761' title='bbox 2086 4428 2190 4473; x_wconf 85' lang='lat' dir='ltr'><strong>tuae</strong></span> <span class='ocrx_word' id='word_1_762' title='bbox 2209 4427 2631 4474; x_wconf 88' lang='lat' dir='ltr'><strong>consentaneum</strong></span> <span class='ocrx_word' id='word_1_763' title='bbox 2660 4417 2946 4472; x_wconf 90' lang='lat' dir='ltr'><strong>ascendisti</strong></span> <span class='ocrx_word' id='word_1_764' title='bbox 2978 4433 2992 4470; x_wconf 91' lang='lat'><strong>:</strong></span> <span class='ocrx_word' id='word_1_765' title='bbox 3019 4416 3098 4471; x_wconf 89' lang='lat' dir='ltr'><strong>sic</strong></span> <span class='ocrx_word' id='word_1_766' title='bbox 3141 4425 3192 4470; x_wconf 89' lang='lat' dir='ltr'><strong>te</strong></span> <span class='ocrx_word' id='word_1_767' title='bbox 3229 4429 3568 4484; x_wconf 89' lang='lat' dir='ltr'><strong>comparans,</strong></span> <span class='ocrx_word' id='word_1_768' title='bbox 3609 4425 3668 4469; x_wconf 91' lang='lat' dir='ltr'><strong>ut</strong></span> 
     </span>
    </p>
   </div>
   <div class='ocr_carea' id='block_1_107' title="bbox 2084 4505 3666 4578">
    <p class='ocr_par' dir='ltr' id='par_1_107' title="bbox 2084 4505 3666 4578">
     <span class='ocr_line' id='line_1_107' title="bbox 2084 4505 3666 4578; baseline -0.001 -17"><span class='ocrx_word' id='word_1_769' title='bbox 2084 4508 2154 4562; x_wconf 89' lang='lat' dir='ltr'><strong>ab</strong></span> <span class='ocrx_word' id='word_1_770' title='bbox 2181 4509 2309 4578; x_wconf 84' lang='lat' dir='ltr'><strong>ipsis</strong></span> <span class='ocrx_word' id='word_1_771' title='bbox 2333 4509 2550 4563; x_wconf 91' lang='lat' dir='ltr'><strong>minime</strong></span> <span class='ocrx_word' id='word_1_772' title='bbox 2570 4507 3118 4570; x_wconf 89' lang='lat' dir='ltr'><strong>circumscribereris;</strong></span> <span class='ocrx_word' id='word_1_773' title='bbox 3152 4505 3259 4560; x_wconf 92' lang='lat' dir='ltr'><strong>imo</strong></span> <span class='ocrx_word' id='word_1_774' title='bbox 3281 4505 3467 4571; x_wconf 89' lang='lat' dir='ltr'><strong>etiam,</strong></span> <span class='ocrx_word' id='word_1_775' title='bbox 3493 4518 3666 4575; x_wconf 76' lang='lat' dir='ltr'><strong>quan-</strong></span> 
     </span>
    </p>
   </div>
   <div class='ocr_carea' id='block_1_108' title="bbox 2086 4596 3669 4672">
    <p class='ocr_par' dir='ltr' id='par_1_108' title="bbox 2086 4596 3669 4672">
     <span class='ocr_line' id='line_1_108' title="bbox 2086 4596 3669 4672; baseline -0.004 -14"><span class='ocrx_word' id='word_1_776' title='bbox 2086 4611 2196 4658; x_wconf 90' lang='lat' dir='ltr'><strong>tum</strong></span> <span class='ocrx_word' id='word_1_777' title='bbox 2226 4606 2292 4658; x_wconf 90' lang='lat' dir='ltr'><strong>ad</strong></span> <span class='ocrx_word' id='word_1_778' title='bbox 2322 4602 2479 4672; x_wconf 88' lang='lat' dir='ltr'><strong>hujus</strong></span> <span class='ocrx_word' id='word_1_779' title='bbox 2504 4600 2951 4657; x_wconf 90' lang='lat' dir='ltr'><strong>incendiicrimen</strong></span> <span class='ocrx_word' id='word_1_780' title='bbox 2980 4599 3256 4663; x_wconf 87' lang='lat' dir='ltr'><strong>attinebat,</strong></span> <span class='ocrx_word' id='word_1_781' title='bbox 3282 4596 3434 4666; x_wconf 88' lang='lat' dir='ltr'><strong>cujus</strong></span> <span class='ocrx_word' id='word_1_782' title='bbox 3449 4600 3669 4652; x_wconf 86' lang='lat' dir='ltr'><strong>nomine</strong></span> 
     </span>
    </p>
   </div>
   <div class='ocr_carea' id='block_1_109' title="bbox 2086 4687 3666 4766">
    <p class='ocr_par' dir='ltr' id='par_1_109' title="bbox 2086 4687 3666 4766">
     <span class='ocr_line' id='line_1_109' title="bbox 2086 4687 3666 4766; baseline -0.006 -15"><span class='ocrx_word' id='word_1_783' title='bbox 2086 4697 2267 4751; x_wconf 89' lang='lat' dir='ltr'><strong>miseri</strong></span> <span class='ocrx_word' id='word_1_784' title='bbox 2293 4707 2451 4766; x_wconf 88' lang='lat' dir='ltr'><strong>atque</strong></span> <span class='ocrx_word' id='word_1_785' title='bbox 2476 4695 2715 4749; x_wconf 86' lang='lat' dir='ltr'><strong>infelices</strong></span> <span class='ocrx_word' id='word_1_786' title='bbox 2736 4693 2980 4747; x_wconf 89' lang='lat' dir='ltr'><strong>homines</strong></span> <span class='ocrx_word' id='word_1_787' title='bbox 3005 4690 3300 4762; x_wconf 79' lang='lat' dir='ltr'><strong>praesertim</strong></span> <span class='ocrx_word' id='word_1_788' title='bbox 3325 4687 3546 4759; x_wconf 89' lang='lat' dir='ltr'><strong>gloriari</strong></span> <span class='ocrx_word' id='word_1_789' title='bbox 3585 4689 3666 4742; x_wconf 88' lang='lat' dir='ltr'><strong>vi-</strong></span> 
     </span>
    </p>
   </div>
   <div class='ocr_carea' id='block_1_110' title="bbox 2085 4780 3669 4855">
    <p class='ocr_par' dir='ltr' id='par_1_110' title="bbox 2085 4780 3669 4855">
     <span class='ocr_line' id='line_1_110' title="bbox 2085 4780 3669 4855; baseline -0.007 -9"><span class='ocrx_word' id='word_1_790' title='bbox 2085 4792 2381 4855; x_wconf 90' lang='lat' dir='ltr'><strong>debantur,</strong></span> <span class='ocrx_word' id='word_1_791' title='bbox 2437 4804 2532 4844; x_wconf 90' lang='lat' dir='ltr'><strong>eos</strong></span> <span class='ocrx_word' id='word_1_792' title='bbox 2575 4785 2854 4841; x_wconf 81' lang='lat' dir='ltr'><strong>calumniae</strong></span> <span class='ocrx_word' id='word_1_793' title='bbox 2915 4783 3286 4838; x_wconf 88' lang='lat' dir='ltr'><strong>convinceres.</strong></span> <span class='ocrx_word' id='word_1_794' title='bbox 3337 4780 3469 4848; x_wconf 86' lang='lat' dir='ltr'><strong>Quae</strong></span> <span class='ocrx_word' id='word_1_795' title='bbox 3507 4780 3669 4850; x_wconf 85' lang='lat' dir='ltr'><strong>igitur</strong></span> 
     </span>
    </p>
   </div>
   <div class='ocr_carea' id='block_1_111' title="bbox 2089 4870 3669 4952">
    <p class='ocr_par' dir='ltr' id='par_1_111' title="bbox 2089 4870 3669 4952">
     <span class='ocr_line' id='line_1_111' title="bbox 2089 4870 3669 4952; baseline -0.005 -16"><span class='ocrx_word' id='word_1_796' title='bbox 2089 4883 2458 4952; x_wconf 82' lang='lat' dir='ltr'><strong>praeterierunt</strong></span> <span class='ocrx_word' id='word_1_797' title='bbox 2512 4887 2683 4934; x_wconf 88' lang='lat' dir='ltr'><strong>tecum</strong></span> <span class='ocrx_word' id='word_1_798' title='bbox 2737 4885 3021 4946; x_wconf 88' lang='lat' dir='ltr'><strong>reputans;</strong></span> <span class='ocrx_word' id='word_1_799' title='bbox 3077 4887 3270 4942; x_wconf 87' lang='lat' dir='ltr'><strong>nempe</strong></span> <span class='ocrx_word' id='word_1_800' title='bbox 3306 4883 3437 4938; x_wconf 88' lang='lat' dir='ltr'><strong>quot</strong></span> <span class='ocrx_word' id='word_1_801' title='bbox 3475 4870 3669 4928; x_wconf 76' lang='lat' dir='ltr'><strong>fluctus</strong></span> 
     </span>
    </p>
   </div>
   <div class='ocr_carea' id='block_1_112' title="bbox 2085 4964 3668 5040">
    <p class='ocr_par' dir='ltr' id='par_1_112' title="bbox 2085 4964 3668 5040">
     <span class='ocr_line' id='line_1_112' title="bbox 2085 4964 3668 5040; baseline -0.006 -12"><span class='ocrx_word' id='word_1_802' title='bbox 2085 4975 2188 5028; x_wconf 89' lang='lat' dir='ltr'><strong>orti</strong></span> <span class='ocrx_word' id='word_1_803' title='bbox 2220 4974 2344 5035; x_wconf 89' lang='lat' dir='ltr'><strong>sint,</strong></span> <span class='ocrx_word' id='word_1_804' title='bbox 2375 4972 2462 5040; x_wconf 94' lang='lat' dir='ltr'><strong>qui</strong></span> <span class='ocrx_word' id='word_1_805' title='bbox 2488 4983 2662 5024; x_wconf 89' lang='lat' dir='ltr'><strong>tamen</strong></span> <span class='ocrx_word' id='word_1_806' title='bbox 2683 4975 3052 5037; x_wconf 88' lang='lat' dir='ltr'><strong>tempestatem</strong></span> <span class='ocrx_word' id='word_1_807' title='bbox 3068 4966 3159 5020; x_wconf 84' lang='lat' dir='ltr'><strong>tibi</strong></span> <span class='ocrx_word' id='word_1_808' title='bbox 3187 4979 3293 5019; x_wconf 90' lang='lat' dir='ltr'><strong>non</strong></span> <span class='ocrx_word' id='word_1_809' title='bbox 3309 4964 3668 5031; x_wconf 80' lang='lat' dir='ltr'><strong>invexerunt;</strong></span> 
     </span>
    </p>
   </div>
   <div class='ocr_carea' id='block_1_113' title="bbox 2085 5054 3659 5136">
    <p class='ocr_par' dir='ltr' id='par_1_113' title="bbox 2085 5054 3659 5136">
     <span class='ocr_line' id='line_1_113' title="bbox 2085 5054 3659 5136; baseline -0.006 -16"><span class='ocrx_word' id='word_1_810' title='bbox 2085 5075 2216 5136; x_wconf 92' lang='lat' dir='ltr'><strong>quot</strong></span> <span class='ocrx_word' id='word_1_811' title='bbox 2244 5063 2518 5134; x_wconf 86' lang='lat' dir='ltr'><strong>procellae,</strong></span> <span class='ocrx_word' id='word_1_812' title='bbox 2549 5077 2670 5131; x_wconf 79' lang='lat' dir='ltr'><strong>quae</strong></span> <span class='ocrx_word' id='word_1_813' title='bbox 2718 5069 2894 5113; x_wconf 87' lang='lat' dir='ltr'><strong>tamen</strong></span> <span class='ocrx_word' id='word_1_814' title='bbox 2949 5056 3280 5127; x_wconf 77' lang='lat' dir='ltr'><strong>naufragium</strong></span> <span class='ocrx_word' id='word_1_815' title='bbox 3325 5054 3545 5112; x_wconf 81' lang='lat' dir='ltr'><strong>minime</strong></span> <span class='ocrx_word' id='word_1_816' title='bbox 3572 5070 3659 5125; x_wconf 82' lang='lat' dir='ltr'><strong>pe-</strong></span> 
     </span>
    </p>
   </div>
   <div class='ocr_carea' id='block_1_114' title="bbox 2088 5146 3674 5226">
    <p class='ocr_par' dir='ltr' id='par_1_114' title="bbox 2088 5146 3674 5226">
     <span class='ocr_line' id='line_1_114' title="bbox 2088 5146 3674 5226; baseline -0.008 -14"><span class='ocrx_word' id='word_1_817' title='bbox 2088 5163 2362 5226; x_wconf 89' lang='lat' dir='ltr'><strong>pererunt,</strong></span> <span class='ocrx_word' id='word_1_818' title='bbox 2391 5155 2462 5208; x_wconf 85' lang='lat' dir='ltr'><strong>ita</strong></span> <span class='ocrx_word' id='word_1_819' title='bbox 2493 5162 2549 5208; x_wconf 91' lang='lat' dir='ltr'><strong>ut</strong></span> <span class='ocrx_word' id='word_1_820' title='bbox 2587 5153 2796 5206; x_wconf 85' lang='lat' dir='ltr'><strong>furente</strong></span> <span class='ocrx_word' id='word_1_821' title='bbox 2820 5150 2953 5205; x_wconf 90' lang='lat' dir='ltr'><strong>mari</strong></span> <span class='ocrx_word' id='word_1_822' title='bbox 2982 5147 3264 5218; x_wconf 87' lang='lat' dir='ltr'><strong>tranquilla</strong></span> <span class='ocrx_word' id='word_1_823' title='bbox 3294 5146 3626 5218; x_wconf 82' lang='lat' dir='ltr'><strong>navigaveris</strong></span> <span class='ocrx_word' id='word_1_824' title='bbox 3656 5159 3674 5209; x_wconf 86' lang='lat'><strong>;</strong></span> 
     </span>
    </p>
   </div>
   <div class='ocr_carea' id='block_1_115' title="bbox 2087 5240 3672 5323">
    <p class='ocr_par' dir='ltr' id='par_1_115' title="bbox 2087 5240 3672 5323">
     <span class='ocr_line' id='line_1_115' title="bbox 2087 5240 3672 5323; baseline -0.011 -15"><span class='ocrx_word' id='word_1_825' title='bbox 2087 5265 2295 5323; x_wconf 88' lang='lat' dir='ltr'><strong>portum</strong></span> <span class='ocrx_word' id='word_1_826' title='bbox 2323 5252 2482 5306; x_wconf 86' lang='lat' dir='ltr'><strong>etiam</strong></span> <span class='ocrx_word' id='word_1_827' title='bbox 2513 5263 2615 5303; x_wconf 91' lang='lat' dir='ltr'><strong>una</strong></span> <span class='ocrx_word' id='word_1_828' title='bbox 2656 5262 2777 5302; x_wconf 89' lang='lat' dir='ltr'><strong>cum</strong></span> <span class='ocrx_word' id='word_1_829' title='bbox 2827 5244 3068 5314; x_wconf 89' lang='lat' dir='ltr'><strong>plurimis</strong></span> <span class='ocrx_word' id='word_1_830' title='bbox 3092 5241 3312 5298; x_wconf 83' lang='lat' dir='ltr'><strong>coronis</strong></span> <span class='ocrx_word' id='word_1_831' title='bbox 3359 5240 3672 5312; x_wconf 87' lang='lat' dir='ltr'><strong>propediem</strong></span> 
     </span>
    </p>
   </div>
   <div class='ocr_carea' id='block_1_116' title="bbox 2085 5331 3670 5414">
    <p class='ocr_par' dir='ltr' id='par_1_116' title="bbox 2085 5331 3670 5414">
     <span class='ocr_line' id='line_1_116' title="bbox 2085 5331 3670 5414; baseline -0.008 -14"><span class='ocrx_word' id='word_1_832' title='bbox 2085 5354 2355 5414; x_wconf 73' lang='lat' dir='ltr'><strong>exspecta.</strong></span> <span class='ocrx_word' id='word_1_833' title='bbox 2401 5341 2661 5407; x_wconf 86' lang='lat' dir='ltr'><strong>Quoniam</strong></span> <span class='ocrx_word' id='word_1_834' title='bbox 2691 5348 2868 5392; x_wconf 89' lang='lat' dir='ltr'><strong>autem</strong></span> <span class='ocrx_word' id='word_1_835' title='bbox 2913 5336 2980 5390; x_wconf 87' lang='lat' dir='ltr'><strong>de</strong></span> <span class='ocrx_word' id='word_1_836' title='bbox 3030 5333 3183 5390; x_wconf 89' lang='lat' dir='ltr'><strong>nobis</strong></span> <span class='ocrx_word' id='word_1_837' title='bbox 3220 5348 3434 5405; x_wconf 89' lang='lat' dir='ltr'><strong>quoque</strong></span> <span class='ocrx_word' id='word_1_838' title='bbox 3467 5331 3670 5401; x_wconf 87' lang='lat' dir='ltr'><strong>aliquid</strong></span> 
     </span>
    </p>
   </div>
   <div class='ocr_carea' id='block_1_117' title="bbox 2084 5425 3666 5503">
    <p class='ocr_par' dir='ltr' id='par_1_117' title="bbox 2084 5425 3666 5503">
     <span class='ocr_line' id='line_1_117' title="bbox 2084 5425 3666 5503; baseline -0.007 -13"><span class='ocrx_word' id='word_1_839' title='bbox 2084 5437 2268 5492; x_wconf 90' lang='lat' dir='ltr'><strong>audire</strong></span> <span class='ocrx_word' id='word_1_840' title='bbox 2299 5435 2469 5503; x_wconf 88' lang='lat' dir='ltr'><strong>cupis,</strong></span> <span class='ocrx_word' id='word_1_841' title='bbox 2503 5433 2753 5494; x_wconf 75' lang='lat' dir='ltr'><strong>vii/iuius,</strong></span> <span class='ocrx_word' id='word_1_842' title='bbox 2785 5429 3044 5494; x_wconf 86' lang='lat' dir='ltr'><strong>valemus,</strong></span> <span class='ocrx_word' id='word_1_843' title='bbox 3073 5427 3261 5482; x_wconf 89' lang='lat' dir='ltr'><strong>morbo</strong></span> <span class='ocrx_word' id='word_1_844' title='bbox 3289 5426 3434 5481; x_wconf 92' lang='lat' dir='ltr'><strong>omni</strong></span> <span class='ocrx_word' id='word_1_845' title='bbox 3459 5425 3666 5479; x_wconf 70' lang='lat' dir='ltr'><strong>liberati</strong></span> 
     </span>
    </p>
   </div>
   <div class='ocr_carea' id='block_1_118' title="bbox 2086 5515 3666 5596">
    <p class='ocr_par' dir='ltr' id='par_1_118' title="bbox 2086 5515 3666 5596">
     <span class='ocr_line' id='line_1_118' title="bbox 2086 5515 3666 5596; baseline -0.011 -12"><span class='ocrx_word' id='word_1_846' title='bbox 2086 5544 2288 5584; x_wconf 90' lang='lat' dir='ltr'><strong>sumus.</strong></span> <span class='ocrx_word' id='word_1_847' title='bbox 2319 5526 2472 5596; x_wconf 90' lang='lat' dir='ltr'><strong>Quod</strong></span> <span class='ocrx_word' id='word_1_848' title='bbox 2500 5527 2545 5580; x_wconf 88' lang='lat' dir='ltr'><strong>si</strong></span> <span class='ocrx_word' id='word_1_849' title='bbox 2571 5526 2731 5581; x_wconf 86' lang='lat' dir='ltr'><strong>etiam</strong></span> <span class='ocrx_word' id='word_1_850' title='bbox 2762 5532 3103 5593; x_wconf 67' lang='lat' dir='ltr'><strong>aegrotamus,</strong></span> <span class='ocrx_word' id='word_1_851' title='bbox 3132 5519 3382 5577; x_wconf 85' lang='lat' dir='ltr'><strong>idoneum</strong></span> <span class='ocrx_word' id='word_1_852' title='bbox 3410 5516 3562 5572; x_wconf 89' lang='lat' dir='ltr'><strong>nobis</strong></span> <span class='ocrx_word' id='word_1_853' title='bbox 3596 5515 3666 5567; x_wconf 90' lang='lat' dir='ltr'><strong>ad</strong></span> 
     </span>
    </p>
   </div>
   <div class='ocr_carea' id='block_1_119' title="bbox 2087 5609 3666 5696">
    <p class='ocr_par' dir='ltr' id='par_1_119' title="bbox 2087 5609 3666 5696">
     <span class='ocr_line' id='line_1_119' title="bbox 2087 5609 3666 5696; baseline -0.011 -20"><span class='ocrx_word' id='word_1_854' title='bbox 2087 5620 2505 5690; x_wconf 87' lang='lat' dir='ltr'><strong>recuperandam</strong></span> <span class='ocrx_word' id='word_1_855' title='bbox 2549 5618 2827 5673; x_wconf 87' lang='lat' dir='ltr'><strong>sanitatem</strong></span> <span class='ocrx_word' id='word_1_856' title='bbox 2882 5613 3179 5691; x_wconf 66' lang='lat' dir='ltr'><strong>remedium</strong></span> <span class='ocrx_word' id='word_1_857' title='bbox 3232 5619 3317 5667; x_wconf 81' lang='lat' dir='ltr'><strong>est</strong></span> <span class='ocrx_word' id='word_1_858' title='bbox 3356 5609 3567 5696; x_wconf 68' lang='lat' dir='ltr'><strong>sincera</strong></span> <span class='ocrx_word' id='word_1_859' title='bbox 3610 5616 3666 5651; x_wconf 74' lang='lat' dir='ltr'><strong>et</strong></span> 
     </span>
    </p>
   </div>
   <div class='ocr_carea' id='block_1_120' title="bbox 2087 5695 3671 5783">
    <p class='ocr_par' dir='ltr' id='par_1_120' title="bbox 2087 5695 3671 5783">
     <span class='ocr_line' id='line_1_120' title="bbox 2087 5695 3671 5783; baseline -0.016 -11"><span class='ocrx_word' id='word_1_860' title='bbox 2087 5716 2319 5783; x_wconf 84' lang='lat' dir='ltr'><strong>fervens,</strong></span> <span class='ocrx_word' id='word_1_861' title='bbox 2347 5729 2410 5769; x_wconf 88' lang='lat' dir='ltr'><strong>ac</strong></span> <span class='ocrx_word' id='word_1_862' title='bbox 2455 5713 2610 5768; x_wconf 89' lang='lat' dir='ltr'><strong>firma</strong></span> <span class='ocrx_word' id='word_1_863' title='bbox 2652 5719 2706 5765; x_wconf 86' lang='lat' dir='ltr'><strong>et</strong></span> <span class='ocrx_word' id='word_1_864' title='bbox 2747 5717 2996 5764; x_wconf 81' lang='lat' dir='ltr'><strong>constans</strong></span> <span class='ocrx_word' id='word_1_865' title='bbox 3038 5717 3125 5762; x_wconf 85' lang='lat' dir='ltr'><strong>tua</strong></span> <span class='ocrx_word' id='word_1_866' title='bbox 3167 5719 3292 5774; x_wconf 81' lang='lat' dir='ltr'><strong>erga</strong></span> <span class='ocrx_word' id='word_1_867' title='bbox 3324 5715 3406 5755; x_wconf 87' lang='lat' dir='ltr'><strong>me</strong></span> <span class='ocrx_word' id='word_1_868' title='bbox 3443 5695 3671 5746; x_wconf 57' lang='lat' dir='ltr'><strong>catillis-</strong></span> 
     </span>
    </p>
   </div>
  </div>
