4058 6218
413 301 517 361 659

406 427 541 490 Quot
566 419 673 476 iam
699 417 865 492 igitur
884 436 988 477 non
1011 420 1212 491 vulgari
1249 418 1519 489 voluptate
1546 414 1831 480 allicimur,
1860 429 1983 470 cum

406 514 475 567 de
502 520 592 566 tua
619 514 919 570 valetudine
937 526 1002 568 ac
1027 512 1182 584 plena
1206 512 1495 567 securitate
1520 524 1678 580 quam
1695 508 1991 579 saepissime

407 603 605 674 aliquid
633 602 899 666 audimus,
924 611 997 667 te,
1029 602 1080 656 id
1101 601 1245 673 quod
1274 602 1438 656 etiam
1462 615 1569 655 non
1598 610 1782 670 rogata
1807 598 1991 655 facere

410 697 575 760 soles,
606 711 878 768 rogamus,
902 705 960 751 ut
984 694 1054 752 de
1075 705 1185 763 tua,
1207 694 1733 765 domesticorumque
1774 701 1990 748 tuorum

408 787 647 843 omnium
692 802 756 844 ac
783 789 1207 844 necessariorum
1234 786 1544 842 valetudine
1588 786 1784 855 saepius
1802 784 1870 839 ad
1893 798 1994 839 nos

404 879 613 937 scribas
643 899 661 937 :
690 894 796 935 non
822 880 966 937 enim
998 880 1231 950 ignoras,
1261 885 1461 949 quanta
1491 876 1566 932 tui
1594 876 1860 947 totiusque
1884 881 1996 930 tua:

408 974 704 1032 benedicta
719 974 912 1032 domus
932 990 1060 1032 cura
1089 983 1301 1030 teneam
1311 988 1394 1028 ur.

974 1106 1072 1164 XC
1082 1107 1144 1164 V.
1184 1106 1419 1163 Pwauio.

477 1244 671 1303 Gravia
699 1253 826 1301 sunt
852 1260 914 1300 ea
939 1261 1059 1315 qure
1082 1244 1422 1315 contigerunt
1452 1263 1467 1298 :
1488 1250 1544 1297 at
1565 1257 1669 1298 non
1700 1240 1771 1296 oh
1791 1236 1997 1309 eosqui

408 1336 551 1405 passi
576 1345 721 1402 sunt,
768 1335 1081 1406 fortiterque
1133 1336 1185 1390 in
1227 1335 1343 1389 acie
1396 1340 1681 1396 steterunt,
1716 1346 1900 1386 verum
1925 1328 1997 1383 ob

406 1442 502 1480 eos
524 1428 612 1498 qui
663 1443 726 1481 ea
766 1434 1165 1497 perpetrarunt,
1191 1425 1477 1495 lugendum
1503 1435 1605 1479 est.
1632 1421 1995 1490 Quemadmo-

406 1518 534 1571 dum
564 1518 706 1572 enim
736 1533 856 1587 qua:
881 1517 1145 1571 difﬁcilius
1165 1526 1458 1572 enecantur
1485 1512 1635 1580 fune,
1658 1525 1850 1583 magno
1875 1524 1996 1564 cum

408 1608 591 1664 furore
637 1608 691 1662 in
743 1607 1014 1662 hastarum
1061 1606 1310 1677 cuspides
1351 1606 1657 1669 irruentes,
1714 1604 1767 1657 in
1813 1594 1998 1657 intima

407 1698 614 1755 viscera
635 1697 843 1768 gladios
871 1696 1192 1768 protrudunt
1220 1715 1234 1753 :
1258 1695 1447 1752 eodem
1499 1694 1660 1750 modo
1702 1693 1737 1748 ii
1764 1706 1997 1764 quoque,

410 1789 502 1858 qui
530 1787 647 1844 haec
688 1790 894 1845 scelera
917 1788 1201 1859 designare
1243 1803 1349 1842 non
1390 1786 1673 1852 dubitant,
1699 1799 1917 1857 gravem
1944 1793 2000 1839 et

413 1881 665 1948 acerbum
718 1880 978 1950 gehennae
1019 1882 1194 1951 ignem
1232 1879 1490 1935 adversus
1519 1878 1693 1949 capita
1731 1893 1826 1934 sua
1852 1875 2001 1932 colli-

410 1980 561 2041 gunt.
586 1970 740 2039 Quod
786 1972 834 2027 si
880 1972 1043 2027 etiam
1072 1972 1228 2028 obea
1274 1986 1396 2042 quae
1436 1971 1637 2027 faciunt
1684 1969 1996 2041 gloriantur,

418 2062 522 2120 hoc
543 2065 659 2133 ipso
684 2064 899 2119 nomine
931 2065 1265 2134 potissimum
1292 2064 1472 2118 miseri
1490 2073 1635 2128 sunt,
1656 2062 2001 2132 pluribusque

418 2155 674 2229 iacrymis
712 2156 875 2227 digni,
907 2157 1049 2227 quod
1102 2156 1203 2212 hac
1242 2173 1458 2227 quoque
1486 2156 1691 2212 ratione
1728 2155 2002 2226 graviores

412 2248 649 2318 sibiipsis
680 2263 864 2317 poenas
883 2258 1180 2304 accersant.
1223 2249 1584 2316 Quamobrem
1615 2248 1714 2303 hos
1743 2254 2001 2316 perpetuo

416 2340 545 2395 fletu
577 2340 826 2410 prosequi
858 2355 955 2408 par
976 2348 1059 2395 est
1089 2361 1104 2395 :
1134 2341 1197 2394 iis
1222 2349 1432 2405 contra,
1468 2340 1558 2409 qui
1601 2338 1670 2392 ab
1700 2338 1830 2408 ipsis
1863 2337 2001 2392 adeo

416 2429 706 2485 crudeliter
734 2438 1056 2497 mactantur,
1085 2431 1156 2485 ob
1179 2432 1395 2499 praemia
1420 2443 1754 2498 coronasque
1778 2428 1831 2483 in
1857 2428 2003 2484 caelis

417 2520 726 2576 reconditas
748 2522 1002 2592 gratulari
1027 2521 1299 2587 convenit,
1330 2530 1489 2591 atque
1517 2520 1622 2575 hoe
1639 2519 1926 2574 maximum
1949 2525 2005 2573 et

417 2612 900 2668 luculentissitnum
935 2613 1110 2668 letalis
1139 2613 1305 2683 plagae
1347 2611 1562 2665 diabolo
1592 2609 1808 2665 inﬂictae
1839 2624 1999 2679 argu-

419 2713 656 2758 mentum
684 2704 1014 2760 existimare.
1039 2702 1174 2758 Nam
1200 2702 1300 2757 nisi
1325 2702 1415 2758 ille
1449 2701 1608 2757 letale
1635 2700 1826 2755 vulnus
1849 2713 2005 2755 acce-

419 2799 608 2867 pisset,
634 2794 1046 2867 haudquaquam
1077 2812 1172 2865 per
1194 2810 1309 2859 eos,
1336 2794 1426 2865 qui
1472 2794 1568 2866 ipsi
1610 2793 2004 2862 obtemperant,

420 2898 598 2942 tantos
617 2886 772 2942 ﬂatus
797 2887 1075 2944 edidisset.
1102 2886 1228 2942 Haec
1257 2886 1417 2957 igitur
1436 2884 1616 2959 omnia
1640 2893 1819 2940 tecum
1842 2898 2005 2953 repuo

420 2988 563 3046 tans,
588 2978 804 3034 domine
832 2978 904 3033 mi
942 2993 1283 3049 summopere
1320 2976 1632 3032 admirande
1654 3016 1671 3042 ,
1716 2974 2005 3030 maximam

421 3070 548 3127 hinc
571 3070 994 3125 consolationem
1023 3084 1176 3138 cape,
1200 3068 1374 3139 deque
1405 3078 1494 3122 tua
1522 3066 1826 3122 valetudine
1846 3079 2008 3136 quam

421 3161 718 3237 szepissime
746 3161 814 3216 ad
834 3175 932 3216 nos
959 3160 1156 3216 scribe.
1178 3159 1390 3215 Etenim
1424 3169 1476 3214 te
1499 3157 1717 3229 quidem
1746 3173 1971 3213 cernere
1988 3197 2005 3226 ,

421 3264 584 3324 atque
609 3252 750 3308 istud
793 3251 952 3308 nobis
985 3267 1171 3307 earnm
1209 3259 1370 3320 caput
1406 3248 1694 3320 complecti
1722 3249 2005 3319 cupimus:

420 3344 675 3415 quoniam
700 3354 880 3401 autem
907 3344 960 3400 id
979 3343 1199 3398 minime
1221 3343 1364 3406 licet,
1388 3351 1440 3398 te
1463 3357 1562 3397 oro
1584 3349 1746 3412 atque
1761 3341 2008 3408 obsecro,

427 3447 485 3494 ut
506 3448 561 3495 et
580 3439 697 3509 ipse
720 3438 790 3496 de
820 3447 908 3495 tua
940 3436 1248 3494 valetudine
1285 3451 1387 3492 nos
1413 3435 1605 3493 crebro
1636 3434 1896 3492 certiores
1933 3434 2013 3488 fa-

425 3532 558 3598 cias,
586 3532 725 3587 etiis
749 3531 840 3602 qui
864 3531 1018 3586 valde
1034 3545 1133 3586 nos
1159 3539 1373 3598 amant,
1400 3544 1648 3602 magnam
1675 3528 1745 3585 ad
1765 3527 2015 3586 eamdem

424 3639 539 3679 rem
562 3621 867 3678 facultatem
893 3622 1086 3678 afferas
1108 3622 1150 3675 ³.

423 3776 519 3835 XC
532 3777 624 3833 Vl.
665 3778 955 3851 Amputch
981 3778 1281 3835 diaconisue
1303 3786 1453 3847 omne
1492 3775 1599 3830 illis
1623 3789 1737 3847 qua
1764 3789 1879 3829 cum
1904 3772 2019 3844 ipsa

851 3880 992 3928 sunt.
1013 3870 1034 3947 (
1048 3870 1255 3927 Cueuso
1276 3884 1418 3925 anno
1430 3864 1596 3942 404.)

499 4004 717 4061 Fluctus
739 4045 756 4071 ,
795 4004 1017 4074 rupibus
1055 4002 1215 4070 illisi,
1243 4017 1336 4058 eas
1361 4000 1574 4072 quidem
1611 4014 1713 4056 nec
1756 3997 2018 4056 tantillum

334 4124 349 4135 κ
423 4111 772 4153 commovere
800 4102 1060 4166 possunt,
1090 4092 1193 4165 ipsi
1217 4103 1397 4149 autem
1417 4108 1535 4148 sese
1560 4091 1736 4161 potius
1758 4090 1828 4145 ob
1852 4088 2019 4145 vehe-

426 4197 663 4243 mentem
688 4188 944 4257 impetum
978 4185 1230 4255 frangunt
1248 4200 1312 4241 ac
1338 4184 1408 4241 de
1428 4185 1604 4240 medio
1629 4184 1842 4239 tollunt.
1868 4181 2022 4250 Quod

426 4282 588 4337 etiam
619 4294 762 4334 nunc
789 4277 844 4335 in
869 4277 1041 4344 vobis,
1068 4285 1123 4333 et
1144 4277 1197 4331 in
1222 4277 1286 4331 iis
1304 4280 1392 4347 qui
1414 4277 1566 4332 vobis
1588 4276 1806 4331 insidias
1830 4275 2021 4331 frustra

426 4372 741 4438 moliuntur,
764 4370 989 4441 perspici
1012 4375 1203 4440 potest.
1226 4368 1435 4424 Etenim
1457 4367 1581 4422 hinc
1607 4365 1758 4424 vobis
1779 4376 1836 4423 et
1855 4366 2025 4436 major

431 4463 574 4534 apud
599 4463 764 4517 Deum
795 4461 984 4516 fiducia
1009 4469 1065 4516 et
1081 4460 1250 4532 major
1266 4459 1406 4530 apud
1429 4457 1673 4514 homines
1691 4460 1855 4529 gloria
1876 4472 2025 4513 com-

435 4564 697 4625 paratur,
749 4554 855 4609 illis
891 4564 1077 4608 eontra
1118 4552 1491 4608 condemnatio
1530 4558 1588 4606 et
1630 4550 1919 4620 ignominia
1968 4557 2024 4604 et

433 4648 708 4717 probrum.
730 4645 1169 4717 Quandoquidem
1189 4660 1251 4700 ea
1281 4659 1494 4715 quoque
1514 4643 1727 4699 virtutis
1750 4651 1806 4698 et
1826 4642 2027 4713 impro-

431 4738 618 4795 lutatis
646 4748 833 4794 natura
857 4746 957 4803 est,
982 4745 1040 4792 ut
1061 4736 1149 4791 illa
1177 4744 1289 4790 tum
1319 4735 1487 4807 magis
1511 4735 1718 4800 ﬂoreat,
1739 4748 1860 4789 cum
1883 4734 2025 4790 bello

428 4840 661 4887 vexatur
687 4849 703 4887 :
733 4831 849 4887 haec
867 4839 1075 4898 contra,
1101 4831 1262 4886 etiam
1283 4844 1406 4884 cum
1434 4828 1628 4884 bellum
1648 4828 1829 4894 infert,
1858 4828 2025 4885 imbe-

428 4923 610 4978 rillior
620 4924 892 4991 reddatur,
906 4934 1066 4995 atque
1085 4923 1185 4978 hac
1203 4922 1432 4978 maxime
1450 4923 1655 4977 ratione
1674 4922 2023 4991 opprimatur.

430 5012 567 5069 Cum
610 5014 771 5086 igitur
805 5031 871 5069 ex
914 5015 981 5071 iis
1005 5030 1125 5086 qua:
1168 5012 1302 5070 fiunt
1338 5014 1607 5085 ingentem
1646 5012 2026 5069 consolationis

432 5120 623 5161 ausam
672 5107 956 5176 habeatis,
1000 5107 1225 5178 gaudete
1268 5122 1332 5162 ac
1373 5106 1624 5162 iaetamini
1653 5147 1670 5174 ,
1718 5105 2028 5176 fortiterque

439 5197 599 5266 agite.
643 5195 827 5269 Neque
872 5200 1014 5252 enim
1039 5213 1138 5253 vos
1162 5197 1332 5268 fugit,
1380 5197 1696 5268 quibusnam
1744 5195 2027 5267 propositis

443 5289 676 5359 praemiis
703 5290 771 5345 ad
801 5299 908 5347 tam
950 5305 1110 5361 grave
1137 5300 1409 5345 certamen
1456 5305 1556 5345 vos
1593 5289 1900 5344 accinxistis
1927 5328 1943 5352 ,
1974 5295 2030 5342 et

442 5395 689 5451 quaenam
718 5396 836 5451 vos,
865 5382 911 5436 si
937 5397 999 5438 ea
1026 5397 1145 5453 quze
1170 5380 1415 5437 accidunt
1444 5379 1732 5461 fortiter’et
1754 5394 1877 5435 cum
1901 5393 2026 5449 gnt-

508 5513 525 5576 8
563 5519 763 5576 κρίμα.
787 5511 984 5576 obsecro
1006 5518 1058 5576 ut
1076 5519 1121 5576 et
1137 5525 1239 5576 ipse
1260 5511 1429 5576 crebro
1450 5512 1517 5562 ad
1538 5524 1622 5560 nos
1653 5509 1836 5576 scribas
1856 5508 1920 5576 {fe
1947 5514 2031 5576 tua

443 5568 799 5644 valetudine}:
821 5574 1012 5644 quoicui
1031 5568 1305 5644 istie'vitmn
1326 5573 1493 5644 deque,
1504 5579 1558 5644 ,ει
1576 5586 1670 5643 (μεθ
1687 5571 1745 5644 in
1759 5568 2033 5621 (nuntiatio-

443 5648 502 5685 tu?
524 5646 567 5687 et
591 5634 844 5686 alacritate
862 5635 931 5687 sis
948 5647 968 5688 .'
991 5636 1043 5686 in
1063 5634 1152 5686 tali
1169 5634 1295 5685 enim
1316 5634 1573 5685 solitudine
1596 5634 1798 5683 nitentes
1819 5645 1910 5681 non
1929 5644 2032 5680 mr-

432 5699 659 5768 tdiocrem
682 5699 1044 5768 νοοιδοςιιίῡηεηι
1066 5695 1381 5758 tucrabimur,
1408 5695 1452 5749 si
1474 5695 1561 5747 has
1586 5695 1646 5746 de
1662 5701 1747 5745 tua
1768 5692 2031 5746 rerercntia

441 5766 613 5813 literas
635 5766 975 5822 acceperimus.

1114 295 1170 358 S.
1212 296 1490 357 JOANNIS
1526 291 2001 353 CIIRYSOSTOIH
2037 291 2356 352 ARClllEP.
2394 295 2931 355 CONSTANTINOP.

3574 298 3680 358 660

2102 415 2294 471 tiarum
2323 416 2535 474 actione
2560 412 2823 484 tuleritis,
2863 417 3000 471 bona
3028 424 3279 472 maneant
3298 457 3314 483 ,
3344 431 3409 473 ca
3436 415 3636 473 scilicet
3661 450 3680 476 9

2095 524 2216 580 qua:
2241 524 2342 565 nec
2379 508 2567 565 oculus
2589 510 2721 565 vidit
2741 550 2758 574 ,
2803 526 2901 564 nec
2935 509 3084 564 auris
3118 509 3359 574 audivit,
3384 524 3484 565 nec
3514 508 3565 563 in
3590 524 3682 566 cor

2096 596 2328 655 hominis
2352 600 2708 656 ascenderunt
2738 600 2831 672 (ι.
2859 600 2980 655 Cor.
3001 598 3055 654 2.
3084 599 3179 669 9).
3208 601 3387 672 Atque
3423 600 3683 656 molestia:

2096 691 2311 762 quidem
2333 692 2439 748 illa:
2459 692 2651 761 ﬂuunt,
2678 708 2742 749 ac
2765 694 2921 750 simul
2942 708 3064 748 cum
3082 695 3329 763 praesenti
3354 695 3453 749 vita
3477 696 3689 751 castiu-

2097 791 2328 853 guuntur
2354 799 2371 837 :
2399 784 2615 854 praemia
2643 799 2771 839 vero
2796 798 2859 839 ea
2880 825 2896 848 ,
2925 799 3044 854 quia
3071 783 3195 839 hinc
3215 795 3625 855 comparantur,
3652 802 3686 840 a

2098 885 2274 932 morte
2309 874 2484 932 aliena
2525 886 2668 932 sunt.
2700 874 2839 946 Quin
2865 877 3027 933 etiam
3055 886 3181 932 ante
3222 892 3288 933 ea
3331 878 3546 947 premis
3575 894 3688 933 non

2101 983 2320 1039 parvam
2348 967 2477 1026 hinc
2518 984 2730 1040 quoque
2758 970 3084 1061 voluptatem
3130 971 3398 1042 percipitis
3422 1010 3440 1035 ,
3484 971 3692 1041 quippe

2032 1072 2039 1077 ‘
2084 1075 2233 1141 ’quas
2258 1060 2413 1119 boote
2453 1061 2792 1118 conscientia:
2817 1060 2940 1133 Spes
2962 1104 2979 1128 ,
3029 1078 3094 1118 ae
3120 1078 3438 1119 coronarum
3469 1064 3681 1119 illarum

2098 1152 2427 1222 exspectatio
2446 1160 2647 1221 pascat.
2679 1152 2804 1208 llaec
2824 1167 2983 1223 porro
3004 1153 3098 1209 tibi
3115 1162 3242 1209 ante
3262 1152 3445 1208 literas
3475 1163 3691 1208 nostras

2098 1249 2227 1297 nota
2251 1257 2395 1308 esse,
2422 1258 2527 1297 non
2556 1259 2641 1298 me
2665 1242 2833 1312 fugit:
2859 1258 3066 1315 verum,
3086 1253 3147 1299 ut
3174 1244 3464 1314 longiorem
3487 1243 3693 1314 episto-

2102 1333 2208 1391 iam
2251 1336 2522 1392 efficerem
2553 1377 2570 1403 ,
2614 1335 3038 1392 cohortationem
3082 1335 3326 1405 produxi.
3374 1334 3509 1391 illud
3539 1335 3687 1389 enim

2103 1427 2261 1496 plane
2293 1427 2407 1483 scio
2434 1468 2451 1493 .
2482 1435 2535 1482 te
2562 1426 2760 1497 ingenti
2788 1426 3019 1497 quodam
3049 1427 3324 1482 literarum
3375 1437 3684 1481 nostrarum

2102 1517 2371 1573 desiderio
2410 1518 2579 1573 teneri
2605 1534 2622 1583 ;
2652 1517 2811 1588 idque
2837 1532 3013 1572 causa:
3039 1531 3160 1572 esse
3199 1525 3328 1586 puto
3350 1557 3366 1582 ,
3410 1532 3509 1572 cur
3536 1518 3693 1573 nobis

2103 1624 2169 1666 eo
2194 1610 2408 1665 nomine
2444 1609 2636 1665 crebro
2664 1623 2982 1665 succenseas
3011 1650 3027 1675 ,
3069 1608 3213 1678 quod
3241 1608 3416 1664 minus
3442 1623 3587 1678 sape
3621 1604 3691 1664 ad

2105 1710 2157 1757 te
2176 1701 2571 1772 scripserimus.
2590 1701 2773 1772 Neque
2787 1702 2930 1757 enim
2951 1701 3292 1772 cupiditatem
3315 1710 3456 1757 tuam
3476 1702 3692 1772 explere

2104 1806 2388 1864 possumus
2409 1834 2427 1860 ,
2466 1794 2710 1863 quamvis
2751 1793 2911 1848 etiam
2959 1791 3195 1862 quotidie
3234 1792 3420 1847 literas
3458 1792 3690 1848 demus:

2105 1885 2229 1953 quia
2250 1899 2316 1940 ex
2331 1884 2574 1954 epistolis
2596 1884 2790 1939 nostris
2811 1883 3046 1954 pendere
3066 1884 3280 1939 videris.
3303 1884 3442 1939 Deus
3463 1883 3557 1941 tibi
3580 1894 3694 1940 tum

2108 1976 2162 2030 in
2194 1976 2293 2032 liae
2317 1978 2425 2031 vita
2444 2019 2461 2042 ,
2490 1986 2600 2031 tum
2639 1978 2692 2032 in
2724 1976 2900 2032 futuro
2921 1992 3039 2032 :evo
3064 1976 3288 2046 hujusce
3316 1992 3441 2048 erga
3470 1992 3572 2033 nos
3598 1994 3694 2033 ca—

2107 2069 2279 2123 ritatis
2299 2067 2601 2124 mercedem
2627 2067 2903 2138 rependat.
2929 2067 3039 2123 Nos
3058 2068 3273 2137 quidem
3293 2079 3463 2135 certe,
3486 2069 3700 2138 quoties

2107 2160 2298 2229 quibus
2321 2159 2510 2214 demus
2524 2169 2831 2225 occurrunt,
2862 2158 2932 2214 ad
2957 2168 3011 2215 te
3027 2158 3262 2214 scribere
3287 2159 3505 2215 minime
3525 2160 3698 2214 inter-

2108 2253 2406 2309 mittimus:
2433 2266 2498 2308 ac
2537 2266 2669 2306 sane
2703 2265 2803 2305 nos
2838 2249 2985 2320 ipsos
3005 2265 3214 2304 summo
3240 2248 3499 2304 beneflcio
3525 2249 3697 2304 allici-

2112 2359 2232 2399 mus
2253 2385 2271 2412 ,
2298 2360 2423 2400 eum
2464 2343 2521 2400 id
2560 2344 2822 2407 facimus,
2854 2352 3011 2413 teque
3052 2357 3210 2413 quam
3240 2341 3562 2399 creberrime
3602 2357 3701 2413 per

2109 2436 2293 2491 literas
2315 2435 2629 2491 salutamus.
2653 2433 2922 2506 Siquidem
2942 2437 3218 2489 caritatem
3242 2448 3384 2499 eam,
3412 2449 3571 2503 quam
3593 2448 3695 2488 no—

2110 2526 2194 2581 bis
2221 2529 2447 2596 primum
2473 2525 2702 2596 injecisti
2724 2565 2743 2592 ,
2786 2534 3045 2595 perpetuo
3070 2524 3333 2595 vigentem
3358 2523 3655 2580 retinemns
3679 2540 3698 2587 ;

2110 2626 2172 2673 ut
2193 2618 2400 2673 etiamsi
2433 2608 2586 2673 nobis
2614 2615 2812 2672 diutius
2838 2616 3014 2671 adhuc
3038 2630 3067 2669 a
3096 2615 3250 2671 vobis
3275 2615 3464 2671 abesse
3483 2616 3701 2672 contin-

2111 2720 2220 2780 gat,
2251 2727 2318 2766 ne
2345 2711 2423 2766 sic
2441 2710 2653 2780 quidem
2676 2718 2852 2765 tamen
2878 2709 2992 2779 ipsa
3017 2707 3331 2764 imbecillior
3350 2708 3489 2763 eflici
3516 2717 3707 2778 queat.

2112 2803 2321 2859 Etenim
2348 2802 2544 2873 ubique
2571 2816 2666 2856 vos
2692 2800 2872 2855 animo
2897 2798 3351 2866 circumferimus,
3377 2798 3573 2855 mentis
3596 2814 3698 2854 ve-

2113 2904 2239 2949 stra:
2264 2892 2620 2950 constantiam
2662 2891 3037 2959 ingentemque
3064 2888 3431 2944 fortitudinem
3474 2887 3544 2943 ad
3583 2896 3704 2943 stu-

2115 3000 2296 3056 porem
2322 2998 2489 3054 usque
2508 2983 2786 3038 mirantes.
2800 2978 3156 3048 Quamobrem
3177 2979 3290 3049 ipsa
3309 2978 3498 3033 crebro
3515 2978 3583 3035 ad
3605 2993 3713 3033 nos

2121 3076 2190 3132 de
2215 3086 2300 3131 tua
2324 3075 2843 3144 domesticorumque
2879 3081 3088 3128 tuorum
3129 3070 3366 3126 omnium
3401 3069 3708 3126 valetudine

2116 3168 2291 3224 scribe
2308 3209 2325 3235 ,
2355 3182 2461 3238 quo
2491 3164 2617 3222 hinc
2653 3178 2867 3237 quoque
2891 3177 3136 3233 magnam
3163 3161 3580 3218 consolationem
3607 3175 3700 3216 cav-

2118 3276 2344 3333 ptumus.

2189 3395 2286 3451 XC
2298 3394 2424 3450 VII.
2458 3393 2687 3466 Hypatio
2712 3393 3020 3465 presbytero.
3045 3390 3293 3464 (Cueuso
3316 3403 3458 3444 anno
3480 3385 3637 3460 ωδ.)

2193 3531 2377 3601 Nosti,
2424 3531 2638 3587 domine
2666 3532 2736 3584 mi
2767 3524 3209 3584 reverendissime
3230 3564 3247 3590 ,
3277 3532 3528 3596 quantam
3557 3522 3715 3576 vobis

2122 3626 2447 3681 calamitates
2467 3640 2568 3693 ea},
2593 3639 2711 3693 qua:
2741 3622 2832 3676 Dei
2851 3634 3012 3677 causa
3037 3620 3355 3683 subeuntur,
3378 3614 3711 3679 mercedem,

2122 3725 2422 3788 quantaque
2449 3714 2665 3784 praemia
2689 3722 2741 3767 et
2767 3719 2993 3781 quantas
3020 3722 3243 3763 coronas
3273 3707 3444 3761 ferant
3470 3723 3484 3759 :
3515 3720 3709 3773 quant-

2123 3810 2309 3863 obrem
2346 3804 2483 3877 nihil
2502 3819 2688 3860 eorum
2725 3818 2845 3873 quae
2867 3802 3001 3856 fiunt
3032 3809 3083 3854 te
3107 3795 3422 3861 conturbet,
3450 3794 3719 3864 siquidem

2124 3908 2219 3950 eos
2245 3892 2482 3958 demunt,
2512 3891 2600 3962 qui
2626 3888 2883 3945 scelerate
2906 3884 3105 3956 aliquid
3131 3882 3346 3944 faciunt,
3375 3880 3558 3950 lugere
3581 3892 3712 3933 eon-

2127 3986 2293 4042 venit.
2323 3984 2453 4039 Nam
2477 3984 2509 4038 ii
2535 3993 2680 4039 certe
2708 3979 2945 4051 suntqui
2969 3989 3247 4033 sescentas
3272 3974 3528 4029 adversus
3552 3980 3714 4040 caput

2124 4095 2282 4137 suum
2311 4094 2498 4148 poenas
2525 4084 2838 4147 congerunt.
2866 4074 2945 4128 Tu
2977 4072 3133 4142 igitur
3154 4110 3172 4137 ,
3201 4077 3257 4123 ut
3281 4076 3333 4122 te
3355 4064 3575 4135 dignum
3601 4071 3711 4129 est,

2125 4189 2247 4230 eaut
2273 4187 2430 4242 quam
2456 4170 2730 4236 convenit,
2758 4165 3115 4222 fortitudinem
3143 4170 3332 4231 praesta
3360 4176 3374 4212 :
3404 4166 3563 4228 atque
3591 4154 3713 4209 illo-

2129 4281 2246 4320 l'lllll
2275 4262 2491 4319 technas
2520 4271 2574 4316 et
2599 4259 2820 4315 insidias
2857 4256 3062 4311 facilius
3081 4295 3096 4320 ,
3126 4267 3288 4323 quam
3313 4261 3524 4304 araneae
3552 4246 3719 4301 telam

2130 4357 2376 4424 discerpe
2407 4372 2420 4407 :
2449 4352 2623 4421 deque
2666 4361 2751 4404 tua
2781 4346 3083 4403 valetudine
3115 4359 3274 4415 quam
3311 4339 3605 4411 sepissime
3645 4336 3715 4390 ad

2129 4464 2229 4505 nos
2271 4447 2465 4503 scribe.
2495 4445 2679 4515 Magna
2710 4442 2854 4497 enim
2879 4480 2897 4505 ,
2925 4440 2977 4493 in
3003 4438 3173 4492 aliena
3219 4433 3345 4489 licet
3372 4430 3586 4502 regione
3614 4427 3710 4483 de-

2128 4552 2315 4613 gentes
2343 4555 2407 4595 ae
2426 4542 2823 4594 commorantes
2844 4574 2860 4600 ,
2890 4528 3307 4587 consolationem
3332 4524 3603 4594 capiemus
3620 4560 3640 4587 ,
3668 4517 3713 4573 si

2105 4630 2439 4707 .liujasmodi
2465 4630 2561 4686 abs
2591 4638 2645 4686 te
2668 4628 2851 4683 literas
2873 4622 3217 4693 accipiamus.

2304 4764 2571 4823 XCVIII.
2601 4762 2895 4820 Chalcidia'.
2938 4757 3186 4831 (Cueuso
3212 4767 3354 4808 anno
3377 4750 3548 4821 ιω.)

2201 4908 2317 4966 Non
2348 4905 2553 4977 vulgari
2572 4902 2759 4959 dolore
2784 4897 2960 4954 affecti
2984 4910 3189 4959 sumus,
3216 4908 3336 4949 eum
3365 4901 3416 4947 te
3439 4901 3545 4947 tam
3567 4893 3740 4960 gravi

2133 4999 2323 5057 morbo
2350 4996 2519 5053 teneri
2548 4992 2870 5064 accepimus.
2897 4989 3014 5045 Seis
3033 4986 3173 5043 enim
3190 5026 3206 5052 ,
3234 4980 3571 5038 ornatissima
3599 4998 3724 5038 mea

2132 5109 2195 5149 ae
2210 5086 2607 5162 religiosissima
2620 5084 2855 5150 domina,
2876 5089 3075 5151 quanto
3087 5074 3399 5131 valetudinis
3421 5080 3522 5126 tua:
3540 5071 3663 5125 stud
3694 5084 3728 5122 ο

2135 5158 2429 5245 teneamur.
2460 5178 2814 5250 Quamobrem
2835 5190 2905 5230 ne
2924 5186 3050 5228 cura
3071 5177 3123 5224 et
3142 5163 3493 5222 sollicitudine
3517 5177 3581 5218 cr
3614 5161 3720 5216 cie-

2134 5296 2275 5342 mur,
2301 5293 2394 5349 per
2420 5248 2727 5346 quemdam,
2749 5268 2838 5341 qui
2863 5265 3069 5337 primus
3091 5260 3248 5316 istinc
3274 5256 3379 5311 huc
3400 5251 3598 5317 veniat,
3616 5250 3719 5303 hoc
3747 5248 3754 5256 ’

2135 5371 2307 5441 ipsum
2336 5376 2391 5422 ut
2429 5366 2659 5420 sciamus
2683 5360 2841 5417 velim
2877 5369 3035 5412 cures
3056 5394 3072 5420 ,
3103 5351 3204 5406 hoc
3233 5357 3317 5404 est
3342 5356 3716 5441 num-prorsus

2136 5433 2355 5520 morbus
2369 5457 2609 5513 sublatus
2628 5453 2719 5521 sit,
2737 5466 2798 5507 ac
2820 5460 2872 5506 tu
2894 5449 3111 5517 integrre
3130 5440 3339 5497 sanitati
3361 5435 3600 5492 restituta
3621 5433 3718 5486 sis.

2138 5557 2245 5613 Nec
2273 5552 2413 5609 enim
2440 5550 2683 5619 exiguam
2705 5587 2720 5611 ,
2750 5544 2912 5601 etiam
2940 5541 2991 5597 in
3018 5547 3123 5593 tam
3149 5534 3362 5591 deserto
3391 5524 3717 5619 loco‘positi.

2139 5647 2461 5718 voluptatem
2504 5615 2780 5710 capimus,
2825 5649 2949 5690 cum
2977 5630 3047 5687 de
3093 5623 3379 5718 tumhoc
3400 5628 3483 5674 est
3510 5615 3721 5718 fet-uina..-

2146 5757 2246 5797 nos
2264 5705 2518 5793 laniantis
2538 5774 2556 5803 ,
2573 5705 2902 5787 ivaletudine
2924 5722 3195 5792 animique
3230 5713 3496 5773 hilaritate
3520 5705 3720 5780 aliquid
