4058 6218
336 220 445 279 659

328 342 487 433 φέρει
504 340 568 394 τὸ
588 342 829 413 συνεχῶς
854 345 1143 433 μανθάνειν
1163 345 1233 404 τά
1259 348 1511 420 περὶτῆς
1534 349 1755 423 ρώσεώς
1793 372 1911 421 σου,

325 432 424 487 καὶ
467 433 568 505 τῆς
606 435 909 504 ἀσφαλείας
965 439 1219 511 ἀπάσης,
1272 443 1731 515 παρακαλοῦμεν,
1757 445 1786 500 δ
1818 448 1917 502 καὶ

324 522 499 593 χωρὶς
545 527 945 599 παρακλήσεως
1009 529 1208 595 είωθας
1262 536 1436 589 ποιεῖν
1457 574 1475 595 .
1528 537 1913 609 συνεχέστερον

326 615 667 668 ἐπιστέλλειν
720 618 790 670 τὰ
835 621 966 690 περὶ
996 623 1096 692 τῆς
1130 623 1321 691 ὑγείας
1366 642 1480 690 σου,
1512 628 1607 680 καὶ
1637 627 1731 682 τοῦ
1760 629 1912 684 οἴκου

306 723 424 772 ,σου
474 710 693 774 παντὸς,
730 712 825 765 καὶ
869 712 980 768 τῶν
1022 717 1409 789 προσηκόντων
1453 738 1537 774 σοι
1571 737 1585 753 ο
1613 716 1771 775 οἶσθα
1803 724 1912 796 7&9

323 798 474 863 ὅπως
499 802 594 855 καὶ
626 803 687 855 σέ
720 802 817 860 καὶ
863 807 956 860 τὸν
996 808 1359 882 εὐλογημένον
1402 829 1497 867 σου
1547 808 1697 868 οἶκον
1735 815 1913 871 πάντα

327 894 703 965 μεριμνῶμεν.

894 993 1015 1057 L,E'.
1056 993 1336 1062 Παιανίῳ.

392 1098 625 1155 Χαλεπά
662 1099 731 1154 τὰ
774 1103 1119 1174 γεγενημένα
1142 1121 1156 1136 ·
1188 1105 1301 1161 ἀλλ’
1330 1106 1427 1179 οὐχ
1461 1109 1603 1177 ὑπὲρ
1647 1110 1756 1165 τῶν
1799 1130 1911 1167 πα-

325 1187 530 1243 θόντων
561 1190 657 1243 καὶ
694 1190 938 1247 στάντων
962 1194 1247 1261 γενναίως,
1284 1195 1399 1249 ἀλλ’
1442 1197 1582 1268 ὑπὲρ
1608 1198 1717 1252 τῶν
1747 1217 1909 1273 ποιη-

323 1281 536 1336 σάντων
559 1281 779 1353 θρηνεῖν
802 1285 1122 1353 ἀναγκαῖον.
1156 1287 1425 1361 Καθάπερ
1462 1289 1571 1361 γὰρ
1600 1290 1668 1343 τά
1706 1291 1907 1347 δυσθά-

316 1390 459 1428 νατα
485 1375 597 1429 τῶν
630 1375 838 1449 θηρίων
886 1377 1065 1448 πολλῷ
1104 1377 1184 1451 τῷ
1226 1379 1384 1451 θυμῷ
1418 1384 1539 1445 ταῖς
1569 1384 1776 1454 ἀκμαῖς
1798 1384 1909 1438 τῶν

317 1466 563 1538 δοράτων
594 1467 958 1538 ἐμπίπτοντα,
1000 1470 1136 1542 πρὸς
1168 1471 1238 1525 τὰ
1262 1471 1535 1544 βαθύτερα
1563 1474 1673 1528 τῶν
1703 1475 1910 1546 σπλάγ-

318 1574 464 1628 χνων
511 1558 713 1614 ὠθοῦσι
763 1559 833 1614 τά
865 1560 1021 1633 ξίφηο
1055 1562 1199 1617 οὑτω
1236 1564 1301 1636 δὴ
1340 1567 1435 1619 καὶ
1460 1567 1512 1618 οί
1534 1565 1633 1631 τὰς
1660 1583 1905 1640 παρανο-

321 1649 456 1717 μίας
475 1648 679 1713 ταύτας
711 1651 1042 1722 τολμῶντες,
1066 1654 1127 1708 τὸ
1154 1654 1388 1725 χαλεπὸν
1414 1656 1514 1727 τῆς
1539 1658 1765 1728 γεέννης
1796 1659 1908 1731 πῦρ

317 1740 463 1794 κατά
493 1743 594 1812 τῆς
624 1741 834 1795 ἑαυτῶν
888 1744 1183 1813 συνάγουσι
1230 1746 1495 1817 κεφαλῆς.
1530 1748 1593 1800 Εἰ
1619 1748 1676 1801 δὲ
1708 1749 1907 1817 ἐγκαλ-

314 1833 817 1907 λωπίζονται[645]
838 1830 919 1899 οἷς
951 1835 1185 1901 ποιοῦσι,
1221 1838 1315 1891 καὶ
1357 1836 1444 1891 διὰ
1475 1837 1634 1892 τοῦτο
1668 1838 1907 1909 μάλιστά

313 1926 456 1979 είσιν
489 1925 736 1991 ἐλεεινοὶ,
772 1926 869 1981 καὶ
900 1927 1165 1981 πλειόνων
1210 1927 1349 1993 ἄξιοι
1383 1928 1658 2000 δακρύων,
1694 1930 1776 1983 ὅτι
1809 1931 1907 1986 καὶ

313 2016 494 2090 ταύτῃ
512 2015 902 2087 χαλεπωτέρας
931 2017 1146 2081 ἑαυτοῖς
1176 2017 1276 2081 τάς
1300 2017 1535 2083 εὐθύνας
1566 2020 1905 2076 κατασκευά-

311 2107 491 2172 ζουσι.
521 2109 755 2173 Τούτους
776 2104 869 2163 οὖν
898 2109 979 2162 δεῖ
1009 2109 1229 2182 θρηνεῖν
1260 2110 1545 2183 διηνεκῶς,
1582 2115 1694 2175 τοῖς
1725 2112 1781 2167 δὲ
1812 2131 1903 2166 πι-

309 2199 465 2272 κρῶς
492 2200 636 2254 οὑτω
666 2186 1060 2272 σφαττομένοις
1102 2202 1194 2255 ὑπ’
1227 2202 1408 2257 αὐτῶν
1442 2203 1766 2275 συνήδεσθαι
1794 2204 1903 2259 τῶν

312 2293 613 2365 βραϐείων,
646 2293 754 2348 τῶν
778 2295 1060 2363 στεφάνων
1089 2295 1201 2348 τῶν
1229 2296 1287 2351 ἐν
1328 2298 1444 2360 τοῖς
1483 2297 1734 2368 οὐρανοῖς
1762 2297 1901 2351 ἀπο-

308 2386 604 2456 κειμένων,
636 2386 733 2442 καὶ
758 2387 966 2459 ταύτην
1018 2388 1283 2460 μεγίστην
1316 2388 1587 2442 ποιεῖσθαι
1616 2391 1712 2443 καὶ
1740 2407 1903 2460 σαφε-

310 2480 520 2551 στάτην
548 2478 822 2545 ἀπόδειξιν
852 2480 955 2550 τῆς
996 2479 1217 2551 καιρίας
1249 2480 1344 2534 τοῦ
1378 2480 1626 2535 διαϐόλου
1660 2481 1899 2553 πληγῆς.

307 2572 376 2624 Εἰ
410 2571 521 2642 7&9
550 2572 625 2642 μὴ
653 2571 877 2643 καιρίαν
925 2571 1098 2643 αὐτὴν
1138 2571 1376 2638 ἐδέξατο,
1419 2573 1521 2625 οὐκ
1550 2572 1617 2626 ἂν
1646 2572 1900 2627 τοσοῦτον

307 2662 543 2716 ἔπνευσε
562 2660 652 2715 διὰ
675 2660 785 2715 τῶν
817 2660 1155 2733 πειθομένων
1178 2660 1347 2731 αὐτῷ.
1370 2661 1519 2716 Ταῦτ
1535 2661 1549 2682 ’
1567 2657 1659 2717 οῦν
1684 2662 1904 2718 ἅπαντα

306 2750 533 2813 ἐννοῶν,
564 2750 806 2806 δέσποτά
838 2768 941 2825 μου
977 2749 1418 2824 θαυμασιώτατε,
1443 2753 1708 2824 μεγίστην
1740 2752 1902 2823 δέχου

306 2842 684 2917 παράκλησιν,
712 2844 807 2898 καὶ
854 2843 1034 2915 γράφε
1081 2842 1323 2914 συνεχῶς
1375 2845 1510 2916 ἡμῖν
1539 2843 1608 2898 τὰ
1645 2844 1900 2915 περὶτῆς

306 2935 503 3005 ὑγείας
536 2936 635 3007 τῆς
669 2935 791 3008 σῆς.
848 2933 1256 3007 Ἐπιθυμοῦμεν
1296 2936 1405 3006 7&9
1444 2935 1571 2989 ίδεῖν
1616 2934 1710 2989 καὶ
1744 2952 1902 3005 περι-

306 3024 620 3092 πτύξατθαι
666 3026 764 3100 τὴν
823 3027 988 3098 φίλην
1038 3027 1170 3099 ἡμῖν
1217 3026 1463 3096 κεφαλήν
1498 3041 1512 3054 ·
1542 3026 1657 3080 ἀλλ’
1710 3025 1904 3098 ἐπειδὴ

302 3124 470 3179 τοῦτο
498 3125 594 3180 νῦν
617 3125 719 3179 οὐκ
741 3125 843 3190 ἐνι,
876 3124 1184 3197 παρακαλῶ
1213 3143 1308 3179 σου
1337 3125 1438 3197 τὴν
1468 3126 1777 3195 εὐγένειαν.
1803 3127 1902 3182 αὐ-

301 3218 400 3272 τόν
424 3234 485 3271 τε
508 3218 639 3289 ἡμῖν
669 3216 909 3289 συνεχῶς
934 3217 1269 3272 ἐπιστέλλειν
1301 3218 1372 3274 τά
1392 3219 1520 3287 περὶ
1550 3219 1647 3292 τῆς
1678 3220 1900 3293 ῥώσεως

302 3311 408 3382 τῆς
436 3309 558 3381 σῆς,
586 3308 681 3363 καὶ
719 3311 832 3373 τοῖς
860 3309 1065 3381 σφόδρα
1102 3311 1250 3382 ἡμᾶς
1278 3311 1541 3380 ἀγαπῶσι
1591 3312 1791 3385 πολλὴν
1819 3315 1900 3377 είς

301 3401 467 3458 τοῦτο
496 3400 940 3473 παρασκευάζειν
965 3400 1066 3472 τὴν
1097 3400 1345 3455 εὐκολίαν
1379 3414 1429 3459 ι.

367 3542 504 3610 μετ’.
522 3541 896 3612 Ἆμπρούκλῃ
921 3541 1180 3609 διακόνῳ
1212 3540 1309 3596 καὶ
1338 3541 1468 3610 ταῖς
1500 3541 1624 3598 σὺν
1648 3542 1823 3612 αὐτῇ.

376 3669 463 3724 Τά
498 3668 744 3741 κύματα,
765 3669 886 3730 ταῖς
916 3666 1143 3737 πέτραις
1167 3669 1651 3739 προσρηγνύμενα,
1685 3670 1898 3735 ἐκείνας

302 3753 410 3825 μὲν
432 3751 551 3806 οὐδὲ
588 3752 784 3823 μικρὸν
824 3749 1175 3807 διασαλεῦσαι
1205 3750 1449 3813 δύναται,
1485 3751 1656 3806 ἐαυτά
1688 3753 1746 3806 δὲ
1781 3771 1899 3824 μει-

300 3840 477 3905 ζὸνως
518 3838 597 3910 τῷ
650 3837 891 3911 ῥαγδαίῳ
938 3837 1037 3910 τῆς
1069 3837 1246 3909 ῥύμης
1294 3838 1579 3893 διαλύοντα
1622 3841 1893 3910 ἀφανίζει.

300 3922 480 3976 Τοῦτο
508 3923 536 3963 ιι
569 3923 665 3976 καλ⁸
701 3923 788 3992 ἐφ’
826 3920 980 3992 ὑμῶν
1024 3920 1172 3975 ἔστιν
1205 3921 1333 3975 ίδεῖν
1360 3922 1479 3985 νῦν,
1514 3924 1609 3977 καὶ
1637 3924 1748 3976 τῶν
1773 3924 1896 3977 ἐπι-

299 4005 670 4060 ϐουλευόντων
695 4005 827 4076 ὑμῖν
852 4005 975 4076 είκῆ
1001 4006 1097 4059 καὶ
1121 4004 1320 4076 μάτην.
1350 4005 1512 4077 Ὑμῖν
1545 4006 1643 4077 μὲν
1672 4006 1782 4077 7&9
1802 4005 1897 4060 καὶ

297 4091 338 4161 ἡ
369 4089 525 4158 παρά
551 4087 627 4162 τῷ
656 4086 776 4160 Θεῷ
804 4088 1087 4161 παρρησία
1118 4087 1212 4143 καὶ
1239 4092 1272 4161 ὴ
1300 4091 1428 4162 παρ’
1441 4088 1752 4164 ἀνθρώποις
1769 4090 1897 4157 δόξα

301 4175 508 4229 πλείων
528 4173 780 4228 ἐντεῦθεν
795 4174 1023 4243 γίνεται,
1041 4174 1273 4238 ἐκείνοις
1294 4173 1352 4227 δὲ
1373 4176 1570 4245 κρῖμα,
1589 4174 1684 4229 καὶ
1704 4174 1898 4244 αῖσχύ-

299 4275 398 4330 νη,
428 4259 523 4312 καὶ
550 4258 770 4323 ὄνειδος.
803 4257 956 4311 Ἐπεὶ
978 4259 1072 4312 καὶ
1084 4257 1382 4330 τοιοῦτονη
1410 4257 1710 4329 ἀρετὴ,καὶ
1728 4257 1900 4311 τοιοῦο

298 4359 399 4398 τον
429 4345 464 4413 ἡ
513 4342 682 4396 κακία
716 4358 730 4371 ·
761 4343 796 4415 ἡ
833 4342 931 4414 μὲν
964 4342 1060 4395 καὶ
1096 4341 1475 4413 πολεμουμένη
1514 4339 1780 4412 μειζόνως
1809 4342 1898 4395 ἀν-

299 4429 389 4482 θεῖ
408 4468 423 4492 ,
457 4426 598 4498 αὐτὴ
623 4427 680 4481 δὲ
714 4428 810 4481 καὶ
829 4424 1142 4495 πολεμοῦσα
1160 4424 1528 4496 ἀσθενεστέρα
1548 4424 1781 4494 γίνεται,
1801 4426 1897 4479 καὶ

299 4511 480 4585 ταύτῃ
514 4511 750 4583 μάλιστα
777 4508 1129 4565 καταλύεται.
1153 4510 1434 4579 Μεγίστην
1461 4509 1641 4562 τοίνυν
1671 4508 1895 4579 ἔχουσαι

299 4594 656 4666 παράκλησιν
701 4594 813 4649 τῶν
864 4594 1167 4665 γινομένων
1208 4592 1308 4664 τὴν
1357 4592 1641 4657 ὑπόθεσιν,
1671 4591 1894 4664 χαίρετε

299 4680 401 4733 καὶ
453 4677 832 4751 εὐφραίνεσθε,
887 4678 983 4730 καὶ⁹
1019 4675 1405 4749 κραταιοῦσθε.
1429 4677 1575 4729 Ἴστε
1636 4675 1747 4748 7&9
1807 4676 1897 4745 ἐφ’

298 4759 384 4827 οἷς
411 4762 757 4817 ἀπεδύσασθε
776 4760 1035 4825 ἐπάθλοις
1071 4761 1152 4823 είς
1178 4760 1269 4812 τὸν
1294 4759 1396 4829 τῆς
1414 4759 1666 4832 ἀνδρείας
1690 4761 1895 4831 ταύτης

302 4848 516 4916 ἀγῶνα,
546 4847 643 4901 καὶ
676 4849 804 4900 ποῖα
841 4846 986 4917 ὑμᾶς
1020 4842 1394 4915 καρτερούσας
1424 4844 1519 4897 καὶ
1555 4843 1894 4916 εὐχαρίστως

304 4932 580 5004 φερούσας
614 4930 688 4986 τά
733 4931 1118 5002 συμπίπτοντα
1154 4928 1417 4999 ἀναμένει
1450 4928 1653 4996 ἀγαθὰ,
1700 4930 1738 4984 ἃ
1770 4927 1894 4983 οὐτε

300 5016 590 5089 ὀφθαλμὸς.
622 5012 785 5082 εἶδεν,
817 5013 943 5067 οὐτε
978 5009 1072 5078 οῦς
1106 5012 1369 5084 ἤκουσεν,
1399 5011 1525 5065 οὐτε
1546 5014 1638 5066 ἐπὶ
1667 5013 1894 5087 καρδίαν

302 5102 598 5175 ἀνθρώπου
632 5099 822 5173 ἀνέϐη.
854 5099 965 5154 Καὶ
984 5099 1053 5152 τά
1083 5098 1183 5170 μὲν
1224 5096 1443 5169 λυπηρά
1493 5098 1719 5151 τοιαῦτα
1749 5114 1892 5170 παρ-

368 5290 396 5319 ⁸
421 5288 545 5349 Reg.
571 5289 764 5349 ῥώσεως
781 5292 866 5345 τῆς
890 5292 998 5345 σῆς,
1014 5285 1097 5349 καῖ
1115 5284 1222 5346 περὶ
1244 5288 1328 5349 τῆς
1343 5282 1584 5349 διατριϐῇς
1605 5287 1690 5349 τῆς
1711 5281 1890 5349 αὐτόθι,

302 5351 392 5419 καὶ
403 5344 867 5419 ῆςνώδοκιμήσεώς
898 5344 988 5419 σου
1013 5348 1101 5419 καί
1118 5344 1466 5419 τῆςέύθυμίαςλ
1493 5344 1548 5392 οὐ
1566 5344 1655 5419 γὰρ
1676 5345 1761 5419 τῂν
1807 5360 1893 5391 τυ-

303 5407 490 5476 χοῦσαν
524 5415 608 5460 καὶ
851 5410 1048 5476 τοιαύτῃ
1076 5407 1389 5476 διατρίϐοντες
1410 5407 1764 5476 καρπωσόμεθα
1797 5421 1893 5476 πα-

307 5469 560 5544 ιξικλησένς
581 5469 783 5544 τοιάῖιὲε
796 5469 927 5544 θεριρά
949 5469 1035 5544 γῆς
1056 5477 1156 5544 τῆς.
1176 5469 1447 5544 τιμιότητρς
1473 5469 1718 5544 δελάμενςλξ
1738 5470 1891 5544 XM:

346 5531 455 5584 ατα.
479 5536 709 5597 Sequens
734 5531 907 5597 multis
926 5533 996 5582 sic
1017 5531 1228 5597 habebat
1258 5533 1503 5597 inlcodice
1526 5531 1729 5597 (Zujacii!
1762 5537 1891 5597 lcslp

346 5553 451 5584 ατα.
480 5553 709 5597 aequalis
735 5553 907 5583 luums
926 5553 996 5582 su:
1017 5553 1228 5582 uaueuat
1260 5553 1308 5581 Ill
1333 5553 1503 5583 υυυιυυ
1526 5553 1729 5589 ιιυλᾰιυιι,
1762 5553 1891 5577 luam

307 5553 562 5647 ἵνοηιοηθ
591 5598 788 5655 Ducaeo,
838 5595 1155 5658 ’ᾼμπρούκλῳ
1185 5594 1390 5658 διακόνῳ
1415 5595 1497 5643 καὶ
1533 5594 1636 5651 ταῖς
1677 5590 1764 5640 σὺν
1810 5591 1891 5640 αὖ·

309 5666 384 5722 τῆξ
409 5660 665 5722 mendose.
690 5672 802 5722 nam
822 5654 1181 5722 Ιιίοιιιίιίίετειη
1203 5654 1486 5722 αΙΙοηιιίιυιδ.

373 5720 402 5760 b
424 5719 578 5773 νεαρ,
607 5721 872 5770 διαλύονται
892 5720 972 5768 καὶ
990 5718 1299 5782 ἀφορίζονται.
1319 5718 1489 5775 Τοῦτο.

1772 236 2162 298 EPISTOLE.

3488 244 3594 305 660

2017 358 2279 425 οδεύεται,
2313 361 2412 414 καὶ
2431 360 2510 431 τῷ
2540 359 2769 433 παρόντι
2802 362 3232 432 συγκαταλύεται
3267 360 3400 433 βίον
3431 364 3501 417 τά
3535 367 3592 418 δὲ

2015 449 2264 506 ἐντεῦθεν
2279 451 2490 508 ἔπαθλα
2503 453 2746 510 ἀθάνατα
2770 456 2944 528 μένει.
2958 457 3068 510 Καὶ
3090 455 3199 528 πρὸ
3215 456 3324 510 τῶν
3344 456 3595 512 ἐπάθλων

2013 539 2070 594 δὲ
2101 542 2343 600 ἐκείνων.
2382 544 2442 597 οὐ
2472 545 2676 617 μικρὰν
2724 547 2816 600 καὶ
2840 546 3089 602 ἐντεῦθεν
3133 547 3444 619 καρποῦσθε
3465 546 3594 618 ἡδο-

2014 632 2132 702 νὴν,
2162 636 2228 705 τῇ
2259 635 2436 689 ἐλπίδι
2466 636 2560 690 τοῦ
2606 637 2845 709 χρηστοῦ
2881 638 3211 701 συνειδότος,
3234 639 3330 692 καὶ
3364 638 3597 710 προσδο-

2015 724 2112 797 κίᾳ
2135 725 2414 795 στεφάνων
2434 727 2656 782 ἐκείνων
2683 730 3036 800 τρεφόμεναι.
3063 730 3249 784 Ταῦτα
3268 726 3364 784 οἷδ’
3385 731 3467 784 ὃτι
3496 731 3593 785 καὶ

2013 816 2122 887 πρὸ
2142 814 2251 869 τῶν
2279 817 2563 890 ἡμετέρων
2596 813 2755 875 οἶσθα
2796 821 3138 892 γραμμάτων
3176 837 3190 852 ⁸
3223 821 3338 877 ἀλλ’
3372 822 3460 876 ἵνα
3493 838 3593 892 μα-

2016 906 2156 979 κράν
2194 909 2511 978 ποιήσωμεν
2540 908 2641 979 τὴν
2672 909 2980 981 ἐπιστολὴν,
3018 910 3258 975 ἐξέτεινα
3280 910 3380 981 τὴν
3408 909 3593 981 παρά-

2013 1000 2229 1069 κλησιν.
2258 996 2330 1053 Εὐ
2360 1018 2425 1069 γε
2447 1002 2556 1072 7&9
2585 997 2681 1055 οἷδ’
2706 1002 2789 1055 ὄτι
2823 1002 3027 1074 σφόδρα
3069 1003 3227 1074 ήμῶν
3272 1002 3379 1056 τῶν
3409 1019 3593 1073 γραμ-

2019 1090 2207 1161 μάτων
2251 1092 2413 1162 ἐρᾷς,
2464 1091 2558 1145 καὶ
2616 1092 2735 1163 μεθ’
2792 1092 3095 1165 ὑπερϐολῆς
3143 1092 3349 1165 σφόδρα
3384 1104 3405 1133 α
3436 1109 3450 1124 ⁸
3498 1093 3593 1146 καὶ

2012 1180 2175 1235 τοῦτο
2200 1177 2355 1252 οἶμαι
2380 1184 2554 1236 αῖτιον
2578 1181 2719 1236 εἶναι
2746 1183 2840 1236 τοῦ
2891 1184 3133 1255 συνεχῶς
3158 1187 3287 1256 ἡμῖν
3316 1183 3588 1254 ἐγκαλεῖν,

2010 1275 2094 1330 ὅτι
2130 1276 2207 1347 μὴ
2233 1270 2497 1341 πολλάκις
2542 1277 2980 1350 ἐπεστάλκαμεν.
3007 1277 3156 1352 [646]
3194 1282 3269 1333 Οὐ
3296 1280 3406 1351 γάρ
3428 1280 3591 1335 δυνά-

2015 1368 2158 1439 μεθά
2192 1386 2286 1423 σου
2317 1371 2543 1443 κορέσαι
2570 1371 2672 1443 τὴν
2707 1372 3028 1444 ἐπιθυμίαν,
3059 1374 3162 1427 κᾶν
3201 1373 3323 1427 καθ’
3350 1372 3590 1442 ἑκάστην

2010 1462 2326 1534 πέμπωμεν
2358 1465 2685 1536 γράμματα,
2706 1465 2800 1520 διά
2844 1465 2909 1518 τὸ
2952 1464 3160 1538 σφόδρα
3197 1464 3357 1536 ἡμῶν
3390 1464 3591 1537 ἐκκρέ-

2013 1553 2221 1624 μασθαι
2260 1554 2370 1609 τῶν
2400 1556 2723 1612 ἐπιστολῶν.
2769 1558 2829 1611 '0
2855 1556 2989 1622 Θεὸς
3030 1574 3115 1611 σοι
3159 1556 3251 1610 τὸν
3305 1556 3495 1628 μισθὸν
3518 1555 3594 1627 δῷ

2008 1644 2104 1698 καὶ
2136 1644 2236 1718 τὴν
2270 1646 2510 1720 ἀμοιϐὴν
2553 1650 2653 1720 τῆς
2685 1649 2957 1720 τοσαύτης
2990 1651 3121 1720 περὶ
3153 1651 3300 1721 ἡμᾶς
3350 1648 3591 1719 ἀγάπης.

2007 1738 2101 1791 καὶ
2147 1739 2207 1792 ἐν
2245 1738 2325 1810 τῷ
2368 1741 2598 1811 παρόντι
2642 1741 2744 1812 βίῳ
2776 1742 2870 1795 καὶ
2901 1743 2960 1795 ἐν
3000 1741 3079 1813 τῷ
3115 1741 3364 1813 μέλλοντι
3412 1739 3590 1794 αίῶνι.

2018 1830 2210 1901 Ἡμεῖς
2237 1833 2420 1904 μέντοι
2442 1834 2503 1885 οὐ
2530 1833 2855 1905 διαλιμπάνο
2862 1851 2961 1904 μεν
2981 1834 3068 1887 διά
3087 1834 3197 1887 τῶν
3212 1832 3592 1903 ἐμπιπτόντων

2007 1923 2251 1994 συνεχῶς
2272 1924 2679 1992 ἐπιστέλλοντες
2699 1944 2711 1957 ·
2744 1928 2875 1998 ἡμῖν
2908 1926 3017 2000 7&9
3042 1927 3226 1990 αὐτοῖς
3256 1926 3325 1979 τά
3358 1924 3594 1996 μέγιστα

2007 2016 2351 2089 χαριούμεθα
2385 2020 2544 2074 τοῦτο
2575 2020 2858 2084 ποιοῦντες
2884 2061 2900 2086 ,
2928 2020 3023 2074 καὶ⁵
3069 2022 3136 2092 τῇ
3177 2023 3244 2090 σῇ
3284 2018 3430 2088 ψυχῇ
3466 2034 3593 2069 συν⁶

2005 2108 2144 2178 εχῶς
2171 2108 2260 2163 διὰ
2291 2110 2402 2163 τῶν
2432 2112 2779 2183 γραμμάτων
2796 2111 3318 2184 προσαγορεύοντες.
3350 2109 3461 2165 Καὶ
3480 2107 3595 2182 7&9

2002 2200 2102 2270 τὴν
2128 2201 2372 2273 ἀγάπην,
2401 2204 2468 2272 ἢν
2488 2204 2754 2275 ἐνέθηκας
2780 2206 2912 2275 ἡμῖν
2940 2203 3000 2268 ἐξ
3031 2203 3232 2273 ἀρχῆς»
3248 2201 3453 2273 ταύτην
3474 2202 3594 2271 διη·
3620 2245 3630 2256 ι

2003 2292 2178 2355 νεκῶς
2210 2294 2559 2365 ἀκμάζουσαν
2592 2284 2987 2368 δίατηροΰμεν*
3025 2294 3129 2348 κάν
3151 2293 3371 2346 πλείονα
3398 2291 3590 2345 τούτου

2003 2383 2167 2438 πάλιν
2192 2385 2609 2457 ἀπολειφθῶμεν
2633 2388 2762 2457 ὑμῖν
2787 2386 3000 2458 χρόνον,
3022 2385 3143 2438 οὐδὲ
3175 2383 3427 2437 ἐντεῦθεν
3450 2383 3589 2455 αὐτὴ

2003 2474 2355 2548 άμαυροτέρα
2371 2476 2604 2545 γίνεται.
2649 2477 2738 2530 Ἐν
2763 2477 2873 2550 γὰρ
2904 2476 3115 2547 διανοίᾳ
3136 2472 3412 2545 πανταχοῦ
3440 2490 3592 2545 περι-

2003 2564 2242 2637 φέρομεν
2311 2566 2489 2637 ὑμᾶς,
2560 2566 2996 2639 ἐκπληττόμενοι
3060 2566 3125 2621 τὸ
3187 2566 3590 2637 ἀπερίτρεπτον

2001 2656 2157 2727 ὑμῶν
2184 2657 2286 2727 τῆς
2324 2656 2550 2729 γνώμης
2599 2659 2695 2712 καὶ
2730 2659 2829 2731 τὴν
2876 2659 3078 2732 πολλὴν
3102 2658 3371 2731 ἀνδρείαν.
3405 2658 3590 2730 Γράφε

2001 2749 2067 2822 δὴ
2102 2751 2198 2803 καὶ
2226 2750 2366 2822 αὐτὴ
2415 2750 2655 2822 συνεχῶς
2682 2754 2836 2823 ἡμῖν,
2866 2753 2935 2807 τά
2974 2753 3104 2825 περὶ
3136 2753 3238 2822 τῆς
3274 2752 3463 2820 ὑγείας
3491 2751 3591 2819 τῆς

2003 2842 2103 2911 σῆς
2149 2842 2613 2914 εὑαγγελιζομένη
2650 2846 2746 2899 καὶ
2790 2845 2886 2899 τοῦ
2928 2845 3079 2899 οἴκου
3128 2862 3222 2899 σου
3252 2844 3475 2908 παντὸς,
3502 2843 3588 2897 ἵνα

2001 2933 2203 3007 πολλὴν
2233 2935 2328 2989 καὶ
2353 2934 2603 2991 ἐντεῦθεν
2631 2936 3057 3009 καρπωσώμεθα
3086 2937 3186 3010 τὴν
3219 2936 3591 3009 παράκλησιν.

2359 3089 2481 3155 L,Z'.
2528 3087 2778 3153 Ὑπατίῳ
2832 3087 3240 3158 πρεσϐυτέρῳ.

2074 3218 2238 3290 Οἶδας
2258 3224 2354 3278 καὶ
2376 3224 2542 3289 αὐτὸς
2561 3264 2575 3289 ,
2608 3224 2770 3298 κύριέ
2803 3242 2905 3297 μου
2947 3224 3273 3297 τιμιώτατε,
3306 3224 3432 3278 ὅσον
3461 3223 3592 3295 ὑμῖν

2001 3316 2159 3389 φέρει
2184 3317 2374 3389 μισθὸν
2396 3317 2467 3371 τὰ
2494 3316 2584 3372 διὰ
2617 3318 2712 3372 τὸν
2740 3316 2873 3371 Θεὸν
2907 3317 3227 3390 παθήματα,
3258 3317 3424 3389 ἡλίκα
3454 3315 3589 3388 βρα-

2002 3408 2146 3474 δεῖα,
2180 3409 2326 3474 οἵους
2365 3408 2697 3480 στεφάνους·
2738 3409 2906 3481 μηδὲν
2933 3405 3029 3464 οὖν
3059 3426 3118 3463 σε
3149 3409 3448 3481 θορυϐείτω
3481 3407 3590 3463 τῶν

2001 3503 2323 3573 γινομένων,
2357 3502 2588 3579 ἐπείπερ
2632 3504 2763 3568 τοὺς
2804 3503 3095 3568 ποιοῦντας
3139 3504 3328 3567 κακῶς
3371 3503 3589 3575 θρηνεῖν

1999 3594 2101 3648 δεῖ.
2160 3594 2390 3648 Ἐκεῖνοι
2418 3594 2530 3664 γάρ
2572 3594 2712 3648 εἰσιν
2746 3595 2795 3648 οἱ
2841 3595 3044 3666 μυρίαν
3080 3595 3221 3648 κατά
3249 3596 3348 3666 τῆς
3378 3596 3588 3649 ἑαυτῶν

2001 3687 2248 3759 κεφαλῆς
2274 3687 2705 3759 ἐπισωρεύοντες
2724 3688 2965 3742 κόλασιν.
2984 3687 3156 3752 Αὐτὸς
3185 3687 3386 3750 τοίνυν,
3403 3686 3587 3753 καθώς

2002 3796 2085 3835 σοι
2112 3781 2323 3854 πρέπον
2344 3781 2483 3847 ἐστὶ,
2506 3784 2573 3854 τῇ
2597 3782 2951 3855 προσηκούσῃ
2981 3784 3319 3854 κεχρημένος
3340 3782 3585 3857 ἀνδρείᾳ,

2000 3870 2246 3944 ἀράχνης
2288 3872 2674 3943 εὐτελέστερον
2715 3872 2922 3927 διάσπα
2947 3874 3016 3926 τά
3057 3875 3282 3927 ἐκείνων
3333 3873 3586 3945 μηχανή-

2003 3982 2152 4035 ματα
2198 3966 2293 4018 καὶ
2323 3963 2424 4029 τάς
2472 3963 2800 4030 ἐπιϐουλάς,
2829 3966 2925 4019 καὶ
2960 3966 3141 4037 γράφε
3176 3966 3416 4038 συνεχῶς
3454 3968 3586 4037 ἡμῖν

1999 4058 2130 4130 περὶ
2169 4057 2271 4129 τῆς
2305 4058 2497 4127 ὑγείας
2538 4059 2638 4129 τῆς
2678 4057 2779 4129 σῆς
2821 4058 3327 4129 εὐαγγελιζόμενος.
3376 4059 3586 4133 Πολλὴν

2000 4151 2109 4222 7&9
2158 4149 2425 4222 δεξόμεθα
2468 4150 2838 4222 παράκλησιν,
2879 4152 2977 4204 καὶ
3010 4152 3069 4205 ἐν
3096 4150 3354 4225 ἀλλοτρίᾳ
3380 4154 3588 4225 διατρί-

1999 4246 2206 4312 ϐοντες,
2238 4244 2465 4300 τοιαῦτα
2503 4246 2657 4319 παρά
2689 4246 2789 4318 τῆς
2819 4248 3138 4320 τιμιότητός
3179 4265 3274 4302 σου
3305 4249 3585 4321 δεχόμενοι

2000 4337 2328 4409 γράμματα.
3136 4391 3141 4395 .

2563 4432 2687 4497 ιιηυ.
2718 4430 3026 4499 Χαλκιδίᾳ.
3571 4467 3611 4497 ρ

2069 4540 2184 4612 Οὐχ
2212 4542 2291 4606 ὡς
2332 4540 2539 4614 ἔτυχεν·
2574 4542 2918 4615 ὴλγησαμεν,
2948 4543 3215 4615 μαθόντες
3250 4550 3310 4605 ὲν
3340 4546 3581 4621 τοσαύτῃ

1998 4659 2058 4695 σε
2089 4644 2374 4715 ἀρρωστίᾳ
2404 4638 2566 4697 εἶναι.
2590 4639 2764 4703 Οἶσθα
2801 4645 2913 4717 7&9
2944 4647 3095 4711 ὅπως
3124 4648 3465 4723 ἀντεχόμεθά
3490 4668 3584 4704 σου

1994 4742 2095 4815 τῆς
2124 4743 2357 4812 ὑγιείας,
2380 4743 2545 4815 κυρία
2564 4761 2668 4815 μου
2696 4744 3047 4817 κοσμιωτάτη
3070 4747 3164 4801 καὶ
3191 4747 3580 4823 εὐλαϐεστάτη.

1998 4845 2098 4898 Ἰν’
2119 4839 2214 4899 οὖν
2246 4844 2323 4917 μὴ
2350 4828 2800 4916 κατατεινώμεθα
2821 4848 2887 4918 τῇ
2922 4847 3185 4918 φροντίδι,
3206 4848 3297 4904 διά
3314 4867 3458 4915 τινος
3490 4853 3584 4907 τοῦ

1998 4945 2222 5018 πρώτου
2262 4946 2475 5001 ἐκεῖθεν
2515 4948 2921 5019 ἀφικνουμένου
2968 4947 3128 5003 τοῦτο
3160 4950 3294 5005 αὐτὸ
3344 4951 3584 5024 δηλῶσαι

1997 5052 2130 5122 ἡμῖν
2193 5049 2532 5116 σπούδασον,
2564 5052 2618 5105 εί
2654 5070 2735 5107 σοι
2783 5051 2965 5107 τέλεον
3010 5052 3080 5107 τά
3126 5052 3230 5123 τῆς
3272 5055 3583 5127 ἀρρωστίας

1998 5150 2294 5225 ἀνῄρηται,
2309 5152 2403 5207 καὶ
2430 5153 2568 5225 πρὸς
2593 5153 2841 5227 καθαράν
2852 5154 3176 5225 εξπανῆλθες
3198 5156 3427 5224 ὑγίειαν.
3447 5158 3583 5213 Οὐδὲ

1997 5252 2106 5324 γὰρ
2133 5252 2233 5324 τὴν
2288 5252 2563 5324 τυχοῦσαν
2602 5254 2963 5326 καρπούμεθα
2996 5255 3368 5329 εὐφροσύνην,
3400 5260 3495 5313 καὶ
3525 5263 3583 5313 ἐν

1994 5353 2204 5427 ἐρημίᾳ
2240 5354 2479 5428 τοσαύτῃ
2527 5355 2866 5426 καθήμενοι,
2923 5357 3053 5411 ὅταν
3086 5359 3239 5431 ὑμῶν
3283 5361 3413 5416 τῶν
3446 5362 3580 5430 ἀγα-

1994 5455 2222 5510 πώντων
2246 5456 2398 5527 ἡμᾶς
2429 5458 2667 5530 γνησίως
2694 5460 2823 5532 περὶ
2840 5460 2941 5533 τῆς
2971 5461 3157 5532 ὑγείας
3192 5466 3288 5519 καὶ
3316 5461 3572 5533 εὐθυμίαις

2057 5656 2081 5686 0
2109 5656 2292 5727 £_;6§paz
2310 5657 2455 5727 rigas!
2478 5660 2526 5708 in
2550 5660 2703 5727 Valig.
2724 5661 2849 5727 Infra
2868 5662 3023 5727 Valle.
3041 5666 3067 5714 ό
3088 5666 3139 5715 δὲ
3158 5665 3513 5727 Θεόςπαράσκθί

2000 5733 2073 5765 σοι
2102 5720 2186 5777 τήν
2208 5720 2413 5784 ἀμοιϐήν
2434 5728 2518 5781 τῆς
2537 5725 2770 5783 τοσαύτης
2792 5725 2993 5787 ἀγάπης.
3074 5788 3079 5795 ν
