4058 6218
252 202 351 265 66!

250 319 520 378 audimus.
540 321 687 379 Cum
728 320 922 393 igitur,
964 328 1219 395 quantam
1260 334 1291 376 a
1334 319 1521 387 nobis,
1559 315 1842 389 epistolam

251 411 555 484 hujusmodi
576 413 1052 486 mittens,gratiam
1079 413 1248 481 ineas,
1268 411 1361 468 tibi
1387 412 1454 465 sit
1481 410 1838 481 exploratum,

251 503 456 575 objecta
503 504 653 560 omni
694 520 843 560 mora
891 512 949 560 et
990 502 1327 560 cunctatione
1361 502 1520 557 velim
1566 498 1844 556 confestim

249 609 471 664 operam
510 595 648 662 des,
691 604 750 651 ut
788 594 1239 667 quemadmodum
1280 607 1422 648 nunc
1469 591 1711 647 nuntiato
1755 598 1847 645 tuo

251 687 466 754 morbo,
488 688 685 757 ingenti
722 688 976 744 maestitia
1004 702 1101 743 nos
1139 686 1459 758 perturbasti
1483 726 1500 753 ,
1530 685 1609 740 sic
1633 697 1845 739 rursum

251 781 495 836 nuntiata
522 780 773 847 sanitate,
800 779 999 852 ingenti
1024 794 1124 835 nos
1151 778 1423 850 voluptate
1442 776 1732 847 compleas.

252 912 457 974 XCIX.
495 918 812 990 Asyncritite.
861 914 1113 991 (Cueuso
1135 929 1300 986 anno,
1328 922 1390 971 ut
1413 920 1646 987 putatur,
1676 910 1844 981 405.)

324 1049 469 1107 Nihil
493 1050 706 1122 quidem
731 1060 814 1106 est
841 1049 983 1121 quod
1016 1048 1220 1117 malim,
1249 1061 1408 1119 quam
1436 1046 1628 1102 crebro
1653 1043 1722 1101 ad
1749 1057 1847 1100 vos

250 1144 494 1200 scribere
522 1159 535 1196 :
563 1156 739 1212 neque
762 1141 903 1197 enim
932 1140 1317 1195 benevolentia:
1341 1149 1534 1195 vestra:
1554 1148 1608 1192 et
1627 1135 1847 1192 honoris

252 1247 319 1286 ac
347 1232 684 1299 reverentiae,
705 1248 863 1303 quam
885 1246 1099 1301 semper
1114 1230 1269 1286 nobis
1293 1227 1637 1299 praestitistis,
1660 1239 1849 1297 quem-

254 1339 488 1397 cumque
509 1326 560 1380 in
593 1326 775 1381 locum
804 1324 1226 1396 proficiscamur,
1257 1321 1498 1378 oblivisci
1527 1333 1842 1392 possumus,

254 1433 442 1474 verum
472 1420 785 1475 memoriam
815 1419 977 1474 vestri
1005 1426 1312 1488 perpetuam
1332 1424 1595 1478 tenemus,
1622 1426 1849 1483 eamque

253 1518 531 1567 recentem
558 1525 672 1567 sem
681 1525 774 1581 per
794 1526 859 1566 ac
880 1509 1164 1566 ﬂorentem
1189 1509 1385 1579 ubique
1403 1505 1844 1562 circumferimus.

251 1602 413 1672 Quod
436 1603 614 1660 sinon
641 1603 851 1673 quoties
879 1601 1156 1670 voluimus,
1183 1600 1277 1656 sed
1304 1612 1430 1656 raro
1455 1598 1522 1654 ad
1542 1611 1642 1654 vos
1669 1596 1849 1652 literas

258 1696 530 1761 dedimus,
549 1695 773 1752 hocneu
794 1694 1111 1768 negligentia
1129 1703 1332 1763 nostra,
1354 1692 1447 1749 sed
1460 1707 1639 1747 rerum
1661 1703 1852 1746 neces-

252 1789 418 1844 sitate
442 1787 645 1845 factum
673 1798 777 1852 est,
799 1798 856 1844 et
883 1790 1006 1859 quia
1023 1787 1312 1843 viatoribus
1330 1787 1569 1842 clausum
1593 1784 1696 1839 iter
1711 1795 1853 1837 nunc

252 1880 347 1934 sit.
379 1878 689 1950 liaeqigitur
715 1894 837 1934 cum
863 1878 957 1935 tibi
981 1919 997 1946 ,
1028 1875 1370 1933 ornatissima
1407 1889 1525 1930 mea
1552 1883 1607 1929 et
1633 1871 1853 1928 nobilis-

252 1973 397 2028 sima
422 1972 663 2041 domina,
689 1981 969 2044 perspecta
997 1970 1120 2038 sint,
1151 1970 1268 2025 sive
1288 1959 1610 2033 scribamus,
1639 1964 1751 2019 sive
1778 1963 1853 2019 si-

256 2064 491 2131 leamus,
516 2064 586 2120 de
608 2079 673 2120 ea
703 2062 1096 2128 benevolentia,
1121 2076 1281 2132 quam
1311 2075 1527 2130 semper
1547 2057 1698 2114 vobis
1724 2070 1853 2128 pra:-

250 2155 512 2221 stitimus,
544 2153 737 2212 eodem
773 2155 936 2211 modo
959 2154 1236 2210 existimes
1262 2151 1440 2227 velim.

364 2288 427 2345 C.
457 2287 726 2347 Marciano
751 2297 799 2344 et
823 2287 1125 2343 Marcellino
1151 2288 1194 2342 ⁸.
1222 2285 1475 2357 (Cucuso
1498 2298 1660 2351 anno,
1690 2290 1746 2337 ut

856 2388 1094 2452 putatur,
1122 2380 1247 2436 ιοι.
1271 2377 1292 2452 )

330 2520 535 2578 Eadem
563 2521 717 2578 nobis
740 2518 1071 2593 perdiuturni
1101 2518 1299 2575 silentii
1325 2516 1496 2572 nostri
1524 2529 1685 2572 causa
1729 2523 1812 2569 est
1831 2551 1848 2578 ,

250 2630 383 2685 quae
404 2616 567 2670 etiam
589 2614 742 2670 vobis
762 2632 777 2669 :
794 2628 981 2670 verum
1004 2611 1306 2683 hujusmodi
1334 2610 1554 2677 silentii,
1576 2608 1717 2680 quod
1748 2622 1854 2663 non

257 2707 316 2760 in
347 2707 528 2760 animo
550 2748 567 2772 ,
598 2704 691 2760 sed
720 2705 773 2759 in
801 2704 977 2774 lingua
1010 2703 1239 2773 positum
1284 2701 1375 2756 sit.
1424 2700 1556 2755 Nam
1587 2700 1767 2755 animo
1794 2713 1859 2753 ac

253 2798 537 2853 voluntate
561 2796 918 2854 nobilissimas
949 2810 1013 2851 ac
1054 2794 1396 2850 suavissimas
1420 2794 1625 2848 animas
1655 2799 1857 2846 vestras

260 2894 483 2954 crebro,
517 2891 624 2945 imo
650 2898 906 2960 perpetuo
938 2887 1231 2943 salutamus
1258 2927 1274 2950 ,
1305 2898 1510 2955 vosque
1540 2883 1594 2937 in
1635 2893 1854 2952 pectore

252 2982 776 3052 nostrojnsculptos
800 2978 999 3050 passim
1021 2977 1449 3034 circumferimus
1472 2992 1486 3029 :
1511 2990 1633 3030 nam
1660 2987 1725 3029 ea
1743 2971 1858 3027 veri

255 3093 327 3133 ac
372 3076 574 3135 sinceri
615 3075 814 3131 amoris
842 3082 1029 3129 natura
1058 3078 1161 3127 est.
1193 3070 1325 3139 Haec
1353 3069 1511 3140 igitur
1546 3066 1669 3122 cum
1705 3064 1859 3121 vobis

259 3170 552 3241 explorata
580 3169 720 3235 sint,
749 3166 954 3223 domini
982 3165 1086 3221 mei
1127 3152 1392 3220 carissimi
1430 3176 1494 3216 ac
1518 3158 1858 3216 reverendis-

263 3263 419 3328 simi,
448 3260 669 3317 scribite
697 3258 935 3330 quidem,
963 3256 1172 3327 quoties
1199 3253 1420 3310 facultas
1443 3251 1676 3317 dabitur,
1705 3265 1769 3305 ac
1793 3249 1861 3305 de

259 3364 442 3412 vestra
494 3353 798 3409 valetudine
843 3350 1104 3407 certiores
1129 3361 1229 3403 nos
1272 3346 1455 3402 facite.
1504 3343 1637 3398 Illud
1682 3349 1861 3397 autem

262 3446 421 3503 vobis
454 3443 810 3517 persuadete,
841 3456 961 3509 nos,
991 3440 1201 3498 etiamsi
1230 3437 1450 3494 taceatis
1469 3476 1485 3502 ,
1513 3434 1654 3490 idem
1683 3441 1868 3488 tamen

194 3576 205 3585 -
260 3539 334 3594 de
357 3548 536 3595 vestra
564 3538 786 3593 caritate
811 3535 1069 3607 judicium
1098 3532 1374 3589 habituros
1394 3544 1551 3596 esse,
1587 3527 1733 3599 quod
1763 3525 1861 3581 lia-

264 3630 519 3686 bebimus
544 3671 562 3697 ,
590 3631 636 3685 si
665 3628 916 3685 seribatis
942 3645 955 3682 :
984 3628 1055 3683 ab
1077 3627 1260 3683 animo
1305 3624 1514 3683 scilicet
1540 3631 1720 3678 vestro
1747 3619 1864 3675 hare

266 3720 687 3791 perpendentes.

366 3853 464 3910 CI.
504 3853 690 3909 Seuero
723 3852 1027 3925 presbytero.
1061 3851 1081 3923 (
1109 3851 1192 3908 Ab
1217 3864 1358 3905 anno
1381 3849 1487 3905 404
1514 3847 1579 3903 ad
1609 3846 1713 3902 407
1735 3845 1778 3917 ).

339 3988 469 4051 Nos.
500 3988 602 4044 etsi
645 3987 1071 4043 desertissimum
1122 3983 1298 4040 locum
1348 3982 1664 4043 incolentes,
1714 3975 1864 4047 saepe

272 4090 458 4136 tamen
485 4084 552 4133 ad
580 4089 631 4134 te
660 4078 994 4149 scripsimus,
1023 4091 1223 4148 eosque
1247 4075 1338 4147 qui
1370 4075 1527 4131 istinc
1553 4072 1777 4128 veniunt
1796 4071 1864 4127 de

265 4183 360 4228 tua
389 4171 699 4228 valetudine
719 4171 980 4227 sciscitari
1008 4170 1228 4225 minime
1251 4169 1567 4225 desinimus.
1596 4166 1715 4221 Tibi
1738 4180 1864 4221 vero

261 4266 397 4337 quid
427 4279 604 4320 causa
632 4266 703 4320 sit
727 4264 911 4320 nescio
935 4304 950 4329 ,
979 4261 1325 4334 quamobrem
1353 4302 1369 4327 ,
1396 4275 1519 4315 eum
1546 4268 1652 4314 tam
1674 4258 1865 4314 insano

264 4359 443 4417 nostri
469 4373 650 4414 amore
677 4359 869 4429 flagres
894 4397 909 4423 ,
939 4366 1100 4427 atque
1130 4353 1378 4425 perfacile
1413 4351 1646 4409 nancisci
1692 4351 1866 4421 possis

262 4452 466 4522 quibus
494 4450 676 4507 literas
703 4450 819 4514 des,
844 4447 1189 4519 perdiuturuo
1215 4456 1390 4502 tamen
1413 4455 1655 4515 tempore
1679 4444 1862 4499 sileas.

270 4547 344 4599 At
372 4558 499 4599 cum
527 4557 625 4597 nos
647 4540 1035 4597 benevolentia
1062 4538 1224 4604 illius,
1246 4553 1404 4608 quam
1430 4551 1555 4606 erga
1584 4551 1684 4592 nos
1718 4550 1865 4591 sein-

267 4652 372 4706 ρει·
403 4650 514 4705 [me
544 4643 598 4690 te
637 4633 843 4695 tulisti,
885 4631 1151 4686 fervorem
1190 4644 1254 4683 ac
1281 4629 1639 4683 sinceritatem
1687 4628 1868 4682 animo

266 4726 719 4796 complectimur,
766 4722 1009 4778 etiamin
1060 4722 1218 4789 longo
1265 4719 1477 4773 silentio
1526 4733 1867 4789 permagnam

264 4818 698 4873 emnsolationem
757 4814 1020 4884 capimus.
1082 4812 1348 4868 Caeterum
1412 4810 1582 4867 literis
1651 4825 1866 4881 quoque

265 4911 383 4963 tuis
410 4899 650 4978 persaepe
679 4905 780 4960 frui
810 4905 1053 4974 cupimus
1077 4945 1092 4968 ,
1122 4903 1314 4974 quibus
1342 4900 1411 4956 de
1452 4908 1541 4955 tua
1568 4900 1868 4956 valetudine

263 5002 535 5055 certiores
561 5000 750 5052 fiamus
783 5014 796 5049 :
828 5011 1020 5066 eaque,
1055 5010 1175 5065 quae
1203 4993 1428 5049 aliorum
1454 5006 1704 5049 sermone
1729 4994 1868 5048 acci-

266 5095 455 5161 pimus
474 5132 490 5156 ,
520 5107 585 5146 ex
614 5101 702 5146 tua
730 5089 930 5160 lingua,
959 5098 1155 5158 tuaque
1180 5101 1340 5141 manu
1362 5084 1546 5139 audire
1570 5084 1865 5141 studemus.

263 5184 656 5251 Quamobrem,
688 5180 906 5237 domine
931 5182 1002 5235 mi
1029 5178 1490 5240 reverendissime.
1515 5194 1654 5233 nunc
1680 5179 1868 5233 saltem

267 5276 385 5330 hoc
424 5272 585 5330 facias
629 5288 811 5344 quaeso
845 5273 993 5329 :scis
1021 5274 1163 5335 enim
1194 5286 1353 5341 quam
1386 5270 1541 5324 nobis
1586 5271 1685 5324 hac
1715 5269 1767 5323 in
1813 5284 1871 5324 re

263 5376 488 5438 gratum
516 5366 746 5421 facturus
772 5366 868 5421 sis.
912 5365 1041 5419 Nam
1072 5364 1213 5435 quell
1253 5361 1319 5417 ad
1352 5376 1448 5416 nos
1486 5362 1711 5422 attinet,
1752 5360 1870 5414 sive

258 5458 578 5514 scribamus
606 5500 622 5524 ,
651 5457 764 5512 sive
804 5466 1073 5511 taceamus
1097 5495 1113 5521 ,
1142 5469 1429 5525 numquam
1462 5454 1534 5508 tui
1565 5452 1871 5507 meminisse

263 5550 611 5614 desinimus,
657 5563 881 5619 eamque
910 5549 1186 5604 caritatem
1210 5590 1229 5615 ,
1273 5548 1425 5619 cujus
1465 5547 1557 5604 tibi
1597 5545 1871 5616 specimen

348 5663 369 5693 ⁸
403 5664 569 5723 γωδ..
590 5665 912 5715 larcelltano.

1707 199 2083 262 EPISTVLAE.

3437 200 3542 258 ϐω

1952 319 2276 391 praebuimus
2297 362 2313 389 ,
2359 331 2696 393 quocumque
2719 316 2772 373 in
2814 315 2935 373 loco
2958 315 3129 373 simus
3150 357 3167 385 ,
3197 327 3539 373 conservare.

1950 415 2007 472 id
2033 414 2176 473 enim
2200 429 2322 471 cum
2350 412 2577 470 facimus
2601 453 2618 482 ,
2646 410 2717 468 de
2748 409 2904 467 nobis
2947 409 3110 467 etiam
3139 408 3354 481 ipsimet
3380 423 3543 480 quam

1949 510 2151 578 optime
2176 522 2463 564 meremur.

2014 723 2026 736 .
2111 643 2241 701 CII.
2279 643 2543 699 Theodoto
2572 642 2765 699 lectori.
2793 643 2813 714 (
2838 642 2993 698 Anno
3022 641 3158 698 forte
3186 639 3360 709 406.)
3393 655 3397 658 '

2020 781 2158 850 Quid
2174 780 2287 835 ais?
2304 780 2491 836 Plures
2508 780 2560 836 in
2578 788 2631 836 te
2646 795 2790 835 nunc
2802 794 2960 849 quam
2982 777 3329 849 exspectabas
3347 776 3542 834 ﬂuctus

1950 873 2164 929 excitati
2191 882 2352 939 sunt,
2384 873 2454 929 ob
2497 873 2655 943 idque
2696 871 3079 927 discruciaris?
3118 869 3231 926 lmo
3256 885 3387 926 vero
3415 870 3538 926 ideo

1949 964 2184 1035 gaudere
2233 971 2290 1020 et
2333 963 2604 1019 exsultare
2647 963 2917 1019 convenit.
2966 961 3100 1017 Nam
3144 962 3303 1018 etiam
3350 962 3540 1018 beatus

1950 1057 2146 1114 Paulus
2174 1054 2242 1111 ad
2286 1055 2426 1111 hunc
2453 1054 2671 1111 modum
2716 1053 2985 1122 faciebat,
3021 1069 3164 1109 nunc
3208 1052 3423 1125 quidem
3456 1052 3542 1109 his

1948 1149 2128 1207 verbis
2157 1159 2311 1205 utens
2343 1166 2357 1200 :
2388 1146 2510 1202 Non
2538 1147 2705 1203 solum
2727 1156 2894 1201 autem
2912 1186 2929 1211 ,
2955 1146 3045 1201 sed
3069 1146 3220 1200 etiam
3258 1144 3541 1217 gloriamur

1948 1245 2003 1301 in
2030 1243 2427 1299 tribulationibus
2449 1242 2642 1313 (Rom.
2671 1241 2723 1296 5.
2754 1241 2789 1296 5
2807 1240 2862 1312 );
2885 1255 3028 1295 nunc
3050 1248 3227 1294 autem
3257 1238 3361 1304 his,
3393 1236 3539 1292 Gou-

1950 1338 2045 1394 deo
2062 1338 2118 1394 in
2140 1336 2457 1408 passionibus
2476 1337 2597 1390 meis
2618 1334 2841 1406 (Coloss.
2866 1335 2916 1388 i.
2943 1332 3014 1387 24
3029 1331 3070 1405 ).
3094 1332 3223 1387 Nam
3245 1347 3351 1401 quo
3374 1331 3545 1400 major

1951 1430 2250 1486 etatrocior
2279 1437 2567 1498 tempestas
2595 1426 2776 1493 fuerit,
2806 1440 2872 1480 eo
2890 1439 3098 1496 quoque
3113 1423 3286 1493 major
3312 1434 3545 1493 quwstus

1953 1523 2095 1587 erit,
2147 1530 2203 1577 et
2244 1521 2560 1576 illustriores
2611 1517 2878 1588 patientia)
2923 1531 3170 1581 coronae,
3222 1514 3548 1585 praemiaque

1952 1616 2233 1688 ampliora.
2275 1614 2547 1685 Siquidem
2594 1613 2708 1682 ipse
2749 1625 2964 1681 quoque
3005 1608 3072 1667 de
3102 1618 3154 1665 te
3178 1609 3321 1664 bono
3365 1607 3548 1663 animo

1954 1722 2070 1762 sum
2098 1748 2114 1773 ,
2144 1715 2203 1761 ut
2241 1706 2332 1776 qui
2360 1705 2527 1761 animi
2552 1705 2628 1759 tui
2659 1704 2966 1758 lirmitatem
2995 1710 3155 1771 atque
3181 1701 3539 1758 constantiam

1954 1799 2280 1868 exploratam
2308 1797 2531 1852 habeam
2558 1814 2572 1851 :
2596 1810 2651 1849 at
2675 1809 2860 1849 eorum
2881 1807 3063 1858 causa,
3095 1792 3183 1862 qui
3205 1791 3301 1846 tibi
3327 1790 3548 1847 insidias

1955 1901 2187 1964 struunt,
2224 1892 2382 1949 doleo
2410 1901 2465 1947 et
2491 1890 2836 1961 eollacrymo,
2866 1886 3116 1942 nimirum
3148 1884 3291 1955 quod
3321 1884 3356 1939 ii
3383 1884 3548 1940 hosti-

1957 1987 2063 2044 lem
2093 1987 2147 2042 in
2174 1996 2227 2041 te
2249 1985 2481 2040 animum
2507 1990 2715 2054 gerant,
2744 1996 2774 2035 a
2800 1980 2994 2051 quibus
3023 1988 3074 2035 te
3102 1976 3204 2033 coli
3244 1976 3545 2047 oportebat.

1961 2079 2133 2137 Unum
2158 2075 2406 2145 estquod
2436 2090 2668 2131 maerore
2710 2089 2798 2130 me
2821 2073 2987 2129 afﬁcit
3008 2113 3026 2141 ,
3052 2087 3246 2143 nempe
3268 2069 3557 2126 oculorum

1957 2182 2168 2228 tuorum
2191 2146 2764 2239 invaletudo,‘quorum
2794 2167 2954 2223 velim
2995 2180 3254 2220 summam
3284 2164 3546 2219 rationem

1959 2265 2178 2329 habeas,
2204 2263 2550 2334 medicosque
2576 2261 2825 2317 consulas
2845 2301 2859 2324 ,
2887 2269 3046 2329 atque
3073 2273 3138 2313 ea
3164 2273 3283 2327 qum
3311 2255 3551 2312 muneris

1959 2356 2036 2413 tui
2064 2365 2189 2413 sunt
2211 2356 2368 2410 simul
2400 2361 2640 2424 praestes.
2668 2352 2799 2408 Nam
2822 2351 2892 2407 de
2913 2350 2978 2406 iis
2991 2348 3402 2411 calamitatibus,
3430 2362 3552 2417 quae
3636 2334 3641 2343 ’

1962 2448 2056 2504 tibi
2098 2446 2399 2504 inferuntur
2422 2487 2436 2511 ,
2466 2455 2576 2502 tum
2614 2454 2667 2499 te
2690 2486 2705 2511 ,
2737 2451 2796 2498 ut
2824 2441 2970 2513 prius
2993 2440 3103 2512 jam
3130 2439 3241 2494 dixi
3266 2479 3282 2504 ,
3319 2437 3553 2509 gaudere

1958 2544 2137 2611 cupio,
2169 2548 2278 2594 tum
2301 2536 2397 2594 tibi
2426 2537 2541 2608 ipse
2564 2534 2819 2608 gratulor.
2850 2532 2973 2589 Seio
2999 2532 3142 2587 enim
3172 2536 3404 2601 quantus
3424 2528 3553 2583 hinc

1964 2635 2055 2690 tibi
2084 2633 2353 2705 patientiae
2374 2629 2575 2686 fructus
2595 2628 2817 2683 oriatur.
2839 2624 3198 2694 Quamobrem
3219 2622 3285 2678 da
3308 2634 3549 2691 operam,

1961 2744 2032 2785 ne
2059 2727 2182 2799 quid
2210 2741 2277 2782 ex
2302 2726 2368 2781 iis
2390 2739 2511 2795 qua:
2537 2721 2785 2778 accidunt
2804 2729 2865 2774 .te
2892 2724 3225 2773 commoveat
3249 2730 3314 2770 ac
3340 2722 3553 2783 pertur-

1963 2819 2074 2874 bet.
2119 2817 2236 2873 Una
2279 2817 2422 2872 enim
2468 2814 2746 2869 dumtaxat
2774 2826 2862 2866 res
2897 2809 3121 2865 molesta
3151 2814 3271 2872 est,
3301 2805 3551 2860 nimirum

1962 2916 2259 2981 peccatum.
2305 2906 2438 2962 Nam
2481 2915 2676 2961 caetera
2712 2900 2890 2958 omnia
2914 2943 2930 2969 ,
2959 2901 3003 2955 si
3050 2897 3211 2953 modo
3239 2896 3549 2967 vigilantem

1960 3018 2027 3058 ac
2051 3000 2288 3057 sobrium
2335 3001 2570 3056 animum
2598 2998 2837 3070 praebeas
2859 3038 2875 3061 ,
2907 2994 3042 3051 lucri
3083 3004 3297 3063 quoque
3328 2988 3552 3061 amplis-

1964 3094 2153 3150 simam
2202 3080 2479 3148 matcriam
2524 3088 2979 3161 suppeditabunt,
3029 3094 3188 3154 atque
3221 3088 3421 3136 'arcana
3464 3079 3554 3133 illa

1970 3187 2103 3240 bona
2133 3226 2148 3251 ,
2174 3200 2293 3255 qua:
2322 3186 2376 3239 in
2402 3183 2549 3239 caelis
2575 3181 2847 3238 recondita
2874 3189 3017 3243 sunt,
3048 3174 3417 3246 copiosissime
3458 3171 3554 3227 tibi

1964 3285 2260 3334 accersent.
2289 3275 2413 3332 Ideo
2433 3291 2555 3330 cum
2576 3274 2630 3329 in
2654 3270 2916 3344 ejusmodi
2942 3278 3150 3341 quaestu
3174 3264 3411 3338 quotidie
3432 3277 3555 3319 ver-

1965 3370 2101 3426 seris
2124 3411 2138 3435 ,
2167 3367 2341 3440 gaude
2364 3382 2428 3422 ac
2451 3367 2634 3421 laetare
2665 3382 2681 3419 :
2710 3373 2870 3434 atque
2897 3361 2965 3415 ad
3003 3374 3101 3416 nos
3129 3372 3274 3428 saepe
3317 3354 3557 3413 scribere

1966 3480 2035 3519 ne
2061 3461 2318 3534 graveris.
2349 3460 2509 3517 Certe
2548 3457 2825 3518 nobiscum
2859 3468 2983 3511 esse
3027 3462 3079 3509 te
3111 3452 3358 3522 cupimus
3385 3466 3400 3511 ;
3428 3448 3553 3518 quia

1967 3564 2146 3611 tamen
2175 3568 2280 3609 non
2313 3552 2484 3608 hiems
2509 3550 2825 3616 dumtaxat,
2874 3546 2968 3602 sed
2999 3546 3159 3601 etiam
3203 3553 3363 3599 a.-stas
3405 3556 3557 3611 asque

1966 3646 2060 3703 tibi
2086 3644 2264 3717 gravis
2288 3659 2352 3698 ac
2373 3642 2598 3698 molesta
2628 3650 2711 3695 est
2729 3681 2743 3704 ,
2777 3638 2905 3693 illud
2929 3636 3082 3693 veriti
3108 3649 3296 3691 sumus
3321 3673 3335 3697 ,
3367 3647 3435 3687 ne
3460 3641 3513 3686 te
3535 3670 3555 3697 ,

1966 3740 2038 3796 ob
2064 3739 2341 3794 oculorum
2382 3735 2681 3807 prmsertitn
2711 3733 2955 3788 morbum
2982 3773 2998 3798 ,
3027 3732 3079 3785 in
3103 3729 3245 3785 aeris
3283 3729 3556 3794 intempe-

1966 3833 2100 3901 riem
2129 3831 2539 3901 eonjieeremus.
2568 3827 2698 3894 Qua:
2739 3839 2861 3879 cum
2894 3824 2961 3877 ita
2986 3824 3092 3877 sint
3116 3862 3132 3887 ,
3154 3820 3221 3877 ad
3245 3835 3432 3876 eorum
3459 3835 3555 3874 cu-

1967 3939 2080 3979 ram
2105 3922 2262 3977 velim
2290 3934 2505 3991 operam
2531 3930 2743 3973 omnem
2773 3915 3029 3970 adhibeas
3061 3931 3073 3967 :
3105 3913 3173 3969 de
3196 3927 3368 3984 eoque
3388 3955 3401 3978 ,
3431 3928 3554 3969 cum

1968 4013 2190 4068 facultas
2215 4012 2340 4077 erit,
2370 4008 2560 4065 crebro
2586 4008 2651 4062 ad
2682 4022 2780 4061 nos
2804 4005 3040 4069 scribas,
3080 4014 3242 4076 atque
3276 4020 3403 4059 num
3446 4021 3559 4060 me-

1967 4104 2191 4163 liuscule
2207 4117 2325 4158 sese
2343 4101 2592 4165 habeant,
2611 4098 2901 4170 significes,
2923 4112 3051 4168 quo,
3068 4097 3396 4168 licetalioqui
3411 4107 3559 4151 tanto

1967 4199 2065 4253 abs
2090 4207 2142 4252 te
2168 4196 2404 4251 locorum
2427 4191 2706 4248 intervallo
2733 4190 2926 4255 dissiti,
2960 4204 3204 4261 magnam
3227 4197 3403 4244 tamen
3436 4187 3559 4244 hinc

1966 4289 2290 4359 voluptatem
2319 4285 2609 4355 capiamus.

1970 4402 2129 4461 CIII.
2171 4401 2460 4471 Ampruclaz
2493 4397 2789 4452 diaconissw
2816 4394 3071 4466 ipsiusque
3113 4392 3395 4446 comitibus.
3418 4389 3557 4463 (Cn-

2516 4505 2645 4547 cuso
2672 4502 2812 4544 anno
2835 4487 3003 4558 404.)

2044 4631 2160 4689 Etsi
2201 4633 2361 4701 longo
2413 4627 2618 4684 itineris
2657 4622 2940 4680 intervallo
2992 4636 3023 4676 a
3067 4621 3217 4676 vobis
3263 4618 3563 4689 disjunctus

1971 4741 2090 4782 sum
2116 4766 2132 4789 ,
2178 4733 2355 4778 tamen
2385 4719 2638 4790 praeclara
2664 4725 2719 4771 et
2749 4715 2902 4770 fortia
2930 4722 3102 4767 vestra
3135 4711 3368 4765 facinora
3391 4750 3407 4774 ,
3453 4724 3560 4763 non

1971 4818 2152 4877 minus
2176 4829 2335 4885 quam
2367 4810 2456 4881 qui
2481 4810 2697 4873 adsunt,
2726 4806 2937 4874 cognita
2963 4812 3019 4858 et
3041 4802 3312 4873 explorata
3342 4800 3515 4856 habeo
3546 4817 3560 4853 :

1974 4911 2424 4975 vehementerque
2450 4902 2603 4956 vobis
2637 4900 2704 4955 de
2735 4898 2834 4952 hac
2875 4895 3186 4975 fortitudine
3208 4932 3226 4960 ,
3268 4893 3522 4963 patientia
3544 4932 3561 4955 ,

1974 5000 2297 5062 constantia,
2320 5005 2480 5064 atque
2498 4990 2834 5047 adamantina
2851 4985 3078 5057 quadam
3100 4974 3262 5039 animi
3284 4983 3564 5048 firmitate,

1974 5088 2330 5161 loquendique
2360 5086 2606 5141 libertate
2632 5096 2698 5137 ac
2738 5079 2929 5134 fiducia
2958 5078 3214 5147 gratulor.
3244 5076 3430 5146 quue
3464 5091 3563 5130 no-

1974 5184 2117 5238 mine
2148 5182 2334 5238 beatas
2362 5194 2457 5232 vos
2480 5174 2772 5245 praedicare
2799 5187 2903 5227 non
2929 5172 3118 5228 desino
3138 5210 3154 5234 ,
3190 5179 3303 5224 tum
3323 5169 3397 5224 ob
3425 5182 3562 5238 prae-

1974 5276 2143 5332 sentia
2164 5314 2180 5339 ,
2211 5282 2320 5327 tum
2344 5271 2415 5326 ob
2442 5284 2503 5324 ea
2536 5268 2671 5321 bona
2693 5280 2812 5333 qum
2856 5279 2952 5318 vos
2981 5264 3033 5317 in
3078 5262 3258 5317 futuro
3300 5274 3418 5316 asvo
3466 5274 3561 5315 cx-

1975 5379 2194 5439 ceptura
2223 5375 2381 5430 sunt,
2415 5376 2610 5418 arcana
2638 5360 2761 5422 illa,
2807 5368 2862 5413 et
2879 5371 3095 5412 omnem
3127 5355 3323 5410 mentis
3347 5362 3560 5423 captum

1975 5476 2040 5516 ac
2060 5456 2324 5516 sermonis
2346 5453 2649 5510 facultatem
2671 5448 3001 5506 excedentia.
3027 5445 3217 5517 Magno
3235 5453 3413 5499 autem
3441 5459 3556 5508 nos,

1979 5552 2068 5621 qui
2093 5561 2199 5606 tam
2226 5549 2387 5619 longe
2418 5563 2448 5602 a
2480 5555 2531 5602 te
2555 5542 2783 5615 sejuncti
2807 5553 3013 5603 sumus,
3041 5550 3274 5591 interere
3297 5531 3516 5588 atl‘ecisti
3539 5571 3554 5591 .

1980 5645 2124 5720 quod
2153 5661 2220 5703 ne
2244 5646 2483 5704 scribere
2509 5641 2726 5717 quidem
2750 5638 2818 5695 ad
2843 5650 2941 5693 nos
2977 5632 3190 5703 dignata
3222 5628 3317 5685 sis.
3360 5626 3557 5692 Quam-
