4058 6218
483 302 588 357 683

481 431 639 484 quam
668 415 798 471 illud
821 417 934 472 scio
954 458 972 484 ,
1015 417 1150 472 istud
1181 418 1493 487 negligentia
1526 429 1615 472 tua
1647 420 1864 474 minime
1893 421 2066 475 conti-

483 512 628 574 gisse
664 522 679 570 ;
710 522 830 561 nam
871 509 985 562 sive
1026 509 1228 562 scribas
1252 549 1268 572 ,
1315 510 1430 564 sive
1459 519 1664 574 taceas,
1714 511 1989 566 ardentem
2017 521 2071 567 et

488 598 756 651 sinceram
802 595 1013 666 fucique
1043 609 1358 667 expertem,
1407 615 1471 652 ac
1511 600 1715 654 firmam
1763 611 1817 656 et
1846 602 2068 657 solidam

483 697 626 740 tuam
657 688 890 757 erga'me
907 689 1182 744 caritatem
1208 693 1364 756 novi;
1397 707 1578 746 verum
1606 693 1767 763 quod,
1794 694 1880 748 cui
1898 694 2072 748 dicta-

483 792 570 832 res
591 820 607 843 ,
637 794 794 832 nemo
825 779 915 834 tibi
956 789 1150 848 praisto
1179 791 1338 838 esset.
1389 782 1716 853 Quamquam
1756 784 1834 839 sic
1863 799 2073 854 quoque

486 873 654 940 patria
669 870 845 940 lingua
867 873 1202 927 scribendum
1225 873 1340 942 fuit,
1363 891 1424 930 ac
1446 883 1529 929 tua
1549 892 1729 930 manu.
1756 878 2073 948 Magnopere

483 965 624 1018 enim
649 1008 662 1024 .
696 977 751 1020 ut
773 967 882 1035 ipsa
912 983 1122 1037 quoque
1154 971 1563 1034 uosti,"crebras
1585 986 1610 1024 a
1637 981 1688 1026 te
1718 973 1899 1026 literas
1924 972 2065 1026 acci-

487 1069 614 1124 pere
642 1057 918 1112 studemus
942 1101 956 1124 ,
1000 1075 1107 1129 quo
1137 1061 1203 1114 de
1235 1071 1319 1113 tua
1351 1061 1655 1116 valetudine
1684 1063 1921 1133 quotidie
1950 1079 2071 1117 cer-

489 1149 654 1202 tiores
687 1150 872 1204 liamus
905 1169 918 1204 :
953 1151 1182 1220 hincque
1214 1160 1318 1206 tam
1359 1163 1524 1208 vasta:
1561 1137 1782 1222 hujusce
1828 1156 2072 1209 solitudi-

485 1240 588 1305 nis,
618 1255 680 1294 ac
709 1257 884 1296 rerum
914 1243 1275 1308 adversarum,
1303 1259 1422 1298 cum
1455 1246 1644 1315 quibus
1677 1246 1763 1300 hic
1784 1245 2067 1310 luctamur,

484 1329 625 1384 haud
671 1332 912 1400 exiguam
943 1335 1362 1390 consolationem
1403 1337 1664 1405 capimus.
1716 1337 1846 1391 Cum
1894 1337 2070 1407 igitur,

487 1424 934 1479 reverendissima
966 1436 1020 1480 et
1057 1428 1455 1498 religiosissima
1493 1430 1705 1482 domina
1727 1471 1741 1493 ,
1779 1439 1974 1500 quanta
1998 1431 2073 1484 rei

488 1514 713 1584 hujusce
741 1517 1029 1586 cupiditate
1074 1527 1274 1586 tenear,
1326 1521 1543 1575 minime
1580 1531 1631 1576 te
1678 1521 1886 1591 fugiat,
1940 1522 2076 1576 hanc

491 1607 646 1659 nobis
673 1608 895 1676 gratiam
929 1608 1202 1677 impertire
1228 1653 1242 1676 ,
1273 1627 1456 1681 quaso
1476 1652 1490 1673 ,
1524 1627 1588 1665 ne
1611 1612 1950 1666 intermittas.
1992 1614 2076 1667 Si-

487 1696 701 1766 quidem
747 1699 896 1753 multi
930 1701 1084 1755 istinc
1126 1702 1288 1756 variis
1333 1717 1365 1758 e
1410 1703 1542 1758 locis
1568 1704 1634 1756 ad
1665 1717 1764 1758 nos
1790 1714 2072 1759 venerunt.

492 1787 689 1842 Verum
717 1803 779 1843 ea
805 1789 873 1844 de
902 1805 1060 1845 causa
1107 1792 1538 1849 minime'tecum
1581 1795 1895 1864 exposutlo,
1933 1796 2076 1864 quod

494 1880 676 1936 literas
701 1881 796 1936 abs
819 1892 870 1936 te
899 1884 1052 1938 nobis
1071 1934 1074 1936 .
1094 1900 1200 1940 non
1241 1886 1572 1941 attulerunt:
1603 1886 1892 1942 verisimile
1930 1889 2073 1942 enim

489 1981 570 2025 cst
590 1987 684 2027 eos
715 1973 806 2027 tibi
839 1975 1044 2044 ignotos
1085 1991 1224 2031 esse.
1272 1977 1422 2032 Nunc
1444 1987 1658 2044 autem,
1703 1994 1822 2033 cum
1867 1994 2076 2034 sunnua

489 2064 714 2120 facultas
738 2065 916 2133 datur,
952 2070 1154 2124 scribas
1174 2071 1332 2126 velim
1367 2089 1381 2129 :
1411 2086 1474 2126 ac
1504 2075 1800 2142 praesertim
1829 2089 1950 2127 cum
1987 2089 2075 2129 res

493 2153 799 2224 hujusmodi
826 2159 943 2213 istic
969 2160 1349 2231 contigissent,
1389 2162 1568 2218 literas
1606 2164 1700 2218 abs
1745 2173 1795 2217 te
1833 2164 2076 2232 accipere

490 2245 756 2315 inprimis
784 2251 1119 2318 expetebam.
1171 2253 1308 2306 Cura
1359 2255 1516 2323 igitur
1556 2265 1611 2308 ut
1661 2255 1803 2324 quod
1851 2257 2076 2309 antehac

490 2337 586 2391 abs
618 2347 668 2391 te
693 2353 791 2408 per
815 2340 1071 2395 incuriam
1101 2345 1516 2410 praetermissum
1545 2354 1626 2400 est
1645 2347 1864 2409 sarcias,
1899 2347 2077 2414 pristi-

492 2425 652 2494 nique
696 2428 894 2483 silentii
937 2431 1336 2488 diuturnitatem
1367 2436 1640 2491 literarum
1688 2437 1984 2506 frequentia
2021 2448 2078 2494 et

490 2518 802 2575 assiduitate
827 2536 1163 2592 compenses.
1675 2521 1688 2530 ’

561 2651 712 2710 CIV.
741 2653 1006 2750 Pentadio:
1041 2660 1355 2715 diaconisstr.
1384 2665 1562 2732 (Anno
1582 2665 1683 2719 4οἇ
1712 2665 1797 2720 vel
1825 2666 1979 2736 405.)

563 2787 894 2843 Coronarum
925 2793 1141 2847 nomine
1161 2835 1175 2857 ,
1207 2809 1340 2863 quas
1369 2796 1460 2850 tibi
1505 2798 1835 2863 conciliasti,
1867 2799 2075 2854 beatam

496 2886 548 2932 te
575 2879 741 2942 duco,
785 2896 847 2935 ac
877 2897 1016 2937 nunc
1034 2899 1264 2954 quoque,
1293 2901 1412 2941 cum
1442 2903 1537 2957 per
1564 2889 1725 2943 animi
1757 2891 2077 2961 magnitudi-

499 2986 620 3023 nem
650 2972 982 3044 quidvisfpro
1013 2977 1234 3033 veritate
1259 2980 1493 3048 perferre
1520 2983 1572 3036 in
1597 2985 1832 3037 animum
1857 2985 2078 3040 induxe-

493 3059 586 3113 ris.
637 3059 824 3116 Merito
871 3066 1093 3133 proinde
1135 3069 1299 3122 Dearti
1350 3070 1545 3138 habes,
1597 3075 1687 3142 qui
1734 3084 1853 3130 tuas
1898 3086 2078 3147 partes

489 3150 752 3206 acerrime
797 3161 1028 3209 tueatur.
1083 3157 1253 3228 Usque
1302 3161 1370 3213 ad
1415 3174 1622 3217 mortem
1669 3167 1811 3220 enim
1838 3207 1852 3230 ,
1905 3166 2078 3238 inquit

493 3242 768 3312 Scriptura
792 3286 806 3308 ,
856 3263 947 3314 pro
992 3250 1198 3303 veritate
1241 3258 1376 3305 ce‘rta
1406 3271 1423 3306 :
1451 3263 1498 3308 et
1540 3254 1792 3312 Dominus
1835 3262 2076 3329 pugnabit

493 3351 584 3403 pro
610 3347 656 3390 te
683 3337 866 3407 (Eccli.
899 3341 951 3395 4.
981 3343 1093 3412 53).
1121 3345 1273 3410 Quod
1295 3347 1452 3400 etiam
1479 3351 1680 3404 evenit.
1707 3350 1838 3404 Nam
1865 3369 1983 3406 cum
2010 3370 2075 3407 eo

491 3440 658 3494 usque
686 3431 999 3503 praeclarum
1029 3434 1130 3488 hoc
1159 3447 1426 3493 certamen
1456 3439 1654 3495 obieris
1674 3483 1689 3507 ,
1737 3444 1901 3498 multa
1941 3443 2077 3498 divi-

493 3517 638 3572 nitus
662 3523 878 3589 praemia
904 3527 1130 3580 retulisti
1157 3545 1170 3580 :
1202 3529 1321 3584 ideo
1341 3546 1529 3600 magna
1552 3534 1823 3602 voluptate
1848 3535 2071 3591 afficior.

494 3607 624 3674 Quia
657 3621 832 3666 autem
867 3614 1100 3670 intellexi
1135 3629 1184 3673 te
1219 3620 1286 3673 de
1325 3621 1561 3676 discessu
1599 3626 1868 3693 cogitare,
1917 3638 2076 3697 atque

493 3699 650 3755 istinc
678 3702 906 3773 migrare
938 3709 1072 3762 velle
1101 3714 1305 3780 accepi,
1331 3722 1453 3780 peto
1471 3713 1566 3767 abs
1595 3723 1666 3780 te,
1699 3730 1764 3768 ne
1789 3716 2075 3786 quidquam

495 3794 796 3864 hujusmodi
827 3801 1048 3868 cogites,
1080 3811 1172 3854 aut
1202 3804 1253 3856 in
1280 3805 1460 3858 animo
1488 3805 1706 3862 habeas.
1739 3808 1974 3862 Primum
2007 3812 2076 3866 ob

492 3885 594 3941 hoc
622 3889 793 3958 ipsum
820 3932 835 3955 ,
865 3894 1004 3961 quod
1032 3895 1235 3950 civibus
1271 3897 1374 3952 tuis
1403 3898 1694 3952 subsidium
1723 3916 1780 3954 es
1807 3943 1822 3964 ,
1851 3903 2071 3972 amplis-

495 3981 768 4052 simusque
800 3997 1002 4052 portus,
1032 3999 1087 4041 et
1113 3988 1514 4053 adminiculum,
1546 4007 1609 4046 ac
1631 4001 1774 4047 tutus
1801 4009 1983 4049 murus
2012 3996 2077 4050 iis

494 4075 582 4141 qui
631 4075 902 4130 laboribus
939 4089 994 4132 et
1022 4083 1274 4136 mrumnis
1317 4084 1690 4140 conficiuntur.
1736 4087 1915 4154 Quare
1963 4090 2073 4144 noli

493 4167 854 4229 committere,
889 4177 945 4222 ut
975 4179 1174 4225 tantum
1198 4185 1456 4243 quaastum
1482 4177 1548 4232 de
1578 4179 1824 4234 manibus
1848 4181 2072 4249 ejicias;

493 4254 624 4317 noli,
655 4255 892 4326 inquam,
914 4262 1272 4327 committere,
1297 4277 1354 4317 ut
1383 4273 1584 4320 tantum
1607 4267 1811 4324 lucrum
1831 4270 2072 4339 abjicias,

489 4361 611 4400 cum
645 4356 819 4403 tantos
842 4352 1075 4420 quotidie
1105 4354 1381 4409 thesauros
1407 4372 1473 4410 ex
1497 4368 1582 4411 tua
1608 4362 1889 4427 praesentia
1917 4363 2073 4417 colli-

493 4454 607 4506 gas.
633 4438 762 4494 Nam
799 4444 886 4511 qui
914 4444 1164 4512 prmelara
1196 4455 1282 4500 tua
1314 4447 1544 4502 facinora
1571 4460 1834 4517 cernunt,
1866 4453 1946 4508 vel
1973 4469 2075 4506 au-

493 4529 664 4592 diunt,
695 4547 798 4584 non
824 4549 1005 4601 parum
1035 4534 1160 4590 hinc
1181 4539 1310 4592 lucri
1331 4551 1746 4609 consequuntur.
1777 4544 1895 4598 Scis
1917 4544 2075 4613 porro

488 4631 738 4690 quautam
771 4622 907 4678 istud
931 4627 1233 4681 mercedem
1266 4629 1356 4682 tibi
1386 4632 1656 4686 conciliet.
1700 4633 1933 4687 Primum
1979 4637 2076 4688 ita-

488 4727 615 4781 que,
645 4722 702 4768 ut
730 4713 858 4778 dixi,
893 4716 990 4770 hac
1018 4717 1082 4771 de
1107 4731 1264 4772 cansa
1296 4730 1346 4773 te
1372 4736 1498 4790 rogo
1527 4723 1643 4776 istic
1674 4738 1927 4790 maneas;
1976 4743 2074 4782 ue-

489 4817 596 4871 que
625 4805 768 4857 enim
795 4805 1039 4874 exiguum
1073 4808 1310 4862 utilitatis
1356 4809 1494 4866 illius
1521 4852 1535 4874 ,
1582 4828 1740 4882 quam
1795 4815 1911 4869 istic
1956 4832 2077 4886 per-

492 4895 760 4950 tnanendo
799 4899 1060 4963 attulisti,
1108 4900 1482 4954 documentum
1529 4903 1624 4957 abs
1654 4912 1706 4958 te
1744 4905 1924 4961 datum
1970 4919 2070 4964 est.

497 4985 716 5049 Deinde,
743 5003 812 5041 ne
829 4991 954 5043 anui
979 4990 1193 5060 quidem
1219 5001 1426 5062 tempus
1449 4993 1548 5048 hoc
1578 5005 1628 5050 te
1657 4996 1832 5053 facere
1860 5000 2072 5068 patitur.

493 5073 678 5144 Neque
701 5077 840 5130 enim
860 5120 875 5143 ,
903 5094 1004 5149 qua
1047 5082 1286 5150 corporis
1315 5083 1678 5141 imbecillitate
1707 5087 1807 5151 sis,
1842 5089 2070 5157 ignoras,

494 5181 668 5235 neque
697 5167 790 5222 tibi
813 5167 966 5225 facile
990 5188 1112 5227 esse
1142 5174 1192 5226 iu
1222 5182 1363 5228 tanta
1389 5177 1437 5229 vi
1469 5177 1680 5247 frigoris
1705 5187 1863 5249 atque
1886 5181 2073 5238 hiemis

493 5257 688 5328 pedem
728 5275 962 5318 movere.
1011 5265 1122 5321 lluc
1161 5269 1363 5322 accedit
1403 5271 1542 5338 quod
1571 5311 1585 5334 ,
1641 5283 1698 5326 ut
1749 5289 1929 5327 rumor
1956 5286 2072 5342 est,

493 5347 795 5406 lsaurorum
823 5369 910 5408 res
941 5371 1080 5412 nime
1107 5358 1285 5428 vigent
1308 5360 1348 5411 ί.
1378 5359 1502 5415 Haze
1545 5361 1724 5431 itaque
1765 5366 1972 5430 omnia,
2019 5376 2076 5420 ut

498 5440 730 5510 prudens
781 5446 976 5500 mulier
1008 5457 1181 5502 tecum
1225 5460 1478 5517 reputans
1504 5491 1518 5515 ,
1561 5467 1658 5514 ne,
1709 5451 1923 5523 qum-sb,
1974 5455 2074 5511 hoc

492 5541 736 5600 tempore
775 5539 882 5592 ullo
915 5549 1070 5608 pacto
1098 5541 1282 5610 pedem
1320 5544 1475 5600 istinc
1515 5561 1730 5600 movere
1770 5548 2072 5603 sustineas:

491 5629 667 5700 deque
713 5631 813 5687 hac
863 5648 921 5686 re
958 5634 1114 5686 velim
1161 5650 1259 5688 nos
1288 5637 1676 5706 quamprimum
1707 5640 1960 5695 certiores
1992 5641 2071 5694 fa-

553 5744 568 5776 ⁸
603 5742 818 5805 Coisliu.,
839 5750 1034 5806 propter
1059 5754 1248 5796 Isauros
1270 5744 1360 5794 iter
1378 5749 1440 5798 sit
1463 5747 1757 5810 impervium.

1224 306 1284 362 S.
1323 305 1601 362 JOANNIS
1639 303 2115 360 CHRYSOSTOMI
2153 303 3046 365 ARCHIEP.'CONSTANTINOP.

3655 316 3761 370 664

2177 419 2307 487 cias,
2341 435 2404 477 ac
2433 422 2502 478 de
2527 431 2613 478 tua
2642 423 2942 480 valetudine
2980 439 3124 496 saepe
3169 425 3392 481 scribas.
3439 426 3568 481 Nam
3619 445 3762 484 nunc

2179 525 2389 579 quoque
2414 527 2510 567 nos
2553 513 2724 566 nullas
2761 513 2859 568 abs
2905 524 2958 570 te
2999 515 3182 570 literas
3227 517 3499 588 accepisse
3538 519 3764 575 moleste

2178 602 2398 656 tulimus
2430 620 2444 656 :
2476 619 2560 668 ac,
2593 620 2659 659 ne
2690 604 2824 660 forte
2852 605 3070 660 morbus
3105 606 3207 662 hoc
3233 607 3586 677 impediverit,
3611 610 3757 665 labo-

2178 706 2379 746 ramus.
2409 691 2478 748 Ut
2522 693 2657 749 hanc
2703 696 2859 764 igitur
2899 696 3308 752 sollicitudinem
3339 699 3492 754 nobis
3522 701 3748 767 eximas,

2178 785 2285 839 cito
2304 786 2368 839 ad
2402 801 2499 840 nos
2529 786 2738 852 literas,
2771 803 2888 858 qua:
2913 789 3026 843 lucc
3055 789 3318 856 indicent,
3352 793 3520 845 mitte.

2249 876 2289 930 (ἐ
2305 875 2360 928 ν.
2393 875 2686 932 Chalcidice.
2719 879 2962 950 (Scripta
2993 895 3152 948 anno,
3181 891 3237 935 ut
3264 893 3496 952 putatur,
3525 883 3648 938 406.
3673 883 3692 954 )

2252 968 2392 1023 Deus
2425 969 2517 1023 tibi
2559 986 2654 1038 pro
2685 980 2769 1024 tua
2799 987 2922 1042 erga
2955 988 3054 1026 nos
3076 976 3370 1030 reverentia
3396 1017 3411 1040 ,
3443 975 3674 1043 honore,
3702 992 3765 1034 ac

2179 1059 2384 1112 sincera
2413 1061 2633 1115 Caritate
2662 1069 2768 1114 tum
2795 1064 2914 1129 hic,
2965 1071 3073 1116 tum
3106 1063 3157 1117 in
3183 1063 3360 1118 futuro
3393 1082 3509 1119 {evo
3555 1084 3759 1123 merce-

2177 1149 2298 1205 dem
2331 1152 2543 1220 pendat.
2585 1152 2690 1207 Nec
2717 1155 2860 1207 enim
2889 1171 3024 1208 mute
3053 1155 3358 1219 dumtaxat,
3403 1157 3496 1211 sed
3535 1157 3762 1227 primum

2179 1245 2336 1298 etiam
2365 1252 2522 1313 atque
2560 1246 2627 1300 ab
2673 1247 2851 1309 initio,
2892 1262 2997 1315 quo
3022 1263 3145 1316 erga
3173 1263 3266 1300 nos
3293 1249 3470 1301 animo
3500 1265 3562 1303 ac
3589 1249 3768 1303 studio

2182 1335 2388 1401 fueris,
2441 1347 2776 1405 perspectum
2826 1337 3014 1391 habeo.
3071 1342 3148 1392 Ac
3199 1349 3474 1407 prepterea
3524 1341 3768 1409 quamvis

2179 1427 2338 1497 longo
2365 1427 2575 1482 itineris
2605 1428 2780 1497 Spatio
2800 1428 2892 1483 abs
2925 1439 2974 1482 te
3000 1428 3219 1484 dissitus
3255 1431 3354 1483 sim
3380 1472 3394 1494 ,
3443 1442 3602 1500 atque
3639 1431 3726 1487 hic
3749 1475 3765 1496 ,

2183 1527 2291 1570 tum
2324 1518 2392 1572 ob
2422 1517 2576 1586 hujus
2602 1519 2701 1573 loci
2727 1519 3087 1584 solitudinem,
3117 1529 3227 1574 tum
3255 1522 3323 1575 ob
3352 1533 3603 1593 perpetua
3628 1525 3767 1592 peri-

2179 1610 2295 1661 cula
2319 1649 2333 1670 ,
2362 1607 2688 1677 crebrosque
2718 1609 3028 1679 praedonum
3061 1612 3288 1681 impetus
3311 1655 3325 1677 ,
3359 1623 3466 1666 tum
3497 1614 3564 1667 ob
3593 1613 3769 1668 medi-

2179 1711 2362 1752 corum
2417 1700 2730 1769 penuriam,
2780 1700 2832 1754 in
2879 1701 3058 1756 multis
3102 1703 3490 1758 calamitatibus
3535 1721 3764 1760 verser:

2181 1788 2312 1842 nihil
2347 1799 2521 1844 tamen
2555 1790 2742 1844 horum
2775 1793 3013 1846 omnium
3046 1794 3304 1862 impedit,
3353 1797 3636 1866 quominus
3664 1807 3770 1853 tua:

2179 1879 2456 1934 suavitatis
2483 1891 2742 1952 perpetuo
2765 1883 3017 1937 recorder
3045 1901 3058 1938 :
3091 1887 3215 1952 quin
3252 1887 3424 1954 potius
3471 1902 3588 1940 eam
3625 1890 3769 1942 cari-

2181 1977 2342 2024 tatem
2368 2011 2382 2035 ,
2411 1986 2568 2040 quam
2599 1987 2627 2024 a
2657 1972 2916 2042 principio
2938 1981 3045 2039 tum
3079 1989 3203 2043 erga
3228 1983 3298 2038 te,
3330 1982 3440 2029 tum
3470 1991 3598 2046 erga
3624 1987 3767 2031 tuam

2181 2057 2399 2114 domum
2428 2061 2584 2115 habui
2608 2103 2623 2128 ,
2657 2061 2920 2132 vigentem
2960 2064 3201 2127 retineo;
3245 2080 3415 2134 neque
3441 2081 3558 2120 eam
3588 2068 3671 2122 vel
3701 2069 3771 2124 ob

2181 2151 2438 2220 temporis
2467 2152 2866 2207 diuturnitatem
2887 2194 2904 2219 ,
2952 2154 3033 2208 vel
3057 2155 3123 2209 ob
3165 2155 3369 2211 itineris
3398 2157 3762 2228 longinquita-

2185 2250 2290 2294 tem
2316 2257 2705 2298 consenescere
2731 2245 2920 2314 patiar.
2951 2244 3082 2300 Nam
3105 2261 3166 2300 ea
3191 2246 3402 2301 demum
3428 2249 3655 2302 sincer-.e
3682 2265 3772 2302 ca-

2183 2331 2356 2385 ritatis
2396 2342 2583 2387 natura
2622 2344 2724 2389 est.
2758 2335 2832 2389 Te
2861 2351 2986 2390 vero
3016 2351 3114 2405 pro
3155 2347 3241 2391 tua
3271 2338 3546 2407 prudentia
3575 2350 3630 2393 et
3656 2341 3769 2409 pie-

2181 2429 2289 2475 tate
2330 2437 2429 2474 oro
2455 2431 2614 2492 atque
2640 2423 2867 2479 obsecro
2891 2466 2906 2490 ,
2940 2435 2996 2479 ut
3023 2442 3084 2480 ea
3115 2429 3314 2494 omnia,
3345 2445 3462 2496 qua:
3489 2431 3766 2492 accidunt,

2180 2518 2403 2565 strenuo
2429 2513 2614 2567 animo
2641 2515 2799 2568 feras.
2851 2515 2966 2570 Scis
2995 2519 3136 2571 enim
3169 2528 3220 2572 te
3247 2520 3316 2574 ab
3354 2520 3570 2575 ineunte
3613 2533 3772 2577 aetate

2181 2615 2350 2670 usque
2377 2602 2443 2656 ad
2473 2603 2573 2657 hoc
2601 2612 2812 2674 tempus
2840 2622 2934 2676 per
2963 2609 3134 2662 varias
3157 2618 3314 2678 atque
3342 2612 3516 2665 omnis
3545 2609 3656 2666 fere
3678 2627 3772 2682 ge-

2180 2694 2323 2747 neris
2362 2695 2678 2750 tentntiones
2727 2698 3047 2765 incessisse;
3095 2711 3256 2769 atque
3293 2702 3562 2770 patientize
3592 2713 3770 2756 certa-

2180 2801 2301 2840 men
2331 2785 2468 2840 facili
2495 2789 2707 2858 negotio
2735 2789 2885 2844 obire
2910 2799 3062 2858 potes
3086 2834 3101 2855 ,
3129 2793 3575 2862 quemadmodum
3601 2796 3764 2849 etiam

2179 2893 2322 2949 sche
2350 2879 2523 2934 abiisti
2549 2923 2563 2946 ,
2597 2889 2651 2935 et
2698 2881 2932 2937 illustres
2970 2883 3091 2938 inde
3120 2899 3345 2938 coronas
3375 2886 3573 2954 tibiipsi
3605 2887 3656 2940 in
3690 2889 3769 2940 fu-

2191 2981 2364 3025 turum
2395 2971 2700 3026 condidisti.
2748 2973 2901 3040 Quod
2945 2975 2989 3027 si
3039 2974 3152 3029 hinc
3198 2976 3416 3029 teutatio
3463 2978 3773 3046 superiores

2183 3063 2393 3117 excedit
2411 3103 2427 3128 ,
2457 3071 2513 3116 at
2531 3064 2689 3118 etiam
2718 3079 2912 3118 corona
2947 3066 3282 3134 praestantior
3311 3065 3482 3120 futura
3508 3077 3611 3121 est.
3635 3067 3773 3134 Quae

2181 3172 2302 3211 cum
2331 3158 2400 3212 ita
2429 3158 2555 3224 sint,
2588 3157 2719 3212 nihil
2743 3173 2808 3213 ex
2842 3160 2905 3212 iis
2933 3159 3332 3220 acerbitatibus,
3360 3175 3480 3229 qua:
3506 3160 3597 3213 tibi
3628 3161 3766 3214 infe-

2182 3258 2374 3303 runtur
2395 3289 2408 3314 ,
2453 3258 2505 3302 te
2546 3249 2819 3318 perturbet
2847 3267 2860 3302 :
2890 3265 3074 3302 verum
3103 3265 3208 3318 quo
3238 3251 3404 3318 magis
3433 3248 3622 3304 ﬂuctus
3649 3265 3770 3304 cre—

2180 3351 2352 3405 scunt,
2391 3351 2784 3410 tempestasque
2811 3342 2979 3411 magis
3008 3342 3345 3412 ingravescit,
3369 3358 3434 3396 eo
3465 3344 3624 3397 etiam
3657 3358 3766 3396 ma-

2174 3436 2348 3506 jorem
2372 3445 2654 3507 quaestum,
2671 3451 2734 3491 ac
2754 3437 2970 3505 prmmia
2989 3437 3272 3490 sudoribus
3293 3437 3446 3507 longe
3466 3436 3768 3506 cepiosiora

2180 3537 2234 3581 et
2285 3528 2542 3596 ampliora
2589 3536 2643 3582 et
2683 3527 3029 3581 lnculentiora
3072 3537 3341 3596 exspecta.
3392 3527 3576 3596 Neque
3623 3529 3767 3580 enim

2178 3619 2456 3688 Coudigna:
2496 3629 2610 3671 sunt
2649 3619 2904 3687 passiones
2947 3620 3098 3690 hujus
3139 3619 3378 3686 temporis
3422 3619 3489 3670 ad
3540 3621 3769 3688 futuram
3825 3640 3838 3652 ·

2180 3711 2435 3782 gloriam,
2473 3725 2586 3779 qua:
2610 3710 2911 3763 revelabitur
2936 3712 2990 3763 in
3020 3710 3160 3764 nobis
3195 3705 3382 3780 (Rom.
3413 3710 3466 3764 8.
3495 3710 3563 3764 18
3581 3708 3620 3778 ).
3659 3710 3771 3763 Via:

2180 3801 2320 3854 enim
2354 3801 2518 3854 instar
2542 3809 2665 3853 sunt
2703 3812 2992 3869 przesentes
3037 3800 3192 3869 hujus
3211 3801 3333 3853 vita:
3369 3800 3768 3869 jucunditates,

2179 3901 2234 3945 et
2276 3891 2574 3954 molestizc,
2622 3891 2900 3960 amba-que
2937 3890 3124 3946 eodem
3170 3891 3331 3945 modo
3363 3890 3622 3955 efllnunt,
3669 3905 3772 3944 nec

2179 3983 2465 4052 quidquam
2498 3984 2552 4037 in
2582 3983 2644 4037 iis
2673 3994 2878 4038 certum
2917 3998 2981 4036 ac
3023 3983 3212 4037 stabile
3251 3993 3330 4037 est
3357 4024 3370 4046 ,
3415 3999 3600 4036 verum
3644 3999 3770 4036 um-

2183 4075 2291 4128 bra:
2319 4075 2395 4145 (a)
2430 4086 2671 4129 naturam
2703 4075 3004 4140 imitantur,
3051 4085 3108 4129 ut
3133 4091 3249 4145 qua:
3280 4075 3436 4130 simul
3462 4085 3620 4145 atque
3648 4091 3771 4131 sese

2179 4169 2526 4232 ostenderint,
2556 4169 2731 4223 statim
2755 4178 3091 4238 praetereant.
3117 4167 3576 4236 Quemadmodum
3609 4169 3772 4237 igitur

2179 4260 2433 4325 viatores,
2459 4261 2571 4315 sive
2593 4276 2688 4330 per
2709 4272 2879 4331 prata,
2913 4262 3023 4316 sive
3050 4278 3144 4331 per
3169 4262 3440 4316 salebrosa
3467 4271 3520 4315 et
3541 4262 3767 4330 abrupta

2183 4349 2298 4404 loca
2322 4351 2422 4405 iter
2451 4349 2682 4414 faciant,
2733 4366 2829 4405 nec
2861 4352 3020 4404 ullam
3053 4353 3197 4405 illine
3229 4353 3549 4420 voluptatem
3599 4351 3775 4418 perci-

2179 4441 2354 4511 piunt,
2389 4457 2486 4496 nec
2518 4443 2678 4496 ullam
2703 4443 2824 4496 hinc
2855 4445 3158 4497 tricestitiam
3207 4444 3480 4507 sentiunt;
3529 4443 3770 4496 viatores

2177 4533 2320 4586 etiim
2349 4543 2492 4596 sunt,
2540 4549 2646 4587 non
2673 4535 2848 4597 cives,
2897 4542 3117 4604 utraque
3149 4543 3568 4602 praetereuntes,
3605 4542 3772 4599 atque

2181 4624 2247 4678 ad
2277 4626 2500 4694 patriam
2525 4639 2676 4678 suam
2702 4624 3082 4678 contendentes
3115 4641 3128 4676 :
3157 4623 3344 4678 eodem
3374 4623 3533 4676 modo
3561 4632 3611 4676 te
3639 4637 3776 4689 rogo

2179 4723 2337 4784 atque
2365 4715 2628 4780 obsecro,
2659 4725 2712 4768 ut
2738 4729 2838 4769 nec
2878 4715 3156 4784 prmsentis
3187 4715 3305 4766 vita:
3339 4713 3777 4782 jucunditatihus

2180 4807 2352 4862 inhies
2375 4847 2389 4870 ,
2437 4822 2536 4862 nec
2581 4822 2791 4860 rursum
2821 4808 3162 4860 molestarqu
3191 4821 3369 4860 rerum
3397 4807 3632 4874 pondere
3676 4806 3776 4858 de-

2181 4897 2448 4968 primaris,
2478 4913 2660 4952 verum
2688 4898 2788 4950 hoc
2814 4913 2974 4951 unum
3000 4907 3230 4964 spectes,
3259 4911 3488 4965 quonam
3521 4904 3676 4962 pacto
3701 4895 3770 4948 ad

2181 5004 2518 5044 communem
2553 4989 2772 5058 patriam
2800 4999 3036 5041 nostram
3065 5002 3186 5040 cum
3215 4986 3416 5056 ingenti
3440 4986 3629 5040 liducia
3655 5003 3774 5054 per-

2180 5082 2384 5135 venias.
2418 5080 2855 5150 Quandoqnidcm
2885 5079 2986 5133 hoc
3010 5079 3222 5134 demum
3252 5080 3412 5134 ﬁxum
3441 5089 3493 5132 et
3513 5087 3774 5132 constans

2182 5182 2340 5242 atque
2379 5172 2677 5227 immortale
2734 5172 2928 5226 bonum
2960 5179 3044 5225 est
3075 5188 3089 5223 :
3119 5183 3309 5224 czetera
3341 5180 3517 5225 autem
3550 5171 3728 5222 omnia
3748 5210 3768 5234 ,

2183 5262 2284 5314 flos
2316 5261 2438 5316 {mni
2479 5271 2533 5314 et
2562 5259 2772 5326 fumus,
2802 5272 2855 5315 et
2879 5261 2923 5314 si
2955 5261 3078 5330 quid
3118 5259 3202 5313 his
3229 5261 3386 5313 vilius
3417 5261 3537 5327 liugi
3571 5268 3771 5328 potest.

2181 5374 2324 5428 CVI.
2367 5375 2663 5443 Asyucritia:
2703 5377 2956 5444 ipsiusque
2978 5373 3254 5427 sodalibus.
3285 5371 3533 5444 (Scripta
3571 5370 3771 5425 (Σιλουδί

2804 5483 2947 5520 anno
2976 5467 3138 5536 40$.)

2249 5578 2360 5642 Qua
2395 5593 2520 5646 erga
2550 5595 2645 5632 nos
2674 5580 2894 5634 caritate
2922 5594 2984 5633 ac
3027 5577 3393 5633 benevolentia
3420 5577 3536 5632 sitis
3562 5617 3579 5641 ,
3630 5578 3768 5631 mihi

2241 5688 2322 5756 (τι)
2346 5689 2422 5756 si;
2447 5688 2627 5756 Billius,
2648 5691 2737 5756 qui
2775 5690 2995 5756 umbram
3019 5688 3216 5756 supplet
3240 5701 3304 5738 ex
3325 5699 3634 5750 conjectura;
3661 5703 3777 5738 nam

2179 5749 2357 5812 aliquid
2380 5750 2557 5799 deesse
2584 5749 2771 5799 videtur
2797 5753 2846 5799 iu
2871 5751 3050 5800 Graeco.
