4058 6218
344 401 497 476 (649]
522 403 908 477 διαστήματος,
955 405 1078 460 οὐδὲ
1139 406 1440 461 ἐπιστεῖλαι
1483 407 1909 482 καταδεξαμένη.

342 494 456 551 Καὶ
478 489 595 549 οῖδα
641 495 742 567 μὲν
773 497 855 550 ὅτι
899 496 1001 550 οὑκ
1048 496 1115 551 ἐκ
1169 499 1441 571 ῥᾳθυμίας
1468 500 1625 554 τοῦτο
1660 500 1917 569 γέγονεν·

342 585 643 656 ἐπίσταμαι
668 584 776 657 7&9
802 586 897 640 καὶ
916 586 1235 659 γραφούσης
1252 589 1404 660 ἡμῖν,
1423 588 1518 642 καὶ
1538 588 1799 660 σιγώοης,
1818 590 1918 659 τὴν

343 674 554 747 θερμὴν
592 676 687 730 καὶ
713 677 945 746 γνησίαν
972 678 1210 747 ἀγάπην,
1245 680 1344 751 τὴν
1370 680 1641 751 εἰλικρινῆ
1672 682 1767 735 καὶ
1792 680 1916 735 ἅδοι

340 765 455 831 λον,
484 767 583 837 τὴν
613 769 836 840 ἰσχυρὰν
877 770 972 824 καὶ
1018 771 1281 844 στερῤάν·
1307 772 1443 827 ἀλλά
1472 773 1560 828 διὰ
1600 773 1662 827 τὸ
1712 773 1916 845 μηδένα

340 851 484 910 εἶναι
517 856 608 910 τὸν
646 857 1053 928 ὑπογράφοντα.
1096 860 1241 930 Πλὴν
1263 860 1398 914 ἀλλά
1425 861 1520 913 καὶ
1555 859 1725 923 οὑτως
1750 862 1916 932 ἐχρῆν

341 949 410 1018 τῇ
426 948 678 1018 ἐγχωρίῳ
703 966 796 1003 σου
823 948 1034 1022 γλώττῃ
1055 953 1186 1022 ἡμῖν
1210 952 1532 1016 ἐπιστεῖλαι,
1553 951 1648 1006 καὶ
1675 954 1744 1023 τῇ
1771 953 1914 1024 χειρί⁵

341 1042 408 1111 τῇ
445 1043 535 1111 σῇ.
580 1040 794 1111 Σφόδρα
834 1040 944 1112 γὰρ
979 1043 1336 1113 ἀντεχόμεθα,
1368 1042 1617 1116 καθάπερ
1651 1043 1747 1096 καὶ
1774 1042 1912 1114 αὑτὴ

339 1128 519 1198 οἶσθα,
560 1132 656 1187 τοῦ
702 1132 944 1204 συνεχῶς
995 1135 1578 1207 ἐπιστολάςδέχεσθαι
1626 1135 1778 1204 παρά
1813 1135 1913 1205 τῆς

338 1226 626 1289 εὐλαϐείας
652 1226 751 1298 τῆς
784 1228 903 1299 σῆς,
942 1227 1083 1282 ὥστε
1116 1228 1236 1282 καθ’
1271 1229 1507 1300 ἑκάστην
1534 1227 1751 1299 ἡμέραν
1779 1244 1914 1297 μαν-

338 1315 519 1369 θάνειν
546 1318 696 1386 ἡμᾶς
728 1315 798 1369 τά
827 1316 1078 1389 περὶτῆς
1118 1316 1306 1386 ὑγείας
1335 1317 1435 1387 τῆς
1465 1319 1564 1388 σῆς
1582 1335 1596 1347 ·
1626 1318 1720 1371 καὶ
1739 1317 1799 1370 οὑ
1824 1333 1914 1387 μι-

337 1407 477 1478 κράν
507 1408 605 1477 τῆς
645 1406 914 1480 τοσαύτης
960 1409 1197 1481 ἐρημίας
1226 1410 1321 1462 καὶ
1351 1409 1460 1463 τῶν
1486 1409 1720 1463 ἐνταῦθα
1758 1427 1914 1481 περι-

337 1500 581 1554 στάσεων
621 1500 971 1572 παράκλησιν
1014 1500 1220 1573 ταύτην
1248 1502 1465 1573 ἔχομεν.
1499 1504 1687 1557 Εἰδυῖα
1708 1491 1907 1569 τοίνυν,

334 1592 593 1646 δέσποινά
621 1609 721 1663 μου
745 1595 1047 1667 τιμιωτάτη
1082 1596 1178 1651 καὶ
1203 1595 1592 1668 εὑλαδεστάτη,
1628 1598 1760 1667 ὅσην
1788 1599 1909 1651 ἐπι-

336 1684 539 1755 θυμίαν
568 1684 763 1756 ἔχομεν
789 1685 1005 1757 τούτου,
1033 1688 1108 1759 μὴ
1136 1688 1390 1760 διαλίπης
1412 1688 1509 1760 τὴν
1559 1689 1727 1760 καλὴν
1778 1688 1911 1743 ταύ-

333 1794 437 1847 την
464 1778 597 1848 ἡμῖν
630 1776 966 1850 χαριζομένη
998 1780 1181 1850 χάριν.
1218 1781 1330 1835 Καὶ
1365 1780 1474 1852 7&9
1503 1780 1689 1834 πολλοὶ
1714 1780 1911 1834 πολλα-

335 1867 494 1939 χόθεν
539 1868 747 1922 ἐκεῖθεν
776 1864 960 1940 ἦλθον.
996 1868 1138 1923 Ἀλλ’
1168 1870 1269 1924 οὐκ
1299 1869 1515 1939 ἐγκαλῶ
1545 1871 1767 1925 ἐκείνων
1794 1870 1913 1924 ἓνε-

332 1975 451 2024 κεν,
501 1958 590 2013 διὰ
628 1961 680 2013 τί
716 1961 791 2033 μὴ
817 1960 1121 2032 γράμματα
1166 1963 1297 2033 ἡμῖν
1342 1963 1604 2033 ἐκόμισαν
1634 1965 1785 2035 παρά
1812 1967 1910 2037 τῆς

335 2049 437 2117 σῆς
465 2050 820 2122 κοσμιότητος
838 2067 853 2082 ·
884 2052 1032 2116 είκὸς
1067 2051 1177 2123 γάρ
1207 2054 1402 2117 αὐτούς
1426 2053 1735 2122 ἀγνοεῖσθαι
1757 2056 1909 2127 παρά

329 2141 432 2211 τῆς
451 2140 738 2206 εὐλαϐείας
767 2142 867 2214 τῆς
891 2142 1010 2213 σῆς.
1040 2142 1154 2195 Νῦν
1182 2142 1367 2214 μέντοι
1395 2145 1484 2197 ὅτε
1516 2143 1644 2216 ἐξῆν
1673 2146 1795 2216 μετ’
1815 2149 1909 2200 εὖ-

331 2233 527 2297 κολίας
563 2235 746 2305 πάσης
788 2234 1112 2298 ἐπιστεῖλαι,
1147 2235 1241 2288 καὶ
1280 2233 1514 2305 μάλιστα
1534 2235 1789 2291 τοιούτων
1818 2253 1909 2305 γε·

329 2324 649 2396 γενημένων
675 2323 880 2386 αὐτόθι,
905 2324 1110 2395 σφόδρα
1126 2322 1432 2394 ἐπεθύμουν
1460 2322 1711 2389 δέξασθαι
1731 2326 1910 2396 γράμ-

330 2434 500 2489 ματα.
538 2416 866 2485 Ἀνάκτησαι
892 2415 1070 2469 τοίνυν
1100 2414 1162 2468 τὸ
1188 2418 1245 2469 ἐν
1272 2414 1350 2486 τῷ
1379 2415 1698 2485 παρελθόντι
1733 2418 1909 2489 χρόνῳ

331 2507 670 2582 ρᾳθυμηθὲν,
716 2507 812 2561 καὶ
839 2507 1159 2577 πυκνότητι,
1192 2507 1285 2561 καὶ
1322 2507 1501 2576 νιφάδι
1530 2508 1828 2563 ἐπιστολῶν
1847 2510 1910 2563 τὸ

331 2601 508 2673 μῆκος
530 2600 630 2671 τῆς
650 2598 958 2672 ἔμπροσθεν
988 2601 1116 2670 ἡμῖν
1135 2599 1527 2672 παραμύθησαι
1550 2600 1733 2670 σιγῆς.

743 2693 866 2746 ΡΔθ.
906 2690 1201 2757 Πενταδίᾳ
1234 2690 1510 2758 διακόνῳ.

397 2781 523 2837 Τῶν
553 2782 651 2852 μὲν
685 2782 966 2851 στεφάνων
986 2797 1043 2833 σε
1083 2781 1392 2853 μακαρίζω,
1422 2780 1516 2846 οὓς
1548 2783 1792 2855 ἀνεδήσω
1812 2782 1910 2838 καὶ

324 2871 445 2937 νῦν,
472 2871 561 2925 διά
581 2872 680 2943 τῆς
704 2868 957 2942 ἀνδρείας
981 2871 1159 2924 πάντα
1181 2871 1410 2943 ἑλομένη
1432 2872 1627 2927 παθεῖν
1646 2874 1786 2943 ὑπὲρ
1808 2876 1908 2945 τῆς

326 2962 607 3034 ἀληθείας.
635 2961 734 3014 Διά
756 2960 915 3015 τοῦτο
937 2962 1032 3014 καὶ
1059 2961 1151 3014 τὸν
1184 2961 1314 3015 Θεὸν
1349 2962 1792 3041 ὑπερασπίζοντά
1813 2982 1905 3019 σου

325 3056 471 3127 ἔχεις
502 3055 641 3126 μετά
661 3054 859 3125 πολλῆς
877 3054 978 3124 τῆς
1011 3054 1395 3125 σφοδρότητος.
1419 3055 1567 3121 Ἕως
1587 3056 1699 3126 γὰρ
1727 3058 1908 3113 θανά-

325 3166 457 3213 του,
494 3148 681 3219 φησὶν,
705 3145 994 3217 ἀγώνισαι
1027 3146 1181 3215 ὑπὲρ
1224 3145 1336 3215 τῆς
1388 3147 1694 3245 ἀληθείας,
1741 3152 1839 3205 καί
1874 3154 1908 3206 o'

330 3242 543 3308 Κύριος
574 3238 906 3308 πολεμήσει
956 3238 1109 3309 ὑπὲρ
1160 3238 1298 3292 σοῦ.
1345 3238 1527 3311 ’θ’περ
1570 3241 1665 3293 καὶ
1697 3242 1909 3310 γέγονε.

324 3334 507 3403 Μέχρι
560 3332 668 3403 7&9
705 3329 959 3385 τοσούτου
1012 3329 1295 3402 δραμοῦσα
1351 3330 1444 3384 τὸν
1506 3332 1670 3387 καλὸν
1720 3334 1906 3389 τοῦτον

327 3423 541 3492 ἀγῶνα,
585 3420 758 3475 πολλά
785 3421 993 3476 ἀνωθεν
1022 3423 1320 3477 ἐπεσπάσω
1334 3423 1401 3476 τὰ
1439 3422 1697 3494 βραδεῖα·
1716 3425 1905 3481 τούτου

330 3514 430 3584 μὲν
449 3509 545 3567 οὖν
571 3512 757 3567 ἕνεκεν
778 3512 977 3585 χαίρω.
1027 3514 1245 3585 Ἐπειδὴ
1272 3515 1328 3568 δὲ
1345 3515 1538 3582 ἔγνων,
1566 3518 1648 3570 ὃτι
1680 3517 1908 3591 βουλεύῃ

326 3606 457 3678 περὶ
482 3604 811 3677 ἀποδημίας,
828 3607 922 3659 καὶ
944 3606 1503 3677 μεταστῆναιὲκείθεν
1517 3608 1716 3678 βούλει,
1731 3628 1908 3682 παρα-

326 3698 482 3753 καλῶ
531 3715 626 3752 σου
660 3698 768 3769 τὴν
813 3699 1103 3770 τιμιότητα
1157 3700 1326 3771 μηδὲν
1368 3700 1609 3757 τοιοῦτον
1650 3702 1905 3774 ἐννοῆσαι

326 3788 465 3860 μηδὲ
513 3787 927 3858 βουλεύσασθαι.
964 3789 1188 3861 Πρῶτον
1228 3791 1325 3861 μὲν
1356 3792 1424 3845 δι’
1452 3792 1584 3846 αὑτὸ
1626 3791 1801 3857 τοῦτο,
1824 3795 1907 3847 ὅτι

267 3898 271 3902 ’
320 3880 388 3950 δὴ
420 3882 702 3952 στήριγμα
728 3882 826 3951 τῆς
858 3880 1067 3944 πόλεως
1098 3876 1150 3934 εἰ
1190 3881 1292 3952 τῆς
1343 3883 1555 3946 αὐτόθι,
1604 3883 1698 3938 καὶ
1740 3884 1906 3956 λιμὴν

322 3975 512 4045 εὐρὺς.
564 3975 660 4028 καὶ
708 3973 999 4045 βακτηρία,
1030 3975 1125 4028 καὶ
1176 3978 1352 4045 τεῖχος
1397 3976 1637 4045 ἀσφαλὲς
1663 3980 1775 4039 τοῖς
1806 3994 1906 4030 κα-

322 4063 774 4134 ταπονουμένοις.
832 4062 988 4134 Μηδέ
1037 4063 1308 4134 τοσαύτην
1370 4064 1480 4118 ἀπὸ
1532 4065 1645 4119 τῶν
1704 4066 1905 4136 χειρῶν

322 4154 598 4226 ἐμπορίαν
642 4154 826 4225 ῥίψῃς,
853 4153 991 4225 μηδὲ
1017 4153 1268 4208 τοσοῦτον
1295 4155 1439 4228 πρόῃ
1478 4155 1687 4226 κέρδος,
1713 4156 1899 4210 τοσού-

319 4259 455 4306 τους
501 4240 625 4295 καθ’
678 4242 915 4314 ἑκάστην
972 4243 1185 4313 ἡμέραν
1238 4244 1544 4312 συνάγουσα
1597 4244 1905 4319 θησαυροὺς

320 4333 436 4388 ἀπὸ
461 4333 562 4404 τῆς
584 4333 888 4405 παρουσίας
912 4334 1012 4404 τῆς
1040 4334 1247 4388 αὐτόθι.
1266 4335 1334 4389 Οἵ
1356 4351 1419 4389 τε
1431 4335 1539 4407 7&9
1553 4336 1808 4408 δρῶντες,
1854 4338 1910 4392 01'

315 4444 380 4481 τε
407 4425 701 4490 ἀκούοντές
729 4442 823 4493 σου
854 4415 922 4478 τά
942 4425 1371 4497 κατορθώματα,
1396 4427 1656 4499 οὐμικρά
1687 4430 1907 4501 κερδαίο

318 4535 533 4573 νουσιν.
556 4514 727 4572 Οἶσθα
771 4517 827 4571 δὲ
859 4516 1045 4588 ἡλίκον
1091 4516 1247 4570 τοῦτο
1278 4518 1434 4590 φέρει
1461 4535 1544 4572 σοι
1576 4518 1667 4572 τὸν
1691 4520 1903 4590 μισθόν.

321 4609 550 4680 Πρῶτον
577 4609 697 4679 μὲν,
723 4610 858 4679 ὅπερ
882 4609 1038 4679 ἔφην,
1069 4607 1157 4661 διὰ
1176 4607 1336 4662 τοῦτο
1367 4608 1789 4679 παρακαλοῦμεν
1808 4610 1905 4662 αύ-

321 4700 441 4752 τόθι
471 4697 687 4769 μένεινο
715 4699 808 4751 καὶ
825 4698 933 4769 7&9
963 4698 1161 4767 πεῖραν
1185 4697 1245 4751 οὐ
1290 4699 1492 4769 μικράν
1524 4697 1762 4761 δέδωκας
1804 4699 1906 4768 τῆς

321 4785 616 4856 ὠφελείας,
643 4786 712 4855 ἢν
743 4785 1018 4857 παρέσχες
1047 4786 1136 4838 διὰ
1176 4786 1281 4858 τῆς
1315 4786 1503 4840 αὐτόθι
1552 4786 1900 4857 παραμονῆς.

326 4876 565 4930 Ἔπειτα
593 4872 653 4927 δὲ
675 4872 797 4926 οὑδὲ
843 4874 878 4943 ἡ
910 4873 1006 4926 τοῦ
1050 4872 1207 4936 ἔτους
1250 4872 1368 4945 ῶρα
1410 4863 1697 4944 ἐπιτρέπει
1725 4873 1901 4927 τοῦτο.

285 4933 497 5018 χΟἶσθα
524 4962 633 5033 γάρ
669 4978 765 5017 σου
797 4933 892 5013 τοῦ
921 4959 1174 5032 σώματος
1187 4933 1631 5031 τῆν’ἀσθένειαν,
1654 4962 1749 5014 καὶ
1788 4961 1907 5023 πῶς

317 5053 384 5107 οὑ
428 5051 610 5124 ῥᾴδιόν
638 5050 790 5123 [650]
822 5068 903 5106 σοι
937 5050 1207 5104 κινεῖσθαι
1226 5053 1284 5102 ἐν
1317 5048 1514 5122 κρυμῷ
1546 5049 1785 5120 τοσούτῳ
1808 5052 1907 5104 καὶ

320 5139 580 5211 χειμῶνι.
605 5138 751 5210 ῐιρὸς
779 5138 1010 5201 τούτοις,
1051 5138 1125 5201 ὼς
1158 5137 1451 5208 ἀκούομεν,
1485 5138 1581 5192 καὶ
1613 5137 1682 5190 τά
1731 5137 1907 5190 Ἰσαυ-

324 5227 459 5301 ρικά
480 5227 651 5280 ἀνθεῖ.
670 5227 853 5280 Πάντα
874 5240 899 5267 ιι
929 5226 1107 5280 τοίνυν
1126 5226 1299 5281 ταῦτα
1326 5225 1654 5296 λογισαμένη
1678 5225 1753 5289 ὡς
1784 5242 1909 5278 συν-

320 5315 446 5385 ετὴ,
479 5312 727 5385 μηδαμοῦ
767 5314 905 5378 τέως
959 5313 1226 5367 κινεῖσθαι
1260 5313 1579 5383 καταδέχου,
1633 5314 1728 5365 καὶ
1778 5316 1906 5383 περὶ

316 5403 518 5455 τούτου
564 5402 776 5474 γράψαι
816 5404 954 5473 ἡμῖν
995 5401 1085 5455 διά
1122 5400 1332 5471 ταχέων
1374 5398 1776 5472 παρακλήθητι,
1810 5400 1906 5453 καί

318 5490 459 5561 περὶ
480 5489 582 5559 τῆς
610 5490 799 5557 ὑγείας
826 5491 1067 5560 συνεχῶς
1079 5489 1242 5562 δήλου
1256 5490 1356 5558 τῆς
1376 5488 1494 5557 σῆς,
1532 5488 1683 5540 Ἐπεὶ
1697 5489 1791 5541 καὶ
1809 5487 1904 5543 νῦν

385 5626 633 5677 ‘Coislin.
660 5629 741 5675 καὶ
781 5626 839 5674 τὰ
871 5623 1111 5689 Ἰσαυρικά
1143 5622 1245 5678 ἔθνη
1287 5619 1490 5675 ἀϐάτους
1533 5618 1614 5674 τὰς
1649 5618 1786 5672 ὁδούς
1820 5634 1903 5666 πε-

316 5691 572 5747 nmium.
602 5690 783 5739 Πάντα.

1736 365 1754 374 _
1794 290 2174 351 ενιετοωε.

3486 304 3593 361 6σί

2026 410 2363 482 ἡλγήσαμεν,
2394 414 2468 484 μὴ
2501 412 2784 484 δεξάμενοι
2817 416 3121 487 γράμματά
3155 417 3250 469 σου
3278 416 3397 488 τῆς
3419 422 3595 488 τιμιό-

2022 520 2206 573 τητος,
2238 506 2331 559 καὶ
2350 508 2409 558 ὲν
2439 506 2677 575 φροντίδι
2700 506 3137 578 καθεστήκαμεν,
3180 487 3398 578 μήποτέ
3417 487 3600 581 ἀρρω-

2025 595 2148 649 στία
2178 595 2336 650 τοῦτο
2379 597 2725 651 διεκώλυσεν.
2762 599 2859 651 Ἵν’
2908 595 3000 652 οὖν
3054 599 3146 652 καὶ
3173 598 3377 669 ταύτην
3401 600 3598 672 ἀνέλῃς

2019 688 2180 757 ⁴ἡμῶν
2229 689 2326 759 τὴν
2355 690 2629 760 φροντίδα,
2655 690 2867 760 ταχέως
2909 692 3040 761 ἡμῖν
3065 689 3280 761 πέμψον
3306 691 3596 763 ἐπιστολὴν

2019 777 2197 835 ταῦτα
2210 778 2497 851 δηλοῦσαν.

2570 874 2700 926 PE'.
2742 872 3049 939 Χαλκιδίᾳ.

2104 962 2164 1016 '0
2189 962 2324 1026 Θεός
2347 979 2431 1016 σοι
2461 963 2553 1016 τὸν
2584 963 2772 1034 μισθὸν
2799 962 2908 1035 δῴη
2934 966 2961 1003 b
2993 966 3086 1017 καὶ
3115 963 3370 1020 ἐνταῦθα.
3405 963 3501 1018 καὶ
3531 965 3590 1016 ἐν

2016 1052 2098 1122 τῷ
2126 1052 2374 1122 μέλλοντι
2404 1052 2560 1105 αἰῶνι
2588 1053 2691 1122 τῆς
2716 1053 2844 1120 περὶ
2877 1054 3023 1122 ἡμᾶς
3046 1053 3245 1117 αἰδοῦς,
3275 1054 3370 1106 καὶ
3400 1056 3587 1123 τιμῆς,

2018 1143 2112 1194 καὶ
2140 1143 2364 1212 γνησίας
2393 1142 2634 1214 ἀγάπης.
2661 1142 2795 1196 Οὐδὲ
2824 1143 2933 1211 7&9
2965 1141 3059 1197 νῦν
3104 1144 3280 1213 μόνον,
3314 1142 3450 1196 ἀλλὰ
3496 1143 3591 1196 καὶ

2015 1234 2245 1299 ἄνωθεν,
2284 1234 2380 1289 καὶ
2421 1234 2480 1299 ἐξ
2506 1235 2682 1306 ἀρχῆς
2708 1229 2828 1288 οἴδα
2864 1233 3070 1303 σαφῶς,
3099 1236 3245 1298 ὅπως
3278 1234 3405 1305 περὶ
3442 1235 3591 1305 ἡμᾶς

2015 1326 2322 1397 διατεθῆναι
2372 1326 2730 1390 ἐσπούδακας.
2770 1326 2870 1381 Διά
2908 1325 3066 1379 τοῦτο
3101 1326 3195 1379 καὶ
3236 1327 3301 1379 ἐκ
3337 1326 3587 1380 τοσούτου

2016 1419 2325 1488 καθήμενος
2359 1418 2743 1489 διαστήματος,
2776 1417 2873 1471 καὶ
2904 1417 3084 1487 πολλῷ
3113 1417 3213 1487 τῆς
3246 1417 3367 1470 όδοῦ
3406 1418 3588 1488 εἰργόο

2019 1526 2178 1581 μενος
2216 1508 2295 1580 τῷ
2328 1510 2497 1580 μέσῳ,
2522 1510 2617 1563 καὶ⁵
2648 1512 2705 1562 ἐν
2739 1509 2961 1573 πολλαῖς
2990 1508 3066 1562 ὣν
3092 1508 3324 1562 ἐνταῦθα
3352 1508 3586 1579 θλίψεσι,

2014 1599 2105 1654 διά
2140 1617 2201 1653 τε
2233 1602 2332 1672 τὴν
2359 1601 2595 1673 ἐρημίαν
2631 1601 2724 1655 τοῦ
2761 1601 2963 1672 χωρίου
2994 1599 3205 1663 τούτου,
3243 1600 3331 1654 διά
3368 1618 3430 1654 τε
3461 1602 3588 1664 τοὺς
3652 1632 3663 1637 -

2017 1695 2262 1764 συνεχεῖς
2292 1692 2590 1758 κινδύνους,
2618 1693 2714 1749 καὶ
2739 1692 2838 1756 τὰς
2870 1692 3206 1764 ἐπαλλήλους
3235 1692 3345 1745 τῶν
3375 1691 3585 1763 λῃστῶν

2012 1786 2258 1855 ἐφόδους,
2301 1785 2390 1840 διά
2435 1802 2494 1838 τε
2544 1784 2643 1856 τὴν
2681 1785 2879 1857 ἰατρῶν
2912 1784 3129 1849 σπάνιν,
3168 1783 3341 1837 οὐδενὶ
3381 1782 3586 1836 τούτων

2013 1878 2292 1948 κωλύομαι
2329 1876 2635 1947 μεμνῆσθαί
2675 1893 2768 1929 σου
2803 1875 3067 1947 διηνεκῶς
3102 1876 3202 1946 τῆς
3243 1876 3541 1946 ἐμμελείας
3566 1891 3581 1907 ν

2012 1966 2148 2019 ἀλλά
2179 1966 2276 2037 τὴν
2310 1967 2552 2036 ἀγάπην,
2590 1964 2658 2036 ην
2692 1963 2750 2030 ἐξ
2776 1963 2953 2035 ἀρχῆς
2979 1964 3073 2018 καὶ
3096 1963 3225 2035 περὶ
3252 1964 3312 2017 σὲ
3338 1965 3430 2018 καὶ
3458 1964 3586 2034 περὶ

2010 2054 2103 2109 τὸν
2144 2051 2291 2109 οἶκόν
2336 2072 2432 2108 σου
2474 2053 2702 2125 ἔσχηκα,
2738 2052 2940 2124 ταύτην
2965 2052 3318 2123 ἀκμάζουσαν
3342 2053 3584 2125 διατηρῶ

2012 2147 2107 2201 καὶ
2150 2146 2265 2209 νῦν,
2307 2145 2457 2199 οὐδὲν
2499 2144 2621 2199 οὐδὲ
2660 2145 2770 2198 ἀπὸ
2795 2143 2890 2197 τοῦ
2928 2145 3141 2214 χρόνου,
3176 2144 3297 2197 οὐδὲ
3345 2145 3453 2199 ἀπὸ
3489 2143 3584 2198 τοῦ

2014 2239 2222 2310 μήκους
2249 2236 2351 2306 τῆς
2383 2236 2504 2290 ὁδοῦ
2539 2234 2894 2307 μαραίνεσθαι
2924 2234 3095 2305 αὐτὴν
3114 2234 3293 2303 ἀφείς.
3334 2233 3587 2288 τοιοῦτον

2010 2329 2120 2401 γάρ
2143 2333 2259 2382 ἐστι
2285 2328 2346 2382 τὸ
2372 2328 2591 2399 ἀγαπᾷν
2620 2327 2877 2397 γνησίως.
2906 2325 3014 2379 Καί
3031 2343 3091 2378 σε
3117 2326 3420 2396 παρακαλῶ
3444 2327 3586 2380 κατά

2009 2421 2109 2493 τὴν
2147 2419 2361 2474 σύνεσίν
2400 2437 2493 2473 σου
2538 2420 2631 2474 καὶ
2661 2419 2760 2490 τὴν
2788 2417 3096 2483 εὐλάϐειαν,
3134 2418 3322 2489 φέρειν
3350 2418 3419 2472 τά
3446 2435 3585 2489 συμ-

2010 2510 2277 2564 πίπτοντα
2304 2510 2518 2565 άπαντα
2542 2510 2825 2579 γενναίως.
2849 2504 3021 2562 Οῐσθα
3044 2509 3153 2579 7&9
3178 2510 3260 2562 ὅτι
3279 2511 3343 2563 ἐκ
3362 2509 3588 2581 πρώτης

2009 2603 2228 2676 ἡλικίας
2258 2588 2422 2673 μέχρι
2446 2601 2542 2655 τοῦ
2568 2602 2665 2655 νῦν
2690 2592 2779 2654 διὰ
2811 2600 3069 2657 ποικίλων
3098 2600 3193 2654 καὶ
3228 2600 3587 2655 παντοδαπῶν

2010 2693 2199 2766 σχεδὸν
2242 2692 2484 2755 ὦδευσας
2535 2691 2878 2761 πειρασμῶν,
2931 2692 3027 2744 καὶ
3072 2690 3295 2743 δύνασαι
3350 2691 3466 2760 μετ’
3495 2692 3587 2744 εὑ-

2006 2785 2196 2848 κολίας
2224 2785 2316 2838 τὸν
2351 2784 2452 2853 τῆς
2481 2782 2755 2852 ὑπομονῆς
2787 2777 2947 2835 ἆθλον
2976 2780 3359 2850 ἀγωνίζεσθαι,
3397 2781 3586 2854 ὥσπερ

2008 2870 2102 2927 οὖν
2130 2876 2224 2928 καὶ
2251 2873 2507 2944 ἠγωνίσω
2533 2871 2814 2935 πολλάκις,
2848 2871 2941 2924 καὶ
2974 2870 3254 2942 λαμπροὺς
3293 2872 3430 2944 ὑπὲρ
3458 2872 3585 2926 τού-

2008 2985 2115 3021 των
2146 2970 2346 3036 σεαυτῇ
2378 2964 2688 3036 προαπέθου
2717 2966 2842 3027 τοὺς
2865 2965 3183 3032 στεφάνους.
3216 2965 3279 3018 Εἰ
3298 2965 3355 3018 δὲ
3387 2964 3602 3036 μείζω-θ’

2007 3051 2159 3122 οὗτος
2183 3056 2290 3110 τῶν
2314 3055 2710 3129 παρελθόντων,
2735 3054 2870 3107 ἀλλά
2902 3054 2993 3106 καὶ
3017 3054 3047 3105 ό
3070 3053 3333 3123 στέφανος
3363 3055 3584 3111 πλείων.

2008 3149 2191 3220 Μηδὲν
2234 3144 2325 3201 οὖν
2374 3163 2433 3200 σε
2482 3145 2793 3217 ταραττέτω
2839 3144 2946 3197 τῶν
2995 3145 3349 3216 ἐπαγομένων
3377 3146 3583 3199 δεινῶν·

2008 3240 2123 3296 ἀλλ’
2162 3242 2379 3311 ὅσῳπερ
2410 3239 2476 3293 ἂν
2512 3238 2740 3309 αὔξηται
2780 3237 2848 3291 τὰ
2878 3236 3116 3308 κύματα,
3144 3238 3239 3292 καὶ
3270 3237 3454 3309 μεῖζον
3482 3239 3581 3307 γέ-

2009 3350 2166 3403 νηται
2216 3331 2277 3385 τὸ
2313 3329 2622 3393 κλυδώνιον,
2662 3330 2901 3400 τοσούτῳ
2949 3330 3171 3400 μείζονα
3217 3331 3454 3400 ἀνάμενε
3488 3331 3586 3400 τὴν

2009 3422 2300 3495 ἐμπορίαν,
2326 3420 2421 3475 καλ⁵
2454 3420 2633 3490 πολλῷ
2665 3421 2888 3475 πλείονα
2921 3420 2990 3472 τά
3024 3419 3233 3473 ἔπαθλα
3272 3420 3380 3474 τῶν
3430 3421 3588 3493 159d;-

2009 3535 2137 3586 των,
2170 3515 2266 3570 καὶ
2304 3511 2544 3585 μείζονα,
2574 3513 2669 3566 καὶ
2699 3512 3074 3583 λαμπρότερα.
3094 3512 3176 3564 Οὐ
3214 3511 3322 3583 7&9
3351 3511 3493 3573 ἄξια
3515 3516 3588 3565 τὰ

2009 3604 2328 3675 παθήματα
2358 3602 2464 3658 τοῦ
2502 3602 2618 3656 νῦν
2645 3602 2854 3671 καιροῦ
2895 3601 3050 3671 πρὸς
3088 3602 3205 3670 τὴν
3231 3601 3589 3669 μέλλουσαν

2009 3697 2199 3762 δόξαν
2250 3697 2782 3751 ἀποκαλύπτεσθαι
2835 3695 2924 3759 εἰς
2968 3693 3147 3762 ἡμᾶς.
3183 3694 3329 3756 Ὁδὸς
3366 3693 3476 3763 7&9
3518 3693 3588 3746 τά

2010 3789 2272 3859 παρόντα.
2320 3788 2416 3840 κα)⁵
2467 3787 2533 3840 τὰ
2581 3784 2814 3857 χρηστά,
2861 3785 2955 3839 καὶ
2982 3785 3051 3837 τά
3086 3783 3308 3854 λυπηρά
3343 3782 3438 3835 τοῦ
3468 3782 3587 3852 βίου

2010 3877 2221 3945 τούτου,
2255 3878 2349 3930 καὶ
2380 3875 2617 3945 ἑκάτερα
2648 3874 2847 3945 ὁμοίως
2892 3872 3265 3944 παροδεύεται,
3302 3873 3398 3926 καὶ
3434 3873 3586 3928 οὐδὲν

2010 3969 2189 4024 αὐτῶν
2243 3968 2459 4036 πάγιον,
2503 3966 2621 4020 οὑδὲ
2674 3965 2903 4036 βεϐηκὸς
2938 3976 2986 4027 ο,
3030 3963 3167 4017 ἀλλά
3198 3967 3446 4035 μιμεῖται
3487 3966 3586 4034 τὴν

2013 4059 2191 4129 φύσιν,
2214 4059 2347 4129 ὁμοῦ
2376 4075 2433 4111 τε
2464 4056 2784 4127 φαινόμενα,
2824 4055 2919 4109 καὶΙ
2942 4055 3374 4126 παρατρέχοντα.
3406 4053 3588 4108 Καθά-

2014 4170 2118 4223 περ
2154 4148 2246 4205 οὖν
2290 4153 2458 4206 ὁδῖται
2506 4150 2601 4203 καὶ
2632 4149 2898 4220 ὁδοιπόροι
2943 4148 3009 4208 ἀν
3051 4165 3113 4202 τε
3160 4148 3251 4201 διά
3307 4146 3585 4219 λειμώνιον

2010 4243 2283 4305 ὀδεύωσιν,
2311 4241 2376 4296 ἄν
2393 4258 2451 4294 τε
2468 4240 2554 4294 διά
2583 4241 2898 4311 φαράγγων.
2920 4240 3176 4311 οὐδεμίαν
3199 4240 3318 4293 οὑδέ
3339 4238 3587 4293 ἐντεῦθεν

2010 4332 2349 4406 καρποῦνται
2380 4331 2476 4402 τὴν
2508 4331 2719 4402 ἡδονὴν,
2746 4332 2864 4385 οὐδὲ
2895 4330 3105 4384 ἐκεῖθεν
3129 4332 3460 4401 ὑπομένουσι
3489 4331 3579 4384 λύ·

2011 4443 2141 4496 πην·
2176 4426 2346 4479 ὁδῖται
2380 4425 2489 4497 γάρ
2524 4424 2683 4488 εἰσιν,
2715 4425 2836 4494 οὐχὶ
2875 4424 3111 4485 πολῖται,
3141 4423 3377 4494 ἑκάτερα
3406 4438 3586 4492 παρα-

2008 4516 2317 4588 τρέχοντες.
2347 4515 2441 4570 καὶ
2478 4514 2616 4586 πρὸς
2642 4512 2740 4585 τὴν
2764 4513 2998 4585 πατρίδα
3026 4513 3125 4582 τὴν
3153 4513 3359 4566 ἑαυτῶν
3381 4512 3588 4579 ἐπειγό-

2014 4620 2181 4678 μενοι*
2207 4604 2349 4660 οὑτω
2370 4603 2671 4677 παρακαλῶ
2692 4603 2785 4658 καὶ
2810 4603 2954 4675 ὑμᾶς
2978 4603 3115 4673 μήτε
3135 4601 3269 4672 πρὸς
3293 4600 3361 4654 τά
3386 4601 3588 4671 φαιδρὰ

2008 4697 2102 4751 τοῦ
2148 4696 2414 4768 παρόντος
2462 4694 2615 4767 [651]
2660 4695 2944 4766 κεχηνέναι
2989 4695 3126 4765 βίου,
3173 4694 3308 4765 μήτε
3344 4693 3447 4747 ὑπὸ
3479 4693 3587 4747 τῶν

2008 4789 2269 4862 λυπηρῶν
2321 4787 2846 4852 καταϐαπτίζεσθαι,
2888 4788 3003 4842 ἀλλ’
3041 4788 3099 4842 ἓν
3136 4788 3295 4858 μόνον
3339 4792 3584 4852 σκοπεῖν,

2009 4882 2156 4945 ὅπως
2207 4882 2287 4945 είς
2325 4882 2424 4953 τὴν
2460 4881 2643 4952 κοινὴν
2696 4882 2946 4935 ἁπάντων
2976 4880 3131 4952 ἡμῶν
3166 4881 3399 4948 πατρίδα
3448 4881 3585 4950 μετά

2011 4973 2210 5043 πολλῆς
2262 4973 2644 5043 παραγένησθε
2692 4972 2790 5042 τῆς
2852 4971 3185 5044 παρρησίας.
3261 4972 3586 5042 Ἐπειδήπερ

2009 5063 2168 5116 τοῦτό
2219 5064 2335 5116 ἐστι
2383 5062 2443 5116 τὸ
2497 5062 2657 5133 μένον
2711 5064 2804 5116 καὶ
2862 5062 3107 5133 πεπηγὸς
3171 5062 3266 5116 κάί
3323 5060 3586 5116 ἀθάνατον

2010 5153 2233 5221 ἀγαθὸν,
2256 5152 2327 5205 τὰ
2357 5152 2413 5204 δὲ
2440 5150 2573 5209 ἀλλα
2608 5152 2811 5212 πάντα.
2843 5149 3001 5215 άνθος
3024 5151 3218 5223 χόρτου
3240 5151 3332 5203 καὶ
3358 5150 3583 5214 καπνὸς,

2012 5245 2105 5296 καὶ
2132 5241 2185 5294 εἴ
2204 5259 2255 5294 τι
2278 5240 2481 5294 τούτων
2519 5240 2915 5312 εὐτελέστερον.

2222 5354 2365 5420 Ρῖῖν.
2383 5353 2753 5421 Ἀσυγκριτίᾳ
2783 5354 2879 5408 καί
2904 5352 3034 5419 ταῖς
3059 5352 3181 5407 σὺν
3207 5350 3382 5419 αὐτῇ.

2081 5463 2212 5522 Οἶδα
2239 5467 2338 5539 την
2372 5466 2591 5535 ἀγάπην
2634 5467 2790 5537 ὑμῶν
2822 5469 2914 5521 καί
2951 5468 3051 5540 τὴν
3082 5467 3321 5522 διάθεσιν
3362 5467 3431 5539 ἢν
3466 5466 3593 5538 περὶ

2070 5618 2100 5657 b
2132 5617 2256 5665 Tree
2290 5629 2401 5663 mss.
2431 5616 2597 5680 μισθὸν
2622 5618 2710 5680 δῷ.

2079 5684 2101 5709 ο
2128 5680 2276 5726 Savil.
2303 5679 2526 5739 πεπηγός.
