  <div class='ocr_page' id='page_1' title='image "/cluster/home/n/w/nwhite01/storage/ocr_20150623/52/hvd.32044073501918/285.png"; bbox 0 0 4058 6218; ppageno 0'>
   <div class='ocr_carea' id='block_1_1' title="bbox 459 290 570 350">
    <p class='ocr_par' dir='ltr' id='par_1_1' title="bbox 459 290 570 350">
     <span class='ocr_line' id='line_1_1' title="bbox 459 290 570 350; baseline -0.018 0"><span class='ocrx_word' id='word_1_1' title='bbox 459 290 570 350; x_wconf 70' lang='grc'><strong>668</strong></span> 
     </span>
    </p>
   </div>
   <div class='ocr_carea' id='block_1_2' title="bbox 1157 281 3015 346">
    <p class='ocr_par' dir='ltr' id='par_1_2' title="bbox 1157 281 3015 346">
     <span class='ocr_line' id='line_1_2' title="bbox 1157 281 3015 346; baseline -0.004 -2"><span class='ocrx_word' id='word_1_2' title='bbox 1157 289 1214 346; x_wconf 87' lang='lat' dir='ltr'><strong>S.</strong></span> <span class='ocrx_word' id='word_1_3' title='bbox 1254 285 1538 344; x_wconf 67' lang='lat' dir='ltr'><strong>JUANMS</strong></span> <span class='ocrx_word' id='word_1_4' title='bbox 1573 281 2067 342; x_wconf 77' lang='lat' dir='ltr'><strong>CHRYSOSTOMI</strong></span> <span class='ocrx_word' id='word_1_5' title='bbox 2102 281 2428 338; x_wconf 77' lang='lat' dir='ltr'><strong>ARCHIEP.</strong></span> <span class='ocrx_word' id='word_1_6' title='bbox 2466 281 3015 340; x_wconf 57' lang='lat' dir='ltr'><strong>CONSTA&#39;NTINUP.</strong></span> 
     </span>
    </p>
   </div>
   <div class='ocr_carea' id='block_1_3' title="bbox 3616 277 3722 332">
    <p class='ocr_par' dir='ltr' id='par_1_3' title="bbox 3616 277 3722 332">
     <span class='ocr_line' id='line_1_3' title="bbox 3616 277 3722 332; baseline 0.019 -2"><span class='ocrx_word' id='word_1_7' title='bbox 3616 277 3722 332; x_wconf 74' lang='lat'><strong>666</strong></span> 
     </span>
    </p>
   </div>
   <div class='ocr_carea' id='block_1_4' title="bbox 463 393 3722 484">
    <p class='ocr_par' dir='ltr' id='par_1_4' title="bbox 463 393 3722 484">
     <span class='ocr_line' id='line_1_4' title="bbox 463 393 3722 484; baseline -0.006 -18"><span class='ocrx_word' id='word_1_8' title='bbox 463 413 614 484; x_wconf 75' lang='grc' dir='ltr'><strong>ἡμᾶς</strong></span> <span class='ocrx_word' id='word_1_9' title='bbox 662 409 806 480; x_wconf 77' lang='grc' dir='ltr'><strong>ἔχειν</strong></span> <span class='ocrx_word' id='word_1_10' title='bbox 852 406 1248 462; x_wconf 78' lang='grc' dir='ltr'><strong>ἐσπουδάκατε.</strong></span> <span class='ocrx_word' id='word_1_11' title='bbox 1299 405 1409 476; x_wconf 74' lang='grc' dir='ltr'><strong>Καὶ</strong></span> <span class='ocrx_word' id='word_1_12' title='bbox 1453 403 1690 474; x_wconf 89' lang='grc' dir='ltr'><strong>συνεχῶς</strong></span> <span class='ocrx_word' id='word_1_13' title='bbox 1737 401 2038 472; x_wconf 84' lang='grc' dir='ltr'><strong>ἐϐουλόμην</strong></span> <span class='ocrx_word' id='word_1_14' title='bbox 2140 401 2541 473; x_wconf 78' lang='grc' dir='ltr'><strong>ἀριθμούμενος</strong></span> <span class='ocrx_word' id='word_1_15' title='bbox 2559 402 2650 456; x_wconf 84' lang='grc' dir='ltr'><strong>τὸν</strong></span> <span class='ocrx_word' id='word_1_16' title='bbox 2671 401 2910 474; x_wconf 76' lang='grc' dir='ltr'><strong>ὀρμαθὸν</strong></span> <span class='ocrx_word' id='word_1_17' title='bbox 2927 400 3037 454; x_wconf 92' lang='grc' dir='ltr'><strong>τῶν</strong></span> <span class='ocrx_word' id='word_1_18' title='bbox 3059 397 3328 474; x_wconf 86' lang='grc' dir='ltr'><strong>βραϐείων</strong></span> <span class='ocrx_word' id='word_1_19' title='bbox 3346 396 3444 467; x_wconf 82' lang='grc' dir='ltr'><strong>τῆς</strong></span> <span class='ocrx_word' id='word_1_20' title='bbox 3466 393 3722 464; x_wconf 77' lang='grc' dir='ltr'><strong>θλίψεως,</strong></span> 
     </span>
    </p>
   </div>
   <div class='ocr_carea' id='block_1_5' title="bbox 465 495 2043 564">
    <p class='ocr_par' dir='ltr' id='par_1_5' title="bbox 465 495 2043 564">
     <span class='ocr_line' id='line_1_5' title="bbox 465 495 2043 564; baseline -0.006 -8"><span class='ocrx_word' id='word_1_21' title='bbox 465 498 819 556; x_wconf 84' lang='grc' dir='ltr'><strong>ἐπιστέλλειν·</strong></span> <span class='ocrx_word' id='word_1_22' title='bbox 854 497 968 552; x_wconf 79' lang='grc' dir='ltr'><strong>ἀλλ’</strong></span> <span class='ocrx_word' id='word_1_23' title='bbox 993 499 1021 550; x_wconf 97' lang='lat'><strong>6</strong></span> <span class='ocrx_word' id='word_1_24' title='bbox 1047 495 1157 549; x_wconf 86' lang='grc' dir='ltr'><strong>τῶν</strong></span> <span class='ocrx_word' id='word_1_25' title='bbox 1194 495 1453 564; x_wconf 85' lang='grc' dir='ltr'><strong>Ἰσαύρων</strong></span> <span class='ocrx_word' id='word_1_26' title='bbox 1490 495 1673 564; x_wconf 97' lang='grc' dir='ltr'><strong>φόϐος,</strong></span> <span class='ocrx_word' id='word_1_27' title='bbox 1704 497 1884 548; x_wconf 79' lang='grc' dir='ltr'><strong>πᾶσαν</strong></span> <span class='ocrx_word' id='word_1_28' title='bbox 1908 495 2043 547; x_wconf 87' lang='grc' dir='ltr'><strong>ἀπο-</strong></span> 
     </span>
    </p>
   </div>
   <div class='ocr_carea' id='block_1_6' title="bbox 465 583 2044 658">
    <p class='ocr_par' dir='ltr' id='par_1_6' title="bbox 465 583 2044 658">
     <span class='ocr_line' id='line_1_6' title="bbox 465 583 2044 658; baseline -0.004 -17"><span class='ocrx_word' id='word_1_29' title='bbox 465 587 708 658; x_wconf 75' lang='grc' dir='ltr'><strong>τειχίσας</strong></span> <span class='ocrx_word' id='word_1_30' title='bbox 744 585 882 649; x_wconf 84' lang='grc' dir='ltr'><strong>όδὸν,</strong></span> <span class='ocrx_word' id='word_1_31' title='bbox 909 585 1010 637; x_wconf 82' lang='grc' dir='ltr'><strong>οὐκ</strong></span> <span class='ocrx_word' id='word_1_32' title='bbox 1038 583 1261 653; x_wconf 75' lang='grc' dir='ltr'><strong>ἀφίησιν</strong></span> <span class='ocrx_word' id='word_1_33' title='bbox 1303 585 1554 654; x_wconf 83' lang='grc' dir='ltr'><strong>εὐπορεῖν</strong></span> <span class='ocrx_word' id='word_1_34' title='bbox 1585 584 1693 636; x_wconf 90' lang='grc' dir='ltr'><strong>τῶν</strong></span> <span class='ocrx_word' id='word_1_35' title='bbox 1722 584 1859 654; x_wconf 80' lang='grc' dir='ltr'><strong>πρὸς</strong></span> <span class='ocrx_word' id='word_1_36' title='bbox 1886 583 2044 636; x_wconf 85' lang='grc' dir='ltr'><strong>τοῦτο</strong></span> 
     </span>
    </p>
   </div>
   <div class='ocr_carea' id='block_1_7' title="bbox 466 673 2044 746">
    <p class='ocr_par' dir='ltr' id='par_1_7' title="bbox 466 673 2044 746">
     <span class='ocr_line' id='line_1_7' title="bbox 466 673 2044 746; baseline -0.004 -15"><span class='ocrx_word' id='word_1_37' title='bbox 466 677 933 746; x_wconf 83' lang='grc' dir='ltr'><strong>διακονησομένων</strong></span> <span class='ocrx_word' id='word_1_38' title='bbox 971 675 1122 744; x_wconf 85' lang='grc' dir='ltr'><strong>ἡμῖν.</strong></span> <span class='ocrx_word' id='word_1_39' title='bbox 1178 673 1371 728; x_wconf 84' lang='grc' dir='ltr'><strong>Ἠνίκα</strong></span> <span class='ocrx_word' id='word_1_40' title='bbox 1409 673 1540 742; x_wconf 90' lang='grc' dir='ltr'><strong>γοῦν</strong></span> <span class='ocrx_word' id='word_1_41' title='bbox 1582 674 1648 727; x_wconf 82' lang='grc' dir='ltr'><strong>ἂν</strong></span> <span class='ocrx_word' id='word_1_42' title='bbox 1701 673 2044 743; x_wconf 88' lang='grc' dir='ltr'><strong>ἐπιτύχωμεν</strong></span> 
     </span>
    </p>
   </div>
   <div class='ocr_carea' id='block_1_8' title="bbox 467 765 2046 837">
    <p class='ocr_par' dir='ltr' id='par_1_8' title="bbox 467 765 2046 837">
     <span class='ocr_line' id='line_1_8' title="bbox 467 765 2046 837; baseline -0.003 -15"><span class='ocrx_word' id='word_1_43' title='bbox 467 769 691 830; x_wconf 87' lang='grc' dir='ltr'><strong>τούτων,</strong></span> <span class='ocrx_word' id='word_1_44' title='bbox 721 769 819 837; x_wconf 82' lang='grc' dir='ltr'><strong>τὴν</strong></span> <span class='ocrx_word' id='word_1_45' title='bbox 847 765 1202 836; x_wconf 81' lang='grc' dir='ltr'><strong>ὀφειλομένην</strong></span> <span class='ocrx_word' id='word_1_46' title='bbox 1240 765 1598 835; x_wconf 87' lang='grc' dir='ltr'><strong>ἀποδιδόαμεν</strong></span> <span class='ocrx_word' id='word_1_47' title='bbox 1643 767 1773 836; x_wconf 88' lang='grc' dir='ltr'><strong>ὑμῖν</strong></span> <span class='ocrx_word' id='word_1_48' title='bbox 1802 766 2046 836; x_wconf 85' lang='grc' dir='ltr'><strong>πρόσρη-</strong></span> 
     </span>
    </p>
   </div>
   <div class='ocr_carea' id='block_1_9' title="bbox 472 855 2049 928">
    <p class='ocr_par' dir='ltr' id='par_1_9' title="bbox 472 855 2049 928">
     <span class='ocr_line' id='line_1_9' title="bbox 472 855 2049 928; baseline -0.002 -17"><span class='ocrx_word' id='word_1_49' title='bbox 472 876 576 922; x_wconf 87' lang='grc' dir='ltr'><strong>σιν,</strong></span> <span class='ocrx_word' id='word_1_50' title='bbox 607 858 675 911; x_wconf 83' lang='grc' dir='ltr'><strong>τά</strong></span> <span class='ocrx_word' id='word_1_51' title='bbox 709 858 910 928; x_wconf 86' lang='grc' dir='ltr'><strong>συνήθη</strong></span> <span class='ocrx_word' id='word_1_52' title='bbox 946 855 1383 926; x_wconf 86' lang='grc' dir='ltr'><strong>παρακαλοῦντες</strong></span> <span class='ocrx_word' id='word_1_53' title='bbox 1410 857 1573 926; x_wconf 81' lang='grc' dir='ltr'><strong>ὑμᾶς,</strong></span> <span class='ocrx_word' id='word_1_54' title='bbox 1609 856 1774 927; x_wconf 86' lang='grc' dir='ltr'><strong>μηδὲν</strong></span> <span class='ocrx_word' id='word_1_55' title='bbox 1801 856 2049 927; x_wconf 83' lang='grc' dir='ltr'><strong>θορυϐεῖ·-</strong></span> 
     </span>
    </p>
   </div>
   <div class='ocr_carea' id='block_1_10' title="bbox 471 948 2050 1021">
    <p class='ocr_par' dir='ltr' id='par_1_10' title="bbox 471 948 2050 1021">
     <span class='ocr_line' id='line_1_10' title="bbox 471 948 2050 1021; baseline -0.002 -18"><span class='ocrx_word' id='word_1_56' title='bbox 471 951 598 1005; x_wconf 91' lang='grc' dir='ltr'><strong>σθαι</strong></span> <span class='ocrx_word' id='word_1_57' title='bbox 630 950 763 1021; x_wconf 80' lang='grc' dir='ltr'><strong>μηδὲ</strong></span> <span class='ocrx_word' id='word_1_58' title='bbox 792 949 1155 1020; x_wconf 77' lang='grc' dir='ltr'><strong>ταράττεσθαι</strong></span> <span class='ocrx_word' id='word_1_59' title='bbox 1184 948 1290 1001; x_wconf 83' lang='grc' dir='ltr'><strong>ὑπὸ</strong></span> <span class='ocrx_word' id='word_1_60' title='bbox 1321 948 1430 1000; x_wconf 90' lang='grc' dir='ltr'><strong>τῶν</strong></span> <span class='ocrx_word' id='word_1_61' title='bbox 1466 949 1704 1018; x_wconf 87' lang='grc' dir='ltr'><strong>συνεχῶν</strong></span> <span class='ocrx_word' id='word_1_62' title='bbox 1728 948 1932 1002; x_wconf 88' lang='grc' dir='ltr'><strong>τούτων</strong></span> <span class='ocrx_word' id='word_1_63' title='bbox 1954 948 2050 1001; x_wconf 91' lang='lat' dir='ltr'><strong>ml</strong></span> 
     </span>
    </p>
   </div>
   <div class='ocr_carea' id='block_1_11' title="bbox 474 1039 2049 1112">
    <p class='ocr_par' dir='ltr' id='par_1_11' title="bbox 474 1039 2049 1112">
     <span class='ocr_line' id='line_1_11' title="bbox 474 1039 2049 1112; baseline -0.001 -18"><span class='ocrx_word' id='word_1_64' title='bbox 474 1041 788 1112; x_wconf 76' lang='grc' dir='ltr'><strong>ἐπαλλήλων</strong></span> <span class='ocrx_word' id='word_1_65' title='bbox 830 1041 1171 1112; x_wconf 86' lang='grc' dir='ltr'><strong>πειρασμῶν.</strong></span> <span class='ocrx_word' id='word_1_66' title='bbox 1211 1041 1274 1093; x_wconf 72' lang='lat' dir='ltr'>El</span> <span class='ocrx_word' id='word_1_67' title='bbox 1313 1039 1422 1110; x_wconf 84' lang='grc' dir='ltr'><strong>γὰρ</strong></span> <span class='ocrx_word' id='word_1_68' title='bbox 1460 1039 1693 1110; x_wconf 90' lang='grc' dir='ltr'><strong>ἔμποροι</strong></span> <span class='ocrx_word' id='word_1_69' title='bbox 1735 1039 2049 1093; x_wconf 70' lang='grc' dir='ltr'><strong>καῖ’ναῦται</strong></span> 
     </span>
    </p>
   </div>
   <div class='ocr_carea' id='block_1_12' title="bbox 473 1131 2049 1204">
    <p class='ocr_par' dir='ltr' id='par_1_12' title="bbox 473 1131 2049 1204">
     <span class='ocr_line' id='line_1_12' title="bbox 473 1131 2049 1204; baseline -0.002 -18"><span class='ocrx_word' id='word_1_70' title='bbox 473 1134 710 1204; x_wconf 78' lang='grc' dir='ltr'><strong>φορτίων</strong></span> <span class='ocrx_word' id='word_1_71' title='bbox 755 1133 948 1202; x_wconf 83' lang='grc' dir='ltr'><strong>ὀλίγων</strong></span> <span class='ocrx_word' id='word_1_72' title='bbox 977 1133 1160 1186; x_wconf 81' lang='grc' dir='ltr'><strong>ἔνεκεν</strong></span> <span class='ocrx_word' id='word_1_73' title='bbox 1197 1131 1340 1185; x_wconf 77' lang='grc' dir='ltr'><strong>οὕτω</strong></span> <span class='ocrx_word' id='word_1_74' title='bbox 1371 1132 1558 1203; x_wconf 90' lang='grc' dir='ltr'><strong>μακρά</strong></span> <span class='ocrx_word' id='word_1_75' title='bbox 1584 1131 1917 1184; x_wconf 89' lang='grc' dir='ltr'><strong>διαϐαίνουσι</strong></span> <span class='ocrx_word' id='word_1_76' title='bbox 1949 1147 2049 1183; x_wconf 87' lang='grc' dir='ltr'><strong>πε-</strong></span> 
     </span>
    </p>
   </div>
   <div class='ocr_carea' id='block_1_13' title="bbox 475 1221 2052 1293">
    <p class='ocr_par' dir='ltr' id='par_1_13' title="bbox 475 1221 2052 1293">
     <span class='ocr_line' id='line_1_13' title="bbox 475 1221 2052 1293; baseline -0.001 -18"><span class='ocrx_word' id='word_1_77' title='bbox 475 1224 639 1293; x_wconf 87' lang='grc' dir='ltr'><strong>λάγη.</strong></span> <span class='ocrx_word' id='word_1_78' title='bbox 702 1225 797 1276; x_wconf 89' lang='lat' dir='ltr'><strong>ml</strong></span> <span class='ocrx_word' id='word_1_79' title='bbox 845 1223 1111 1276; x_wconf 86' lang='grc' dir='ltr'><strong>τοσούτων</strong></span> <span class='ocrx_word' id='word_1_80' title='bbox 1174 1223 1552 1292; x_wconf 89' lang='grc' dir='ltr'><strong>κατατολμῶσι</strong></span> <span class='ocrx_word' id='word_1_81' title='bbox 1613 1221 1892 1292; x_wconf 85' lang='grc' dir='ltr'><strong>κυμάτων·</strong></span> <span class='ocrx_word' id='word_1_82' title='bbox 1957 1221 2052 1274; x_wconf 75' lang='grc' dir='ltr'><strong>καὶ</strong></span> 
     </span>
    </p>
   </div>
   <div class='ocr_carea' id='block_1_14' title="bbox 477 1311 2053 1386">
    <p class='ocr_par' dir='ltr' id='par_1_14' title="bbox 477 1311 2053 1386">
     <span class='ocr_line' id='line_1_14' title="bbox 477 1311 2053 1386; baseline -0.002 -18"><span class='ocrx_word' id='word_1_83' title='bbox 477 1314 806 1386; x_wconf 87' lang='grc' dir='ltr'><strong>στρατιῶται</strong></span> <span class='ocrx_word' id='word_1_84' title='bbox 861 1315 918 1368; x_wconf 87' lang='grc' dir='ltr'><strong>δέ</strong></span> <span class='ocrx_word' id='word_1_85' title='bbox 962 1314 1056 1367; x_wconf 90' lang='lat' dir='ltr'><strong>ml</strong></span> <span class='ocrx_word' id='word_1_86' title='bbox 1097 1315 1266 1384; x_wconf 81' lang='grc' dir='ltr'><strong>αὐτῆς</strong></span> <span class='ocrx_word' id='word_1_87' title='bbox 1308 1313 1706 1386; x_wconf 86' lang='grc' dir='ltr'><strong>καταφρονοῦσι</strong></span> <span class='ocrx_word' id='word_1_88' title='bbox 1758 1315 1856 1384; x_wconf 82' lang='grc' dir='ltr'><strong>τῆς</strong></span> <span class='ocrx_word' id='word_1_89' title='bbox 1907 1311 2053 1382; x_wconf 79' lang='grc' dir='ltr'><strong>ζωῆς</strong></span> 
     </span>
    </p>
   </div>
   <div class='ocr_carea' id='block_1_15' title="bbox 477 1402 2053 1478">
    <p class='ocr_par' dir='ltr' id='par_1_15' title="bbox 477 1402 2053 1478">
     <span class='ocr_line' id='line_1_15' title="bbox 477 1402 2053 1478; baseline -0.003 -18"><span class='ocrx_word' id='word_1_90' title='bbox 477 1407 617 1478; x_wconf 87' lang='grc' dir='ltr'><strong>ὑπὲρ</strong></span> <span class='ocrx_word' id='word_1_91' title='bbox 654 1407 919 1476; x_wconf 86' lang='grc' dir='ltr'><strong>ἐπικήρου</strong></span> <span class='ocrx_word' id='word_1_92' title='bbox 947 1406 1041 1458; x_wconf 74' lang='grc' dir='ltr'><strong>καὶ</strong></span> <span class='ocrx_word' id='word_1_93' title='bbox 1075 1405 1303 1477; x_wconf 76' lang='grc' dir='ltr'><strong>βραχέος</strong></span> <span class='ocrx_word' id='word_1_94' title='bbox 1337 1405 1552 1476; x_wconf 83' lang='grc' dir='ltr'><strong>μισθοῦ,</strong></span> <span class='ocrx_word' id='word_1_95' title='bbox 1590 1403 1684 1456; x_wconf 78' lang='grc' dir='ltr'><strong>καὶ</strong></span> <span class='ocrx_word' id='word_1_96' title='bbox 1719 1403 1918 1468; x_wconf 79' lang='grc' dir='ltr'><strong>ζῶντες</strong></span> <span class='ocrx_word' id='word_1_97' title='bbox 1956 1402 2053 1472; x_wconf 82' lang='grc' dir='ltr'><strong>μὲν</strong></span> 
     </span>
    </p>
   </div>
   <div class='ocr_carea' id='block_1_16' title="bbox 477 1495 2053 1565">
    <p class='ocr_par' dir='ltr' id='par_1_16' title="bbox 477 1495 2053 1565">
     <span class='ocr_line' id='line_1_16' title="bbox 477 1495 2053 1565; baseline -0.001 -17"><span class='ocrx_word' id='word_1_98' title='bbox 477 1497 572 1548; x_wconf 81' lang='grc' dir='ltr'><strong>καὶ</strong></span> <span class='ocrx_word' id='word_1_99' title='bbox 619 1495 761 1565; x_wconf 83' lang='grc' dir='ltr'><strong>λιμῷ</strong></span> <span class='ocrx_word' id='word_1_100' title='bbox 805 1495 1067 1565; x_wconf 83' lang='grc' dir='ltr'><strong>μάχονται</strong></span> <span class='ocrx_word' id='word_1_101' title='bbox 1109 1495 1392 1560; x_wconf 85' lang='grc' dir='ltr'><strong>πολλάκις,</strong></span> <span class='ocrx_word' id='word_1_102' title='bbox 1427 1496 1521 1549; x_wconf 98' lang='lat' dir='ltr'><strong>ml</strong></span> <span class='ocrx_word' id='word_1_103' title='bbox 1563 1495 1894 1565; x_wconf 81' lang='grc' dir='ltr'><strong>ὁδοιπορίαις</strong></span> <span class='ocrx_word' id='word_1_104' title='bbox 1945 1510 2053 1563; x_wconf 90' lang='grc' dir='ltr'><strong>μα-</strong></span> 
     </span>
    </p>
   </div>
   <div class='ocr_carea' id='block_1_17' title="bbox 478 1584 2054 1657">
    <p class='ocr_par' dir='ltr' id='par_1_17' title="bbox 478 1584 2054 1657">
     <span class='ocr_line' id='line_1_17' title="bbox 478 1584 2054 1657; baseline -0.002 -18"><span class='ocrx_word' id='word_1_105' title='bbox 478 1587 638 1657; x_wconf 86' lang='grc' dir='ltr'><strong>κραῖς</strong></span> <span class='ocrx_word' id='word_1_106' title='bbox 671 1586 1094 1651; x_wconf 88' lang='grc' dir='ltr'><strong>κατατείνονται,</strong></span> <span class='ocrx_word' id='word_1_107' title='bbox 1124 1588 1216 1640; x_wconf 90' lang='lat' dir='ltr'><strong>ml</strong></span> <span class='ocrx_word' id='word_1_108' title='bbox 1243 1586 1506 1656; x_wconf 81' lang='grc' dir='ltr'><strong>διηνεκῶς</strong></span> <span class='ocrx_word' id='word_1_109' title='bbox 1535 1587 1626 1639; x_wconf 75' lang='grc' dir='ltr'><strong>ἐπὶ</strong></span> <span class='ocrx_word' id='word_1_110' title='bbox 1647 1585 1745 1654; x_wconf 79' lang='grc' dir='ltr'><strong>τῆς</strong></span> <span class='ocrx_word' id='word_1_111' title='bbox 1769 1584 2054 1654; x_wconf 83' lang='grc' dir='ltr'><strong>ἀλλοτρίας</strong></span> 
     </span>
    </p>
   </div>
   <div class='ocr_carea' id='block_1_18' title="bbox 476 1675 2056 1749">
    <p class='ocr_par' dir='ltr' id='par_1_18' title="bbox 476 1675 2056 1749">
     <span class='ocr_line' id='line_1_18' title="bbox 476 1675 2056 1749; baseline -0.003 -19"><span class='ocrx_word' id='word_1_112' title='bbox 476 1677 775 1745; x_wconf 77' lang='grc' dir='ltr'><strong>διάγουσιν,</strong></span> <span class='ocrx_word' id='word_1_113' title='bbox 823 1675 1048 1749; x_wconf 79' lang='grc' dir='ltr'><strong>ὕστερον</strong></span> <span class='ocrx_word' id='word_1_114' title='bbox 1092 1677 1274 1736; x_wconf 78' lang='grc' dir='ltr'><strong>δὲκαὶ</strong></span> <span class='ocrx_word' id='word_1_115' title='bbox 1317 1677 1497 1748; x_wconf 82' lang='grc' dir='ltr'><strong>ἄωρον</strong></span> <span class='ocrx_word' id='word_1_116' title='bbox 1536 1677 1630 1729; x_wconf 74' lang='grc' dir='ltr'><strong>καὶ</strong></span> <span class='ocrx_word' id='word_1_117' title='bbox 1665 1677 1837 1746; x_wconf 85' lang='grc' dir='ltr'><strong>βίαιον</strong></span> <span class='ocrx_word' id='word_1_118' title='bbox 1873 1675 2056 1728; x_wconf 80' lang='grc' dir='ltr'><strong>πολλοὶ</strong></span> 
     </span>
    </p>
   </div>
   <div class='ocr_carea' id='block_1_19' title="bbox 476 1763 2057 1838">
    <p class='ocr_par' dir='ltr' id='par_1_19' title="bbox 476 1763 2057 1838">
     <span class='ocr_line' id='line_1_19' title="bbox 476 1763 2057 1838; baseline -0.002 -20"><span class='ocrx_word' id='word_1_119' title='bbox 476 1766 684 1820; x_wconf 86' lang='grc' dir='ltr'><strong>τούτων</strong></span> <span class='ocrx_word' id='word_1_120' title='bbox 731 1767 1061 1838; x_wconf 88' lang='grc' dir='ltr'><strong>ὑπομένουσι</strong></span> <span class='ocrx_word' id='word_1_121' title='bbox 1115 1766 1362 1828; x_wconf 87' lang='grc' dir='ltr'><strong>θάνατον,</strong></span> <span class='ocrx_word' id='word_1_122' title='bbox 1405 1768 1558 1820; x_wconf 79' lang='grc' dir='ltr'><strong>οὐδὲν</strong></span> <span class='ocrx_word' id='word_1_123' title='bbox 1589 1766 1836 1818; x_wconf 86' lang='grc' dir='ltr'><strong>ἐντεῦθεν</strong></span> <span class='ocrx_word' id='word_1_124' title='bbox 1871 1765 1931 1816; x_wconf 86' lang='grc' dir='ltr'><strong>οὐ</strong></span> <span class='ocrx_word' id='word_1_125' title='bbox 1965 1763 2057 1834; x_wconf 83' lang='grc' dir='ltr'><strong>μι-</strong></span> 
     </span>
    </p>
   </div>
   <div class='ocr_carea' id='block_1_20' title="bbox 479 1852 2057 1928">
    <p class='ocr_par' dir='ltr' id='par_1_20' title="bbox 479 1852 2057 1928">
     <span class='ocr_line' id='line_1_20' title="bbox 479 1852 2057 1928; baseline -0.001 -18"><span class='ocrx_word' id='word_1_126' title='bbox 479 1859 632 1928; x_wconf 86' lang='grc' dir='ltr'><strong>κρὸν.</strong></span> <span class='ocrx_word' id='word_1_127' title='bbox 665 1859 726 1910; x_wconf 86' lang='grc' dir='ltr'><strong>οὺ</strong></span> <span class='ocrx_word' id='word_1_128' title='bbox 763 1858 908 1928; x_wconf 82' lang='grc' dir='ltr'><strong>μέγα</strong></span> <span class='ocrx_word' id='word_1_129' title='bbox 938 1858 1384 1928; x_wconf 68' lang='grc' dir='ltr'><strong>καρπωσάμενον</strong></span> <span class='ocrx_word' id='word_1_130' title='bbox 1417 1859 1544 1911; x_wconf 83' lang='grc' dir='ltr'><strong>ὅταν</strong></span> <span class='ocrx_word' id='word_1_131' title='bbox 1568 1858 1818 1928; x_wconf 81' lang='grc' dir='ltr'><strong>οὐράνιος</strong></span> <span class='ocrx_word' id='word_1_132' title='bbox 1839 1857 1868 1909; x_wconf 89' lang='grc' dir='ltr'><strong>ὀ</strong></span> <span class='ocrx_word' id='word_1_133' title='bbox 1897 1852 2057 1919; x_wconf 86' lang='grc' dir='ltr'><strong>ἆθλος</strong></span> 
     </span>
    </p>
   </div>
   <div class='ocr_carea' id='block_1_21' title="bbox 481 1946 2060 2021">
    <p class='ocr_par' dir='ltr' id='par_1_21' title="bbox 481 1946 2060 2021">
     <span class='ocr_line' id='line_1_21' title="bbox 481 1946 2060 2021; baseline -0.003 -19"><span class='ocrx_word' id='word_1_134' title='bbox 481 1949 806 2021; x_wconf 85' lang='grc' dir='ltr'><strong>προκέηται,</strong></span> <span class='ocrx_word' id='word_1_135' title='bbox 843 1949 936 2001; x_wconf 89' lang='lat' dir='ltr'><strong>ml</strong></span> <span class='ocrx_word' id='word_1_136' title='bbox 985 1949 1124 2018; x_wconf 88' lang='grc' dir='ltr'><strong>μετά</strong></span> <span class='ocrx_word' id='word_1_137' title='bbox 1170 1949 1270 2020; x_wconf 81' lang='grc' dir='ltr'><strong>τὴν</strong></span> <span class='ocrx_word' id='word_1_138' title='bbox 1313 1948 1569 2019; x_wconf 76' lang='grc' dir='ltr'><strong>τελευτὴν</strong></span> <span class='ocrx_word' id='word_1_139' title='bbox 1611 1947 1811 2019; x_wconf 74' lang='grc' dir='ltr'><strong>μείζων</strong></span> <span class='ocrx_word' id='word_1_140' title='bbox 1843 1950 1876 2018; x_wconf 82' lang='grc' dir='ltr'><strong>ή</strong></span> <span class='ocrx_word' id='word_1_141' title='bbox 1910 1946 2060 2000; x_wconf 84' lang='grc' dir='ltr'><strong>ἀντί-</strong></span> 
     </span>
    </p>
   </div>
   <div class='ocr_carea' id='block_1_22' title="bbox 478 2037 2059 2110">
    <p class='ocr_par' dir='ltr' id='par_1_22' title="bbox 478 2037 2059 2110">
     <span class='ocr_line' id='line_1_22' title="bbox 478 2037 2059 2110; baseline -0.003 -15"><span class='ocrx_word' id='word_1_142' title='bbox 478 2041 625 2104; x_wconf 90' lang='grc' dir='ltr'><strong>δοσις</strong></span> <span class='ocrx_word' id='word_1_143' title='bbox 657 2041 751 2094; x_wconf 81' lang='grc' dir='ltr'><strong>καὶ</strong></span> <span class='ocrx_word' id='word_1_144' title='bbox 781 2039 959 2110; x_wconf 84' lang='grc' dir='ltr'><strong>πολλῷ</strong></span> <span class='ocrx_word' id='word_1_145' title='bbox 983 2040 1206 2102; x_wconf 89' lang='grc' dir='ltr'><strong>πλείων,</strong></span> <span class='ocrx_word' id='word_1_146' title='bbox 1237 2038 1396 2104; x_wconf 88' lang='grc' dir='ltr'><strong>ποίας</strong></span> <span class='ocrx_word' id='word_1_147' title='bbox 1424 2039 1700 2104; x_wconf 79' lang='grc' dir='ltr'><strong>τεύξονται</strong></span> <span class='ocrx_word' id='word_1_148' title='bbox 1725 2037 2059 2108; x_wconf 83' lang='grc' dir='ltr'><strong>συγγνώμης</strong></span> 
     </span>
    </p>
   </div>
   <div class='ocr_carea' id='block_1_23' title="bbox 479 2129 2060 2203">
    <p class='ocr_par' dir='ltr' id='par_1_23' title="bbox 479 2129 2060 2203">
     <span class='ocr_line' id='line_1_23' title="bbox 479 2129 2060 2203; baseline -0.004 -17"><span class='ocrx_word' id='word_1_149' title='bbox 479 2135 527 2187; x_wconf 88' lang='grc' dir='ltr'><strong>οἱ</strong></span> <span class='ocrx_word' id='word_1_150' title='bbox 569 2130 1162 2203; x_wconf 78' lang='grc' dir='ltr'><strong>καταμαλακιζόμενοι,</strong></span> <span class='ocrx_word' id='word_1_151' title='bbox 1204 2131 1293 2182; x_wconf 84' lang='lat' dir='ltr'><strong>ml</strong></span> <span class='ocrx_word' id='word_1_152' title='bbox 1327 2132 1401 2201; x_wconf 82' lang='grc' dir='ltr'><strong>μὴ</strong></span> <span class='ocrx_word' id='word_1_153' title='bbox 1445 2131 1536 2183; x_wconf 83' lang='grc' dir='ltr'><strong>καὶ</strong></span> <span class='ocrx_word' id='word_1_154' title='bbox 1573 2129 1742 2199; x_wconf 75' lang='grc' dir='ltr'><strong>αὐτῆς</strong></span> <span class='ocrx_word' id='word_1_155' title='bbox 1780 2145 2060 2199; x_wconf 83' lang='grc' dir='ltr'><strong>καταφρο-</strong></span> 
     </span>
    </p>
   </div>
   <div class='ocr_carea' id='block_1_24' title="bbox 481 2216 2058 2295">
    <p class='ocr_par' dir='ltr' id='par_1_24' title="bbox 481 2216 2058 2295">
     <span class='ocr_line' id='line_1_24' title="bbox 481 2216 2058 2295; baseline -0.006 -15"><span class='ocrx_word' id='word_1_156' title='bbox 481 2227 700 2289; x_wconf 88' lang='grc' dir='ltr'><strong>νοῦντες</strong></span> <span class='ocrx_word' id='word_1_157' title='bbox 749 2225 850 2295; x_wconf 81' lang='grc' dir='ltr'><strong>τῆς</strong></span> <span class='ocrx_word' id='word_1_158' title='bbox 890 2223 1074 2292; x_wconf 72' lang='grc' dir='ltr'><strong>ζωῆςς</strong></span> <span class='ocrx_word' id='word_1_159' title='bbox 1117 2223 1280 2276; x_wconf 79' lang='grc' dir='ltr'><strong>Ταῦτ’</strong></span> <span class='ocrx_word' id='word_1_160' title='bbox 1312 2216 1406 2274; x_wconf 84' lang='grc' dir='ltr'><strong>οὖν</strong></span> <span class='ocrx_word' id='word_1_161' title='bbox 1452 2221 1668 2274; x_wconf 76' lang='grc' dir='ltr'><strong>ἅπαντα</strong></span> <span class='ocrx_word' id='word_1_162' title='bbox 1712 2219 2058 2291; x_wconf 73' lang='grc' dir='ltr'><strong>λογιζομένη,</strong></span> 
     </span>
    </p>
   </div>
   <div class='ocr_carea' id='block_1_25' title="bbox 482 2312 2062 2386">
    <p class='ocr_par' dir='ltr' id='par_1_25' title="bbox 482 2312 2062 2386">
     <span class='ocr_line' id='line_1_25' title="bbox 482 2312 2062 2386; baseline -0.005 -14"><span class='ocrx_word' id='word_1_163' title='bbox 482 2320 578 2372; x_wconf 68' lang='grc' dir='ltr'><strong>καὶ</strong></span> <span class='ocrx_word' id='word_1_164' title='bbox 630 2319 711 2370; x_wconf 85' lang='grc' dir='ltr'><strong>ὃτι</strong></span> <span class='ocrx_word' id='word_1_165' title='bbox 762 2316 969 2378; x_wconf 85' lang='grc' dir='ltr'><strong>καπνὸς</strong></span> <span class='ocrx_word' id='word_1_166' title='bbox 1015 2316 1084 2368; x_wconf 77' lang='grc' dir='ltr'><strong>τά</strong></span> <span class='ocrx_word' id='word_1_167' title='bbox 1123 2314 1388 2386; x_wconf 86' lang='grc' dir='ltr'><strong>παρόντα,</strong></span> <span class='ocrx_word' id='word_1_168' title='bbox 1444 2312 1540 2366; x_wconf 71' lang='grc' dir='ltr'><strong>καὶ</strong></span> <span class='ocrx_word' id='word_1_169' title='bbox 1574 2313 1728 2383; x_wconf 83' lang='grc' dir='ltr'><strong>ὀναρ,</strong></span> <span class='ocrx_word' id='word_1_170' title='bbox 1763 2313 1857 2365; x_wconf 74' lang='grc' dir='ltr'><strong>καὶ</strong></span> <span class='ocrx_word' id='word_1_171' title='bbox 1913 2313 2062 2364; x_wconf 83' lang='grc' dir='ltr'><strong>πᾶσα</strong></span> 
     </span>
    </p>
   </div>
   <div class='ocr_carea' id='block_1_26' title="bbox 483 2403 2062 2481">
    <p class='ocr_par' dir='ltr' id='par_1_26' title="bbox 483 2403 2062 2481">
     <span class='ocr_line' id='line_1_26' title="bbox 483 2403 2062 2481; baseline -0.005 -17"><span class='ocrx_word' id='word_1_172' title='bbox 483 2410 755 2481; x_wconf 86' lang='grc' dir='ltr'><strong>εὑημερία</strong></span> <span class='ocrx_word' id='word_1_173' title='bbox 795 2407 1112 2478; x_wconf 75' lang='grc' dir='ltr'><strong>ἀνθρωπίνη</strong></span> <span class='ocrx_word' id='word_1_174' title='bbox 1159 2405 1373 2474; x_wconf 85' lang='grc' dir='ltr'><strong>φύλλων</strong></span> <span class='ocrx_word' id='word_1_175' title='bbox 1417 2403 1622 2474; x_wconf 77' lang='grc' dir='ltr'><strong>ὴρινῶν</strong></span> <span class='ocrx_word' id='word_1_176' title='bbox 1658 2403 1808 2456; x_wconf 75' lang='grc' dir='ltr'><strong>οὐδὲν</strong></span> <span class='ocrx_word' id='word_1_177' title='bbox 1841 2403 2062 2473; x_wconf 79' lang='grc' dir='ltr'><strong>ἄμεινον</strong></span> 
     </span>
    </p>
   </div>
   <div class='ocr_carea' id='block_1_27' title="bbox 482 2493 2063 2567">
    <p class='ocr_par' dir='ltr' id='par_1_27' title="bbox 482 2493 2063 2567">
     <span class='ocr_line' id='line_1_27' title="bbox 482 2493 2063 2567; baseline -0.006 -11"><span class='ocrx_word' id='word_1_178' title='bbox 482 2501 788 2562; x_wconf 75' lang='grc' dir='ltr'><strong>διάκειται,</strong></span> <span class='ocrx_word' id='word_1_179' title='bbox 839 2496 1139 2567; x_wconf 82' lang='grc' dir='ltr'><strong>γινομένων</strong></span> <span class='ocrx_word' id='word_1_180' title='bbox 1193 2512 1252 2547; x_wconf 88' lang='grc' dir='ltr'><strong>τε</strong></span> <span class='ocrx_word' id='word_1_181' title='bbox 1304 2493 1440 2565; x_wconf 86' lang='grc' dir='ltr'><strong>ὁμοῦ</strong></span> <span class='ocrx_word' id='word_1_182' title='bbox 1500 2494 1595 2546; x_wconf 88' lang='lat' dir='ltr'><strong>ml</strong></span> <span class='ocrx_word' id='word_1_183' title='bbox 1650 2494 2063 2564; x_wconf 88' lang='grc' dir='ltr'><strong>μαραινομένων</strong></span> 
     </span>
    </p>
   </div>
   <div class='ocr_carea' id='block_1_28' title="bbox 484 2585 2060 2660">
    <p class='ocr_par' dir='ltr' id='par_1_28' title="bbox 484 2585 2060 2660">
     <span class='ocr_line' id='line_1_28' title="bbox 484 2585 2060 2660; baseline -0.005 -13"><span class='ocrx_word' id='word_1_184' title='bbox 484 2593 711 2655; x_wconf 84' lang='grc' dir='ltr'><strong>εὐθέως,</strong></span> <span class='ocrx_word' id='word_1_185' title='bbox 739 2588 1047 2660; x_wconf 74' lang='grc' dir='ltr'><strong>ὑψηλοτέρα</strong></span> <span class='ocrx_word' id='word_1_186' title='bbox 1063 2587 1279 2640; x_wconf 88' lang='grc' dir='ltr'><strong>πάντων</strong></span> <span class='ocrx_word' id='word_1_187' title='bbox 1299 2585 1406 2638; x_wconf 90' lang='grc' dir='ltr'><strong>τῶν</strong></span> <span class='ocrx_word' id='word_1_188' title='bbox 1427 2585 1684 2638; x_wconf 86' lang='grc' dir='ltr'><strong>τοιούτων</strong></span> <span class='ocrx_word' id='word_1_189' title='bbox 1701 2585 1851 2654; x_wconf 87' lang='grc' dir='ltr'><strong>γίνου</strong></span> <span class='ocrx_word' id='word_1_190' title='bbox 1871 2585 2060 2655; x_wconf 84' lang='grc' dir='ltr'><strong>βελῶν.</strong></span> 
     </span>
    </p>
   </div>
   <div class='ocr_carea' id='block_1_29' title="bbox 490 2677 2066 2754">
    <p class='ocr_par' dir='ltr' id='par_1_29' title="bbox 490 2677 2066 2754">
     <span class='ocr_line' id='line_1_29' title="bbox 490 2677 2066 2754; baseline -0.005 -16"><span class='ocrx_word' id='word_1_191' title='bbox 490 2685 706 2750; x_wconf 83' lang='grc' dir='ltr'><strong>Ἔξεστι</strong></span> <span class='ocrx_word' id='word_1_192' title='bbox 733 2683 862 2754; x_wconf 83' lang='grc' dir='ltr'><strong>γὰρ,</strong></span> <span class='ocrx_word' id='word_1_193' title='bbox 893 2683 988 2735; x_wconf 84' lang='grc' dir='ltr'><strong>ἐὰν</strong></span> <span class='ocrx_word' id='word_1_194' title='bbox 1012 2681 1190 2752; x_wconf 81' lang='grc' dir='ltr'><strong>θέλῃς,</strong></span> <span class='ocrx_word' id='word_1_195' title='bbox 1222 2681 1316 2733; x_wconf 95' lang='lat' dir='ltr'><strong>ml</strong></span> <span class='ocrx_word' id='word_1_196' title='bbox 1343 2679 1440 2751; x_wconf 80' lang='grc' dir='ltr'><strong>τὴν</strong></span> <span class='ocrx_word' id='word_1_197' title='bbox 1467 2677 1724 2750; x_wconf 84' lang='grc' dir='ltr'><strong>βιωτικὴν</strong></span> <span class='ocrx_word' id='word_1_198' title='bbox 1757 2679 2066 2749; x_wconf 85' lang='grc' dir='ltr'><strong>καταπατῆ-</strong></span> 
     </span>
    </p>
   </div>
   <div class='ocr_carea' id='block_1_30' title="bbox 486 2766 2066 2844">
    <p class='ocr_par' dir='ltr' id='par_1_30' title="bbox 486 2766 2066 2844">
     <span class='ocr_line' id='line_1_30' title="bbox 486 2766 2066 2844; baseline -0.006 -15"><span class='ocrx_word' id='word_1_199' title='bbox 486 2793 574 2829; x_wconf 88' lang='grc' dir='ltr'><strong>σαι</strong></span> <span class='ocrx_word' id='word_1_200' title='bbox 609 2772 929 2844; x_wconf 76' lang='grc' dir='ltr'><strong>φαντασίαν.</strong></span> <span class='ocrx_word' id='word_1_201' title='bbox 965 2771 1059 2824; x_wconf 88' lang='grc' dir='ltr'><strong>Ἓν</strong></span> <span class='ocrx_word' id='word_1_202' title='bbox 1101 2769 1292 2824; x_wconf 84' lang='grc' dir='ltr'><strong>σκόπει</strong></span> <span class='ocrx_word' id='word_1_203' title='bbox 1329 2770 1508 2842; x_wconf 86' lang='grc' dir='ltr'><strong>μόνον,</strong></span> <span class='ocrx_word' id='word_1_204' title='bbox 1535 2770 1681 2833; x_wconf 80' lang='grc' dir='ltr'><strong>ὅπως</strong></span> <span class='ocrx_word' id='word_1_205' title='bbox 1708 2768 1845 2838; x_wconf 85' lang='grc' dir='ltr'><strong>μετὰ</strong></span> <span class='ocrx_word' id='word_1_206' title='bbox 1865 2766 2066 2839; x_wconf 81' lang='grc' dir='ltr'><strong>πολλῆς</strong></span> 
     </span>
    </p>
   </div>
   <div class='ocr_carea' id='block_1_31' title="bbox 484 2857 2062 2936">
    <p class='ocr_par' dir='ltr' id='par_1_31' title="bbox 484 2857 2062 2936">
     <span class='ocr_line' id='line_1_31' title="bbox 484 2857 2062 2936; baseline -0.004 -18"><span class='ocrx_word' id='word_1_207' title='bbox 484 2865 584 2936; x_wconf 81' lang='grc' dir='ltr'><strong>τῆς</strong></span> <span class='ocrx_word' id='word_1_208' title='bbox 607 2864 841 2933; x_wconf 79' lang='grc' dir='ltr'><strong>σπουδῆς</strong></span> <span class='ocrx_word' id='word_1_209' title='bbox 871 2863 969 2933; x_wconf 76' lang='grc' dir='ltr'><strong>τὴν</strong></span> <span class='ocrx_word' id='word_1_210' title='bbox 999 2860 1366 2932; x_wconf 86' lang='grc' dir='ltr'><strong>τεθλιμμένην</strong></span> <span class='ocrx_word' id='word_1_211' title='bbox 1395 2861 1511 2914; x_wconf 75' lang='grc' dir='ltr'><strong>ὁδὸν</strong></span> <span class='ocrx_word' id='word_1_212' title='bbox 1533 2859 1782 2914; x_wconf 90' lang='grc' dir='ltr'><strong>διανύσαι</strong></span> <span class='ocrx_word' id='word_1_213' title='bbox 1807 2857 2062 2930; x_wconf 80' lang='grc' dir='ltr'><strong>δυνηθῇς,</strong></span> 
     </span>
    </p>
   </div>
   <div class='ocr_carea' id='block_1_32' title="bbox 484 2951 1724 3032">
    <p class='ocr_par' dir='ltr' id='par_1_32' title="bbox 484 2951 1724 3032">
     <span class='ocr_line' id='line_1_32' title="bbox 484 2951 1724 3032; baseline -0.003 -24"><span class='ocrx_word' id='word_1_214' title='bbox 484 2956 584 3025; x_wconf 81' lang='grc' dir='ltr'><strong>τὴν</strong></span> <span class='ocrx_word' id='word_1_215' title='bbox 611 2955 747 3032; x_wconf 57' lang='grc' dir='ltr'><strong>πρὸς</strong></span> <span class='ocrx_word' id='word_1_216' title='bbox 771 2953 934 3007; x_wconf 75' lang='grc' dir='ltr'><strong>αὑτὸν</strong></span> <span class='ocrx_word' id='word_1_217' title='bbox 963 2951 1270 3019; x_wconf 87' lang='grc' dir='ltr'><strong>ἀνάγουσαν</strong></span> <span class='ocrx_word' id='word_1_218' title='bbox 1301 2964 1348 3007; x_wconf 70' lang='grc'><strong>³.</strong></span> <span class='ocrx_word' id='word_1_219' title='bbox 1718 3005 1724 3012; x_wconf 77' lang='grc'><strong>,</strong></span> 
     </span>
    </p>
   </div>
   <div class='ocr_carea' id='block_1_33' title="bbox 487 3060 2063 3130">
    <p class='ocr_par' dir='ltr' id='par_1_33' title="bbox 487 3060 2063 3130">
     <span class='ocr_line' id='line_1_33' title="bbox 487 3060 2063 3130; baseline -0.004 -9"><span class='ocrx_word' id='word_1_220' title='bbox 487 3064 620 3121; x_wconf 77' lang='lat' dir='ltr'><strong>I’H&#39;.</strong></span> <span class='ocrx_word' id='word_1_221' title='bbox 657 3065 892 3128; x_wconf 84' lang='grc' dir='ltr'><strong>Κάστῳ,</strong></span> <span class='ocrx_word' id='word_1_222' title='bbox 931 3061 1255 3129; x_wconf 76' lang='grc' dir='ltr'><strong>Οὐαλερίῳ,</strong></span> <span class='ocrx_word' id='word_1_223' title='bbox 1297 3062 1619 3130; x_wconf 69' lang='grc' dir='ltr'><strong>Διοφάντφ,</strong></span> <span class='ocrx_word' id='word_1_224' title='bbox 1652 3062 1749 3116; x_wconf 80' lang='grc' dir='ltr'><strong>καὶ</strong></span> <span class='ocrx_word' id='word_1_225' title='bbox 1774 3060 2063 3129; x_wconf 81' lang='grc' dir='ltr'><strong>Κυριακῷ,</strong></span> 
     </span>
    </p>
   </div>
   <div class='ocr_carea' id='block_1_34' title="bbox 1062 3131 1506 3199">
    <p class='ocr_par' dir='ltr' id='par_1_34' title="bbox 1062 3131 1506 3199">
     <span class='ocr_line' id='line_1_34' title="bbox 1062 3131 1506 3199; baseline 0.005 -16"><span class='ocrx_word' id='word_1_226' title='bbox 1062 3131 1506 3199; x_wconf 71' lang='grc' dir='ltr'><strong>πρεσϐυτέροις.</strong></span> 
     </span>
    </p>
   </div>
   <div class='ocr_carea' id='block_1_35' title="bbox 560 3242 2067 3319">
    <p class='ocr_par' dir='ltr' id='par_1_35' title="bbox 560 3242 2067 3319">
     <span class='ocr_line' id='line_1_35' title="bbox 560 3242 2067 3319; baseline -0.006 -14"><span class='ocrx_word' id='word_1_227' title='bbox 560 3251 628 3305; x_wconf 90' lang='grc' dir='ltr'><em>Ὃ</em></span> <span class='ocrx_word' id='word_1_228' title='bbox 668 3247 956 3319; x_wconf 86' lang='grc' dir='ltr'><strong>συμϐαίνει</strong></span> <span class='ocrx_word' id='word_1_229' title='bbox 1003 3246 1080 3316; x_wconf 85' lang='grc' dir='ltr'><strong>τῷ</strong></span> <span class='ocrx_word' id='word_1_230' title='bbox 1109 3245 1318 3315; x_wconf 79' lang='grc' dir='ltr'><strong>χρυσίῳ</strong></span> <span class='ocrx_word' id='word_1_231' title='bbox 1359 3242 1766 3314; x_wconf 78' lang='grc' dir='ltr'><strong>βασανιζομένῳ</strong></span> <span class='ocrx_word' id='word_1_232' title='bbox 1810 3243 2067 3308; x_wconf 86' lang='grc' dir='ltr'><strong>πολλάκις</strong></span> 
     </span>
    </p>
   </div>
   <div class='ocr_carea' id='block_1_36' title="bbox 487 3334 2070 3412">
    <p class='ocr_par' dir='ltr' id='par_1_36' title="bbox 487 3334 2070 3412">
     <span class='ocr_line' id='line_1_36' title="bbox 487 3334 2070 3412; baseline -0.006 -15"><span class='ocrx_word' id='word_1_233' title='bbox 487 3343 594 3397; x_wconf 78' lang='grc' dir='ltr'><strong>ὑπὸ</strong></span> <span class='ocrx_word' id='word_1_234' title='bbox 649 3342 840 3412; x_wconf 73' lang='grc' dir='ltr'><strong>πυρὸς,</strong></span> <span class='ocrx_word' id='word_1_235' title='bbox 895 3339 1055 3392; x_wconf 90' lang='grc' dir='ltr'><strong>τοῦτο</strong></span> <span class='ocrx_word' id='word_1_236' title='bbox 1107 3337 1201 3390; x_wconf 89' lang='lat' dir='ltr'><strong>ml</strong></span> <span class='ocrx_word' id='word_1_237' title='bbox 1255 3339 1378 3399; x_wconf 85' lang='grc' dir='ltr'><strong>ταῖς</strong></span> <span class='ocrx_word' id='word_1_238' title='bbox 1431 3353 1658 3408; x_wconf 85' lang='grc' dir='ltr'><strong>χρυσας</strong></span> <span class='ocrx_word' id='word_1_239' title='bbox 1693 3334 1856 3388; x_wconf 77' lang='grc' dir='ltr'><strong>εἴωθε</strong></span> <span class='ocrx_word' id='word_1_240' title='bbox 1899 3353 2070 3406; x_wconf 87' lang='grc' dir='ltr'><strong>προσ-</strong></span> 
     </span>
    </p>
   </div>
   <div class='ocr_carea' id='block_1_37' title="bbox 487 3428 2070 3505">
    <p class='ocr_par' dir='ltr' id='par_1_37' title="bbox 487 3428 2070 3505">
     <span class='ocr_line' id='line_1_37' title="bbox 487 3428 2070 3505; baseline -0.006 -15"><span class='ocrx_word' id='word_1_241' title='bbox 487 3434 732 3505; x_wconf 71' lang='grc' dir='ltr'><strong>γίνεσθσει</strong></span> <span class='ocrx_word' id='word_1_242' title='bbox 753 3435 952 3504; x_wconf 78' lang='grc' dir='ltr'><strong>ψυχαῖς</strong></span> <span class='ocrx_word' id='word_1_243' title='bbox 976 3431 1083 3484; x_wconf 83' lang='grc' dir='ltr'><strong>ὑπδ</strong></span> <span class='ocrx_word' id='word_1_244' title='bbox 1100 3430 1208 3484; x_wconf 87' lang='grc' dir='ltr'><strong>τῶν</strong></span> <span class='ocrx_word' id='word_1_245' title='bbox 1231 3429 1572 3499; x_wconf 88' lang='grc' dir='ltr'><strong>πειρασμῶν.</strong></span> <span class='ocrx_word' id='word_1_246' title='bbox 1613 3429 1858 3498; x_wconf 86' lang='grc' dir='ltr'><strong>Ἐκείνην</strong></span> <span class='ocrx_word' id='word_1_247' title='bbox 1878 3445 1938 3482; x_wconf 90' lang='grc' dir='ltr'><strong>τε</strong></span> <span class='ocrx_word' id='word_1_248' title='bbox 1962 3428 2070 3500; x_wconf 86' lang='grc' dir='ltr'><strong>γὰρ</strong></span> 
     </span>
    </p>
   </div>
   <div class='ocr_carea' id='block_1_38' title="bbox 486 3519 2068 3599">
    <p class='ocr_par' dir='ltr' id='par_1_38' title="bbox 486 3519 2068 3599">
     <span class='ocr_line' id='line_1_38' title="bbox 486 3519 2068 3599; baseline -0.008 -16"><span class='ocrx_word' id='word_1_249' title='bbox 486 3529 588 3599; x_wconf 81' lang='grc' dir='ltr'><strong>τὴν</strong></span> <span class='ocrx_word' id='word_1_250' title='bbox 636 3526 768 3597; x_wconf 82' lang='grc' dir='ltr'><strong>ὓλην</strong></span> <span class='ocrx_word' id='word_1_251' title='bbox 808 3522 1199 3595; x_wconf 83' lang='grc' dir='ltr'><strong>λαμπροτέραν</strong></span> <span class='ocrx_word' id='word_1_252' title='bbox 1245 3519 1428 3591; x_wconf 87' lang='grc' dir='ltr'><strong>πολλῷ</strong></span> <span class='ocrx_word' id='word_1_253' title='bbox 1469 3521 1562 3574; x_wconf 83' lang='grc' dir='ltr'><strong>καὶ</strong></span> <span class='ocrx_word' id='word_1_254' title='bbox 1604 3519 1994 3591; x_wconf 81' lang='grc' dir='ltr'><strong>καθαρωτέραν</strong></span> <span class='ocrx_word' id='word_1_255' title='bbox 2035 3521 2068 3590; x_wconf 92' lang='grc' dir='ltr'><strong>ή</strong></span> 
     </span>
    </p>
   </div>
   <div class='ocr_carea' id='block_1_39' title="bbox 487 3611 2070 3689">
    <p class='ocr_par' dir='ltr' id='par_1_39' title="bbox 487 3611 2070 3689">
     <span class='ocr_line' id='line_1_39' title="bbox 487 3611 2070 3689; baseline -0.006 -16"><span class='ocrx_word' id='word_1_256' title='bbox 487 3619 589 3689; x_wconf 78' lang='grc' dir='ltr'><strong>τῆς</strong></span> <span class='ocrx_word' id='word_1_257' title='bbox 619 3617 815 3688; x_wconf 79' lang='grc' dir='ltr'><strong>φλογὸς</strong></span> <span class='ocrx_word' id='word_1_258' title='bbox 846 3616 1138 3684; x_wconf 84' lang='grc' dir='ltr'><strong>ἀποφαίνει</strong></span> <span class='ocrx_word' id='word_1_259' title='bbox 1181 3613 1365 3684; x_wconf 82' lang='grc' dir='ltr'><strong>φύσις,</strong></span> <span class='ocrx_word' id='word_1_260' title='bbox 1401 3611 1665 3683; x_wconf 81' lang='grc' dir='ltr'><strong>ὁμιλοῦσα</strong></span> <span class='ocrx_word' id='word_1_261' title='bbox 1699 3611 1836 3682; x_wconf 79' lang='grc' dir='ltr'><strong>αὐτῇ</strong></span> <span class='ocrx_word' id='word_1_262' title='bbox 1881 3612 2070 3682; x_wconf 85' lang='grc' dir='ltr'><strong>χρόνον</strong></span> 
     </span>
    </p>
   </div>
   <div class='ocr_carea' id='block_1_40' title="bbox 488 3701 2071 3773">
    <p class='ocr_par' dir='ltr' id='par_1_40' title="bbox 488 3701 2071 3773">
     <span class='ocr_line' id='line_1_40' title="bbox 488 3701 2071 3773; baseline -0.004 -12"><span class='ocrx_word' id='word_1_263' title='bbox 488 3706 762 3773; x_wconf 88' lang='grc' dir='ltr'><strong>τοσοῦτον,</strong></span> <span class='ocrx_word' id='word_1_264' title='bbox 794 3706 920 3759; x_wconf 78' lang='grc' dir='ltr'><strong>ὅσον</strong></span> <span class='ocrx_word' id='word_1_265' title='bbox 945 3705 1012 3758; x_wconf 82' lang='grc' dir='ltr'><strong>ἂν</strong></span> <span class='ocrx_word' id='word_1_266' title='bbox 1035 3707 1064 3757; x_wconf 89' lang='grc' dir='ltr'><strong>ὀ</strong></span> <span class='ocrx_word' id='word_1_267' title='bbox 1089 3703 1190 3773; x_wconf 84' lang='grc' dir='ltr'><strong>τῆς</strong></span> <span class='ocrx_word' id='word_1_268' title='bbox 1217 3703 1412 3773; x_wconf 89' lang='grc' dir='ltr'><strong>τέχνης</strong></span> <span class='ocrx_word' id='word_1_269' title='bbox 1436 3701 1719 3770; x_wconf 79' lang='grc' dir='ltr'><strong>ἐπιτρέπει</strong></span> <span class='ocrx_word' id='word_1_270' title='bbox 1741 3701 1922 3770; x_wconf 87' lang='grc' dir='ltr'><strong>νόμος·</strong></span> <span class='ocrx_word' id='word_1_271' title='bbox 1946 3701 2071 3764; x_wconf 90' lang='grc' dir='ltr'><strong>τούς</strong></span> 
     </span>
    </p>
   </div>
   <div class='ocr_carea' id='block_1_41' title="bbox 485 3783 2068 3869">
    <p class='ocr_par' dir='ltr' id='par_1_41' title="bbox 485 3783 2068 3869">
     <span class='ocr_line' id='line_1_41' title="bbox 485 3783 2068 3869; baseline -0.004 -18"><span class='ocrx_word' id='word_1_272' title='bbox 485 3816 549 3852; x_wconf 86' lang='grc' dir='ltr'><strong>τε</strong></span> <span class='ocrx_word' id='word_1_273' title='bbox 596 3799 673 3869; x_wconf 86' lang='grc' dir='ltr'><strong>τῷ</strong></span> <span class='ocrx_word' id='word_1_274' title='bbox 724 3797 934 3869; x_wconf 83' lang='grc' dir='ltr'><strong>χρυσίῳ</strong></span> <span class='ocrx_word' id='word_1_275' title='bbox 976 3794 1117 3849; x_wconf 84' lang='grc' dir='ltr'><strong>κατὰ</strong></span> <span class='ocrx_word' id='word_1_276' title='bbox 1159 3783 1398 3849; x_wconf 72' lang='grc' dir='ltr'><strong>διάνοιαν</strong></span> <span class='ocrx_word' id='word_1_277' title='bbox 1439 3792 1685 3854; x_wconf 74' lang='grc' dir='ltr'><strong>ἐοικότας</strong></span> <span class='ocrx_word' id='word_1_278' title='bbox 1727 3790 2068 3862; x_wconf 85' lang='grc' dir='ltr'><strong>ἀνθρώπους,</strong></span> 
     </span>
    </p>
   </div>
   <div class='ocr_carea' id='block_1_42' title="bbox 490 3883 2070 3960">
    <p class='ocr_par' dir='ltr' id='par_1_42' title="bbox 490 3883 2070 3960">
     <span class='ocr_line' id='line_1_42' title="bbox 490 3883 2070 3960; baseline -0.004 -17"><span class='ocrx_word' id='word_1_279' title='bbox 490 3891 715 3960; x_wconf 88' lang='grc' dir='ltr'><strong>χρυσίου</strong></span> <span class='ocrx_word' id='word_1_280' title='bbox 764 3888 965 3950; x_wconf 82' lang='grc' dir='ltr'><strong>παντὸς</strong></span> <span class='ocrx_word' id='word_1_281' title='bbox 1007 3885 1394 3957; x_wconf 84' lang='grc' dir='ltr'><strong>φαιδροτέρους</strong></span> <span class='ocrx_word' id='word_1_282' title='bbox 1451 3884 1545 3937; x_wconf 80' lang='grc' dir='ltr'><strong>καὶ</strong></span> <span class='ocrx_word' id='word_1_283' title='bbox 1583 3883 2070 3954; x_wconf 82' lang='grc' dir='ltr'><strong>πολυτελεστέρους</strong></span> 
     </span>
    </p>
   </div>
   <div class='ocr_carea' id='block_1_43' title="bbox 494 3975 2072 4052">
    <p class='ocr_par' dir='ltr' id='par_1_43' title="bbox 494 3975 2072 4052">
     <span class='ocr_line' id='line_1_43' title="bbox 494 3975 2072 4052; baseline -0.004 -18"><span class='ocrx_word' id='word_1_284' title='bbox 494 3981 635 4052; x_wconf 87' lang='grc' dir='ltr'><strong>μετά</strong></span> <span class='ocrx_word' id='word_1_285' title='bbox 675 3980 875 4050; x_wconf 85' lang='grc' dir='ltr'><strong>πολλῆς</strong></span> <span class='ocrx_word' id='word_1_286' title='bbox 901 3979 998 4048; x_wconf 80' lang='grc' dir='ltr'><strong>τῆς</strong></span> <span class='ocrx_word' id='word_1_287' title='bbox 1024 3977 1351 4046; x_wconf 77' lang='grc' dir='ltr'><strong>,περιουσίας</strong></span> <span class='ocrx_word' id='word_1_288' title='bbox 1393 3977 1424 4046; x_wconf 83' lang='grc' dir='ltr'><strong>ή</strong></span> <span class='ocrx_word' id='word_1_289' title='bbox 1455 3977 1564 4028; x_wconf 89' lang='grc' dir='ltr'><strong>τῶν</strong></span> <span class='ocrx_word' id='word_1_290' title='bbox 1592 3975 1909 4046; x_wconf 81' lang='grc' dir='ltr'><strong>ἐπαλλήλων</strong></span> <span class='ocrx_word' id='word_1_291' title='bbox 1955 3993 2072 4030; x_wconf 86' lang='grc' dir='ltr'><strong>πει-</strong></span> 
     </span>
    </p>
   </div>
   <div class='ocr_carea' id='block_1_44' title="bbox 495 4063 2071 4139">
    <p class='ocr_par' dir='ltr' id='par_1_44' title="bbox 495 4063 2071 4139">
     <span class='ocr_line' id='line_1_44' title="bbox 495 4063 2071 4139; baseline -0.004 -15"><span class='ocrx_word' id='word_1_292' title='bbox 495 4069 720 4138; x_wconf 86' lang='grc' dir='ltr'><strong>ρασμῶν</strong></span> <span class='ocrx_word' id='word_1_293' title='bbox 748 4069 1042 4139; x_wconf 77' lang='grc' dir='ltr'><strong>ἐργάζεται</strong></span> <span class='ocrx_word' id='word_1_294' title='bbox 1073 4068 1322 4135; x_wconf 82' lang='grc' dir='ltr'><strong>κάμινος.</strong></span> <span class='ocrx_word' id='word_1_295' title='bbox 1349 4063 1502 4137; x_wconf 68' lang='grc'>[632]</span> <span class='ocrx_word' id='word_1_296' title='bbox 1531 4065 1628 4118; x_wconf 80' lang='grc' dir='ltr'><strong>Διά</strong></span> <span class='ocrx_word' id='word_1_297' title='bbox 1660 4065 1724 4135; x_wconf 84' lang='grc' dir='ltr'><strong>δὴ</strong></span> <span class='ocrx_word' id='word_1_298' title='bbox 1756 4064 1935 4130; x_wconf 89' lang='grc' dir='ltr'><strong>τοῦτο,</strong></span> <span class='ocrx_word' id='word_1_299' title='bbox 1975 4067 2071 4118; x_wconf 91' lang='lat' dir='ltr'><strong>ml</strong></span> 
     </span>
    </p>
   </div>
   <div class='ocr_carea' id='block_1_45' title="bbox 492 4156 2070 4229">
    <p class='ocr_par' dir='ltr' id='par_1_45' title="bbox 492 4156 2070 4229">
     <span class='ocr_line' id='line_1_45' title="bbox 492 4156 2070 4229; baseline -0.006 -11"><span class='ocrx_word' id='word_1_300' title='bbox 492 4167 558 4218; x_wconf 83' lang='grc' dir='ltr'><strong>ἐκ</strong></span> <span class='ocrx_word' id='word_1_301' title='bbox 610 4160 865 4216; x_wconf 85' lang='grc' dir='ltr'><strong>τοσούτου</strong></span> <span class='ocrx_word' id='word_1_302' title='bbox 915 4159 1212 4229; x_wconf 86' lang='grc' dir='ltr'><strong>καθήμενοι</strong></span> <span class='ocrx_word' id='word_1_303' title='bbox 1269 4159 1656 4227; x_wconf 88' lang='grc' dir='ltr'><strong>διαστήματος,</strong></span> <span class='ocrx_word' id='word_1_304' title='bbox 1693 4157 1755 4208; x_wconf 79' lang='grc' dir='ltr'><strong>ού</strong></span> <span class='ocrx_word' id='word_1_305' title='bbox 1786 4156 2070 4226; x_wconf 85' lang='grc' dir='ltr'><strong>παυόμεθα</strong></span> 
     </span>
    </p>
   </div>
   <div class='ocr_carea' id='block_1_46' title="bbox 491 4247 2066 4324">
    <p class='ocr_par' dir='ltr' id='par_1_46' title="bbox 491 4247 2066 4324">
     <span class='ocr_line' id='line_1_46' title="bbox 491 4247 2066 4324; baseline -0.004 -17"><span class='ocrx_word' id='word_1_306' title='bbox 491 4251 754 4324; x_wconf 86' lang='grc' dir='ltr'><strong>διηνεκῶς</strong></span> <span class='ocrx_word' id='word_1_307' title='bbox 777 4249 1166 4322; x_wconf 78' lang='grc' dir='ltr'><strong>μακαρίζοντες</strong></span> <span class='ocrx_word' id='word_1_308' title='bbox 1191 4250 1353 4318; x_wconf 80' lang='grc' dir='ltr'><strong>ὑμᾶς.</strong></span> <span class='ocrx_word' id='word_1_309' title='bbox 1395 4250 1532 4301; x_wconf 83' lang='grc' dir='ltr'><strong>Ἵστε</strong></span> <span class='ocrx_word' id='word_1_310' title='bbox 1562 4249 1689 4318; x_wconf 76' lang='grc' dir='ltr'><strong>γάρ,</strong></span> <span class='ocrx_word' id='word_1_311' title='bbox 1722 4247 1833 4301; x_wconf 84' lang='grc' dir='ltr'><strong>ῖστε</strong></span> <span class='ocrx_word' id='word_1_312' title='bbox 1860 4248 2066 4317; x_wconf 87' lang='grc' dir='ltr'><strong>σαφῶς.</strong></span> 
     </span>
    </p>
   </div>
   <div class='ocr_carea' id='block_1_47' title="bbox 491 4343 2068 4413">
    <p class='ocr_par' dir='ltr' id='par_1_47' title="bbox 491 4343 2068 4413">
     <span class='ocr_line' id='line_1_47' title="bbox 491 4343 2068 4413; baseline -0.003 -12"><span class='ocrx_word' id='word_1_313' title='bbox 491 4349 616 4401; x_wconf 78' lang='grc' dir='ltr'><strong>ὅσον</strong></span> <span class='ocrx_word' id='word_1_314' title='bbox 646 4345 754 4398; x_wconf 89' lang='grc' dir='ltr'><strong>τῶν</strong></span> <span class='ocrx_word' id='word_1_315' title='bbox 782 4344 1038 4398; x_wconf 82' lang='grc' dir='ltr'><strong>τοιούτων</strong></span> <span class='ocrx_word' id='word_1_316' title='bbox 1070 4343 1369 4396; x_wconf 83' lang='grc' dir='ltr'><strong>ἐπιϐουλῶν</strong></span> <span class='ocrx_word' id='word_1_317' title='bbox 1399 4343 1460 4396; x_wconf 72' lang='grc' dir='ltr'><strong>τὸ</strong></span> <span class='ocrx_word' id='word_1_318' title='bbox 1503 4343 1711 4413; x_wconf 86' lang='grc' dir='ltr'><strong>κέρδος,</strong></span> <span class='ocrx_word' id='word_1_319' title='bbox 1752 4345 1847 4396; x_wconf 79' lang='grc' dir='ltr'><strong>καὶ</strong></span> <span class='ocrx_word' id='word_1_320' title='bbox 1886 4343 2000 4407; x_wconf 88' lang='grc' dir='ltr'><strong>πῶς</strong></span> <span class='ocrx_word' id='word_1_321' title='bbox 2035 4346 2068 4413; x_wconf 89' lang='grc' dir='ltr'><strong>ή</strong></span> 
     </span>
    </p>
   </div>
   <div class='ocr_carea' id='block_1_48' title="bbox 491 4434 2066 4509">
    <p class='ocr_par' dir='ltr' id='par_1_48' title="bbox 491 4434 2066 4509">
     <span class='ocr_line' id='line_1_48' title="bbox 491 4434 2066 4509; baseline -0.004 -16"><span class='ocrx_word' id='word_1_322' title='bbox 491 4438 586 4492; x_wconf 84' lang='grc' dir='ltr'><strong>τοῦ</strong></span> <span class='ocrx_word' id='word_1_323' title='bbox 621 4438 882 4509; x_wconf 82' lang='grc' dir='ltr'><strong>παρόντος</strong></span> <span class='ocrx_word' id='word_1_324' title='bbox 918 4436 1186 4506; x_wconf 79' lang='grc' dir='ltr'><strong>εὑημερία</strong></span> <span class='ocrx_word' id='word_1_325' title='bbox 1211 4435 1326 4504; x_wconf 84' lang='grc' dir='ltr'><strong>βίου</strong></span> <span class='ocrx_word' id='word_1_326' title='bbox 1353 4435 1524 4505; x_wconf 74' lang='grc' dir='ltr'><strong>ὄνομα</strong></span> <span class='ocrx_word' id='word_1_327' title='bbox 1561 4436 1718 4504; x_wconf 88' lang='grc' dir='ltr'><strong>μόνον</strong></span> <span class='ocrx_word' id='word_1_328' title='bbox 1748 4435 1863 4488; x_wconf 81' lang='grc' dir='ltr'><strong>ἐστὶ</strong></span> <span class='ocrx_word' id='word_1_329' title='bbox 1891 4434 2066 4504; x_wconf 76' lang='grc' dir='ltr'><strong>ψιλὸν,</strong></span> 
     </span>
    </p>
   </div>
   <div class='ocr_carea' id='block_1_49' title="bbox 494 4528 2068 4603">
    <p class='ocr_par' dir='ltr' id='par_1_49' title="bbox 494 4528 2068 4603">
     <span class='ocr_line' id='line_1_49' title="bbox 494 4528 2068 4603; baseline -0.003 -19"><span class='ocrx_word' id='word_1_330' title='bbox 494 4533 816 4603; x_wconf 81' lang='grc' dir='ltr'><strong>πράγματος</strong></span> <span class='ocrx_word' id='word_1_331' title='bbox 836 4531 1062 4600; x_wconf 80' lang='grc' dir='ltr'><strong>ἔρημον,</strong></span> <span class='ocrx_word' id='word_1_332' title='bbox 1084 4529 1150 4582; x_wconf 78' lang='grc' dir='ltr'><strong>τὰ</strong></span> <span class='ocrx_word' id='word_1_333' title='bbox 1170 4530 1226 4582; x_wconf 83' lang='grc' dir='ltr'><strong>δέ</strong></span> <span class='ocrx_word' id='word_1_334' title='bbox 1249 4529 1507 4598; x_wconf 86' lang='grc' dir='ltr'><strong>μέλλοντα</strong></span> <span class='ocrx_word' id='word_1_335' title='bbox 1533 4528 1734 4596; x_wconf 75' lang='grc' dir='ltr'><strong>ἀγαθά,</strong></span> <span class='ocrx_word' id='word_1_336' title='bbox 1763 4529 2068 4598; x_wconf 84' lang='grc' dir='ltr'><strong>πεπηγότα,</strong></span> 
     </span>
    </p>
   </div>
   <div class='ocr_carea' id='block_1_50' title="bbox 493 4619 2072 4693">
    <p class='ocr_par' dir='ltr' id='par_1_50' title="bbox 493 4619 2072 4693">
     <span class='ocr_line' id='line_1_50' title="bbox 493 4619 2072 4693; baseline -0.003 -16"><span class='ocrx_word' id='word_1_337' title='bbox 493 4624 720 4693; x_wconf 79' lang='grc' dir='ltr'><strong>ἀκίνητα</strong></span> <span class='ocrx_word' id='word_1_338' title='bbox 751 4621 974 4692; x_wconf 87' lang='grc' dir='ltr'><strong>μόνιμα,</strong></span> <span class='ocrx_word' id='word_1_339' title='bbox 1009 4619 1268 4673; x_wconf 85' lang='grc' dir='ltr'><strong>ἀθάνατα.</strong></span> <span class='ocrx_word' id='word_1_340' title='bbox 1312 4621 1420 4674; x_wconf 73' lang='grc' dir='ltr'><strong>Καὶ</strong></span> <span class='ocrx_word' id='word_1_341' title='bbox 1450 4621 1510 4672; x_wconf 81' lang='grc' dir='ltr'><strong>οὑ</strong></span> <span class='ocrx_word' id='word_1_342' title='bbox 1552 4619 1711 4672; x_wconf 85' lang='grc' dir='ltr'><strong>τοῦτο</strong></span> <span class='ocrx_word' id='word_1_343' title='bbox 1760 4621 1919 4689; x_wconf 89' lang='grc' dir='ltr'><strong>μόνον</strong></span> <span class='ocrx_word' id='word_1_344' title='bbox 1957 4621 2072 4673; x_wconf 80' lang='grc' dir='ltr'><strong>ἐστὶ</strong></span> 
     </span>
    </p>
   </div>
   <div class='ocr_carea' id='block_1_51' title="bbox 493 4711 2072 4785">
    <p class='ocr_par' dir='ltr' id='par_1_51' title="bbox 493 4711 2072 4785">
     <span class='ocr_line' id='line_1_51' title="bbox 493 4711 2072 4785; baseline -0.002 -18"><span class='ocrx_word' id='word_1_345' title='bbox 493 4717 554 4769; x_wconf 73' lang='grc' dir='ltr'><strong>τὸ</strong></span> <span class='ocrx_word' id='word_1_346' title='bbox 584 4714 768 4785; x_wconf 83' lang='grc' dir='ltr'><strong>θαῦμα</strong></span> <span class='ocrx_word' id='word_1_347' title='bbox 806 4712 907 4782; x_wconf 75' lang='grc' dir='ltr'><strong>τῆς</strong></span> <span class='ocrx_word' id='word_1_348' title='bbox 936 4712 1154 4784; x_wconf 84' lang='grc' dir='ltr'><strong>ἀρετῆς,</strong></span> <span class='ocrx_word' id='word_1_349' title='bbox 1201 4713 1281 4764; x_wconf 84' lang='grc' dir='ltr'><strong>ὅτι</strong></span> <span class='ocrx_word' id='word_1_350' title='bbox 1330 4711 1553 4764; x_wconf 87' lang='grc' dir='ltr'><strong>τοιαῦτα</strong></span> <span class='ocrx_word' id='word_1_351' title='bbox 1594 4713 1729 4780; x_wconf 81' lang='grc' dir='ltr'><strong>ἡμῖν</strong></span> <span class='ocrx_word' id='word_1_352' title='bbox 1757 4711 1824 4764; x_wconf 80' lang='grc' dir='ltr'><strong>τὰ</strong></span> <span class='ocrx_word' id='word_1_353' title='bbox 1863 4711 2072 4764; x_wconf 79' lang='grc' dir='ltr'><strong>ἔπαθλα</strong></span> 
     </span>
    </p>
   </div>
   <div class='ocr_carea' id='block_1_52' title="bbox 496 4803 2074 4878">
    <p class='ocr_par' dir='ltr' id='par_1_52' title="bbox 496 4803 2074 4878">
     <span class='ocr_line' id='line_1_52' title="bbox 496 4803 2074 4878; baseline -0.002 -18"><span class='ocrx_word' id='word_1_354' title='bbox 496 4807 816 4878; x_wconf 86' lang='grc' dir='ltr'><strong>παρέχεται,</strong></span> <span class='ocrx_word' id='word_1_355' title='bbox 842 4805 956 4858; x_wconf 83' lang='grc' dir='ltr'><strong>ἀλλ’</strong></span> <span class='ocrx_word' id='word_1_356' title='bbox 988 4805 1069 4858; x_wconf 79' lang='grc' dir='ltr'><strong>ὅτι</strong></span> <span class='ocrx_word' id='word_1_357' title='bbox 1107 4803 1202 4857; x_wconf 90' lang='lat' dir='ltr'><strong>ml</strong></span> <span class='ocrx_word' id='word_1_358' title='bbox 1237 4803 1342 4875; x_wconf 79' lang='grc' dir='ltr'><strong>πρὸ</strong></span> <span class='ocrx_word' id='word_1_359' title='bbox 1370 4803 1478 4855; x_wconf 88' lang='grc' dir='ltr'><strong>τῶν</strong></span> <span class='ocrx_word' id='word_1_360' title='bbox 1504 4803 1755 4856; x_wconf 79' lang='grc' dir='ltr'><strong>ἐπάθλων</strong></span> <span class='ocrx_word' id='word_1_361' title='bbox 1785 4804 1834 4856; x_wconf 88' lang='grc' dir='ltr'><strong>οί</strong></span> <span class='ocrx_word' id='word_1_362' title='bbox 1866 4804 2074 4872; x_wconf 88' lang='grc' dir='ltr'><strong>ἀγῶνες</strong></span> 
     </span>
    </p>
   </div>
   <div class='ocr_carea' id='block_1_53' title="bbox 496 4900 2077 4974">
    <p class='ocr_par' dir='ltr' id='par_1_53' title="bbox 496 4900 2077 4974">
     <span class='ocr_line' id='line_1_53' title="bbox 496 4900 2077 4974; baseline -0.002 -16"><span class='ocrx_word' id='word_1_363' title='bbox 496 4905 669 4974; x_wconf 81' lang='grc' dir='ltr'><strong>αὐτῆς</strong></span> <span class='ocrx_word' id='word_1_364' title='bbox 696 4903 905 4958; x_wconf 92' lang='grc' dir='ltr'><strong>ἔπαθλα</strong></span> <span class='ocrx_word' id='word_1_365' title='bbox 932 4903 1188 4971; x_wconf 89' lang='grc' dir='ltr'><strong>γίνονται,</strong></span> <span class='ocrx_word' id='word_1_366' title='bbox 1216 4901 1311 4956; x_wconf 85' lang='lat' dir='ltr'><strong>ml</strong></span> <span class='ocrx_word' id='word_1_367' title='bbox 1329 4901 1390 4954; x_wconf 85' lang='grc' dir='ltr'><strong>οὐ</strong></span> <span class='ocrx_word' id='word_1_368' title='bbox 1421 4901 1579 4970; x_wconf 83' lang='grc' dir='ltr'><strong>μόνον</strong></span> <span class='ocrx_word' id='word_1_369' title='bbox 1610 4900 1704 4953; x_wconf 90' lang='grc' dir='ltr'><strong>τοῦ</strong></span> <span class='ocrx_word' id='word_1_370' title='bbox 1735 4901 1963 4971; x_wconf 84' lang='grc' dir='ltr'><strong>θεάτρου</strong></span> <span class='ocrx_word' id='word_1_371' title='bbox 1989 4903 2077 4956; x_wconf 78' lang='grc' dir='ltr'><strong>λυ·</strong></span> 
     </span>
    </p>
   </div>
   <div class='ocr_carea' id='block_1_54' title="bbox 498 4981 2072 5065">
    <p class='ocr_par' dir='ltr' id='par_1_54' title="bbox 498 4981 2072 5065">
     <span class='ocr_line' id='line_1_54' title="bbox 498 4981 2072 5065; baseline 0.001 -19"><span class='ocrx_word' id='word_1_372' title='bbox 498 4997 683 5058; x_wconf 73' lang='grc' dir='ltr'><strong>θέντος</strong></span> <span class='ocrx_word' id='word_1_373' title='bbox 713 4996 782 5048; x_wconf 80' lang='grc' dir='ltr'><strong>τά</strong></span> <span class='ocrx_word' id='word_1_374' title='bbox 806 4994 1031 5065; x_wconf 90' lang='grc' dir='ltr'><strong>βραϐεῖα</strong></span> <span class='ocrx_word' id='word_1_375' title='bbox 1063 4997 1174 5056; x_wconf 88' lang='grc' dir='ltr'><strong>τοῖς</strong></span> <span class='ocrx_word' id='word_1_376' title='bbox 1203 4993 1540 5063; x_wconf 81' lang='grc' dir='ltr'><strong>νενικηκόσιν</strong></span> <span class='ocrx_word' id='word_1_377' title='bbox 1560 4981 1779 5062; x_wconf 75' lang='grc' dir='ltr'><strong>ἔρχεται</strong></span> <span class='ocrx_word' id='word_1_378' title='bbox 1811 4993 2072 5065; x_wconf 88' lang='grc' dir='ltr'><strong>φέρουσα,</strong></span> 
     </span>
    </p>
   </div>
   <div class='ocr_carea' id='block_1_55' title="bbox 496 5085 2076 5158">
    <p class='ocr_par' dir='ltr' id='par_1_55' title="bbox 496 5085 2076 5158">
     <span class='ocr_line' id='line_1_55' title="bbox 496 5085 2076 5158; baseline -0.002 -18"><span class='ocrx_word' id='word_1_379' title='bbox 496 5087 632 5140; x_wconf 84' lang='grc' dir='ltr'><strong>ἀλλὰ</strong></span> <span class='ocrx_word' id='word_1_380' title='bbox 669 5088 765 5140; x_wconf 77' lang='grc' dir='ltr'><strong>καὶ</strong></span> <span class='ocrx_word' id='word_1_381' title='bbox 802 5089 859 5139; x_wconf 86' lang='grc' dir='ltr'><strong>ἐν</strong></span> <span class='ocrx_word' id='word_1_382' title='bbox 885 5087 1034 5157; x_wconf 85' lang='grc' dir='ltr'><strong>αύτῷ</strong></span> <span class='ocrx_word' id='word_1_383' title='bbox 1065 5087 1212 5156; x_wconf 87' lang='grc' dir='ltr'><strong>μέσῳ</strong></span> <span class='ocrx_word' id='word_1_384' title='bbox 1234 5085 1311 5156; x_wconf 76' lang='grc' dir='ltr'><strong>τῷ</strong></span> <span class='ocrx_word' id='word_1_385' title='bbox 1342 5086 1625 5156; x_wconf 87' lang='grc' dir='ltr'><strong>σκάμματι</strong></span> <span class='ocrx_word' id='word_1_386' title='bbox 1653 5085 1935 5158; x_wconf 79' lang='grc' dir='ltr'><strong>λαμπροὺς</strong></span> <span class='ocrx_word' id='word_1_387' title='bbox 1965 5089 2076 5148; x_wconf 85' lang='grc' dir='ltr'><strong>τοῖς</strong></span> 
     </span>
    </p>
   </div>
   <div class='ocr_carea' id='block_1_56' title="bbox 499 5176 2076 5248">
    <p class='ocr_par' dir='ltr' id='par_1_56' title="bbox 499 5176 2076 5248">
     <span class='ocr_line' id='line_1_56' title="bbox 499 5176 2076 5248; baseline -0.001 -18"><span class='ocrx_word' id='word_1_388' title='bbox 499 5177 919 5248; x_wconf 77' lang='grc' dir='ltr'><strong>ἀγωνιζομένοις</strong></span> <span class='ocrx_word' id='word_1_389' title='bbox 955 5178 1144 5230; x_wconf 84' lang='grc' dir='ltr'><strong>πλέκει</strong></span> <span class='ocrx_word' id='word_1_390' title='bbox 1166 5178 1291 5239; x_wconf 75' lang='grc' dir='ltr'><strong>τοὺς</strong></span> <span class='ocrx_word' id='word_1_391' title='bbox 1325 5179 1640 5243; x_wconf 83' lang='grc' dir='ltr'><strong>στεφάνους.</strong></span> <span class='ocrx_word' id='word_1_392' title='bbox 1673 5178 1770 5231; x_wconf 87' lang='grc' dir='ltr'><strong>Διά</strong></span> <span class='ocrx_word' id='word_1_393' title='bbox 1796 5176 1954 5229; x_wconf 90' lang='grc' dir='ltr'><strong>τοῦτο</strong></span> <span class='ocrx_word' id='word_1_394' title='bbox 1983 5178 2076 5230; x_wconf 83' lang='lat' dir='ltr'><strong>ml</strong></span> 
     </span>
    </p>
   </div>
   <div class='ocr_carea' id='block_1_57' title="bbox 444 5253 2075 5338">
    <p class='ocr_par' dir='ltr' id='par_1_57' title="bbox 444 5253 2075 5338">
     <span class='ocr_line' id='line_1_57' title="bbox 444 5253 2075 5338; baseline -0.004 -13"><span class='ocrx_word' id='word_1_395' title='bbox 444 5253 452 5262; x_wconf 49' lang='grc'><em>’</em></span> <span class='ocrx_word' id='word_1_396' title='bbox 499 5270 711 5334; x_wconf 75' lang='grc' dir='ltr'><strong>Παῦλος</strong></span> <span class='ocrx_word' id='word_1_397' title='bbox 735 5271 836 5324; x_wconf 84' lang='grc' dir='ltr'><strong>οὑκ</strong></span> <span class='ocrx_word' id='word_1_398' title='bbox 869 5271 961 5323; x_wconf 80' lang='grc' dir='ltr'><strong>ἐπὶ</strong></span> <span class='ocrx_word' id='word_1_399' title='bbox 993 5273 1112 5333; x_wconf 86' lang='grc' dir='ltr'><strong>ταῖς</strong></span> <span class='ocrx_word' id='word_1_400' title='bbox 1151 5269 1446 5322; x_wconf 82' lang='grc' dir='ltr'><strong>ἀντιδόσεσι</strong></span> <span class='ocrx_word' id='word_1_401' title='bbox 1481 5269 1588 5322; x_wconf 88' lang='grc' dir='ltr'><strong>τῶν</strong></span> <span class='ocrx_word' id='word_1_402' title='bbox 1628 5269 1858 5338; x_wconf 75' lang='grc' dir='ltr'><strong>θλίψεων</strong></span> <span class='ocrx_word' id='word_1_403' title='bbox 1892 5269 2075 5338; x_wconf 86' lang='grc' dir='ltr'><strong>χαίρει</strong></span> 
     </span>
    </p>
   </div>
   <div class='ocr_carea' id='block_1_58' title="bbox 498 5361 2078 5432">
    <p class='ocr_par' dir='ltr' id='par_1_58' title="bbox 498 5361 2078 5432">
     <span class='ocr_line' id='line_1_58' title="bbox 498 5361 2078 5432; baseline -0.003 -18"><span class='ocrx_word' id='word_1_404' title='bbox 498 5363 592 5415; x_wconf 84' lang='lat' dir='ltr'><strong>ml</strong></span> <span class='ocrx_word' id='word_1_405' title='bbox 637 5363 984 5432; x_wconf 83' lang='grc' dir='ltr'><strong>εὐφραίνεται</strong></span> <span class='ocrx_word' id='word_1_406' title='bbox 1038 5364 1216 5432; x_wconf 82' lang='grc' dir='ltr'><strong>μόνον,</strong></span> <span class='ocrx_word' id='word_1_407' title='bbox 1269 5361 1402 5415; x_wconf 79' lang='grc' dir='ltr'><strong>ἀλλὰ</strong></span> <span class='ocrx_word' id='word_1_408' title='bbox 1445 5363 1539 5414; x_wconf 88' lang='lat' dir='ltr'><strong>ml</strong></span> <span class='ocrx_word' id='word_1_409' title='bbox 1592 5362 1678 5413; x_wconf 78' lang='grc' dir='ltr'><strong>ἐπ’</strong></span> <span class='ocrx_word' id='word_1_410' title='bbox 1721 5362 1912 5423; x_wconf 79' lang='grc' dir='ltr'><strong>αὑταῖς</strong></span> <span class='ocrx_word' id='word_1_411' title='bbox 1959 5362 2078 5421; x_wconf 88' lang='grc' dir='ltr'><strong>ταῖς</strong></span> 
     </span>
    </p>
   </div>
   <div class='ocr_carea' id='block_1_59' title="bbox 501 5449 2072 5521">
    <p class='ocr_par' dir='ltr' id='par_1_59' title="bbox 501 5449 2072 5521">
     <span class='ocr_line' id='line_1_59' title="bbox 501 5449 2072 5521; baseline -0.003 -15"><span class='ocrx_word' id='word_1_412' title='bbox 501 5452 708 5521; x_wconf 76' lang='grc' dir='ltr'><strong>θλίψεοι</strong></span> <span class='ocrx_word' id='word_1_413' title='bbox 753 5453 1172 5518; x_wconf 74' lang='grc' dir='ltr'><strong>καλλωπίζεται,</strong></span> <span class='ocrx_word' id='word_1_414' title='bbox 1214 5452 1356 5506; x_wconf 82' lang='grc' dir='ltr'><strong>οῦτω</strong></span> <span class='ocrx_word' id='word_1_415' title='bbox 1393 5453 1589 5521; x_wconf 85' lang='grc' dir='ltr'><strong>λέγων·</strong></span> <span class='ocrx_word' id='word_1_416' title='bbox 1627 5455 1711 5506; x_wconf 84' lang='grc' dir='ltr'><em>Οὺ</em></span> <span class='ocrx_word' id='word_1_417' title='bbox 1748 5453 1942 5518; x_wconf 74' lang='grc' dir='ltr'><strong>μόνον</strong></span> <span class='ocrx_word' id='word_1_418' title='bbox 1985 5449 2072 5514; x_wconf 76' lang='grc' dir='ltr'><strong>δὲ,</strong></span> 
     </span>
    </p>
   </div>
   <div class='ocr_carea' id='block_1_60' title="bbox 497 5539 2076 5614">
    <p class='ocr_par' dir='ltr' id='par_1_60' title="bbox 497 5539 2076 5614">
     <span class='ocr_line' id='line_1_60' title="bbox 497 5539 2076 5614; baseline -0.003 -13"><span class='ocrx_word' id='word_1_419' title='bbox 497 5546 659 5602; x_wconf 71' lang='grc' dir='ltr'><em>ἀλλὰ</em></span> <span class='ocrx_word' id='word_1_420' title='bbox 692 5544 790 5598; x_wconf 81' lang='grc' dir='ltr'><strong>καί</strong></span> <span class='ocrx_word' id='word_1_421' title='bbox 821 5545 1172 5614; x_wconf 79' lang='grc' dir='ltr'><strong>καυχώμεθα</strong></span> <span class='ocrx_word' id='word_1_422' title='bbox 1212 5544 1280 5596; x_wconf 81' lang='grc' dir='ltr'><strong>ἐν</strong></span> <span class='ocrx_word' id='word_1_423' title='bbox 1315 5544 1443 5610; x_wconf 83' lang='grc' dir='ltr'><strong>ταῖς</strong></span> <span class='ocrx_word' id='word_1_424' title='bbox 1473 5545 1777 5612; x_wconf 64' lang='grc' dir='ltr'><strong>θλίψεσιν.</strong></span> <span class='ocrx_word' id='word_1_425' title='bbox 1812 5539 1942 5595; x_wconf 76' lang='grc' dir='ltr'><strong>Εἶτα</strong></span> <span class='ocrx_word' id='word_1_426' title='bbox 1967 5543 2076 5596; x_wconf 81' lang='grc' dir='ltr'><strong>ἀπο</strong></span> 
     </span>
    </p>
   </div>
   <div class='ocr_carea' id='block_1_61' title="bbox 560 5746 1974 5812">
    <p class='ocr_par' dir='ltr' id='par_1_61' title="bbox 560 5746 1974 5812">
     <span class='ocr_line' id='line_1_61' title="bbox 560 5746 1974 5812; baseline -0.002 -15"><span class='ocrx_word' id='word_1_427' title='bbox 560 5749 577 5767; x_wconf 84' lang='grc'><strong><em>⁸</em></strong></span> <span class='ocrx_word' id='word_1_428' title='bbox 601 5748 806 5812; x_wconf 78' lang='lat' dir='ltr'><strong>Legisse</strong></span> <span class='ocrx_word' id='word_1_429' title='bbox 843 5746 1040 5798; x_wconf 73' lang='lat' dir='ltr'><strong>videtur</strong></span> <span class='ocrx_word' id='word_1_430' title='bbox 1060 5747 1313 5805; x_wconf 77' lang='lat' dir='ltr'><strong>Interprcs</strong></span> <span class='ocrx_word' id='word_1_431' title='bbox 1339 5746 1454 5806; x_wconf 83' lang='grc' dir='ltr'><strong>πρὸς</strong></span> <span class='ocrx_word' id='word_1_432' title='bbox 1474 5746 1668 5808; x_wconf 77' lang='grc' dir='ltr'><strong>οὐρανὸν</strong></span> <span class='ocrx_word' id='word_1_433' title='bbox 1693 5747 1974 5806; x_wconf 76' lang='grc' dir='ltr'><strong>ἀνάγουσαν.</strong></span> 
     </span>
    </p>
   </div>
   <div class='ocr_carea' id='block_1_62' title="bbox 2144 486 3726 566">
    <p class='ocr_par' dir='ltr' id='par_1_62' title="bbox 2144 486 3726 566">
     <span class='ocr_line' id='line_1_62' title="bbox 2144 486 3726 566; baseline -0.004 -19"><span class='ocrx_word' id='word_1_434' title='bbox 2144 497 2329 566; x_wconf 69' lang='grc' dir='ltr'><strong>φησὶν,</strong></span> <span class='ocrx_word' id='word_1_435' title='bbox 2359 495 2441 548; x_wconf 81' lang='grc' dir='ltr'><strong>ὅτι</strong></span> <span class='ocrx_word' id='word_1_436' title='bbox 2473 494 2792 564; x_wconf 78' lang='grc' dir='ltr'><strong>ὑπομονὴν</strong></span> <span class='ocrx_word' id='word_1_437' title='bbox 2820 495 2972 561; x_wconf 76' lang='grc' dir='ltr'><strong>αὕτη</strong></span> <span class='ocrx_word' id='word_1_438' title='bbox 2996 494 3198 556; x_wconf 78' lang='grc' dir='ltr'><strong>τίκτει,</strong></span> <span class='ocrx_word' id='word_1_439' title='bbox 3236 491 3336 562; x_wconf 82' lang='grc' dir='ltr'><strong>τὴν</strong></span> <span class='ocrx_word' id='word_1_440' title='bbox 3373 487 3589 561; x_wconf 87' lang='grc' dir='ltr'><strong>μητέρα</strong></span> <span class='ocrx_word' id='word_1_441' title='bbox 3614 486 3726 541; x_wconf 92' lang='grc' dir='ltr'><strong>τῶν</strong></span> 
     </span>
    </p>
   </div>
   <div class='ocr_carea' id='block_1_63' title="bbox 2145 580 3724 658">
    <p class='ocr_par' dir='ltr' id='par_1_63' title="bbox 2145 580 3724 658">
     <span class='ocr_line' id='line_1_63' title="bbox 2145 580 3724 658; baseline -0.004 -18"><span class='ocrx_word' id='word_1_442' title='bbox 2145 585 2386 653; x_wconf 85' lang='grc' dir='ltr'><strong>ἀγαθῶν,</strong></span> <span class='ocrx_word' id='word_1_443' title='bbox 2413 586 2506 640; x_wconf 81' lang='grc' dir='ltr'><strong>τὸν</strong></span> <span class='ocrx_word' id='word_1_444' title='bbox 2528 587 2836 658; x_wconf 85' lang='grc' dir='ltr'><strong>ἀκύμαντον</strong></span> <span class='ocrx_word' id='word_1_445' title='bbox 2861 586 3078 656; x_wconf 85' lang='grc' dir='ltr'><strong>λιμένα,</strong></span> <span class='ocrx_word' id='word_1_446' title='bbox 3107 585 3208 655; x_wconf 80' lang='grc' dir='ltr'><strong>τὴν</strong></span> <span class='ocrx_word' id='word_1_447' title='bbox 3234 586 3291 638; x_wconf 88' lang='grc' dir='ltr'><strong>ἐν</strong></span> <span class='ocrx_word' id='word_1_448' title='bbox 3315 583 3526 654; x_wconf 86' lang='grc' dir='ltr'><strong>γαλήνῃ</strong></span> <span class='ocrx_word' id='word_1_449' title='bbox 3559 580 3724 653; x_wconf 77' lang='grc' dir='ltr'><strong>ζωὴν,</strong></span> 
     </span>
    </p>
   </div>
   <div class='ocr_carea' id='block_1_64' title="bbox 2143 675 3727 748">
    <p class='ocr_par' dir='ltr' id='par_1_64' title="bbox 2143 675 3727 748">
     <span class='ocr_line' id='line_1_64' title="bbox 2143 675 3727 748; baseline -0.003 -18"><span class='ocrx_word' id='word_1_450' title='bbox 2143 676 2244 746; x_wconf 84' lang='grc' dir='ltr'><strong>τὴν</strong></span> <span class='ocrx_word' id='word_1_451' title='bbox 2283 677 2492 748; x_wconf 87' lang='grc' dir='ltr'><strong>πέτρας</strong></span> <span class='ocrx_word' id='word_1_452' title='bbox 2538 677 2913 748; x_wconf 72' lang='grc' dir='ltr'><strong>ἰσχυροτέραν,</strong></span> <span class='ocrx_word' id='word_1_453' title='bbox 2963 675 3056 730; x_wconf 79' lang='grc' dir='ltr'><strong>καὶ</strong></span> <span class='ocrx_word' id='word_1_454' title='bbox 3095 676 3404 746; x_wconf 80' lang='grc' dir='ltr'><strong>ἀδάμαντος</strong></span> <span class='ocrx_word' id='word_1_455' title='bbox 3440 675 3727 745; x_wconf 67' lang='grc' dir='ltr'><strong>στεῤῥοτές</strong></span> 
     </span>
    </p>
   </div>
   <div class='ocr_carea' id='block_1_65' title="bbox 2151 765 3730 838">
    <p class='ocr_par' dir='ltr' id='par_1_65' title="bbox 2151 765 3730 838">
     <span class='ocr_line' id='line_1_65' title="bbox 2151 765 3730 838; baseline -0.004 -16"><span class='ocrx_word' id='word_1_456' title='bbox 2151 784 2271 838; x_wconf 89' lang='grc' dir='ltr'><strong>ραν,</strong></span> <span class='ocrx_word' id='word_1_457' title='bbox 2317 767 2418 837; x_wconf 81' lang='grc' dir='ltr'><strong>τὴν</strong></span> <span class='ocrx_word' id='word_1_458' title='bbox 2468 767 2634 821; x_wconf 80' lang='grc' dir='ltr'><strong>ὅπλου</strong></span> <span class='ocrx_word' id='word_1_459' title='bbox 2681 769 2881 831; x_wconf 87' lang='grc' dir='ltr'><strong>παντὸς</strong></span> <span class='ocrx_word' id='word_1_460' title='bbox 2927 767 3326 838; x_wconf 84' lang='grc' dir='ltr'><strong>δυνατωτέραν,</strong></span> <span class='ocrx_word' id='word_1_461' title='bbox 3383 766 3479 820; x_wconf 77' lang='grc' dir='ltr'><strong>καὶ</strong></span> <span class='ocrx_word' id='word_1_462' title='bbox 3533 765 3730 835; x_wconf 88' lang='grc' dir='ltr'><strong>τειχῶν</strong></span> 
     </span>
    </p>
   </div>
   <div class='ocr_carea' id='block_1_66' title="bbox 2149 858 3732 932">
    <p class='ocr_par' dir='ltr' id='par_1_66' title="bbox 2149 858 3732 932">
     <span class='ocr_line' id='line_1_66' title="bbox 2149 858 3732 932; baseline -0.003 -18"><span class='ocrx_word' id='word_1_463' title='bbox 2149 860 2580 932; x_wconf 86' lang='grc' dir='ltr'><strong>ἀσφαλεστέραν.</strong></span> <span class='ocrx_word' id='word_1_464' title='bbox 2609 859 2758 931; x_wconf 78' lang='grc' dir='ltr'><strong>Δῦτη</strong></span> <span class='ocrx_word' id='word_1_465' title='bbox 2785 859 2842 913; x_wconf 85' lang='grc' dir='ltr'><strong>δέ</strong></span> <span class='ocrx_word' id='word_1_466' title='bbox 2881 859 3296 932; x_wconf 83' lang='grc' dir='ltr'><strong>κατορθωθεῖσα</strong></span> <span class='ocrx_word' id='word_1_467' title='bbox 3337 858 3594 928; x_wconf 90' lang='grc' dir='ltr'><strong>δοκίμους</strong></span> <span class='ocrx_word' id='word_1_468' title='bbox 3638 859 3732 910; x_wconf 88' lang='lat' dir='ltr'><strong>ml</strong></span> 
     </span>
    </p>
   </div>
   <div class='ocr_carea' id='block_1_67' title="bbox 2149 948 3732 1021">
    <p class='ocr_par' dir='ltr' id='par_1_67' title="bbox 2149 948 3732 1021">
     <span class='ocr_line' id='line_1_67' title="bbox 2149 948 3732 1021; baseline -0.001 -19"><span class='ocrx_word' id='word_1_469' title='bbox 2149 951 2429 1019; x_wconf 88' lang='grc' dir='ltr'><strong>γενναίους</strong></span> <span class='ocrx_word' id='word_1_470' title='bbox 2490 953 2638 1003; x_wconf 85' lang='grc' dir='ltr'><strong>ποιεῖ</strong></span> <span class='ocrx_word' id='word_1_471' title='bbox 2692 951 2818 1014; x_wconf 79' lang='grc' dir='ltr'><strong>τοὺς</strong></span> <span class='ocrx_word' id='word_1_472' title='bbox 2871 951 3040 1021; x_wconf 80' lang='grc' dir='ltr'><strong>αὐτῆς</strong></span> <span class='ocrx_word' id='word_1_473' title='bbox 3085 950 3410 1020; x_wconf 83' lang='grc' dir='ltr'><strong>τροφίμους,</strong></span> <span class='ocrx_word' id='word_1_474' title='bbox 3459 950 3554 1002; x_wconf 76' lang='grc' dir='ltr'><strong>καὶ</strong></span> <span class='ocrx_word' id='word_1_475' title='bbox 3611 948 3732 1019; x_wconf 85' lang='grc' dir='ltr'><strong>μεθ’</strong></span> 
     </span>
    </p>
   </div>
   <div class='ocr_carea' id='block_1_68' title="bbox 2153 1040 3736 1114">
    <p class='ocr_par' dir='ltr' id='par_1_68' title="bbox 2153 1040 3736 1114">
     <span class='ocr_line' id='line_1_68' title="bbox 2153 1040 3736 1114; baseline -0.002 -19"><span class='ocrx_word' id='word_1_476' title='bbox 2153 1041 2461 1112; x_wconf 82' lang='grc' dir='ltr'><strong>ὑπερϐολῆς</strong></span> <span class='ocrx_word' id='word_1_477' title='bbox 2485 1041 2835 1114; x_wconf 87' lang='grc' dir='ltr'><strong>ἁχειρώτους.</strong></span> <span class='ocrx_word' id='word_1_478' title='bbox 2872 1041 3061 1095; x_wconf 76' lang='grc' dir='ltr'><strong>Οὑδενί</strong></span> <span class='ocrx_word' id='word_1_479' title='bbox 3083 1042 3192 1112; x_wconf 85' lang='grc' dir='ltr'><strong>γὰρ</strong></span> <span class='ocrx_word' id='word_1_480' title='bbox 3217 1041 3410 1112; x_wconf 86' lang='grc' dir='ltr'><strong>ἀφίησι</strong></span> <span class='ocrx_word' id='word_1_481' title='bbox 3434 1040 3544 1093; x_wconf 89' lang='grc' dir='ltr'><strong>τῶν</strong></span> <span class='ocrx_word' id='word_1_482' title='bbox 3570 1056 3736 1110; x_wconf 85' lang='grc' dir='ltr'><strong>προσ-</strong></span> 
     </span>
    </p>
   </div>
   <div class='ocr_carea' id='block_1_69' title="bbox 2153 1133 3734 1206">
    <p class='ocr_par' dir='ltr' id='par_1_69' title="bbox 2153 1133 3734 1206">
     <span class='ocr_line' id='line_1_69' title="bbox 2153 1133 3734 1206; baseline -0.001 -19"><span class='ocrx_word' id='word_1_483' title='bbox 2153 1133 2462 1187; x_wconf 85' lang='grc' dir='ltr'><strong>πιπτόντων</strong></span> <span class='ocrx_word' id='word_1_484' title='bbox 2507 1135 2693 1198; x_wconf 85' lang='grc' dir='ltr'><strong>αὐτοῖς</strong></span> <span class='ocrx_word' id='word_1_485' title='bbox 2730 1133 3075 1206; x_wconf 89' lang='grc' dir='ltr'><strong>θορυϐεῖσθαι</strong></span> <span class='ocrx_word' id='word_1_486' title='bbox 3113 1133 3395 1204; x_wconf 90' lang='grc' dir='ltr'><strong>λυπηρῶν,</strong></span> <span class='ocrx_word' id='word_1_487' title='bbox 3431 1133 3557 1192; x_wconf 82' lang='grc' dir='ltr'><strong>ούδέ</strong></span> <span class='ocrx_word' id='word_1_488' title='bbox 3598 1133 3734 1186; x_wconf 81' lang='grc' dir='ltr'><strong>ὑπο-</strong></span> 
     </span>
    </p>
   </div>
   <div class='ocr_carea' id='block_1_70' title="bbox 2156 1225 3738 1298">
    <p class='ocr_par' dir='ltr' id='par_1_70' title="bbox 2156 1225 3738 1298">
     <span class='ocr_line' id='line_1_70' title="bbox 2156 1225 3738 1298; baseline 0 -20"><span class='ocrx_word' id='word_1_489' title='bbox 2156 1225 2518 1289; x_wconf 71' lang='grc' dir='ltr'><strong>σκελίζεσθαι·</strong></span> <span class='ocrx_word' id='word_1_490' title='bbox 2557 1225 2672 1279; x_wconf 83' lang='grc' dir='ltr'><strong>ἀλλ’</strong></span> <span class='ocrx_word' id='word_1_491' title='bbox 2714 1225 2904 1297; x_wconf 81' lang='grc' dir='ltr'><strong>ὥσπερ</strong></span> <span class='ocrx_word' id='word_1_492' title='bbox 2951 1229 2983 1297; x_wconf 85' lang='grc' dir='ltr'><strong>ή</strong></span> <span class='ocrx_word' id='word_1_493' title='bbox 3031 1227 3204 1297; x_wconf 88' lang='grc' dir='ltr'><strong>πέτρα</strong></span> <span class='ocrx_word' id='word_1_494' title='bbox 3249 1227 3466 1298; x_wconf 83' lang='grc' dir='ltr'><strong>ὅσῳπερ</strong></span> <span class='ocrx_word' id='word_1_495' title='bbox 3519 1225 3587 1278; x_wconf 83' lang='grc' dir='ltr'><strong>ἂν</strong></span> <span class='ocrx_word' id='word_1_496' title='bbox 3630 1225 3738 1278; x_wconf 84' lang='grc' dir='ltr'><strong>ύπό</strong></span> 
     </span>
    </p>
   </div>
   <div class='ocr_carea' id='block_1_71' title="bbox 2155 1316 3736 1389">
    <p class='ocr_par' dir='ltr' id='par_1_71' title="bbox 2155 1316 3736 1389">
     <span class='ocr_line' id='line_1_71' title="bbox 2155 1316 3736 1389; baseline -0.001 -19"><span class='ocrx_word' id='word_1_497' title='bbox 2155 1316 2416 1370; x_wconf 88' lang='grc' dir='ltr'><strong>πλειόνων</strong></span> <span class='ocrx_word' id='word_1_498' title='bbox 2449 1317 2678 1387; x_wconf 90' lang='grc' dir='ltr'><strong>παίηται</strong></span> <span class='ocrx_word' id='word_1_499' title='bbox 2712 1319 2991 1388; x_wconf 87' lang='grc' dir='ltr'><strong>κυμάτων,</strong></span> <span class='ocrx_word' id='word_1_500' title='bbox 3023 1319 3158 1389; x_wconf 82' lang='grc' dir='ltr'><strong>αῦτη</strong></span> <span class='ocrx_word' id='word_1_501' title='bbox 3208 1317 3306 1388; x_wconf 81' lang='grc' dir='ltr'><strong>μὲν</strong></span> <span class='ocrx_word' id='word_1_502' title='bbox 3346 1317 3736 1388; x_wconf 80' lang='grc' dir='ltr'><strong>ἐκκαθαίρεται</strong></span> 
     </span>
    </p>
   </div>
   <div class='ocr_carea' id='block_1_72' title="bbox 2160 1409 3739 1481">
    <p class='ocr_par' dir='ltr' id='par_1_72' title="bbox 2160 1409 3739 1481">
     <span class='ocr_line' id='line_1_72' title="bbox 2160 1409 3739 1481; baseline 0.001 -20"><span class='ocrx_word' id='word_1_503' title='bbox 2160 1409 2442 1480; x_wconf 82' lang='grc' dir='ltr'><strong>μειζόνως,</strong></span> <span class='ocrx_word' id='word_1_504' title='bbox 2474 1410 2594 1463; x_wconf 82' lang='grc' dir='ltr'><strong>οὐδὲ</strong></span> <span class='ocrx_word' id='word_1_505' title='bbox 2619 1411 2812 1480; x_wconf 78' lang='grc' dir='ltr'><strong>μικρὸν</strong></span> <span class='ocrx_word' id='word_1_506' title='bbox 2839 1411 3152 1480; x_wconf 88' lang='grc' dir='ltr'><strong>κινουμένη,</strong></span> <span class='ocrx_word' id='word_1_507' title='bbox 3174 1409 3280 1463; x_wconf 88' lang='grc' dir='ltr'><strong>τῶν</strong></span> <span class='ocrx_word' id='word_1_508' title='bbox 3309 1410 3365 1463; x_wconf 81' lang='grc' dir='ltr'><strong>δὲ</strong></span> <span class='ocrx_word' id='word_1_509' title='bbox 3399 1426 3739 1481; x_wconf 73' lang='grc' dir='ltr'><strong>προσρηγνυ-</strong></span> 
     </span>
    </p>
   </div>
   <div class='ocr_carea' id='block_1_73' title="bbox 2161 1501 3737 1572">
    <p class='ocr_par' dir='ltr' id='par_1_73' title="bbox 2161 1501 3737 1572">
     <span class='ocr_line' id='line_1_73' title="bbox 2161 1501 3737 1572; baseline 0 -20"><span class='ocrx_word' id='word_1_510' title='bbox 2161 1501 2336 1571; x_wconf 86' lang='grc' dir='ltr'><strong>μένων</strong></span> <span class='ocrx_word' id='word_1_511' title='bbox 2365 1502 2502 1571; x_wconf 77' lang='grc' dir='ltr'><strong>αὐτῇ</strong></span> <span class='ocrx_word' id='word_1_512' title='bbox 2533 1501 2624 1554; x_wconf 82' lang='grc' dir='ltr'><strong>τὸν</strong></span> <span class='ocrx_word' id='word_1_513' title='bbox 2656 1501 2818 1569; x_wconf 70' lang='grc' dir='ltr'><strong>ὄγκον</strong></span> <span class='ocrx_word' id='word_1_514' title='bbox 2846 1502 3052 1556; x_wconf 85' lang='grc' dir='ltr'><strong>ὑδάτων</strong></span> <span class='ocrx_word' id='word_1_515' title='bbox 3085 1501 3385 1572; x_wconf 84' lang='grc' dir='ltr'><strong>διαφθείρει</strong></span> <span class='ocrx_word' id='word_1_516' title='bbox 3427 1502 3643 1572; x_wconf 72' lang='grc' dir='ltr'><strong>ῥᾳδίως,</strong></span> <span class='ocrx_word' id='word_1_517' title='bbox 3674 1501 3737 1553; x_wconf 86' lang='grc' dir='ltr'><strong>ού</strong></span> 
     </span>
    </p>
   </div>
   <div class='ocr_carea' id='block_1_74' title="bbox 2156 1591 3738 1662">
    <p class='ocr_par' dir='ltr' id='par_1_74' title="bbox 2156 1591 3738 1662">
     <span class='ocr_line' id='line_1_74' title="bbox 2156 1591 3738 1662; baseline 0.001 -19"><span class='ocrx_word' id='word_1_518' title='bbox 2156 1591 2236 1662; x_wconf 85' lang='grc' dir='ltr'><strong>τῷ</strong></span> <span class='ocrx_word' id='word_1_519' title='bbox 2264 1591 2469 1656; x_wconf 89' lang='grc' dir='ltr'><strong>παίειν,</strong></span> <span class='ocrx_word' id='word_1_520' title='bbox 2509 1591 2646 1646; x_wconf 86' lang='grc' dir='ltr'><strong>ἀλλά</strong></span> <span class='ocrx_word' id='word_1_521' title='bbox 2687 1593 2766 1662; x_wconf 84' lang='grc' dir='ltr'><strong>τῷ</strong></span> <span class='ocrx_word' id='word_1_522' title='bbox 2795 1593 3051 1646; x_wconf 89' lang='grc' dir='ltr'><strong>παίεσθαι</strong></span> <span class='ocrx_word' id='word_1_523' title='bbox 3099 1593 3458 1662; x_wconf 81' lang='grc' dir='ltr'><strong>ἀφανίζουσα·</strong></span> <span class='ocrx_word' id='word_1_524' title='bbox 3491 1593 3630 1646; x_wconf 75' lang='grc' dir='ltr'><strong>οὕτω</strong></span> <span class='ocrx_word' id='word_1_525' title='bbox 3670 1593 3738 1662; x_wconf 80' lang='grc' dir='ltr'><strong>δὴ</strong></span> 
     </span>
    </p>
   </div>
   <div class='ocr_carea' id='block_1_75' title="bbox 2158 1683 3734 1756">
    <p class='ocr_par' dir='ltr' id='par_1_75' title="bbox 2158 1683 3734 1756">
     <span class='ocr_line' id='line_1_75' title="bbox 2158 1683 3734 1756; baseline 0.001 -19"><span class='ocrx_word' id='word_1_526' title='bbox 2158 1685 2252 1737; x_wconf 78' lang='grc' dir='ltr'><strong>καὶ</strong></span> <span class='ocrx_word' id='word_1_527' title='bbox 2281 1684 2310 1735; x_wconf 88' lang='grc' dir='ltr'><strong>ὀ</strong></span> <span class='ocrx_word' id='word_1_528' title='bbox 2335 1683 2555 1753; x_wconf 88' lang='grc' dir='ltr'><strong>δόκιμος</strong></span> <span class='ocrx_word' id='word_1_529' title='bbox 2581 1685 2640 1749; x_wconf 81' lang='grc' dir='ltr'><strong>ἐξ</strong></span> <span class='ocrx_word' id='word_1_530' title='bbox 2671 1685 2948 1755; x_wconf 80' lang='grc' dir='ltr'><strong>ὑπομονῆς</strong></span> <span class='ocrx_word' id='word_1_531' title='bbox 2977 1685 3286 1756; x_wconf 90' lang='grc' dir='ltr'><strong>γενόμενος,</strong></span> <span class='ocrx_word' id='word_1_532' title='bbox 3326 1686 3503 1756; x_wconf 89' lang='grc' dir='ltr'><strong>πάσης</strong></span> <span class='ocrx_word' id='word_1_533' title='bbox 3529 1685 3734 1739; x_wconf 81' lang='grc' dir='ltr'><strong>ἀνώτε-</strong></span> 
     </span>
    </p>
   </div>
   <div class='ocr_carea' id='block_1_76' title="bbox 2164 1777 3740 1849">
    <p class='ocr_par' dir='ltr' id='par_1_76' title="bbox 2164 1777 3740 1849">
     <span class='ocr_line' id='line_1_76' title="bbox 2164 1777 3740 1849; baseline 0.003 -21"><span class='ocrx_word' id='word_1_534' title='bbox 2164 1793 2252 1846; x_wconf 93' lang='grc' dir='ltr'><strong>ρος</strong></span> <span class='ocrx_word' id='word_1_535' title='bbox 2282 1777 2514 1846; x_wconf 78' lang='grc' dir='ltr'><strong>ἔστηκεν</strong></span> <span class='ocrx_word' id='word_1_536' title='bbox 2550 1777 2861 1847; x_wconf 81' lang='grc' dir='ltr'><strong>ἐπιϐουλῆς.</strong></span> <span class='ocrx_word' id='word_1_537' title='bbox 2909 1778 3017 1830; x_wconf 80' lang='lat' dir='ltr'><strong>Kal</strong></span> <span class='ocrx_word' id='word_1_538' title='bbox 3067 1779 3124 1831; x_wconf 83' lang='grc' dir='ltr'><strong>τὸ</strong></span> <span class='ocrx_word' id='word_1_539' title='bbox 3167 1779 3231 1849; x_wconf 84' lang='grc' dir='ltr'><strong>δὴ</strong></span> <span class='ocrx_word' id='word_1_540' title='bbox 3280 1778 3611 1848; x_wconf 81' lang='grc' dir='ltr'><strong>θαυμαστὸν,</strong></span> <span class='ocrx_word' id='word_1_541' title='bbox 3657 1780 3740 1832; x_wconf 78' lang='grc' dir='ltr'><strong>ὅτι</strong></span> 
     </span>
    </p>
   </div>
   <div class='ocr_carea' id='block_1_77' title="bbox 2166 1869 3743 1942">
    <p class='ocr_par' dir='ltr' id='par_1_77' title="bbox 2166 1869 3743 1942">
     <span class='ocr_line' id='line_1_77' title="bbox 2166 1869 3743 1942; baseline 0.003 -20"><span class='ocrx_word' id='word_1_542' title='bbox 2166 1869 2506 1941; x_wconf 79' lang='grc' dir='ltr'><strong>ἰσχυρότερος</strong></span> <span class='ocrx_word' id='word_1_543' title='bbox 2542 1869 2770 1936; x_wconf 88' lang='grc' dir='ltr'><strong>γίνεται,</strong></span> <span class='ocrx_word' id='word_1_544' title='bbox 2820 1870 2882 1922; x_wconf 83' lang='grc' dir='ltr'><strong>οὐ</strong></span> <span class='ocrx_word' id='word_1_545' title='bbox 2919 1871 2998 1941; x_wconf 82' lang='grc' dir='ltr'><strong>τῷ</strong></span> <span class='ocrx_word' id='word_1_546' title='bbox 3035 1874 3208 1924; x_wconf 87' lang='grc' dir='ltr'><strong>ποιεῖν</strong></span> <span class='ocrx_word' id='word_1_547' title='bbox 3245 1871 3448 1935; x_wconf 87' lang='grc' dir='ltr'><strong>κακῶς,</strong></span> <span class='ocrx_word' id='word_1_548' title='bbox 3492 1872 3629 1926; x_wconf 83' lang='grc' dir='ltr'><strong>ἀλλὰ</strong></span> <span class='ocrx_word' id='word_1_549' title='bbox 3664 1872 3743 1942; x_wconf 84' lang='grc' dir='ltr'><strong>τῷ</strong></span> 
     </span>
    </p>
   </div>
   <div class='ocr_carea' id='block_1_78' title="bbox 2164 1961 3745 2034">
    <p class='ocr_par' dir='ltr' id='par_1_78' title="bbox 2164 1961 3745 2034">
     <span class='ocr_line' id='line_1_78' title="bbox 2164 1961 3745 2034; baseline 0.003 -20"><span class='ocrx_word' id='word_1_550' title='bbox 2164 1962 2394 2032; x_wconf 80' lang='grc' dir='ltr'><strong>πάσχειν</strong></span> <span class='ocrx_word' id='word_1_551' title='bbox 2414 1961 2600 2024; x_wconf 87' lang='grc' dir='ltr'><strong>κακῶς</strong></span> <span class='ocrx_word' id='word_1_552' title='bbox 2614 1962 2741 2024; x_wconf 81' lang='grc' dir='ltr'><strong>τοὺς</strong></span> <span class='ocrx_word' id='word_1_553' title='bbox 2757 1963 3042 2026; x_wconf 89' lang='grc' dir='ltr'><strong>ποιοῦντας</strong></span> <span class='ocrx_word' id='word_1_554' title='bbox 3066 1963 3297 2017; x_wconf 88' lang='grc' dir='ltr'><strong>διαλύων</strong></span> <span class='ocrx_word' id='word_1_555' title='bbox 3322 1964 3535 2034; x_wconf 80' lang='grc' dir='ltr'><strong>ῥᾳδίως.</strong></span> <span class='ocrx_word' id='word_1_556' title='bbox 3557 1965 3745 2018; x_wconf 81' lang='grc' dir='ltr'><strong>Ταῦτα</strong></span> 
     </span>
    </p>
   </div>
   <div class='ocr_carea' id='block_1_79' title="bbox 2163 2055 3740 2127">
    <p class='ocr_par' dir='ltr' id='par_1_79' title="bbox 2163 2055 3740 2127">
     <span class='ocr_line' id='line_1_79' title="bbox 2163 2055 3740 2127; baseline 0.001 -18"><span class='ocrx_word' id='word_1_557' title='bbox 2163 2056 2262 2125; x_wconf 82' lang='grc' dir='ltr'><strong>οὑχ</strong></span> <span class='ocrx_word' id='word_1_558' title='bbox 2299 2056 2375 2119; x_wconf 80' lang='grc' dir='ltr'><strong>ὡς</strong></span> <span class='ocrx_word' id='word_1_559' title='bbox 2418 2055 2688 2126; x_wconf 86' lang='grc' dir='ltr'><strong>δεομένοις</strong></span> <span class='ocrx_word' id='word_1_560' title='bbox 2726 2056 2852 2127; x_wconf 85' lang='grc' dir='ltr'><strong>παρ’</strong></span> <span class='ocrx_word' id='word_1_561' title='bbox 2881 2056 3039 2126; x_wconf 84' lang='grc' dir='ltr'><strong>ήμῶν</strong></span> <span class='ocrx_word' id='word_1_562' title='bbox 3083 2057 3371 2127; x_wconf 81' lang='grc' dir='ltr'><strong>μανθάνειν</strong></span> <span class='ocrx_word' id='word_1_563' title='bbox 3409 2057 3740 2112; x_wconf 74' lang='grc' dir='ltr'><strong>ἐπέσταλκα·</strong></span> 
     </span>
    </p>
   </div>
   <div class='ocr_carea' id='block_1_80' title="bbox 2163 2141 3748 2222">
    <p class='ocr_par' dir='ltr' id='par_1_80' title="bbox 2163 2141 3748 2222">
     <span class='ocr_line' id='line_1_80' title="bbox 2163 2141 3748 2222; baseline 0.003 -23"><span class='ocrx_word' id='word_1_564' title='bbox 2163 2141 2282 2200; x_wconf 75' lang='grc' dir='ltr'><strong>οἶδα</strong></span> <span class='ocrx_word' id='word_1_565' title='bbox 2325 2147 2435 2218; x_wconf 83' lang='grc' dir='ltr'><strong>γὰρ</strong></span> <span class='ocrx_word' id='word_1_566' title='bbox 2479 2147 2630 2216; x_wconf 84' lang='grc' dir='ltr'><strong>ὑμῶν</strong></span> <span class='ocrx_word' id='word_1_567' title='bbox 2665 2147 2762 2219; x_wconf 84' lang='grc' dir='ltr'><strong>τὴν</strong></span> <span class='ocrx_word' id='word_1_568' title='bbox 2797 2147 3029 2211; x_wconf 85' lang='grc' dir='ltr'><strong>σύνεσιν.</strong></span> <span class='ocrx_word' id='word_1_569' title='bbox 3069 2150 3134 2220; x_wconf 83' lang='grc' dir='ltr'><strong>ῆν</strong></span> <span class='ocrx_word' id='word_1_570' title='bbox 3175 2151 3263 2204; x_wconf 82' lang='grc' dir='ltr'><strong>καὶ</strong></span> <span class='ocrx_word' id='word_1_571' title='bbox 3304 2149 3389 2203; x_wconf 82' lang='grc' dir='ltr'><strong>διὰ</strong></span> <span class='ocrx_word' id='word_1_572' title='bbox 3429 2152 3538 2203; x_wconf 88' lang='grc' dir='ltr'><strong>τῶν</strong></span> <span class='ocrx_word' id='word_1_573' title='bbox 3565 2151 3748 2222; x_wconf 88' lang='grc' dir='ltr'><strong>ἔργων</strong></span> 
     </span>
    </p>
   </div>
   <div class='ocr_carea' id='block_1_81' title="bbox 2164 2239 3750 2316">
    <p class='ocr_par' dir='ltr' id='par_1_81' title="bbox 2164 2239 3750 2316">
     <span class='ocr_line' id='line_1_81' title="bbox 2164 2239 3750 2316; baseline 0.003 -22"><span class='ocrx_word' id='word_1_574' title='bbox 2164 2239 2343 2294; x_wconf 80' lang='grc' dir='ltr'><strong>αὐτῶν</strong></span> <span class='ocrx_word' id='word_1_575' title='bbox 2364 2239 2726 2304; x_wconf 83' lang='grc' dir='ltr'><strong>ἐπεδείξασθε·</strong></span> <span class='ocrx_word' id='word_1_576' title='bbox 2758 2241 2794 2296; x_wconf 79' lang='grc' dir='ltr'><strong>ἀ</strong></span> <span class='ocrx_word' id='word_1_577' title='bbox 2816 2242 2924 2314; x_wconf 84' lang='grc' dir='ltr'><strong>γὰρ</strong></span> <span class='ocrx_word' id='word_1_578' title='bbox 2952 2243 3038 2296; x_wconf 83' lang='grc' dir='ltr'><strong>διὰ</strong></span> <span class='ocrx_word' id='word_1_579' title='bbox 3069 2245 3326 2315; x_wconf 78' lang='grc' dir='ltr'><strong>ῥημάτων</strong></span> <span class='ocrx_word' id='word_1_580' title='bbox 3355 2243 3750 2316; x_wconf 78' lang='grc' dir='ltr'><strong>ἐφιλοσοφήσα·</strong></span> 
     </span>
    </p>
   </div>
   <div class='ocr_carea' id='block_1_82' title="bbox 2167 2329 3747 2409">
    <p class='ocr_par' dir='ltr' id='par_1_82' title="bbox 2167 2329 3747 2409">
     <span class='ocr_line' id='line_1_82' title="bbox 2167 2329 3747 2409; baseline 0.006 -26"><span class='ocrx_word' id='word_1_581' title='bbox 2167 2348 2267 2400; x_wconf 91' lang='grc' dir='ltr'><strong>μεν</strong></span> <span class='ocrx_word' id='word_1_582' title='bbox 2295 2329 2391 2385; x_wconf 89' lang='grc' dir='ltr'><strong>νῦν</strong></span> <span class='ocrx_word' id='word_1_583' title='bbox 2419 2333 2598 2402; x_wconf 80' lang='grc' dir='ltr'><strong>ἡμεῖς,</strong></span> <span class='ocrx_word' id='word_1_584' title='bbox 2633 2333 2803 2387; x_wconf 90' lang='grc' dir='ltr'><strong>ταῦτα</strong></span> <span class='ocrx_word' id='word_1_585' title='bbox 2830 2337 2986 2406; x_wconf 82' lang='grc' dir='ltr'><strong>ὑμεῖς</strong></span> <span class='ocrx_word' id='word_1_586' title='bbox 3017 2337 3082 2389; x_wconf 86' lang='grc' dir='ltr'><strong>δι’</strong></span> <span class='ocrx_word' id='word_1_587' title='bbox 3103 2333 3178 2390; x_wconf 86' lang='grc' dir='ltr'><strong>ὧν</strong></span> <span class='ocrx_word' id='word_1_588' title='bbox 3208 2337 3436 2391; x_wconf 87' lang='grc' dir='ltr'><strong>ἐπάθετε</strong></span> <span class='ocrx_word' id='word_1_589' title='bbox 3471 2339 3747 2409; x_wconf 76' lang='grc' dir='ltr'><strong>ἀνεκηρύο</strong></span> 
     </span>
    </p>
   </div>
   <div class='ocr_carea' id='block_1_83' title="bbox 2165 2421 3749 2502">
    <p class='ocr_par' dir='ltr' id='par_1_83' title="bbox 2165 2421 3749 2502">
     <span class='ocr_line' id='line_1_83' title="bbox 2165 2421 3749 2502; baseline 0.005 -28"><span class='ocrx_word' id='word_1_590' title='bbox 2165 2421 2313 2487; x_wconf 80' lang='grc' dir='ltr'><strong>ξατε.</strong></span> <span class='ocrx_word' id='word_1_591' title='bbox 2357 2422 2432 2475; x_wconf 83' lang='grc' dir='ltr'><strong>Οὐ</strong></span> <span class='ocrx_word' id='word_1_592' title='bbox 2465 2424 2644 2478; x_wconf 90' lang='grc' dir='ltr'><strong>τοίνυν</strong></span> <span class='ocrx_word' id='word_1_593' title='bbox 2672 2425 2748 2488; x_wconf 82' lang='grc' dir='ltr'><strong>ὡς</strong></span> <span class='ocrx_word' id='word_1_594' title='bbox 2784 2425 3057 2497; x_wconf 85' lang='grc' dir='ltr'><strong>δεομένοις</strong></span> <span class='ocrx_word' id='word_1_595' title='bbox 3095 2429 3384 2497; x_wconf 84' lang='grc' dir='ltr'><strong>μανθάνειν</strong></span> <span class='ocrx_word' id='word_1_596' title='bbox 3425 2431 3555 2501; x_wconf 76' lang='grc' dir='ltr'><strong>παρ’</strong></span> <span class='ocrx_word' id='word_1_597' title='bbox 3590 2431 3749 2502; x_wconf 82' lang='grc' dir='ltr'><strong>ήμῶν</strong></span> 
     </span>
    </p>
   </div>
   <div class='ocr_carea' id='block_1_84' title="bbox 2164 2513 3748 2596">
    <p class='ocr_par' dir='ltr' id='par_1_84' title="bbox 2164 2513 3748 2596">
     <span class='ocr_line' id='line_1_84' title="bbox 2164 2513 3748 2596; baseline 0.007 -30"><span class='ocrx_word' id='word_1_598' title='bbox 2164 2513 2337 2568; x_wconf 87' lang='grc' dir='ltr'><strong>ταῦτα</strong></span> <span class='ocrx_word' id='word_1_599' title='bbox 2400 2515 2729 2581; x_wconf 82' lang='grc' dir='ltr'><strong>ἐπέσταλκα,</strong></span> <span class='ocrx_word' id='word_1_600' title='bbox 2786 2519 2902 2572; x_wconf 80' lang='grc' dir='ltr'><strong>ἀλλ’</strong></span> <span class='ocrx_word' id='word_1_601' title='bbox 2940 2521 3126 2592; x_wconf 85' lang='grc' dir='ltr'><strong>ἐπειδὴ</strong></span> <span class='ocrx_word' id='word_1_602' title='bbox 3179 2522 3390 2594; x_wconf 78' lang='grc' dir='ltr'><strong>μακρὸν</strong></span> <span class='ocrx_word' id='word_1_603' title='bbox 3451 2525 3748 2596; x_wconf 80' lang='grc' dir='ltr'><strong>ἐσιγήσατε</strong></span> 
     </span>
    </p>
   </div>
   <div class='ocr_carea' id='block_1_85' title="bbox 2165 2607 3747 2686">
    <p class='ocr_par' dir='ltr' id='par_1_85' title="bbox 2165 2607 3747 2686">
     <span class='ocr_line' id='line_1_85' title="bbox 2165 2607 3747 2686; baseline 0.004 -28"><span class='ocrx_word' id='word_1_604' title='bbox 2165 2607 2376 2676; x_wconf 85' lang='grc' dir='ltr'><strong>χρόνον,</strong></span> <span class='ocrx_word' id='word_1_605' title='bbox 2409 2607 2610 2678; x_wconf 82' lang='grc' dir='ltr'><strong>μᾶλλον</strong></span> <span class='ocrx_word' id='word_1_606' title='bbox 2652 2609 2710 2663; x_wconf 84' lang='grc' dir='ltr'><strong>δὲ</strong></span> <span class='ocrx_word' id='word_1_607' title='bbox 2747 2614 2898 2682; x_wconf 78' lang='grc' dir='ltr'><strong>κοινῇ</strong></span> <span class='ocrx_word' id='word_1_608' title='bbox 2935 2618 3152 2683; x_wconf 78' lang='grc' dir='ltr'><strong>μακράν</strong></span> <span class='ocrx_word' id='word_1_609' title='bbox 3190 2615 3526 2684; x_wconf 83' lang='grc' dir='ltr'><strong>ἐσιγήσαμεν</strong></span> <span class='ocrx_word' id='word_1_610' title='bbox 3564 2614 3747 2686; x_wconf 78' lang='grc' dir='ltr'><strong>σιγὴν,</strong></span> 
     </span>
    </p>
   </div>
   <div class='ocr_carea' id='block_1_86' title="bbox 2166 2697 3751 2778">
    <p class='ocr_par' dir='ltr' id='par_1_86' title="bbox 2166 2697 3751 2778">
     <span class='ocr_line' id='line_1_86' title="bbox 2166 2697 3751 2778; baseline 0.009 -29"><span class='ocrx_word' id='word_1_611' title='bbox 2166 2697 2465 2769; x_wconf 75' lang='grc' dir='ltr'><strong>ἐϐουλήθην</strong></span> <span class='ocrx_word' id='word_1_612' title='bbox 2522 2700 2618 2752; x_wconf 78' lang='grc' dir='ltr'><strong>καὶ</strong></span> <span class='ocrx_word' id='word_1_613' title='bbox 2681 2700 2779 2772; x_wconf 84' lang='grc' dir='ltr'><strong>τὴν</strong></span> <span class='ocrx_word' id='word_1_614' title='bbox 2831 2704 3120 2774; x_wconf 83' lang='grc' dir='ltr'><strong>ἐπιστολὴν</strong></span> <span class='ocrx_word' id='word_1_615' title='bbox 3191 2706 3444 2775; x_wconf 90' lang='grc' dir='ltr'><strong>γενέσθαι</strong></span> <span class='ocrx_word' id='word_1_616' title='bbox 3505 2709 3751 2778; x_wconf 84' lang='grc' dir='ltr'><strong>μακράν.</strong></span> 
     </span>
    </p>
   </div>
   <div class='ocr_carea' id='block_1_87' title="bbox 2180 2787 3748 2866">
    <p class='ocr_par' dir='ltr' id='par_1_87' title="bbox 2180 2787 3748 2866">
     <span class='ocr_line' id='line_1_87' title="bbox 2180 2787 3748 2866; baseline 0.011 -27"><span class='ocrx_word' id='word_1_617' title='bbox 2180 2787 2542 2860; x_wconf 81' lang='grc' dir='ltr'><strong>’Λθληταῖςδὲ</strong></span> <span class='ocrx_word' id='word_1_618' title='bbox 2573 2793 2850 2864; x_wconf 77' lang='grc' dir='ltr'><strong>ὑπομονῆς</strong></span> <span class='ocrx_word' id='word_1_619' title='bbox 2873 2793 3016 2849; x_wconf 73' lang='grc' dir='ltr'><strong>οὕτω</strong></span> <span class='ocrx_word' id='word_1_620' title='bbox 3043 2798 3310 2865; x_wconf 87' lang='grc' dir='ltr'><strong>γενναίοις</strong></span> <span class='ocrx_word' id='word_1_621' title='bbox 3341 2801 3748 2866; x_wconf 81' lang='grc' dir='ltr'><strong>ἐπιστέλλοντα,</strong></span> 
     </span>
    </p>
   </div>
   <div class='ocr_carea' id='block_1_88' title="bbox 2167 2885 3751 2965">
    <p class='ocr_par' dir='ltr' id='par_1_88' title="bbox 2167 2885 3751 2965">
     <span class='ocr_line' id='line_1_88' title="bbox 2167 2885 3751 2965; baseline 0.008 -31"><span class='ocrx_word' id='word_1_622' title='bbox 2167 2885 2295 2954; x_wconf 75' lang='grc' dir='ltr'><strong>περὶ</strong></span> <span class='ocrx_word' id='word_1_623' title='bbox 2321 2885 2462 2948; x_wconf 89' lang='grc' dir='ltr'><strong>τίνος</strong></span> <span class='ocrx_word' id='word_1_624' title='bbox 2489 2886 2676 2956; x_wconf 87' lang='grc' dir='ltr'><strong>ἐτέρου</strong></span> <span class='ocrx_word' id='word_1_625' title='bbox 2703 2886 3042 2956; x_wconf 82' lang='grc' dir='ltr'><strong>διαλέγεσθαι</strong></span> <span class='ocrx_word' id='word_1_626' title='bbox 3073 2892 3260 2962; x_wconf 80' lang='grc' dir='ltr'><strong>ἐχρῆν,</strong></span> <span class='ocrx_word' id='word_1_627' title='bbox 3291 2893 3324 2964; x_wconf 80' lang='grc' dir='ltr'>ἢ</span> <span class='ocrx_word' id='word_1_628' title='bbox 3368 2895 3495 2965; x_wconf 76' lang='grc' dir='ltr'><strong>περὶ</strong></span> <span class='ocrx_word' id='word_1_629' title='bbox 3520 2895 3751 2958; x_wconf 86' lang='grc' dir='ltr'><strong>τούτων,</strong></span> 
     </span>
    </p>
   </div>
   <div class='ocr_carea' id='block_1_89' title="bbox 2167 2970 3751 3060">
    <p class='ocr_par' dir='ltr' id='par_1_89' title="bbox 2167 2970 3751 3060">
     <span class='ocr_line' id='line_1_89' title="bbox 2167 2970 3751 3060; baseline 0.009 -32"><span class='ocrx_word' id='word_1_630' title='bbox 2167 2976 2232 3028; x_wconf 79' lang='grc' dir='ltr'><strong>δι’</strong></span> <span class='ocrx_word' id='word_1_631' title='bbox 2270 2970 2344 3029; x_wconf 87' lang='grc' dir='ltr'><strong>ὧν</strong></span> <span class='ocrx_word' id='word_1_632' title='bbox 2400 2978 2573 3043; x_wconf 72' lang='grc' dir='ltr'><strong>οὕτως</strong></span> <span class='ocrx_word' id='word_1_633' title='bbox 2625 2981 2928 3053; x_wconf 85' lang='grc' dir='ltr'><strong>ἀνεφάνητε</strong></span> <span class='ocrx_word' id='word_1_634' title='bbox 2982 2984 3224 3057; x_wconf 81' lang='grc' dir='ltr'><strong>λαμπροὶ</strong></span> <span class='ocrx_word' id='word_1_635' title='bbox 3286 2989 3380 3040; x_wconf 87' lang='lat' dir='ltr'><strong>ml</strong></span> <span class='ocrx_word' id='word_1_636' title='bbox 3435 2989 3751 3060; x_wconf 84' lang='grc' dir='ltr'><strong>εύδόκιμοι;</strong></span> 
     </span>
    </p>
   </div>
   <div class='ocr_carea' id='block_1_90' title="bbox 2183 3068 3753 3153">
    <p class='ocr_par' dir='ltr' id='par_1_90' title="bbox 2183 3068 3753 3153">
     <span class='ocr_line' id='line_1_90' title="bbox 2183 3068 3753 3153; baseline 0.01 -33"><span class='ocrx_word' id='word_1_637' title='bbox 2183 3068 2320 3122; x_wconf 78' lang='grc' dir='ltr'><strong>Ἀλλ’</strong></span> <span class='ocrx_word' id='word_1_638' title='bbox 2351 3070 2470 3123; x_wconf 84' lang='grc' dir='ltr'><strong>ούδέ</strong></span> <span class='ocrx_word' id='word_1_639' title='bbox 2507 3071 2738 3126; x_wconf 89' lang='grc' dir='ltr'><strong>ἐνταῦθα</strong></span> <span class='ocrx_word' id='word_1_640' title='bbox 2774 3075 2988 3129; x_wconf 81' lang='grc' dir='ltr'><strong>ἵσταται</strong></span> <span class='ocrx_word' id='word_1_641' title='bbox 3013 3078 3112 3148; x_wconf 78' lang='grc' dir='ltr'><strong>τῆς</strong></span> <span class='ocrx_word' id='word_1_642' title='bbox 3143 3078 3422 3150; x_wconf 81' lang='grc' dir='ltr'><strong>ἀθλήσεως</strong></span> <span class='ocrx_word' id='word_1_643' title='bbox 3449 3081 3477 3133; x_wconf 90' lang='lat'><strong>6</strong></span> <span class='ocrx_word' id='word_1_644' title='bbox 3515 3084 3753 3153; x_wconf 79' lang='grc' dir='ltr'><strong>καρπὸς,</strong></span> 
     </span>
    </p>
   </div>
   <div class='ocr_carea' id='block_1_91' title="bbox 2169 3160 3761 3244">
    <p class='ocr_par' dir='ltr' id='par_1_91' title="bbox 2169 3160 3761 3244">
     <span class='ocr_line' id='line_1_91' title="bbox 2169 3160 3761 3244; baseline 0.009 -31"><span class='ocrx_word' id='word_1_645' title='bbox 2169 3160 2304 3214; x_wconf 88' lang='grc' dir='ltr'><strong>ἀλλά</strong></span> <span class='ocrx_word' id='word_1_646' title='bbox 2345 3161 2558 3230; x_wconf 87' lang='grc' dir='ltr'><strong>πρόεισι</strong></span> <span class='ocrx_word' id='word_1_647' title='bbox 2587 3163 2894 3236; x_wconf 88' lang='grc' dir='ltr'><strong>περαιτέρω</strong></span> <span class='ocrx_word' id='word_1_648' title='bbox 2919 3165 3118 3236; x_wconf 88' lang='grc' dir='ltr'><strong>βρύων.</strong></span> <span class='ocrx_word' id='word_1_649' title='bbox 3163 3168 3224 3223; x_wconf 84' lang='grc' dir='ltr'><em>Ἠ</em></span> <span class='ocrx_word' id='word_1_650' title='bbox 3244 3170 3351 3243; x_wconf 76' lang='grc' dir='ltr'><strong>γὰρ</strong></span> <span class='ocrx_word' id='word_1_651' title='bbox 3379 3169 3617 3241; x_wconf 77' lang='grc' dir='ltr'><strong>δοκιμὴ,</strong></span> <span class='ocrx_word' id='word_1_652' title='bbox 3649 3192 3761 3244; x_wconf 81' lang='grc' dir='ltr'><strong>φη-</strong></span> 
     </span>
    </p>
   </div>
   <div class='ocr_carea' id='block_1_92' title="bbox 2173 3251 3761 3336">
    <p class='ocr_par' dir='ltr' id='par_1_92' title="bbox 2173 3251 3761 3336">
     <span class='ocr_line' id='line_1_92' title="bbox 2173 3251 3761 3336; baseline 0.012 -34"><span class='ocrx_word' id='word_1_653' title='bbox 2173 3251 2277 3315; x_wconf 69' lang='grc' dir='ltr'><strong>σὶν,</strong></span> <span class='ocrx_word' id='word_1_654' title='bbox 2295 3251 2516 3305; x_wconf 79' lang='grc' dir='ltr'><strong>ἐλπίδα</strong></span> <span class='ocrx_word' id='word_1_655' title='bbox 2537 3253 2737 3308; x_wconf 79' lang='grc' dir='ltr'><strong>τίκτει·</strong></span> <span class='ocrx_word' id='word_1_656' title='bbox 2775 3254 2965 3309; x_wconf 88' lang='grc' dir='ltr'><strong>ἐλπίδα</strong></span> <span class='ocrx_word' id='word_1_657' title='bbox 2986 3258 3202 3324; x_wconf 90' lang='grc' dir='ltr'><strong>πάντως</strong></span> <span class='ocrx_word' id='word_1_658' title='bbox 3228 3262 3318 3314; x_wconf 79' lang='grc' dir='ltr'><strong>ἐπὶ</strong></span> <span class='ocrx_word' id='word_1_659' title='bbox 3354 3263 3462 3316; x_wconf 87' lang='grc' dir='ltr'><strong>τῶν</strong></span> <span class='ocrx_word' id='word_1_660' title='bbox 3493 3269 3761 3336; x_wconf 71' lang='grc' dir='ltr'><strong>πραγμόι⁶</strong></span> 
     </span>
    </p>
   </div>
   <div class='ocr_carea' id='block_1_93' title="bbox 2169 3343 3759 3429">
    <p class='ocr_par' dir='ltr' id='par_1_93' title="bbox 2169 3343 3759 3429">
     <span class='ocr_line' id='line_1_93' title="bbox 2169 3343 3759 3429; baseline 0.011 -36"><span class='ocrx_word' id='word_1_661' title='bbox 2169 3358 2277 3394; x_wconf 90' lang='grc' dir='ltr'><strong>των</strong></span> <span class='ocrx_word' id='word_1_662' title='bbox 2317 3343 2714 3418; x_wconf 85' lang='grc' dir='ltr'><strong>ἐκϐησομένην,</strong></span> <span class='ocrx_word' id='word_1_663' title='bbox 2751 3346 2811 3399; x_wconf 79' lang='grc' dir='ltr'><strong>οὑ</strong></span> <span class='ocrx_word' id='word_1_664' title='bbox 2840 3349 2980 3403; x_wconf 89' lang='grc' dir='ltr'><strong>κατά</strong></span> <span class='ocrx_word' id='word_1_665' title='bbox 3014 3351 3111 3422; x_wconf 78' lang='grc' dir='ltr'><strong>τὴν</strong></span> <span class='ocrx_word' id='word_1_666' title='bbox 3147 3352 3492 3426; x_wconf 88' lang='grc' dir='ltr'><strong>ἀνθρωπίνην</strong></span> <span class='ocrx_word' id='word_1_667' title='bbox 3524 3358 3759 3429; x_wconf 75' lang='grc' dir='ltr'><strong>ταύτην,</strong></span> 
     </span>
    </p>
   </div>
   <div class='ocr_carea' id='block_1_94' title="bbox 2171 3436 3764 3523">
    <p class='ocr_par' dir='ltr' id='par_1_94' title="bbox 2171 3436 3764 3523">
     <span class='ocr_line' id='line_1_94' title="bbox 2171 3436 3764 3523; baseline 0.013 -37"><span class='ocrx_word' id='word_1_668' title='bbox 2171 3436 2204 3506; x_wconf 78' lang='grc' dir='ltr'>ἢ</span> <span class='ocrx_word' id='word_1_669' title='bbox 2264 3437 2630 3491; x_wconf 89' lang='grc' dir='ltr'><strong>κατατείνασα</strong></span> <span class='ocrx_word' id='word_1_670' title='bbox 2696 3439 2954 3505; x_wconf 88' lang='grc' dir='ltr'><strong>πολλάκις</strong></span> <span class='ocrx_word' id='word_1_671' title='bbox 3019 3447 3131 3510; x_wconf 87' lang='grc' dir='ltr'><strong>τοῖς</strong></span> <span class='ocrx_word' id='word_1_672' title='bbox 3196 3447 3379 3511; x_wconf 91' lang='grc' dir='ltr'><strong>πόνοις</strong></span> <span class='ocrx_word' id='word_1_673' title='bbox 3437 3452 3563 3514; x_wconf 72' lang='grc' dir='ltr'><strong>τοὺς</strong></span> <span class='ocrx_word' id='word_1_674' title='bbox 3619 3455 3764 3523; x_wconf 70' lang='grc' dir='ltr'><strong>πρὸς</strong></span> 
     </span>
    </p>
   </div>
   <div class='ocr_carea' id='block_1_95' title="bbox 2171 3531 3761 3612">
    <p class='ocr_par' dir='ltr' id='par_1_95' title="bbox 2171 3531 3761 3612">
     <span class='ocr_line' id='line_1_95' title="bbox 2171 3531 3761 3612; baseline 0.01 -28"><span class='ocrx_word' id='word_1_675' title='bbox 2171 3531 2337 3602; x_wconf 80' lang='grc' dir='ltr'><strong>αὐτὴν</strong></span> <span class='ocrx_word' id='word_1_676' title='bbox 2358 3533 2674 3604; x_wconf 83' lang='grc' dir='ltr'><strong>κεχηνότας,</strong></span> <span class='ocrx_word' id='word_1_677' title='bbox 2699 3535 2799 3588; x_wconf 81' lang='grc' dir='ltr'><strong>οὐκ</strong></span> <span class='ocrx_word' id='word_1_678' title='bbox 2825 3535 3009 3607; x_wconf 74' lang='grc' dir='ltr'><strong>ἴσχυσε</strong></span> <span class='ocrx_word' id='word_1_679' title='bbox 3036 3541 3161 3603; x_wconf 85' lang='grc' dir='ltr'><strong>τοὺς</strong></span> <span class='ocrx_word' id='word_1_680' title='bbox 3181 3543 3425 3612; x_wconf 76' lang='grc' dir='ltr'><strong>καρποὺς</strong></span> <span class='ocrx_word' id='word_1_681' title='bbox 3456 3545 3761 3600; x_wconf 85' lang='grc' dir='ltr'><strong>ἀποδοῦναι</strong></span> 
     </span>
    </p>
   </div>
   <div class='ocr_carea' id='block_1_96' title="bbox 2170 3624 3769 3708">
    <p class='ocr_par' dir='ltr' id='par_1_96' title="bbox 2170 3624 3769 3708">
     <span class='ocr_line' id='line_1_96' title="bbox 2170 3624 3769 3708; baseline 0.008 -31"><span class='ocrx_word' id='word_1_682' title='bbox 2170 3624 2280 3678; x_wconf 89' lang='grc' dir='ltr'><strong>τῶν</strong></span> <span class='ocrx_word' id='word_1_683' title='bbox 2338 3625 2514 3678; x_wconf 87' lang='grc' dir='ltr'><strong>πόνων</strong></span> <span class='ocrx_word' id='word_1_684' title='bbox 2566 3627 2768 3692; x_wconf 79' lang='grc' dir='ltr'><strong>αὐτοῖς,</strong></span> <span class='ocrx_word' id='word_1_685' title='bbox 2830 3627 2965 3683; x_wconf 87' lang='grc' dir='ltr'><strong>ἀλλά</strong></span> <span class='ocrx_word' id='word_1_686' title='bbox 3031 3633 3168 3702; x_wconf 88' lang='grc' dir='ltr'><strong>μετά</strong></span> <span class='ocrx_word' id='word_1_687' title='bbox 3225 3634 3323 3704; x_wconf 80' lang='grc' dir='ltr'><strong>τῆς</strong></span> <span class='ocrx_word' id='word_1_688' title='bbox 3379 3635 3603 3708; x_wconf 73' lang='grc' dir='ltr'><strong>ζημίας,</strong></span> <span class='ocrx_word' id='word_1_689' title='bbox 3669 3640 3769 3690; x_wconf 72' lang='grc' dir='ltr'><strong>καὶ</strong></span> 
     </span>
    </p>
   </div>
   <div class='ocr_carea' id='block_1_97' title="bbox 2171 3727 3764 3806">
    <p class='ocr_par' dir='ltr' id='par_1_97' title="bbox 2171 3727 3764 3806">
     <span class='ocr_line' id='line_1_97' title="bbox 2171 3727 3764 3806; baseline 0.009 -24"><span class='ocrx_word' id='word_1_690' title='bbox 2171 3727 2402 3800; x_wconf 80' lang='grc' dir='ltr'><strong>αἰσχύνῃ</strong></span> <span class='ocrx_word' id='word_1_691' title='bbox 2435 3729 2530 3781; x_wconf 89' lang='lat' dir='ltr'><strong>ml</strong></span> <span class='ocrx_word' id='word_1_692' title='bbox 2557 3730 2820 3795; x_wconf 88' lang='grc' dir='ltr'><strong>κινδύνοις</strong></span> <span class='ocrx_word' id='word_1_693' title='bbox 2860 3733 3054 3798; x_wconf 78' lang='grc' dir='ltr'><strong>αὐτοὺς</strong></span> <span class='ocrx_word' id='word_1_694' title='bbox 3091 3736 3430 3806; x_wconf 88' lang='grc' dir='ltr'><strong>περιέϐαλεν.</strong></span> <span class='ocrx_word' id='word_1_695' title='bbox 3479 3739 3616 3793; x_wconf 76' lang='grc' dir='ltr'><strong>Ἀλλ’</strong></span> <span class='ocrx_word' id='word_1_696' title='bbox 3653 3742 3764 3796; x_wconf 83' lang='grc' dir='ltr'><strong>οὑκ</strong></span> 
     </span>
    </p>
   </div>
   <div class='ocr_carea' id='block_1_98' title="bbox 2173 3831 3764 3912">
    <p class='ocr_par' dir='ltr' id='par_1_98' title="bbox 2173 3831 3764 3912">
     <span class='ocr_line' id='line_1_98' title="bbox 2173 3831 3764 3912; baseline 0.005 -26"><span class='ocrx_word' id='word_1_697' title='bbox 2173 3831 2310 3902; x_wconf 85' lang='grc' dir='ltr'><strong>αὑτὴ</strong></span> <span class='ocrx_word' id='word_1_698' title='bbox 2365 3831 2610 3904; x_wconf 91' lang='grc' dir='ltr'><strong>τοιαύτη,</strong></span> <span class='ocrx_word' id='word_1_699' title='bbox 2666 3833 2850 3904; x_wconf 78' lang='grc' dir='ltr'><strong>ἐπειδὴ</strong></span> <span class='ocrx_word' id='word_1_700' title='bbox 2903 3834 3022 3889; x_wconf 78' lang='grc' dir='ltr'><strong>οὐδὲ</strong></span> <span class='ocrx_word' id='word_1_701' title='bbox 3074 3836 3406 3910; x_wconf 84' lang='grc' dir='ltr'><strong>ἀνθρωπίνη.</strong></span> <span class='ocrx_word' id='word_1_702' title='bbox 3461 3841 3639 3912; x_wconf 86' lang='grc' dir='ltr'><strong>Ὅπερ</strong></span> <span class='ocrx_word' id='word_1_703' title='bbox 3679 3844 3764 3895; x_wconf 77' lang='grc' dir='ltr'><strong>ἐνὶ</strong></span> 
     </span>
    </p>
   </div>
   <div class='ocr_carea' id='block_1_99' title="bbox 2175 3930 3766 4010">
    <p class='ocr_par' dir='ltr' id='par_1_99' title="bbox 2175 3930 3766 4010">
     <span class='ocr_line' id='line_1_99' title="bbox 2175 3930 3766 4010; baseline 0.006 -24"><span class='ocrx_word' id='word_1_704' title='bbox 2175 3930 2328 4004; x_wconf 76' lang='lat'><strong>[653]</strong></span> <span class='ocrx_word' id='word_1_705' title='bbox 2359 3933 2565 4004; x_wconf 79' lang='grc' dir='ltr'><strong>ῥήματι</strong></span> <span class='ocrx_word' id='word_1_706' title='bbox 2604 3932 2780 4005; x_wconf 88' lang='grc' dir='ltr'><strong>δηλῶν</strong></span> <span class='ocrx_word' id='word_1_707' title='bbox 2834 3936 2862 3987; x_wconf 87' lang='grc' dir='ltr'><strong>ὀ</strong></span> <span class='ocrx_word' id='word_1_708' title='bbox 2901 3935 3112 4001; x_wconf 87' lang='grc' dir='ltr'><strong>Παῦλος</strong></span> <span class='ocrx_word' id='word_1_709' title='bbox 3147 3937 3350 4008; x_wconf 86' lang='grc' dir='ltr'><strong>ἔλεγεν·</strong></span> <span class='ocrx_word' id='word_1_710' title='bbox 3393 3942 3460 3995; x_wconf 81' lang='grc' dir='ltr'><em>Ἠ</em></span> <span class='ocrx_word' id='word_1_711' title='bbox 3481 3939 3550 3994; x_wconf 79' lang='grc' dir='ltr'><strong>δὲ</strong></span> <span class='ocrx_word' id='word_1_712' title='bbox 3579 3943 3766 4010; x_wconf 68' lang='grc' dir='ltr'><strong>ἐλπὶς</strong></span> 
     </span>
    </p>
   </div>
   <div class='ocr_carea' id='block_1_100' title="bbox 2173 4033 3766 4110">
    <p class='ocr_par' dir='ltr' id='par_1_100' title="bbox 2173 4033 3766 4110">
     <span class='ocr_line' id='line_1_100' title="bbox 2173 4033 3766 4110; baseline 0.007 -25"><span class='ocrx_word' id='word_1_713' title='bbox 2173 4033 2246 4086; x_wconf 85' lang='grc' dir='ltr'><strong>οὐ</strong></span> <span class='ocrx_word' id='word_1_714' title='bbox 2277 4033 2688 4102; x_wconf 79' lang='grc' dir='ltr'><strong>καταισχύνει.</strong></span> <span class='ocrx_word' id='word_1_715' title='bbox 2725 4033 2800 4086; x_wconf 86' lang='grc' dir='ltr'><strong>Οὑ</strong></span> <span class='ocrx_word' id='word_1_716' title='bbox 2835 4033 2943 4106; x_wconf 84' lang='grc' dir='ltr'><strong>γὰρ</strong></span> <span class='ocrx_word' id='word_1_717' title='bbox 2965 4036 3029 4104; x_wconf 86' lang='grc' dir='ltr'><strong>δὴ</strong></span> <span class='ocrx_word' id='word_1_718' title='bbox 3070 4038 3227 4107; x_wconf 83' lang='grc' dir='ltr'><strong>μόνον</strong></span> <span class='ocrx_word' id='word_1_719' title='bbox 3257 4039 3316 4091; x_wconf 86' lang='grc' dir='ltr'><strong>οὐ</strong></span> <span class='ocrx_word' id='word_1_720' title='bbox 3349 4039 3536 4110; x_wconf 76' lang='grc' dir='ltr'><strong>ζημιοῖ</strong></span> <span class='ocrx_word' id='word_1_721' title='bbox 3568 4041 3660 4094; x_wconf 82' lang='grc' dir='ltr'><strong>τὸν</strong></span> <span class='ocrx_word' id='word_1_722' title='bbox 3693 4045 3766 4096; x_wconf 82' lang='grc' dir='ltr'><strong>τά</strong></span> 
     </span>
    </p>
   </div>
   <div class='ocr_carea' id='block_1_101' title="bbox 2175 4131 3763 4211">
    <p class='ocr_par' dir='ltr' id='par_1_101' title="bbox 2175 4131 3763 4211">
     <span class='ocr_line' id='line_1_101' title="bbox 2175 4131 3763 4211; baseline 0.007 -27"><span class='ocrx_word' id='word_1_723' title='bbox 2175 4132 2399 4186; x_wconf 85' lang='grc' dir='ltr'><strong>τοιαῦτα</strong></span> <span class='ocrx_word' id='word_1_724' title='bbox 2425 4131 2843 4204; x_wconf 80' lang='grc' dir='ltr'><strong>ἀγωνιζόμενον,</strong></span> <span class='ocrx_word' id='word_1_725' title='bbox 2867 4135 2987 4188; x_wconf 79' lang='grc' dir='ltr'><strong>οὐδὲ</strong></span> <span class='ocrx_word' id='word_1_726' title='bbox 3013 4138 3073 4188; x_wconf 84' lang='grc' dir='ltr'><strong>ού</strong></span> <span class='ocrx_word' id='word_1_727' title='bbox 3104 4139 3265 4206; x_wconf 89' lang='grc' dir='ltr'><strong>μόνον</strong></span> <span class='ocrx_word' id='word_1_728' title='bbox 3293 4139 3354 4192; x_wconf 84' lang='grc' dir='ltr'><strong>ού</strong></span> <span class='ocrx_word' id='word_1_729' title='bbox 3383 4142 3763 4211; x_wconf 84' lang='grc' dir='ltr'><strong>καταισχύνει,</strong></span> 
     </span>
    </p>
   </div>
   <div class='ocr_carea' id='block_1_102' title="bbox 2178 4235 3768 4319">
    <p class='ocr_par' dir='ltr' id='par_1_102' title="bbox 2178 4235 3768 4319">
     <span class='ocr_line' id='line_1_102' title="bbox 2178 4235 3768 4319; baseline 0.006 -30"><span class='ocrx_word' id='word_1_730' title='bbox 2178 4235 2314 4289; x_wconf 86' lang='grc' dir='ltr'><strong>ἀλλά</strong></span> <span class='ocrx_word' id='word_1_731' title='bbox 2351 4236 2445 4289; x_wconf 77' lang='grc' dir='ltr'><strong>καὶ</strong></span> <span class='ocrx_word' id='word_1_732' title='bbox 2472 4235 2650 4306; x_wconf 79' lang='grc' dir='ltr'><strong>πολλῷ</strong></span> <span class='ocrx_word' id='word_1_733' title='bbox 2679 4235 2898 4290; x_wconf 87' lang='grc' dir='ltr'><strong>πλείονα</strong></span> <span class='ocrx_word' id='word_1_734' title='bbox 2929 4237 3023 4291; x_wconf 69' lang='grc' dir='ltr'><strong>καὶ</strong></span> <span class='ocrx_word' id='word_1_735' title='bbox 3057 4238 3284 4292; x_wconf 88' lang='grc' dir='ltr'><strong>πλοῦτον</strong></span> <span class='ocrx_word' id='word_1_736' title='bbox 3306 4240 3398 4293; x_wconf 89' lang='lat' dir='ltr'><strong>ml</strong></span> <span class='ocrx_word' id='word_1_737' title='bbox 3421 4241 3580 4306; x_wconf 74' lang='grc' dir='ltr'><strong>δόξαν</strong></span> <span class='ocrx_word' id='word_1_738' title='bbox 3609 4246 3768 4319; x_wconf 81' lang='grc' dir='ltr'><strong>αὑτῷ</strong></span> 
     </span>
    </p>
   </div>
   <div class='ocr_carea' id='block_1_103' title="bbox 2177 4336 3768 4413">
    <p class='ocr_par' dir='ltr' id='par_1_103' title="bbox 2177 4336 3768 4413">
     <span class='ocr_line' id='line_1_103' title="bbox 2177 4336 3768 4413; baseline 0.009 -25"><span class='ocrx_word' id='word_1_739' title='bbox 2177 4337 2286 4389; x_wconf 87' lang='grc' dir='ltr'><strong>τῶν</strong></span> <span class='ocrx_word' id='word_1_740' title='bbox 2311 4337 2487 4390; x_wconf 88' lang='grc' dir='ltr'><strong>πόνων</strong></span> <span class='ocrx_word' id='word_1_741' title='bbox 2507 4337 2602 4390; x_wconf 87' lang='lat' dir='ltr'><strong>ml</strong></span> <span class='ocrx_word' id='word_1_742' title='bbox 2625 4336 2733 4390; x_wconf 87' lang='grc' dir='ltr'><strong>τῶν</strong></span> <span class='ocrx_word' id='word_1_743' title='bbox 2759 4337 2996 4408; x_wconf 78' lang='grc' dir='ltr'><strong>ἱδρώτων</strong></span> <span class='ocrx_word' id='word_1_744' title='bbox 3024 4339 3242 4410; x_wconf 84' lang='grc' dir='ltr'><strong>ἔρχεται</strong></span> <span class='ocrx_word' id='word_1_745' title='bbox 3269 4343 3529 4413; x_wconf 89' lang='grc' dir='ltr'><strong>φέρουσα.</strong></span> <span class='ocrx_word' id='word_1_746' title='bbox 3556 4347 3768 4404; x_wconf 68' lang='grc' dir='ltr'><strong>Τοιαύε-</strong></span> 
     </span>
    </p>
   </div>
   <div class='ocr_carea' id='block_1_104' title="bbox 2175 4437 3768 4516">
    <p class='ocr_par' dir='ltr' id='par_1_104' title="bbox 2175 4437 3768 4516">
     <span class='ocr_line' id='line_1_104' title="bbox 2175 4437 3768 4516; baseline 0.011 -29"><span class='ocrx_word' id='word_1_747' title='bbox 2175 4454 2241 4505; x_wconf 82' lang='grc' dir='ltr'><strong>τη</strong></span> <span class='ocrx_word' id='word_1_748' title='bbox 2281 4437 2390 4506; x_wconf 83' lang='grc' dir='ltr'><strong>γάρ</strong></span> <span class='ocrx_word' id='word_1_749' title='bbox 2435 4437 2836 4510; x_wconf 74' lang='grc' dir='ltr'><strong>ή’χαριζομένη</strong></span> <span class='ocrx_word' id='word_1_750' title='bbox 2886 4441 3006 4512; x_wconf 73' lang='grc' dir='ltr'><strong>χεὶρ</strong></span> <span class='ocrx_word' id='word_1_751' title='bbox 3048 4443 3252 4496; x_wconf 88' lang='grc' dir='ltr'><strong>τούτων</strong></span> <span class='ocrx_word' id='word_1_752' title='bbox 3302 4446 3409 4499; x_wconf 88' lang='grc' dir='ltr'><strong>τῶν</strong></span> <span class='ocrx_word' id='word_1_753' title='bbox 3440 4448 3618 4502; x_wconf 87' lang='grc' dir='ltr'><strong>πόνων</strong></span> <span class='ocrx_word' id='word_1_754' title='bbox 3661 4453 3768 4516; x_wconf 78' lang='grc' dir='ltr'><strong>τὰς</strong></span> 
     </span>
    </p>
   </div>
   <div class='ocr_carea' id='block_1_105' title="bbox 2175 4532 3767 4619">
    <p class='ocr_par' dir='ltr' id='par_1_105' title="bbox 2175 4532 3767 4619">
     <span class='ocr_line' id='line_1_105' title="bbox 2175 4532 3767 4619; baseline 0.012 -35"><span class='ocrx_word' id='word_1_755' title='bbox 2175 4532 2428 4601; x_wconf 85' lang='grc' dir='ltr'><strong>ἀμοιϐάς.</strong></span> <span class='ocrx_word' id='word_1_756' title='bbox 2457 4535 2608 4604; x_wconf 88' lang='grc' dir='ltr'><strong>Τάχα</strong></span> <span class='ocrx_word' id='word_1_757' title='bbox 2639 4536 2985 4608; x_wconf 86' lang='grc' dir='ltr'><strong>ὑπερέϐημεν</strong></span> <span class='ocrx_word' id='word_1_758' title='bbox 3013 4539 3073 4592; x_wconf 74' lang='grc' dir='ltr'><strong>τὸ</strong></span> <span class='ocrx_word' id='word_1_759' title='bbox 3096 4542 3293 4614; x_wconf 80' lang='grc' dir='ltr'><strong>μέτρον</strong></span> <span class='ocrx_word' id='word_1_760' title='bbox 3319 4547 3417 4614; x_wconf 82' lang='grc' dir='ltr'><strong>τῆς</strong></span> <span class='ocrx_word' id='word_1_761' title='bbox 3445 4547 3767 4619; x_wconf 74' lang='grc' dir='ltr'><strong>ἐπιστολῆς,</strong></span> 
     </span>
    </p>
   </div>
   <div class='ocr_carea' id='block_1_106' title="bbox 2176 4632 3767 4716">
    <p class='ocr_par' dir='ltr' id='par_1_106' title="bbox 2176 4632 3767 4716">
     <span class='ocr_line' id='line_1_106' title="bbox 2176 4632 3767 4716; baseline 0.011 -32"><span class='ocrx_word' id='word_1_762' title='bbox 2176 4632 2290 4684; x_wconf 81' lang='grc' dir='ltr'><strong>ἀλλ’</strong></span> <span class='ocrx_word' id='word_1_763' title='bbox 2314 4633 2374 4685; x_wconf 83' lang='grc' dir='ltr'><strong>οὑ</strong></span> <span class='ocrx_word' id='word_1_764' title='bbox 2400 4635 2528 4704; x_wconf 76' lang='grc' dir='ltr'><strong>παρ’</strong></span> <span class='ocrx_word' id='word_1_765' title='bbox 2552 4635 2678 4705; x_wconf 86' lang='grc' dir='ltr'><strong>ὑμῖν</strong></span> <span class='ocrx_word' id='word_1_766' title='bbox 2706 4638 2817 4698; x_wconf 85' lang='grc' dir='ltr'><strong>τοῖς</strong></span> <span class='ocrx_word' id='word_1_767' title='bbox 2842 4636 2984 4691; x_wconf 74' lang='grc' dir='ltr'><strong>οὕτω</strong></span> <span class='ocrx_word' id='word_1_768' title='bbox 3015 4641 3264 4713; x_wconf 84' lang='grc' dir='ltr'><strong>σφοδροῖς</strong></span> <span class='ocrx_word' id='word_1_769' title='bbox 3287 4644 3442 4714; x_wconf 76' lang='grc' dir='ltr'><strong>ἡμῶν</strong></span> <span class='ocrx_word' id='word_1_770' title='bbox 3473 4650 3767 4716; x_wconf 85' lang='grc' dir='ltr'><strong>ἐρασταῖς.</strong></span> 
     </span>
    </p>
   </div>
   <div class='ocr_carea' id='block_1_107' title="bbox 2177 4735 3770 4818">
    <p class='ocr_par' dir='ltr' id='par_1_107' title="bbox 2177 4735 3770 4818">
     <span class='ocr_line' id='line_1_107' title="bbox 2177 4735 3770 4818; baseline 0.013 -32"><span class='ocrx_word' id='word_1_771' title='bbox 2177 4735 2252 4787; x_wconf 77' lang='grc' dir='ltr'><strong>Οὐ</strong></span> <span class='ocrx_word' id='word_1_772' title='bbox 2319 4736 2428 4806; x_wconf 87' lang='grc' dir='ltr'><strong>γάρ</strong></span> <span class='ocrx_word' id='word_1_773' title='bbox 2489 4737 2910 4808; x_wconf 83' lang='grc' dir='ltr'><strong>ἐπιστολιμαίων</strong></span> <span class='ocrx_word' id='word_1_774' title='bbox 2981 4745 3326 4814; x_wconf 86' lang='grc' dir='ltr'><strong>γραμμάτων</strong></span> <span class='ocrx_word' id='word_1_775' title='bbox 3382 4747 3552 4818; x_wconf 85' lang='grc' dir='ltr'><strong>νόμῳ,</strong></span> <span class='ocrx_word' id='word_1_776' title='bbox 3627 4751 3770 4806; x_wconf 65' lang='grc' dir='ltr'><strong>ἀλλὰ</strong></span> 
     </span>
    </p>
   </div>
   <div class='ocr_carea' id='block_1_108' title="bbox 2177 4838 3767 4915">
    <p class='ocr_par' dir='ltr' id='par_1_108' title="bbox 2177 4838 3767 4915">
     <span class='ocr_line' id='line_1_108' title="bbox 2177 4838 3767 4915; baseline 0.011 -24"><span class='ocrx_word' id='word_1_777' title='bbox 2177 4838 2363 4909; x_wconf 86' lang='grc' dir='ltr'><strong>θεσμῷ</strong></span> <span class='ocrx_word' id='word_1_778' title='bbox 2415 4839 2597 4907; x_wconf 87' lang='grc' dir='ltr'><strong>φιλίας</strong></span> <span class='ocrx_word' id='word_1_779' title='bbox 2644 4841 2712 4894; x_wconf 77' lang='grc' dir='ltr'><strong>τά</strong></span> <span class='ocrx_word' id='word_1_780' title='bbox 2755 4841 2979 4896; x_wconf 86' lang='grc' dir='ltr'><strong>τοιαῦτα</strong></span> <span class='ocrx_word' id='word_1_781' title='bbox 3017 4845 3311 4915; x_wconf 91' lang='grc' dir='ltr'><strong>κρίνοντες,</strong></span> <span class='ocrx_word' id='word_1_782' title='bbox 3351 4845 3408 4902; x_wconf 79' lang='grc' dir='ltr'><strong>εὖ</strong></span> <span class='ocrx_word' id='word_1_783' title='bbox 3431 4845 3634 4905; x_wconf 78' lang='grc' dir='ltr'><strong>οἷδ’ὅτι</strong></span> <span class='ocrx_word' id='word_1_784' title='bbox 3669 4858 3767 4910; x_wconf 77' lang='grc' dir='ltr'><strong>καὶ</strong></span> 
     </span>
    </p>
   </div>
   <div class='ocr_carea' id='block_1_109' title="bbox 2179 4937 3767 5022">
    <p class='ocr_par' dir='ltr' id='par_1_109' title="bbox 2179 4937 3767 5022">
     <span class='ocr_line' id='line_1_109' title="bbox 2179 4937 3767 5022; baseline 0.009 -31"><span class='ocrx_word' id='word_1_785' title='bbox 2179 4939 2440 5011; x_wconf 87' lang='grc' dir='ltr'><strong>βραχεῖαν</strong></span> <span class='ocrx_word' id='word_1_786' title='bbox 2469 4937 2606 4995; x_wconf 76' lang='grc' dir='ltr'><strong>εἶναι</strong></span> <span class='ocrx_word' id='word_1_787' title='bbox 2628 4941 2831 5014; x_wconf 87' lang='grc' dir='ltr'><strong>ταύτην</strong></span> <span class='ocrx_word' id='word_1_788' title='bbox 2853 4944 3122 5014; x_wconf 80' lang='grc' dir='ltr'><strong>ἡγήσεσθε</strong></span> <span class='ocrx_word' id='word_1_789' title='bbox 3150 4945 3249 5017; x_wconf 79' lang='grc' dir='ltr'><strong>τὴν</strong></span> <span class='ocrx_word' id='word_1_790' title='bbox 3270 4948 3577 5022; x_wconf 88' lang='grc' dir='ltr'><strong>ἐπιστολήν.</strong></span> <span class='ocrx_word' id='word_1_791' title='bbox 3623 4953 3767 5006; x_wconf 79' lang='grc' dir='ltr'><strong>Ἀλλ’</strong></span> 
     </span>
    </p>
   </div>
   <div class='ocr_carea' id='block_1_110' title="bbox 2177 5041 3767 5123">
    <p class='ocr_par' dir='ltr' id='par_1_110' title="bbox 2177 5041 3767 5123">
     <span class='ocr_line' id='line_1_110' title="bbox 2177 5041 3767 5123; baseline 0.008 -29"><span class='ocrx_word' id='word_1_792' title='bbox 2177 5041 2326 5112; x_wconf 82' lang='grc' dir='ltr'><strong>ὅμως</strong></span> <span class='ocrx_word' id='word_1_793' title='bbox 2356 5044 2404 5094; x_wconf 88' lang='grc' dir='ltr'><strong>εί</strong></span> <span class='ocrx_word' id='word_1_794' title='bbox 2438 5043 2533 5097; x_wconf 69' lang='grc' dir='ltr'><strong>καὶ</strong></span> <span class='ocrx_word' id='word_1_795' title='bbox 2571 5042 2797 5114; x_wconf 88' lang='grc' dir='ltr'><strong>βραχεῖα</strong></span> <span class='ocrx_word' id='word_1_796' title='bbox 2837 5045 2966 5114; x_wconf 83' lang='grc' dir='ltr'><strong>ὑμῖν</strong></span> <span class='ocrx_word' id='word_1_797' title='bbox 3001 5041 3138 5100; x_wconf 71' lang='grc' dir='ltr'><strong>εἶναι</strong></span> <span class='ocrx_word' id='word_1_798' title='bbox 3169 5048 3336 5112; x_wconf 86' lang='grc' dir='ltr'><strong>δοκεῖ,</strong></span> <span class='ocrx_word' id='word_1_799' title='bbox 3377 5050 3438 5103; x_wconf 85' lang='grc' dir='ltr'><strong>οὑ</strong></span> <span class='ocrx_word' id='word_1_800' title='bbox 3479 5052 3767 5123; x_wconf 78' lang='grc' dir='ltr'><strong>παύσομαι</strong></span> 
     </span>
    </p>
   </div>
   <div class='ocr_carea' id='block_1_111' title="bbox 2179 5144 3771 5224">
    <p class='ocr_par' dir='ltr' id='par_1_111' title="bbox 2179 5144 3771 5224">
     <span class='ocr_line' id='line_1_111' title="bbox 2179 5144 3771 5224; baseline 0.009 -29"><span class='ocrx_word' id='word_1_801' title='bbox 2179 5145 2273 5196; x_wconf 77' lang='grc' dir='ltr'><strong>καὶ</strong></span> <span class='ocrx_word' id='word_1_802' title='bbox 2290 5144 2490 5213; x_wconf 80' lang='grc' dir='ltr'><strong>ταύτης</strong></span> <span class='ocrx_word' id='word_1_803' title='bbox 2511 5147 2756 5199; x_wconf 89' lang='grc' dir='ltr'><strong>ἀπαιτῶν</strong></span> <span class='ocrx_word' id='word_1_804' title='bbox 2775 5147 2917 5217; x_wconf 82' lang='grc' dir='ltr'><strong>ὑμᾶς</strong></span> <span class='ocrx_word' id='word_1_805' title='bbox 2932 5150 3057 5213; x_wconf 70' lang='grc' dir='ltr'><strong>τοὺς</strong></span> <span class='ocrx_word' id='word_1_806' title='bbox 3077 5150 3320 5220; x_wconf 69' lang='grc' dir='ltr'><strong>μισθοὺς,</strong></span> <span class='ocrx_word' id='word_1_807' title='bbox 3334 5153 3393 5206; x_wconf 81' lang='grc' dir='ltr'><strong>οῦ</strong></span> <span class='ocrx_word' id='word_1_808' title='bbox 3410 5153 3470 5206; x_wconf 82' lang='grc' dir='ltr'><strong>τὸ</strong></span> <span class='ocrx_word' id='word_1_809' title='bbox 3487 5154 3771 5224; x_wconf 84' lang='grc' dir='ltr'><strong>φιλεῖσθαι</strong></span> 
     </span>
    </p>
   </div>
   <div class='ocr_carea' id='block_1_112' title="bbox 2181 5244 3766 5325">
    <p class='ocr_par' dir='ltr' id='par_1_112' title="bbox 2181 5244 3766 5325">
     <span class='ocr_line' id='line_1_112' title="bbox 2181 5244 3766 5325; baseline 0.009 -31"><span class='ocrx_word' id='word_1_810' title='bbox 2181 5244 2312 5313; x_wconf 76' lang='grc' dir='ltr'><strong>παρ’</strong></span> <span class='ocrx_word' id='word_1_811' title='bbox 2329 5244 2502 5314; x_wconf 88' lang='grc' dir='ltr'><strong>ὑμῶν·</strong></span> <span class='ocrx_word' id='word_1_812' title='bbox 2533 5246 2595 5297; x_wconf 83' lang='grc' dir='ltr'><strong>οὑ</strong></span> <span class='ocrx_word' id='word_1_813' title='bbox 2619 5246 2728 5317; x_wconf 83' lang='grc' dir='ltr'><strong>γάρ</strong></span> <span class='ocrx_word' id='word_1_814' title='bbox 2753 5246 2930 5301; x_wconf 87' lang='grc' dir='ltr'><strong>δεῖσθε</strong></span> <span class='ocrx_word' id='word_1_815' title='bbox 2950 5250 3028 5313; x_wconf 88' lang='grc' dir='ltr'><strong>είς</strong></span> <span class='ocrx_word' id='word_1_816' title='bbox 3051 5249 3208 5303; x_wconf 90' lang='grc' dir='ltr'><strong>τοῦτο</strong></span> <span class='ocrx_word' id='word_1_817' title='bbox 3225 5250 3318 5304; x_wconf 88' lang='grc' dir='ltr'><strong>τοῦ</strong></span> <span class='ocrx_word' id='word_1_818' title='bbox 3340 5253 3766 5325; x_wconf 83' lang='grc' dir='ltr'><strong>ἀπαιτήσοντος,</strong></span> 
     </span>
    </p>
   </div>
   <div class='ocr_carea' id='block_1_113' title="bbox 2179 5345 3768 5423">
    <p class='ocr_par' dir='ltr' id='par_1_113' title="bbox 2179 5345 3768 5423">
     <span class='ocr_line' id='line_1_113' title="bbox 2179 5345 3768 5423; baseline 0.008 -27"><span class='ocrx_word' id='word_1_819' title='bbox 2179 5345 2388 5397; x_wconf 74' lang='grc' dir='ltr'><strong>οἴκοθεν</strong></span> <span class='ocrx_word' id='word_1_820' title='bbox 2438 5346 2568 5398; x_wconf 73' lang='grc' dir='ltr'><strong>αὐτὸ</strong></span> <span class='ocrx_word' id='word_1_821' title='bbox 2615 5347 2752 5417; x_wconf 82' lang='grc' dir='ltr'><strong>μετὰ</strong></span> <span class='ocrx_word' id='word_1_822' title='bbox 2812 5349 3016 5420; x_wconf 81' lang='grc' dir='ltr'><strong>πολλῆς</strong></span> <span class='ocrx_word' id='word_1_823' title='bbox 3057 5351 3144 5404; x_wconf 76' lang='grc' dir='ltr'><strong>ἀεὶ</strong></span> <span class='ocrx_word' id='word_1_824' title='bbox 3195 5349 3296 5421; x_wconf 82' lang='grc' dir='ltr'><strong>τῆς</strong></span> <span class='ocrx_word' id='word_1_825' title='bbox 3337 5353 3616 5423; x_wconf 70' lang='grc' dir='ltr'><strong>δαψιλείας</strong></span> <span class='ocrx_word' id='word_1_826' title='bbox 3667 5359 3768 5410; x_wconf 74' lang='grc' dir='ltr'><strong>καὶ</strong></span> 
     </span>
    </p>
   </div>
   <div class='ocr_carea' id='block_1_114' title="bbox 2180 5442 3767 5528">
    <p class='ocr_par' dir='ltr' id='par_1_114' title="bbox 2180 5442 3767 5528">
     <span class='ocr_line' id='line_1_114' title="bbox 2180 5442 3767 5528; baseline 0.006 -30"><span class='ocrx_word' id='word_1_827' title='bbox 2180 5442 2563 5524; x_wconf 80' lang='grc' dir='ltr'><strong>κατατιθέντες</strong></span> <span class='ocrx_word' id='word_1_828' title='bbox 2612 5448 2704 5499; x_wconf 86' lang='lat' dir='ltr'><strong>ml</strong></span> <span class='ocrx_word' id='word_1_829' title='bbox 2759 5448 3088 5516; x_wconf 86' lang='grc' dir='ltr'><strong>ὀφείλοντες·</strong></span> <span class='ocrx_word' id='word_1_830' title='bbox 3141 5452 3262 5504; x_wconf 75' lang='grc' dir='ltr'><strong>οὐδὲ</strong></span> <span class='ocrx_word' id='word_1_831' title='bbox 3315 5454 3374 5506; x_wconf 86' lang='grc' dir='ltr'><strong>τὸ</strong></span> <span class='ocrx_word' id='word_1_832' title='bbox 3429 5455 3767 5528; x_wconf 69' lang='grc' dir='ltr'><strong>ἀντιγράψαι</strong></span> 
     </span>
    </p>
   </div>
   <div class='ocr_carea' id='block_1_115' title="bbox 2181 5538 3767 5624">
    <p class='ocr_par' dir='ltr' id='par_1_115' title="bbox 2181 5538 3767 5624">
     <span class='ocr_line' id='line_1_115' title="bbox 2181 5538 3767 5624; baseline 0.005 -29"><span class='ocrx_word' id='word_1_833' title='bbox 2181 5545 2332 5612; x_wconf 81' lang='grc' dir='ltr'><strong>ἡμῖν·</strong></span> <span class='ocrx_word' id='word_1_834' title='bbox 2362 5538 2479 5596; x_wconf 72' lang='grc' dir='ltr'><strong>οἴδα</strong></span> <span class='ocrx_word' id='word_1_835' title='bbox 2511 5547 2620 5616; x_wconf 76' lang='grc' dir='ltr'><strong>γάρ</strong></span> <span class='ocrx_word' id='word_1_836' title='bbox 2643 5547 2724 5598; x_wconf 87' lang='grc' dir='ltr'><strong>ὃτι</strong></span> <span class='ocrx_word' id='word_1_837' title='bbox 2753 5548 2873 5600; x_wconf 83' lang='grc' dir='ltr'><strong>οὑδὲ</strong></span> <span class='ocrx_word' id='word_1_838' title='bbox 2903 5550 2983 5613; x_wconf 89' lang='grc' dir='ltr'><strong>είς</strong></span> <span class='ocrx_word' id='word_1_839' title='bbox 3016 5549 3174 5602; x_wconf 89' lang='grc' dir='ltr'><strong>τοῦτο</strong></span> <span class='ocrx_word' id='word_1_840' title='bbox 3203 5550 3387 5622; x_wconf 85' lang='grc' dir='ltr'><strong>ἐτέρου</strong></span> <span class='ocrx_word' id='word_1_841' title='bbox 3436 5554 3580 5616; x_wconf 81' lang='grc' dir='ltr'><strong>τινὸς</strong></span> <span class='ocrx_word' id='word_1_842' title='bbox 3631 5555 3767 5624; x_wconf 81' lang='grc' dir='ltr'><strong>ὑμῖν</strong></span> 
     </span>
    </p>
   </div>
   <div class='ocr_carea' id='block_1_116' title="bbox 2180 5626 3768 5722">
    <p class='ocr_par' dir='ltr' id='par_1_116' title="bbox 2180 5640 3768 5722">
     <span class='ocr_line' id='line_1_116' title="bbox 2180 5640 3768 5722; baseline 0.007 -26"><span class='ocrx_word' id='word_1_843' title='bbox 2180 5643 2262 5696; x_wconf 83' lang='grc' dir='ltr'><strong>δεῖ</strong></span> <span class='ocrx_word' id='word_1_844' title='bbox 2297 5640 2391 5695; x_wconf 90' lang='grc' dir='ltr'><strong>τοῦ</strong></span> <span class='ocrx_word' id='word_1_845' title='bbox 2425 5643 2826 5715; x_wconf 85' lang='grc' dir='ltr'><strong>ἁναμνήσοντος</strong></span> <span class='ocrx_word' id='word_1_846' title='bbox 2869 5648 3033 5718; x_wconf 76' lang='grc' dir='ltr'><strong>ὑμᾶς·</strong></span> <span class='ocrx_word' id='word_1_847' title='bbox 3070 5649 3205 5701; x_wconf 82' lang='grc' dir='ltr'><strong>ἀλλά</strong></span> <span class='ocrx_word' id='word_1_848' title='bbox 3236 5649 3317 5713; x_wconf 88' lang='grc' dir='ltr'><strong>τίς</strong></span> <span class='ocrx_word' id='word_1_849' title='bbox 3354 5653 3384 5704; x_wconf 90' lang='lat'><strong>6</strong></span> <span class='ocrx_word' id='word_1_850' title='bbox 3427 5651 3645 5722; x_wconf 84' lang='grc' dir='ltr'><strong>μισθός;</strong></span> <span class='ocrx_word' id='word_1_851' title='bbox 3688 5655 3768 5707; x_wconf 81' lang='grc' dir='ltr'><strong>Τὸ</strong></span> 
     </span>
    </p>
   </div>
   <div class='ocr_carea' id='block_1_117' title="bbox 2183 5741 3769 5823">
    <p class='ocr_par' dir='ltr' id='par_1_117' title="bbox 2183 5741 3769 5823">
     <span class='ocr_line' id='line_1_117' title="bbox 2183 5741 3769 5823; baseline 0.008 -28"><span class='ocrx_word' id='word_1_852' title='bbox 2183 5741 2341 5812; x_wconf 74' lang='grc' dir='ltr'><strong>δῆλον</strong></span> <span class='ocrx_word' id='word_1_853' title='bbox 2381 5745 2512 5813; x_wconf 80' lang='grc' dir='ltr'><strong>ἡμῖν</strong></span> <span class='ocrx_word' id='word_1_854' title='bbox 2557 5745 2798 5815; x_wconf 82' lang='grc' dir='ltr'><strong>ποιῆσαι,</strong></span> <span class='ocrx_word' id='word_1_855' title='bbox 2844 5748 2923 5802; x_wconf 80' lang='grc' dir='ltr'><strong>ὅτι</strong></span> <span class='ocrx_word' id='word_1_856' title='bbox 2969 5750 3247 5818; x_wconf 82' lang='grc' dir='ltr'><strong>σκιρτᾶτε,</strong></span> <span class='ocrx_word' id='word_1_857' title='bbox 3293 5750 3372 5804; x_wconf 82' lang='grc' dir='ltr'><strong>ὅτι</strong></span> <span class='ocrx_word' id='word_1_858' title='bbox 3413 5751 3628 5823; x_wconf 85' lang='grc' dir='ltr'><strong>χαίρετε</strong></span> <span class='ocrx_word' id='word_1_859' title='bbox 3666 5755 3769 5807; x_wconf 78' lang='grc' dir='ltr'><strong>καί</strong></span> 
     </span>
    </p>
   </div>
  </div>
