4058 6218
330 275 435 329 665

330 381 666 451 exploratum
696 389 800 439 est.
823 382 901 439 Ac
920 382 1107 441 literas
1124 383 1338 456 quidem
1361 385 1571 442 assidue
1587 385 1654 441 ad
1676 401 1769 441 vos
1789 386 1918 442 dare

327 490 583 544 cuperem
615 494 628 530 :
659 492 842 534 verum
883 477 1184 533 Isaurorum
1224 487 1398 535 metus
1419 479 1521 535 viis
1541 479 1789 536 omnibus
1831 479 1918 539 in-

329 565 577 622 terclusis
605 582 711 622 non
741 583 829 623 me
856 569 1091 627 nancisci
1118 570 1278 636 sinit,
1327 571 1419 641 qui
1439 571 1506 626 ad
1537 586 1654 626 eam
1682 587 1794 626 rem
1823 586 1918 625 no-

327 657 408 712 bis
455 657 824 714 administram
869 675 1086 730 operam
1135 661 1430 731 praebeant.
1475 662 1694 729 Qudties
1736 672 1916 718 autem

326 749 564 804 nancisci
593 763 876 820 possumus
895 792 908 816 ,
939 752 1173 807 debitam
1199 753 1351 808 vobis
1377 753 1749 809 salutationem
1783 770 1916 822 pen-

325 840 528 908 dimus,
580 856 676 896 vos
703 857 802 912 pro
831 853 1015 899 nostro
1037 859 1186 901 more
1215 845 1585 914 admonentes,
1614 862 1682 902 ne
1707 846 1776 902 ob
1800 861 1916 902 cre-

327 930 450 986 bras
470 930 567 988 has
589 934 940 990 etcontinuas
964 936 1284 993 tentationes
1304 938 1467 992 animi
1489 939 1649 994 vestri
1673 954 1918 993 commo-

326 1032 552 1079 veantur
593 1041 656 1081 ac
699 1027 1100 1096 perturbentur.
1146 1030 1278 1086 Nam
1321 1046 1444 1086 cum
1495 1043 1819 1087 mercatores
1861 1042 1918 1088 et

324 1126 502 1172 nauta:
541 1119 854 1190 exiguarum
902 1123 1163 1178 mercium
1201 1138 1360 1180 causa
1407 1133 1512 1180 tam
1557 1125 1712 1196 longa
1747 1126 1914 1181 maria

327 1207 623 1276 trajiciant,
656 1224 719 1264 ac
746 1218 820 1265 tot
851 1209 1043 1267 ﬂuctus
1071 1213 1337 1283 intrepido
1363 1215 1543 1271 animo
1565 1215 1779 1280 adeant,
1809 1216 1912 1269 mi-

326 1298 552 1372 litesque
581 1303 755 1373 exigui
785 1304 1037 1374 stipendii
1063 1320 1222 1361 causa
1244 1307 1405 1363 vitam
1432 1308 1599 1379 ipsam
1622 1324 1720 1378 pro
1742 1309 1911 1363 nihilo

324 1389 553 1460 ducant,
584 1407 647 1448 ac
677 1393 803 1448 dum
827 1395 961 1452 lucis
990 1396 1146 1468 hujus
1176 1413 1336 1454 usura
1367 1399 1642 1464 fruuntur,
1671 1415 1912 1470 persaepe

327 1491 378 1535 et
406 1481 546 1538 fame
571 1485 962 1556 conﬂictentur,
995 1498 1048 1544 ct
1074 1490 1278 1560 magnis
1319 1490 1595 1547 itineribus
1629 1500 1908 1558 vexentur,

287 1569 292 1574 ’
326 1584 691 1645 perpetuoque
715 1577 768 1632 in
794 1579 995 1634 exteris
1022 1580 1329 1650 regionibus
1358 1581 1571 1652 degant,
1604 1591 1723 1652 post
1747 1584 1909 1637 etiam

326 1667 529 1722 nullum
556 1667 679 1724 hinc
702 1670 782 1725 vel
811 1675 1056 1741 exiguum
1086 1674 1169 1727 vel
1197 1688 1445 1743 magnum
1477 1672 1707 1728 fructum
1731 1689 1913 1729 conse-

324 1758 510 1827 qunti,
567 1774 758 1830 magna
802 1776 868 1816 ex
911 1770 1063 1832 parte
1107 1773 1479 1832 praematuram
1522 1779 1586 1819 ac
1622 1765 1910 1820 violentam

324 1859 552 1906 mortem
592 1861 848 1922 oppetant
880 1873 895 1909 :
927 1870 1047 1910 cum
1094 1856 1308 1912 caeleste
1350 1857 1624 1927 praemium
1654 1859 1910 1930 pr0poni-

323 1949 433 2006 tur,
461 1955 522 1996 ac
545 1953 666 2012 post
690 1952 915 2000 mortem
939 1946 1110 2016 major
1132 1947 1406 2018 multoque
1429 1947 1707 2005 sublimior
1731 1964 1912 2004 remus-

321 2035 528 2090 neratio
546 2075 562 2100 ,
585 2051 743 2106 quam
769 2039 982 2095 tandem
1007 2041 1214 2096 veniam
1236 2042 1583 2111 obtinebunt,
1612 2045 1702 2114 qui
1733 2047 1904 2100 molli-

320 2125 395 2178 tie
421 2133 579 2196 atque
607 2128 810 2199 ignavia
838 2141 1070 2203 torpent,
1099 2148 1162 2189 ac
1189 2149 1294 2190 non
1325 2134 1493 2205 ipsam
1514 2152 1724 2208 quoque
1745 2137 1905 2192 vitam

319 2226 674 2274 contemnunt
697 2235 760 2276 ac
785 2236 883 2292 pro
909 2222 1075 2280 nihilo
1113 2226 1342 2295 putant?
1369 2226 1498 2282 Haec
1538 2227 1698 2298 igitur
1730 2228 1910 2283 omnia

320 2316 499 2364 tecum
525 2311 905 2382 considerans,
935 2315 1171 2386 illudque
1197 2317 1324 2374 item
1343 2359 1360 2386 ,
1391 2333 1479 2376 res
1507 2329 1799 2390 praesentes
1828 2321 1910 2375 ni-

319 2399 396 2455 hil
422 2416 454 2456 a
479 2402 628 2459 fumo
655 2415 709 2460 et
735 2407 1013 2463 insomniis
1033 2408 1278 2478 diﬂ‘erre,
1307 2411 1694 2484 ﬂorentemque
1737 2413 1914 2470 homi-

319 2506 450 2545 num
479 2501 674 2548 statum
701 2498 882 2553 vernis
909 2498 1051 2554 foliis
1074 2541 1090 2567 ,
1133 2516 1254 2572 qua:
1281 2503 1441 2557 simul
1479 2512 1639 2575 atque
1667 2507 1911 2562 oriuntur

319 2581 503 2637 statim
550 2598 908 2655 exarescunt,
951 2591 1118 2647 nihilo
1160 2595 1591 2663 praestantiorem
1635 2613 1790 2665 esse,
1837 2598 1905 2654 da

318 2686 538 2741 operam
563 2715 581 2744 ,
624 2687 683 2731 ut
719 2680 967 2736 omnibus
989 2681 1292 2752 hujusmodi
1323 2687 1441 2742 telis
1483 2689 1813 2760 superiorem
1854 2699 1909 2747 te

315 2765 579 2834 pnebcas.
613 2768 761 2825 Licet
787 2771 927 2827 enim
950 2813 965 2838 ,
1014 2774 1060 2828 si
1097 2775 1258 2831 modo
1288 2778 1454 2846 velis,
1496 2779 1663 2849 ipsam
1697 2795 1909 2851 quoque

315 2855 444 2912 vita:
482 2873 731 2930 pompam
778 2870 1121 2922 contemnere
1153 2881 1217 2922 ac
1256 2869 1583 2938 proculcare.
1625 2871 1800 2928 Unum
1852 2873 1906 2927 id

320 2960 502 3017 specta
523 2991 538 3014 ,
577 2967 810 3022 quonam
847 2966 1002 3026 pacto
1025 2972 1218 3029 magno
1242 2974 1361 3016 cum
1388 2961 1566 3017 studio
1590 2977 1653 3018 ac
1677 2963 1906 3034 diligen-

318 3039 391 3092 tia
438 3039 576 3096 viam
619 3053 860 3113 arctam,
913 3063 1033 3118 qua:
1079 3049 1145 3105 ad
1184 3050 1374 3106 czelum
1419 3052 1594 3122 vehit,
1641 3055 1906 3112 coniicere

315 3144 512 3201 queas.

315 3265 500 3321 Cl'll.
530 3268 703 3338 Casta,
743 3269 942 3329 Valerio
963 3316 979 3342 ,
1005 3275 1316 3348 Diaphanto,
1349 3289 1394 3333 et
1421 3281 1632 3351 Cyriaco
1655 3325 1668 3350 ,
1698 3286 1905 3355 presby-

279 3385 284 3388 -
708 3366 849 3422 teris.
887 3367 1128 3438 (Cucuso
1169 3386 1310 3427 anno
1345 3372 1514 3445 405.)

386 3496 544 3563 Quod
573 3513 740 3566 auro,
783 3515 904 3555 cum
934 3501 1041 3573 igni
1071 3519 1214 3574 saepe
1243 3507 1517 3576 probatur,
1553 3512 1766 3577 accidit,
1801 3511 1903 3568 hoe

312 3590 478 3642 etiam
504 3590 682 3645 aureis
711 3591 904 3647 animis
931 3608 962 3647 a
992 3596 1374 3653 tentationibus
1402 3599 1620 3656 evenire
1645 3603 1803 3659 solet.
1835 3603 1905 3660 Ut

311 3680 460 3732 enim
493 3679 722 3736 ﬂamma:
752 3693 940 3738 natura
970 3686 1246 3742 materiam
1279 3688 1422 3743 illam
1451 3729 1466 3754 ,
1498 3705 1621 3746 cum
1651 3662 1904 3763 quiimdiu

311 3771 448 3826 artis
470 3771 557 3827 lex
583 3774 844 3843 permittit
869 3790 989 3831 cum
1019 3793 1082 3832 ea
1112 3788 1392 3852 versatur,
1423 3783 1578 3854 longe
1606 3784 1901 3854 Splendidi-

312 3878 466 3918 orem
496 3879 559 3920 ac
589 3866 857 3935 puriorem
889 3868 1066 3924 reddit
1098 3887 1113 3925 :
1144 3871 1332 3927 eodem
1359 3874 1520 3929 modo
1549 3875 1901 3946 frequentium

313 3957 669 4012 tentationum
698 3957 885 4014 fornax
916 3959 1162 4018 homines
1196 3979 1319 4030 eos,
1350 3966 1439 4034 qui
1480 3977 1657 4022 mente
1691 3968 1758 4023 ad
1787 3970 1904 4024 auri

312 4049 719 4106 similitudinem
753 4053 1034 4120 accedunt,
1056 4070 1190 4111 auro
1203 4059 1392 4128 quovis
1425 4059 1812 4130 Splendidiores
1840 4077 1905 4118 ac

313 4143 474 4213 loiige
497 4146 896 4214 przestantiores
912 4147 1094 4204 efﬁcit.
1114 4148 1194 4205 Ob
1213 4165 1438 4221 eamque
1458 4166 1692 4220 causam,
1718 4169 1906 4224 quam-

309 4239 394 4292 vis
417 4248 523 4291 tam
550 4237 706 4309 longe
725 4257 754 4292 a
778 4239 931 4295 vobis
950 4242 1176 4311 sejuncti
1198 4243 1383 4310 simus,
1411 4260 1504 4301 vos
1522 4255 1696 4303 tamen
1716 4248 1902 4304 beatos

309 4327 612 4397 prmdicare
644 4346 928 4400 numquam
959 4331 1273 4388 desinimus.
1308 4334 1468 4391 Scitis
1497 4337 1639 4392 enim
1665 4380 1680 4400 ,
1713 4323 1897 4406 scitis,

311 4419 568 4488 inquam,
602 4422 919 4492 perspicue,
954 4432 1206 4492 quantum
1247 4425 1550 4496 hujusmodi
1591 4429 1900 4485 insidiarum

313 4508 526 4564 lucrum
556 4511 660 4578 sit,
685 4520 844 4583 atque
886 4512 1044 4584 hujus
1084 4515 1205 4571 vita;
1249 4519 1654 4589 pr05peritatem
1698 4523 1907 4578 nudum.

308 4600 590 4657 dumtaxat
619 4611 673 4658 et
697 4603 854 4660 inane
885 4605 1197 4660 vocabulum
1226 4623 1287 4664 ac
1311 4625 1370 4665 re
1397 4625 1618 4666 vacuum
1647 4628 1784 4677 esse,
1813 4615 1894 4669 fu-

309 4705 431 4749 tura
457 4704 635 4751 autem
667 4695 832 4764 bona,
869 4697 1047 4767 ﬁrma,
1080 4700 1310 4767 stabilia,
1343 4711 1486 4758 certa
1507 4745 1522 4768 ,
1553 4705 1896 4762 immortalia.

304 4785 420 4841 Nec
449 4801 578 4842 vero
602 4787 704 4842 hoc
730 4787 1005 4844 dumtaxat
1033 4789 1334 4854 admirandi
1363 4793 1532 4849 virtus
1559 4794 1740 4862 habet,
1757 4799 1899 4867 quod

309 4879 429 4932 haec
461 4878 615 4934 nobis
641 4880 860 4950 praemia
890 4882 1174 4950 conciliat,
1202 4899 1385 4938 verum
1417 4886 1574 4941 etiam
1605 4887 1746 4957 quod
1775 4899 1902 4946 ante

306 4972 656 5039 praemiorum
687 4980 896 5043 tempus
926 4973 1092 5045 ipsius
1130 4976 1420 5035 certamina
1447 4978 1785 5048 prmmiorum
1816 4998 1901 5036 ra-

303 5067 513 5117 tionem
543 5062 781 5130 habent,
813 5074 972 5134 atque
1002 5065 1116 5136 ipsa
1145 5081 1250 5122 non
1282 5068 1442 5124 modo
1472 5070 1649 5125 soluto
1693 5072 1900 5129 theatro

302 5154 603 5210 victoribus
633 5155 859 5224 palmam
889 5156 1078 5225 aﬂ'ert,
1116 5158 1210 5214 sed
1249 5159 1407 5215 etiam
1441 5163 1497 5216 in
1535 5163 1708 5218 media
1738 5180 1898 5220 arena

304 5245 599 5314 prasclaras
623 5246 837 5302 athletis
863 5264 1090 5306 coronas
1120 5252 1304 5307 nectit.
1336 5253 1416 5308 Ac
1449 5255 1671 5324 proinde
1702 5257 1898 5313 Paulus

301 5356 524 5408 quoque
554 5356 658 5394 non
688 5341 756 5395 ob
783 5341 1140 5398 calamitatum
1172 5346 1386 5414 prmmia
1408 5347 1681 5403 dumtaxat
1705 5351 1899 5420 gaudet

296 5446 370 5484 ac
401 5431 631 5499 hctatnr,
666 5449 850 5488 verum
880 5435 1040 5490 etiam
1068 5439 1137 5492 ob
1164 5439 1306 5507 ipsas
1333 5455 1542 5510 quoque
1567 5443 1897 5499 calamitates

295 5523 600 5594 gloriatur,
636 5525 718 5580 his
744 5529 920 5584 verbis
951 5539 1106 5583 utens
1151 5547 1164 5582 :
1220 5529 1342 5584 Non
1373 5531 1536 5584 solum
1569 5541 1778 5599 autem‘,
1808 5535 1897 5587 sed

294 5628 355 5672 et
386 5620 736 5688 gloriamurin
755 5622 1160 5679 tribulationibus
1183 5623 1356 5696 (Rom.
1392 5626 1444 5681 5.
1466 5627 1500 5682 5
1523 5625 1568 5696 ).
1598 5625 1676 5681 Ac
1703 5626 1897 5683 deinde

296 5716 652 5784 prmuiorum
674 5731 880 5782 eorum,
905 5734 1022 5786 qua:
1047 5734 1111 5773 ex
1135 5720 1433 5777 calamitate
1455 5730 1626 5776 ortum
1655 5719 1888 5789 trahunt,

635 5817 906 5875 Pnnot.
956 5817 1071 5876 (in.
1124 5819 1244 5880 Lll.

1789 266 2178 328 EI’ISTOLE.

3509 271 3620 333 606

2028 386 2222 442 seriem
2251 399 2570 442 enumerans
2589 425 2606 454 ,
2637 385 2712 442 ait
2754 401 2768 440 :
2813 382 3094 440 Tribulatto
3119 384 3412 454 patientiam
3443 389 3616 457 parit,-

2031 479 2202 546 hanc,
2237 479 2449 549 inquam
2472 521 2486 544 ,
2519 478 2778 534 bonorum
2815 486 3040 533 matrem
3064 518 3080 544 ,
3107 487 3320 547 portum
3362 477 3613 536 ﬂuctibus

2024 584 2293 638 vacuum,
2344 570 2678 640 tranquillam
2729 569 2916 636 vitam,
2967 583 3102 638 rupe
3146 569 3456 637 fortiorem,
3512 571 3612 626 ad-

2023 669 2236 715 amante
2287 660 2600 727 ﬁrmiorem,
2631 659 2904 730 quibusvis
2950 661 3116 715 armis
3149 659 3518 726 valentiorem,
3547 676 3612 718 ac

2023 751 2289 807 menibus
2345 751 2618 806 tutiorem.
2676 751 2802 806 Haec
2846 761 3024 806 autem
3070 751 3318 806 omnibus
3370 755 3610 809 numeris

2023 843 2258 911 perfecta
2275 849 2330 897 et
2353 842 2594 897 absoluta
2618 841 2862 896 alumnos
2891 857 3018 896 suos
3045 842 3298 912 probatos
3348 852 3402 897 et
3441 858 3607 913 gene-

2020 947 2172 989 rosos
2191 945 2350 1004 atque
2377 934 2741 990 incredibilem
2767 934 3048 1005 quemdam
3073 936 3124 989 in
3149 936 3361 990 modum
3381 936 3610 995 invictos

2025 1025 2222 1081 reddit.
2248 1025 2421 1081 Nullis
2459 1026 2603 1080 enim
2630 1025 2913 1092 molestiis,
2940 1041 3058 1096 qua:
3083 1026 3306 1081 subinde
3328 1026 3433 1082 illis
3459 1029 3608 1083 acci-

2018 1114 2171 1182 dunt,
2195 1116 2340 1186 ipsos
2360 1116 2661 1184 perturbari
2681 1131 2744 1170 ae
2769 1117 2923 1186 dejici
2945 1117 3073 1172 sinit
3095 1133 3110 1170 :
3135 1132 3317 1173 verum
3343 1121 3604 1189 quemad-

2018 1205 2236 1261 modum
2259 1223 2437 1276 rupes,
2471 1222 2577 1277 quo
2603 1207 2841 1278 pluribus
2863 1208 3110 1265 ﬂuctibus
3137 1211 3462 1279 verberatur,
3488 1210 3608 1283 ipsa

2016 1296 2230 1366 quidem
2253 1299 2440 1367 purior
2465 1298 2712 1366 efﬁcitur,
2736 1314 2799 1354 ac
2826 1316 2893 1355 nc
2920 1301 3180 1356 tantillum
3207 1302 3421 1372 quidem
3449 1318 3604 1360 emo-

2015 1397 2188 1457 vetur,
2211 1404 2468 1459 aquarum
2495 1399 2692 1458 autem,
2724 1405 2843 1462 qua:
2873 1391 2972 1462 ipsi
2997 1392 3306 1459 alliduntur,
3335 1401 3598 1450 tumorem

2015 1479 2163 1534 nullo
2185 1480 2397 1560 negotio
2424 1480 2647 1550 dissipat
2686 1496 2749 1536 ac
2774 1481 2939 1548 delet,
2991 1497 3096 1536 non
3135 1483 3247 1553 jam
3277 1486 3602 1554 percutiens,

1969 1593 1975 1596 ·
2015 1570 2108 1626 sed
2129 1585 2426 1641 percussa:
2474 1571 2666 1628 eodem
2713 1573 2915 1629 scilicet
2959 1573 3119 1629 modo
3163 1577 3208 1630 is
3259 1590 3470 1646 quoque
3513 1579 3606 1648 qui

2016 1663 2268 1733 patientia
2313 1665 2621 1734 exploratus
2657 1673 2763 1732 est,
2805 1664 3025 1720 insidias
3085 1681 3275 1722 omnes
3323 1678 3540 1739 superat
3584 1685 3603 1723 :

2014 1756 2263 1827 quodque
2303 1757 2605 1813 mirandum
2645 1766 2752 1827 est,
2782 1759 2899 1829 plus
2942 1759 3152 1814 roboris
3207 1759 3330 1815 hinc
3381 1759 3601 1832 colligit,

2015 1864 2122 1904 non
2155 1851 2464 1918 inferendis,
2511 1851 2608 1907 sed
2637 1851 2995 1922 perpetiendis
3021 1853 3194 1918 malis,
3224 1867 3320 1908 eos
3342 1854 3433 1924 qui
3462 1853 3605 1910 infe-

2014 1951 2140 1997 runt
2177 1943 2310 1998 mira
2340 1944 2590 2000 facilitate
2624 1944 2877 2015 frangens
2905 1960 2968 2000 ac
2994 1944 3314 2001 dissolvens.
3349 1945 3474 2000 llaec
3495 1961 3611 2003 norr

2013 2048 2081 2088 co
2110 2035 2318 2104 scripsi,
2350 2034 2494 2106 quod,
2521 2035 2620 2090 hac
2660 2037 2712 2091 in
2767 2051 2827 2090 re
2862 2051 2949 2091 me
2995 2036 3247 2107 magistro
3276 2052 3410 2108 opus
3436 2036 3605 2092 habe-

2013 2131 2177 2193 retis;
2214 2127 2343 2182 mihi
2406 2130 2545 2183 enim
2602 2128 2877 2199 prudentia
2927 2138 3102 2185 vestra
3166 2129 3436 2200 explorata
3487 2139 3604 2198 est,

2012 2219 2209 2289 quippe
2237 2234 2394 2290 quam
2426 2219 2735 2288 rcbusipsis
2765 2228 3010 2274 testatam
3037 2218 3272 2275 feceritis
3301 2235 3455 2292 :nam
3483 2236 3603 2289 qua:

2014 2325 2113 2366 nos
2160 2325 2412 2366 sermone
2441 2325 2582 2366 nunc
2615 2310 2912 2377 docuimus,
2958 2310 3072 2365 hzec
3122 2311 3219 2380 ipsi
3271 2310 3602 2380 perferendis

2013 2402 2402 2458 calamitatibus
2429 2401 2779 2473 prmdicastis.
2805 2401 3162 2470 Quamobrem
3201 2418 3306 2457 non
3345 2401 3486 2473 quod
3516 2417 3604 2456 me

2011 2495 2269 2566 magistro
2284 2511 2418 2567 opus
2443 2495 2710 2551 haberetis
2728 2534 2748 2564 ,-
2773 2494 2887 2551 hzec
2905 2496 3116 2566 scripsi,
3145 2511 3330 2552 verum
3349 2496 3600 2566 quoniam

2010 2587 2263 2643 diuturno
2285 2597 2522 2659 tempore
2549 2588 2790 2654 siluistis,
2816 2588 2923 2654 vel,
2947 2596 3006 2642 ut
3029 2589 3227 2644 rectius
3247 2589 3440 2652 dicam,
3463 2589 3601 2643 utri-

2011 2694 2116 2750 que
2145 2679 2397 2735 diuturno
2422 2679 2638 2735 silentio
2668 2680 2748 2734 usi
2775 2694 2980 2746 sumus,
3011 2678 3207 2734 idcirco
3233 2679 3473 2750 longiore
3502 2678 3604 2735 hac

2009 2771 2236 2840 epistola
2259 2771 2336 2825 uti
2362 2770 2534 2826 libuit.
2558 2770 2727 2826 Porro
2747 2784 2868 2826 cum
2893 2769 2962 2825 ad
3000 2779 3106 2826 tam
3150 2769 3320 2826 fortes
3359 2783 3424 2827 ac
3465 2781 3605 2826 stre-
3702 2806 3706 2811 ι

2011 2877 2146 2918 nuos
2166 2861 2433 2933 patientia:
2455 2862 2658 2933 pugiles
2683 2862 2997 2930 scriberem,
3027 2863 3096 2918 de
3121 2877 3225 2934 qua
3260 2862 3473 2918 tandem
3497 2863 3607 2918 alia

2009 2967 2068 3007 re
2093 2952 2253 3008 verba
2275 2952 2450 3009 facere
2473 2953 2774 3023 oportebat,
2800 2968 2958 3024 quam
2983 2953 3052 3010 de
3079 2952 3184 3021 his,
3212 2953 3282 3009 ob
3309 2967 3441 3024 quas
3479 2961 3603 3008 tan-

2011 3051 2194 3114 topere
2218 3043 2350 3099 clari
2384 3058 2448 3099 ac
2467 3044 2711 3100 celebres
2734 3044 3014 3100 exstitistis
3031 3047 3056 3099 ἲ
3083 3047 3160 3100 Ac
3187 3059 3256 3100 ne
3279 3044 3366 3100 hic
3384 3045 3612 3115 quidem-

2009 3136 2364 3192 dimicationis
2395 3135 2597 3192 fructus
2617 3135 2897 3203 subsistit;
2927 3151 3110 3192 verum
3150 3135 3358 3208 longius
3378 3151 3600 3207 progre-

2008 3229 2152 3284 ditur
2170 3244 2234 3285 ac
2263 3229 2503 3284 scaturit.
2533 3227 2777 3283 Probatio
2815 3229 2981 3296 enim,
3024 3228 3216 3299 inquit,
3269 3244 3416 3298 spem
3466 3229 3605 3298 parit

2007 3325 2028 3394 (
2050 3323 2196 3379 Rom.
2230 3323 2285 3379 5.
2312 3323 2380 3394 4)
2407 3340 2420 3376 :
2447 3331 2502 3377 et
2539 3321 2754 3393 quidem
2781 3336 2930 3392 spem
2957 3322 3132 3392 reipsa
3179 3321 3597 3376 omnino-even-

2009 3423 2201 3482 turam,
2233 3429 2338 3473 non
2363 3423 2542 3470 autem
2564 3413 2688 3469 huic
2723 3413 2970 3468 humanae
2999 3411 3226 3476 similem
3243 3454 3258 3479 ,
3285 3427 3404 3483 quae
3424 3426 3598 3482 smpe-

2007 3523 2269 3576 numcro,
2310 3490 2588 3577 postquam
2614 3504 2884 3562 laboribus
2924 3501 3188 3560 divexarit
3228 3518 3323 3560 eos
3365 3504 3456 3575 qui
3497 3503 3599 3573 ipsi

2007 3598 2211 3654 inhiant
2230 3641 2246 3666 ,
2275 3598 2516 3654 laborum
2546 3596 2751 3652 fructus
2780 3596 2865 3652 eis
2886 3595 3113 3652 reddere
3147 3595 3370 3666 nequit,
3403 3610 3592 3650 verum

2007 3699 2202 3761 prteter
2225 3689 2598 3745 detrimentum
2629 3702 2722 3743 eos
2737 3687 2895 3742 etiam
2924 3686 2976 3742 in
3000 3686 3344 3757 ignominiam
3374 3692 3428 3739 ct
3447 3684 3594 3754 peri-

2007 3784 2185 3838 culum
2213 3781 2452 3852 conjicit.
2484 3782 2554 3836 At
2582 3779 2698 3835 haec
2738 3793 2845 3834 non
2873 3777 3138 3849 ejusmodi
3175 3785 3258 3832 est
3296 3792 3312 3829 :
3352 3775 3598 3845 quando-

2007 3875 2220 3946 quidem
2246 3889 2344 3930 nec
2361 3874 2473 3944 ipsa
2491 3874 2723 3928 humana
2743 3879 2845 3926 est.
2869 3869 2925 3924 Id
2947 3869 3085 3940 quod
3105 3883 3215 3923 uno
3237 3868 3403 3923 verbo
3423 3867 3602 3922 decla-

2007 3983 2132 4024 rans
2145 3966 2359 4033 Paulus,
2378 3966 2460 4020 his
2479 3964 2656 4020 verbis
2687 3963 2938 4019 utebatur
2961 3981 2975 4017 :
2996 3962 3125 4033 Spes
3150 3969 3320 4014 autem
3338 3977 3437 4014 non
3466 3977 3593 4014 con-

2009 4059 2176 4132 fundit
2198 4056 2405 4129 (Ibid.).
2435 4055 2618 4126 Neque
2655 4055 2797 4111 enim
2827 4054 3102 4108 dumtaxat
3130 4067 3250 4108 eum
3282 4052 3371 4122 qui
3413 4051 3600 4122 hujus-

2008 4150 2149 4206 modi
2167 4147 2546 4206 certaminibus
2570 4147 2822 4217 fungitur,
2837 4145 3161 4201 detrimento
3177 4157 3240 4198 ac
3267 4143 3470 4214 pudore
3487 4157 3596 4198 non

2007 4243 2388 4310 afﬁcit,verum
2404 4243 2564 4297 etiam
2584 4239 2854 4295 laboribus
2883 4253 2946 4292 ac
2984 4237 3269 4292 sudoribus
3299 4236 3456 4306 longe
3483 4249 3599 4288 am-

2008 4336 2203 4406 pliores
2219 4349 2347 4406 opes
2360 4343 2414 4389 et
2429 4333 2653 4404 gloriam
2672 4331 2771 4402 ipsi
2789 4329 2962 4386 aﬂ'ert.
2987 4329 3117 4384 Nam
3140 4344 3200 4385 ea
3228 4344 3417 4383 manus
3433 4327 3595 4392 illius,

2007 4443 2127 4498 qua:
2165 4427 2354 4482 borum
2396 4425 2638 4480 laborum
2679 4422 2980 4478 mercedem
3010 4421 3244 4492 prazbct,
3276 4430 3462 4475 natura
3492 4429 3595 4476 cst.

2008 4521 2262 4590 Epistolas
2299 4519 2516 4575 modum
2559 4517 2738 4573 forsan
2785 4515 3162 4571 excessimus:
3198 4523 3252 4568 at
3299 4527 3406 4568 non
3455 4512 3595 4584 apud

2008 4629 2136 4680 vos,
2163 4627 2191 4665 a
2217 4596 2409 4682 quibus
2435 4620 2542 4665 tam
2586 4609 2824 4679 impense
2864 4622 3128 4662 amamur.
3154 4605 3284 4660 Nam
3329 4619 3447 4659 cum
3489 4620 3594 4657 non

2007 4705 2369 4775 cpistolarum,
2399 4701 2494 4757 sed
2531 4699 2782 4756 amicitiae
2810 4699 2924 4768 lege
2953 4713 3039 4761 res
3065 4695 3364 4767 hujusmodi
3392 4695 3596 4766 ponde-

2007 4796 2157 4861 retis,
2197 4794 2414 4850 minime
2439 4808 2568 4848 sane
2604 4792 2733 4846 mihi
2771 4791 2987 4846 dubium
3029 4798 3144 4856 est,
3184 4789 3310 4859 quin
3348 4788 3598 4858 exiguam

2007 4902 2218 4958 quoque
2257 4885 2394 4940 hanc
2421 4883 2698 4954 epistolam
2730 4882 3083 4937 existimaturi
3112 4882 3247 4936 sitis.
3273 4879 3378 4935 Sed
3408 4895 3596 4950 quam-

2006 4995 2164 5050 quam
2195 4977 2370 5032 brevis
2386 4977 2536 5031 vobis
2561 4990 2680 5030 esse
2698 4974 2968 5036 videatur,
3000 4973 3157 5042 hujus
3184 4988 3394 5043 quoque
3416 4983 3594 5032 tamen

2007 5072 2306 5128 nierccdem
2337 5086 2367 5124 a
2394 5070 2544 5124 vobis
2569 5068 2861 5140 efﬂagitare
2890 5068 3109 5122 minimc
3127 5068 3388 5124 desinam.
3420 5067 3592 5136 Quam

2005 5162 2260 5219 tandem?
2302 5162 2415 5216 Non
2447 5169 2505 5216 ut
2534 5176 2563 5214 a
2593 5160 2743 5215 vobis
2781 5175 2932 5215 amer
2955 5177 2968 5214 :
2993 5175 3166 5230 neque
3199 5160 3341 5215 enim
3391 5160 3600 5232 ﬂagita-

2007 5268 2120 5312 tore
2158 5256 2223 5310 ad
2263 5271 2382 5310 eam
2429 5270 2546 5310 rem
2598 5254 2748 5309 vobis
2779 5268 2912 5324 opus
2945 5264 3064 5319 est,
3112 5270 3232 5309 cum
3277 5254 3380 5310 hoc
3402 5265 3596 5324 sponte

2003 5350 2365 5420 copiosissime
2405 5363 2618 5416 semper
2655 5357 2710 5403 et
2750 5349 3063 5418 persolvatis
3098 5358 3152 5402 et
3192 5347 3469 5405 debeatis:
3495 5365 3597 5405 nec

2005 5441 2129 5495 item
2155 5450 2212 5494 ut
2251 5441 2404 5496 nobis
2446 5439 2787 5496 rescribatis:
2821 5441 2949 5495 illud
2974 5441 3116 5496 enim
3143 5441 3270 5496 mihi
3299 5443 3594 5512 persuasis-

2001 5537 2194 5590 simum
2237 5544 2338 5601 est,
2378 5550 2473 5589 vos
2518 5550 2585 5590 ne
2631 5534 2697 5588 ad
2746 5534 2852 5591 hoc
2890 5534 3104 5605 quidem
3149 5537 3413 5591 monitore
3457 5551 3593 5605 opus

2005 5629 2222 5684 habere.
2246 5628 2500 5696 Qumnam
2540 5629 2696 5697 igitur
2727 5628 2840 5684 hmc
2871 5644 3076 5684 merces
3104 5641 3186 5684 est
3223 5625 3514 5683 ?Nimirnm
3535 5637 3591 5681 ut

2013 5721 2139 5777 illud
2165 5737 2229 5777 ex
2255 5723 2402 5778 vobis
2428 5722 2738 5794 intelligam,
2759 5738 2852 5778 vos
2890 5723 3010 5778 larto
3038 5736 3193 5793 atque
3233 5723 3380 5776 hilari
3410 5722 3588 5775 animo

3157 5824 3230 5882 18
