4058 6218
322 275 423 328 667

321 362 699 436 εὐφραίνεσθε,
753 363 846 417 καὶ
898 365 980 418 ὄτι
1017 363 1166 418 οὐδὲν
1214 364 1318 418 ὑπὸ
1359 365 1465 418 τῶν
1506 365 1905 438 ἐπενεχθέντων

1764 271 2154 328 ΕΡΙΞΤΟΙΛΕ.

1974 366 2106 436 ,τῆς
2155 366 2377 436 ἀγάπης
2419 367 2516 436 τῆς
2560 364 2850 437 ὑμετέρας,
2887 363 2982 418 καὶ
3021 364 3217 437 ἴδωμεν
3264 367 3473 441 σαφῶς,
3503 369 3588 424 ὅτι

3480 276 3583 331 668

319 479 451 548 ὑμῖν
480 476 783 531 πεπόνθατε
824 477 1032 546 δεινῶν,
1078 477 1216 532 ἀλλά
1248 478 1490 558 πλείονος
1534 479 1731 550 ἡδονῆς
1777 481 1907 551 ύμῖν
2006 479 2231 550 γνησίας
2258 478 2603 548 ἀπολαύομεν
2636 478 2952 548 διαθέσεως,
2982 481 3042 534 οὐ
3068 480 3167 553 τὴν
3194 481 3462 552 τυχοῦσαν
3492 483 3587 537 καὶ

321 592 578 656 ὑπόθεσις
622 593 678 646 αί
711 591 996 645 ἐπιϐουλαὶ
1035 591 1296 661 γίνονται.
1343 593 1441 647 Ἂν
1482 593 1590 665 γὰρ
1621 593 1902 666 δεξώμεθα

317 702 610 777 ἐπιστολὴν
657 704 832 759 ταῦτα
881 705 1152 776 φέρουσαν
1183 705 1318 776 ἡμῖν
1353 704 1422 759 τὰ
1457 705 1773 775 εὐαγγέλια,
1805 705 1901 760 καὶ

316 819 575 890 ἐρημίας,
605 817 698 872 καὶ
721 817 904 889 λιμοῦ,
939 819 1033 872 καὶ
1060 817 1271 889 λοιμοῦ,
1307 818 1403 872 καὶ
1439 817 1692 888 πολέμων
1732 819 1903 871 Ἰσαυ-

320 930 512 1002 ρικῶν,
532 932 626 984 καὶ
643 930 955 1002 ἀρρωστίας
980 931 1217 1001 ἀπάσης,
1240 924 1320 994 οἷς
1343 929 1547 985 ἅπασιν
1573 928 1901 999 ἐκδεδόμεθα

314 1045 431 1111 νῦν,
475 1045 624 1098 ἔσται
662 1046 792 1116 ἡμῖν
829 1045 1170 1118 παράκλησις
1212 1044 1280 1098 τὰ
1313 1044 1537 1098 τοιαῦτα
1565 1045 1886 1116 γράμματα,

314 1160 410 1214 καὶ
430 1159 719 1232 φάρμακα,
751 1160 847 1214 καὶ
881 1161 1110 1233 ἰατρεῖα.
1163 1158 1496 1221 Ἐννοοῦντες
1524 1157 1701 1212 τοίνυν
1732 1157 1894 1226 ἡλίκα

312 1276 446 1346 ἡμῖν
495 1275 796 1347 χαριεῖσθε,
839 1275 934 1329 καὶ
989 1275 1310 1340 ἐπιστεῖλαι,
1381 1273 1476 1327 καὶ
1530 1274 1703 1328 ταῦτα
1765 1275 1896 1344 ἡμῖν

312 1385 613 1440 ἐπιστεῖλαι
649 1386 1062 1459 παρακλήθητε,
1091 1387 1180 1442 ἵνα
1209 1389 1378 1458 ἡμᾶς,
1417 1387 1509 1440 καὶ
1548 1388 1613 1441 ἐκ
1640 1387 1894 1440 τοσούτου

313 1500 657 1571 καθημένους
685 1500 1070 1572 διαστήματος,
1100 1500 1647 1572 πολλῆςὲμπλήσητε
1675 1501 1776 1571 τῆς
1805 1502 1895 1554 εὐ-

312 1609 605 1683 φροσύνηςο

685 1747 818 1798 PH'.
857 1743 1144 1812 Οὐρϐικίῳ
1190 1743 1521 1811 ἑπτα-κόπῳ.

381 1903 444 1955 Εἰ
467 1903 561 1957 καὶ
588 1898 755 1954 πολὺν
786 1898 893 1971 έχω
929 1899 1119 1971 χρόνον
1159 1899 1233 1970 μὴ
1273 1900 1668 1971 συγγενόμενός
1705 1916 1798 1953 σου
1825 1902 1896 1972 τῇ

307 2005 589 2078 εὐλαϐείᾳ,
628 2007 742 2059 ἀλλ’
776 2006 928 2060 οὐδὲν
972 2007 1219 2060 ἐντεῦθεν
1259 2007 1627 2080 ρᾳθυμότερος
1670 2009 1797 2080 περὶ
1832 2010 1894 2063 τὸ

306 2120 484 2190 φιλεῖν
525 2121 745 2189 γέγονα.
785 2119 1023 2191 Τοιαύτη
1061 2119 1170 2193 γὰρ
1197 2121 1310 2194 -τῆς
1351 2121 1574 2193 γνησίας
1607 2123 1826 2194 ἀγάπης
1858 2123 1892 2193 ἡ

307 2235 492 2303 φύσις·
541 2235 600 2286 οὐ
662 2233 838 2304 χρόνῳ
885 2234 1081 2306 μακρῷ
1129 2234 1472 2304 μαραίνεται,
1527 2235 1587 2288 οὐ
1638 2235 1894 2308 δυσκολίᾳ

311 2345 658 2417 πραγμάτων
688 2347 1052 2417 ἀμαυροῦται,
1086 2346 1220 2401 ἀλλά
1245 2347 1394 2419 μένει
1419 2347 1681 2418 διηνεκῶς
1706 2349 1890 2419 ἀκμά-

306 2459 496 2524 ζουσα.
527 2459 617 2513 Διδ
641 2459 705 2532 δὴ
730 2461 824 2514 καὶ
854 2461 1034 2532 ἡμεῖς,
1068 2460 1162 2514 καὶ
1199 2461 1257 2515 ἐν
1290 2460 1510 2524 πολλαῖς
1538 2463 1891 2534 περιστάσεσι

303 2571 612 2642 γενόμενοι,
650 2571 744 2624 καὶ
769 2568 866 2625 νῦν
903 2573 982 2636 εἰς
1017 2570 1116 2644 τὴν
1157 2573 1392 2644 ἐσχάτην
1426 2573 1525 2646 τῆς
1565 2574 1891 2646 οἰκουμένης

306 2686 548 2759 ἐρημίαν
572 2686 982 2758 ἀπενεχθέντες,
1012 2687 1108 2742 καὶ
1155 2688 1303 2761 φόϐῳ
1341 2689 1612 2754 συζῶντες
1653 2691 1891 2762 διηνεκεῖ

300 2799 384 2871 τῷ
423 2801 534 2854 τῶν
568 2800 801 2872 λῃστῶν,
834 2801 929 2856 καὶ
955 2800 1242 2874 πολιορκίᾳ
1279 2805 1438 2874 καινῇ
1474 2802 1618 2872 (καθ’
1651 2784 1889 2875 ἑκάστην

305 2915 417 2986 γὰρ
438 2915 652 2988 ἡμέραν
673 2917 707 2986 ἡ
733 2914 1046 2979 Κουκουσδς
1069 2914 1455 2987 πολιορκεῖται,
1481 2915 1581 2978 τὰς
1601 2915 1751 2979 ὁδοὺς
1779 2914 1888 2969 τῶν

301 3027 516 3103 λῃστῶν
559 3027 1064 3100 ἀποτειχισάντων),
1109 3027 1285 3082 οὐδενὶ
1329 3028 1534 3083 τούτων
1582 3029 1888 3101 γεγόναμεν

303 3141 670 3216 ρᾳθυμότεροι
697 3141 828 3215 περὶ
858 3141 958 3214 τὴν
986 3141 1083 3215 σὴν
1119 3141 1428 3211 εὐλάϐειαν,
1455 3140 1593 3197 ἀλλὰ
1623 3142 1716 3197 καὶ
1747 3143 1889 3216 γρά-

301 3274 500 3330 φομεν,
525 3257 620 3310 καὶ
649 3255 748 3328 τὴν
775 3255 1132 3328 ὀφειλομένην
1169 3256 1531 3328 ἀποδιδόαμεν
1559 3256 1884 3330 πρόσρησιν,

301 3372 397 3426 καί
437 3389 498 3425 σε
549 3369 997 3444 παρακαλοῦμεν,
1028 3371 1078 3422 εἰ
1126 3370 1201 3440 μὴ
1255 3369 1416 3441 βαρὺ,
1453 3370 1588 3442 μηδὲ
1632 3371 1885 3442 ἐπαχθὲς,

298 3484 401 3539 καὶ
454 3482 618 3537 αὐτὸν
663 3484 795 3554 ἡμῖν
840 3480 1196 3536 ἐπιστέλλειν.
1239 3481 1394 3536 υῦτω
1426 3481 1534 3555 γάρ
1563 3483 1658 3537 καλ⁵
1691 3483 1887 3556 ἡδονὴν

298 3596 503 3668 πολλὴν
556 3597 988 3668 καρταυσόμεθα,
1017 3597 1146 3669 παρ’
1195 3597 1350 3670 ὑμῶν
1401 3597 1513 3651 τῶν
1558 3597 1702 3652 οὕτω
1750 3615 1886 3670 γνη-

299 3711 434 3774 σίως
487 3709 845 3779 ἀγαπώντων
876 3678 1026 3782 ἡμᾶς
1073 3711 1352 3782 δεχόμενοι
1406 3711 1732 3783 γράμματα,
1791 3712 1888 3767 καὶ

296 3823 388 3878 διὰ
431 3825 643 3880 τούτων
683 3824 784 3896 τὴν
823 3824 1130 3897 παρουσίαν
1170 3824 1567 3897 φανταζόμενοι
1607 3825 1704 3898 τὴν
1748 3826 1884 3897 ὐμε-

297 3938 490 4011 τέραν.

688 4074 817 4127 ΡΘ’.
854 4074 1143 4144 Ῥουφίνῳ
1165 4073 1494 4138 ἐπισκόπῳ.

369 4198 504 4260 Οἶδά
541 4222 637 4262 σου
681 4207 781 4278 τῆς
818 4207 1040 4278 ἀγάπης
1065 4209 1128 4261 τὸ
1161 4208 1608 4282 στεῤῥόν.’ολίγα
1646 4208 1747 4280 μέν
1801 4208 1884 4261 σοί

303 4338 436 4376 ποτε
459 4321 612 4396 [654]
636 4323 1031 4395 συνεγενόμεθα
1054 4324 1116 4378 ἐν
1151 4323 1470 4396 Ἀντιοχείᾳ,
1506 4323 1740 4378 δέσποτά
1781 4340 1882 4394 μου

302 4432 602 4505 τιμιώτατε
629 4434 726 4488 καὶ
746 4433 1131 4501 εὐλαϐέστατε,
1156 4434 1355 4506 πολλὴν
1375 4434 1432 4489 δέ
1455 4451 1547 4489 σου
1573 4437 1766 4506 πεῖραν
1783 4433 1885 4506 τῆς

297 4547 586 4612 εὐλαϐείας
631 4549 726 4602 καὶ
782 4548 882 4619 τῆς
932 4548 1202 4612 συνέσεως
1261 4547 1562 4620 εἰληφότες,
1623 4548 1718 4602 καὶ
1781 4549 1883 4619 τῆς

299 4663 428 4733 περὶ
485 4664 636 4733 ἡμᾶς
699 4663 942 4734 ἀγάπης.
1009 4662 1100 4729 Ἐξ
1153 4662 1387 4728 ἐκείνου,
1447 4661 1622 4716 καίτοι
1686 4661 1882 4715 πολλοῦ

301 4773 506 4845 μεταξὺ
555 4773 850 4846 γενομένου
887 4773 982 4828 τοῦ
1014 4773 1228 4848 χρόνου,
1258 4773 1358 4846 τὴν
1397 4774 1527 4845 περὶ
1561 4773 1622 4827 σὲ
1656 4773 1882 4845 ἀγάπην

298 4889 657 4963 ἀκμάζουσαν
687 4888 1074 4962 διατηροῦμεν,
1096 4889 1190 4944 καὶ
1209 4888 1285 4952 ώς
1311 4886 1439 4958 χθὲς
1463 4888 1557 4942 καὶ
1595 4886 1788 4959 πρώην
1819 4903 1882 4940 σε

297 5005 626 5077 ἑωρακότες,
665 5004 839 5068 οὕτως
883 5021 977 5059 σου
1010 5001 1393 5074 φαπαζόμεθα
1419 5001 1519 5073 τὴν
1553 5000 1877 5072 παρουσίαν.

296 5120 386 5174 Διὸ
414 5121 506 5174 καὶ
534 5119 946 5190 ἐπιστέλλομεν,
981 5120 1077 5174 καὶ
1103 5086 1530 5190 παρακαλοῦμεν
1569 5113 1879 5188 μεμνῆσθαι

297 5234 456 5306 ἡμῶν
512 5235 797 5307 διηνεκῶς.
840 5233 1195 5306 Ἀπήχθημεν
1249 5233 1328 5296 εἰς
1372 5229 1570 5304 χωρίον
1606 5230 1705 5300 τῆς
1753 5227 1878 5282 καθ’

295 5343 444 5411 ἡμᾶς
485 5343 810 5413 οἰκουμένης
855 5342 1215 5415 ἐρημότατον,
1261 5341 1362 5414 τὴν
1410 5338 1740 5403 Κουκουσὸν,
1788 5338 1880 5391 καὶ

297 5452 418 5507 καθ’
475 5455 713 5526 ἑκάστην
772 5455 955 5526 σχεδὸν
1019 5455 1117 5526 τὴν
1179 5453 1393 5526 ἡμέραν
1455 5452 1560 5506 ὐπὸ
1621 5452 1720 5522 τῆς
1769 5449 1878 5504 τῶν

309 5568 570 5640 Ἰσαύρων
623 5569 1062 5641 πολιορκούμεθα
1110 5568 1322 5639 ἐφόδου.
1375 5567 1514 5620 ’Δὶ-λ’
1567 5567 1736 5636 ὅμως,
1785 5561 1879 5616 καὶ

303 5680 360 5732 ἐν
389 5683 675 5747 τοσαύταις
712 5683 862 5748 ὅντες
898 5682 1300 5756 περιστάσεσιν,
1338 5681 1402 5752 ἢν
1431 5678 1722 5752 θαρρῶμεν
1749 5677 1877 5749 περὶ

2005 593 2063 646 ἐν
2114 595 2231 657 ταῖς
2277 591 2486 661 θλίψεσι
2537 591 2759 655 ταύταις
2813 593 3217 666 καρπωσόμεθα
3265 594 3361 665 τὴν
3407 595 3589 666 παρά-

2005 706 2215 776 κλησιν.

2423 845 2532 895 ρι’.
2577 841 2798 904 Βάσσῳ
2826 841 3156 905 ἐπισκόπῳ.

1974 1005 1991 1020 ‘
2070 996 2135 1048 Τί
2161 995 2355 1060 τοῦτο;
2405 996 2464 1048 Ὁ
2494 996 2765 1064 τοσαύτην
2790 997 2919 1066 περὶ
2945 998 3093 1068 ημᾶς
3120 997 3342 1067 ἀγάπην
3374 995 3580 1050 ἐπιδει-

1999 1113 2249 1182 ξάμενος,
2282 1111 2375 1164 καὶ
2425 1113 2482 1162 ἐν
2519 1109 2597 1180 τῷ
2630 1107 2938 1180 ἔμπροσθεν
2967 1110 3165 1181 χρόνῳ,
3215 1111 3307 1164 καὶ
3351 1109 3582 1181 ἔναγχος

1997 1228 2054 1280 ἐν
2098 1226 2688 1293 Κωνσταντινουπόλει,
2737 1225 2975 1288 ἀκούσας
3021 1225 3173 1297 ἡμᾶς
3222 1226 3286 1278 ἐκ
3323 1224 3580 1306 γειτόνων

1997 1339 2134 1395 εἶναι
2195 1339 2296 1410 τῆς
2355 1340 2458 1409 σῆς
2498 1340 2832 1412 τιμιότητος,
2876 1338 2997 1392 οὐδὲ
3036 1335 3380 1409 γραμμάτων
3429 1337 3580 1407 ἡμᾶς

1994 1454 2255 1524 ἠξίωσας.
2302 1453 2415 1505 Οὐκ
2466 1449 2602 1506 οἷσθ’
2639 1453 2789 1515 ὅπως
2834 1449 3159 1521 διακείμεθά
3185 1467 3279 1503 σου
3327 1451 3456 1520 περὶ
3476 1449 3577 1520 τὴν

1994 1563 2299 1627 εὐλάϐειαν,
2339 1563 2432 1617 καὶ
2469 1562 2618 1624 ὅπως
2647 1557 3009 1630 συνδεδέμεθά
3038 1575 3121 1611 σοι
3154 1555 3233 1628 τῷ
3257 1557 3357 1629 τῆς
3396 1555 3578 1626 φιλίας

1992 1674 2211 1746 δεσμῷ;
2269 1671 2410 1743 Ἐγὼ
2465 1670 2564 1741 μὲν
2612 1670 2722 1742 γὰρ
2779 1666 3120 1739 προσεδόκων
3166 1682 3225 1718 σε
3283 1663 3377 1718 καὶ
3427 1661 3579 1734 ἥξειν

1993 1787 2248 1852 ἐνταῦθα,
2282 1787 2376 1841 καὶ¹
2409 1784 2811 1858 παρακαλέσειν
2844 1782 2992 1853 ἡμᾶς
3021 1781 3081 1835 ἐν
3105 1778 3311 1852 ἐρημίᾳ
3340 1775 3578 1847 τοσαύτῃ

1992 1901 2360 1964 καθεστῶτας.
2395 1900 2461 1952 Τί
2483 1899 2592 1971 γάρ
2614 1899 2680 1952 ἂν
2709 1897 2919 1968 γένοιτο
2952 1895 3287 1968 ἐρημότερον
3326 1895 3574 1948 Κουκου-

1994 2015 2110 2083 σοῦ,
2151 2014 2288 2085 μετά
2324 2014 2424 2086 τῆς
2465 2013 2721 2085 ἐρημίας,
2752 2011 2847 2065 καὶ
2886 2010 2992 2065 ὐπὸ
3036 2010 3136 2082 τῆς
3171 2009 3281 2062 τῶν
3318 2007 3576 2078 Ἱσαύρων

1993 2129 2457 2201 πολιορκουμένης
2478 2128 2667 2198 ἐφόδου
2688 2144 2703 2193 ;
2736 2123 2876 2180 Ἀλλ’
2897 2125 3068 2196 ὅμως,
3085 2125 3132 2178 εἰ
3154 2123 3313 2179 τοῦτο
3339 2121 3578 2196 ἐργῶδες

1990 2242 2080 2296 διά
2107 2259 2168 2294 τε
2199 2240 2377 2295 αὐτῶν
2402 2239 2512 2293 τῶν
2543 2237 2754 2311 λῃστῶν
2782 2237 2873 2292 τὸν
2906 2237 3093 2308 φόϐον,
3119 2234 3207 2289 διά
3233 2252 3293 2289 τε
3322 2236 3421 2306 τῆς
3450 2231 3574 2287 ὁδοῦ

1989 2356 2087 2428 τὴν
2117 2355 2425 2421 δυσκολίαν,
2478 2354 2712 2425 γράφειν
2756 2354 2890 2425 ἡμῖν
2945 2351 3020 2423 μὴ
3065 2350 3341 2418 κατόκνει,
3382 2351 3475 2405 καὶ
3506 2351 3576 2406 τὰ

1991 2468 2117 2538 περὶ
2151 2468 2247 2537 τῆς
2283 2466 2470 2534 ὑγείας
2495 2465 2609 2535 τῆς·
2627 2465 2724 2536 σῆς
2750 2463 3221 2533 εὐαγγελίζεσθαι,
3251 2463 3360 2530 ἵνα,
3391 2464 3489 2518 καὶ
3515 2463 3576 2518 ἐν

1990 2579 2247 2651 ἀλλοτρία
2265 2578 2650 2650 διατρίϐοντες,
2675 2577 2874 2648 πολλὴν
2891 2574 3136 2632 ἐντεῦθεν
3151 2575 3577 2648 καρπωσώμεθα

1941 2769 1950 2774 _
1987 2692 2085 2765 τὴν
2117 2691 2485 2764 παράκλησιν.

2188 2853 2350 2905 Ρ1Α’.
2395 2848 2708 2915 Ἀνατολίῳ
2742 2848 3054 2916 ἐπισκόπει)
3090 2847 3354 2917 Ἁδάνης.

2067 3007 2209 3078 Ἔγὼ
2263 3008 2362 3079 μὲν
2419 3007 2533 3061 καῖε
2564 3005 2922 3075 συγγενέσθαι
2978 3005 3289 3077 ἐπεθύμουν
3355 3021 3449 3058 σου
3501 3006 3572 3076 τῇ

1983 3121 2278 3192 τιμιότητι,
2316 3121 2468 3192 παρά
2502 3121 2714 3175 πολλῶν
2751 3119 2966 3173 ἀκούων
3007 3119 3098 3172 τὸν
3130 3117 3330 3191 θερμὸν
3369 3117 3572 3188 ἔρωτα,

1984 3232 2042 3286 ὃν
2103 3234 2234 3304 περὶ
2284 3234 2434 3305 ἡμᾶς
2494 3233 2658 3304 ἔχεις,
2706 3234 2801 3287 καὶ
2845 3232 3017 3287 ταῦτα
3067 3232 3142 3304 μὴ
3177 3231 3572 3302 συγγενόμενος

1985 3348 2138 3418 ἡμῖν.
2179 3348 2398 3417 Ἐπειδὴ
2453 3347 2510 3401 δέ
2564 3347 2723 3401 τοῦτο
2761 3348 2898 3411 τέως
2947 3347 3048 3400 οὐκ
3077 3345 3179 3412 ἔνι,
3221 3345 3283 3400 τὸ
3309 3346 3408 3417 τῆς
3445 3359 3572 3400 συνο

1982 3462 2172 3526 ουσίας
2196 3461 2351 3524 ἐλπὶς
2376 3473 2401 3502 α
2425 3460 2700 3530 γενέσθαι,
2724 3461 3045 3534 διορθοῦμαι
3077 3462 3142 3532 τῇ
3173 3460 3281 3516 τῶν
3303 3451 3572 3534 γραμμάιέ

1983 3589 2091 3625 των
2115 3571 2322 3644 ὁμιλίᾳ,
2361 3571 2522 3644 χάριν
2553 3571 2732 3644 ἐαυτῷ
2763 3573 3019 3645 παρέχων
3057 3574 3336 3646 μεγίστην.
3362 3575 3425 3628 Εἰ
3459 3573 3572 3646 γὰρ

1985 3686 2080 3739 καὶ
2118 3685 2456 3759 ἐρημότατον
2501 3686 2722 3759 χωρίον,
2760 3689 2842 3751 εἰς
2890 3686 2918 3740 ὃ
2960 3686 3056 3740 νῦν
3091 3687 3500 3760 ἀπηνέχθημεν,
3531 3688 3566 3758 ἡ

1984 3795 2316 3861 Κουκουσὺς,
2365 3798 2458 3851 καὶ
2501 3797 2761 3851 κινδύνων
2809 3797 2976 3868 γέμον
3024 3797 3253 3861 πολλῶν,
3289 3796 3384 3849 καὶ
3416 3795 3567 3867 φόϐῳ

1983 3916 2219 3988 διηνεκεῖ
2246 3916 2354 3970 τῶν
2384 3915 2596 3988 λῃστῶν
2626 3915 3101 3986 πολιορκούμενον,
3133 3913 3247 3968 ἀλλ’
3270 3912 3420 3968 οὐδὲν
3445 3910 3569 3966 τούο

1983 4045 2092 4081 των
2120 4028 2269 4099 ἡμᾶς
2304 4026 2543 4099 θορυϐεῖ,
2571 4027 2694 4081 οὐδὲ
2743 4028 3110 4099 διαταράττει,
3157 4026 3257 4098 τῆς
3296 4026 3567 4098 ὑμετέρας

1983 4138 2354 4204 ἀπολαύοντας
2395 4139 2634 4211 ἀγάπης·
2671 4138 2785 4192 ἀλλ’
2815 4139 2864 4191 εἰ
2893 4138 2990 4194 καὶ
3016 4138 3094 4210 τῷ
3116 4139 3331 4209 σώματι
3352 4137 3567 4208 διεστή-

1983 4271 2178 4324 καμεν,
2220 4257 2286 4326 τῇ
2325 4255 2470 4326 ψυχῇ
2510 4255 2878 4328 συνδεδεμένοι
2910 4255 3047 4326 μετὰ
3075 4255 3275 4327 πολλῆς
3307 4255 3406 4328 τῆς
3437 4271 3568 4324 σφο-

1981 4368 2240 4441 δρότητος
2281 4370 2432 4442 ὑμῖν,
2477 4369 2575 4442 τὴν
2609 4369 2880 4442 ὑμετέραν
2911 4369 3113 4442 μᾶλλον
3153 4368 3267 4449 τὴη
3293 4368 3568 4438 ἀτάραχον

1983 4486 2078 4540 καὶ
2111 4485 2403 4557 ἀπόλεμον,
2435 4485 2468 4557 ἢ
2496 4485 2594 4557 τὴν
2625 4460 2934 4540 Κουκουσὺν
2960 4485 3128 4540 οἰκεῖν
3155 4483 3439 4556 δοκοῦμεν,
3475 4485 3563 4539 ἀεὶ

1987 4598 2102 4668 μεθ’
2133 4598 2286 4670 ὐμῶν
2323 4598 2475 4664 ὄντες
2516 4601 2584 4671 τῇ
2616 4597 2874 4664 διαθέσει,
2902 4599 2996 4652 καὶ
3026 4598 3271 4670 ὅπουπερ
3297 4592 3365 4652 ἂν
3391 4595 3558 4669 ὦμεν.

1983 4709 2078 4763 ἐπὶ
2107 4710 2343 4775 διανοίας
2368 4728 2426 4764 σε
2449 4711 2852 4785 περιφέροντες.

2193 4863 2344 4942 [655]
2383 4872 2546 4927 PIB’.
2582 4867 2853 4937 Θεοδώρῳ
2875 4867 3204 4933 ἐπισκόπῳ.

2053 5030 2116 5082 Εἰ
2141 5028 2241 5100 μὲν
2277 5021 2389 5081 οἷόν
2438 5043 2497 5079 τε
2530 5023 2597 5098 ἦν
2624 5025 2718 5080 καὶ
2758 5025 2953 5092 ἐλθεῖν,
2985 5024 3079 5077 καὶ
3129 5021 3565 5097 περιπτύξασθαί

1985 5161 2077 5197 σου
2131 5143 2231 5216 τὴν
2271 5141 2578 5207 εὐλάϐειαν,
2628 5141 2722 5195 καὶ
2772 5137 3110 5211 ἐντρυφῆσαι
3141 5155 3237 5192 σου
3279 5138 3344 5209 τῇ
3375 5137 3563 5212 ἀγάπῃ

1981 5256 2067 5311 διὰ
2111 5259 2211 5328 τῆς
2253 5254 2555 5328 παρουσίας
2615 5252 2804 5323 αὐτῆς,
2869 5251 3005 5324 μετά
3056 5249 3258 5322 πολλῆς
3292 5249 3360 5305 ἂν
3406 5248 3567 5306 τοῦτο

1981 5367 2320 5439 ἐποιήσαμεν
2352 5365 2450 5437 τῆς
2480 5363 2734 5436 σπουδῆς,
2776 5363 2992 5418 καὶτοῦ
3024 5363 3256 5435 τάχους·
3288 5363 3478 5436 ἐπειδὴ
3505 5363 3565 5418 δέ

1980 5483 2139 5538 τοῦτο
2176 5483 2276 5538 οὐκ
2313 5483 2400 5552 ἐφ’
2433 5483 2566 5553 ἡμῖν
2593 5482 2768 5534 κεῖται
2799 5479 2930 5546 νῦν,
2959 5479 3050 5534 διά
3077 5479 3188 5535 τῶν
3218 5480 3564 5554 γραμμάτων

2045 5688 2066 5716 ’³
2100 5685 2242 5734 Forle
2266 5684 2446 5732 ἐλπίδα.
2475 5682 2529 5732 In
2550 5682 2699 5732 εει-ῆι.
2725 5682 2829 5732 haec
2851 5680 3024 5732 mutila
3042 5686 3176 5730 sunt.
