4058 6218
422 262 532 318 669

419 376 479 430 τ’)
513 373 641 428 αὐτὸ
673 372 828 427 τοῦτο
870 372 1198 444 πληροῦμεν.
1243 372 1361 426 Κᾶν
1389 374 1496 442 γάρ
1528 372 1665 442 πρὸς
1699 371 1865 434 αὐτὰς
1901 372 2000 441 τῆς

416 488 742 559 οἰκουμένης
781 487 877 549 τάς
915 486 1172 556 ἐσχατιάς
1203 484 1614 556 ἀπενεχθῶμεν,
1651 484 2001 539 ἐπιλαθέσθαι

419 592 514 673 σου
552 603 653 674 τῆς
675 603 894 672 ἀγάπης
915 601 976 654 οὐ
1015 600 1309 672 δυνάμεθα,
1343 600 1444 671 τῆς
1475 601 1723 670 γνησίας,
1754 601 1847 654 καὶ
1876 600 2001 671 θερ-

419 713 549 784 μῆς,
603 713 696 766 καὶ
749 710 1108 783 εἰλικρινοῦς,
1144 713 1238 765 καὶ
1273 711 1485 777 ἀδόλου,
1517 711 1615 782 τῆς
1669 728 1730 764 τε
1771 711 1998 775 ἄνωθεν,

420 827 508 880 ιιαὶ
527 824 588 889 ἐξ
619 825 826 895 ἀρχῆς,
873 824 941 895 ἢν
971 841 1032 876 τε
1063 823 1324 888 ἐπεδείξω
1357 822 1474 878 νῦν.
1510 822 1644 876 Οὐδέ
1674 822 1781 896 γὰρ
1811 822 2000 877 ἔλαθεν

414 943 559 1012 ἡμᾶς
583 941 682 1001 ὅσα
720 939 807 993 καί
841 942 1017 994 εἰπεῖν
1064 941 1159 994 καὶ
1192 938 1413 1010 ποιῆσαι
1447 939 1587 1011 ὺπέρ
1608 937 1768 1010 ἡμῶν
1803 937 2000 992 ἐσπού-

413 1055 601 1118 δασας,
623 1053 856 1107 δέσποτά
887 1071 989 1124 μου
1025 1051 1322 1123 τιμιώτατε
1363 1052 1458 1105 καὶ
1491 1050 1894 1121 θεοφιλέστατε.
1931 1053 1996 1104 Εἰ

411 1170 466 1222 δὲ
489 1169 664 1241 ¹μηδὲν
709 1169 900 1238 γέγονε
951 1167 1132 1230 πλέον,
1191 1166 1327 1220 ἀλλά
1377 1166 1468 1219 τὸν
1519 1165 1654 1219 Θεὸν
1710 1165 1994 1236 ὀφειλέτην

413 1281 553 1351 ἔχεις
590 1280 688 1350 τῆς
721 1279 978 1350 σπουδῆς,
1024 1279 1116 1332 καὶ
1150 1278 1248 1349 τῆς
1278 1277 1606 1350 προθυμίας,
1655 1276 1750 1330 καὶ
1773 1277 1864 1330 τὸν
1903 1296 1995 1348 μι-

415 1390 538 1443 σθὸν
589 1391 1020 1461 ἀπηρτισμένον.
1061 1391 1174 1444 Καὶ
1211 1392 1374 1460 ἡμεῖς
1403 1389 1466 1442 οὐ
1517 1387 1804 1459 παυόμεθα
1837 1388 1996 1459 χάριν

413 1504 612 1568 εἰδότες
647 1520 740 1555 σου
775 1505 842 1573 τῇ
883 1502 1139 1572 ὁσιότητι,
1186 1501 1281 1554 καὶ
1315 1503 1452 1573 πρὸς
1500 1502 1750 1565 ἅπαντας
1793 1503 1999 1572 ἀνακη-

417 1614 699 1688 ρύττοντές
757 1632 848 1667 σου
901 1613 999 1685 τὴν
1057 1614 1364 1679 εὐλάϐειαν,
1425 1614 1518 1668 καὶ
1555 1611 1998 1686 παρακαλοῦντες

409 1732 510 1802 τὴν
537 1731 706 1802 αὐτὴν
735 1730 956 1801 ἀγάπην
985 1730 1072 1783 διὰ
1099 1729 1298 1794 παντὸς
1321 1729 1677 1801 ἀκμάζουσαν
1697 1730 1994 1801 διατηρεῖν.

411 1842 486 1893 Οὐ
538 1840 647 1911 γὰρ
687 1841 800 1912 ¹τὴν
831 1839 1122 1910 τυχοῦσαν,
1171 1841 1266 1896 καὶ
1307 1843 1366 1895 ἐν
1410 1842 1616 1914 ἐρημία
1673 1842 1993 1914 καθήμενοι,

412 1955 774 2028 καρπούμεθα
799 1956 899 2026 τὴν
940 1955 1308 2027 παράκλησιν,
1340 1956 1469 2010 ὅταν
1497 1955 1749 2011 τοσοῦτον
1777 1957 1835 2009 ἐν
1869 1973 1998 2028 καρ-

409 2071 496 2139 δία
529 2069 802 2140 θησαυρὸν
850 2068 942 2122 καὶ
972 2067 1202 2121 πλοῦτον
1237 2068 1598 2139 ἀποκείμενον
1636 2069 1868 2140 ἔχωμεν,
1896 2068 1997 2139 τῆς

410 2181 776 2252 ἐγρηγορυίας
823 2180 919 2233 καὶ
957 2181 1212 2244 γενναίας
1269 2197 1364 2232 σου
1404 2151 1587 2251 φυχῆς
1623 2179 1724 2252 τὴν
1750 2180 1991 2251 ἀγάπην.

757 2319 836 2370 ΡΙ
841 2319 922 2371 l".
957 2315 1279 2381 Παλλαδίῳ
1308 2316 1640 2383 ἐπισκόπει).

485 2449 663 2520 Ὕπέρ
712 2449 812 2518 μὲν
856 2449 964 2501 τῶν
1018 2449 1314 2520 καθ’ἡμᾶς
1364 2449 1559 2512 αὐτοὺς
1581 2448 1732 2502 οὐδὲν
1764 2448 1995 2519 δεόμεθα

411 2564 838 2635 παρακλήσεως·
877 2562 1041 2633 ἀρκεῖ
1077 2563 1186 2634 γάρ
1217 2564 1346 2633 ἡμῖν
1373 2563 1453 2626 εἰς
1501 2561 1849 2632 παράκλησιν
1887 2561 1994 2615 τῶν

410 2668 716 2744 γένομένων
753 2676 787 2746 ἡ
821 2674 1097 2738 ὑπόθεσις.
1131 2673 1450 2747 Θρηνοῦμεν
1470 2674 1526 2728 δὲ
1552 2674 1643 2728 τὸν
1683 2673 1859 2730 κοινδν
1886 2675 1993 2728 τῶν

421 2787 759 2860 Ἐκκλησιῶν
802 2784 1081 2860 χειμῶνα,
1113 2788 1208 2842 καὶ⁹
1246 2787 1306 2841 τὸ
1333 2787 1431 2860 τὴν
1461 2787 1786 2860 οἰκουμένην
1827 2807 1995 2843 κατα-

410 2900 572 2953 λαϐὸν
601 2902 878 2969 ναυάγιον,
907 2900 1001 2954 καὶ
1031 2900 1240 2964 πάντας
1275 2900 1420 2971 ὑμᾶς
1452 2899 1879 2972 παρακαλοῦμεν
1906 2901 1996 2954 εὐ-

415 3016 534 3082 χαῖς
564 3012 797 3084 βοηθεῖν,
826 3014 964 3065 ὥστε
989 3013 1089 3084 τὴν
1125 3012 1498 3082 πανωλεθρῖαν
1527 3013 1731 3084 ταύτην
1769 3013 1994 3085 λυθῆναι

414 3143 565 3192 ποτε,
601 3128 696 3180 καὶ
736 3129 816 3190 εἰς
856 3127 1056 3198 λευκὴν
1088 3127 1304 3182 ᾶπαντα
1357 3127 1682 3197 μεταϐαλεῖν
1730 3128 1990 3201 γαλήνην.

412 3238 582 3292 Τοῦτο
609 3239 673 3310 δὴ
705 3238 984 3303 ποιοῦντες
1017 3239 1093 3310 μὴ
1139 3238 1443 3311 διαλίπητε.
1484 3239 1852 3304 Λανθάνοντες
1885 3241 1994 3312 γὰρ

414 3350 506 3403 καλ
546 3348 932 3420 κρυπτόμενοι,
982 3348 1205 3403 πλείονα
1260 3349 1455 3421 σχολὴν
1486 3349 1638 3420 έχετε
1693 3349 1788 3404 νῦν
1828 3368 1996 3423 προσ-

411 3462 703 3532 καρτερεῖν
724 3463 843 3524 ταῖς
873 3460 1080 3531 εὐχαῖς,
1107 3460 1202 3514 καὶ
1231 3459 1370 3532 μετά
1392 3460 1715 3533 θλιϐομένης
1736 3463 1993 3526 διανοίας.

413 3575 487 3627 Οὐ
525 3575 720 3645 μικρὸν
763 3572 822 3626 δέ
865 3571 1058 3638 τοῦτο,
1112 3571 1190 3644 τῷ
1223 3573 1589 3645 φιλανθρώπῳ
1631 3549 1996 3644 προσπίπτειν

411 3687 552 3758 θεῷ.
579 3686 671 3758 Μὴ
703 3685 984 3756 διαλίπητε
1029 3680 1123 3740 οῦν
1151 3684 1308 3739 τοῦτο
1342 3685 1623 3749 ποιοῦντες
1643 3728 1657 3752 ,
1701 3688 1798 3740 καὶ
1835 3687 1996 3759 ἡνίκα

414 3806 480 3859 ἂν
507 3803 622 3875 ἐξῇ,
648 3805 742 3857 καί
768 3803 1008 3874 γράφετε
1037 3805 1170 3875 ἡμῖν
1197 3803 1457 3874 συνεχῶς.
1481 3805 1544 3858 Εἰ
1569 3805 1675 3876 γὰρ
1697 3805 1793 3858 καὶ
1818 3805 1996 3876 πολλῷ

411 3921 491 3989 τῷ
529 3919 692 3990 μήκει
716 3918 816 3988 τῆς
846 3917 1143 3989 ἐμμελείας
1178 3917 1331 3989 ὑμῶν
1359 3917 1774 3990 ἀπῳκίσθημεν,
1801 3920 1913 3974 ἀλλ’
1933 3921 1993 3974 οὐ

415 4027 704 4099 παυόμεθα
731 4029 850 4082 καθ’
868 4002 1105 4099 ἑκάστην
1126 4029 1344 4099 ἡμέραν
1367 4029 1742 4101 μεριμνῶντες
1767 4030 1836 4084 τὰ
1861 4031 1998 4103 ὐμέ-

413 4159 570 4214 τερα,
593 4142 686 4195 καὶ
709 4142 835 4204 τούς
866 4140 1075 4194 ἐκεῖθεν
1105 4141 1534 4212 ἀφικνουμένους
1567 4145 1638 4210 (εἰ
1667 4144 1762 4198 καὶ
1790 4144 1996 4198 τούτων

416 4254 712 4316 σπανιάκις
751 4251 1206 4323 ἐπιτυγχάνομεν)
1235 4252 1546 4322 ἐρωτῶντες
1575 4253 1670 4308 καὶ
1706 4270 1998 4325 περιεργα-

418 4368 652 4440 ζόμενοι.
891 4365 988 4419 ”1ν’
1024 4360 1118 4419 οῦν
1153 4364 1505 4436 Ι*σαφέστερον
1562 4367 1741 4420 πάντα
1796 4367 2000 4432 εἰδότες

416 4480 586 4556 ῶμεν,
638 4485 766 4538 ὅταν
793 4483 1032 4553 ἐγχωρῇ,
1077 4480 1338 4552 παρέχετε
1367 4479 1569 4550 ταύτην
1599 4482 1735 4552 ἡμῖν
1764 4480 1870 4552 τήν
1897 4481 1999 4551 χάο

420 4613 530 4668 ριν,
568 4597 697 4666 περὶ
721 4594 820 4665 τῆς
847 4593 1056 4662 ὑγιείας
1082 4593 1182 4662 τῆς
1221 4591 1494 4663 ὑμετέρας
1521 4591 1998 4663 εὐαγγελιζόμενοι

419 4711 587 4781 ἡμᾶς,
625 4710 710 4766 ἵνα
753 4707 847 4763 καὶ
875 4708 933 4762 ἐν
970 4707 1176 4779 ἐρημίᾳ
1220 4706 1590 4778 διατρίϐοντες
1634 4705 1834 4778 πολλὴν
1864 4726 1999 4781 καρ-

421 4821 733 4892 πωσώμεθα
759 4823 857 4890 τὴν
891 4817 1260 4891 παράκλησιν.

701 4945 713 4950 ’λ
788 4957 946 5011 ΡῙΔ’.
984 4954 1259 5020 Ἐλπιδίῳ
1288 4953 1619 5021 ἐπισκόπῳ.

490 5089 601 5144 Καὶ
641 5087 798 5142 τοῦτο
831 5089 944 5156 σὺν,
987 5089 1148 5145 τοῦτο
1193 5091 1458 5162 νήφοντος
1489 5091 1583 5144 καὶ
1631 5091 1999 5164 ἐγρηγορότος

421 5199 776 5272 κυϐερνήτου,
799 5201 860 5254 τὸ
890 5201 1026 5273 μηδέ
1058 5203 1138 5266 εἰς
1170 5201 1421 5256 τοσοῦτον
1453 5202 1712 5273 ἀρθέντος
1754 5203 1851 5257 τοῦ
1888 5222 2000 5274 χειν

425 5313 602 5386 μῶνος
629 5315 941 5380 ἀναπεσεῖν,
971 5315 1086 5369 ἀλλ’
1114 5317 1390 5387 ἐπιμένειν
1429 5316 1508 5371 ἐτι
1537 5318 1883 5390 μεριμνῶντα
1909 5321 2001 5374 καὶ

423 5425 795 5498 φροντίζοντα,
824 5430 920 5482 καὶ
946 5429 1089 5483 κατά
1122 5430 1184 5483 τὸ
1209 5431 1485 5504 ἐγχωροῦν
1513 5433 1580 5486 τά
1600 5433 1791 5488 ἐαυτοῦ
1823 5434 2000 5490 πάντα

427 5539 765 5610 εἰσφέροντα,
818 5541 1094 5613 πανταχοῦ
1131 5543 1218 5597 διὰ
1260 5545 1365 5599 τῶν
1404 5545 1746 5618 γραμμάτων
1780 5559 1805 5588 ι
1848 5564 2002 5619 περι-

491 5720 520 5750 ⁸
542 5711 650 5767 Duo
675 5730 790 5766 mss.
815 5717 892 5767 διὰ
915 5719 1009 5767 τῶν
1029 5719 1331 5783 πραγμάτων.

1085 259 1140 314 s.
1181 258 1464 315 wmms
1501 254 1988 313 cnmsosmm
2027 217 2344 310 manu».
2383 257 2929 311 CONSTANTINOP.

3580 259 3689 315 670

2107 373 2386 444 τρέχοντα,
2417 374 2542 436 τοὺς
2575 375 2760 442 ἐγγὺς,
2790 373 2914 434 τούς
2951 371 3233 444 πόρρωθεν
3260 374 3690 444 συγκροτοῦντα,

2103 484 2455 556 διεγείροντα,
2497 487 2896 557 παρεγγυῶντα
2925 485 3131 556 μηδένα
3163 483 3243 556 τῷ
3270 485 3548 558 κλυδωνίῳ
3581 506 3692 542 πα-

2109 596 2431 666 ρασυρῆναι,
2461 597 2574 649 ἀλλ’
2605 598 2844 662 ἑστάναι,
2881 597 2976 650 καὶ
3003 597 3217 668 νήφειν,
3247 597 3351 650 κᾶν
3372 599 3542 669 μυρία
3565 599 3690 652 τού-

2103 725 2210 761 των
2246 709 2376 782 ἐπίῃ
2413 709 2767 782 χαλεπώτερα
2791 710 3030 781 κύματα,
3057 711 3152 763 καὶ
3187 712 3245 764 ἐν
3272 711 3354 764 ἑνὶ
3387 711 3690 783 ἱδρυμένων

2102 821 2274 892 τόπῳ,
2303 823 2580 894 πανταχοῦ
2609 824 2696 879 διὰ
2724 824 2823 895 τῆς
2856 825 3237 896 παραινέσεως
3265 825 3551 883 ἵπτασθαι.
3583 829 3691 882 υύ-

2101 933 2187 986 δέν
2217 935 2326 1006 γάρ
2349 937 2498 1007 ἡμᾶς
2523 935 2680 990 ἐλαθε
2701 936 2810 990 τῶν
2838 937 2967 1003 σῶν,
2987 937 3165 991 καίτοι
3185 939 3249 991 ἐκ
3272 938 3526 993 τοσούτου
3549 941 3688 994 καθ-

2099 1048 2336 1119 ημένους
2403 1051 2790 1122 διαστήματος.
2847 1051 2939 1106 Διὸ
3007 1052 3104 1106 καί¹
3163 1054 3543 1125 μακαρίζομεν
3594 1058 3689 1109 καὶ

2101 1164 2456 1237 θαυμάζομέν
2487 1183 2580 1219 σου
2612 1167 2712 1238 τὴν
2743 1167 3052 1231 εὐλάϐειαν,
3086 1167 3182 1220 καὶ
3211 1167 3310 1239 τὴν
3333 1168 3691 1243 διεγηγερμέ-

2101 1289 2199 1343 νην
2222 1273 2421 1346 ψυχὴν,
2461 1277 2556 1329 καὶ
2587 1276 2685 1347 τὴν
2722 1277 3128 1348 ἀπερίτρεπτον
3178 1277 3424 1350 γνώμην,
3460 1281 3556 1336 καὶ
3585 1283 3688 1353 τὴν

2100 1387 2157 1440 ἐν
2199 1389 2442 1460 τοσούτῳ
2477 1391 2626 1462 γήρα
2671 1392 2971 1456 νεάζουσαν
3014 1393 3357 1464 προθυμίαν·
3389 1396 3484 1450 καὶ
3532 1396 3686 1450 οὐδὲν

2101 1502 2346 1566 ἀπεικός.
2403 1504 2571 1558 Ὅταν
2623 1505 2722 1577 μὲν
2774 1507 2884 1578 γὰρ
2930 1507 3000 1559 τά
3048 1507 3387 1578 προκείμενα
3438 1509 3539 1578 τῆς
3586 1510 3685 1562 τοῦ

2102 1617 2352 1688 σώματος
2403 1618 2592 1689 δέηται
2634 1620 2846 1692 ῥώμης,
2880 1619 3110 1691 κώλυμα
3139 1620 3375 1674 ἐνταῦθα
3415 1623 3473 1674 τὸ
3497 1623 3684 1692 γῆρας

2100 1729 2344 1799 γίνεται·
2397 1731 2527 1784 ὅταν
2576 1731 2636 1784 δὲ
2687 1731 2866 1802 ψυχῆς
2899 1733 3104 1803 ἀπαιτῇ
3145 1732 3483 1802 φιλοσοφίαν,
3525 1733 3682 1787 οὐδὲν

2085 1846 2132 1927 ,ἡ
2189 1845 2353 1900 πολιὰ
2395 1849 2508 1910 τοῖς
2548 1846 2966 1921 κατορθώμασιν
3004 1849 3312 1902 ἐπισκοτεῖν
3353 1849 3576 1903 εἴωθεν·
3618 1852 3683 1904 οὐ

2097 1957 2274 2012 τοίνυν
2324 1957 2447 2012 οὐδὲ
2502 1958 2897 2030 ἐπεσκότησεν,
2947 1959 3063 2013 ἀλλ’
3123 1960 3338 2015 ἅπαντα
3383 1963 3535 2035 παρὰ
3581 1963 3685 2033 τῆς

2101 2071 2199 2140 σῆς
2245 2071 2536 2136 εὐλαϐείας
2589 2074 2979 2145 εἰσενήνεκται.
3029 2075 3152 2128 Ὅτι
3203 2075 3260 2128 δὲ
3312 2076 3408 2129 καὶ
3469 2078 3685 2151 καρπὸν

2097 2182 2257 2236 δώσει
2287 2185 2378 2238 τὸν
2411 2185 2756 2256 προσήκοντα
2802 2187 2830 2240 ὁ
2876 2187 3033 2248 πόνος
3056 2178 3210 2251 οὗτος
3240 2189 3334 2241 καὶ
3369 2190 3401 2258 ἡ
3441 2190 3686 2261 τοσαύτη

2098 2299 2405 2370 ἀγρυπνία,
2469 2300 2620 2353 οὐδὲν
2671 2297 2821 2371 οἶμαι
2863 2300 2970 2353 δεῖν
3011 2301 3393 2371 ἀμφιϐάλλειν.
3460 2304 3684 2375 Ἐπειδὴ

2095 2414 2152 2468 δέ
2209 2413 2350 2486 μετὰ
2403 2416 2500 2486 τῆς
2570 2415 2897 2486 οἰκουμένης
2961 2417 3185 2489 ἀπάσης
3253 2418 3348 2471 καὶ
3405 2420 3684 2490 ἡμετέραν

2099 2530 2373 2601 μέριμναν
2404 2529 2693 2595 κατεδέξω,
2741 2531 2827 2584 διὰ
2856 2529 2954 2602 τὴν
2988 2532 3186 2604 πολλήν
3219 2550 3314 2588 σου
3349 2535 3443 2588 καὶ
3471 2535 3684 2608 θερμὴν

2095 2645 2349 2716 ἀγάπην,
2410 2643 2508 2699 καὶ
2591 2643 2782 2715 μαθεῖν
2836 2645 3123 2717 ἐπιθυμεῖς
3183 2645 3240 2701 οἷ
3302 2650 3685 2722 διατρίϐομεν,

2097 2762 2190 2816 καὶ
2216 2763 2274 2814 ἐν
2314 2761 2455 2813 τίσιν
2487 2762 2632 2832 ὁρμᾷ
2655 2761 2683 2800 ι)
2735 2760 2804 2814 τά
2837 2761 3115 2848 ἡμέτερα,
3167 2763 3260 2818 καὶ
3292 2764 3435 2828 τίνες
3477 2765 3528 2816 οἰ
3558 2783 3688 2820 συν-

2095 2879 2246 2940 όντες
2303 2878 2468 2948 ἡμῖν,
2525 2876 2620 2930 καὶ
2687 2875 2877 2948 μαθεῖν
2931 2878 3030 2948 οὐχ
3082 2877 3302 2942 ἁπλῶς,
3363 2879 3490 2932 ἀλλ’
3538 2879 3686 2934 ῶστε

2097 2997 2188 3050 καὶ
2213 2996 2373 3068 χάριν
2400 2996 2582 3060 αὐτοῖς
2606 2994 2804 3050 εἰδέναι
2825 3009 2839 3023 ⁶
2872 2996 3035 3066 ἡμεῖς
3066 2991 3165 3066 μὲν
3189 2996 3330 3068 ὑπὲρ
3359 2998 3458 3069 τῆς
3486 2999 3696 3076 τοσαύτ

2095 3133 2195 3188 της
2232 3115 2453 3187 ἀγάπης
2486 3115 2546 3168 οὐ
2589 3113 2913 3186 παυσόμεθά
2940 3131 3003 3167 σε
3041 3105 3524 3187 ἀνακηρύττοντες,
3561 3085 3700 3172 στεέ

2098 3233 2414 3304 φανοῦντες,
2445 3235 2597 3306 παρᾶ
2635 3237 2801 3289 πᾶσιν
2826 3234 3270 3306 ἀναγορεύοντες,
3307 3237 3532 3308 χάριτας
3561 3241 3686 3310 ὁμο·

2097 3354 2380 3424 λογοῦντες
2411 3353 2564 3425 παρά
2606 3357 2717 3418 τοῖς
2770 3355 3154 3425 ἐντυγχάνουσι
3175 3365 3197 3393 ε
3232 3355 3326 3408 καὶ
3359 3358 3687 3427 συγγινομέ-

2099 3489 2210 3536 νοις
2229 3473 2380 3543 ἡμῖν.
2403 3470 2573 3534 Αὐτὸς
2592 3470 2650 3524 δὲ
2673 3469 2772 3535 τὰς
2798 3471 3060 3541 μεγίστας
3083 3471 3320 3542 ἀμοιϐὰς
3346 3471 3440 3526 καὶ
3461 3474 3686 3544 μείζους

2097 3590 2205 3644 τῶν
2247 3590 2426 3644 πόνων
2472 3589 2710 3661 ἀνάμενε
2751 3589 2901 3660 παρά
2946 3587 3038 3641 τοῦ
3089 3588 3473 3660 φιλανθρώπου
3521 3589 3684 3655 Θεοῦ,

2097 3709 2190 3763 τοῦ
2221 3711 2338 3772 ταῖς
2369 3708 2703 3762 ἀντιδόσεσιν
2736 3709 2800 3760 ἐκ
2827 3707 3022 3760 πολλοῦ
3057 3706 3150 3760 τοῦ
3174 3708 3452 3778 περιόντος
3497 3709 3685 3764 νικῶν-

2096 3845 2190 3892 τος
2243 3828 2370 3891 τοὺς
2409 3826 2609 3896 ἀγαθόν
2653 3843 2706 3879 τι
2745 3825 2982 3896 ποιεῖνῆ
3037 3825 3214 3893 λέγειν
3258 3825 3680 3891 ἐσπουδακότας.

2101 3947 2264 4000 ’Ὥστε
2289 3946 2345 3999 δέ
2381 3963 2439 3999 σε
2469 3946 2564 4000 καὶ
2594 3945 2860 4016 ἑτέρωθεν
2905 3945 3134 4016 ἡσθῆναι
3175 3944 3413 4016 μαθόντα
3447 3945 3517 3998 τὰ
3545 3947 3684 4016 ἡμέ-

2091 4083 2252 4138 τερα,
2279 4065 2413 4136 πρὸς
2441 4066 2540 4136 μὲν
2571 4064 2630 4118 τὸ
2664 4065 2998 4136 ἐρημότατον
3031 4063 3228 4135 χωρίον
3262 4063 3684 4135 ἀπῳκίσθημεν,

2100 4183 2195 4254 τὴν
2217 4183 2553 4246 Κουκουσὸν,
2591 4180 2730 4252 πλὴν
2752 4181 2990 4252 ἐρημίας
3014 4179 3270 4252 οὐδεμίαν
3294 4179 3546 4252 αἴσθησιν
3566 4180 3671 4251 ἐχο

2105 4318 2201 4371 μεν
2218 4300 2526 4370 ’τοσαύτης
2547 4296 2891 4369 ἀπολαύομεν
2912 4298 3162 4370 ἡσυχίας,
3187 4299 3452 4368 τοσαύτης
3473 4299 3684 4364 ἀδείας,

2100 4417 2367 4488 τοσαύτης
2396 4417 2548 4488 παρά
2579 4416 2798 4470 πάντων
2829 4415 3144 4487 θεραπείας.
3172 4416 3255 4474 Τά
3280 4433 3341 4471 τε
3366 4416 3477 4487 γὰρ
3494 4416 3688 4485 λείψαο

2100 4555 2166 4590 να
2193 4537 2292 4608 τῆς
2321 4535 2635 4608 ἀρρωστίας
2667 4535 2855 4605 εὐχαῖς
2883 4537 3004 4598 ταῖς
3050 4537 3171 4598 σαῖς
3205 4534 3527 4605 ἀπεθέμεθα
3547 4577 3562 4599 ,
3587 4537 3686 4600 καὶ

2101 4653 2158 4705 ἐν
2193 4651 2351 4723 ὐγείᾳ
2389 4651 2646 4722 διάγομεν
2684 4651 2814 4718 νῦν,
2848 4651 2944 4707 τοῦ
2991 4669 3052 4705 τε
3081 4651 3253 4720 φόϐου·
3274 4651 3380 4706 τῶν
3420 4651 3690 4721 Ἱσαύρων

2102 4769 2516 4841 ἀπηλλάγημεν,
2546 4769 2642 4822 καὶ
2674 4770 2732 4822 ἐν
2766 4768 3037 4846 ἀσφαλείᾳ
3077 4767 3456 4839 κατέστημεν,
3504 4768 3688 4840 ἀπροο-

2103 4890 2350 4964 γμοσύνῃ
2381 4907 2440 4943 τε
2473 4887 2848 4961 ἐντρυφῶντες
2871 4887 3062 4959 πολλῇ.
3087 4887 3315 4960 Πάρεισι
3347 4886 3402 4940 δὲ
3429 4889 3562 4959 ἡμῖν
3590 4889 3686 4942 καὶ

2100 5010 2150 5061 οἰ
2183 5006 2500 5079 τιμιώτατοι
2522 5005 2882 5078 πρεσϐύτεροι
2903 5005 3282 5069 Κωνστάντιος
3310 5006 3405 5059 καὶ
3428 5006 3682 5077 Εὐὴθιος,

2103 5128 2510 5200 προσδοκῶνται
2532 5125 2590 5179 δέ
2613 5126 2708 5179 καὶ
2728 5123 2905 5196 ἕτεροι
2926 5124 3132 5194 ταχέως
3155 5123 3463 5193 ἀφίξεσθαι,
3487 5123 3581 5187 οὓς
3604 5127 3684 5188 εἰς

2101 5244 2162 5296 τὸ
2191 5242 2364 5313 παρὸν
2393 5241 2460 5295 τὰ
2489 5242 2666 5312 δεσμά
2689 5245 2964 5312 κατεῖχεν·
3001 5241 3137 5295 ἀλλά
3177 5241 3377 5303 πάντες
3584 5242 3685 5308 ἀφ-

2105 5361 2326 5431 ἐθησαν,
2367 5362 2460 5415 καὶ
2481 5357 2544 5416 εὖ
2579 5356 2678 5415 οἶδ’
2700 5362 2782 5414 ὅτι
2815 5361 3111 5433 πτήσονται
3144 5360 3280 5432 πρὸς
3303 5361 3472 5431 ἡμᾶς.
3500 5359 3592 5426 Μὴ
3620 5357 3688 5427 δὴ

2105 5480 2358 5551 διαλίπῃς
2388 5481 2678 5554 εὐχόμενος
2709 5483 2849 5554 ὑπὲρ
2874 5485 2905 5555 ἡ
2917 5483 3030 5554 μῶν
3058 5483 3166 5536 τῶν
3203 5483 3405 5553 σφόδρα
3450 5499 3508 5535 σε
3547 5483 3676 5550 ἀγαο

2164 5655 2192 5696 1ο
2217 5655 2343 5720 ξων
2354 5694 2364 5704 .
2391 5657 2542 5720 ὁρμεῖ.

2169 5720 2191 5748 ε
2220 5716 2507 5782 Ιὶάρῐιιπαρὰ
2529 5720 2626 5776 τοῖς
2647 5722 3033 5784 συντυγχάνωσι,
