4064 6218
466 431 562 489 671

463 547 884 620 religiosissime,
909 560 1006 618 pro
1028 544 1202 613 nobis,
1219 543 1414 616 quibus
1434 558 1492 599 es
1514 542 1842 604 carissimus.
1864 553 2050 611 preces

465 639 533 695 ad
567 639 732 695 Deum
761 636 1013 703 fundere,
1045 646 1204 706 atque
1230 649 1390 705 quam
1415 633 1731 704 saepissime,
1760 631 1804 687 si
1832 630 2055 713 facultas

467 733 640 799 detur,
663 730 729 785 ad
754 743 850 785 nos
877 728 1136 795 scribere,
1163 727 1339 797 deque
1366 734 1453 780 tua
1482 723 1787 780 valetudine
1814 737 1912 779 nos
1938 736 2054 777 cer-

465 823 627 877 tiores
655 820 831 876 facere
856 834 924 875 ne
948 819 1259 873 intermitte.
1287 816 1397 872 Nec
1422 816 1566 870 enim
1589 823 1640 869 te
1666 813 1817 885 fugit,
1839 821 2054 884 quantae

464 913 619 970 nobis
647 929 792 971 cura:
815 912 908 980 sil,
933 912 1152 982 singulis
1176 911 1334 966 etiam
1365 908 1583 974 diebus,
1625 908 1671 962 si
1711 907 1826 962 fieri
1864 906 2048 977 possit,

464 1007 532 1064 de
553 1022 615 1064 ea
635 1007 834 1078 aliquid
853 1006 1058 1061 audire.
1089 1003 1553 1060 Reverendissimo
1577 1017 1639 1057 ac
1656 998 2074 1077 religiosissime,

465 1099 684 1155 domino
721 1113 844 1154 meo
879 1097 1192 1170 presbytero
1221 1095 1586 1168 Asyncritio‘,
1619 1092 2053 1164 suavissimisque

464 1191 631 1263 ipsius
660 1190 782 1247 filiis
807 1199 968 1261 atque
997 1190 1244 1245 universo
1283 1198 1373 1245 tuo
1407 1189 1571 1256 clero,
1608 1187 1765 1242 velim
1804 1200 1926 1242 meo
1951 1198 2051 1240 no-

467 1282 612 1339 mine
638 1282 857 1338 multam
883 1281 1110 1338 salutem
1135 1280 1304 1337 dicas.

464 1413 556 1473 CX
568 1413 630 1471 V.
656 1413 938 1486 Theophila
966 1412 1271 1485 presbytero.
1305 1411 1535 1483 (Scripta
1565 1419 1844 1481 pestquam
1866 1408 2048 1466 Cucu-

867 1519 988 1562 sum
1012 1503 1306 1559 advenerat
1329 1516 1474 1558 anno
1503 1501 1653 1572 404.)

537 1637 650 1697 Hoc
673 1653 886 1712 quoque
909 1639 984 1694 tui
1009 1636 1278 1703 candoris,
1310 1636 1551 1708 gratique
1578 1635 1741 1690 animi
1781 1644 1884 1701 est,
1910 1633 2054 1705 quod

465 1749 587 1790 cum
613 1732 680 1790 ab
703 1731 786 1788 bis
806 1773 822 1801 ,
849 1731 1043 1802 quibus
1071 1745 1102 1784 a
1127 1743 1214 1785 me
1238 1727 1642 1784 commendatus
1683 1727 1859 1782 fueras
1877 1767 1891 1792 ,
1921 1723 2054 1782 nihil

465 1823 759 1894 acceperis,
788 1829 967 1876 tamen
991 1834 1054 1875 ex
1084 1828 1270 1875 nostro
1294 1817 1472 1873 studio
1502 1817 1768 1888 animique
1795 1818 2054 1888 prompti-
2093 1865 2103 1879 λ

466 1916 648 1974 tudine
671 1929 784 1972 rem
818 1914 1124 1980 aestimans,
1147 1911 1326 1967 omnia
1356 1918 1410 1966 te
1449 1910 1722 1981 accepisse
1757 1909 2049 1966 existimes.

465 2008 535 2064 At
577 2021 676 2062 nos
709 2005 811 2061 hoc
853 2004 1074 2060 minime
1109 2003 1241 2060 satis
1276 2016 1398 2058 esse
1447 2001 1704 2056 ducemus
1736 2018 1749 2054 :
1789 2015 1975 2056 verum
1999 2008 2054 2055 et

463 2113 585 2153 cum
613 2096 832 2152 domino
858 2109 978 2150 meo
1003 2091 1286 2149 Theodoro
1307 2092 1644 2169 prseteriano,
1667 2091 1757 2162 qui
1785 2089 2051 2146 Cucusum

463 2203 563 2246 nos
589 2187 798 2253 avexit,
826 2187 1050 2242 multum
1076 2184 1144 2241 de
1171 2185 1270 2239 hac
1299 2199 1359 2240 re
1388 2199 1690 2239 sermonem
1719 2181 2003 2237 habuimus
2033 2196 2049 2234 :

461 2290 663 2337 etcum
691 2278 757 2334 ad
783 2279 979 2333 multos
1005 2277 1362 2333 scriberemus
1385 2315 1402 2341 ,
1429 2273 1532 2330 hoc
1560 2289 1772 2345 quoque
1799 2274 1928 2345 ipsis
1958 2287 2054 2344 per

459 2375 644 2429 literas
668 2369 1060 2425 mandavimus.
1090 2367 1449 2437 Quamobrem
1489 2367 1602 2422 sive
1631 2367 1835 2422 fructus
1860 2366 2052 2438 aliquis

461 2483 529 2522 ex
556 2465 752 2520 nostris
781 2463 951 2518 literis
974 2462 1179 2517 oriatur
1201 2503 1216 2528 ,
1243 2461 1354 2516 sive
1383 2459 1553 2514 literze
1580 2458 1855 2515 dumtaxat
1883 2459 2051 2515 litera:

461 2566 734 2624 maneant,
771 2570 868 2612 nec
893 2553 1034 2626 apud
1064 2568 1189 2621 eos,
1221 2569 1250 2608 a
1281 2553 1470 2624 quibus
1505 2553 1871 2622 accipiuntur,
1899 2552 2053 2624 quid-

460 2664 619 2720 quam
650 2646 948 2719 proﬁciant,
969 2661 1119 2712 cura,
1151 2654 1211 2700 ut
1236 2644 1287 2699 id
1315 2644 1706 2716 quamprimum
1735 2644 2049 2714 intelligam.

462 2742 670 2800 Etenim
697 2743 753 2798 in
779 2741 883 2796 hoc
916 2754 1127 2812 quoque
1154 2747 1302 2794 tuum
1328 2753 1451 2809 erga
1474 2753 1571 2793 nos
1596 2752 1832 2793 amorem
1862 2736 2049 2808 impri-

458 2837 563 2892 mis
585 2835 913 2890 admiramur
935 2875 950 2902 ,
983 2843 1141 2905 teque
1171 2832 1300 2888 item
1328 2831 1396 2888 de
1421 2839 1605 2886 nostro
1635 2845 1759 2901 erga
1789 2838 1841 2885 te
1867 2844 2051 2886 amore

460 2927 682 2982 minime
727 2925 1005 2990 dubitare,
1031 2926 1264 2980 maximo
1291 2931 1608 2993 argumento
1643 2922 1696 2977 id
1733 2937 1854 2978 esse
1901 2922 2051 2978 duci-

460 3033 599 3086 mus,
630 3018 770 3088 quod
797 3019 866 3072 de
903 3017 986 3070 his
1022 3017 1179 3071 rebus
1217 3017 1283 3071 ad
1315 3032 1412 3071 nos
1443 3016 1607 3071 verba
1650 3015 1837 3070 facias.
1875 3015 2050 3083 Quare

459 3111 570 3165 sive
595 3109 718 3180 quid
749 3109 871 3162 hinc
897 3107 1160 3162 commodi
1195 3115 1501 3178 promanet,
1524 3107 1642 3163 sive
1676 3107 1804 3162 nihil
1845 3107 2048 3162 fructus

460 3200 860 3271 proﬁciscatur,
886 3198 966 3254 fac
991 3198 1154 3253 sciam
1185 3215 1198 3252 :
1228 3206 1286 3253 ut
1310 3198 1352 3252 si
1381 3197 1507 3268 quid
1537 3197 1828 3270 profectum
1851 3197 1957 3262 sit,
1981 3198 2049 3254 iis

459 3293 654 3364 gratias
676 3292 899 3348 habeam
922 3292 1012 3364 qui
1037 3291 1104 3348 de
1127 3291 1318 3362 seipsis
1339 3291 1474 3348 bene
1495 3292 1669 3346 meriti
1693 3291 1883 3348 fuerint
1907 3308 1921 3358 ;
1945 3292 2047 3348 sibi

453 3385 597 3440 enim
629 3385 797 3456 magis
831 3400 990 3455 quam
1018 3385 1132 3450 tibi,
1160 3399 1280 3440 cum
1326 3383 1430 3439 hoc
1458 3382 1678 3450 faciunt,
1707 3383 2043 3454 largiuntur;

457 3476 538 3532 sin
565 3489 721 3531 secus
740 3517 755 3542 ,
782 3474 1233 3546 compendiariam
1265 3473 1550 3545 quamdam
1576 3489 1638 3530 ac
1673 3475 2045 3546 procliviorem

458 3567 596 3621 viam
639 3575 693 3622 et
735 3566 994 3621 rationem
1042 3566 1427 3636 excogitemus,
1471 3581 1573 3637 qua
1625 3565 2046 3622 consolationem

457 3659 676 3714 omnino
709 3657 1004 3728 percipias,
1035 3673 1135 3712 nec
1159 3657 1270 3726 jam
1299 3657 1353 3712 in
1381 3657 1491 3712 ulla
1517 3659 1756 3727 angustia
1792 3658 2046 3728 deinceps

374 3805 392 3818 ,
458 3750 709 3810 rerseris.
752 3749 884 3805 Nam
911 3749 977 3804 de
1007 3749 1292 3820 nobisipsis
1315 3749 1522 3819 optime
1549 3749 1894 3818 merebimur,
1923 3765 2045 3806 cum

456 3859 732 3916 generose
753 3852 914 3915 atque
938 3843 1180 3914 ingenua:
1202 3841 1396 3898 animae
1427 3852 1530 3898 tua:
1556 3857 1738 3897 curam
1768 3843 1840 3900 ita
1865 3859 2048 3901 susce-

459 3936 714 4007 perimus.
750 3933 918 3990 Velim
944 3932 1011 3989 ad
1037 3948 1136 3990 nos
1161 3949 1318 4006 quam
1345 3933 1642 4008 saapissime
1669 3935 1892 4004 scribas,
1921 3951 2046 3990 nos-

457 4045 562 4102 que
587 4029 656 4086 de
679 4037 766 4085 tua
790 4027 1094 4084 valetudine
1121 4027 1458 4100 nominisque
1497 4029 1568 4083 tui
1593 4028 1905 4085 celebritate
1925 4045 2044 4086 cer-

457 4123 624 4179 tiores
654 4122 835 4177 facias.

686 4254 779 4313 CX
795 4254 888 4311 Vl.
925 4254 1211 4311 Valentino.
1242 4255 1473 4328 (Cucuso
1501 4271 1642 4313 anno
1661 4255 1812 4328 404.)

529 4392 792 4464 Quidnam
822 4391 927 4449 hoc
967 4391 1093 4448 est?
1115 4389 1362 4458 Siccine,
1395 4405 1517 4447 cum
1551 4402 1803 4464 quantam
1844 4408 1907 4448 ex
1941 4393 2044 4448 tuis

455 4486 612 4542 bonis
640 4485 964 4555 voluptatem
1008 4483 1314 4554 capiamus,
1345 4498 1609 4554 quamque
1648 4485 1750 4540 tuis
1801 4485 2044 4542 laudibus

454 4587 509 4634 et
527 4575 697 4650 gloria
715 4575 1064 4642 exsultemus,
1086 4575 1253 4646 probe
1280 4575 1467 4642 scires,
1490 4589 1716 4646 cumque
1741 4577 1902 4633 etiam
1922 4586 2046 4634 ante

453 4672 634 4728 omnia
669 4686 737 4726 ex
761 4679 853 4726 tuo
881 4668 1056 4724 officio
1094 4676 1270 4735 esset,
1303 4668 1522 4724 honoris
1563 4669 1737 4734 illius,
1776 4669 1844 4724 ad
1883 4685 2042 4740 quem

457 4778 600 4819 nunc
634 4768 851 4819 evectus
879 4773 968 4827 es,
1005 4757 1417 4830 magnitudinem
1444 4758 1599 4815 nobis
1629 4774 1727 4830 per
1755 4759 1934 4816 literas
1965 4761 2044 4817 si-

454 4856 710 4927 gnificare
733 4896 748 4920 ,
782 4861 837 4908 tu
883 4861 1059 4908 tamen
1082 4893 1098 4920 ,
1128 4859 1185 4906 ut
1214 4849 1265 4906 id
1301 4852 1444 4921 prius
1474 4852 1542 4908 ab
1570 4852 1687 4906 aliis
1718 4852 2043 4924 intelligere-

455 4963 575 5002 mus
599 4986 616 5012 ,
660 4945 978 5012 sustinuisti,
1019 4959 1192 5016 neque
1219 4944 1374 5016 longa
1407 4945 1497 4999 tibi
1531 4944 1596 4999 ad
1623 4959 1741 5000 eam
1772 4960 1884 5001 rem
1919 4962 2046 5018 pur-

455 5041 669 5111 gatione
711 5054 846 5109 opus
875 5053 995 5094 esse
1017 5047 1168 5110 putas
1197 5039 1240 5107 ',
1269 5039 1408 5110 quod
1451 5048 1703 5109 quantum
1733 5039 1945 5110 quidem
1988 5042 2042 5099 in

458 5144 510 5189 te
543 5132 676 5200 fuit,
708 5125 852 5186 tanla
882 5132 1077 5187 Iretitiaa
1104 5132 1465 5204 magnitudine
1497 5133 1694 5190 tamdiu
1732 5149 1830 5190 nos
1861 5148 2046 5191 carere

456 5239 647 5296 passus
687 5220 784 5281 es?
823 5224 956 5280 Nam
997 5241 1120 5280 vera
1161 5225 1373 5296 quidem
1407 5236 1491 5281 tua
1521 5226 1749 5297 dignitas
1778 5236 1832 5282 et
1877 5228 2046 5281 maxi-

457 5334 604 5375 mum
631 5320 911 5389 imperium
940 5319 1102 5374 animi
1129 5319 1299 5375 virtus
1322 5329 1423 5375 est.
1457 5319 1652 5375 Verum
1683 5321 1931 5390 quoniam
1964 5320 2046 5375 bis

459 5427 672 5487 quoque
701 5413 883 5468 mundi
927 5413 1219 5483 honoribus
1258 5413 1322 5467 ad
1365 5413 1503 5468 illius
1538 5412 1816 5468 utilitatem
1853 5413 2045 5470 didici-

456 5505 522 5561 sti
547 5545 564 5571 ,
592 5519 803 5575 quoque
825 5505 1094 5574 potentior
1127 5503 1309 5559 evadis
1329 5547 1344 5571 ,
1374 5519 1439 5559 eo
1472 5505 1631 5559 etiam
1662 5505 1817 5560 latior
1860 5515 2044 5575 portus

459 5597 738 5670 egentibus
757 5596 1006 5662 efﬁceris,
1036 5595 1107 5652 ob
1130 5611 1248 5651 eam
1277 5611 1493 5652 causam
1523 5611 1664 5652 nunc
1689 5611 1900 5668 quoque
1924 5611 2047 5668 gau-

525 5754 543 5821 _‘
568 5758 708 5802 Juxta
730 5748 978 5801 clarissimi
999 5748 1194 5798 Fabricii
1219 5747 1435 5798 codicem
1455 5748 1766 5799 scribendum
1785 5757 1877 5814 est,
1897 5764 2047 5817 Αδῃπ-

463 5821 789 5941 ωξοέοὶειὶοη
811 5884 959 5936 neque
981 5868 1066 5924 tibi
1088 5867 1275 5936 aliquid
1293 5866 1615 5924 excusationis
1639 5871 1863 5934 suppetit.

1187 432 1245 487 ὃ.
1283 428 1560 486 JOANNlS
1595 426 2066 486 CIIRYSOSTOMI
2104 425 2425 484 ARCHIEP.
2464 427 3002 486 CONSTANTINOP.

3642 434 3750 492 673

2158 537 2347 594 demus
2391 546 2447 594 et
2487 539 2790 609 exsilimus,
2814 555 2914 597 nec
2954 549 3131 597 tamen
3170 542 3368 599 silentii
3406 544 3616 616 culpam
3657 547 3749 602 tibi

2159 627 2498 688 remittimus.
2529 631 2770 702 Quanam
2807 648 2970 706 porro
2994 635 3198 690 ratione
3225 635 3365 693 belle
3408 638 3562 694 nobis
3589 641 3751 696 satis-

2157 725 2357 783 facies?
2387 725 2647 783 Nimirum
2667 728 2713 782 si
2741 741 2884 798 sepe
2927 728 3151 797 scribas,
3172 737 3333 801 atque
3358 731 3425 786 de
3451 740 3536 787 tua
3563 733 3754 788 totius-

2156 835 2262 888 que
2291 830 2396 876 tua:
2432 819 2622 876 domus
2665 821 2968 878 valetudine
3009 836 3108 877 nos
3144 822 3452 895 frequenter
3491 827 3756 883 certiores

2155 911 2342 968 facias.
2368 912 2628 981 Quoniam
2661 913 2818 984 igitur
2838 913 3120 980 rationem,
3138 931 3242 986 qua
3274 925 3324 971 te
3352 916 3506 972 nobis
3533 934 3747 988 purges,

2156 1018 2187 1058 a
2211 1002 2368 1058 nobis
2393 1004 2677 1074 accepisti,
2701 1004 2812 1075 jam
2855 1019 2973 1076 qua:
3001 1014 3207 1062 tuarum
3237 1018 3359 1064 sunt
3396 1010 3623 1078 partium
3650 1011 3751 1064 ad-

2151 1096 2334 1168 junge.
2367 1096 2502 1152 Nam
2536 1099 2580 1154 si
2609 1099 2709 1153 hac
2745 1098 2971 1168 epistola
3013 1109 3230 1171 accepta
3275 1101 3329 1156 in
3371 1102 3586 1157 silentio
3623 1119 3752 1172 per-

2157 1193 2306 1252 stes,
2349 1186 2583 1258 ingentis
2631 1188 2967 1259 negligentia:
3011 1189 3183 1245 dicam
3231 1191 3324 1245 tibi
3361 1191 3752 1262 impingemus,

2155 1291 2402 1348 aegreque
2440 1277 2494 1333 id
2539 1278 2792 1334 feremus.
2816 1279 2926 1336 Nec
2961 1296 3089 1337 vero
3117 1281 3321 1350 dubito,
3349 1285 3476 1354 quin
3515 1286 3757 1340 acerbis-

2155 1367 2307 1424 simae
2330 1383 2504 1441 pinnae
2531 1369 2650 1426 loco
2674 1369 2727 1424 id
2753 1369 3030 1428 habiturus
3062 1373 3154 1440 sis,
3190 1389 3290 1429 nos
3327 1373 3429 1430 hoc
3455 1376 3672 1430 nomine
3696 1377 3751 1432 in

2156 1459 2342 1517 dolore
2379 1465 2583 1518 versari
2613 1480 2626 1516 :
2661 1463 3090 1535 quandoquidem
3139 1483 3298 1538 quam
3341 1469 3550 1525 sincere
3590 1480 3752 1542 atque

2155 1551 2409 1610 ardenter
2436 1569 2535 1611 nos
2564 1570 2733 1626 ames,
2763 1556 2906 1613 haud
2933 1558 3065 1613 mihi
3098 1560 3334 1633 ignotum
3361 1571 3463 1619 est.

2157 1684 2391 1742 CXVII.
2441 1686 2739 1746 Theodore.
2775 1688 3052 1764 (Cucuso,
3075 1703 3150 1751 ut.
3177 1704 3430 1766 putatur,
3459 1712 3601 1754 anno
3641 1701 3751 1758 404

2804 1783 2890 1840 vel
2935 1783 3091 1857 ωδ.)

2226 1911 2370 1969 Raro
2394 1911 2462 1969 ad
2489 1920 2542 1970 te
2568 1914 2770 1972 idcirco
2794 1917 2992 1988 scribo,
3023 1919 3163 1990 quod
3191 1921 3382 1991 quibus
3417 1921 3596 1979 literas
3623 1923 3748 1982 dem

2157 2001 2296 2058 haud
2323 2003 2478 2061 facile
2507 2006 2785 2062 nanciscar
2817 2025 2830 2062 :
2861 2017 2916 2064 at
2951 2025 3057 2065 non
3087 2010 3214 2067 item
3247 2017 3403 2082 raro,
3429 2015 3524 2070 sed
3555 2031 3751 2087 perpe-

2155 2104 2249 2152 tuo
2274 2097 2350 2152 tui
2379 2112 2496 2152 sum
2524 2113 2752 2157 memor.
2783 2101 2896 2159 Hoc
2919 2103 3066 2160 enim
3095 2105 3150 2161 in
3175 2116 3356 2162 nostra
3387 2119 3647 2177 potestate
3672 2113 3746 2166 si-

2158 2189 2268 2234 tum
2320 2189 2437 2248 est,
2467 2181 2596 2238 illud
2639 2193 2817 2240 autem
2856 2201 3051 2243 secus:
3079 2189 3174 2245 sed
3214 2200 3270 2245 ut
3319 2194 3390 2248 tui
3433 2196 3748 2251 memoriam

2155 2281 2416 2342 perpetuo
2454 2274 2732 2345 colamus,
2781 2277 2837 2332 in
2870 2270 3053 2334 nostro
3100 2280 3321 2337 arbitrio
3364 2286 3639 2354 consistit;
3691 2296 3751 2343 ut

2154 2371 2334 2420 autem
2381 2367 2622 2437 epistolae
2667 2367 2935 2438 ferantur,
2979 2388 3086 2429 non
3133 2374 3280 2431 item.
3307 2377 3573 2446 Quocirca
3617 2381 3748 2437 illud

2154 2468 2367 2526 semper
2391 2455 2472 2525 ﬁt,
2501 2457 2603 2514 hoc
2630 2468 2806 2515 autem
2831 2470 2941 2517 tum
2968 2462 3215 2536 denique,
3247 2482 3370 2522 cum
3399 2467 3623 2526 facultas
3648 2471 3747 2526 da-

2155 2552 2260 2600 tur.
2282 2548 2455 2618 Atque
2477 2548 2597 2605 aliis
2617 2551 2834 2621 quidem
2872 2554 3112 2626 epistolis
3139 2565 3190 2613 te
3214 2561 3579 2616 tantummodo
3605 2564 3749 2619 salu-

2154 2639 2400 2700 tabamus
2421 2682 2438 2710 ,
2468 2641 2569 2698 hac
2594 2654 2770 2703 autem
2798 2646 3115 2705 beneﬁcium
3145 2667 3355 2722 quoque
3393 2656 3745 2724 postulamus.

2151 2730 2432 2799 Quodnam
2458 2750 2619 2806 porro
2645 2737 2748 2794 hoc
2786 2739 3101 2821 beneficium
3137 2746 3261 2800 est?
3296 2745 3558 2804 Nimirum
3602 2752 3749 2821 quod

2153 2823 2272 2892 plus
2297 2826 2413 2895 tibi,
2443 2843 2561 2898 quin
2586 2828 2820 2900 dederis,
2843 2816 3002 2903 quam
3039 2835 3168 2891 mihi
3194 2879 3208 2902 ,
3234 2839 3322 2908 qui
3348 2816 3634 2911 accipiam,
3661 2843 3746 2898 lu-

2151 2915 2230 2970 cri
2278 2916 2500 2985 afferat,
2530 2919 2782 2992 dantique
2828 2925 2975 2995 prius
3019 2941 3176 2996 quam
3227 2930 3505 3002 accipienti
3555 2937 3746 3005 prosit.

2151 3007 2363 3064 Etenim
2385 3011 2451 3066 ad
2480 3026 2578 3069 nos
2603 3013 2822 3070 allatum
2853 3025 2953 3084 est,
2976 3017 3310 3076 Eustathium
3336 3023 3572 3079 animum
3596 3034 3746 3082 tuum

2151 3100 2475 3171 offendisse,
2519 3119 2582 3160 ac
2617 3105 2778 3162 domo
2825 3117 2912 3163 tua
2960 3110 3219 3180 ejectum,
3257 3122 3416 3185 atque
3461 3116 3529 3171 ab
3575 3119 3749 3174 oculis

2152 3194 2256 3250 tuis
2283 3195 2588 3253 submotum
2614 3213 2753 3255 esse.
2781 3200 3024 3268 Quonam
3052 3214 3231 3260 autem
3260 3207 3420 3263 modo
3448 3222 3508 3264 se
3533 3224 3620 3264 res
3646 3210 3740 3266 ha-

2149 3288 2274 3344 beat
2295 3330 2310 3354 ,
2341 3298 2396 3345 et
2432 3305 2530 3346 cur
2553 3300 2697 3348 tanta
2727 3293 2780 3348 in
2810 3308 2932 3349 cum
2972 3295 3243 3354 iracundia
3274 3314 3368 3354 usa
3412 3301 3488 3356 sis
3510 3343 3528 3370 ,
3563 3302 3748 3361 dicere

2149 3397 2357 3453 nequeo
2386 3401 2400 3438 :
2429 3400 2550 3439 nam
2595 3385 2724 3442 illud
2753 3395 2957 3443 tantum
3003 3390 3115 3445 scio
3156 3407 3171 3446 :
3213 3400 3267 3446 at
3297 3408 3425 3448 vero
3461 3410 3580 3466 qua:
3617 3406 3670 3452 te
3711 3413 3746 3453 a

2150 3473 2304 3530 nobis
2327 3516 2341 3541 ,
2371 3477 2461 3548 qui
2501 3485 2619 3557 tuae,
2643 3479 2830 3534 salutis
2877 3481 3251 3538 studiosissimi
3294 3475 3520 3552 sumus,
3557 3488 3747 3547 audire

2148 3567 2439 3634 convenit,
2473 3567 2587 3625 haec
2628 3579 2772 3625 sunt.
2811 3569 2925 3628 Non
2966 3572 3181 3644 ignoras
3218 3585 3533 3647 przcsentem
3577 3581 3741 3638 vitam

2147 3657 2281 3713 nihil
2329 3673 2448 3713 esse
2473 3700 2487 3723 ,
2531 3675 2717 3716 verum
2766 3661 2926 3724 ﬂores
2969 3676 3407 3739 vernos,ratque
3445 3668 3743 3728 imbecilles

2149 3747 2372 3804 umbras
2399 3748 2618 3816 imitari,
2648 3766 2748 3808 nec
2774 3753 2918 3809 aliud
2944 3769 3064 3812 esse
3092 3771 3248 3828 quam
3287 3761 3617 3817 somniorum
3641 3763 3740 3818 fal-

2148 3841 2375 3898 laciam:
2403 3858 2557 3900 veras
2584 3854 2760 3902 autem
2791 3855 2846 3904 et
2876 3847 3008 3904 ﬁxas
3042 3864 3104 3905 ac
3131 3851 3346 3908 stabiles
3379 3868 3468 3910 res
3488 3869 3611 3911 esse
3639 3872 3738 3926 ea,

2147 3948 2268 4003 quae
2295 3948 2392 3990 nos
2423 3943 2544 4006 post
2571 3935 2868 3994 discessum
2888 3953 2954 3995 ex
2997 3939 3098 3998 hac
3138 3943 3245 3998 vita
3279 3954 3565 4016 exceptura
3591 3957 3736 4005 sunt.

2150 4023 2275 4081 Haec
2301 4032 2356 4080 et
2379 4039 2408 4080 a
2437 4025 2589 4082 nobis
2613 4042 2854 4099 persaepe
2879 4030 3114 4098 audiisti,
3139 4042 3194 4090 et
3221 4034 3334 4105 ipsa
3363 4051 3463 4106 per
3482 4045 3536 4093 te
3560 4038 3740 4110 philo-

2147 4113 2364 4185 sophari
2401 4130 2508 4172 non
2550 4117 2769 4174 desinis.
2796 4120 2920 4176 Ideo
2949 4138 3055 4178 non
3083 4123 3291 4195 longam
3333 4141 3406 4182 sci
3422 4127 3509 4183 ibo
3538 4126 3742 4198 epistol

2149 4204 2293 4272 lam;
2323 4205 2452 4262 illud
2479 4216 2659 4265 autem
2682 4209 2769 4265 aio
2801 4228 2814 4265 :
2842 4209 2899 4267 Si
2922 4211 3102 4283 inique
3125 4228 3190 4271 ac
3217 4230 3313 4285 per
3338 4217 3660 4274 calumniam
3687 4219 3741 4275 id

2146 4309 2179 4354 a
2204 4296 2522 4367 quibusdam
2551 4309 2728 4356 actum
2758 4309 2861 4369 est,
2891 4311 2948 4357 ut
2972 4318 3097 4359 eum
3122 4305 3362 4376 ejiceres,
3389 4310 3526 4377 juris
3550 4317 3741 4366 natura

2149 4400 2201 4446 te
2240 4401 2490 4459 moveat,
2523 4402 2580 4448 ut
2601 4394 2741 4465 quod
2770 4393 2966 4450 factum
3004 4406 3120 4464 est,
3152 4399 3391 4470 corrigas
3418 4416 3432 4465 ;
3463 4401 3506 4456 si
3558 4413 3741 4459 autem

2141 4483 2262 4554 jure
2277 4499 2340 4540 ac
2373 4485 2589 4554 merito,
2617 4487 2960 4544 humanitatis
2976 4488 3180 4562 legibus
3207 4491 3433 4546 adducta
3464 4492 3567 4548 hoc
3595 4493 3742 4551 idem

2148 4577 2301 4634 efﬁce
2327 4595 2342 4633 :
2373 4594 2496 4634 nam
2525 4578 2650 4636 hinc
2687 4595 2900 4652 quoque
2941 4582 3094 4653 plus,
3126 4599 3284 4654 quam
3311 4585 3437 4651 ille,
3470 4588 3745 4642 commodi

2149 4668 2306 4726 feres.
2337 4670 2798 4739 Quemadmodum
2823 4675 2965 4730 enim
2993 4675 3039 4731 is
3067 4677 3156 4747 qui
3187 4687 3400 4732 centum
3431 4677 3687 4735 denarios
3711 4695 3746 4736 a

2149 4774 2410 4816 conservo
2433 4762 2715 4833 exigebat,
2743 4779 2849 4820 non
2881 4775 2986 4820 tam
3010 4781 3134 4822 eum
3163 4766 3319 4832 laisit,
3347 4783 3504 4838 quam
3532 4770 3638 4824 sibi
3669 4772 3748 4826 le-

2152 4852 2257 4908 tale
2290 4853 2482 4908 vulnus
2511 4853 2724 4919 inﬂixit,
2757 4865 2814 4910 ut
2838 4855 2928 4927 qui
2958 4856 3028 4912 ob
3054 4873 3170 4913 eam
3197 4859 3359 4912 animi
3389 4859 3742 4929 rigiditatem,

2149 4960 2308 5018 quam
2338 4945 2388 5000 in
2411 4961 2728 5002 conservum
2756 4949 3018 5016 exercuit,
3049 4948 3236 5005 decem
3265 4951 3488 5006 militum
3517 4952 3748 5007 talento-

2149 5051 2268 5092 rum
2287 5037 2732 5095 condonationem
2755 5037 2959 5094 irritam
2981 5038 3274 5096 reddiderit
3302 5057 3316 5094 :
3346 5040 3534 5107 eodem
3557 5043 3744 5110 modo,

2149 5129 2238 5198 qui
2270 5130 2495 5199 proximi
2526 5141 2742 5201 peccata
2769 5131 3037 5201 praeterit,
3067 5131 3170 5187 hoc
3197 5133 3530 5202 assequitur,
3555 5143 3612 5188 ut
3638 5136 3746 5189 mi-

2153 5221 2256 5274 tius
2282 5221 2353 5277 ab
2379 5237 2444 5276 eo
2471 5223 2522 5276 in
2551 5222 2728 5277 futuro
2753 5236 2868 5277 aevo
2905 5224 3140 5279 rationes
3169 5234 3554 5294 reposcantur;
3581 5236 3748 5297 atque

2151 5324 2259 5380 quo
2301 5310 2450 5380 plura
2492 5320 2546 5367 et
2574 5313 2816 5383 graviora
2852 5325 3070 5385 peccata
3101 5315 3402 5380 remiserit,
3435 5332 3501 5372 eo
3531 5333 3749 5388 quoque

2158 5402 2418 5472 majorem
2447 5401 2563 5474 ipse
2590 5406 2801 5461 veniam
2827 5406 3085 5472 obtineat.
3113 5406 3294 5479 Neque
3324 5408 3375 5462 in
3409 5407 3510 5463 hoc
3538 5418 3745 5464 tantum

2153 5494 2438 5550 discrimen
2466 5497 2698 5566 positum
2723 5505 2808 5555 est
2829 5539 2845 5566 ,
2873 5498 2970 5555 sed
3009 5499 3065 5556 in
3103 5514 3170 5556 eo
3207 5500 3368 5556 etiam
3395 5539 3416 5567 ,
3442 5500 3581 5571 quod
3621 5516 3749 5556 cum

2155 5586 2348 5642 servile
2391 5603 2584 5645 munus
2627 5588 2879 5657 dederit,
2933 5590 3100 5646 herile
3149 5590 3467 5647 beneﬁcium
3528 5592 3748 5662 accipit.

2154 5677 2331 5747 Quare
2356 5694 2426 5735 ne
2458 5680 2590 5736 mihi
2631 5681 2759 5738 illud
2783 5695 3173 5739 commemores
3191 5723 3208 5749 ,
3238 5681 3339 5739 hoc
3366 5693 3422 5738 et
3459 5682 3562 5738 hoc
3586 5683 3658 5738 ab
3682 5699 3756 5739 eo

2155 5785 2514 5847 perpetratum
2557 5793 2698 5836 esse.
2745 5777 2877 5834 Nam
2907 5793 3016 5850 quo
3048 5778 3310 5836 atrociora
3353 5793 3417 5834 ea
3442 5795 3562 5851 quae
3597 5793 3756 5834 com-

2154 5869 2317 5927 missa
2362 5877 2487 5928 sunt
2531 5883 2649 5929 esse
2693 5870 2997 5929 ostenderis
3021 5913 3035 5941 ,
3068 5886 3132 5930 eo
3180 5871 3349 5945 magis
3387 5875 3754 5930 necessariam
