4064 6218
407 358 506 419 671
1000 364 1032 379 ’⁵

1860 362 2245 420 ΕΡΙΞἸῸΙηΕ.

3562 372 3665 430 672

405 476 661 543 πώντων,
677 477 908 532 δέσποτα
934 476 1328 550 αίδεσιμώτατε
1349 478 1444 535 καὶ
1465 478 1865 551 θεοφιλέστατε,
1891 482 1985 536 καὶ
2094 483 2189 535 καὶ
2212 481 2306 535 τοῦ
2333 482 2481 535 οῑκου
2514 498 2604 535 σου
2639 482 2855 548 παντός.
2890 479 2906 535 ἶ
2916 485 3051 541 Επεὶ
3074 481 3169 541 οῦν
3204 505 3264 542 σε
3292 487 3386 544 καὶ
3412 486 3506 545 τδν
3536 494 3663 564 τρό-

405 570 651 640 συνεχῶς
680 569 1030 636 ἐπιστέλλων.
1069 571 1231 643 ἡνίκα
1259 572 1325 626 ἂν
1351 572 1480 645 ἐξῇ,
1511 574 1606 628 καὶ
1628 573 1697 628 τὰ
1735 575 1862 644 περὶ
1885 574 1986 646 τῆς
2087 599 2189 636 πον
2225 582 2323 652 τῆς
2370 582 2664 652 ἀπολογίας
2713 583 3048 657 ἐδιδάξαμεν,
3094 589 3373 661 προστίθει
3414 591 3484 646 r&
3512 594 3663 665 παρά

405 663 598 734 ὑγείας
618 660 795 733 δηλῶν
834 663 934 733 τῆς
975 662 1095 734 σῆς.
1126 659 1298 720 Οἶσθα
1328 666 1440 737 7&9
1487 666 1636 728 ὅπως
1668 669 1798 738 ήμῖν
1827 685 1982 739 περι-

402 754 740 810 σπούδαστον
771 754 892 809 καθ’
947 755 1205 828 ἑκάστην,
1239 758 1290 811 εί
1314 752 1427 811 οἷόν
1459 776 1518 812 τε
1540 799 1555 825 ,
1607 760 1822 832 ήμέραν
1854 761 1984 833 περὶ

398 844 607 915 ταύτης
633 845 941 917 μανθάνειν.
974 846 1078 901 Τὸν
1095 848 1364 919 δεσπότην
1393 867 1494 920 μου
1528 851 1622 905 τὸν
1647 851 1981 923 τιμιώτατον

400 937 501 991 καὶ
530 937 926 994 εὐλαϐέστατον
945 940 1315 1014 πρεσϐύτερον
1355 943 1731 1015 ’Δσυγκρίτιον
1757 957 1812 1011 α,
1845 946 1981 1017 μετά

397 1028 511 1082 τῶν
541 1028 892 1097 γλυκυτάτων
924 1031 1091 1086 αὐτοῦ
1127 1033 1386 1099 παιδίων,
1422 1035 1519 1089 καὶ
1548 1035 1724 1089 πάντα
1754 1053 1848 1090 σου
1880 1036 1980 1107 τῆς

398 1118 715 1187 θεοσεϐείας
760 1122 853 1178 τὸν
885 1123 1082 1197 κλῆρον
1115 1126 1289 1181 πολλά
1310 1130 1441 1201 παρ’
1474 1129 1630 1202 ήμῶν
1659 1134 1978 1203 προσειπεῖν

396 1214 806 1287 παρακλήθητι.

730 1332 893 1385 PIE'.
932 1332 1199 1402 Θεοφίλῳ
1225 1336 1625 1405 πρεσϐυτέρῳ.

472 1444 582 1499 Καὶ
608 1444 768 1500 τοῦτο
797 1448 898 1518 τῆς
937 1449 1391 1524 εὐγνωμοσύνης,
1422 1455 1514 1510 καὶ
1545 1457 1647 1528 τῆς
1683 1459 1784 1530 σῆς
1810 1461 1974 1532 εὐχα-

396 1536 582 1607 ρίστου
612 1554 706 1591 σου
740 1538 987 1610 γνώμης,
1027 1542 1089 1595 rb
1131 1544 1357 1614 μηδενὸς
1385 1548 1793 1605 ἀπολελαυκότα
1825 1553 1975 1624 παρά

394 1628 621 1694 τούτων,
652 1624 735 1693 οἷς
761 1648 822 1684 σε
849 1636 1359 1708 παρακατεθέμεθα,
1384 1640 1446 1694 τὸ
1474 1643 1584 1696 πᾶν
1613 1644 1973 1715 ἀπειληφέναι

392 1715 637 1787 νομίζειν
671 1719 781 1773 ἀπὸ
812 1722 913 1792 τῆς
947 1726 1222 1797 ήμετέρας
1248 1729 1575 1801 προθυμίας.
1626 1734 1765 1787 Ἀλλ’
1812 1738 1974 1808 ήμεῖς

391 1810 492 1862 οὐκ
519 1811 974 1885 ἀρκεσθησόμεθα
1019 1818 1195 1890 τούτῳ
1218 1860 1232 1884 ,
1268 1821 1405 1877 ἀλλά
1433 1825 1528 1878 καὶ
1564 1824 1642 1895 τῷ
1669 1827 1841 1899 κυρίῳ
1869 1846 1970 1900 μου

390 1900 652 1973 Θεοδώρῳ
696 1903 775 1975 τῷ
819 1906 1141 1979 ἐπαρχικῷ,
1172 1911 1249 1982 τῷ
1272 1912 1533 1983 ἀγαγόντι
1568 1918 1715 1988 ἡμᾶς
1755 1920 1834 1984 είς
1870 1920 1970 1991 τήν

387 1995 741 2064 Κουκουσὺν,
783 1998 956 2054 πολλά
999 2001 1206 2075 ταύτης
1244 2006 1431 2061 ἕνεκεν
1477 2008 1831 2082 διελέχθημεν
1869 2014 1970 2084 τῆς

387 2085 737 2153 ὑποθέσεως,
788 2091 885 2144 καλ⁵
938 2093 1152 2159 πολλοῖς
1205 2099 1608 2165 ἐπιστέλλοντες
1661 2103 1754 2156 καὶ
1793 2104 1969 2159 ταῦτα

386 2178 824 2249 ἐπεστάλκαμεν.
855 2183 955 2237 1’Δν
970 2202 1035 2239 τε
1051 2187 1182 2255 γοῦν
1202 2190 1426 2262 γένηταί
1453 2211 1505 2246 τι
1531 2194 1640 2249 ἀπὸ
1662 2196 1769 2249 τῶν
1789 2213 1968 2269 γραμ-

394 2269 585 2364 μάτων
615 2270 777 2364 πλέον
810 2274 838 2313 δ
865 2272 975 2328 τῶν
1008 2279 1313 2351 ἡμετέρων,
1336 2283 1401 2336 ἀν
1430 2302 1489 2338 τε
1509 2288 1809 2359 γράμματα
1832 2290 1967 2364 μένῃ

389 2359 556 2453 μόνον
600 2362 671 2417 τὰ
709 2365 1048 2438 γράμματα,
1102 2372 1273 2442 μηδὲν
1329 2375 1602 2431 ἀνύσαντα
1654 2380 1807 2453 παρά
1836 2359 1966 2448 τοῖς

382 2449 806 2521 ἀποδεχομένοις
832 2456 993 2521 αὐτὰ,
1032 2458 1119 2513 διά
1144 2463 1355 2532 ταχέων
1375 2465 1506 2534 ήμῖν
1536 2449 1773 2536 δηλῶσαι
1794 2470 1964 2523 σπού-

381 2536 567 2593 δασον.
613 2539 718 2595 Καὶ
745 2542 853 2616 γάρ
890 2546 950 2598 ἐν
995 2547 1171 2619 τούτῳ
1211 2551 1445 2621 μάλιστα
1484 2555 1593 2626 τὴν
1610 2558 1832 2631 ἀγάπην
1871 2577 1964 2614 σου

381 2632 764 2706 θαυμάζομεν,
814 2636 910 2691 καὶ
951 2640 1045 2692 τοῦ
1089 2640 1311 2714 θαρρεῖν
1336 2647 1466 2717 ήμῖν
1507 2648 1666 2703 τοῦτο
1711 2652 1966 2721 μέγιστον

380 2724 689 2796 ποιούμεθα
730 2733 973 2799 σημεῖον,
1012 2732 1076 2785 τὸ
1104 2734 1197 2788 καὶ
1228 2737 1355 2808 περὶ
1385 2738 1590 2794 τούτων
1622 2744 1754 2813 ήμῖν
1775 2744 1964 2798 -διαλέ-

379 2815 595 2883 γεσοαι.
619 2817 870 2889 Δήλωσον
903 2822 1083 2877 τοίνυν
1105 2824 1236 2894 ήμῖν
1256 2826 1321 2880 ἀν
1346 2844 1404 2879 τε
1436 2829 1664 2900 γένηταί
1691 2848 1744 2884 τι
1778 2832 1959 2898 πλέον,

380 2909 450 2962 ἄν
502 2927 559 2962 τε
598 2911 788 2982 μηδὲν,
846 2912 913 2966 ἶν’
947 2913 1013 2968 ἂν
1067 2916 1165 2986 μὲν
1211 2918 1275 2971 rb
1316 2920 1580 2992 πρότερον
1614 2918 1682 2994 ᾖ,
1732 2924 1963 2995 χάριτας

376 3001 809 3074 ὁμολογήσωμεν
846 3007 958 3069 τοῖς
1007 3005 1107 3077 τὴν
1153 3008 1363 3062 ἐαυτῶν
1402 3010 1710 3082 ώρεληκόσι
1739 3015 1919 3087 ψυχήν
1942 3030 1957 3045 °

372 3094 595 3157 ἑαυτοῖς
630 3093 740 3166 γὰρ
782 3096 983 3165 μᾶλλον
1012 3096 1045 3168 ἢ
1079 3098 1162 3151 σοὶ
1198 3100 1516 3172 χαριοῦνται
1545 3104 1704 3159 τοῦτο
1739 3107 1957 3177 ποιοῦν-

370 3202 504 3248 τες·
531 3184 597 3239 ἄν
636 3203 698 3239 τε
732 3187 794 3240 rb
827 3187 1079 3257 δεύτερον
1103 3230 1118 3254 ,
1154 3191 1349 3263 ἑτέραν
1384 3193 1503 3248 τινὰ
1541 3196 1659 3250 ὁδὸν
1694 3198 1959 3271 σύντομον

370 3275 476 3327 καὶ
502 3274 877 3349 εὐκολωτέραν
904 3279 1303 3353 ἐπινοήσωμεν,
1336 3283 1403 3337 δι’
1429 3280 1498 3357 ἧς
1531 3287 1749 3352 πάντως
1776 3289 1959 3362 πάσης

366 3366 661 3439 ἀπολαύσῃ
690 3369 1064 3440 παραμυθίας,
1096 3370 1172 3437 ώς
1217 3374 1276 3427 ἐν
1320 3377 1561 3451 μηδεμιᾷ
1602 3378 1742 3435 εἶναι
1773 3399 1957 3437 στενοο

369 3459 574 3531 χωρία.
613 3462 775 3532 Ἢμῖν
820 3463 929 3536 γάρ
963 3465 1150 3530 αὐτοῖς
1202 3467 1271 3522 τὰ
1320 3468 1552 3539 μέγιστα
1585 3472 1955 3544 χαριούμεθα,

368 3551 478 3619 τῆς
518 3551 773 3619 εὐγενοῦς
807 3572 901 3608 σου
938 3558 1033 3609 καὶ
1079 3557 1372 3631 ἐλευθέρας
1407 3561 1550 3616 οὕτω
1579 3565 1958 3636 φροντίζοντες

366 3639 575 3711 ψυχῆς.
609 3643 720 3697 Καὶ
744 3645 923 3715 γράφε
960 3648 1197 3718 συνεχῶς
1216 3652 1371 3721 ἡμῖν,
1395 3652 1465 3705 τά
1489 3655 1620 3726 περὶ
1644 3656 1744 3727 τῆς
1769 3657 1958 3726 ὑγείας

367 3732 477 3800 τῆς
506 3733 626 3804 σῆς,
658 3736 879 3808 καὶτῆς
918 3739 1323 3812 εὐδοκιμήσεως
1371 3744 1878 3819 εὐαγγελιζόμενος.

870 3867 948 3921 ΡΙ
949 3866 1019 3934 ς’
1024 3907 1038 3921 .
1096 3869 1455 3934 Βαλεντίνῳ.

445 3972 512 4024 Τί
549 3972 708 4027 τοῦτο
732 3991 745 4037 ;
786 3974 956 4040 Εἰδὼς
987 3977 1137 4042 ὅπως
1162 3997 1255 4053 σου
1278 3983 1543 4054 χαίρομεν
1572 3988 1685 4050 τοῖς
1704 3988 1949 4056 ἀγαθοῖς,

364 4063 471 4117 καὶ
498 4065 810 4137 σκιρτῶμεν
837 4069 930 4122 ἐπὶ
957 4072 1077 4135 ταῖς
1111 4074 1233 4137 σαῖς
1266 4075 1675 4147 εὐδοκιμήσεσι,
1707 4081 1803 4134 καὶ
1847 4083 1953 4154 πρὸ

365 4157 594 4211 πάντων
632 4160 861 4228 ὀφείλων
883 4163 1014 4233 ἡμῖν
1042 4163 1280 4235 δηλῶσαι
1302 4168 1401 4238 τῆς
1425 4168 1589 4240 τιμῆς
1612 4170 1674 4224 τὸ
1702 4171 1950 4242 μέγεθος,

361 4252 455 4313 εἰς
488 4249 519 4303 ὃ
546 4250 642 4304 νῦν
694 4251 920 4322 άνέϐης,
958 4253 1258 4325 ὑπέμεινας
1309 4258 1459 4330 ήμᾶς
1515 4262 1780 4334 πρότερον
1819 4268 1951 4338 παρ’

361 4341 580 4413 ἐτέρων
636 4343 828 4412 μαθεῖν
876 4345 1035 4399 τοῦτο
1060 4387 1075 4413 ,
1106 4348 1201 4401 καὶ
1230 4348 1291 4401 οὐ
1335 4351 1578 4420 νομίζεις
1618 4353 1827 4410 δεῖσθαί
1868 4373 1950 4412 σοι

362 4431 576 4502 πολλῆς
598 4435 679 4496 είς
700 4434 856 4489 τοῦτο
883 4436 1183 4507 ἀπολογίας
1218 4442 1262 4507 ⁸⁸,
1287 4441 1369 4494 ὅτι
1397 4441 1651 4514 ήνέσχου,
1686 4443 1747 4499 τό
1765 4462 1830 4515 γε
1858 4447 1951 4502 σὺν

366 4522 564 4593 μέρος,
597 4524 852 4579 τοσοῦτον
892 4529 1086 4598 χρόνον
1110 4531 1260 4601 ήμᾶς
1300 4530 1575 4604 ζημιῶσαι
1612 4535 1951 4611 εὐφροσύνης

367 4611 611 4684 μέγεθος
659 4614 1013 4686 τηλικοῦτον;
1068 4619 1143 4673 Tb
1189 4620 1290 4692 μὲν
1326 4622 1432 4694 γὰρ
1484 4623 1701 4697 ἀξίωμά
1751 4644 1844 4683 σου
1888 4630 1951 4684 τὸ

360 4701 594 4773 ἀληθὲς,
632 4705 727 4759 καὶ
762 4708 796 4778 ή
837 4710 1070 4784 μεγίστη
1103 4728 1199 4765 σου
1239 4713 1382 4785 ἀρχὴ
1406 4755 1422 4780 ,
1465 4714 1570 4787 τῆς
1620 4717 1803 4790 ψυχῆς
1853 4721 1947 4775 σού

361 4793 522 4868 [658]
553 4795 703 4851 ἐστιν
740 4800 773 4871 ή
818 4800 1008 4874 ἀρετή.
1042 4802 1182 4857 Ἀλλ’
1214 4804 1404 4878 ἐπειδὴ
1438 4807 1532 4862 καὶ
1572 4809 1785 4875 τούτοις
1834 4813 1951 4877 τοῖς

361 4887 646 4958 βιωτικοῖς
671 4891 751 4955 είς
784 4892 883 4967 τήν
912 4894 1127 4968 ἐκείνης
1155 4895 1426 4967 ὠφέλειαν
1455 4899 1758 4972 κεχρῆσθαι
1787 4920 1950 4974 μεμε-

356 4979 603 5050 λέτηκας
627 5020 643 5045 ,
678 4984 774 5037 καὶ⁸
812 4986 924 5057 ὅσῳ
964 4984 1030 5040 ἂν
1075 4987 1207 5059 γένῃ
1251 4988 1622 5062 δυνατώτερος
1644 5032 1659 5059 ,
1707 4992 1948 5066 τοσούτῳ

353 5072 531 5145 λιμὴν
559 5075 846 5151 εὐρύτερος
874 5082 984 5145 τοῖς
1009 5080 1281 5152 δεομένοις
1303 5082 1645 5151 καθίσταται,
1675 5084 1761 5140 διά
1789 5086 1948 5142 τοῦτο

354 5162 463 5222 νῦν
492 5164 775 5239 χαίρομεν,
818 5171 914 5225 καὶ
959 5174 1288 5245 σκιρτῶμεν,
1335 5174 1450 5230 ἀλλ’
1473 5176 1624 5246 ὅμως
1665 5178 1765 5232 οὐκ
1793 5178 1949 5248 ἀφίε-
1982 5201 1999 5243 ;

355 5256 468 5330 μιν
496 5275 556 5312 σε
604 5260 700 5315 τοῦ
743 5264 842 5335 τῆς
889 5265 1046 5336 σιγῆς
1078 5266 1439 5337 ἐγκλήματος.
1497 5267 1622 5332 Πῶς
1667 5266 1762 5323 οὖν
1816 5270 1948 5341 ήμῖν

351 5351 678 5426 ἀπολογήσῃ
705 5355 883 5421 καλῶς
905 5373 921 5421 ;
943 5355 1021 5428 Τῇ
1052 5358 1345 5430 πυκνότητι
1373 5359 1481 5414 τῶν
1503 5360 1822 5428 ἐπιστολῶν,
1852 5364 1946 5417 καὶ

353 5441 449 5513 τῷ
474 5447 713 5517 συνεχῶς
740 5447 809 5503 τά
833 5449 964 5521 περὶ
997 5449 1098 5520 τῆς
1122 5450 1308 5521 ὑγείας
1336 5453 1467 5524 ήμῖν
1494 5453 1694 5525 δηλοῦν
1716 5455 1816 5527 τῆς
1843 5456 1946 5528 σῆς
1980 5527 1990 5531 _

426 5611 456 5683 ξ
480 5612 688 5683 Eabﬁcii
706 5616 861 5683 codex
896 5616 1223 5683 Ἀσύγκριτον.

430 5669 459 5742 ξ
480 5675 618 5742 '_1‘rg§
629 5690 743 5742 mss.
768 5678 827 5742 iv
851 5695 903 5737 re
924 5679 1005 5730 οὖν
1024 5669 1214 5742 γένηταί
1238 5698 1281 5730 τι
1296 5682 1457 5731 πλέον.

427 5735 460 5813 ξ
475 5736 673 5813 ςιοὶειξρ.
702 5735 969 5813 ίξπέμεινας,
990 5735 1101 5806 παρ’
1126 5735 1335 5813 ’.ἐτέρων⁸
1368 5748 1493 5806 ἡμᾶς
1531 5746 1759 5813 πρότερον
1800 5748 1942 5801 τοῦτο

430 5759 453 5767 ν
475 5759 673 5787 unum.
702 5759 953 5800 νπεμιεινας
990 5759 1099 5806 παρ’
1155 5759 1327 5853 enim
1368 5759 1405 5801 ηη

354 5799 541 5860 μαθεῖν’
569 5801 765 5864 οὐδεμία
784 5819 858 5853 σα
881 5804 1113 5868 πρόφασις
1136 5805 1230 5855 ἀπο
1261 5804 1405 5867 ογίας.

2088 681 2285 735 σαυτοῦ
2313 683 2515 738 λοιπόν.
2541 684 2602 737 Εἰ
2621 683 2729 757 γάρ
2746 685 2839 740 καὶ
2867 686 3003 757 μετά
3023 687 3121 760 τὴν
3146 690 3435 765 ἐπιστολήν
3457 693 3664 765 ταύτην

2088 783 2270 854 μένεις
2301 785 2487 856 σιγῶν,
2520 786 2846 858 γραψόμεθά
2888 805 2948 842 σε
2982 790 3254 862 ῥᾳθυμίας
3299 792 3522 866 πολλῆς,
3567 796 3664 850 καὶ.

2082 882 2414 954 ἀλγήσομεν.
2455 880 2586 939 υἷδα
2629 885 2686 940 δὲ
2729 886 2916 957 σαφῶς
2961 888 3045 942 ὅτι
3089 891 3423 964 πικροτάτην
3454 891 3661 965 ταύτην

2081 985 2263 1057 ἡγήσῃ
2313 984 2509 1042 διδόναι
2566 987 2740 1060 δίκην,
2766 988 2828 1043 rb
2881 989 3065 1059 ἀλγεῖν
3118 991 3213 1046 ἐπὶ
3255 993 3465 1058 τούτοις
3493 995 3659 1066 ἡμᾶς,

2080 1084 2267 1156 ἐπειδὴ
2289 1080 2407 1140 οἶδα
2431 1087 2547 1151 πῶς
2578 1087 2671 1142 καὶ
2699 1088 2871 1158 φιλεῖν
2904 1091 3051 1162 ήμᾶς
3066 1091 3303 1163 γνησίως
3328 1094 3421 1149 καὶ
3443 1095 3660 1167 θερμῶς

2080 1183 2439 1248 ἐσπούδακας.

2640 1314 2791 1369 PIZ'.
2814 1312 3099 1383 Θεοδώρᾳ.

2152 1424 2484 1502 Γράφωμέν
2535 1434 2781 1504 ὀλιγάκις
2826 1439 2899 1509 τῇ
2944 1438 3287 1509 κοσμιότητί
3314 1455 3429 1505 σου,
3464 1439 3553 1496 διὰ
3592 1440 3689 1515 rb'

2080 1530 2154 1601 μὴ
2181 1531 2377 1601 ῥᾳδίως
2401 1536 2780 1607 ἐπιτυγχάνειν
2800 1536 2909 1591 τῶν
2936 1537 3267 1610 κομιζόντων
3290 1538 3362 1593 τὰ
3402 1540 3659 1613 γράμμα-

2075 1647 2160 1683 τα·
2194 1632 2477 1704 μέμνημαι
2498 1634 2557 1689 δέ
2573 1653 2665 1690 σου
2695 1638 2794 1691 οὐκ
2809 1638 3074 1709 ὀλιγάκις,
3090 1639 3226 1694 ἀλλά
3253 1640 3347 1694 καὶ
3371 1641 3654 1713 διηνεκῶς.

2075 1732 2149 1786 Τὸ
2182 1733 2281 1804 μὲν
2297 1736 2406 1808 7&9
2426 1738 2513 1806 ἐφ’
2540 1740 2671 1810 ήμῖν
2700 1743 2899 1806 κεῖται,
2921 1742 2982 1795 rb
3014 1741 3070 1796 δέ
3090 1742 3190 1797 οὐκ
3216 1743 3301 1813 ἐφ’
3324 1744 3478 1816 ἡμῖν’
3520 1743 3663 1798 ἀλλά
3685 1769 3688 1773 ν

2072 1830 2166 1885 τοῦ
2202 1833 2299 1904 μὲν
2347 1837 2658 1908 μεμνῆσθαι
2706 1839 2993 1912 διηνεκῶς,
3023 1843 3178 1897 αὐτοὶ
3224 1843 3426 1916 κύριοι,
3461 1846 3556 1901 τοῦ
3593 1845 3654 1900 δέ

2073 1931 2319 2002 κομίζειν
2354 1934 2454 1999 τὰς
2484 1936 2792 2004 ἐπιστολὰς,
2823 1938 2924 1992 οὐκ
2971 1938 3072 1993 ἔτι.
3103 1939 3203 1993 Διά
3254 1938 3412 1993 τοῦτο
3445 1940 3505 1994 rb
3552 1940 3681 2011 μένος

2068 2030 2161 2084 ἀεὶ
2183 2032 2413 2101 γίνεται,
2447 2035 2508 2089 rb
2523 2036 2793 2106 δέ,ηήνίκα
2820 2036 2888 2092 ἀν
2916 2038 3033 2110 ἐξῇ.
3081 2037 3194 2101 Τάς
3230 2037 3330 2108 μὲν
3359 2033 3454 2091 οὖν
3485 2034 3672 2102 ἄλλας.

2068 2130 2360 2197 ἐπιστολὰς
2384 2135 2685 2207 πρόσρησιν
2714 2136 2941 2208 ἐχούσας
2963 2137 3308 2209 ἐπέμπομεν,
3339 2136 3545 2209 ταύτην
3588 2136 3661 2191 δὲ

2071 2229 2167 2282 καὶ
2210 2232 2430 2304 χάριτος
2476 2234 2711 2306 αἴτησιν.
2746 2235 2843 2300 Τίς
2866 2236 2924 2291 δὲ
2950 2239 2984 2309 ή
3025 2238 3224 2310 χάριςς
3276 2237 3373 2290 Σοῐ
3402 2240 3468 2310 τῇ
3502 2252 3647 2311 παρ-

2070 2332 2269 2405 εχούσῃ
2302 2334 2524 2405 μᾶλλον,
2633 2335 2713 2408 τῷ
2742 2336 3019 2409 δεχομένῳ
3062 2337 3124 2391 rb
3156 2336 3347 2410 κέρδος
3384 2338 3649 2410 φέρουσα,

2068 2434 2163 2487 καὶ
2192 2433 2298 2506 πρὸ
2318 2434 2413 2488 τοῦ
2441 2435 2808 2507 λαμϐάνοντος
2848 2438 2941 2492 rbv
2965 2437 3177 2493 διδόντα
3198 2438 3505 2509 ὠφελοῦσα.
3536 2438 3650 2495 Καὶ

2068 2535 2179 2616 γάρ
2198 2532 2362 2608 ἦλθεν
2410 2541 2491 2603 εἰς
2529 2540 2696 2611 ήμᾶς,
2740 2536 2823 2595 δτι
2849 2539 2915 2613 δὴ
2936 2540 3231 2605 Εὐστάθιος
3275 2540 3386 2595 τῶν
3412 2559 3649 2614 προσκε-

2068 2637 2378 2708 κρουκότων
2411 2639 2605 2711 ἐστὶτῇ
2630 2640 2902 2713 τιμιότητί
2927 2658 3042 2705 σου,
3085 2642 3180 2695 καὶ
3219 2641 3318 2711 τῆς
3349 2641 3527 2705 οίκίας
3547 2644 3648 2712 τῆς

2068 2740 2163 2809 σῆς
2186 2736 2432 2805 ἐξέπεσε,
2453 2739 2547 2792 καὶ
2573 2740 2681 2794 ἀπὸ
2712 2740 2887 2810 ὅψεως
2915 2739 3160 2811 γέγονεν.
3192 2741 3381 2802 Ὅπως
3423 2740 3524 2812 μὲν
3547 2735 3649 2795 οὖν

2065 2834 2177 2905 ἔχει
2205 2835 2299 2889 τοῦ
2323 2835 2701 2909 πράγματοςὴ
2734 2837 2916 2907 φύσις,
2943 2836 3037 2892 καὶ
3062 2838 3207 2902 τίνος
3234 2834 3422 2892 ἕνεκεν
3450 2838 3645 2892 τοσαύ-

2062 2952 2162 3005 την
2192 2936 2485 3007 ὑπέμεινεν
2516 2938 2706 3010 ὀργὴν,
2755 2940 2930 2994 εἰπεῖν
2986 2938 3093 2993 οὐκ
3140 2938 3268 3010 ἔχω·
3315 2936 3491 2992 ἐκεῖνο
3534 2938 3647 3010 γὰρ

2060 3035 2234 3104 ἔγνων
2279 3037 2459 3108 μόνον’
2503 3040 2542 3093 ἃ.
2586 3038 2643 3093 δὲ
2676 3041 2781 3111 χρή
2821 3056 2880 3092 σε
2911 3042 3042 3111 παρ’
3086 3039 3241 3113 ήμῶν
3278 3039 3508 3094 ἀκοῦσαι
3536 3039 3654 3093 τῶν-

2064 3137 2269 3209 σφὸδρα
2300 3156 2393 3192 σου
2424 3139 2524 3211 τῆς
2562 3140 2835 3212 σωτηρίας
2879 3141 3276 3212 ἀντεχομένων,
3302 3143 3419 3197 ἐστὶ
3447 3142 3640 3198 ταῦτα.

2064 3234 2233 3292 Οἶσθα
2253 3237 2329 3303 ώς
2358 3239 2510 3294 οὐδὲν
2542 3239 2571 3293 ὁ
2595 3239 2785 3313 παρὼν
2814 3239 2950 3312 βίος,
2981 3241 3146 3315 ἀλλ’ἢ
3182 3241 3317 3314 ἄνθη
3338 3242 3364 3283 ά
3397 3244 3650 3315 μιμεῖται

2059 3342 2245 3415 ήρινά,
2259 3343 2353 3396 καὶ
2371 3343 2527 3408 σκιάς
2545 3344 2815 3416 ἀδρανεῖς,
2828 3345 2923 3399 καὶ
2948 3346 3240 3417 ὀνειράτων
3270 3347 3416 3401 ἐστὶν
3428 3348 3639 3421 ἀπάτη⁶

2060 3441 2128 3496 τὰ
2154 3441 2210 3496 δὲ
2234 3442 2410 3514 ἀληθῆ
2446 3445 2766 3516 πράγματα,
2791 3446 2886 3500 καὶ
2916 3447 3223 3519 πεπηγότα,
3250 3448 3345 3503 καὶ
3376 3449 3643 3520 ἀμετακί-

2058 3560 2216 3615 νητα,
2236 3544 2307 3599 τά
2336 3545 2473 3615 μετὰ
2498 3545 2596 3616 τήν
2626 3544 2873 3601 ἐντεῦθεν
2899 3547 3207 3619 ἀποδημίαν
3242 3552 3275 3622 ή
3285 3552 3393 3621 μᾶς
3414 3550 3655 3617 διαδεξόι

2060 3644 2201 3716 μενά
2224 3646 2361 3699 ἐστι.
2400 3643 2589 3700 Ταῦτα
2616 3647 2710 3701 καὶ
2743 3649 2873 3720 παρ’
2898 3648 3054 3720 ἡμῶν
3079 3648 3341 3713 πολλάκις
3373 3651 3635 3721 ήκουσας,

2059 3745 2154 3801 καὶ
2197 3745 2408 3802 οἴκοθεν
2455 3746 2821 3819 φιλοσοφοῦσα
2853 3747 3133 3813 διατελεῖς.
3157 3750 3356 3820 Διόπερ
3384 3750 3504 3804 οὐδὲ
3541 3766 3639 3822 μαν

2058 3844 2197 3916 κράν
2227 3845 2484 3917 ποιοῦμαι
2520 3847 2621 3918 τὴν
2653 3847 2962 3919 ἐπιστολὴν,
2997 3848 3114 3902 ἀλλ’
3141 3848 3320 3903 ἐκεῖνό
3354 3865 3555 3920 φαμεν·
3587 3852 3637 3905 εί

2058 3944 2158 4014 μὲν
2194 3945 2395 4010 ἀδίκως
2420 3946 2564 4009 τινές
2591 3947 2993 4020 ἐπηρεάσαντες
3032 3948 3306 4014 ἐξέϐαλον,
3342 3950 3635 4023 αίδουμένη

2055 4041 2149 4096 τοῦ
2167 4042 2376 4098 δικαίου
2395 4044 2495 4116 τήν
2511 4043 2691 4114 φύσιν,
2707 4044 2998 4115 διόρθωσον
3021 4045 3082 4100 rb
3102 4063 3298 4119 γεγενη
3307 4047 3487 4120 μένονο
3503 4048 3552 4103 εί
3577 4049 3640 4104 δὲ

2053 4142 2294 4210 δικαίως,
2324 4143 2452 4209 τοὺς
2488 4143 2590 4214 τῆς
2624 4143 3033 4218 φιλανθρωπίας
3060 4146 3277 4219 τιμῶσα
3308 4148 3525 4222 νόμους,
3574 4149 3637 4204 rb

2052 4242 2186 4298 αὐτὸ
2208 4242 2272 4315 δὴ
2299 4242 2458 4297 τοῦτο
2486 4242 2648 4299 πάλιν
2681 4246 2931 4319 ποίησον,
2964 4246 3092 4302 ἔνθα
3119 4249 3214 4303 καὶ
3234 4249 3369 4322 αὐτὴ
3394 4250 3455 4304 rb
3475 4252 3637 4307 πλέον

2053 4340 2323 4416 καρπώσῃ
2369 4343 2568 4415 μᾶλλον
2596 4342 2632 4416 ἥ
2685 4345 2911 4410 ἐκεῖνος.
2944 4347 3155 4420 Ὥσπερ
3185 4348 3294 4422 γὰρ
3320 4350 3349 4403 ὁ
3375 4349 3465 4404 τὸν
3504 4352 3634 4423 ὁμό-

2052 4442 2237 4500 δουλον
2267 4444 2515 4501 ἀπαιτῶν
2554 4445 2627 4500 τὰ
2666 4445 2860 4502 ἑκατὸν
2891 4446 3141 4520 δηνάρια,
3170 4447 3273 4504 οὐκ
3312 4449 3521 4506 ἐκεῖνον
3552 4471 3635 4508 ro-

2054 4546 2241 4602 σοῦτον
2261 4546 2517 4619 ἔϐλαψεν,
2544 4549 2668 4604 ὅσον
2694 4549 2874 4621 ἐαυτῷ
2902 4551 3124 4623 καιρίαν
3152 4552 3320 4608 ἔδωκε
3364 4554 3466 4626 τὴν
3495 4554 3633 4625 πλη-

2049 4649 2176 4722 γὴν,
2193 4648 2280 4704 διὰ
2306 4649 2405 4722 τῆς
2431 4650 2568 4724 πρὸς
2592 4649 2683 4706 τὸν
2702 4650 2986 4707 σύνδουλον
3012 4640 3394 4724 ἀκριϐολογίας
3423 4655 3637 4727 μυρίων

2048 4750 2324 4806 ταλάντων
2349 4749 2697 4823 συγχώρησιν
2734 4751 3063 4825 ἀνατρέψας·
3100 4751 3269 4817 οὕτως
3297 4755 3328 4807 ό
3360 4755 3635 4827 παρατρέο

2050 4870 2161 4925 χων
2182 4851 2255 4906 τά
2279 4852 2375 4907 τοῦ
2395 4853 2622 4926 πλησίον
2651 4854 3024 4927 ἁμαρτήματα
3060 4855 3418 4927 ήμερωτέρας
3452 4858 3632 4928 ἐαυτῷ

2049 4948 2194 5008 ποιεῖ
2211 4952 2311 5018 τὰς
2346 4955 2405 5009 ἐν
2436 4954 2516 5026 τῷ
2550 4954 2703 5028 [659]
2743 4955 2988 5027 μέλλοντι
3026 4955 3274 5024 εὐθύνας,
3302 4957 3396 5012 καὶ
3415 4958 3525 5028 ὅσῳ
3562 4959 3632 5013 ἂν

2052 5051 2275 5125 μείζονα
2307 5053 2375 5107 τά
2424 5048 2797 5126 ἁμαρτήματα
2839 5055 2988 5128 ἀφῇ,
3036 5055 3277 5130 τοσούτῳ
3320 5057 3416 5111 καὶ
3467 5058 3632 5119 αὐτὸς

2051 5152 2293 5217 πλείονος
2327 5152 2576 5219 τεύξεται
2618 5154 2719 5227 τῆς
2756 5156 3177 5230 συγχωρήσεως.
3226 5157 3302 5211 υύ
3353 5156 3525 5231 ταύτῃ
3571 5159 3631 5213 δὲ

2052 5255 2212 5327 μόνον
2240 5256 2356 5310 ἐστὶ
2378 5257 2439 5310 rb
2459 5256 2736 5331 διάφορον,
2779 5258 2916 5314 ἀλλὰ
2946 5260 3042 5315 καὶ
3075 5260 3155 5333 τῷ
3182 5260 3435 5334 δουλικὴν
3461 5261 3630 5317 διδόν⁴

2047 5373 2115 5410 τα
2145 5356 2325 5430 χάριν,
2355 5348 2680 5432 δεσποτικήν
2722 5360 3018 5432 λαμϐάνειν
3052 5362 3281 5435 δωρεάν.
3314 5364 3407 5438 Μὴ
3449 5364 3651 5419 τοίνυν

2049 5474 2141 5529 μοι
2172 5457 2320 5529 λέγε,
2340 5460 2422 5514 ὅτι
2450 5460 2512 5516 rb
2538 5461 2633 5515 καὶ
2660 5460 2722 5517 rb
2759 5461 2908 5535 αὐτῷ
2936 5465 3414 5538 πεπλημμέληται.
3474 5467 3625 5537 Ὀσῳ

2045 5557 2154 5630 7&9
2177 5557 2244 5614 ἀν
2277 5560 2457 5634 δείξῃς
2480 5562 2835 5639 χαλεπώτερα
2864 5567 2934 5621 τά
2979 5569 3338 5640 γεγενημένα,
3387 5566 3625 5640 τοσούτῳ

2044 5659 2144 5732 τῆς
2202 5664 2601 5738 συγχωρήσεως
2647 5667 3079 5742 ἀναγκαιοτέραν
3154 5671 3471 5743 ἀποφαίνεις
3519 5666 3634 5742 τὴν

2106 5814 2131 5857 δ
2155 5816 2303 5872 Savil.
2329 5822 2449 5872 ἀλλὰ
2470 5822 2605 5884 ἄνθη.
