4064 6218
297 287 400 344 ϐ’ῖό

287 405 593 479 ignoscendi
619 415 835 458 causam
865 414 984 455 esse
1011 396 1440 462 demonstrabis,
1469 394 1610 468 quod
1646 394 1746 450 hac
1786 410 1875 449 ra-

285 500 433 554 tione
481 496 649 552 multo
689 493 946 562 majorem
1001 489 1342 545 humanitatis
1388 502 1452 542 ac
1495 486 1877 568 misericordia:

283 589 563 644 materiam
611 588 664 640 in
713 584 946 638 futurum
992 581 1084 636 tibi
1125 577 1510 650 prmconditura
1551 577 1645 631 sis.
1675 576 1874 646 Quam-

283 682 473 736 obrem
500 680 657 744 iram,
686 675 898 732 ctiam’si
929 673 1123 744 alioqui
1147 672 1367 742 justam,
1391 669 1617 740 depelle,
1646 667 1878 736 indigna-

284 772 488 827 tionem
519 770 789 838 sapienter
815 765 1109 834 comprime
1141 781 1156 818 :
1191 763 1293 817 hoc
1332 762 1441 816 Deo
1481 759 1730 814 sacriﬁcii
1760 759 1876 812 luco

281 861 438 924 oﬁ'er;
472 860 626 914 nobis
649 857 810 914 etiam
833 898 848 922 ,
871 857 1064 926 quibus
1107 868 1231 910 cara
1267 866 1362 918 es,
1393 851 1496 907 hoc
1539 851 1754 919 indulge
1781 867 1792 901 :
1823 861 1878 904 et

281 963 562 1024 quantam,
581 951 666 1006 vel
689 949 836 1005 brevi
863 948 1108 1018 epistola,
1135 945 1274 1015 apud
1307 935 1359 999 te
1383 945 1751 998 auctoritatem
1777 941 1875 996 ba-

283 1049 510 1100 beamus
533 1041 776 1097 ostende.
804 1041 921 1096 Tibi
949 1040 1107 1095 etiam
1131 1038 1229 1107 ipsi
1261 1050 1451 1106 magna
1484 1036 1598 1089 lucc
1621 1049 1736 1104 qua:
1763 1032 1872 1086 dixi

278 1137 488 1206 prtebe,
517 1149 710 1204 nempe
738 1141 793 1188 ut
819 1144 965 1187 m0tu
989 1146 1051 1186 ac
1077 1129 1473 1200 perturbatione
1501 1141 1678 1193 vaces,
1707 1136 1762 1180 ut
1793 1135 1877 1180 tu-

281 1225 512 1280 multum
559 1224 685 1278 binc
711 1223 972 1278 orientem
1017 1235 1087 1277 ex
1134 1219 1314 1274 animo
1350 1227 1440 1272 tuo
1468 1217 1670 1288 ejicias,
1699 1225 1755 1270 ut
1783 1215 1878 1271 de-

280 1319 446 1387 nique
487 1315 557 1370 ob
595 1330 714 1370 eam
741 1328 956 1369 causam
987 1326 1176 1382 magna
1205 1325 1326 1365 cum
1365 1310 1527 1364 animi
1573 1307 1764 1364 ﬁducia
1791 1308 1876 1362 in-

277 1423 524 1478 gressum
582 1408 637 1463 in
691 1422 914 1478 regnum
957 1421 986 1459 a
1031 1405 1260 1474 benigno
1289 1403 1399 1458 Deo
1431 1403 1687 1472 postules.
1717 1403 1875 1457 Beni-

279 1501 485 1570 gnitate
509 1499 706 1569 quippe
743 1512 868 1568 erga
904 1496 1204 1567 proximum
1235 1494 1468 1565 ingentia
1497 1493 1699 1548 scelera
1727 1507 1878 1548 com-

275 1589 598 1644 modissime
621 1587 923 1658 expiantur.
952 1585 1014 1642 Si
1045 1585 1211 1650 enim,
1243 1585 1414 1654 inquit
1437 1582 1698 1649 Christus,
1727 1583 1876 1636 remi-

277 1682 448 1736 διήιξε
485 1680 769 1736 hominibus
815 1679 1002 1734 delicta
1045 1694 1178 1743 sua,
1209 1677 1421 1731 remittet
1466 1685 1512 1730 et
1551 1676 1686 1730 vobis
1721 1674 1878 1731 Pater

270 1781 442 1827 Vester
483 1772 698 1827 celestis
729 1771 746 1843 (
775 1769 965 1825 Matth.
996 1768 1050 1825 6.
1077 1766 1190 1842 16).
1221 1767 1346 1822 Haec
1371 1766 1532 1836 igitur
1551 1766 1729 1820 omnia
1755 1781 1877 1820 cum

276 1865 464 1920 animo
487 1863 582 1918 tuo
609 1861 978 1928 considerans,
1009 1859 1074 1915 ad
1101 1874 1200 1915 nos
1223 1859 1503 1929 epistolam
1545 1858 1695 1912 mitte
1713 1897 1728 1920 .
1756 1872 1878 1927 qua:

270 1957 468 2014 literas
497 1965 707 2012 nostras
733 1954 932 2026 aliquid
961 1952 1248 2023 profecisse
1273 1952 1554 2022 signiﬁcet.
1575 1950 1706 2004 Nam
1731 1948 1872 2020 quod

271 2049 447 2104 ofﬁcii
477 2047 644 2103 nostri
675 2047 812 2102 ratio
839 2045 1156 2118 postulabat,
1186 2045 1532 2110 absolvimus,
1557 2041 1715 2112 idque
1735 2041 1876 2111 quod

273 2142 328 2196 in
375 2151 560 2194 nostro
587 2138 809 2194 arbitrio
855 2137 1016 2192 situm
1059 2143 1205 2203 erat,
1252 2133 1515 2199 fecimus;
1548 2132 1873 2198 monuimus,

267 2233 624 2302 rogavimus,
659 2229 883 2300 gratiam
929 2227 1208 2298 petiimus,
1236 2241 1355 2296 qua:
1381 2223 1663 2294 oportebat
1700 2223 1874 2278 suasi-

269 2339 423 2380 mus.
469 2323 583 2378 Tua
621 2322 732 2393 jam
772 2335 933 2384 causa
980 2334 1201 2390 prorsus
1245 2319 1570 2373 laboramus.
1598 2316 1732 2372 Nam
1779 2329 1878 2370 nos

271 2413 519 2485 quidem,
557 2413 671 2468 sive
695 2421 880 2467 nostra
908 2410 1024 2466 haec
1047 2409 1344 2465 cohortatio
1370 2406 1566 2478 aliquid
1605 2404 1875 2471 effecerit,

272 2508 399 2562 sive
449 2505 582 2560 nihil
631 2503 878 2560 utilitatis
920 2501 1430 2568 attulerit,‘merees
1471 2508 1652 2556 manet
1691 2517 1707 2556 :
1751 2499 1879 2554 licet

272 2599 425 2654 enim
468 2597 630 2652 etiam
675 2595 962 2651 verborum
1012 2591 1314 2650 mercedem
1344 2592 1562 2648 referre.
1593 2590 1742 2646 Nunc
1782 2605 1878 2644 au-

278 2699 394 2744 tem
425 2687 602 2744 omnis
627 2696 812 2743 noster
840 2687 992 2743 labor
1015 2701 1082 2742 eo
1109 2694 1334 2756 spectat,
1362 2694 1418 2740 ut
1439 2699 1535 2754 per
1560 2667 1672 2739 rem
1706 2683 1874 2754 ipsum

269 2787 332 2834 te
357 2793 572 2848 quoque
597 2778 870 2832 lucremur
893 2817 908 2842 ,
938 2791 1002 2832 ac
1031 2785 1086 2831 ιιι
1112 2790 1206 2846 per
1231 2774 1391 2844 hujus
1421 2775 1542 2830 vitae
1568 2782 1715 2830 recte
1741 2774 1874 2829 facta

271 2870 458 2925 futura
489 2879 544 2925 et
564 2869 886 2924 immortalia
913 2869 1050 2924 bona
1078 2867 1324 2922 facillime
1353 2865 1641 2938 percipias.

267 2961 372 3020 CX
386 2961 492 3017 v11
501 2961 554 3022 l'.
572 2961 838 3034 Epist-opis
862 2970 910 3016 et
935 2960 1234 3031 presbyteris
1259 2960 1311 3014 in
1339 2975 1538 3014 carcere
1562 2957 1875 3030 degentibus.
1907 2963 1920 2974 °

618 3053 754 3128 (Sub
778 3053 984 3109 initium
1010 3051 1184 3109 exsilii
1207 3066 1351 3108 anno
1377 3049 1525 3121 404.)

343 3145 636 3204 Carcerem
677 3144 932 3211 incolitis,
981 3152 1037 3199 et
1069 3151 1255 3199 catena
1281 3141 1442 3196 vincti
1471 3141 1600 3196 estis
1621 3183 1636 3208 ,
1667 3149 1721 3196 et
1749 3155 1870 3196 cum

268 3237 535 3308 squalidis
563 3244 619 3292 et
643 3234 873 3291 sordidis
909 3232 1098 3289 inclusi
1125 3251 1137 3287 :
1169 3241 1225 3288 et
1253 3231 1379 3302 quid
1405 3230 1617 3287 tandem
1652 3231 1753 3287 hoc
1777 3246 1874 3286 no-

282 3331 432 3385 mine
458 3328 664 3383 beatius
680 3325 835 3382 vobis
862 3325 986 3395 ﬁngi
1013 3323 1215 3395 queat?
1243 3321 1377 3392 Quid
1404 3323 1544 3378 enim
1573 3322 1679 3377 tale
1717 3321 1876 3378 habet

272 3435 442 3476 aurea
497 3433 696 3476 corona
743 3425 903 3487 caput
939 3417 1178 3487 cingens,
1218 3415 1374 3486 quale
1421 3423 1609 3470 catena
1655 3431 1869 3470 manum

275 3520 503 3582 propter
549 3510 717 3566 Deum
764 3507 1150 3564 circumdans?
1204 3505 1330 3578 quid
1378 3506 1479 3561 tale
1528 3507 1769 3577 ingentes
1819 3515 1875 3562 et

279 3601 574 3673 splendida:
599 3601 810 3668 domus,
843 3600 1000 3672 quale
1042 3614 1251 3664 carcer,
1298 3598 1561 3668 caliginis,
1608 3599 1872 3665 sordium,

281 3698 513 3770 ingentis
540 3695 748 3754 ftetoris
770 3705 825 3751 et
849 3693 1166 3749 calamitatis
1196 3692 1404 3764 plenus,
1437 3693 1528 3747 Dei
1557 3707 1717 3747 causa
1745 3692 1880 3746 tolc-

281 3799 429 3847 ratus
448 3791 474 3844 Ἰ
502 3790 631 3859 Qua:
657 3804 777 3844 cum
805 3789 876 3843 ita
907 3788 1034 3851 sint.
1059 3785 1304 3858 gaudete,
1335 3785 1624 3850 exsultate,
1661 3785 1874 3839 coronis

281 3890 444 3952 caput
465 3881 683 3951 cingite,
714 3878 1020 3949 tripudiate,
1044 3876 1208 3947 quod,
1231 3875 1514 3941 moles‘tize,
1548 3875 1601 3929 in
1626 3889 1757 3944 quas
1788 3875 1870 3928 in.

279 3973 489 4029 cidistis
510 4013 526 4039 ,
557 3986 802 4043 magnam
841 3970 992 4025 vobis
1020 3967 1422 4024 commodorum
1455 3967 1732 4020 materiam
1778 3981 1876 4020 ac-

275 4072 523 4120 ccrsant.
546 4063 658 4118 Hoc
688 4061 937 4117 nimirum
965 4074 1148 4116 semen
1173 4066 1256 4114 est
1274 4098 1292 4126 ,
1317 4071 1547 4112 messem
1571 4055 1875 4126 copiosissi-

284 4172 426 4211 mam
470 4153 842 4226 praenuntians
886 4169 900 4206 :
940 4151 1042 4207 hoc
1070 4151 1245 4214 luctat,
1275 4149 1550 4204 victoriam
1593 4157 1648 4203 et
1671 4147 1878 4218 palmas

282 4247 608 4321 afferentes:
637 4245 738 4300 hoc
758 4243 1031 4315 navigatio
1053 4284 1068 4308 ,
1110 4241 1343 4311 amplum
1386 4249 1441 4294 et
1469 4239 1684 4294 uberem
1730 4254 1877 4306 qua:-

279 4347 426 4396 stutn
443 4336 756 4393 concilians.
776 4335 902 4391 Haec
929 4333 1088 4405 igitur
1112 4332 1292 4388 omnia
1318 4345 1439 4385 cum
1469 4329 1661 4384 animis
1685 4333 1879 4384 vestris

284 4436 629 4501 reputantes,
666 4425 1099 4484 reverendissimi
1139 4439 1202 4478 ac
1243 4420 1629 4493 religiosissimi
1675 4419 1878 4475 domini

284 4523 412 4589 mei,
461 4520 690 4592 gaudete
732 4534 796 4575 ac
839 4516 1114 4582 lmtamini,
1149 4530 1247 4570 nec
1273 4523 1480 4584 tempus
1506 4512 1671 4567 ullum
1703 4512 1873 4566 inter-

285 4616 501 4678 mittite,
531 4613 657 4684 quin
702 4612 868 4667 Deum
906 4611 960 4665 in
1006 4607 1254 4664 omnibus
1298 4606 1458 4661 rebus
1516 4603 1767 4668 laudetis,
1813 4617 1879 4658 ac

283 4704 594 4760 mortiferas
622 4702 836 4758 diabolo
859 4701 1041 4772 plagas
1070 4697 1310 4753 inferatis
1333 4736 1348 4762 ,
1379 4697 1757 4766 ingentemque
1780 4708 1877 4748 vo-

283 4796 364 4851 bis
405 4795 539 4865 ipsis
584 4794 637 4849 in
674 4793 819 4848 caelis
868 4789 1168 4847 mercedem
1199 4785 1528 4843 recondatis.
1579 4783 1700 4838 Non
1744 4783 1879 4838 enim

285 4888 554 4958 condigne
586 4894 701 4940 sunt
727 4883 990 4954 passiones
1019 4882 1171 4951 hujus
1209 4877 1384 4934 steculi
1410 4877 1477 4929 ad
1503 4877 1726 4946 futuram
1762 4875 1873 4946 gloo

286 4966 452 5045 riam,
485 4992 600 5048 qua:
635 4975 938 5036 revelabitur
977 4973 1032 5027 in
1061 4966 1198 5030 vobis
1244 4968 1418 5041 (Rom.
1442 4967 1498 5022 ,8.
1529 4965 1641 5036 18).
1671 4964 1750 5020 Ad
1782 4979 1880 5020 nos

287 5078 465 5125 autem
496 5082 656 5138 quam
682 5065 976 5137 srepissime
1003 5062 1240 5118 scribite.
1267 5061 1308 5114 Α
1341 5057 1494 5113 vobis
1522 5057 1718 5112 etenim
1745 5096 1760 5122 ,
1787 5055 1878 5126 qui

289 5161 381 5216 Dei
399 5174 568 5216 causa
594 5157 756 5212 vincti
787 5149 1158 5221 estis,'literas,
1189 5166 1308 5222 qua:
1335 5149 1654 5203 afﬁictiones
1674 5155 1880 5202 vestras

289 5259 584 5323 exponant,
613 5261 936 5320 magnOpcre
961 5246 1204 5315 accipere
1228 5241 1471 5312 cupimus
1506 5257 1520 5294 :
1552 5239 1779 5306 hincque
1801 5236 1882 5289 in-

283 5353 524 5413 gvutem,
554 5341 714 5396 etiam
743 5340 794 5394 in
825 5347 1043 5394 externa
1079 5345 1218 5391 terra
1255 5332 1532 5403 degentes,
1559 5326 1880 5389 consolatio-

290 5448 412 5489 ιιι-ιη
431 5433 729 5502 capiemus.

287 5514 493 5578 L’XIX.
521 5519 804 5592 Theophila
845 5518 1150 5589 presbytero.
1175 5513 1405 5583 (Scripta
1450 5526 1571 5568 cum
1614 5508 1879 5566 Cucnsum

781 5615 1029 5680 pergeret
1069 5620 1208 5660 anno
1237 5605 1388 5674 ἀοι.)

363 5699 506 5772 Ergo
525 5708 870 5774 posteaquam
913 5698 1010 5753 tibi
1059 5714 1086 5751 a
1127 5713 1207 5753 me
1254 5693 1520 5755 scribendi
1545 5691 1706 5766 janua
1736 5697 1877 5764 pate-

1737 283 2112 342 EPISTOLIE.

3462 287 3624 344 674‘

1980 395 2116 453 facta
2143 403 2246 458 est.
2283 395 2407 451 illud
2436 397 2676 464 ostende,
2708 405 2759 454 te
2784 397 3046 470 superiori
3071 407 3313 470 tempore
3333 408 3437 454 non
3473 418 3567 456 ne-

1981 488 2230 557 gligcntia
2266 489 2514 554 tacuisse,
2545 504 2750 552 verum,
2779 490 2922 560 quod
2955 490 3083 545 illud
3114 501 3477 561 exspectares,
3512 506 3569 547 nt

1983 578 2138 633 tibia
2169 595 2254 634 me
2293 580 2557 635 scribendi
2602 580 2797 636 ﬁducia
2824 583 3153 652 praeberetur
3184 603 3198 639 :
3243 600 3306 638 ac
3351 585 3480 639 mihi
3519 587 3571 640 li-

1985 679 2216 724 terarum
2248 686 2365 741 quae
2390 687 2477 727 me
2503 671 2570 727 dc
2601 673 2831 730 nominis
2854 674 2926 728 tui
2947 675 3207 738 claritate,
3237 675 3321 730 cui
3343 685 3575 747 quanto-

1983 776 2108 830 pere
2141 760 2342 816 faveam
2393 778 2500 818 non
2533 764 2766 831 ignoras,
2811 767 3097 820 certiorem
3128 766 3343 834 faciant,
3394 768 3578 838 ingen-

1984 860 2088 906 tem
2117 853 2326 922 eopiam
2353 853 2544 910 mitte:
2576 870 2673 910 nec
2703 847 2970 924 permitte,
3004 866 3060 911 ut
3107 859 3356 913 maeroris
3385 868 3568 930 tyran~

1983 943 2065 997 nis
2097 944 2148 996 in
2175 944 2444 1000 silentium
2470 954 2527 1000 te
2556 945 2826 1014 conjiciat,
2855 962 3042 1001 verum
3079 963 3195 1003 eam
3225 949 3412 1019 quavis
3449 965 3569 1005 ara-

1982 1051 2098 1091 neze
2130 1037 2232 1090 tela
2284 1037 2489 1093 facilius
2525 1038 2790 1109 dirumpc,
2821 1047 2981 1110 atque
3009 1038 3238 1096 alacrem
3271 1051 3322 1097 te
3350 1042 3403 1097 in
3449 1043 3568 1098 acie

1983 1126 2178 1196 prrebe.
2212 1141 2306 1196 per
2333 1128 2599 1198 ingentem
2630 1129 2874 1185 ﬁduciam
2897 1140 2961 1186 ac
2988 1131 3286 1188 libertatem
3313 1134 3567 1191 adversa-

1983 1217 2091 1272 rios
2117 1226 2380 1273 sternens.
2409 1219 2559 1275 Nune
2584 1220 2941 1290 adipiscendae
2961 1221 3164 1293 gloriae,
3191 1233 3350 1296 atque
3381 1227 3569 1298 iugen-

1986 1309 2053 1363 tis
2075 1319 2309 1380 quaestus
2347 1312 2572 1368 faciendi
2603 1321 2812 1384 tempus
2841 1323 2944 1370 est.
2971 1315 3152 1386 Neque
3176 1318 3318 1373 enim
3356 1335 3560 1375 merca-

1982 1409 2086 1465 tor,
2118 1401 2242 1455 dum
2269 1402 2319 1456 in
2351 1411 2505 1473 portu
2541 1403 2768 1470 desidet,
2805 1421 3014 1461 merces
3042 1408 3282 1478 colligit;
3310 1409 3404 1464 sed
3444 1409 3567 1464 dum

1982 1490 2212 1562 ingentia
2256 1492 2424 1548 maria
2471 1493 2689 1561 trajicit,
2737 1509 2800 1550 ac
2846 1495 3038 1552 ﬂuctus
3077 1497 3344 1570 intrepido
3386 1501 3566 1556 animo

1981 1581 2111 1647 adit,
2161 1591 2320 1653 atque
2364 1599 2485 1640 cum
2525 1584 2662 1642 fame
2700 1595 2755 1642 et
2798 1585 2926 1643 feris
2969 1589 3187 1645 marinis
3227 1591 3569 1662 colluctatur,

1981 1675 2280 1746 multasque
2325 1676 2457 1731 alias
2495 1676 2835 1734 difﬁcultates
2873 1679 3037 1736 subit.
3081 1681 3207 1737 Haec
3250 1683 3410 1754 igitur
3452 1684 3568 1756 ipse

1982 1781 2192 1837 quoque
2215 1768 2393 1823 animo
2413 1770 2794 1839 complectens,
2815 1787 3008 1842 nempe
3030 1773 3408 1843 periculorum,
3434 1777 3566 1833 lucri

1981 1857 2140 1912 etiam
2187 1873 2496 1929 magnaeque
2531 1859 2715 1929 gloriae
2739 1902 2754 1926 ,
2786 1876 2850 1916 ac
2898 1863 3238 1932 prtemiorum
3271 1867 3415 1921 omni
3451 1883 3567 1922 ser-

1982 1963 2142 2003 mone
2165 1951 2592 2018 przestantiorum
2616 1959 2824 2021 tempus
2858 1967 2998 2018 esse,
3033 1953 3115 2009 fac
3141 1956 3304 2010 animi
3333 1957 3405 2012 tui
3436 1973 3570 2028 pen-

1981 2055 2104 2095 nam
2131 2041 2356 2110 cxcites,
2389 2050 2547 2111 atque
2572 2057 2800 2098 excnsso
2829 2045 3075 2100 maeroris
3121 2048 3340 2115 pulvere
3375 2064 3567 2120 magna

1979 2143 2100 2185 cum
2125 2128 2378 2185 facilitate
2399 2132 2701 2187 universam
2724 2131 3036 2205 phalangem
3061 2135 3245 2203 obeas,
3273 2153 3567 2210 omnesque

1982 2221 2235 2286 instruas,
2282 2236 2464 2290 acuas,
2491 2221 2715 2309 excites,
2741 2225 3077 2293 corrobores,
3110 2230 3571 2301 promptioresque

1981 2327 2046 2368 ac
2084 2313 2448 2384 diligentiores
2473 2314 2687 2370 reddas.
2720 2316 2895 2386 Atque
2924 2316 3040 2371 haec
3077 2318 3231 2374 nobis
3269 2334 3364 2390 per
3391 2320 3572 2377 literas

1983 2411 2102 2460 tuas
2131 2419 2336 2475 expone
2365 2421 2381 2460 :
2422 2419 2520 2461 nec
2556 2419 2621 2461 eo
2647 2405 2788 2476 quod
2821 2415 2937 2461 tuas
2964 2407 3078 2477 ipse
3105 2409 3290 2465 laudes
3313 2422 3562 2468 narratu-

1982 2510 2075 2550 rus
2116 2496 2212 2562 sis,
2251 2504 2465 2562 metue;
2495 2512 2700 2564 verum,
2745 2506 2805 2553 ut
2834 2498 2975 2568 quod
3016 2513 3045 2553 a
3071 2499 3224 2556 nobis
3249 2501 3570 2572 imperatum

1983 2595 2066 2643 est
2093 2586 2294 2644 faciens
2314 2628 2331 2657 ,
2355 2589 2492 2644 hanc
2517 2590 2672 2646 nobis
2697 2591 3024 2660 voluptatem
3065 2592 3204 2647 dona
3231 2611 3244 2648 :
3275 2611 3383 2664 quo
3409 2598 3571 2652 etiam

1983 2679 2166 2750 procul
2213 2679 2405 2744 dissiti,
2443 2681 2711 2752 ingentem
2761 2682 3003 2738 laetitiam
3041 2684 3334 2755 capiamus,
3361 2702 3423 2743 ea
3450 2703 3570 2759 quae

1983 2769 2123 2826 scire
2147 2770 2388 2826 canimus
2414 2771 2514 2828 abs
2536 2780 2586 2826 te
2614 2771 2910 2827 audientes.

1978 2903 2074 2961 CX
2079 2903 2129 2959 Χ
2133 2945 2147 2960 .
2181 2903 2458 2961 Theodorat
2485 2907 2525 2961 ί.
2550 2903 2834 2980 (Caesarea!
2860 2909 2913 2963 in
2943 2908 3274 2980 Cappadocia
3300 2928 3426 2969 cum
3465 2914 3566 2972 iret

2435 2997 2489 3052 in
2519 2997 2761 3054 exsilium
2788 3013 2930 3055 anno
2956 3001 3108 3072 404.)

2053 3127 2292 3184 Confecti
2326 3137 2487 3199 atque
2511 3129 2808 3201 consumpti
2839 3145 3023 3187 sumus
3051 3173 3067 3200 ,
3094 3141 3343 3188 sexcenta
3384 3137 3572 3193 mortis

1981 3236 2178 3294 genera
2199 3221 2522 3291 oppetiimus
2557 3239 2569 3275 :
2600 3221 2758 3293 idque
2793 3225 3091 3280 accuratius
3117 3240 3180 3280 ac
3205 3229 3402 3283 certius
3444 3246 3569 3283 nar-

1982 3329 2103 3370 rare
2131 3321 2394 3384 poterunt,
2435 3313 2525 3384 qui
2567 3313 2664 3369 has
2691 3313 2871 3370 literas
2901 3315 2992 3370 tibi
3025 3317 3287 3386 reddent;
3323 3320 3570 3390 quamvis

1978 3415 2174 3486 alioqui
2216 3415 2508 3486 perexiguo
2558 3416 2813 3486 temporis
2853 3426 3050 3486 puncto
3092 3433 3300 3473 mecum
3351 3421 3569 3485 fuerint,

1980 3506 2295 3577 quibuscum
2322 3508 2483 3562 etiam
2515 3522 2583 3562 ne
2607 3508 2872 3562 tantillum
2898 3509 3112 3579 quidem
3141 3511 3372 3582 colloqui
3394 3513 3561 3582 potui,

1979 3599 2244 3655 continuis
2266 3601 2514 3656 nimirum
2542 3601 2777 3657 febribus
2799 3601 3038 3672 dejectus
3068 3621 3080 3658 :
3109 3606 3300 3674 quibus
3331 3621 3452 3660 cum
3489 3616 3568 3660 tc-

1985 3705 2161 3756 nerer,
2206 3691 2324 3748 dies
2357 3697 2648 3764 noctesque
2673 3694 2774 3748 iter
2796 3693 2972 3750 facere
2995 3695 3246 3764 cogebar,
3273 3697 3350 3751 sic
3379 3697 3569 3753 videli-

1979 3793 2088 3851 cet,
2112 3792 2170 3839 ιιι
2209 3793 2262 3840 et
2286 3794 2419 3840 cestu
2457 3787 2806 3855 Opprimerer,
2852 3794 2907 3840 et
2943 3785 3133 3855 vigiliis
3173 3787 3483 3851 conﬁcerer,
3518 3797 3574 3843 et

1982 3891 2158 3931 rerum
2175 3877 2592 3932 necessariarum
2606 3877 2847 3945 penuria,
2863 3890 3153 3946 eorumque
3166 3878 3253 3947 qui
3274 3880 3372 3932 mei
3389 3895 3572 3934 curam

1980 3987 2164 4044 gerere
2193 3981 2428 4042 possent,
2458 3972 2654 4041 inopia,
2684 3971 2887 4040 perdite
2913 3971 3270 4037 conﬂictarer.
3297 3973 3571 4040 Siquidem

1983 4064 2046 4118 iis
2064 4065 2152 4133 qui
2182 4063 2247 4116 ad
2270 4063 2480 4117 metalla
2495 4062 2726 4116 damnati
2746 4072 2888 4124 sunt,
2917 4061 3039 4116 etin
3061 4063 3286 4118 vinculis
3305 4072 3572 4132 tenentur,

1980 4153 2224 4224 graviora
2271 4162 2326 4208 et
2375 4153 2639 4208 atrociora
2689 4152 3026 4222 pertulimus,
3077 4162 3236 4224 atque
3280 4155 3571 4210 etiamnum

1982 4245 2318 4316 perferimus.
2347 4241 2588 4299 Tandem
2615 4252 2792 4298 autem
2823 4243 3109 4314 aliquando
3128 4255 3180 4298 et
3220 4261 3362 4314 a‘grc
3387 4241 3575 4300 Carse-

1982 4355 2130 4395 ream
2161 4339 2398 4409 perveni,
2427 4337 2650 4410 perinde
2686 4347 2846 4407 atque
2889 4351 2919 4391 a
2963 4344 3276 4406 tempestate
3319 4337 3383 4392 ad
3429 4347 3572 4392 tran-

1983 4429 2296 4500 quillitatem
2329 4437 2384 4485 et
2407 4429 2472 4484 ad
2501 4438 2731 4499 portum.
2764 4427 2956 4484 Verum
3000 4443 3066 4482 ne
3091 4427 3178 4481 hic
3199 4427 3412 4497 quidem
3451 4444 3572 4497 por-

1978 4530 2068 4577 tus
2089 4530 2206 4577 eam
2232 4520 2338 4575 vim
2367 4519 2572 4582 habuit,
2601 4526 2659 4573 ut
2684 4533 2770 4572 me
2795 4532 2861 4573 ex
2899 4517 2963 4572 iis
2987 4517 3160 4583 malis,
3194 4533 3312 4588 qua:
3338 4533 3404 4572 ex
3432 4525 3572 4573 tem-

1985 4623 2189 4684 pestate
2225 4620 2604 4666 contraxeram
2627 4651 2642 4676 ,
2673 4616 2940 4664 recrearet
2969 4626 2982 4662 :
3013 4620 3178 4678 usque
3203 4607 3338 4662 adeo
3369 4624 3485 4670 me,
3512 4619 3572 4665 ut

1983 4704 2097 4774 jam
2142 4703 2274 4770 dixi,
2305 4703 2450 4773 prius
2473 4711 2681 4771 tempus
2707 4699 3030 4754 confecerat.
3059 4699 3166 4753 Sed
3197 4702 3376 4751 tamen
3401 4699 3576 4752 Cresa-

1980 4813 2130 4858 ream
2160 4797 2454 4868 ingressus,
2482 4795 2720 4849 animum
2748 4794 3072 4862 aliquantum
3110 4791 3395 4860 resumpsi,
3434 4807 3572 4861 quo-

1985 4889 2128 4944 niam
2153 4903 2336 4958 puram
2367 4901 2558 4957 aquam
2588 4885 2718 4952 bibi,
2756 4897 3051 4954 panemque
3081 4883 3299 4937 minime
3327 4885 3572 4938 fmtidum

1984 4993 2047 5035 ac
2076 4978 2377 5049 pra-durum
2406 4975 2614 5032 comedi
2639 4975 2992 5045 :quoniamin
3022 4973 3282 5028 doliorum
3310 4971 3572 5044 fragmen-

1986 5071 2057 5126 tis
2077 5084 2186 5126 non
2209 5080 2268 5124 ut
2299 5076 2453 5124 antea
2477 5080 2672 5136 corpus
2694 5065 2819 5131 lavi,
2842 5065 2937 5120 sed
2965 5064 3237 5132 balneum,
3261 5063 3573 5134 qualecum-

1985 5178 2088 5234 que
2119 5163 2331 5218 tandem
2353 5160 2504 5227 illud,
2527 5169 2716 5215 nactus
2744 5173 2864 5214 sum
2897 5177 2911 5214 :
2944 5159 3192 5230 quoniam
3220 5159 3451 5230 denique
3477 5176 3573 5229 pu-
3649 5181 3652 5184 ~

1987 5263 2150 5310 testas
2176 5253 2388 5308 interim
2431 5251 2558 5307 mihi
2587 5251 2725 5308 lecto
2751 5251 3103 5306 decumbendi
3126 5251 3261 5306 facta
3293 5261 3394 5306 cst.
3415 5251 3574 5306 l’lura

1986 5345 2166 5402 dicere
2197 5343 2392 5398 licebat
2420 5361 2433 5398 :
2457 5358 2646 5398 verum
2678 5357 2746 5398 ne
2770 5341 3008 5398 animum
3042 5351 3189 5396 tuum
3229 5341 3579 5409 conturbem,

1985 5435 2074 5494 hic
2119 5437 2352 5494 sermoni
2395 5437 2552 5492 ﬁnem
2600 5437 2835 5508 impono.
2880 5434 3012 5491 lllud
3043 5435 3235 5490 addam
3257 5477 3272 5503 ,
3304 5445 3363 5490 ιιι
3393 5444 3576 5492 tecum

1985 5547 2160 5605 agam,
2192 5544 2259 5588 ne
2287 5545 2401 5597 eos,
2430 5545 2460 5585 a
2485 5528 2678 5600 quibus
2697 5545 2960 5597 amamur,
2992 5527 3202 5601 probris
3222 5543 3469 5599 umquam
3491 5527 3575 5582 iu-

2047 5693 2069 5726 ι
2099 5689 2380 5776 ‘vatlcanus,
2409 5659 2666 5741 neodem.
