4064 6218
500 379 608 436 675

500 485 693 545 sectari
718 485 960 550 desistas,
995 479 1134 552 quod
1169 493 1290 534 cum
1330 486 1408 532 tot
1431 475 1633 530 amicos
1665 474 1932 543 tantisque
1960 470 2078 542 opi;

501 580 600 634 bus
629 587 682 632 et
708 574 941 647 potentia
966 570 1216 644 praeditos
1238 567 1552 632 habeamus,
1585 566 1725 621 haud
1753 575 1930 620 tamen
1954 561 2084 618 illud

497 666 812 738 consequuti
840 680 1044 726 sumus,
1073 661 1214 733 quod
1245 660 1405 716 etiam
1433 657 1680 714 scelerati
1709 656 1955 711 homines
1985 656 2088 709 im-

500 766 731 830 petrant,
775 771 967 827 nempe
995 763 1051 810 ut
1077 754 1133 809 in
1157 752 1366 809 mitiore
1397 762 1459 806 ac
1488 748 1865 821 propinquiore
1906 747 2086 817 aliquo

496 852 616 905 luco
645 849 1035 904 collocaremur
1065 863 1081 900 :
1120 860 1330 908 verum,
1362 859 1587 914 corpore
1613 843 1772 898 etiam
1801 840 1958 896 nobis
1973 839 2084 910 jam

500 943 669 996 fracto
699 949 860 1012 atque
897 938 1163 1004 confecto,
1209 946 1265 992 et
1309 936 1611 992 Isaurorum
1653 945 1856 990 terrore
1905 932 2084 988 omnia

496 1034 799 1100 obsidente,
848 1033 1037 1104 exigua
1078 1045 1289 1102 quoque
1337 1039 1395 1084 et
1424 1029 1541 1084 vilis
1573 1028 1687 1083 hmc
1725 1027 1893 1098 gratia
1931 1023 2084 1080 nobis

497 1133 687 1194 negata
730 1133 833 1181 est.
872 1123 983 1178 lloc
1007 1136 1219 1194 quoque
1259 1122 1478 1176 nomine
1509 1120 1605 1175 Dei
1635 1120 1800 1190 gloria
1829 1117 2087 1188 prardice-

501 1230 610 1273 tur.
649 1217 833 1287 Neque
869 1215 1011 1272 enim
1041 1214 1091 1271 ei
1136 1222 1350 1285 prOpter
1377 1213 1552 1268 omnia
1585 1212 1804 1283 gloriam
1831 1208 2087 1266 exhibere

495 1310 811 1366 desinimus.
842 1307 925 1366 Sit
950 1325 1130 1363 nomen
1158 1308 1269 1378 ejus
1299 1306 1607 1360 benedictum
1636 1304 1689 1358 in
1718 1302 1904 1358 saecula
1960 1300 2082 1375 (Job

498 1401 689 1471 l.2l).
723 1401 798 1454 De
851 1408 904 1455 te
941 1415 1071 1454 vero
1112 1398 1242 1453 illud
1281 1396 1629 1453 vehementer
1670 1411 1788 1449 sum
1837 1395 2081 1458 miratus,

496 1490 659 1563 quod,
705 1505 826 1546 cum
882 1499 1124 1560 quartam
1160 1489 1270 1559 jam
1315 1488 1491 1554 hanc,‘
1517 1496 1609 1542 aut
1633 1487 1793 1542 etiam
1841 1487 2085 1555 quintam

498 1581 776 1651 epiStolam
806 1579 874 1635 ad
892 1588 942 1635 te
968 1579 1230 1644 miserim,
1263 1578 1472 1633 unicam
1502 1585 1680 1633 tamen
1703 1577 1977 1631 dumtaxat
1995 1592 2088 1631 ae-

493 1673 635 1745 cepi.
656 1673 817 1744 Atqui
838 1672 1032 1743 szepius
1055 1671 1295 1727 scribere
1319 1670 1537 1725 minimc
1559 1668 1775 1724 difficile
1802 1675 1935 1724 erat.
1960 1669 2086 1724 H.110

495 1780 656 1840 porro
681 1779 786 1819 non
809 1762 1091 1819 accusandi
1119 1763 1298 1818 animo
1317 1761 1439 1817 dico
1469 1777 1483 1816 :
1516 1761 1754 1817 caritatis
1779 1762 1922 1816 enim
1949 1761 2072 1814 offi-

493 1858 575 1913 cia
605 1857 891 1912 voluntatis
917 1865 1062 1923 sunt,
1093 1871 1200 1910 non
1227 1854 1582 1910 necessitatis.
1607 1854 1807 1909 Verum
1837 1853 1965 1908 illud
1997 1865 2084 1910 me

493 1949 632 2004 male
651 1948 834 2016 habet,
863 1947 1004 2020 quod
1027 1964 1113 2004 me
1138 1964 1204 2004 ex
1226 1946 1404 2003 animo
1432 1957 1523 2002 tuo
1549 1947 1827 2002 confestim
1856 1947 2080 2016 ejecisti:

494 2047 553 2094 ut
576 2056 695 2110 quae
725 2049 831 2094 tam
867 2040 1026 2110 longo
1049 2046 1290 2110 tempore
1310 2053 1470 2093 unam
1500 2037 1779 2093 dumtaxat
1803 2037 2084 2119 epistolam

493 2130 561 2187 ad
592 2147 677 2187 me
703 2131 934 2186 miseris.
963 2131 1245 2197 Quocirca,
1276 2130 1323 2185 si
1353 2129 1484 2184 nihil
1514 2145 1675 2202 grave
1700 2143 1763 2184 ac
1797 2130 2081 2184 molestum

493 2225 587 2279 abs
629 2233 681 2279 te
727 2225 975 2295 petimus,
1019 2223 1122 2278 hoc
1157 2221 1312 2278 nobis
1358 2223 1556 2293 praebe,
1590 2222 1730 2293 quod
1771 2224 1847 2277 tui
1879 2220 2082 2278 arbitrii

495 2322 600 2380 est,
647 2321 856 2382 tuasque
896 2311 1198 2383 potestatis.
1239 2311 1372 2366 Nam
1411 2312 1479 2367 de
1504 2313 1711 2366 cmteris
1749 2312 1908 2367 rebus
1947 2310 2084 2368 nihil

496 2402 589 2457 tibi
621 2404 816 2474 negotii
843 2403 1050 2459 facesso
1077 2421 1093 2458 :
1126 2419 1195 2458 ne
1222 2411 1579 2473 prazterquam
1605 2403 1745 2473 quod
1792 2403 1924 2458 nihil
1953 2417 2080 2475 pro-

493 2494 689 2560 ticiam,
731 2493 890 2549 etiam
916 2493 1092 2564 gravis
1112 2500 1166 2549 et
1193 2494 1524 2564 importunus
1555 2494 1649 2551 tibi
1671 2509 1792 2551 esse
1814 2495 2017 2552 videar.

515 2650 716 2708 CXXI.
748 2651 936 2707 Arabio
965 2649 1065 2727 (α).
1111 2652 1440 2808 (timemur;
1471 2651 1737 2707 Cucusum
1781 2619 2082 2710 advenisset

1109 2749 1253 2791 anno
1395 2775 1408 2790 ο

1109 2749 1253 2791 anno
1280 2749 1408 2791 MM.

559 2870 768 2927 Moneri
791 2888 884 2927 sua
909 2887 1098 2927 merces
1121 2880 1212 2927 est.
1233 2901 1304 2911 —
1328 2870 1572 2926 Maeroris
1593 2868 1886 2936 fornacem,
1915 2885 2074 2940 quam

487 2964 558 3020 ob
585 2979 648 3018 ea
679 3003 695 3030 ,
719 2980 841 3034 qua:
881 2963 1164 3019 adversum
1214 2978 1310 3018 nos
1350 2971 1649 3034 perpetrata
1691 2970 1863 3029 sunt,
1897 2963 2079 3018 animo

487 3053 838 3122 circumfers,
879 3069 946 3109 ex
999 3055 1104 3108 tuis
1145 3054 1316 3109 literis
1357 3053 1692 3124 apertissime
1732 3053 1991 3123 cognovi:
2022 3061 2080 3108 et

485 3147 702 3219 quidem
724 3152 852 3203 ante
875 3147 987 3217 jam
1014 3161 1287 3202 noveram.
1332 3146 1515 3216 Neque
1541 3146 1684 3202 enim
1714 3146 1820 3201 vim
1848 3160 1968 3200 eam
1995 3145 2076 3200 la-

485 3255 788 3313 crymarum
811 3281 828 3308 ,
851 3255 1012 3310 quam
1037 3255 1160 3296 cum
1198 3240 1430 3310 primum
1459 3239 1574 3295 hac
1603 3239 1742 3293 mala
1769 3247 2076 3295 texerentur

484 3333 874 3406 profundebas,
905 3349 1155 3405 umquam
1188 3333 1430 3389 oblivisci
1455 3333 1774 3406 poterimus.
1805 3333 2074 3389 Caeterum

481 3424 706 3496 epistola
723 3441 934 3496 quoque
950 3435 1038 3480 tua
1065 3440 1172 3480 non
1196 3425 1392 3493 minus,
1411 3409 1571 3496 quam
1601 3424 1708 3480 illae
1735 3423 1987 3496 lacryma:
2009 3439 2075 3480 ac

481 3515 728 3586 gemitus,
761 3518 1008 3572 maeroris
1033 3515 1302 3570 flammam
1323 3557 1339 3583 ,
1371 3531 1490 3586 qua:
1517 3516 1568 3570 in
1608 3530 1704 3570 cor
1750 3524 1900 3570 tuum
1940 3515 2075 3571 irre-

483 3608 610 3676 psit,
638 3606 792 3662 nobis
835 3607 1102 3677 patefecit.
1134 3605 1335 3662 Horum
1368 3615 1426 3660 tu
1455 3603 1759 3660 mercedem
1786 3620 1818 3660 a
1844 3604 2074 3676 benigno

485 3697 595 3753 Deo
619 3707 908 3768 exspecta:
940 3706 1024 3754 est
1059 3697 1200 3752 enim
1240 3697 1402 3752 etiam
1443 3695 1691 3751 maeroris
1719 3711 1925 3750 merces
1955 3711 2072 3751 ma-

479 3802 586 3857 gna
609 3797 766 3858 atque
802 3788 1000 3858 ampla.
1027 3787 1158 3842 Nam
1197 3795 1252 3842 et
1285 3801 1351 3842 eo
1378 3795 1618 3857 tempore
1640 3826 1655 3851 ,
1683 3801 1790 3856 quo
1814 3785 1954 3855 apud
1980 3785 2072 3841 Ju-

479 3880 626 3935 dzeos
648 3881 773 3935 vitia
829 3880 1143 3952 flagrabant,
1169 3879 1408 3934 nonnulli
1433 3887 1607 3946 erant,
1633 3877 1864 3949 quicum
1885 3893 2070 3934 eorum

478 3972 682 4027 scelera
709 3973 978 4043 corrigere
1011 3987 1117 4027 non
1145 3979 1401 4042 possent,
1434 3971 1580 4026 luctu
1606 3970 1882 4027 dumtaxat
1905 3979 1960 4026 et
1989 3971 2070 4025 la-

477 4063 677 4134 crymis
698 4076 762 4117 ea
790 4062 1268 4132 prosequebantur,
1291 4071 1452 4132 atque
1477 4059 1739 4132 ejusmodi
1764 4061 2070 4116 mercedem

476 4154 793 4224 consequuti
834 4161 1003 4219 sunt,
1049 4161 1107 4208 ut
1155 4168 1280 4208 cum
1326 4153 1506 4208 caeteri
1551 4167 1740 4207 omnes
1786 4152 2066 4221 perirent,

477 4252 638 4316 atque
665 4244 1027 4300 internecione
1049 4242 1361 4299 delerentur
1386 4285 1402 4312 ,
1435 4244 1538 4315 ipsi
1579 4245 1710 4298 iram
1753 4243 2066 4314 ell‘ugerent.

484 4333 632 4390 Pone
660 4336 860 4407 signum
883 4376 898 4402 ,
927 4334 1098 4406 inquit
1137 4333 1410 4404 Scriptura
1437 4375 1453 4400 ,
1488 4351 1641 4405 super
1675 4335 1842 4390 vultus
1866 4351 2068 4407 gemen-

478 4415 604 4484 tium
623 4438 667 4483 et
696 4427 972 4496 dolentium
996 4427 1014 4498 (
1036 4427 1222 4482 Ezech.
1259 4426 1312 4483 9.
1343 4427 1378 4481 ι
1398 4425 1438 4499 ).
1481 4427 1639 4497 Atqui
1672 4441 1780 4482 non
1810 4426 2068 4496 impedie-

478 4521 606 4576 bant
629 4520 915 4590 quominus
937 4517 1052 4572 hmc
1081 4519 1285 4583 fierent,
1313 4517 1407 4572 sed
1420 4517 1542 4587 quia
1564 4517 1704 4586 quod
1733 4517 1785 4571 in
1804 4517 1932 4586 ipsis
1952 4524 2070 4572 erat

478 4611 838 4684 praestabant,
866 4610 1151 4681 gemebant
1179 4609 1384 4665 scilicet
1405 4617 1564 4678 atque
1589 4608 1877 4673 dolebant,
1898 4608 2069 4662 maxi-

478 4721 622 4761 mum
656 4705 780 4759 hinc
805 4703 906 4758 sibi
931 4702 1240 4775 prtesidium
1266 4709 1665 4771 compararunt.
1701 4700 1808 4756 Vos
1829 4714 2064 4771 quoque,

476 4797 678 4852 domini
707 4797 835 4864 mei,
866 4796 984 4851 sine
1012 4795 1118 4850 ulla
1149 4794 1549 4850 intermissione
1578 4794 1693 4850 haec
1722 4794 1900 4864 lugete
1926 4836 1940 4860 ,
1973 4794 2068 4850 be-

474 4890 800 4960 nignumque
837 4889 1004 4947 Deum
1045 4897 1196 4944 orate
1223 4928 1241 4956 ,
1265 4897 1325 4944 ut
1352 4903 1638 4946 commune
1677 4889 1826 4944 orbis
1855 4889 2068 4946 naufra-
2132 4966 2134 4968 ν

476 4982 617 5046 gium
673 4981 1014 5052 comprimat.
1057 4980 1219 5036 Scitis
1266 4981 1410 5037 enim
1460 4985 1776 5052 perSpicue,
1804 4980 2016 5054 inquam
2049 5023 2064 5050 ,

469 5069 624 5126 scitis
649 5075 827 5128 omnia
857 5074 1172 5131 tumultibus
1201 5089 1264 5130 ac
1288 5075 1688 5145 perturbatione
1723 5075 1879 5146 plena
1900 5091 2019 5132 esse
2047 5117 2063 5144 ,

474 5165 577 5218 hec
610 5178 707 5234 pro
749 5163 1348 5237 Constantinopolitana
1389 5175 1595 5223 tantum
1623 5166 1754 5224 urbe
1785 5208 1800 5233 ,
1833 5169 1927 5223 sed
1969 5184 2066 5238 pro

477 5256 732 5313 universo
755 5266 1016 5315 terrarum
1037 5260 1167 5316 orbe
1189 5275 1376 5330 preces
1401 5259 1700 5316 fundendas
1721 5275 1842 5316 esse
1862 5279 1874 5315 :
1894 5276 2065 5331 quan-

467 5349 763 5419 doquidem
783 5351 985 5406 malum
1004 5352 1154 5408 initio
1172 5352 1298 5409 hinc
1315 5352 1495 5428 ductp,
1525 5351 1767 5424 pestiferi
1785 5351 2065 5422 cujusdam

478 5440 721 5510 proﬂuvii
747 5441 917 5497 instar
945 5442 1174 5499 effusum
1204 5485 1221 5511 ,
1258 5458 1356 5514 per
1390 5445 1698 5499 universum
1737 5444 1925 5499 orbem
1965 5443 2068 5498 Ec-

477 5533 666 5587 clesias
689 5541 977 5601 pervastat.
1011 5533 1166 5601 Quod
1193 5543 1374 5590 autem
1414 5549 1444 5589 a
1475 5533 1630 5590 nobis
1660 5534 1897 5606 postulas
1916 5574 1933 5601 ,
1965 5533 2069 5590 hoc

475 5628 638 5683 etiam
664 5626 799 5698 ipse,
831 5626 1087 5696 quamdiu
1122 5641 1351 5698 corpore
1391 5627 1534 5684 inter
1559 5642 1656 5685 nos
1679 5627 1928 5699 disjuttcti
1957 5626 2068 5684 eri-

474 5760 1026 5888 mitgritpttﬁhttraliittm
1065 5769 1409 5814 commemorat
1449 5773 1594 5825 supra
1630 5764 1676 5813 in
1712 5759 1916 5825 epistola
1937 5760 1985 5824 8,
2009 5760 2068 5812 ad

1208 366 1266 423 S.
1305 363 1583 422 JOANNIS
1606 358 2084 419 CHRYSOSTOMI
2112 358 2433 417 ARCHIEP.
2462 355 2998 418 CONSTANTINOP.

3673 362 3782 422 676

2193 458 2315 528 inus
2345 471 2490 542 (nam
2527 473 2707 527 animo
2750 487 2965 543 semper
2999 481 3056 530 et
3086 484 3261 532 tecum
3295 483 3496 532 etcum
3528 478 3785 536 universa

2193 569 2280 617 tua
2317 561 2514 618 familia
2556 565 2831 620 constricti
2855 564 3100 636 sumus),
3130 574 3192 622 ut
3225 566 3389 624 facias
3421 585 3607 639 qmnso
3630 612 3646 639 ,
3672 569 3784 629 hoc

2193 663 2278 710 est
2305 669 2449 726 saepe
2485 656 2552 710 ad
2583 671 2682 713 nos
2719 657 2955 714 scribere
2978 698 2995 724 ,
3028 673 3232 729 nosque
3256 659 3325 716 de
3353 669 3445 716 tua
3473 662 3786 724 valetudine

2191 747 2450 803 certiores
2474 745 2649 804 facere
2673 763 2741 804 ne
2765 749 3024 820 graveris.
3071 749 3190 806 Scis
3217 751 3360 807 enim
3384 769 3544 824 quam
3568 765 3787 826 gratum

2191 837 2244 892 id
2276 837 2429 893 nobis
2452 837 2684 894 futurum
2717 841 2805 895 sit.
2833 841 3093 909 Quoniam
3135 853 3312 900 autem
3353 861 3453 902 nos
3477 848 3530 903 in
3559 850 3786 908 domum

2192 937 2336 985 tuam
2365 929 2633 988 divertere
2653 931 2860 1003 jussisti
2884 975 2899 999 ,
2931 944 2991 989 ut
3035 944 3153 1005 post
3193 937 3490 1006 profectum
3533 941 3734 999 edidici
3763 985 3785 1013 ,

2192 1024 2329 1079 scito
2356 1024 2585 1082 inimicis
2614 1025 2814 1081 nostris
2845 1042 2951 1082 non
2973 1027 3082 1097 jam
3109 1029 3373 1099 placuisse
3394 1041 3453 1087 ut
3475 1033 3785 1092 Sebastiam

2189 1115 2610 1183 abduceremur,
2640 1132 2824 1172 verum
2850 1118 2903 1172 in
2932 1118 3353 1177 desertissimum
3383 1124 3558 1180 locum
3588 1126 3789 1183 Arme-

2191 1205 2295 1260 niae
2319 1203 2604 1275 Cucusum,
2633 1216 2793 1279 atque
2821 1209 2891 1263 ob
2917 1209 3219 1266 Isaurorum
3233 1197 3606 1273 incursionem
3636 1220 3791 1288 peri-

2191 1297 2607 1354 culosissimum.
2644 1299 2768 1354 Tibi
2799 1308 2973 1356 tamen
3008 1304 3232 1373 gratiam
3279 1303 3569 1372 habemus,
3601 1308 3786 1365 hono-

2190 1403 2412 1460 remque
2453 1390 2757 1460 accepimus
2790 1433 2806 1456 ,
2857 1393 2999 1463 quod
3051 1394 3214 1450 etiam
3254 1410 3376 1450 cum
3421 1397 3743 1456 abessemus
3767 1444 3784 1468 ,

2191 1489 2336 1534 tanta
2385 1489 2438 1536 te
2488 1483 2656 1538 nostri
2701 1497 2828 1538 cura
2874 1484 3074 1550 tenuit,
3123 1482 3189 1540 ‘ut
3231 1485 3519 1558 hospitium
3566 1506 3789 1562 quoque

2190 1571 2344 1626 nobis
2384 1588 2599 1642 parares
2627 1616 2642 1640 ,
2678 1585 2837 1645 atque
2866 1617 2881 1642 ,
2926 1584 2988 1631 ut
3024 1576 3171 1632 domi
3203 1587 3307 1634 tua:
3339 1579 3742 1639 diversaremur
3765 1626 3782 1652 ,

2189 1663 2519 1721 olisecrares.
2562 1665 2762 1722 Verum
2791 1668 2836 1723 si
2868 1682 3003 1739 quos
3031 1668 3226 1726 cucusi
3252 1673 3453 1729 amicos
3482 1675 3650 1731 habes
3670 1719 3685 1743 ,
3711 1679 3786 1733 ad

2187 1767 2284 1812 eos
2311 1754 2492 1811 literas
2514 1756 2694 1813 mittas
2721 1759 2900 1814 velim.

2277 1887 2511 1943 CXXII.
2542 1889 2833 1946 Marciano.
2859 1890 3077 1963 (Cucusi
3101 1907 3244 1948 anno
3263 1892 3369 1950 404
3399 1894 3482 1951 vel
3511 1895 3669 1968 405.)

2258 2022 2455 2078 Beatus
2481 2037 2572 2089 es,
2603 2039 2668 2079 ac
2710 2033 2793 2080 ter
2820 2025 3010 2082 beatus
3029 2066 3046 2094 ,
3070 2026 3232 2096 idque
3264 2029 3493 2099 sapius,
3523 2041 3580 2086 ut
3608 2034 3700 2103 qui
3727 2035 3781 2090 in

2191 2120 2297 2168 tam
2347 2114 2495 2185 gravi
2548 2123 2866 2185 tempestate
2896 2157 2914 2183 ,
2942 2119 3208 2188 tantisque
3255 2135 3437 2176 rerum
3474 2126 3729 2192 procellis
3755 2166 3772 2192 ,

2187 2212 2350 2262 tanta:
2374 2221 2498 2277 erga
2525 2221 2790 2278 pauperes
2824 2208 3158 2266 liberalitatis
3195 2213 3468 2280 specimen
3515 2214 3779 2271 edideris.

2186 2297 2371 2368 Neque
2425 2299 2571 2354 enim
2610 2299 2764 2355 nobis
2805 2299 2995 2370 ingens
3033 2310 3122 2357 tua
3169 2301 3470 2374 benignitas
3507 2305 3782 2378 incognita

2186 2389 2319 2458 fuit,
2357 2391 2606 2463 quodque
2627 2393 2928 2448 communis
2950 2394 3204 2452 omnibus
3232 2406 3416 2466 portus
3458 2399 3733 2455 exstiteris
3759 2443 3776 2469 ,

2186 2482 2508 2554 pupillorum
2537 2484 2892 2554 patrocinium
2925 2485 3242 2556 suscipiens,
3274 2488 3550 2544 viduarum
3578 2506 3780 2547 moero-

2185 2587 2300 2628 rem
2325 2573 2469 2627 omni
2490 2574 2697 2631 ratione
2727 2575 2954 2643 leniens,
2975 2589 3163 2632 earum
3185 2578 3417 2648 inopiam
3439 2590 3777 2651 sustentans,

2185 2673 2552 2734 paupertatem
2585 2667 2767 2723 levans
2798 2709 2814 2736 ,
2847 2682 2910 2724 ac
2930 2683 3000 2724 ne
3024 2668 3246 2740 hujusce
3271 2671 3486 2740 quidem
3513 2677 3780 2744 angustia:

2183 2773 2344 2814 sensu
2363 2773 2456 2814 eos
2475 2759 2614 2814 affici
2631 2760 2835 2830 sinens,
2859 2776 3044 2817 verum
3060 2763 3271 2834 quidvis
3289 2764 3419 2834 ipsis
3436 2773 3487 2820 te
3504 2767 3775 2837 pmbens,

2180 2848 2501 2921 plebemque
2543 2848 2846 2908 universam
2873 2853 3160 2921 frumento,
3194 2855 3342 2922 vino,
3370 2857 3514 2926 oleo,
3543 2860 3779 2930 aliisque

2181 2941 2430 2996 omnibus
2455 2942 2614 2997 rebus
2637 2942 2807 2999 alens.
2834 2943 2973 3000 Deus
2988 2945 3082 3000 tibi
3105 2955 3162 3002 et
3187 2946 3274 3002 hic
3291 2956 3346 3002 et
3372 2948 3426 3003 in
3453 2947 3632 3005 futuro
3653 2967 3780 3007 :evo

2181 3034 2476 3105 largitionis
2506 3036 2662 3106 hujus
2686 3078 2702 3104 ,
2733 3037 3108 3094 munificentia:
3139 3080 3155 3108 ,
3184 3040 3344 3095 studii
3374 3081 3389 3107 ,
3418 3042 3549 3108 zeli,
3571 3045 3778 3100 amoris

2179 3141 2306 3198 erga
2334 3143 2615 3198 pauperes,
2639 3129 2929 3185 etsincerze
2955 3131 3191 3186 caritatis
3218 3131 3521 3188 mercedem
3549 3134 3771 3203 pendat,

2179 3219 2440 3290 siquidem
2469 3221 2718 3276 omnibus
2745 3221 2828 3276 his
2869 3221 3152 3293 virtutibus
3190 3222 3432 3280 abundas
3464 3241 3528 3281 ac
3561 3227 3723 3284 ﬂores
3753 3271 3771 3296 ,

2179 3311 2412 3365 maxima
2442 3311 2534 3367 tibi
2571 3312 2791 3382 prtemia
2838 3313 2892 3368 in
2925 3312 3107 3382 futuro
3139 3330 3256 3371 aevo
3297 3317 3612 3373 recondens.
3645 3319 3775 3376 llam

2177 3416 2277 3457 nos
2300 3401 2368 3458 de
2398 3410 2450 3458 te
2477 3403 2753 3459 audientes
2775 3445 2791 3472 ,
2823 3402 2947 3459 licet
2984 3405 3037 3459 in
3083 3415 3226 3462 tanta
3254 3407 3540 3464 solitudine
3569 3425 3763 3466 verse-

2177 3508 2316 3560 mur,
2341 3509 2403 3550 ac
2429 3494 2614 3549 multis
2644 3496 2999 3553 incommodis
3039 3497 3276 3569 undique
3317 3515 3570 3556 vexemur
3595 3521 3610 3569 ;
3643 3519 3770 3559 nam

2176 3594 2230 3641 et
2256 3583 2476 3641 Isaurici
2496 3597 2669 3642 metus
2697 3587 2906 3644 obsidio
2927 3631 2942 3657 ,
2965 3596 3021 3645 et
3044 3590 3146 3646 loci
3185 3591 3418 3652 solitudo
3443 3635 3458 3658 .
3490 3604 3546 3650 et
3573 3595 3773 3654 hiemis

2175 3679 2434 3748 asperitas
2478 3695 2578 3734 nos
2633 3680 2981 3737 vehementer
3007 3683 3242 3754 premit:
3271 3696 3448 3742 tamen
3485 3704 3554 3744 ne
3591 3691 3771 3747 mole-

2175 3771 2396 3824 stiarum
2414 3769 2626 3840 quidem
2643 3785 2803 3827 sensu
2822 3772 2882 3827 af
2881 3772 3106 3840 (icimur,
3133 3791 3322 3832 verum
3341 3777 3609 3850 ingentem
3632 3797 3771 3837 con-

2173 3860 2488 3916 solationem
2531 3862 2844 3934 accipimus,
2875 3866 3202 3922 exsultantes
3247 3877 3304 3923 et
3347 3869 3642 3939 gaudentes
3693 3875 3772 3930 ob

2174 3959 2350 4009 tantas
2376 3957 2631 4020 virtutes,
2659 3969 2726 4011 ac
2757 3955 2970 4012 divitias
2996 3972 3210 4014 omnem
3250 3961 3506 4018 orationis
3534 3961 3770 4018 faculta-

2173 4051 2283 4101 tem
2313 4044 2635 4102 excedentes
2665 4088 2680 4112 ,
2707 4063 2844 4118 quas
2884 4049 2938 4104 in
2968 4049 3102 4105 caelo
3130 4051 3225 4106 tibi
3258 4052 3360 4123 ipsi
3397 4056 3660 4111 cumulas.
3696 4057 3773 4115 Ut.

2173 4135 2334 4209 igitur
2354 4137 2462 4193 alio
2490 4153 2702 4209 quoque
2727 4140 2943 4195 nomine
2971 4141 3232 4207 laetemur,
3256 4160 3344 4212 ne,
3372 4162 3576 4215 quaeso,
3600 4164 3771 4220 quam

2173 4231 2469 4302 sepissime
2496 4231 2563 4286 ad
2593 4247 2693 4287 nos
2719 4233 2977 4300 scribere,
3000 4233 3173 4306 deque
3200 4245 3288 4292 tua
3313 4238 3617 4296 valetudine
3641 4242 3771 4301 laeta

2173 4325 2327 4380 nobis
2367 4325 2616 4381 nuntiare
2650 4328 2910 4395 graveris.
2949 4328 3082 4384 Nam
3122 4329 3190 4386 de
3233 4347 3296 4388 ea
3337 4333 3537 4404 aliquid
3573 4336 3772 4394 audire

2175 4416 2433 4486 majorem
2465 4417 2517 4471 in
2546 4417 2762 4473 modum
2790 4420 3054 4490 cupimus.
3083 4422 3245 4494 quue
3267 4424 3380 4494 ipse
3400 4427 3562 4482 etiam
3593 4431 3764 4485 nosti:

2171 4506 2601 4578 quandoquidem
2650 4509 2782 4565 illud
2841 4527 3053 4583 quoque
3102 4515 3196 4570 tibi
3245 4529 3579 4589 compertum
3635 4530 3762 4592 est,

2170 4607 2372 4669 quanto
2399 4601 2476 4654 ιυί
2504 4614 2719 4672 semper
2743 4617 2928 4660 amore
2952 4615 3245 4664 teneamur.

2171 4748 2418 4806 CXXIII
2424 4751 2726 4812 .Phaenicia:
2750 4758 3052 4828 presbyteris
3073 4769 3119 4814 et
3145 4763 3407 4818 monachis
3426 4803 3444 4832 ,
3471 4767 3685 4836 gentiles
3709 4771 3769 4826 in

2204 4845 2500 4903 Christiana
2512 4849 2752 4920 religione
2765 4851 3156 4910 instituentibus.
3175 4853 3560 4926 (Cucusoanno
3571 4860 3729 4934 405.)

2241 4983 2656 5053 Gubernatores,
2675 5001 2796 5043 cum
2822 5003 2970 5045 mare
2991 4988 3170 5046 furore
3191 4992 3450 5063 percitum
3478 5004 3534 5050 et
3557 4996 3767 5052 excita-

2172 5085 2282 5131 tum
2303 5117 2318 5141 ,
2361 5087 2520 5148 atque
2544 5077 2816 5149 ingentem
2847 5088 3219 5150 tempestatem
3247 5099 3310 5140 ac
3342 5087 3608 5144 turbinem
3639 5104 3769 5144 cer-

2169 5177 2322 5235 nunt,
2343 5183 2448 5224 non
2472 5171 2632 5225 modo
2662 5173 2838 5227 navim
2871 5189 2978 5228 non
3004 5158 3266 5231 deserunt
3281 5218 3295 5241 ,
3332 5178 3427 5233 sed
3448 5179 3611 5234 etiam
3637 5189 3766 5237 tunc

2169 5260 2371 5332 majore
2397 5261 2760 5319 sollicitudine
2789 5280 2851 5320 ac
2872 5265 3051 5322 studio
3085 5276 3336 5336 utuntur,
3368 5279 3477 5324 tum
3502 5271 3602 5342 ipsi
3633 5272 3768 5342 vigi-

2171 5352 2368 5420 lantes,
2413 5363 2522 5408 tum
2551 5355 2686 5412 alios
2721 5357 3036 5414 excitantes.
3069 5359 3362 5431 Medictque
3387 5378 3608 5429 rursus,
3637 5379 3766 5419 cum

2172 5444 2361 5500 febrim
2415 5447 2696 5503 excitatam
2743 5449 3092 5506 vehementer
3140 5453 3336 5509 srevire
3386 5454 3720 5524 prospiciunt
3747 5498 3764 5520 ,

2171 5546 2430 5609 tegt‘olum
2457 5555 2562 5595 non
2583 5540 2742 5597 modo
2768 5557 2875 5596 non
2905 5543 3230 5613 relinquunt,
3255 5560 3440 5599 verum
3458 5547 3618 5601 etiam
3646 5557 3764 5600 tum

2170 5629 2402 5702 denique
2425 5672 2440 5696 ,
2463 5641 2516 5687 et
2537 5647 2631 5702 per
2656 5647 2715 5688 se
2739 5674 2754 5696 ,
2781 5641 2836 5690 et
2865 5649 2959 5704 per
2987 5635 3212 5690 aliorum
3241 5651 3457 5706 operam
3485 5638 3552 5693 ad
3581 5638 3767 5706 profli-

2173 5719 2401 5792 gandum
2432 5723 2676 5778 morbum
2716 5724 2836 5794 plus
2881 5723 3044 5794 studii
3077 5735 3236 5795 atque
3281 5742 3456 5796 opcrxe
3483 5727 3764 5782 adhime

2180 5816 2444 5882 Quorsum
2472 5813 2586 5870 lucc
2612 5817 3014 5872 commemoro?
3063 5816 3319 5873 Nimirum
3348 5829 3404 5873 ut
3438 5825 3500 5871 ne
3524 5823 3641 5888 quis
3671 5836 3769 5876 vos
3825 5876 3833 5886 _
