  <div class='ocr_page' id='page_1' title='image "/cluster/home/n/w/nwhite01/storage/ocr_20150623/52/hvd.32044073501918/296.png"; bbox 0 0 4064 6218; ppageno 0'>
   <div class='ocr_carea' id='block_1_1' title="bbox 303 279 402 338">
    <p class='ocr_par' dir='ltr' id='par_1_1' title="bbox 303 279 402 338">
     <span class='ocr_line' id='line_1_1' title="bbox 303 279 402 338; baseline 0.02 -3"><span class='ocrx_word' id='word_1_1' title='bbox 303 279 402 338; x_wconf 79' lang='lat' dir='ltr'><strong>G75</strong></span> 
     </span>
    </p>
   </div>
   <div class='ocr_carea' id='block_1_2' title="bbox 295 389 1869 465">
    <p class='ocr_par' dir='ltr' id='par_1_2' title="bbox 295 389 1869 465">
     <span class='ocr_line' id='line_1_2' title="bbox 295 389 1869 465; baseline -0.01 -9"><span class='ocrx_word' id='word_1_2' title='bbox 295 411 385 456; x_wconf 89' lang='grc' dir='ltr'><strong>τες</strong></span> <span class='ocrx_word' id='word_1_3' title='bbox 405 390 662 465; x_wconf 72' lang='grc' dir='ltr'><strong>ἐραστὰς,</strong></span> <span class='ocrx_word' id='word_1_4' title='bbox 693 391 788 446; x_wconf 75' lang='grc' dir='ltr'><strong>καὶ</strong></span> <span class='ocrx_word' id='word_1_5' title='bbox 807 391 1074 462; x_wconf 76' lang='grc' dir='ltr'><strong>τοσαύτην</strong></span> <span class='ocrx_word' id='word_1_6' title='bbox 1100 390 1325 462; x_wconf 89' lang='grc' dir='ltr'><strong>δύναμιν</strong></span> <span class='ocrx_word' id='word_1_7' title='bbox 1355 389 1869 462; x_wconf 86' lang='grc' dir='ltr'><strong>περιϐεϐλημένους,</strong></span> 
     </span>
    </p>
   </div>
   <div class='ocr_carea' id='block_1_3' title="bbox 291 477 1873 556">
    <p class='ocr_par' dir='ltr' id='par_1_3' title="bbox 291 477 1873 556">
     <span class='ocr_line' id='line_1_3' title="bbox 291 477 1873 556; baseline -0.003 -17"><span class='ocrx_word' id='word_1_8' title='bbox 291 484 395 539; x_wconf 81' lang='grc' dir='ltr'><strong>οὐκ</strong></span> <span class='ocrx_word' id='word_1_9' title='bbox 419 484 688 556; x_wconf 89' lang='grc' dir='ltr'><strong>ἐτύχομεν</strong></span> <span class='ocrx_word' id='word_1_10' title='bbox 716 477 776 539; x_wconf 75' lang='grc' dir='ltr'><strong>οὗ</strong></span> <span class='ocrx_word' id='word_1_11' title='bbox 805 483 1168 554; x_wconf 82' lang='grc' dir='ltr'><strong>τυγχάνουσιν</strong></span> <span class='ocrx_word' id='word_1_12' title='bbox 1201 484 1250 536; x_wconf 88' lang='grc' dir='ltr'><strong>οί</strong></span> <span class='ocrx_word' id='word_1_13' title='bbox 1289 481 1590 547; x_wconf 84' lang='grc' dir='ltr'><strong>κατάδικοι,</strong></span> <span class='ocrx_word' id='word_1_14' title='bbox 1624 481 1764 537; x_wconf 81' lang='grc' dir='ltr'><strong>ὥστε</strong></span> <span class='ocrx_word' id='word_1_15' title='bbox 1793 481 1873 546; x_wconf 86' lang='grc' dir='ltr'><strong>είς</strong></span> 
     </span>
    </p>
   </div>
   <div class='ocr_carea' id='block_1_4' title="bbox 291 573 1868 648">
    <p class='ocr_par' dir='ltr' id='par_1_4' title="bbox 291 573 1868 648">
     <span class='ocr_line' id='line_1_4' title="bbox 291 573 1868 648; baseline -0.002 -20"><span class='ocrx_word' id='word_1_16' title='bbox 291 577 326 647; x_wconf 88' lang='grc' dir='ltr'><strong>ή</strong></span> <span class='ocrx_word' id='word_1_17' title='bbox 336 593 401 646; x_wconf 87' lang='grc' dir='ltr'><strong>με</strong></span> <span class='ocrx_word' id='word_1_18' title='bbox 412 577 646 648; x_wconf 87' lang='grc' dir='ltr'><strong>ρώτερον</strong></span> <span class='ocrx_word' id='word_1_19' title='bbox 675 577 774 630; x_wconf 74' lang='grc' dir='ltr'><strong>καὶ</strong></span> <span class='ocrx_word' id='word_1_20' title='bbox 800 575 1094 647; x_wconf 87' lang='grc' dir='ltr'><strong>ἐγγύτερόν</strong></span> <span class='ocrx_word' id='word_1_21' title='bbox 1121 592 1223 628; x_wconf 89' lang='grc' dir='ltr'><strong>που</strong></span> <span class='ocrx_word' id='word_1_22' title='bbox 1246 573 1653 645; x_wconf 81' lang='grc' dir='ltr'><strong>κατοικισθῆναι</strong></span> <span class='ocrx_word' id='word_1_23' title='bbox 1685 573 1868 626; x_wconf 87' lang='grc' dir='ltr'><strong>τόπον·</strong></span> 
     </span>
    </p>
   </div>
   <div class='ocr_carea' id='block_1_5' title="bbox 292 663 1873 741">
    <p class='ocr_par' dir='ltr' id='par_1_5' title="bbox 292 663 1873 741">
     <span class='ocr_line' id='line_1_5' title="bbox 292 663 1873 741; baseline -0.005 -17"><span class='ocrx_word' id='word_1_24' title='bbox 292 670 432 724; x_wconf 74' lang='grc' dir='ltr'><strong>ἀλλά</strong></span> <span class='ocrx_word' id='word_1_25' title='bbox 475 670 570 724; x_wconf 78' lang='grc' dir='ltr'><strong>καὶ</strong></span> <span class='ocrx_word' id='word_1_26' title='bbox 593 668 686 723; x_wconf 86' lang='grc' dir='ltr'><strong>τοῦ</strong></span> <span class='ocrx_word' id='word_1_27' title='bbox 710 668 960 741; x_wconf 85' lang='grc' dir='ltr'><strong>σώματος</strong></span> <span class='ocrx_word' id='word_1_28' title='bbox 975 670 1108 739; x_wconf 82' lang='grc' dir='ltr'><strong>ἡμῖν</strong></span> <span class='ocrx_word' id='word_1_29' title='bbox 1142 666 1636 740; x_wconf 79' lang='grc' dir='ltr'><strong>ἀπαγορεύσαντος,</strong></span> <span class='ocrx_word' id='word_1_30' title='bbox 1661 665 1754 719; x_wconf 63' lang='grc' dir='ltr'><strong>καὶ⁸</strong></span> <span class='ocrx_word' id='word_1_31' title='bbox 1780 663 1873 718; x_wconf 84' lang='grc' dir='ltr'><strong>τοῦ</strong></span> 
     </span>
    </p>
   </div>
   <div class='ocr_carea' id='block_1_6' title="bbox 295 758 1874 833">
    <p class='ocr_par' dir='ltr' id='par_1_6' title="bbox 295 758 1874 833">
     <span class='ocr_line' id='line_1_6' title="bbox 295 758 1874 833; baseline -0.004 -17"><span class='ocrx_word' id='word_1_32' title='bbox 295 763 464 833; x_wconf 85' lang='grc' dir='ltr'><strong>φόϐου</strong></span> <span class='ocrx_word' id='word_1_33' title='bbox 493 761 604 817; x_wconf 90' lang='grc' dir='ltr'><strong>τῶν</strong></span> <span class='ocrx_word' id='word_1_34' title='bbox 632 762 889 832; x_wconf 88' lang='grc' dir='ltr'><strong>Ἰσαύρων</strong></span> <span class='ocrx_word' id='word_1_35' title='bbox 915 760 1092 815; x_wconf 89' lang='grc' dir='ltr'><strong>πάντα</strong></span> <span class='ocrx_word' id='word_1_36' title='bbox 1108 759 1540 831; x_wconf 85' lang='grc' dir='ltr'><strong>πολιορκοῦντος,</strong></span> <span class='ocrx_word' id='word_1_37' title='bbox 1559 758 1656 828; x_wconf 87' lang='grc' dir='ltr'><strong>τῆς</strong></span> <span class='ocrx_word' id='word_1_38' title='bbox 1673 758 1874 829; x_wconf 83' lang='grc' dir='ltr'><strong>μικρᾶς</strong></span> 
     </span>
    </p>
   </div>
   <div class='ocr_carea' id='block_1_7' title="bbox 294 846 1875 924">
    <p class='ocr_par' dir='ltr' id='par_1_7' title="bbox 294 846 1875 924">
     <span class='ocr_line' id='line_1_7' title="bbox 294 846 1875 924; baseline -0.006 -16"><span class='ocrx_word' id='word_1_39' title='bbox 294 852 501 924; x_wconf 80' lang='grc' dir='ltr'><strong>ταύτης</strong></span> <span class='ocrx_word' id='word_1_40' title='bbox 528 852 622 906; x_wconf 77' lang='grc' dir='ltr'><strong>καὶ</strong></span> <span class='ocrx_word' id='word_1_41' title='bbox 648 851 894 917; x_wconf 77' lang='grc' dir='ltr'><strong>εὐτελοῦς</strong></span> <span class='ocrx_word' id='word_1_42' title='bbox 921 853 1022 906; x_wconf 91' lang='grc' dir='ltr'><strong>οὐκ</strong></span> <span class='ocrx_word' id='word_1_43' title='bbox 1067 850 1402 921; x_wconf 80' lang='grc' dir='ltr'><strong>ἐπετύχομεν</strong></span> <span class='ocrx_word' id='word_1_44' title='bbox 1443 849 1683 921; x_wconf 89' lang='grc' dir='ltr'><strong>χάριτος.</strong></span> <span class='ocrx_word' id='word_1_45' title='bbox 1736 846 1875 912; x_wconf 82' lang='grc' dir='ltr'><strong>Δόξα</strong></span> 
     </span>
    </p>
   </div>
   <div class='ocr_carea' id='block_1_8' title="bbox 293 936 1875 1017">
    <p class='ocr_par' dir='ltr' id='par_1_8' title="bbox 293 936 1875 1017">
     <span class='ocr_line' id='line_1_8' title="bbox 293 936 1875 1017; baseline -0.006 -19"><span class='ocrx_word' id='word_1_46' title='bbox 293 943 374 1016; x_wconf 84' lang='grc' dir='ltr'><strong>τῷ</strong></span> <span class='ocrx_word' id='word_1_47' title='bbox 404 943 523 1017; x_wconf 87' lang='grc' dir='ltr'><strong>Θεῷ</strong></span> <span class='ocrx_word' id='word_1_48' title='bbox 546 945 640 998; x_wconf 74' lang='grc' dir='ltr'><strong>καὶ</strong></span> <span class='ocrx_word' id='word_1_49' title='bbox 668 942 756 998; x_wconf 86' lang='grc' dir='ltr'><strong>διὰ</strong></span> <span class='ocrx_word' id='word_1_50' title='bbox 784 943 960 998; x_wconf 90' lang='grc' dir='ltr'><strong>τοῦτο.</strong></span> <span class='ocrx_word' id='word_1_51' title='bbox 993 942 1069 996; x_wconf 86' lang='grc' dir='ltr'><strong>Οὐ</strong></span> <span class='ocrx_word' id='word_1_52' title='bbox 1122 940 1407 1012; x_wconf 82' lang='grc' dir='ltr'><strong>παυόμεθα</strong></span> <span class='ocrx_word' id='word_1_53' title='bbox 1443 939 1551 1010; x_wconf 82' lang='grc' dir='ltr'><strong>γὰρ</strong></span> <span class='ocrx_word' id='word_1_54' title='bbox 1575 939 1737 992; x_wconf 83' lang='grc' dir='ltr'><strong>αὐτὸν</strong></span> <span class='ocrx_word' id='word_1_55' title='bbox 1783 936 1875 990; x_wconf 67' lang='grc' dir='ltr'><strong>ἐπ)¹</strong></span> 
     </span>
    </p>
   </div>
   <div class='ocr_carea' id='block_1_9' title="bbox 296 1030 1877 1103">
    <p class='ocr_par' dir='ltr' id='par_1_9' title="bbox 296 1030 1877 1103">
     <span class='ocr_line' id='line_1_9' title="bbox 296 1030 1877 1103; baseline -0.006 -11"><span class='ocrx_word' id='word_1_56' title='bbox 296 1040 432 1092; x_wconf 82' lang='grc' dir='ltr'><strong>πᾶσι</strong></span> <span class='ocrx_word' id='word_1_57' title='bbox 451 1035 783 1101; x_wconf 80' lang='grc' dir='ltr'><strong>δοξάζοντες.</strong></span> <span class='ocrx_word' id='word_1_58' title='bbox 816 1035 924 1102; x_wconf 79' lang='grc' dir='ltr'><strong>Εῑη</strong></span> <span class='ocrx_word' id='word_1_59' title='bbox 947 1033 1014 1088; x_wconf 86' lang='grc' dir='ltr'><strong>τὸ</strong></span> <span class='ocrx_word' id='word_1_60' title='bbox 1043 1034 1228 1103; x_wconf 75' lang='grc' dir='ltr'><strong>ὄνομα</strong></span> <span class='ocrx_word' id='word_1_61' title='bbox 1251 1031 1437 1088; x_wconf 82' lang='grc' dir='ltr'><strong>αὑτοῦ</strong></span> <span class='ocrx_word' id='word_1_62' title='bbox 1467 1030 1877 1100; x_wconf 73' lang='grc' dir='ltr'><strong>εὑλοτημένον</strong></span> 
     </span>
    </p>
   </div>
   <div class='ocr_carea' id='block_1_10' title="bbox 291 1115 1876 1194">
    <p class='ocr_par' dir='ltr' id='par_1_10' title="bbox 291 1115 1876 1194">
     <span class='ocr_line' id='line_1_10' title="bbox 291 1115 1876 1194; baseline -0.006 -14"><span class='ocrx_word' id='word_1_63' title='bbox 291 1130 383 1194; x_wconf 68' lang='grc' dir='ltr'><strong>είς</strong></span> <span class='ocrx_word' id='word_1_64' title='bbox 412 1125 557 1192; x_wconf 86' lang='grc' dir='ltr'><strong>τοὺς</strong></span> <span class='ocrx_word' id='word_1_65' title='bbox 579 1115 818 1190; x_wconf 81' lang='grc' dir='ltr'><strong>αἰῶνας.</strong></span> <span class='ocrx_word' id='word_1_66' title='bbox 856 1122 998 1178; x_wconf 86' lang='grc' dir='ltr'><strong>Πολύ</strong></span> <span class='ocrx_word' id='word_1_67' title='bbox 1023 1123 1080 1176; x_wconf 85' lang='grc' dir='ltr'><strong>δὲ</strong></span> <span class='ocrx_word' id='word_1_68' title='bbox 1105 1122 1410 1192; x_wconf 81' lang='grc' dir='ltr'><strong>ἐξεπλάγην</strong></span> <span class='ocrx_word' id='word_1_69' title='bbox 1445 1121 1539 1174; x_wconf 74' lang='grc' dir='ltr'><strong>καὶ</strong></span> <span class='ocrx_word' id='word_1_70' title='bbox 1562 1119 1622 1173; x_wconf 83' lang='grc' dir='ltr'><strong>τὸ</strong></span> <span class='ocrx_word' id='word_1_71' title='bbox 1650 1119 1760 1185; x_wconf 86' lang='grc' dir='ltr'><strong>σὺν,</strong></span> <span class='ocrx_word' id='word_1_72' title='bbox 1794 1119 1876 1172; x_wconf 85' lang='grc' dir='ltr'><strong>ὅτι</strong></span> 
     </span>
    </p>
   </div>
   <div class='ocr_carea' id='block_1_11' title="bbox 291 1210 1878 1288">
    <p class='ocr_par' dir='ltr' id='par_1_11' title="bbox 291 1210 1878 1288">
     <span class='ocr_line' id='line_1_11' title="bbox 291 1210 1878 1288; baseline -0.006 -15"><span class='ocrx_word' id='word_1_73' title='bbox 291 1219 562 1288; x_wconf 81' lang='grc' dir='ltr'><strong>τετάρτην</strong></span> <span class='ocrx_word' id='word_1_74' title='bbox 599 1217 802 1288; x_wconf 88' lang='grc' dir='ltr'><strong>ταύτην</strong></span> <span class='ocrx_word' id='word_1_75' title='bbox 832 1215 1174 1286; x_wconf 78' lang='grc' dir='ltr'><strong>ἐπιστολήνῆ</strong></span> <span class='ocrx_word' id='word_1_76' title='bbox 1215 1215 1308 1268; x_wconf 74' lang='grc' dir='ltr'><strong>καὶ</strong></span> <span class='ocrx_word' id='word_1_77' title='bbox 1329 1214 1587 1285; x_wconf 82' lang='grc' dir='ltr'><strong>πέμπτην</strong></span> <span class='ocrx_word' id='word_1_78' title='bbox 1615 1210 1878 1264; x_wconf 80' lang='grc' dir='ltr'><strong>ἐπεσταλ·</strong></span> 
     </span>
    </p>
   </div>
   <div class='ocr_carea' id='block_1_12' title="bbox 295 1301 1879 1380">
    <p class='ocr_par' dir='ltr' id='par_1_12' title="bbox 295 1301 1879 1380">
     <span class='ocr_line' id='line_1_12' title="bbox 295 1301 1879 1380; baseline -0.004 -19"><span class='ocrx_word' id='word_1_79' title='bbox 295 1307 410 1374; x_wconf 86' lang='grc' dir='ltr'><strong>κὼς</strong></span> <span class='ocrx_word' id='word_1_80' title='bbox 454 1311 520 1380; x_wconf 84' lang='grc' dir='ltr'><strong>τῇ</strong></span> <span class='ocrx_word' id='word_1_81' title='bbox 543 1307 778 1361; x_wconf 82' lang='grc' dir='ltr'><strong>διαθέσει</strong></span> <span class='ocrx_word' id='word_1_82' title='bbox 810 1324 901 1359; x_wconf 91' lang='grc' dir='ltr'><strong>σου</strong></span> <span class='ocrx_word' id='word_1_83' title='bbox 931 1308 1025 1360; x_wconf 79' lang='grc' dir='ltr'><strong>καὶ</strong></span> <span class='ocrx_word' id='word_1_84' title='bbox 1058 1309 1126 1377; x_wconf 82' lang='grc' dir='ltr'><strong>τῇ</strong></span> <span class='ocrx_word' id='word_1_85' title='bbox 1157 1305 1497 1375; x_wconf 80' lang='grc' dir='ltr'><strong>κοσμιότητι,</strong></span> <span class='ocrx_word' id='word_1_86' title='bbox 1541 1303 1669 1374; x_wconf 86' lang='grc' dir='ltr'><strong>μίαν</strong></span> <span class='ocrx_word' id='word_1_87' title='bbox 1698 1301 1879 1366; x_wconf 80' lang='grc' dir='ltr'><strong>ἐδεξά-</strong></span> 
     </span>
    </p>
   </div>
   <div class='ocr_carea' id='block_1_13' title="bbox 297 1389 1878 1472">
    <p class='ocr_par' dir='ltr' id='par_1_13' title="bbox 297 1389 1878 1472">
     <span class='ocr_line' id='line_1_13' title="bbox 297 1389 1878 1472; baseline -0.004 -18"><span class='ocrx_word' id='word_1_88' title='bbox 297 1417 408 1472; x_wconf 87' lang='grc' dir='ltr'><strong>μην</strong></span> <span class='ocrx_word' id='word_1_89' title='bbox 433 1399 528 1454; x_wconf 75' lang='grc' dir='ltr'><strong>καὶ</strong></span> <span class='ocrx_word' id='word_1_90' title='bbox 551 1399 741 1470; x_wconf 90' lang='grc' dir='ltr'><strong>μόνην.</strong></span> <span class='ocrx_word' id='word_1_91' title='bbox 794 1399 986 1453; x_wconf 78' lang='grc' dir='ltr'><strong>Καίτοι</strong></span> <span class='ocrx_word' id='word_1_92' title='bbox 1023 1397 1180 1452; x_wconf 91' lang='grc' dir='ltr'><strong>τοῦτο</strong></span> <span class='ocrx_word' id='word_1_93' title='bbox 1233 1395 1519 1458; x_wconf 84' lang='grc' dir='ltr'><strong>δυσκολίας</strong></span> <span class='ocrx_word' id='word_1_94' title='bbox 1558 1394 1657 1447; x_wconf 91' lang='grc' dir='ltr'><strong>οὐκ</strong></span> <span class='ocrx_word' id='word_1_95' title='bbox 1698 1389 1786 1465; x_wconf 74' lang='grc' dir='ltr'><strong>ἦν,</strong></span> <span class='ocrx_word' id='word_1_96' title='bbox 1817 1393 1878 1447; x_wconf 78' lang='grc' dir='ltr'><strong>τὸ</strong></span> 
     </span>
    </p>
   </div>
   <div class='ocr_carea' id='block_1_14' title="bbox 293 1485 1878 1562">
    <p class='ocr_par' dir='ltr' id='par_1_14' title="bbox 293 1485 1878 1562">
     <span class='ocr_line' id='line_1_14' title="bbox 293 1485 1878 1562; baseline -0.004 -18"><span class='ocrx_word' id='word_1_97' title='bbox 293 1491 630 1546; x_wconf 69' lang='grc' dir='ltr'><strong>ἐπιστέλλειν</strong></span> <span class='ocrx_word' id='word_1_98' title='bbox 683 1489 1083 1562; x_wconf 81' lang='grc' dir='ltr'><strong>συνεχέστερον.</strong></span> <span class='ocrx_word' id='word_1_99' title='bbox 1136 1490 1247 1544; x_wconf 68' lang='grc' dir='ltr'><strong>Καὶ</strong></span> <span class='ocrx_word' id='word_1_100' title='bbox 1282 1487 1456 1543; x_wconf 87' lang='grc' dir='ltr'><strong>ταῦτα</strong></span> <span class='ocrx_word' id='word_1_101' title='bbox 1495 1487 1595 1542; x_wconf 90' lang='grc' dir='ltr'><strong>οὐκ</strong></span> <span class='ocrx_word' id='word_1_102' title='bbox 1631 1485 1878 1555; x_wconf 77' lang='grc' dir='ltr'><strong>ἐγκαλῶν</strong></span> 
     </span>
    </p>
   </div>
   <div class='ocr_carea' id='block_1_15' title="bbox 299 1572 1880 1652">
    <p class='ocr_par' dir='ltr' id='par_1_15' title="bbox 299 1572 1880 1652">
     <span class='ocr_line' id='line_1_15' title="bbox 299 1572 1880 1652; baseline -0.003 -18"><span class='ocrx_word' id='word_1_103' title='bbox 299 1597 383 1634; x_wconf 89' lang='grc' dir='ltr'><strong>σοι</strong></span> <span class='ocrx_word' id='word_1_104' title='bbox 413 1580 576 1649; x_wconf 87' lang='grc' dir='ltr'><strong>λέγω·</strong></span> <span class='ocrx_word' id='word_1_105' title='bbox 594 1580 657 1634; x_wconf 76' lang='grc' dir='ltr'><strong>τὸ</strong></span> <span class='ocrx_word' id='word_1_106' title='bbox 679 1579 786 1652; x_wconf 83' lang='grc' dir='ltr'><strong>γὰρ</strong></span> <span class='ocrx_word' id='word_1_107' title='bbox 808 1579 908 1649; x_wconf 85' lang='grc' dir='ltr'><strong>τῆς</strong></span> <span class='ocrx_word' id='word_1_108' title='bbox 938 1579 1157 1648; x_wconf 82' lang='grc' dir='ltr'><strong>ἀγάπης</strong></span> <span class='ocrx_word' id='word_1_109' title='bbox 1177 1577 1278 1630; x_wconf 89' lang='grc' dir='ltr'><strong>οὐκ</strong></span> <span class='ocrx_word' id='word_1_110' title='bbox 1296 1575 1442 1630; x_wconf 77' lang='grc' dir='ltr'><strong>ἔστιν</strong></span> <span class='ocrx_word' id='word_1_111' title='bbox 1458 1575 1725 1647; x_wconf 83' lang='grc' dir='ltr'><strong>ἀνάγκης,</strong></span> <span class='ocrx_word' id='word_1_112' title='bbox 1745 1572 1880 1629; x_wconf 87' lang='grc' dir='ltr'><strong>ἀλλά</strong></span> 
     </span>
    </p>
   </div>
   <div class='ocr_carea' id='block_1_16' title="bbox 299 1666 1881 1742">
    <p class='ocr_par' dir='ltr' id='par_1_16' title="bbox 299 1666 1881 1742">
     <span class='ocr_line' id='line_1_16' title="bbox 299 1666 1881 1742; baseline -0.002 -20"><span class='ocrx_word' id='word_1_113' title='bbox 299 1669 692 1742; x_wconf 85' lang='grc' dir='ltr'><strong>προαιρέσεως.</strong></span> <span class='ocrx_word' id='word_1_114' title='bbox 738 1669 898 1723; x_wconf 79' lang='grc' dir='ltr'><strong>Ἀλλά</strong></span> <span class='ocrx_word' id='word_1_115' title='bbox 932 1669 1135 1739; x_wconf 90' lang='grc' dir='ltr'><strong>σφόδρα</strong></span> <span class='ocrx_word' id='word_1_116' title='bbox 1164 1666 1332 1736; x_wconf 90' lang='grc' dir='ltr'><strong>ἀλγῶ,</strong></span> <span class='ocrx_word' id='word_1_117' title='bbox 1351 1667 1433 1720; x_wconf 83' lang='grc' dir='ltr'><strong>ὅτι</strong></span> <span class='ocrx_word' id='word_1_118' title='bbox 1465 1667 1660 1738; x_wconf 88' lang='grc' dir='ltr'><strong>ἀθρόον</strong></span> <span class='ocrx_word' id='word_1_119' title='bbox 1693 1666 1881 1733; x_wconf 82' lang='grc' dir='ltr'><strong>ἐξέϐα-</strong></span> 
     </span>
    </p>
   </div>
   <div class='ocr_carea' id='block_1_17' title="bbox 297 1757 1880 1833">
    <p class='ocr_par' dir='ltr' id='par_1_17' title="bbox 297 1757 1880 1833">
     <span class='ocr_line' id='line_1_17' title="bbox 297 1757 1880 1833; baseline 0.004 -10"><span class='ocrx_word' id='word_1_120' title='bbox 297 1760 392 1824; x_wconf 88' lang='grc' dir='ltr'><strong>λες</strong></span> <span class='ocrx_word' id='word_1_121' title='bbox 409 1762 558 1833; x_wconf 79' lang='grc' dir='ltr'><strong>ἡμᾶς</strong></span> <span class='ocrx_word' id='word_1_122' title='bbox 579 1761 681 1832; x_wconf 81' lang='grc' dir='ltr'><strong>τῆς</strong></span> <span class='ocrx_word' id='word_1_123' title='bbox 717 1760 955 1824; x_wconf 81' lang='grc' dir='ltr'><strong>διανοίας</strong></span> <span class='ocrx_word' id='word_1_124' title='bbox 980 1760 1078 1830; x_wconf 80' lang='grc' dir='ltr'><strong>τῆς</strong></span> <span class='ocrx_word' id='word_1_125' title='bbox 1103 1759 1221 1830; x_wconf 79' lang='grc' dir='ltr'><strong>σῆς,</strong></span> <span class='ocrx_word' id='word_1_126' title='bbox 1247 1761 1303 1813; x_wconf 78' lang='grc' dir='ltr'>ὲν</span> <span class='ocrx_word' id='word_1_127' title='bbox 1327 1759 1469 1813; x_wconf 70' lang='grc' dir='ltr'><strong>οὕτω</strong></span> <span class='ocrx_word' id='word_1_128' title='bbox 1489 1759 1664 1831; x_wconf 73' lang='grc' dir='ltr'>χρόνῳ</span> <span class='ocrx_word' id='word_1_129' title='bbox 1685 1757 1880 1830; x_wconf 81' lang='grc' dir='ltr'><strong>μακρῷ</strong></span> 
     </span>
    </p>
   </div>
   <div class='ocr_carea' id='block_1_18' title="bbox 302 1849 1880 1924">
    <p class='ocr_par' dir='ltr' id='par_1_18' title="bbox 302 1849 1880 1924">
     <span class='ocr_line' id='line_1_18' title="bbox 302 1849 1880 1924; baseline 0 -20"><span class='ocrx_word' id='word_1_130' title='bbox 302 1851 432 1922; x_wconf 88' lang='grc' dir='ltr'><strong>μίαν</strong></span> <span class='ocrx_word' id='word_1_131' title='bbox 486 1853 616 1924; x_wconf 77' lang='grc' dir='ltr'><strong>ἡμῖν</strong></span> <span class='ocrx_word' id='word_1_132' title='bbox 664 1851 928 1923; x_wconf 76' lang='grc' dir='ltr'><strong>πέμψασα</strong></span> <span class='ocrx_word' id='word_1_133' title='bbox 973 1864 1000 1895; x_wconf 74' lang='grc'>⁸</span> <span class='ocrx_word' id='word_1_134' title='bbox 1028 1851 1336 1922; x_wconf 72' lang='grc' dir='ltr'><strong>ἐπιστολήν.</strong></span> <span class='ocrx_word' id='word_1_135' title='bbox 1382 1851 1444 1904; x_wconf 71' lang='lat' dir='ltr'><strong>Et</strong></span> <span class='ocrx_word' id='word_1_136' title='bbox 1478 1850 1655 1904; x_wconf 81' lang='grc' dir='ltr'><strong>τοίνυν</strong></span> <span class='ocrx_word' id='word_1_137' title='bbox 1713 1849 1880 1921; x_wconf 83' lang='grc' dir='ltr'><strong>μηδὲν</strong></span> 
     </span>
    </p>
   </div>
   <div class='ocr_carea' id='block_1_19' title="bbox 300 1939 1878 2018">
    <p class='ocr_par' dir='ltr' id='par_1_19' title="bbox 300 1939 1878 2018">
     <span class='ocr_line' id='line_1_19' title="bbox 300 1939 1878 2018; baseline -0.003 -21"><span class='ocrx_word' id='word_1_138' title='bbox 300 1944 560 2018; x_wconf 81' lang='grc' dir='ltr'><strong>φορτικὸν</strong></span> <span class='ocrx_word' id='word_1_139' title='bbox 579 1943 715 2015; x_wconf 87' lang='grc' dir='ltr'><strong>μηδὲ</strong></span> <span class='ocrx_word' id='word_1_140' title='bbox 741 1943 977 2014; x_wconf 82' lang='grc' dir='ltr'><strong>ἐπαχθὲς</strong></span> <span class='ocrx_word' id='word_1_141' title='bbox 1009 1943 1285 2014; x_wconf 73' lang='grc' dir='ltr'><strong>αἰτοῦμεν,</strong></span> <span class='ocrx_word' id='word_1_142' title='bbox 1303 1941 1460 1995; x_wconf 89' lang='grc' dir='ltr'><strong>τοῦτο</strong></span> <span class='ocrx_word' id='word_1_143' title='bbox 1493 1943 1628 2013; x_wconf 77' lang='grc' dir='ltr'><strong>ἡμῖν</strong></span> <span class='ocrx_word' id='word_1_144' title='bbox 1651 1939 1878 2011; x_wconf 86' lang='grc' dir='ltr'><strong>πάρεχε,</strong></span> 
     </span>
    </p>
   </div>
   <div class='ocr_carea' id='block_1_20' title="bbox 299 2030 1882 2107">
    <p class='ocr_par' dir='ltr' id='par_1_20' title="bbox 299 2030 1882 2107">
     <span class='ocr_line' id='line_1_20' title="bbox 299 2030 1882 2107; baseline -0.003 -18"><span class='ocrx_word' id='word_1_145' title='bbox 299 2030 363 2090; x_wconf 75' lang='grc' dir='ltr'><strong>οῦ</strong></span> <span class='ocrx_word' id='word_1_146' title='bbox 401 2037 467 2091; x_wconf 82' lang='grc' dir='ltr'><strong>σύ</strong></span> <span class='ocrx_word' id='word_1_147' title='bbox 501 2035 664 2107; x_wconf 90' lang='grc' dir='ltr'><strong>κυρία</strong></span> <span class='ocrx_word' id='word_1_148' title='bbox 692 2031 759 2102; x_wconf 83' lang='grc' dir='ltr'><strong>εί,</strong></span> <span class='ocrx_word' id='word_1_149' title='bbox 793 2036 889 2089; x_wconf 68' lang='grc' dir='ltr'><strong>καὶ</strong></span> <span class='ocrx_word' id='word_1_150' title='bbox 927 2035 1021 2089; x_wconf 77' lang='grc' dir='ltr'><strong>ἐπὶ</strong></span> <span class='ocrx_word' id='word_1_151' title='bbox 1056 2035 1139 2088; x_wconf 65' lang='grc' dir='ltr'><strong>σο)⁸</strong></span> <span class='ocrx_word' id='word_1_152' title='bbox 1181 2038 1377 2089; x_wconf 85' lang='grc' dir='ltr'><strong>κεῖται.</strong></span> <span class='ocrx_word' id='word_1_153' title='bbox 1411 2033 1532 2087; x_wconf 89' lang='grc' dir='ltr'><strong>Τῶν</strong></span> <span class='ocrx_word' id='word_1_154' title='bbox 1561 2034 1672 2104; x_wconf 89' lang='grc' dir='ltr'><strong>γὰρ</strong></span> <span class='ocrx_word' id='word_1_155' title='bbox 1709 2031 1882 2088; x_wconf 79' lang='grc' dir='ltr'><strong>ἄλλων</strong></span> 
     </span>
    </p>
   </div>
   <div class='ocr_carea' id='block_1_21' title="bbox 297 2125 1883 2200">
    <p class='ocr_par' dir='ltr' id='par_1_21' title="bbox 297 2125 1883 2200">
     <span class='ocr_line' id='line_1_21' title="bbox 297 2125 1883 2200; baseline -0.004 -15"><span class='ocrx_word' id='word_1_156' title='bbox 297 2129 492 2184; x_wconf 68' lang='grc' dir='ltr'><strong>ἕνεκεν</strong></span> <span class='ocrx_word' id='word_1_157' title='bbox 520 2129 621 2183; x_wconf 89' lang='grc' dir='ltr'><strong>οὐκ</strong></span> <span class='ocrx_word' id='word_1_158' title='bbox 645 2128 986 2200; x_wconf 77' lang='grc' dir='ltr'><strong>ἐνοχλοῦμεν,</strong></span> <span class='ocrx_word' id='word_1_159' title='bbox 1010 2128 1096 2183; x_wconf 82' lang='grc' dir='ltr'><strong>ἵνα</strong></span> <span class='ocrx_word' id='word_1_160' title='bbox 1129 2129 1208 2200; x_wconf 88' lang='grc' dir='ltr'><strong>μὴ</strong></span> <span class='ocrx_word' id='word_1_161' title='bbox 1235 2128 1371 2199; x_wconf 73' lang='grc' dir='ltr'><strong>πρὸς</strong></span> <span class='ocrx_word' id='word_1_162' title='bbox 1397 2127 1473 2198; x_wconf 82' lang='grc' dir='ltr'><strong>τῷ</strong></span> <span class='ocrx_word' id='word_1_163' title='bbox 1502 2126 1669 2198; x_wconf 85' lang='grc' dir='ltr'><strong>μηδὲν</strong></span> <span class='ocrx_word' id='word_1_164' title='bbox 1699 2125 1883 2181; x_wconf 81' lang='grc' dir='ltr'><strong>ἀνύειν</strong></span> 
     </span>
    </p>
   </div>
   <div class='ocr_carea' id='block_1_22' title="bbox 301 2207 1810 2292">
    <p class='ocr_par' dir='ltr' id='par_1_22' title="bbox 301 2207 1810 2292">
     <span class='ocr_line' id='line_1_22' title="bbox 301 2207 1810 2292; baseline -0.001 -17"><span class='ocrx_word' id='word_1_165' title='bbox 301 2222 400 2276; x_wconf 72' lang='grc' dir='ltr'><strong>καὶ</strong></span> <span class='ocrx_word' id='word_1_166' title='bbox 423 2219 830 2290; x_wconf 85' lang='grc' dir='ltr'><strong>φορτικοίτινες</strong></span> <span class='ocrx_word' id='word_1_167' title='bbox 858 2219 1097 2292; x_wconf 80' lang='grc' dir='ltr'><strong>δόξωμεν</strong></span> <span class='ocrx_word' id='word_1_168' title='bbox 1129 2220 1221 2274; x_wconf 73' lang='grc' dir='ltr'><strong>καὶ</strong></span> <span class='ocrx_word' id='word_1_169' title='bbox 1249 2207 1504 2290; x_wconf 86' lang='grc' dir='ltr'><strong>ἐπαχθεῖς</strong></span> <span class='ocrx_word' id='word_1_170' title='bbox 1532 2216 1672 2273; x_wconf 77' lang='grc' dir='ltr'><strong>εἶναι</strong></span> <span class='ocrx_word' id='word_1_171' title='bbox 1707 2235 1810 2273; x_wconf 90' lang='grc' dir='ltr'><strong>σοι.</strong></span> 
     </span>
    </p>
   </div>
   <div class='ocr_carea' id='block_1_23' title="bbox 823 2311 1365 2380">
    <p class='ocr_par' dir='ltr' id='par_1_23' title="bbox 823 2311 1365 2380">
     <span class='ocr_line' id='line_1_23' title="bbox 823 2311 1365 2380; baseline -0.002 -14"><span class='ocrx_word' id='word_1_172' title='bbox 823 2315 1005 2367; x_wconf 79' lang='lat' dir='ltr'><strong>PKA&#39;.</strong></span> <span class='ocrx_word' id='word_1_173' title='bbox 1052 2311 1286 2380; x_wconf 78' lang='grc' dir='ltr'><strong>Ἀραϐίῳ</strong></span> <span class='ocrx_word' id='word_1_174' title='bbox 1313 2311 1365 2365; x_wconf 71' lang='grc' dir='ltr'><strong>δ.</strong></span> 
     </span>
    </p>
   </div>
   <div class='ocr_carea' id='block_1_24' title="bbox 370 2403 1886 2478">
    <p class='ocr_par' dir='ltr' id='par_1_24' title="bbox 370 2403 1886 2478">
     <span class='ocr_line' id='line_1_24' title="bbox 370 2403 1886 2478; baseline -0.003 -18"><span class='ocrx_word' id='word_1_175' title='bbox 370 2405 488 2478; x_wconf 83' lang='grc' dir='ltr'><strong>Τήν</strong></span> <span class='ocrx_word' id='word_1_176' title='bbox 513 2405 742 2476; x_wconf 82' lang='grc' dir='ltr'><strong>κάμινον</strong></span> <span class='ocrx_word' id='word_1_177' title='bbox 755 2406 856 2476; x_wconf 88' lang='grc' dir='ltr'><strong>τῆς</strong></span> <span class='ocrx_word' id='word_1_178' title='bbox 884 2405 1140 2477; x_wconf 81' lang='grc' dir='ltr'><strong>ἀθυμίας,</strong></span> <span class='ocrx_word' id='word_1_179' title='bbox 1160 2406 1228 2477; x_wconf 70' lang='grc' dir='ltr'><strong>ἢν</strong></span> <span class='ocrx_word' id='word_1_180' title='bbox 1265 2405 1358 2458; x_wconf 74' lang='grc' dir='ltr'><strong>ἐπὶ</strong></span> <span class='ocrx_word' id='word_1_181' title='bbox 1398 2403 1499 2474; x_wconf 86' lang='grc' dir='ltr'><strong>τῆς</strong></span> <span class='ocrx_word' id='word_1_182' title='bbox 1526 2403 1702 2476; x_wconf 80' lang='grc' dir='ltr'><strong>ψυχῆς</strong></span> <span class='ocrx_word' id='word_1_183' title='bbox 1728 2420 1886 2476; x_wconf 88' lang='grc' dir='ltr'><strong>περι-</strong></span> 
     </span>
    </p>
   </div>
   <div class='ocr_carea' id='block_1_25' title="bbox 299 2491 1890 2569">
    <p class='ocr_par' dir='ltr' id='par_1_25' title="bbox 299 2491 1890 2569">
     <span class='ocr_line' id='line_1_25' title="bbox 299 2491 1890 2569; baseline -0.003 -18"><span class='ocrx_word' id='word_1_184' title='bbox 299 2496 495 2569; x_wconf 86' lang='grc' dir='ltr'><strong>φέρεις</strong></span> <span class='ocrx_word' id='word_1_185' title='bbox 522 2497 665 2568; x_wconf 81' lang='grc' dir='ltr'><strong>ὐπέρ</strong></span> <span class='ocrx_word' id='word_1_186' title='bbox 688 2497 796 2550; x_wconf 89' lang='grc' dir='ltr'><strong>τῶν</strong></span> <span class='ocrx_word' id='word_1_187' title='bbox 839 2497 920 2560; x_wconf 86' lang='grc' dir='ltr'><strong>είς</strong></span> <span class='ocrx_word' id='word_1_188' title='bbox 968 2497 1118 2568; x_wconf 79' lang='grc' dir='ltr'><strong>ἡμᾶς</strong></span> <span class='ocrx_word' id='word_1_189' title='bbox 1145 2494 1546 2566; x_wconf 86' lang='grc' dir='ltr'><strong>γεγενημένων,</strong></span> <span class='ocrx_word' id='word_1_190' title='bbox 1577 2491 1890 2562; x_wconf 87' lang='grc' dir='ltr'><strong>σαφέστατα</strong></span> 
     </span>
    </p>
   </div>
   <div class='ocr_carea' id='block_1_26' title="bbox 300 2583 1888 2660">
    <p class='ocr_par' dir='ltr' id='par_1_26' title="bbox 300 2583 1888 2660">
     <span class='ocr_line' id='line_1_26' title="bbox 300 2583 1888 2660; baseline -0.003 -19"><span class='ocrx_word' id='word_1_191' title='bbox 300 2587 507 2655; x_wconf 73' lang='grc' dir='ltr'><strong>ἔδειξεν</strong></span> <span class='ocrx_word' id='word_1_192' title='bbox 554 2590 686 2659; x_wconf 77' lang='grc' dir='ltr'><strong>ἡμῖν</strong></span> <span class='ocrx_word' id='word_1_193' title='bbox 715 2588 776 2642; x_wconf 79' lang='grc' dir='ltr'><strong>τὸ</strong></span> <span class='ocrx_word' id='word_1_194' title='bbox 803 2588 1038 2660; x_wconf 89' lang='grc' dir='ltr'><strong>γράμμα</strong></span> <span class='ocrx_word' id='word_1_195' title='bbox 1073 2585 1134 2640; x_wconf 79' lang='grc' dir='ltr'><strong>τὸ</strong></span> <span class='ocrx_word' id='word_1_196' title='bbox 1168 2586 1280 2650; x_wconf 73' lang='grc' dir='ltr'><strong>σὺν,</strong></span> <span class='ocrx_word' id='word_1_197' title='bbox 1309 2588 1401 2640; x_wconf 72' lang='grc' dir='ltr'><strong>καὶ</strong></span> <span class='ocrx_word' id='word_1_198' title='bbox 1432 2585 1539 2656; x_wconf 79' lang='grc' dir='ltr'><strong>πρὸ</strong></span> <span class='ocrx_word' id='word_1_199' title='bbox 1566 2583 1757 2638; x_wconf 86' lang='grc' dir='ltr'><strong>τούτου</strong></span> <span class='ocrx_word' id='word_1_200' title='bbox 1789 2583 1888 2654; x_wconf 79' lang='grc' dir='ltr'><strong>μὲν</strong></span> 
     </span>
    </p>
   </div>
   <div class='ocr_carea' id='block_1_27' title="bbox 302 2673 1890 2750">
    <p class='ocr_par' dir='ltr' id='par_1_27' title="bbox 302 2673 1890 2750">
     <span class='ocr_line' id='line_1_27' title="bbox 302 2673 1890 2750; baseline -0.006 -16"><span class='ocrx_word' id='word_1_201' title='bbox 302 2679 712 2750; x_wconf 84' lang='grc' dir='ltr'><strong>ἐπισταμένοις.</strong></span> <span class='ocrx_word' id='word_1_202' title='bbox 748 2680 824 2732; x_wconf 93' lang='grc' dir='ltr'><strong>Οὐ</strong></span> <span class='ocrx_word' id='word_1_203' title='bbox 854 2679 963 2750; x_wconf 84' lang='grc' dir='ltr'><strong>γὰρ</strong></span> <span class='ocrx_word' id='word_1_204' title='bbox 994 2677 1338 2750; x_wconf 83' lang='grc' dir='ltr'><strong>δυνησόμεθα</strong></span> <span class='ocrx_word' id='word_1_205' title='bbox 1390 2674 1744 2730; x_wconf 74' lang='grc' dir='ltr'><strong>ἐπιλαθέσθαι</strong></span> <span class='ocrx_word' id='word_1_206' title='bbox 1789 2673 1890 2745; x_wconf 88' lang='grc' dir='ltr'><strong>τῆς</strong></span> 
     </span>
    </p>
   </div>
   <div class='ocr_carea' id='block_1_28' title="bbox 301 2763 1888 2842">
    <p class='ocr_par' dir='ltr' id='par_1_28' title="bbox 301 2763 1888 2842">
     <span class='ocr_line' id='line_1_28' title="bbox 301 2763 1888 2842; baseline -0.01 -9"><span class='ocrx_word' id='word_1_207' title='bbox 301 2771 491 2842; x_wconf 81' lang='grc' dir='ltr'><strong>πηγῆς</strong></span> <span class='ocrx_word' id='word_1_208' title='bbox 515 2768 626 2823; x_wconf 79' lang='grc' dir='ltr'><strong>τῶν</strong></span> <span class='ocrx_word' id='word_1_209' title='bbox 671 2768 941 2841; x_wconf 85' lang='grc' dir='ltr'><strong>δακρύων,</strong></span> <span class='ocrx_word' id='word_1_210' title='bbox 967 2768 1038 2839; x_wconf 77' lang='grc' dir='ltr'><strong>ἣν</strong></span> <span class='ocrx_word' id='word_1_211' title='bbox 1059 2770 1118 2822; x_wconf 84' lang='grc' dir='ltr'><strong>ἐν</strong></span> <span class='ocrx_word' id='word_1_212' title='bbox 1153 2764 1296 2840; x_wconf 78' lang='grc' dir='ltr'><strong>ἀρχῇ</strong></span> <span class='ocrx_word' id='word_1_213' title='bbox 1327 2766 1434 2820; x_wconf 85' lang='grc' dir='ltr'><strong>τῶν</strong></span> <span class='ocrx_word' id='word_1_214' title='bbox 1463 2763 1648 2821; x_wconf 87' lang='grc' dir='ltr'><strong>κακῶν</strong></span> <span class='ocrx_word' id='word_1_215' title='bbox 1684 2763 1888 2817; x_wconf 90' lang='grc' dir='ltr'><strong>τούτων</strong></span> 
     </span>
    </p>
   </div>
   <div class='ocr_carea' id='block_1_29' title="bbox 305 2853 1888 2934">
    <p class='ocr_par' dir='ltr' id='par_1_29' title="bbox 305 2853 1888 2934">
     <span class='ocr_line' id='line_1_29' title="bbox 305 2853 1888 2934; baseline -0.008 -16"><span class='ocrx_word' id='word_1_216' title='bbox 305 2863 684 2934; x_wconf 85' lang='grc' dir='ltr'><strong>ὐφαινομένων</strong></span> <span class='ocrx_word' id='word_1_217' title='bbox 703 2861 902 2932; x_wconf 78' lang='grc' dir='ltr'><strong>ὴφίεις.</strong></span> <span class='ocrx_word' id='word_1_218' title='bbox 937 2859 1083 2931; x_wconf 82' lang='grc' dir='ltr'><strong>Πλὴν</strong></span> <span class='ocrx_word' id='word_1_219' title='bbox 1132 2859 1268 2913; x_wconf 85' lang='grc' dir='ltr'><strong>ἀλλά</strong></span> <span class='ocrx_word' id='word_1_220' title='bbox 1293 2859 1444 2928; x_wconf 76' lang='grc' dir='ltr'><strong>καὶὴ</strong></span> <span class='ocrx_word' id='word_1_221' title='bbox 1481 2855 1737 2926; x_wconf 82' lang='grc' dir='ltr'><strong>ἐπιστολὴ</strong></span> <span class='ocrx_word' id='word_1_222' title='bbox 1779 2853 1888 2907; x_wconf 87' lang='grc' dir='ltr'><strong>τῶν</strong></span> 
     </span>
    </p>
   </div>
   <div class='ocr_carea' id='block_1_30' title="bbox 304 2946 1891 3024">
    <p class='ocr_par' dir='ltr' id='par_1_30' title="bbox 304 2946 1891 3024">
     <span class='ocr_line' id='line_1_30' title="bbox 304 2946 1891 3024; baseline -0.006 -16"><span class='ocrx_word' id='word_1_223' title='bbox 304 2952 559 3024; x_wconf 87' lang='grc' dir='ltr'><strong>δακρύων</strong></span> <span class='ocrx_word' id='word_1_224' title='bbox 597 2953 699 3006; x_wconf 90' lang='grc' dir='ltr'><strong>οὐκ</strong></span> <span class='ocrx_word' id='word_1_225' title='bbox 757 2951 974 3004; x_wconf 78' lang='grc' dir='ltr'><strong>ἔλαττον</strong></span> <span class='ocrx_word' id='word_1_226' title='bbox 1003 2951 1095 3003; x_wconf 70' lang='grc' dir='ltr'><strong>καὶ</strong></span> <span class='ocrx_word' id='word_1_227' title='bbox 1125 2948 1233 3002; x_wconf 91' lang='grc' dir='ltr'><strong>τῶν</strong></span> <span class='ocrx_word' id='word_1_228' title='bbox 1258 2948 1507 3020; x_wconf 85' lang='grc' dir='ltr'><strong>ὀδυρμῶν</strong></span> <span class='ocrx_word' id='word_1_229' title='bbox 1533 2946 1757 3000; x_wconf 86' lang='grc' dir='ltr'><strong>ἐκείνων</strong></span> <span class='ocrx_word' id='word_1_230' title='bbox 1783 2946 1891 2999; x_wconf 88' lang='grc' dir='ltr'><strong>άπ-</strong></span> 
     </span>
    </p>
   </div>
   <div class='ocr_carea' id='block_1_31' title="bbox 306 3035 1893 3116">
    <p class='ocr_par' dir='ltr' id='par_1_31' title="bbox 306 3035 1893 3116">
     <span class='ocr_line' id='line_1_31' title="bbox 306 3035 1893 3116; baseline -0.009 -14"><span class='ocrx_word' id='word_1_231' title='bbox 306 3046 548 3115; x_wconf 72' lang='grc' dir='ltr'><strong>ικάλυψε</strong></span> <span class='ocrx_word' id='word_1_232' title='bbox 561 3045 659 3116; x_wconf 80' lang='grc' dir='ltr'><strong>τὴν</strong></span> <span class='ocrx_word' id='word_1_233' title='bbox 677 3044 854 3114; x_wconf 84' lang='grc' dir='ltr'><strong>φλόγα</strong></span> <span class='ocrx_word' id='word_1_234' title='bbox 878 3043 979 3114; x_wconf 92' lang='grc' dir='ltr'><strong>τῆς</strong></span> <span class='ocrx_word' id='word_1_235' title='bbox 997 3042 1174 3113; x_wconf 81' lang='grc' dir='ltr'><strong>λύπης</strong></span> <span class='ocrx_word' id='word_1_236' title='bbox 1200 3042 1351 3112; x_wconf 88' lang='grc' dir='ltr'><strong>ἡμῖν,</strong></span> <span class='ocrx_word' id='word_1_237' title='bbox 1381 3039 1482 3109; x_wconf 89' lang='grc' dir='ltr'><strong>τῆς</strong></span> <span class='ocrx_word' id='word_1_238' title='bbox 1511 3040 1569 3093; x_wconf 91' lang='grc' dir='ltr'><strong>ἐν</strong></span> <span class='ocrx_word' id='word_1_239' title='bbox 1597 3041 1662 3109; x_wconf 81' lang='grc' dir='ltr'><strong>τῇ</strong></span> <span class='ocrx_word' id='word_1_240' title='bbox 1692 3035 1893 3108; x_wconf 77' lang='grc' dir='ltr'><strong>καρδίᾳ</strong></span> 
     </span>
    </p>
   </div>
   <div class='ocr_carea' id='block_1_32' title="bbox 305 3127 1890 3210">
    <p class='ocr_par' dir='ltr' id='par_1_32' title="bbox 305 3127 1890 3210">
     <span class='ocr_line' id='line_1_32' title="bbox 305 3127 1890 3210; baseline -0.007 -18"><span class='ocrx_word' id='word_1_241' title='bbox 305 3141 374 3209; x_wconf 73' lang='grc' dir='ltr'><strong>τῇ</strong></span> <span class='ocrx_word' id='word_1_242' title='bbox 406 3141 471 3210; x_wconf 75' lang='grc' dir='ltr'><strong>σῇ</strong></span> <span class='ocrx_word' id='word_1_243' title='bbox 497 3149 548 3192; x_wconf 69' lang='grc' dir='ltr'><strong>θ.</strong></span> <span class='ocrx_word' id='word_1_244' title='bbox 581 3137 796 3190; x_wconf 89' lang='grc' dir='ltr'><strong>Τούτων</strong></span> <span class='ocrx_word' id='word_1_245' title='bbox 846 3135 1120 3207; x_wconf 88' lang='grc' dir='ltr'><strong>προσδόκα</strong></span> <span class='ocrx_word' id='word_1_246' title='bbox 1162 3135 1261 3197; x_wconf 77' lang='grc' dir='ltr'><strong>τὰς</strong></span> <span class='ocrx_word' id='word_1_247' title='bbox 1303 3131 1536 3203; x_wconf 80' lang='grc' dir='ltr'><strong>ἀμοιϐὰς</strong></span> <span class='ocrx_word' id='word_1_248' title='bbox 1589 3129 1738 3201; x_wconf 86' lang='grc' dir='ltr'><strong>παρά</strong></span> <span class='ocrx_word' id='word_1_249' title='bbox 1795 3127 1890 3182; x_wconf 89' lang='grc' dir='ltr'><strong>τοῦ</strong></span> 
     </span>
    </p>
   </div>
   <div class='ocr_carea' id='block_1_33' title="bbox 308 3221 1892 3302">
    <p class='ocr_par' dir='ltr' id='par_1_33' title="bbox 308 3221 1892 3302">
     <span class='ocr_line' id='line_1_33' title="bbox 308 3221 1892 3302; baseline -0.008 -17"><span class='ocrx_word' id='word_1_250' title='bbox 308 3228 693 3302; x_wconf 81' lang='grc' dir='ltr'><strong>φιλανθρώπου</strong></span> <span class='ocrx_word' id='word_1_251' title='bbox 729 3226 885 3284; x_wconf 88' lang='grc' dir='ltr'><strong>Θεοῦ.</strong></span> <span class='ocrx_word' id='word_1_252' title='bbox 917 3229 1072 3280; x_wconf 88' lang='grc' dir='ltr'><strong>Ἔστι</strong></span> <span class='ocrx_word' id='word_1_253' title='bbox 1097 3225 1204 3297; x_wconf 87' lang='grc' dir='ltr'><strong>γὰρ</strong></span> <span class='ocrx_word' id='word_1_254' title='bbox 1243 3226 1338 3278; x_wconf 73' lang='grc' dir='ltr'><strong>καὶ</strong></span> <span class='ocrx_word' id='word_1_255' title='bbox 1368 3222 1547 3294; x_wconf 87' lang='grc' dir='ltr'><strong>λύπης</strong></span> <span class='ocrx_word' id='word_1_256' title='bbox 1584 3221 1773 3293; x_wconf 83' lang='grc' dir='ltr'><strong>μισθὸς</strong></span> <span class='ocrx_word' id='word_1_257' title='bbox 1799 3221 1892 3274; x_wconf 76' lang='grc' dir='ltr'><strong>καὶ</strong></span> 
     </span>
    </p>
   </div>
   <div class='ocr_carea' id='block_1_34' title="bbox 314 3309 1892 3391">
    <p class='ocr_par' dir='ltr' id='par_1_34' title="bbox 314 3309 1892 3391">
     <span class='ocr_line' id='line_1_34' title="bbox 314 3309 1892 3391; baseline -0.006 -19"><span class='ocrx_word' id='word_1_258' title='bbox 314 3320 491 3391; x_wconf 82' lang='grc' dir='ltr'><strong>μέγας</strong></span> <span class='ocrx_word' id='word_1_259' title='bbox 533 3320 627 3372; x_wconf 71' lang='grc' dir='ltr'><strong>καὶ</strong></span> <span class='ocrx_word' id='word_1_260' title='bbox 675 3317 862 3380; x_wconf 88' lang='grc' dir='ltr'><strong>πολύς.</strong></span> <span class='ocrx_word' id='word_1_261' title='bbox 903 3317 1056 3371; x_wconf 81' lang='grc' dir='ltr'><strong>Ἐπεὶ</strong></span> <span class='ocrx_word' id='word_1_262' title='bbox 1079 3316 1172 3368; x_wconf 75' lang='grc' dir='ltr'><strong>καὶ</strong></span> <span class='ocrx_word' id='word_1_263' title='bbox 1218 3317 1310 3367; x_wconf 75' lang='grc' dir='ltr'><strong>ἐπὶ</strong></span> <span class='ocrx_word' id='word_1_264' title='bbox 1354 3310 1660 3366; x_wconf 79' lang='grc' dir='ltr'><strong>Ἰουδαϊκῶν</strong></span> <span class='ocrx_word' id='word_1_265' title='bbox 1707 3309 1892 3363; x_wconf 88' lang='grc' dir='ltr'><strong>κακῶν</strong></span> 
     </span>
    </p>
   </div>
   <div class='ocr_carea' id='block_1_35' title="bbox 307 3401 1897 3484">
    <p class='ocr_par' dir='ltr' id='par_1_35' title="bbox 307 3401 1897 3484">
     <span class='ocr_line' id='line_1_35' title="bbox 307 3401 1897 3484; baseline -0.007 -18"><span class='ocrx_word' id='word_1_266' title='bbox 307 3409 452 3484; x_wconf 81' lang='grc' dir='ltr'><strong>ἦσάν</strong></span> <span class='ocrx_word' id='word_1_267' title='bbox 471 3427 639 3476; x_wconf 85' lang='grc' dir='ltr'><strong>τινες,</strong></span> <span class='ocrx_word' id='word_1_268' title='bbox 671 3411 720 3464; x_wconf 79' lang='grc' dir='ltr'><strong>οῖ</strong></span> <span class='ocrx_word' id='word_1_269' title='bbox 749 3409 818 3464; x_wconf 88' lang='grc' dir='ltr'><strong>τά</strong></span> <span class='ocrx_word' id='word_1_270' title='bbox 855 3409 1112 3479; x_wconf 88' lang='grc' dir='ltr'><strong>γινόμενα</strong></span> <span class='ocrx_word' id='word_1_271' title='bbox 1133 3408 1261 3478; x_wconf 80' lang='grc' dir='ltr'><strong>παρ’</strong></span> <span class='ocrx_word' id='word_1_272' title='bbox 1290 3403 1468 3460; x_wconf 89' lang='grc' dir='ltr'><strong>αὐτῶν</strong></span> <span class='ocrx_word' id='word_1_273' title='bbox 1489 3401 1778 3476; x_wconf 88' lang='grc' dir='ltr'><strong>διορθῶσαι</strong></span> <span class='ocrx_word' id='word_1_274' title='bbox 1799 3401 1897 3472; x_wconf 83' lang='grc' dir='ltr'><strong>μὲν</strong></span> 
     </span>
    </p>
   </div>
   <div class='ocr_carea' id='block_1_36' title="bbox 310 3494 1894 3575">
    <p class='ocr_par' dir='ltr' id='par_1_36' title="bbox 310 3494 1894 3575">
     <span class='ocr_line' id='line_1_36' title="bbox 310 3494 1894 3575; baseline -0.007 -15"><span class='ocrx_word' id='word_1_275' title='bbox 310 3508 418 3560; x_wconf 83' lang='grc' dir='ltr'><strong>οὐκ</strong></span> <span class='ocrx_word' id='word_1_276' title='bbox 443 3503 728 3575; x_wconf 67' lang='grc' dir='ltr'><strong>ἠδύναντο,</strong></span> <span class='ocrx_word' id='word_1_277' title='bbox 759 3503 973 3556; x_wconf 77' lang='grc' dir='ltr'><strong>ἔστενον</strong></span> <span class='ocrx_word' id='word_1_278' title='bbox 1002 3501 1059 3556; x_wconf 84' lang='grc' dir='ltr'><strong>δὲ</strong></span> <span class='ocrx_word' id='word_1_279' title='bbox 1098 3501 1257 3573; x_wconf 90' lang='grc' dir='ltr'><strong>μόνον</strong></span> <span class='ocrx_word' id='word_1_280' title='bbox 1306 3499 1397 3553; x_wconf 73' lang='grc' dir='ltr'><strong>καὶ</strong></span> <span class='ocrx_word' id='word_1_281' title='bbox 1431 3498 1714 3569; x_wconf 83' lang='grc' dir='ltr'><strong>ἐθρήνουν,</strong></span> <span class='ocrx_word' id='word_1_282' title='bbox 1740 3494 1894 3568; x_wconf 72' lang='grc'><strong>[662]</strong></span> 
     </span>
    </p>
   </div>
   <div class='ocr_carea' id='block_1_37' title="bbox 311 3587 1899 3666">
    <p class='ocr_par' dir='ltr' id='par_1_37' title="bbox 311 3587 1899 3666">
     <span class='ocr_line' id='line_1_37' title="bbox 311 3587 1899 3666; baseline -0.007 -15"><span class='ocrx_word' id='word_1_283' title='bbox 311 3599 410 3652; x_wconf 70' lang='grc' dir='ltr'><strong>καὶ</strong></span> <span class='ocrx_word' id='word_1_284' title='bbox 433 3595 689 3666; x_wconf 89' lang='grc' dir='ltr'><strong>τοιαύτην</strong></span> <span class='ocrx_word' id='word_1_285' title='bbox 717 3593 1108 3664; x_wconf 86' lang='grc' dir='ltr'><strong>ἐκαρπώσαντο</strong></span> <span class='ocrx_word' id='word_1_286' title='bbox 1132 3593 1231 3662; x_wconf 84' lang='grc' dir='ltr'><strong>τὴν</strong></span> <span class='ocrx_word' id='word_1_287' title='bbox 1252 3590 1506 3662; x_wconf 77' lang='grc' dir='ltr'><strong>ἀμοιϐὴν,</strong></span> <span class='ocrx_word' id='word_1_288' title='bbox 1553 3589 1629 3655; x_wconf 83' lang='grc' dir='ltr'><strong>ὡς</strong></span> <span class='ocrx_word' id='word_1_289' title='bbox 1673 3588 1781 3642; x_wconf 88' lang='grc' dir='ltr'><strong>τῶν</strong></span> <span class='ocrx_word' id='word_1_290' title='bbox 1804 3587 1899 3641; x_wconf 83' lang='grc' dir='ltr'><strong>άλ-</strong></span> 
     </span>
    </p>
   </div>
   <div class='ocr_carea' id='block_1_38' title="bbox 312 3681 1896 3756">
    <p class='ocr_par' dir='ltr' id='par_1_38' title="bbox 312 3681 1896 3756">
     <span class='ocr_line' id='line_1_38' title="bbox 312 3681 1896 3756; baseline -0.006 -14"><span class='ocrx_word' id='word_1_291' title='bbox 312 3690 424 3743; x_wconf 83' lang='grc' dir='ltr'><strong>λων</strong></span> <span class='ocrx_word' id='word_1_292' title='bbox 457 3688 712 3742; x_wconf 81' lang='grc' dir='ltr'><strong>ἁπάντων</strong></span> <span class='ocrx_word' id='word_1_293' title='bbox 762 3685 1168 3756; x_wconf 80' lang='grc' dir='ltr'><strong>ἀπολλυμένων,</strong></span> <span class='ocrx_word' id='word_1_294' title='bbox 1207 3684 1301 3737; x_wconf 72' lang='grc' dir='ltr'><strong>καὶ</strong></span> <span class='ocrx_word' id='word_1_295' title='bbox 1334 3681 1678 3754; x_wconf 79' lang='grc' dir='ltr'><strong>πανωλεθρίᾳ</strong></span> <span class='ocrx_word' id='word_1_296' title='bbox 1715 3696 1896 3751; x_wconf 88' lang='grc' dir='ltr'><strong>παρα-</strong></span> 
     </span>
    </p>
   </div>
   <div class='ocr_carea' id='block_1_39' title="bbox 311 3771 1894 3852">
    <p class='ocr_par' dir='ltr' id='par_1_39' title="bbox 311 3771 1894 3852">
     <span class='ocr_line' id='line_1_39' title="bbox 311 3771 1894 3852; baseline -0.007 -17"><span class='ocrx_word' id='word_1_297' title='bbox 311 3780 630 3852; x_wconf 67' lang='grc' dir='ltr'><strong>δ;δομένων,</strong></span> <span class='ocrx_word' id='word_1_298' title='bbox 664 3777 905 3841; x_wconf 85' lang='grc' dir='ltr'><strong>ἐκείνους</strong></span> <span class='ocrx_word' id='word_1_299' title='bbox 940 3776 1220 3846; x_wconf 82' lang='grc' dir='ltr'><strong>διαφυγεῖν</strong></span> <span class='ocrx_word' id='word_1_300' title='bbox 1261 3775 1361 3847; x_wconf 83' lang='grc' dir='ltr'><strong>τὴν</strong></span> <span class='ocrx_word' id='word_1_301' title='bbox 1397 3775 1586 3845; x_wconf 81' lang='grc' dir='ltr'><strong>ὀργήν.</strong></span> <span class='ocrx_word' id='word_1_302' title='bbox 1617 3773 1729 3838; x_wconf 80' lang='grc' dir='ltr'><strong>Δὸς</strong></span> <span class='ocrx_word' id='word_1_303' title='bbox 1764 3771 1894 3842; x_wconf 83' lang='grc' dir='ltr'><strong>γὰρ,</strong></span> 
     </span>
    </p>
   </div>
   <div class='ocr_carea' id='block_1_40' title="bbox 317 3863 1898 3943">
    <p class='ocr_par' dir='ltr' id='par_1_40' title="bbox 317 3863 1898 3943">
     <span class='ocr_line' id='line_1_40' title="bbox 317 3863 1898 3943; baseline -0.006 -16"><span class='ocrx_word' id='word_1_304' title='bbox 317 3873 486 3943; x_wconf 75' lang='grc' dir='ltr'><strong>φησὶ,</strong></span> <span class='ocrx_word' id='word_1_305' title='bbox 512 3872 580 3927; x_wconf 83' lang='grc' dir='ltr'><strong>τὸ</strong></span> <span class='ocrx_word' id='word_1_306' title='bbox 601 3871 854 3940; x_wconf 76' lang='grc' dir='ltr'><strong>σημεῖον</strong></span> <span class='ocrx_word' id='word_1_307' title='bbox 885 3870 983 3923; x_wconf 80' lang='grc' dir='ltr'><strong>ἐπὶ</strong></span> <span class='ocrx_word' id='word_1_308' title='bbox 1011 3870 1085 3922; x_wconf 86' lang='grc' dir='ltr'><strong>τὰ</strong></span> <span class='ocrx_word' id='word_1_309' title='bbox 1122 3870 1412 3936; x_wconf 79' lang='grc' dir='ltr'><strong>πρόσωπα</strong></span> <span class='ocrx_word' id='word_1_310' title='bbox 1438 3866 1555 3920; x_wconf 71' lang='grc' dir='ltr'><strong>τῶν</strong></span> <span class='ocrx_word' id='word_1_311' title='bbox 1581 3863 1898 3925; x_wconf 80' lang='grc' dir='ltr'><strong>στεναζόν-</strong></span> 
     </span>
    </p>
   </div>
   <div class='ocr_carea' id='block_1_41' title="bbox 317 3955 1898 4032">
    <p class='ocr_par' dir='ltr' id='par_1_41' title="bbox 317 3955 1898 4032">
     <span class='ocr_line' id='line_1_41' title="bbox 317 3955 1898 4032; baseline -0.008 -10"><span class='ocrx_word' id='word_1_312' title='bbox 317 3983 438 4022; x_wconf 77' lang='grc' dir='ltr'><strong>των</strong></span> <span class='ocrx_word' id='word_1_313' title='bbox 463 3963 564 4019; x_wconf 79' lang='grc' dir='ltr'><strong>και</strong></span> <span class='ocrx_word' id='word_1_314' title='bbox 608 3962 1007 4032; x_wconf 79' lang='grc' dir='ltr'><strong>ὀδυρομένων.</strong></span> <span class='ocrx_word' id='word_1_315' title='bbox 1058 3959 1250 4013; x_wconf 88' lang='grc' dir='ltr'><strong>Καίτοι</strong></span> <span class='ocrx_word' id='word_1_316' title='bbox 1283 3975 1348 4027; x_wconf 91' lang='grc' dir='ltr'><strong>γε</strong></span> <span class='ocrx_word' id='word_1_317' title='bbox 1391 3958 1492 4011; x_wconf 89' lang='grc' dir='ltr'><strong>οὐκ</strong></span> <span class='ocrx_word' id='word_1_318' title='bbox 1545 3955 1782 4010; x_wconf 83' lang='grc' dir='ltr'><strong>ἐκώλυον</strong></span> <span class='ocrx_word' id='word_1_319' title='bbox 1827 3955 1898 4009; x_wconf 85' lang='grc' dir='ltr'><strong>τὰ</strong></span> 
     </span>
    </p>
   </div>
   <div class='ocr_carea' id='block_1_42' title="bbox 316 4045 1895 4130">
    <p class='ocr_par' dir='ltr' id='par_1_42' title="bbox 316 4045 1895 4130">
     <span class='ocr_line' id='line_1_42' title="bbox 316 4045 1895 4130; baseline -0.008 -18"><span class='ocrx_word' id='word_1_320' title='bbox 316 4059 603 4130; x_wconf 82' lang='grc' dir='ltr'><strong>γινόμενα,</strong></span> <span class='ocrx_word' id='word_1_321' title='bbox 650 4056 764 4110; x_wconf 82' lang='grc' dir='ltr'><strong>ἀλλ’</strong></span> <span class='ocrx_word' id='word_1_322' title='bbox 797 4054 983 4126; x_wconf 85' lang='grc' dir='ltr'><strong>ἐπειδὴ</strong></span> <span class='ocrx_word' id='word_1_323' title='bbox 1036 4048 1205 4124; x_wconf 71' lang='grc' dir='ltr'><strong>οὗπερ</strong></span> <span class='ocrx_word' id='word_1_324' title='bbox 1251 4051 1430 4122; x_wconf 88' lang='grc' dir='ltr'><strong>κύριοι</strong></span> <span class='ocrx_word' id='word_1_325' title='bbox 1468 4045 1608 4121; x_wconf 72' lang='grc' dir='ltr'><strong>ἦσαν</strong></span> <span class='ocrx_word' id='word_1_326' title='bbox 1657 4047 1895 4112; x_wconf 90' lang='grc' dir='ltr'><strong>ἐποίουν,</strong></span> 
     </span>
    </p>
   </div>
   <div class='ocr_carea' id='block_1_43' title="bbox 317 4137 1898 4219">
    <p class='ocr_par' dir='ltr' id='par_1_43' title="bbox 317 4137 1898 4219">
     <span class='ocr_line' id='line_1_43' title="bbox 317 4137 1898 4219; baseline -0.007 -16"><span class='ocrx_word' id='word_1_327' title='bbox 317 4151 555 4215; x_wconf 73' lang='grc' dir='ltr'><strong>ἔστενον,</strong></span> <span class='ocrx_word' id='word_1_328' title='bbox 573 4147 834 4219; x_wconf 84' lang='grc' dir='ltr'><strong>ἐθρήνουν</strong></span> <span class='ocrx_word' id='word_1_329' title='bbox 848 4146 918 4199; x_wconf 89' lang='grc' dir='ltr'><strong>τά</strong></span> <span class='ocrx_word' id='word_1_330' title='bbox 940 4145 1222 4216; x_wconf 86' lang='grc' dir='ltr'><strong>γινόμενα,</strong></span> <span class='ocrx_word' id='word_1_331' title='bbox 1245 4142 1504 4214; x_wconf 86' lang='grc' dir='ltr'><strong>μεγίστην</strong></span> <span class='ocrx_word' id='word_1_332' title='bbox 1533 4139 1782 4194; x_wconf 88' lang='grc' dir='ltr'><strong>ἐντεῦθεν</strong></span> <span class='ocrx_word' id='word_1_333' title='bbox 1802 4137 1898 4210; x_wconf 81' lang='grc' dir='ltr'><strong>τῆν</strong></span> 
     </span>
    </p>
   </div>
   <div class='ocr_carea' id='block_1_44' title="bbox 318 4231 1896 4312">
    <p class='ocr_par' dir='ltr' id='par_1_44' title="bbox 318 4231 1896 4312">
     <span class='ocr_line' id='line_1_44' title="bbox 318 4231 1896 4312; baseline -0.009 -15"><span class='ocrx_word' id='word_1_334' title='bbox 318 4240 620 4312; x_wconf 76' lang='grc' dir='ltr'><strong>ἀσφάλειαν</strong></span> <span class='ocrx_word' id='word_1_335' title='bbox 639 4239 956 4310; x_wconf 79' lang='grc' dir='ltr'><strong>ἐκτήσαντο.</strong></span> <span class='ocrx_word' id='word_1_336' title='bbox 995 4235 1087 4307; x_wconf 82' lang='grc' dir='ltr'><strong>Μὴ</strong></span> <span class='ocrx_word' id='word_1_337' title='bbox 1121 4231 1214 4288; x_wconf 77' lang='grc' dir='ltr'><strong>οὖν</strong></span> <span class='ocrx_word' id='word_1_338' title='bbox 1256 4231 1536 4303; x_wconf 89' lang='grc' dir='ltr'><strong>διαλίπητε</strong></span> <span class='ocrx_word' id='word_1_339' title='bbox 1573 4231 1665 4285; x_wconf 78' lang='grc' dir='ltr'><strong>καὶ</strong></span> <span class='ocrx_word' id='word_1_340' title='bbox 1720 4231 1896 4302; x_wconf 81' lang='grc' dir='ltr'><strong>ὑμεῖς,</strong></span> 
     </span>
    </p>
   </div>
   <div class='ocr_carea' id='block_1_45' title="bbox 317 4321 1900 4405">
    <p class='ocr_par' dir='ltr' id='par_1_45' title="bbox 317 4321 1900 4405">
     <span class='ocr_line' id='line_1_45' title="bbox 317 4321 1900 4405; baseline -0.012 -13"><span class='ocrx_word' id='word_1_341' title='bbox 317 4336 579 4392; x_wconf 80' lang='grc' dir='ltr'><strong>δεσπόται</strong></span> <span class='ocrx_word' id='word_1_342' title='bbox 610 4351 732 4405; x_wconf 90' lang='grc' dir='ltr'><strong>μου,</strong></span> <span class='ocrx_word' id='word_1_343' title='bbox 777 4331 1055 4394; x_wconf 89' lang='grc' dir='ltr'><strong>στένοντες</strong></span> <span class='ocrx_word' id='word_1_344' title='bbox 1086 4327 1256 4382; x_wconf 90' lang='grc' dir='ltr'><strong>ταῦτα</strong></span> <span class='ocrx_word' id='word_1_345' title='bbox 1283 4325 1378 4380; x_wconf 74' lang='grc' dir='ltr'><strong>καὶ</strong></span> <span class='ocrx_word' id='word_1_346' title='bbox 1407 4324 1497 4378; x_wconf 74' lang='grc' dir='ltr'><strong>τὸν</strong></span> <span class='ocrx_word' id='word_1_347' title='bbox 1521 4321 1900 4394; x_wconf 85' lang='grc' dir='ltr'><strong>φιλάνθρωπον</strong></span> 
     </span>
    </p>
   </div>
   <div class='ocr_carea' id='block_1_46' title="bbox 318 4413 1902 4498">
    <p class='ocr_par' dir='ltr' id='par_1_46' title="bbox 318 4413 1902 4498">
     <span class='ocr_line' id='line_1_46' title="bbox 318 4413 1902 4498; baseline -0.013 -14"><span class='ocrx_word' id='word_1_348' title='bbox 318 4429 458 4484; x_wconf 78' lang='grc' dir='ltr'><strong>Θεὸν</strong></span> <span class='ocrx_word' id='word_1_349' title='bbox 506 4423 947 4498; x_wconf 88' lang='grc' dir='ltr'><strong>παρακαλοῦντες</strong></span> <span class='ocrx_word' id='word_1_350' title='bbox 992 4420 1172 4475; x_wconf 89' lang='grc' dir='ltr'><strong>δοῦναι</strong></span> <span class='ocrx_word' id='word_1_351' title='bbox 1199 4418 1350 4473; x_wconf 90' lang='grc' dir='ltr'><strong>λύσιν</strong></span> <span class='ocrx_word' id='word_1_352' title='bbox 1381 4415 1458 4487; x_wconf 85' lang='grc' dir='ltr'><strong>τῷ</strong></span> <span class='ocrx_word' id='word_1_353' title='bbox 1491 4413 1653 4485; x_wconf 81' lang='grc' dir='ltr'><strong>κοινῷ</strong></span> <span class='ocrx_word' id='word_1_354' title='bbox 1684 4413 1782 4484; x_wconf 88' lang='grc' dir='ltr'><strong>τῆς</strong></span> <span class='ocrx_word' id='word_1_355' title='bbox 1822 4413 1902 4464; x_wconf 86' lang='grc' dir='ltr'><strong>οί-</strong></span> 
     </span>
    </p>
   </div>
   <div class='ocr_carea' id='block_1_47' title="bbox 321 4504 1906 4592">
    <p class='ocr_par' dir='ltr' id='par_1_47' title="bbox 321 4504 1906 4592">
     <span class='ocr_line' id='line_1_47' title="bbox 321 4504 1906 4592; baseline -0.012 -17"><span class='ocrx_word' id='word_1_356' title='bbox 321 4519 600 4592; x_wconf 81' lang='grc' dir='ltr'><strong>κουμένης</strong></span> <span class='ocrx_word' id='word_1_357' title='bbox 628 4516 895 4586; x_wconf 87' lang='grc' dir='ltr'><strong>ναυαγίῳ.</strong></span> <span class='ocrx_word' id='word_1_358' title='bbox 920 4515 1063 4566; x_wconf 87' lang='grc' dir='ltr'><strong>Ἵστε</strong></span> <span class='ocrx_word' id='word_1_359' title='bbox 1090 4511 1218 4583; x_wconf 84' lang='grc' dir='ltr'><strong>γὰρ,</strong></span> <span class='ocrx_word' id='word_1_360' title='bbox 1259 4511 1372 4564; x_wconf 85' lang='grc' dir='ltr'><strong>ῐστε</strong></span> <span class='ocrx_word' id='word_1_361' title='bbox 1399 4505 1606 4575; x_wconf 72' lang='grc' dir='ltr'><strong>σαφῶς,</strong></span> <span class='ocrx_word' id='word_1_362' title='bbox 1637 4505 1712 4568; x_wconf 83' lang='grc' dir='ltr'><strong>ὡς</strong></span> <span class='ocrx_word' id='word_1_363' title='bbox 1731 4504 1906 4558; x_wconf 88' lang='grc' dir='ltr'><strong>πάντα</strong></span> 
     </span>
    </p>
   </div>
   <div class='ocr_carea' id='block_1_48' title="bbox 323 4596 1909 4685">
    <p class='ocr_par' dir='ltr' id='par_1_48' title="bbox 323 4596 1909 4685">
     <span class='ocr_line' id='line_1_48' title="bbox 323 4596 1909 4685; baseline -0.015 -17"><span class='ocrx_word' id='word_1_364' title='bbox 323 4612 571 4685; x_wconf 86' lang='grc' dir='ltr'><strong>θορύϐων</strong></span> <span class='ocrx_word' id='word_1_365' title='bbox 590 4611 686 4664; x_wconf 75' lang='grc' dir='ltr'><strong>καὶ</strong></span> <span class='ocrx_word' id='word_1_366' title='bbox 714 4607 956 4680; x_wconf 81' lang='grc' dir='ltr'><strong>ταραχῆς</strong></span> <span class='ocrx_word' id='word_1_367' title='bbox 972 4603 1342 4676; x_wconf 86' lang='grc' dir='ltr'><strong>πεπλήρωται,</strong></span> <span class='ocrx_word' id='word_1_368' title='bbox 1368 4600 1464 4654; x_wconf 73' lang='grc' dir='ltr'><strong>καὶ</strong></span> <span class='ocrx_word' id='word_1_369' title='bbox 1486 4598 1584 4669; x_wconf 90' lang='grc' dir='ltr'><strong>οὐχ</strong></span> <span class='ocrx_word' id='word_1_370' title='bbox 1603 4596 1740 4668; x_wconf 80' lang='grc' dir='ltr'><strong>ὑπὲρ</strong></span> <span class='ocrx_word' id='word_1_371' title='bbox 1752 4598 1909 4685; x_wconf 59' lang='grc' dir='ltr'><strong>Κων-</strong></span> 
     </span>
    </p>
   </div>
   <div class='ocr_carea' id='block_1_49' title="bbox 327 4682 1907 4768">
    <p class='ocr_par' dir='ltr' id='par_1_49' title="bbox 327 4682 1907 4768">
     <span class='ocr_line' id='line_1_49' title="bbox 327 4682 1907 4768; baseline -0.015 -11"><span class='ocrx_word' id='word_1_372' title='bbox 327 4682 821 4762; x_wconf 82' lang='grc' dir='ltr'><strong>σταντινουπόλεως</strong></span> <span class='ocrx_word' id='word_1_373' title='bbox 860 4696 964 4768; x_wconf 83' lang='grc' dir='ltr'><strong>χρὴ</strong></span> <span class='ocrx_word' id='word_1_374' title='bbox 1015 4694 1173 4765; x_wconf 77' lang='grc' dir='ltr'><strong>μόνον</strong></span> <span class='ocrx_word' id='word_1_375' title='bbox 1215 4688 1574 4761; x_wconf 87' lang='grc' dir='ltr'><strong>παρακαλεῖν,</strong></span> <span class='ocrx_word' id='word_1_376' title='bbox 1611 4685 1722 4739; x_wconf 81' lang='grc' dir='ltr'><strong>ἀλλ’</strong></span> <span class='ocrx_word' id='word_1_377' title='bbox 1765 4682 1907 4753; x_wconf 83' lang='grc' dir='ltr'><strong>ὑπὲρ</strong></span> 
     </span>
    </p>
   </div>
   <div class='ocr_carea' id='block_1_50' title="bbox 325 4775 1907 4864">
    <p class='ocr_par' dir='ltr' id='par_1_50' title="bbox 325 4775 1907 4864">
     <span class='ocr_line' id='line_1_50' title="bbox 325 4775 1907 4864; baseline -0.015 -15"><span class='ocrx_word' id='word_1_378' title='bbox 325 4795 429 4864; x_wconf 90' lang='grc' dir='ltr'><strong>τῆς</strong></span> <span class='ocrx_word' id='word_1_379' title='bbox 451 4793 775 4863; x_wconf 75' lang='grc' dir='ltr'><strong>οἰκουμένης</strong></span> <span class='ocrx_word' id='word_1_380' title='bbox 805 4788 1039 4857; x_wconf 76' lang='grc' dir='ltr'><strong>ἀπάσηςο</strong></span> <span class='ocrx_word' id='word_1_381' title='bbox 1076 4783 1372 4854; x_wconf 87' lang='grc' dir='ltr'><strong>ἐπειδήπερ</strong></span> <span class='ocrx_word' id='word_1_382' title='bbox 1389 4777 1639 4833; x_wconf 92' lang='grc' dir='ltr'><strong>ἐντεῦθεν</strong></span> <span class='ocrx_word' id='word_1_383' title='bbox 1665 4775 1907 4846; x_wconf 82' lang='grc' dir='ltr'><strong>ἀρξάμε-</strong></span> 
     </span>
    </p>
   </div>
   <div class='ocr_carea' id='block_1_51' title="bbox 327 4867 1908 4950">
    <p class='ocr_par' dir='ltr' id='par_1_51' title="bbox 327 4867 1908 4950">
     <span class='ocr_line' id='line_1_51' title="bbox 327 4867 1908 4950; baseline -0.015 -10"><span class='ocrx_word' id='word_1_384' title='bbox 327 4903 422 4939; x_wconf 88' lang='grc' dir='ltr'><strong>νον</strong></span> <span class='ocrx_word' id='word_1_385' title='bbox 451 4885 512 4939; x_wconf 83' lang='grc' dir='ltr'><strong>τδ</strong></span> <span class='ocrx_word' id='word_1_386' title='bbox 535 4883 726 4946; x_wconf 72' lang='grc' dir='ltr'><strong>κακὸν,</strong></span> <span class='ocrx_word' id='word_1_387' title='bbox 751 4880 1002 4950; x_wconf 85' lang='grc' dir='ltr'><strong>καθάπερ</strong></span> <span class='ocrx_word' id='word_1_388' title='bbox 1024 4877 1201 4950; x_wconf 81' lang='grc' dir='ltr'><strong>ῥεῦμα</strong></span> <span class='ocrx_word' id='word_1_389' title='bbox 1231 4871 1466 4944; x_wconf 84' lang='grc' dir='ltr'><strong>πονηρὸν</strong></span> <span class='ocrx_word' id='word_1_390' title='bbox 1499 4867 1746 4940; x_wconf 79' lang='grc' dir='ltr'><strong>ἐκχυθὲν,</strong></span> <span class='ocrx_word' id='word_1_391' title='bbox 1771 4883 1908 4919; x_wconf 85' lang='grc' dir='ltr'><strong>παν-</strong></span> 
     </span>
    </p>
   </div>
   <div class='ocr_carea' id='block_1_52' title="bbox 329 4956 1912 5047">
    <p class='ocr_par' dir='ltr' id='par_1_52' title="bbox 329 4956 1912 5047">
     <span class='ocr_line' id='line_1_52' title="bbox 329 4956 1912 5047; baseline -0.013 -17"><span class='ocrx_word' id='word_1_392' title='bbox 329 4975 498 5047; x_wconf 88' lang='grc' dir='ltr'><strong>ταχοῦ</strong></span> <span class='ocrx_word' id='word_1_393' title='bbox 526 4975 624 5044; x_wconf 82' lang='grc' dir='ltr'><strong>τῆς</strong></span> <span class='ocrx_word' id='word_1_394' title='bbox 652 4973 758 5043; x_wconf 86' lang='grc' dir='ltr'><strong>γῆς</strong></span> <span class='ocrx_word' id='word_1_395' title='bbox 779 4971 876 5035; x_wconf 78' lang='grc' dir='ltr'><strong>τὰς</strong></span> <span class='ocrx_word' id='word_1_396' title='bbox 921 4967 1245 5038; x_wconf 87' lang='grc' dir='ltr'><strong>Ἐκκλησίας</strong></span> <span class='ocrx_word' id='word_1_397' title='bbox 1285 4962 1623 5034; x_wconf 88' lang='grc' dir='ltr'><strong>λυμαίνεται.</strong></span> <span class='ocrx_word' id='word_1_398' title='bbox 1643 4959 1820 5029; x_wconf 88' lang='grc' dir='ltr'><strong>Ὅπερ</strong></span> <span class='ocrx_word' id='word_1_399' title='bbox 1854 4956 1912 5010; x_wconf 84' lang='grc' dir='ltr'><strong>δὲ</strong></span> 
     </span>
    </p>
   </div>
   <div class='ocr_carea' id='block_1_53' title="bbox 335 5049 1915 5138">
    <p class='ocr_par' dir='ltr' id='par_1_53' title="bbox 335 5049 1915 5138">
     <span class='ocr_line' id='line_1_53' title="bbox 335 5049 1915 5138; baseline -0.013 -17"><span class='ocrx_word' id='word_1_400' title='bbox 335 5067 485 5138; x_wconf 73' lang='grc' dir='ltr'><strong>ἡμᾶς</strong></span> <span class='ocrx_word' id='word_1_401' title='bbox 521 5065 925 5137; x_wconf 79' lang='grc' dir='ltr'><strong>παρεκάλεσάς,</strong></span> <span class='ocrx_word' id='word_1_402' title='bbox 958 5059 1115 5113; x_wconf 90' lang='grc' dir='ltr'><strong>τοῦτο</strong></span> <span class='ocrx_word' id='word_1_403' title='bbox 1146 5056 1241 5112; x_wconf 83' lang='grc' dir='ltr'><strong>κα⁹ι⁹</strong></span> <span class='ocrx_word' id='word_1_404' title='bbox 1267 5055 1427 5116; x_wconf 84' lang='grc' dir='ltr'><strong>αὐτὸς</strong></span> <span class='ocrx_word' id='word_1_405' title='bbox 1468 5052 1595 5122; x_wconf 85' lang='grc' dir='ltr'><strong>παρ’</strong></span> <span class='ocrx_word' id='word_1_406' title='bbox 1624 5049 1780 5122; x_wconf 79' lang='grc' dir='ltr'><strong>ἡμῶν</strong></span> <span class='ocrx_word' id='word_1_407' title='bbox 1809 5065 1915 5101; x_wconf 88' lang='grc' dir='ltr'><strong>πα-</strong></span> 
     </span>
    </p>
   </div>
   <div class='ocr_carea' id='block_1_54' title="bbox 339 5139 1918 5231">
    <p class='ocr_par' dir='ltr' id='par_1_54' title="bbox 339 5139 1918 5231">
     <span class='ocr_line' id='line_1_54' title="bbox 339 5139 1918 5231; baseline -0.014 -18"><span class='ocrx_word' id='word_1_408' title='bbox 339 5157 665 5231; x_wconf 85' lang='grc' dir='ltr'><strong>ρακλήθητι,</strong></span> <span class='ocrx_word' id='word_1_409' title='bbox 695 5155 797 5218; x_wconf 77' lang='grc' dir='ltr'><strong>ἓως</strong></span> <span class='ocrx_word' id='word_1_410' title='bbox 821 5153 884 5208; x_wconf 82' lang='grc' dir='ltr'><strong>ἂν</strong></span> <span class='ocrx_word' id='word_1_411' title='bbox 912 5150 1066 5223; x_wconf 83' lang='grc' dir='ltr'><strong>ὑμῶν</strong></span> <span class='ocrx_word' id='word_1_412' title='bbox 1087 5143 1234 5220; x_wconf 79' lang='grc' dir='ltr'><strong>ὦμεν</strong></span> <span class='ocrx_word' id='word_1_413' title='bbox 1283 5142 1676 5216; x_wconf 83' lang='grc' dir='ltr'><strong>κεχωρισμένοι</strong></span> <span class='ocrx_word' id='word_1_414' title='bbox 1703 5140 1782 5212; x_wconf 84' lang='grc' dir='ltr'><strong>τῷ</strong></span> <span class='ocrx_word' id='word_1_415' title='bbox 1813 5139 1918 5231; x_wconf 88' lang='grc' dir='ltr'><strong>σώ-</strong></span> 
     </span>
    </p>
   </div>
   <div class='ocr_carea' id='block_1_55' title="bbox 341 5230 1918 5320">
    <p class='ocr_par' dir='ltr' id='par_1_55' title="bbox 341 5230 1918 5320">
     <span class='ocr_line' id='line_1_55' title="bbox 341 5230 1918 5320; baseline -0.013 -18"><span class='ocrx_word' id='word_1_416' title='bbox 341 5230 474 5320; x_wconf 79' lang='grc' dir='ltr'><strong>ματι</strong></span> <span class='ocrx_word' id='word_1_417' title='bbox 609 5245 716 5316; x_wconf 88' lang='grc' dir='ltr'><strong>γάρ</strong></span> <span class='ocrx_word' id='word_1_418' title='bbox 741 5243 886 5314; x_wconf 76' lang='grc' dir='ltr'><strong>ψυχῇ</strong></span> <span class='ocrx_word' id='word_1_419' title='bbox 910 5242 996 5294; x_wconf 67' lang='grc' dir='ltr'><strong>ἀεὶ</strong></span> <span class='ocrx_word' id='word_1_420' title='bbox 1023 5241 1118 5293; x_wconf 73' lang='grc' dir='ltr'><strong>καὶ</strong></span> <span class='ocrx_word' id='word_1_421' title='bbox 1136 5241 1203 5308; x_wconf 84' lang='grc' dir='ltr'><strong>τῇ</strong></span> <span class='ocrx_word' id='word_1_422' title='bbox 1228 5239 1294 5307; x_wconf 82' lang='grc' dir='ltr'><strong>σῇ</strong></span> <span class='ocrx_word' id='word_1_423' title='bbox 1318 5235 1565 5304; x_wconf 80' lang='grc' dir='ltr'><strong>εὐγενείᾳ</strong></span> <span class='ocrx_word' id='word_1_424' title='bbox 1582 5231 1765 5302; x_wconf 78' lang='grc' dir='ltr'><strong>καὶτῷ</strong></span> <span class='ocrx_word' id='word_1_425' title='bbox 1784 5230 1918 5320; x_wconf 72' lang='grc' dir='ltr'><strong>οίκιρ</strong></span> 
     </span>
    </p>
   </div>
   <div class='ocr_carea' id='block_1_56' title="bbox 340 5318 1919 5404">
    <p class='ocr_par' dir='ltr' id='par_1_56' title="bbox 340 5318 1919 5404">
     <span class='ocr_line' id='line_1_56' title="bbox 340 5318 1919 5404; baseline -0.013 -13"><span class='ocrx_word' id='word_1_426' title='bbox 340 5318 437 5391; x_wconf 83' lang='grc' dir='ltr'><strong>σου</strong></span> <span class='ocrx_word' id='word_1_427' title='bbox 461 5334 864 5404; x_wconf 86' lang='grc' dir='ltr'><strong>συνδεδέμεθα),</strong></span> <span class='ocrx_word' id='word_1_428' title='bbox 913 5328 1149 5399; x_wconf 88' lang='grc' dir='ltr'><strong>συνεχῶς</strong></span> <span class='ocrx_word' id='word_1_429' title='bbox 1188 5329 1320 5396; x_wconf 85' lang='grc' dir='ltr'><strong>ἡμῖν</strong></span> <span class='ocrx_word' id='word_1_430' title='bbox 1347 5322 1700 5386; x_wconf 81' lang='grc' dir='ltr'><strong>ἐπιστέλλειν,</strong></span> <span class='ocrx_word' id='word_1_431' title='bbox 1728 5320 1822 5374; x_wconf 74' lang='grc' dir='ltr'><strong>καὶ</strong></span> <span class='ocrx_word' id='word_1_432' title='bbox 1850 5318 1919 5372; x_wconf 87' lang='grc' dir='ltr'><strong>τά</strong></span> 
     </span>
    </p>
   </div>
   <div class='ocr_carea' id='block_1_57' title="bbox 340 5406 1922 5498">
    <p class='ocr_par' dir='ltr' id='par_1_57' title="bbox 340 5406 1922 5498">
     <span class='ocr_line' id='line_1_57' title="bbox 340 5406 1922 5498; baseline -0.011 -17"><span class='ocrx_word' id='word_1_433' title='bbox 340 5427 474 5498; x_wconf 69' lang='grc' dir='ltr'><strong>περὶ</strong></span> <span class='ocrx_word' id='word_1_434' title='bbox 505 5426 602 5497; x_wconf 87' lang='grc' dir='ltr'><strong>τῆς</strong></span> <span class='ocrx_word' id='word_1_435' title='bbox 629 5423 815 5492; x_wconf 81' lang='grc' dir='ltr'><strong>ὑγείας</strong></span> <span class='ocrx_word' id='word_1_436' title='bbox 847 5439 938 5476; x_wconf 88' lang='grc' dir='ltr'><strong>σου</strong></span> <span class='ocrx_word' id='word_1_437' title='bbox 966 5417 1407 5490; x_wconf 79' lang='grc' dir='ltr'><strong>εὐαγγελίζεσθαι</strong></span> <span class='ocrx_word' id='word_1_438' title='bbox 1427 5417 1502 5490; x_wconf 84' lang='grc' dir='ltr'><strong>μή</strong></span> <span class='ocrx_word' id='word_1_439' title='bbox 1523 5414 1797 5470; x_wconf 89' lang='grc' dir='ltr'><strong>κατόκνει.</strong></span> <span class='ocrx_word' id='word_1_440' title='bbox 1829 5406 1922 5466; x_wconf 84' lang='grc' dir='ltr'><strong>Οἷ-</strong></span> 
     </span>
    </p>
   </div>
   <div class='ocr_carea' id='block_1_58' title="bbox 406 5532 870 5585">
    <p class='ocr_par' dir='ltr' id='par_1_58' title="bbox 406 5532 870 5585">
     <span class='ocr_line' id='line_1_58' title="bbox 406 5532 870 5585; baseline -0.011 0"><span class='ocrx_word' id='word_1_441' title='bbox 406 5536 434 5565; x_wconf 85' lang='grc'><strong><em>⁸</em></strong></span> <span class='ocrx_word' id='word_1_442' title='bbox 461 5535 597 5585; x_wconf 71' lang='lat' dir='ltr'><strong>Unhs</strong></span> <span class='ocrx_word' id='word_1_443' title='bbox 625 5532 870 5582; x_wconf 81' lang='grc' dir='ltr'><strong>στείλασα.</strong></span> 
     </span>
    </p>
   </div>
   <div class='ocr_carea' id='block_1_59' title="bbox 409 5583 1925 5658">
    <p class='ocr_par' dir='ltr' id='par_1_59' title="bbox 409 5583 1925 5658">
     <span class='ocr_line' id='line_1_59' title="bbox 409 5583 1925 5658; baseline -0.011 -9"><span class='ocrx_word' id='word_1_444' title='bbox 409 5597 438 5637; x_wconf 73' lang='grc' dir='ltr'><strong>ιο</strong></span> <span class='ocrx_word' id='word_1_445' title='bbox 459 5583 662 5658; x_wconf 67' lang='grc' dir='ltr'><strong>ιὶοίςιιῃ.</strong></span> <span class='ocrx_word' id='word_1_446' title='bbox 697 5591 950 5658; x_wconf 79' lang='grc' dir='ltr'><strong>’Δῤῥαϐίῳ.</strong></span> <span class='ocrx_word' id='word_1_447' title='bbox 993 5589 1125 5642; x_wconf 75' lang='grc' dir='ltr'><strong>εαιι.</strong></span> <span class='ocrx_word' id='word_1_448' title='bbox 1150 5589 1236 5647; x_wconf 79' lang='grc' dir='ltr'><strong>τὴν</strong></span> <span class='ocrx_word' id='word_1_449' title='bbox 1271 5592 1354 5653; x_wconf 79' lang='grc' dir='ltr'><strong>μὲν</strong></span> <span class='ocrx_word' id='word_1_450' title='bbox 1379 5590 1591 5655; x_wconf 75' lang='grc' dir='ltr'><strong>κάμινον·</strong></span> <span class='ocrx_word' id='word_1_451' title='bbox 1619 5585 1678 5636; x_wconf 76' lang='lat' dir='ltr'><strong>ab</strong></span> <span class='ocrx_word' id='word_1_452' title='bbox 1697 5583 1925 5636; x_wconf 84' lang='lat' dir='ltr'><strong>omnibus</strong></span> 
     </span>
    </p>
   </div>
   <div class='ocr_carea' id='block_1_60' title="bbox 347 5655 751 5714">
    <p class='ocr_par' dir='ltr' id='par_1_60' title="bbox 347 5655 751 5714">
     <span class='ocr_line' id='line_1_60' title="bbox 347 5655 751 5714; baseline -0.017 -5"><span class='ocrx_word' id='word_1_453' title='bbox 347 5670 463 5708; x_wconf 68' lang='lat' dir='ltr'><strong>mas.</strong></span> <span class='ocrx_word' id='word_1_454' title='bbox 489 5659 571 5714; x_wconf 77' lang='grc' dir='ltr'><strong>μέν</strong></span> <span class='ocrx_word' id='word_1_455' title='bbox 595 5655 751 5703; x_wconf 72' lang='lat' dir='ltr'><strong>abest.</strong></span> 
     </span>
    </p>
   </div>
   <div class='ocr_carea' id='block_1_61' title="bbox 413 5711 1366 5780">
    <p class='ocr_par' dir='ltr' id='par_1_61' title="bbox 413 5711 1366 5780">
     <span class='ocr_line' id='line_1_61' title="bbox 413 5711 1366 5780; baseline -0.007 -10"><span class='ocrx_word' id='word_1_456' title='bbox 413 5723 439 5752; x_wconf 77' lang='grc'><strong>⁸</strong></span> <span class='ocrx_word' id='word_1_457' title='bbox 466 5711 592 5770; x_wconf 78' lang='lat' dir='ltr'><strong>Tres</strong></span> <span class='ocrx_word' id='word_1_458' title='bbox 613 5730 728 5767; x_wconf 75' lang='lat' dir='ltr'><strong>mss.</strong></span> <span class='ocrx_word' id='word_1_459' title='bbox 752 5721 836 5776; x_wconf 79' lang='grc' dir='ltr'><strong>τῆς</strong></span> <span class='ocrx_word' id='word_1_460' title='bbox 858 5713 906 5763; x_wconf 80' lang='grc' dir='ltr'><strong>ἐν</strong></span> <span class='ocrx_word' id='word_1_461' title='bbox 927 5711 1186 5778; x_wconf 74' lang='grc' dir='ltr'><strong>τῇδιανοία</strong></span> <span class='ocrx_word' id='word_1_462' title='bbox 1205 5718 1261 5777; x_wconf 79' lang='grc' dir='ltr'><strong>τῇ</strong></span> <span class='ocrx_word' id='word_1_463' title='bbox 1287 5719 1366 5780; x_wconf 79' lang='grc' dir='ltr'><strong>σῇ.</strong></span> 
     </span>
    </p>
   </div>
   <div class='ocr_carea' id='block_1_62' title="bbox 1744 276 2129 339">
    <p class='ocr_par' dir='ltr' id='par_1_62' title="bbox 1744 276 2129 339">
     <span class='ocr_line' id='line_1_62' title="bbox 1744 276 2129 339; baseline 0.008 -3"><span class='ocrx_word' id='word_1_464' title='bbox 1744 276 2129 339; x_wconf 68' lang='lat' dir='ltr'><strong>EPISTOLE.</strong></span> 
     </span>
    </p>
   </div>
   <div class='ocr_carea' id='block_1_63' title="bbox 3434 287 3541 343">
    <p class='ocr_par' dir='ltr' id='par_1_63' title="bbox 3434 287 3541 343">
     <span class='ocr_line' id='line_1_63' title="bbox 3434 287 3541 343; baseline -0.009 -1"><span class='ocrx_word' id='word_1_465' title='bbox 3434 287 3541 343; x_wconf 76' lang='lat'><strong>676</strong></span> 
     </span>
    </p>
   </div>
   <div class='ocr_carea' id='block_1_64' title="bbox 1973 391 3551 468">
    <p class='ocr_par' dir='ltr' id='par_1_64' title="bbox 1973 391 3551 468">
     <span class='ocr_line' id='line_1_64' title="bbox 1973 391 3551 468; baseline 0.004 -23"><span class='ocrx_word' id='word_1_466' title='bbox 1973 391 2070 456; x_wconf 88' lang='grc' dir='ltr'><strong>δας</strong></span> <span class='ocrx_word' id='word_1_467' title='bbox 2095 391 2205 465; x_wconf 83' lang='grc' dir='ltr'><strong>γὰρ</strong></span> <span class='ocrx_word' id='word_1_468' title='bbox 2232 392 2426 465; x_wconf 80' lang='grc' dir='ltr'><strong>ἡλίκην</strong></span> <span class='ocrx_word' id='word_1_469' title='bbox 2452 394 2584 464; x_wconf 78' lang='grc' dir='ltr'><strong>ἡμῖν</strong></span> <span class='ocrx_word' id='word_1_470' title='bbox 2611 393 2803 456; x_wconf 82' lang='grc' dir='ltr'><strong>δώσεις</strong></span> <span class='ocrx_word' id='word_1_471' title='bbox 2827 391 2926 464; x_wconf 83' lang='grc' dir='ltr'><strong>τὴν</strong></span> <span class='ocrx_word' id='word_1_472' title='bbox 2951 395 3131 466; x_wconf 87' lang='grc' dir='ltr'><strong>χάριν.</strong></span> <span class='ocrx_word' id='word_1_473' title='bbox 3178 396 3395 468; x_wconf 77' lang='grc' dir='ltr'><strong>Ἐπειδὴ</strong></span> <span class='ocrx_word' id='word_1_474' title='bbox 3425 399 3551 452; x_wconf 73' lang='grc' dir='ltr'><strong>ἐκέ»-</strong></span> 
     </span>
    </p>
   </div>
   <div class='ocr_carea' id='block_1_65' title="bbox 1972 483 3549 561">
    <p class='ocr_par' dir='ltr' id='par_1_65' title="bbox 1972 483 3549 561">
     <span class='ocr_line' id='line_1_65' title="bbox 1972 483 3549 561; baseline 0.005 -24"><span class='ocrx_word' id='word_1_475' title='bbox 1972 483 2168 548; x_wconf 90' lang='grc' dir='ltr'><strong>λευσας</strong></span> <span class='ocrx_word' id='word_1_476' title='bbox 2195 485 2341 556; x_wconf 82' lang='grc' dir='ltr'><strong>ἡμᾶς</strong></span> <span class='ocrx_word' id='word_1_477' title='bbox 2363 488 2420 540; x_wconf 86' lang='grc' dir='ltr'><strong>ἐν</strong></span> <span class='ocrx_word' id='word_1_478' title='bbox 2451 489 2563 549; x_wconf 90' lang='grc' dir='ltr'><strong>τοῖς</strong></span> <span class='ocrx_word' id='word_1_479' title='bbox 2595 487 2706 549; x_wconf 90' lang='grc' dir='ltr'><strong>σοῖς</strong></span> <span class='ocrx_word' id='word_1_480' title='bbox 2733 484 3094 557; x_wconf 84' lang='grc' dir='ltr'><strong>καταχθῆναι,</strong></span> <span class='ocrx_word' id='word_1_481' title='bbox 3132 487 3313 552; x_wconf 85' lang='grc' dir='ltr'><strong>καθὼς</strong></span> <span class='ocrx_word' id='word_1_482' title='bbox 3347 489 3549 561; x_wconf 71' lang='grc' dir='ltr'><strong>ἔμαθον</strong></span> 
     </span>
    </p>
   </div>
   <div class='ocr_carea' id='block_1_66' title="bbox 1973 575 3552 647">
    <p class='ocr_par' dir='ltr' id='par_1_66' title="bbox 1973 575 3552 647">
     <span class='ocr_line' id='line_1_66' title="bbox 1973 575 3552 647; baseline 0.004 -18"><span class='ocrx_word' id='word_1_483' title='bbox 1973 575 2223 641; x_wconf 85' lang='grc' dir='ltr'><strong>ἐξελθὼν,</strong></span> <span class='ocrx_word' id='word_1_484' title='bbox 2249 576 2348 630; x_wconf 85' lang='grc' dir='ltr'><strong>οὐκ</strong></span> <span class='ocrx_word' id='word_1_485' title='bbox 2385 576 2464 630; x_wconf 81' lang='grc' dir='ltr'><strong>ἐτι</strong></span> <span class='ocrx_word' id='word_1_486' title='bbox 2503 575 2680 642; x_wconf 75' lang='grc' dir='ltr'><strong>ἔδοξεν</strong></span> <span class='ocrx_word' id='word_1_487' title='bbox 2719 577 2868 647; x_wconf 78' lang='grc' dir='ltr'><strong>ἡμᾶς</strong></span> <span class='ocrx_word' id='word_1_488' title='bbox 2895 578 2976 641; x_wconf 90' lang='grc' dir='ltr'><strong>είς</strong></span> <span class='ocrx_word' id='word_1_489' title='bbox 2999 578 3324 635; x_wconf 85' lang='grc' dir='ltr'><strong>Σεϐάστειαν</strong></span> <span class='ocrx_word' id='word_1_490' title='bbox 3357 582 3552 636; x_wconf 86' lang='grc' dir='ltr'><strong>ἀπενε-</strong></span> 
     </span>
    </p>
   </div>
   <div class='ocr_carea' id='block_1_67' title="bbox 1971 666 3551 743">
    <p class='ocr_par' dir='ltr' id='par_1_67' title="bbox 1971 666 3551 743">
     <span class='ocr_line' id='line_1_67' title="bbox 1971 666 3551 743; baseline 0.004 -23"><span class='ocrx_word' id='word_1_491' title='bbox 1971 666 2186 739; x_wconf 87' lang='grc' dir='ltr'><strong>χθῆναι,</strong></span> <span class='ocrx_word' id='word_1_492' title='bbox 2243 668 2357 723; x_wconf 87' lang='grc' dir='ltr'><strong>ἀλλ’</strong></span> <span class='ocrx_word' id='word_1_493' title='bbox 2391 671 2468 734; x_wconf 85' lang='grc' dir='ltr'><strong>είς</strong></span> <span class='ocrx_word' id='word_1_494' title='bbox 2510 669 2844 741; x_wconf 84' lang='grc' dir='ltr'><strong>ἐρημότατον</strong></span> <span class='ocrx_word' id='word_1_495' title='bbox 2894 670 3090 742; x_wconf 89' lang='grc' dir='ltr'><strong>χωρίον</strong></span> <span class='ocrx_word' id='word_1_496' title='bbox 3120 672 3218 741; x_wconf 88' lang='grc' dir='ltr'><strong>τῆς</strong></span> <span class='ocrx_word' id='word_1_497' title='bbox 3261 672 3551 743; x_wconf 82' lang='grc' dir='ltr'><strong>Ἀρμενίας</strong></span> 
     </span>
    </p>
   </div>
   <div class='ocr_carea' id='block_1_68' title="bbox 1972 760 3549 836">
    <p class='ocr_par' dir='ltr' id='par_1_68' title="bbox 1972 760 3549 836">
     <span class='ocr_line' id='line_1_68' title="bbox 1972 760 3549 836; baseline 0.003 -22"><span class='ocrx_word' id='word_1_498' title='bbox 1972 760 2301 823; x_wconf 81' lang='grc' dir='ltr'><strong>Κουκουσὸν,</strong></span> <span class='ocrx_word' id='word_1_499' title='bbox 2324 762 2420 815; x_wconf 67' lang='grc' dir='ltr'><strong>καὶ</strong></span> <span class='ocrx_word' id='word_1_500' title='bbox 2449 761 2863 832; x_wconf 85' lang='grc' dir='ltr'><strong>σφαλερώτατον</strong></span> <span class='ocrx_word' id='word_1_501' title='bbox 2898 766 2998 834; x_wconf 89' lang='grc' dir='ltr'><strong>τῆς</strong></span> <span class='ocrx_word' id='word_1_502' title='bbox 3024 762 3131 818; x_wconf 91' lang='grc' dir='ltr'><strong>τῶν</strong></span> <span class='ocrx_word' id='word_1_503' title='bbox 3147 763 3402 836; x_wconf 83' lang='grc' dir='ltr'><strong>Ἰσαύρων</strong></span> <span class='ocrx_word' id='word_1_504' title='bbox 3431 766 3549 819; x_wconf 69' lang='grc' dir='ltr'><strong>ἐπιο</strong></span> 
     </span>
    </p>
   </div>
   <div class='ocr_carea' id='block_1_69' title="bbox 1975 849 3548 929">
    <p class='ocr_par' dir='ltr' id='par_1_69' title="bbox 1975 849 3548 929">
     <span class='ocr_line' id='line_1_69' title="bbox 1975 849 3548 929; baseline 0.005 -27"><span class='ocrx_word' id='word_1_505' title='bbox 1975 849 2181 922; x_wconf 84' lang='grc' dir='ltr'><strong>δρομῆς</strong></span> <span class='ocrx_word' id='word_1_506' title='bbox 2237 851 2443 905; x_wconf 73' lang='grc' dir='ltr'><strong>ἕνεκεν.</strong></span> <span class='ocrx_word' id='word_1_507' title='bbox 2490 849 2663 922; x_wconf 85' lang='grc' dir='ltr'><strong>Χάριν</strong></span> <span class='ocrx_word' id='word_1_508' title='bbox 2697 852 2878 923; x_wconf 85' lang='grc' dir='ltr'><strong>μέντοι</strong></span> <span class='ocrx_word' id='word_1_509' title='bbox 2909 854 3064 925; x_wconf 75' lang='grc' dir='ltr'><strong>ἴσμεν</strong></span> <span class='ocrx_word' id='word_1_510' title='bbox 3093 859 3157 926; x_wconf 81' lang='grc' dir='ltr'><strong>τῇ</strong></span> <span class='ocrx_word' id='word_1_511' title='bbox 3189 856 3437 927; x_wconf 72' lang='grc' dir='ltr'><strong>εὐγενείᾳ</strong></span> <span class='ocrx_word' id='word_1_512' title='bbox 3483 860 3548 929; x_wconf 77' lang='grc' dir='ltr'><strong>τῇ</strong></span> 
     </span>
    </p>
   </div>
   <div class='ocr_carea' id='block_1_70' title="bbox 1978 940 3552 1016">
    <p class='ocr_par' dir='ltr' id='par_1_70' title="bbox 1978 940 3552 1016">
     <span class='ocr_line' id='line_1_70' title="bbox 1978 940 3552 1016; baseline 0.006 -23"><span class='ocrx_word' id='word_1_513' title='bbox 1978 944 2066 1011; x_wconf 83' lang='grc' dir='ltr'><strong>σῇ,</strong></span> <span class='ocrx_word' id='word_1_514' title='bbox 2089 940 2182 994; x_wconf 68' lang='grc' dir='ltr'><strong>καὶ</strong></span> <span class='ocrx_word' id='word_1_515' title='bbox 2207 941 2504 1012; x_wconf 85' lang='grc' dir='ltr'><strong>δεδέγμεθα</strong></span> <span class='ocrx_word' id='word_1_516' title='bbox 2533 943 2633 1013; x_wconf 77' lang='grc' dir='ltr'><strong>τὴν</strong></span> <span class='ocrx_word' id='word_1_517' title='bbox 2666 944 2852 1016; x_wconf 83' lang='grc' dir='ltr'><strong>τιμὴν,</strong></span> <span class='ocrx_word' id='word_1_518' title='bbox 2874 945 2956 999; x_wconf 84' lang='grc' dir='ltr'><strong>ὅτι</strong></span> <span class='ocrx_word' id='word_1_519' title='bbox 2981 946 3072 998; x_wconf 76' lang='grc' dir='ltr'><strong>καὶ</strong></span> <span class='ocrx_word' id='word_1_520' title='bbox 3108 947 3352 1001; x_wconf 71' lang='grc' dir='ltr'><strong>ἀπόντων</strong></span> <span class='ocrx_word' id='word_1_521' title='bbox 3378 947 3552 1011; x_wconf 77' lang='grc' dir='ltr'><strong>οὕτως</strong></span> 
     </span>
    </p>
   </div>
   <div class='ocr_carea' id='block_1_71' title="bbox 1977 1032 3549 1111">
    <p class='ocr_par' dir='ltr' id='par_1_71' title="bbox 1977 1032 3549 1111">
     <span class='ocr_line' id='line_1_71' title="bbox 1977 1032 3549 1111; baseline 0.006 -27"><span class='ocrx_word' id='word_1_522' title='bbox 1977 1032 2318 1104; x_wconf 83' lang='grc' dir='ltr'><strong>ἐφρόντισας.</strong></span> <span class='ocrx_word' id='word_1_523' title='bbox 2361 1034 2503 1088; x_wconf 82' lang='grc' dir='ltr'><strong>ὥστε</strong></span> <span class='ocrx_word' id='word_1_524' title='bbox 2561 1037 2882 1108; x_wconf 87' lang='grc' dir='ltr'><strong>εὐτρεπίσαι</strong></span> <span class='ocrx_word' id='word_1_525' title='bbox 2924 1038 2984 1091; x_wconf 77' lang='grc' dir='ltr'><strong>τὸ</strong></span> <span class='ocrx_word' id='word_1_526' title='bbox 3013 1039 3355 1108; x_wconf 85' lang='grc' dir='ltr'><strong>καταγώγιον</strong></span> <span class='ocrx_word' id='word_1_527' title='bbox 3398 1041 3549 1111; x_wconf 80' lang='grc' dir='ltr'><strong>ἡμῖν,</strong></span> 
     </span>
    </p>
   </div>
   <div class='ocr_carea' id='block_1_72' title="bbox 1977 1125 3552 1203">
    <p class='ocr_par' dir='ltr' id='par_1_72' title="bbox 1977 1125 3552 1203">
     <span class='ocr_line' id='line_1_72' title="bbox 1977 1125 3552 1203; baseline 0.004 -25"><span class='ocrx_word' id='word_1_528' title='bbox 1977 1125 2071 1178; x_wconf 79' lang='grc' dir='ltr'><strong>καὶ</strong></span> <span class='ocrx_word' id='word_1_529' title='bbox 2100 1127 2481 1198; x_wconf 85' lang='grc' dir='ltr'><strong>παρακαλέσαι</strong></span> <span class='ocrx_word' id='word_1_530' title='bbox 2500 1130 2560 1181; x_wconf 89' lang='grc' dir='ltr'><strong>ἐν</strong></span> <span class='ocrx_word' id='word_1_531' title='bbox 2589 1132 2701 1194; x_wconf 87' lang='grc' dir='ltr'><strong>τοῖς</strong></span> <span class='ocrx_word' id='word_1_532' title='bbox 2737 1133 2848 1194; x_wconf 81' lang='grc' dir='ltr'><strong>σοῖς</strong></span> <span class='ocrx_word' id='word_1_533' title='bbox 2873 1133 3020 1202; x_wconf 77' lang='grc' dir='ltr'><strong>ἡμᾶς</strong></span> <span class='ocrx_word' id='word_1_534' title='bbox 3041 1133 3396 1203; x_wconf 87' lang='grc' dir='ltr'><strong>καταχθῆναι.</strong></span> <span class='ocrx_word' id='word_1_535' title='bbox 3416 1133 3552 1186; x_wconf 78' lang='grc' dir='ltr'><strong>Ἀλλ’</strong></span> 
     </span>
    </p>
   </div>
   <div class='ocr_carea' id='block_1_73' title="bbox 1978 1211 3553 1295">
    <p class='ocr_par' dir='ltr' id='par_1_73' title="bbox 1978 1211 3553 1295">
     <span class='ocr_line' id='line_1_73' title="bbox 1978 1211 3553 1295; baseline 0.006 -27"><span class='ocrx_word' id='word_1_536' title='bbox 1978 1214 2032 1268; x_wconf 83' lang='grc' dir='ltr'><strong>εί</strong></span> <span class='ocrx_word' id='word_1_537' title='bbox 2049 1232 2194 1279; x_wconf 90' lang='grc' dir='ltr'><strong>τινες</strong></span> <span class='ocrx_word' id='word_1_538' title='bbox 2211 1211 2320 1270; x_wconf 75' lang='grc' dir='ltr'><strong>εῖέν</strong></span> <span class='ocrx_word' id='word_1_539' title='bbox 2356 1235 2436 1271; x_wconf 77' lang='grc' dir='ltr'><strong>σοι</strong></span> <span class='ocrx_word' id='word_1_540' title='bbox 2466 1219 2610 1288; x_wconf 86' lang='grc' dir='ltr'><strong>φίλοι</strong></span> <span class='ocrx_word' id='word_1_541' title='bbox 2649 1221 2793 1275; x_wconf 91' lang='grc' dir='ltr'><strong>κατά</strong></span> <span class='ocrx_word' id='word_1_542' title='bbox 2832 1223 2930 1293; x_wconf 82' lang='grc' dir='ltr'><strong>τὴν</strong></span> <span class='ocrx_word' id='word_1_543' title='bbox 2961 1223 3288 1295; x_wconf 84' lang='grc' dir='ltr'><strong>Κουκουσὸν,</strong></span> <span class='ocrx_word' id='word_1_544' title='bbox 3323 1224 3553 1290; x_wconf 83' lang='grc' dir='ltr'><strong>ἐκείνοις</strong></span> 
     </span>
    </p>
   </div>
   <div class='ocr_carea' id='block_1_74' title="bbox 1980 1307 2699 1384">
    <p class='ocr_par' dir='ltr' id='par_1_74' title="bbox 1980 1307 2699 1384">
     <span class='ocr_line' id='line_1_74' title="bbox 1980 1307 2699 1384; baseline 0.007 -25"><span class='ocrx_word' id='word_1_545' title='bbox 1980 1307 2276 1361; x_wconf 85' lang='grc' dir='ltr'><strong>ἐπιστεῖλαι</strong></span> <span class='ocrx_word' id='word_1_546' title='bbox 2297 1310 2699 1384; x_wconf 85' lang='grc' dir='ltr'><strong>παρακλήθητι.</strong></span> 
     </span>
    </p>
   </div>
   <div class='ocr_carea' id='block_1_75' title="bbox 2500 1404 3043 1474">
    <p class='ocr_par' dir='ltr' id='par_1_75' title="bbox 2500 1404 3043 1474">
     <span class='ocr_line' id='line_1_75' title="bbox 2500 1404 3043 1474; baseline 0.004 -16"><span class='ocrx_word' id='word_1_547' title='bbox 2500 1405 2682 1458; x_wconf 85' lang='lat' dir='ltr'><strong>PKB’.</strong></span> <span class='ocrx_word' id='word_1_548' title='bbox 2707 1404 3043 1474; x_wconf 77' lang='grc' dir='ltr'><strong>Μαρκιανῷ.</strong></span> 
     </span>
    </p>
   </div>
   <div class='ocr_carea' id='block_1_76' title="bbox 2049 1488 3558 1568">
    <p class='ocr_par' dir='ltr' id='par_1_76' title="bbox 2049 1488 3558 1568">
     <span class='ocr_line' id='line_1_76' title="bbox 2049 1488 3558 1568; baseline 0.005 -24"><span class='ocrx_word' id='word_1_549' title='bbox 2049 1489 2338 1564; x_wconf 87' lang='grc' dir='ltr'><strong>Μακάριος</strong></span> <span class='ocrx_word' id='word_1_550' title='bbox 2381 1488 2452 1559; x_wconf 77' lang='grc' dir='ltr'><strong>εί,</strong></span> <span class='ocrx_word' id='word_1_551' title='bbox 2509 1495 2603 1548; x_wconf 73' lang='grc' dir='ltr'><strong>καὶ</strong></span> <span class='ocrx_word' id='word_1_552' title='bbox 2657 1497 3092 1568; x_wconf 78' lang='grc' dir='ltr'><strong>τρισμακάριος,</strong></span> <span class='ocrx_word' id='word_1_553' title='bbox 3150 1497 3246 1551; x_wconf 65' lang='grc' dir='ltr'><strong>καὶ¹</strong></span> <span class='ocrx_word' id='word_1_554' title='bbox 3299 1496 3558 1562; x_wconf 84' lang='grc' dir='ltr'><strong>πολλάκις</strong></span> 
     </span>
    </p>
   </div>
   <div class='ocr_carea' id='block_1_77' title="bbox 1979 1581 3561 1660">
    <p class='ocr_par' dir='ltr' id='par_1_77' title="bbox 1979 1581 3561 1660">
     <span class='ocr_line' id='line_1_77' title="bbox 1979 1581 3561 1660; baseline 0.006 -27"><span class='ocrx_word' id='word_1_555' title='bbox 1979 1581 2156 1646; x_wconf 87' lang='grc' dir='ltr'><strong>τοῦτο,</strong></span> <span class='ocrx_word' id='word_1_556' title='bbox 2189 1583 2252 1636; x_wconf 88' lang='grc' dir='ltr'><strong>ἐν</strong></span> <span class='ocrx_word' id='word_1_557' title='bbox 2291 1583 2435 1638; x_wconf 75' lang='grc' dir='ltr'><strong>οὕτω</strong></span> <span class='ocrx_word' id='word_1_558' title='bbox 2471 1585 2701 1657; x_wconf 86' lang='grc' dir='ltr'><strong>χειμῶνι</strong></span> <span class='ocrx_word' id='word_1_559' title='bbox 2745 1586 2988 1657; x_wconf 78' lang='grc' dir='ltr'><strong>χαλεπῷ,</strong></span> <span class='ocrx_word' id='word_1_560' title='bbox 3035 1587 3132 1640; x_wconf 59' lang='grc' dir='ltr'><strong>καὶ⁸</strong></span> <span class='ocrx_word' id='word_1_561' title='bbox 3165 1587 3405 1660; x_wconf 80' lang='grc' dir='ltr'><strong>τοσαύτῃ</strong></span> <span class='ocrx_word' id='word_1_562' title='bbox 3451 1587 3561 1642; x_wconf 88' lang='grc' dir='ltr'><strong>τῶν</strong></span> 
     </span>
    </p>
   </div>
   <div class='ocr_carea' id='block_1_78' title="bbox 1981 1674 3562 1751">
    <p class='ocr_par' dir='ltr' id='par_1_78' title="bbox 1981 1674 3562 1751">
     <span class='ocr_line' id='line_1_78' title="bbox 1981 1674 3562 1751; baseline 0.007 -27"><span class='ocrx_word' id='word_1_563' title='bbox 1981 1674 2323 1745; x_wconf 87' lang='grc' dir='ltr'><strong>πραγμάτων</strong></span> <span class='ocrx_word' id='word_1_564' title='bbox 2339 1675 2500 1748; x_wconf 75' lang='grc' dir='ltr'><strong>ζάλῃ,</strong></span> <span class='ocrx_word' id='word_1_565' title='bbox 2518 1678 2784 1751; x_wconf 90' lang='grc' dir='ltr'><strong>τοσαύτην</strong></span> <span class='ocrx_word' id='word_1_566' title='bbox 2807 1679 3246 1750; x_wconf 77' lang='grc' dir='ltr'><strong>ἐπιδεικνύμενος</strong></span> <span class='ocrx_word' id='word_1_567' title='bbox 3278 1680 3562 1751; x_wconf 76' lang='grc' dir='ltr'><strong>περὶ’τοῦς</strong></span> 
     </span>
    </p>
   </div>
   <div class='ocr_carea' id='block_1_79' title="bbox 1980 1763 3562 1844">
    <p class='ocr_par' dir='ltr' id='par_1_79' title="bbox 1980 1763 3562 1844">
     <span class='ocr_line' id='line_1_79' title="bbox 1980 1763 3562 1844; baseline 0.006 -28"><span class='ocrx_word' id='word_1_568' title='bbox 1980 1763 2266 1835; x_wconf 82' lang='grc' dir='ltr'><strong>δεομένους</strong></span> <span class='ocrx_word' id='word_1_569' title='bbox 2318 1768 2740 1840; x_wconf 77' lang='grc' dir='ltr'><strong>μεγαλοψυχίαν.</strong></span> <span class='ocrx_word' id='word_1_570' title='bbox 2781 1771 2857 1824; x_wconf 85' lang='grc' dir='ltr'><strong>Οὐ</strong></span> <span class='ocrx_word' id='word_1_571' title='bbox 2895 1771 3004 1842; x_wconf 80' lang='grc' dir='ltr'><strong>γὰρ</strong></span> <span class='ocrx_word' id='word_1_572' title='bbox 3036 1771 3225 1826; x_wconf 82' lang='grc' dir='ltr'><strong>ἔλαθεν</strong></span> <span class='ocrx_word' id='word_1_573' title='bbox 3260 1774 3407 1843; x_wconf 82' lang='grc' dir='ltr'><strong>ἡμᾶς</strong></span> <span class='ocrx_word' id='word_1_574' title='bbox 3459 1775 3562 1844; x_wconf 83' lang='grc' dir='ltr'><strong>τῆς</strong></span> 
     </span>
    </p>
   </div>
   <div class='ocr_carea' id='block_1_80' title="bbox 1983 1855 3562 1932">
    <p class='ocr_par' dir='ltr' id='par_1_80' title="bbox 1983 1855 3562 1932">
     <span class='ocr_line' id='line_1_80' title="bbox 1983 1855 3562 1932; baseline 0.004 -23"><span class='ocrx_word' id='word_1_575' title='bbox 1983 1855 2390 1928; x_wconf 83' lang='grc' dir='ltr'><strong>φιλανθρωπίας</strong></span> <span class='ocrx_word' id='word_1_576' title='bbox 2420 1877 2512 1914; x_wconf 92' lang='grc' dir='ltr'><strong>σου</strong></span> <span class='ocrx_word' id='word_1_577' title='bbox 2541 1860 2603 1913; x_wconf 84' lang='grc' dir='ltr'><strong>τὸ</strong></span> <span class='ocrx_word' id='word_1_578' title='bbox 2639 1862 2868 1932; x_wconf 84' lang='grc' dir='ltr'><strong>μέγεθος</strong></span> <span class='ocrx_word' id='word_1_579' title='bbox 2887 1902 2902 1927; x_wconf 93' lang='grc'><strong>,</strong></span> <span class='ocrx_word' id='word_1_580' title='bbox 2941 1863 3033 1917; x_wconf 78' lang='grc' dir='ltr'><strong>καὶ</strong></span> <span class='ocrx_word' id='word_1_581' title='bbox 3058 1864 3140 1917; x_wconf 85' lang='grc' dir='ltr'><strong>ὄτι</strong></span> <span class='ocrx_word' id='word_1_582' title='bbox 3173 1864 3357 1926; x_wconf 82' lang='grc' dir='ltr'><strong>καινὸς</strong></span> <span class='ocrx_word' id='word_1_583' title='bbox 3389 1863 3562 1918; x_wconf 72' lang='grc' dir='ltr'><strong>ἅπασι</strong></span> 
     </span>
    </p>
   </div>
   <div class='ocr_carea' id='block_1_81' title="bbox 1982 1948 3563 2029">
    <p class='ocr_par' dir='ltr' id='par_1_81' title="bbox 1982 1948 3563 2029">
     <span class='ocr_line' id='line_1_81' title="bbox 1982 1948 3563 2029; baseline 0.006 -29"><span class='ocrx_word' id='word_1_584' title='bbox 1982 1948 2212 2017; x_wconf 82' lang='grc' dir='ltr'><strong>γέγονας</strong></span> <span class='ocrx_word' id='word_1_585' title='bbox 2226 1950 2410 2022; x_wconf 81' lang='grc' dir='ltr'><strong>λιμὴν,</strong></span> <span class='ocrx_word' id='word_1_586' title='bbox 2427 1953 2683 2025; x_wconf 78' lang='grc' dir='ltr'><strong>ὀρφανοῖς</strong></span> <span class='ocrx_word' id='word_1_587' title='bbox 2712 1955 3118 2026; x_wconf 87' lang='grc' dir='ltr'><strong>παριστάμενος</strong></span> <span class='ocrx_word' id='word_1_588' title='bbox 3134 1955 3186 2019; x_wconf 75' lang='grc' dir='ltr'><strong>ἀ,</strong></span> <span class='ocrx_word' id='word_1_589' title='bbox 3200 1958 3375 2029; x_wconf 84' lang='grc' dir='ltr'><strong>χήρας</strong></span> <span class='ocrx_word' id='word_1_590' title='bbox 3397 1959 3563 2012; x_wconf 80' lang='grc' dir='ltr'><strong>παντὶ</strong></span> 
     </span>
    </p>
   </div>
   <div class='ocr_carea' id='block_1_82' title="bbox 1983 2039 3562 2119">
    <p class='ocr_par' dir='ltr' id='par_1_82' title="bbox 1983 2039 3562 2119">
     <span class='ocr_line' id='line_1_82' title="bbox 1983 2039 3562 2119; baseline 0.008 -28"><span class='ocrx_word' id='word_1_591' title='bbox 1983 2039 2171 2110; x_wconf 87' lang='grc' dir='ltr'><strong>τρόπῳ</strong></span> <span class='ocrx_word' id='word_1_592' title='bbox 2221 2043 2734 2114; x_wconf 87' lang='grc' dir='ltr'><strong>παραμυθούμενος,</strong></span> <span class='ocrx_word' id='word_1_593' title='bbox 2769 2046 2975 2117; x_wconf 83' lang='grc' dir='ltr'><strong>ἀνέχων</strong></span> <span class='ocrx_word' id='word_1_594' title='bbox 3017 2048 3196 2102; x_wconf 89' lang='grc' dir='ltr'><strong>αὐτῶν</strong></span> <span class='ocrx_word' id='word_1_595' title='bbox 3221 2049 3317 2119; x_wconf 82' lang='grc' dir='ltr'><strong>τὴν</strong></span> <span class='ocrx_word' id='word_1_596' title='bbox 3347 2049 3562 2115; x_wconf 88' lang='grc' dir='ltr'><strong>πενίαν,</strong></span> 
     </span>
    </p>
   </div>
   <div class='ocr_carea' id='block_1_83' title="bbox 1983 2132 3565 2212">
    <p class='ocr_par' dir='ltr' id='par_1_83' title="bbox 1983 2132 3565 2212">
     <span class='ocr_line' id='line_1_83' title="bbox 1983 2132 3565 2212; baseline 0.006 -26"><span class='ocrx_word' id='word_1_597' title='bbox 1983 2132 2366 2204; x_wconf 86' lang='grc' dir='ltr'><strong>διορθούμενος</strong></span> <span class='ocrx_word' id='word_1_598' title='bbox 2392 2135 2490 2207; x_wconf 86' lang='grc' dir='ltr'><strong>τὴν</strong></span> <span class='ocrx_word' id='word_1_599' title='bbox 2511 2137 2806 2208; x_wconf 89' lang='grc' dir='ltr'><strong>πτωχείαν,</strong></span> <span class='ocrx_word' id='word_1_600' title='bbox 2821 2139 2942 2192; x_wconf 81' lang='grc' dir='ltr'><strong>οὐδὲ</strong></span> <span class='ocrx_word' id='word_1_601' title='bbox 2962 2139 3212 2211; x_wconf 82' lang='grc' dir='ltr'><strong>αἴσθησιν</strong></span> <span class='ocrx_word' id='word_1_602' title='bbox 3227 2141 3406 2209; x_wconf 72' lang='grc' dir='ltr'><strong>ἀφιεὶς</strong></span> <span class='ocrx_word' id='word_1_603' title='bbox 3424 2142 3565 2212; x_wconf 90' lang='grc' dir='ltr'><strong>λαμ-</strong></span> 
     </span>
    </p>
   </div>
   <div class='ocr_carea' id='block_1_84' title="bbox 1985 2226 3565 2302">
    <p class='ocr_par' dir='ltr' id='par_1_84' title="bbox 1985 2226 3565 2302">
     <span class='ocr_line' id='line_1_84' title="bbox 1985 2226 3565 2302; baseline 0.005 -22"><span class='ocrx_word' id='word_1_604' title='bbox 1985 2227 2172 2280; x_wconf 87' lang='grc' dir='ltr'><strong>ϐάνειν</strong></span> <span class='ocrx_word' id='word_1_605' title='bbox 2204 2226 2304 2297; x_wconf 86' lang='grc' dir='ltr'><strong>τῆς</strong></span> <span class='ocrx_word' id='word_1_606' title='bbox 2349 2230 2711 2301; x_wconf 87' lang='grc' dir='ltr'><strong>στενοχωρίας</strong></span> <span class='ocrx_word' id='word_1_607' title='bbox 2749 2230 2972 2302; x_wconf 90' lang='grc' dir='ltr'><strong>ταύτης,</strong></span> <span class='ocrx_word' id='word_1_608' title='bbox 3003 2231 3118 2286; x_wconf 85' lang='grc' dir='ltr'><strong>ἀλλ’</strong></span> <span class='ocrx_word' id='word_1_609' title='bbox 3174 2232 3295 2286; x_wconf 82' lang='grc' dir='ltr'><strong>ἀντὶ</strong></span> <span class='ocrx_word' id='word_1_610' title='bbox 3347 2234 3565 2288; x_wconf 89' lang='grc' dir='ltr'><strong>πάντων</strong></span> 
     </span>
    </p>
   </div>
   <div class='ocr_carea' id='block_1_85' title="bbox 1983 2315 3566 2394">
    <p class='ocr_par' dir='ltr' id='par_1_85' title="bbox 1983 2315 3566 2394">
     <span class='ocr_line' id='line_1_85' title="bbox 1983 2315 3566 2394; baseline 0.006 -27"><span class='ocrx_word' id='word_1_611' title='bbox 1983 2315 2168 2378; x_wconf 87' lang='grc' dir='ltr'><strong>αὐτοῖς</strong></span> <span class='ocrx_word' id='word_1_612' title='bbox 2221 2315 2524 2387; x_wconf 82' lang='grc' dir='ltr'><strong>γινόμενος,</strong></span> <span class='ocrx_word' id='word_1_613' title='bbox 2561 2320 2657 2372; x_wconf 76' lang='grc' dir='ltr'><strong>καὶ</strong></span> <span class='ocrx_word' id='word_1_614' title='bbox 2709 2319 2881 2391; x_wconf 90' lang='grc' dir='ltr'><strong>δῆμον</strong></span> <span class='ocrx_word' id='word_1_615' title='bbox 2918 2320 3212 2393; x_wconf 88' lang='grc' dir='ltr'><strong>ὀλόκληρον</strong></span> <span class='ocrx_word' id='word_1_616' title='bbox 3263 2322 3566 2394; x_wconf 84' lang='grc' dir='ltr'><strong>διατρέφων</strong></span> 
     </span>
    </p>
   </div>
   <div class='ocr_carea' id='block_1_86' title="bbox 1988 2408 3565 2480">
    <p class='ocr_par' dir='ltr' id='par_1_86' title="bbox 1988 2408 3565 2480">
     <span class='ocr_line' id='line_1_86' title="bbox 1988 2408 3565 2480; baseline 0.006 -21"><span class='ocrx_word' id='word_1_617' title='bbox 1988 2408 2144 2478; x_wconf 86' lang='grc' dir='ltr'><strong>σίτῳ,</strong></span> <span class='ocrx_word' id='word_1_618' title='bbox 2175 2408 2268 2462; x_wconf 75' lang='grc' dir='ltr'><strong>καὶ</strong></span> <span class='ocrx_word' id='word_1_619' title='bbox 2301 2408 2449 2479; x_wconf 71' lang='grc' dir='ltr'><strong>οἴνῳ,</strong></span> <span class='ocrx_word' id='word_1_620' title='bbox 2488 2408 2584 2462; x_wconf 68' lang='grc' dir='ltr'><strong>καὶ</strong></span> <span class='ocrx_word' id='word_1_621' title='bbox 2628 2410 2813 2480; x_wconf 82' lang='grc' dir='ltr'><strong>ἐλαίῳ,</strong></span> <span class='ocrx_word' id='word_1_622' title='bbox 2857 2411 2954 2463; x_wconf 66' lang='grc' dir='ltr'><strong>καὶ</strong></span> <span class='ocrx_word' id='word_1_623' title='bbox 2980 2415 3092 2474; x_wconf 89' lang='grc' dir='ltr'><strong>τοῖς</strong></span> <span class='ocrx_word' id='word_1_624' title='bbox 3131 2412 3311 2473; x_wconf 77' lang='grc' dir='ltr'><strong>ἄλλοις</strong></span> <span class='ocrx_word' id='word_1_625' title='bbox 3343 2414 3565 2468; x_wconf 72' lang='grc' dir='ltr'><strong>ἅπασιν.</strong></span> 
     </span>
    </p>
   </div>
   <div class='ocr_carea' id='block_1_87' title="bbox 1999 2496 3566 2577">
    <p class='ocr_par' dir='ltr' id='par_1_87' title="bbox 1999 2496 3566 2577">
     <span class='ocr_line' id='line_1_87' title="bbox 1999 2496 3566 2577; baseline 0.006 -27"><span class='ocrx_word' id='word_1_626' title='bbox 1999 2496 2058 2551; x_wconf 84' lang='grc'><strong>’0</strong></span> <span class='ocrx_word' id='word_1_627' title='bbox 2081 2498 2212 2564; x_wconf 86' lang='grc' dir='ltr'><strong>Θεός</strong></span> <span class='ocrx_word' id='word_1_628' title='bbox 2239 2516 2321 2552; x_wconf 89' lang='grc' dir='ltr'><strong>σοι</strong></span> <span class='ocrx_word' id='word_1_629' title='bbox 2346 2499 2439 2553; x_wconf 78' lang='grc' dir='ltr'><strong>τὸν</strong></span> <span class='ocrx_word' id='word_1_630' title='bbox 2496 2500 2685 2571; x_wconf 84' lang='grc' dir='ltr'><strong>μισθὸν</strong></span> <span class='ocrx_word' id='word_1_631' title='bbox 2719 2503 2906 2574; x_wconf 87' lang='grc' dir='ltr'><strong>ἀποδῷ</strong></span> <span class='ocrx_word' id='word_1_632' title='bbox 2947 2515 2972 2544; x_wconf 81' lang='grc' dir='ltr'><strong><em>ο</em></strong></span> <span class='ocrx_word' id='word_1_633' title='bbox 3005 2505 3100 2558; x_wconf 76' lang='grc' dir='ltr'><strong>καὶ</strong></span> <span class='ocrx_word' id='word_1_634' title='bbox 3130 2506 3190 2559; x_wconf 83' lang='grc' dir='ltr'><strong>ἐν</strong></span> <span class='ocrx_word' id='word_1_635' title='bbox 3234 2504 3312 2576; x_wconf 86' lang='grc' dir='ltr'><strong>τῷ</strong></span> <span class='ocrx_word' id='word_1_636' title='bbox 3339 2506 3566 2577; x_wconf 88' lang='grc' dir='ltr'><strong>παρόντι</strong></span> 
     </span>
    </p>
   </div>
   <div class='ocr_carea' id='block_1_88' title="bbox 1991 2589 3568 2666">
    <p class='ocr_par' dir='ltr' id='par_1_88' title="bbox 1991 2589 3568 2666">
     <span class='ocr_line' id='line_1_88' title="bbox 1991 2589 3568 2666; baseline 0.005 -24"><span class='ocrx_word' id='word_1_637' title='bbox 1991 2589 2092 2662; x_wconf 86' lang='grc' dir='ltr'><strong>βίῳ</strong></span> <span class='ocrx_word' id='word_1_638' title='bbox 2117 2591 2210 2644; x_wconf 71' lang='grc' dir='ltr'><strong>καὶ</strong></span> <span class='ocrx_word' id='word_1_639' title='bbox 2236 2593 2294 2644; x_wconf 88' lang='grc' dir='ltr'><strong>ἐν</strong></span> <span class='ocrx_word' id='word_1_640' title='bbox 2319 2592 2395 2663; x_wconf 83' lang='grc' dir='ltr'><strong>τῷ</strong></span> <span class='ocrx_word' id='word_1_641' title='bbox 2425 2592 2672 2663; x_wconf 83' lang='grc' dir='ltr'><strong>μέλλοντι</strong></span> <span class='ocrx_word' id='word_1_642' title='bbox 2693 2594 2854 2648; x_wconf 88' lang='grc' dir='ltr'><strong>αίῶνι</strong></span> <span class='ocrx_word' id='word_1_643' title='bbox 2879 2596 2978 2666; x_wconf 87' lang='grc' dir='ltr'><strong>τῆς</strong></span> <span class='ocrx_word' id='word_1_644' title='bbox 3011 2595 3410 2666; x_wconf 80' lang='grc' dir='ltr'><strong>μεγαλοψυχίας</strong></span> <span class='ocrx_word' id='word_1_645' title='bbox 3434 2598 3568 2650; x_wconf 85' lang='grc' dir='ltr'><strong>ταύ-</strong></span> 
     </span>
    </p>
   </div>
   <div class='ocr_carea' id='block_1_89' title="bbox 1987 2682 3570 2759">
    <p class='ocr_par' dir='ltr' id='par_1_89' title="bbox 1987 2682 3570 2759">
     <span class='ocr_line' id='line_1_89' title="bbox 1987 2682 3570 2759; baseline 0.004 -24"><span class='ocrx_word' id='word_1_646' title='bbox 1987 2699 2109 2754; x_wconf 87' lang='grc' dir='ltr'><strong>της,</strong></span> <span class='ocrx_word' id='word_1_647' title='bbox 2145 2683 2240 2753; x_wconf 87' lang='grc' dir='ltr'><strong>τῆς</strong></span> <span class='ocrx_word' id='word_1_648' title='bbox 2283 2682 2582 2753; x_wconf 78' lang='grc' dir='ltr'><strong>δαψιλείας,</strong></span> <span class='ocrx_word' id='word_1_649' title='bbox 2607 2684 2708 2754; x_wconf 83' lang='grc' dir='ltr'><strong>τῆς</strong></span> <span class='ocrx_word' id='word_1_650' title='bbox 2737 2685 3065 2756; x_wconf 87' lang='grc' dir='ltr'><strong>προθυμίας,</strong></span> <span class='ocrx_word' id='word_1_651' title='bbox 3096 2687 3190 2740; x_wconf 91' lang='grc' dir='ltr'><strong>τοῦ</strong></span> <span class='ocrx_word' id='word_1_652' title='bbox 3235 2685 3422 2758; x_wconf 77' lang='grc' dir='ltr'><strong>ζήλου,</strong></span> <span class='ocrx_word' id='word_1_653' title='bbox 3469 2688 3570 2759; x_wconf 83' lang='grc' dir='ltr'><strong>τῆς</strong></span> 
     </span>
    </p>
   </div>
   <div class='ocr_carea' id='block_1_90' title="bbox 1989 2773 3568 2850">
    <p class='ocr_par' dir='ltr' id='par_1_90' title="bbox 1989 2773 3568 2850">
     <span class='ocr_line' id='line_1_90' title="bbox 1989 2773 3568 2850; baseline 0.004 -23"><span class='ocrx_word' id='word_1_654' title='bbox 1989 2773 2414 2844; x_wconf 82' lang='grc' dir='ltr'><strong>φιλοπτωχείας,</strong></span> <span class='ocrx_word' id='word_1_655' title='bbox 2463 2775 2561 2846; x_wconf 84' lang='grc' dir='ltr'><strong>τῆς</strong></span> <span class='ocrx_word' id='word_1_656' title='bbox 2622 2775 2852 2845; x_wconf 85' lang='grc' dir='ltr'><strong>γνησίας</strong></span> <span class='ocrx_word' id='word_1_657' title='bbox 2907 2776 3157 2848; x_wconf 74' lang='grc' dir='ltr'><strong>ἀγάπηςο</strong></span> <span class='ocrx_word' id='word_1_658' title='bbox 3210 2778 3303 2831; x_wconf 77' lang='grc' dir='ltr'><strong>καὶ</strong></span> <span class='ocrx_word' id='word_1_659' title='bbox 3347 2780 3457 2850; x_wconf 84' lang='grc' dir='ltr'><strong>γάρ</strong></span> <span class='ocrx_word' id='word_1_660' title='bbox 3509 2783 3568 2834; x_wconf 92' lang='grc' dir='ltr'><strong>ἐν</strong></span> 
     </span>
    </p>
   </div>
   <div class='ocr_carea' id='block_1_91' title="bbox 1989 2864 3569 2940">
    <p class='ocr_par' dir='ltr' id='par_1_91' title="bbox 1989 2864 3569 2940">
     <span class='ocr_line' id='line_1_91' title="bbox 1989 2864 3569 2940; baseline 0.003 -22"><span class='ocrx_word' id='word_1_661' title='bbox 1989 2865 2160 2919; x_wconf 77' lang='grc' dir='ltr'><strong>ἅπασι</strong></span> <span class='ocrx_word' id='word_1_662' title='bbox 2203 2864 2412 2928; x_wconf 87' lang='grc' dir='ltr'><strong>τούτοις</strong></span> <span class='ocrx_word' id='word_1_663' title='bbox 2446 2864 2630 2935; x_wconf 87' lang='grc' dir='ltr'><strong>βρύεις</strong></span> <span class='ocrx_word' id='word_1_664' title='bbox 2684 2867 2778 2923; x_wconf 78' lang='grc' dir='ltr'><strong>καὶ</strong></span> <span class='ocrx_word' id='word_1_665' title='bbox 2820 2869 3026 2939; x_wconf 77' lang='grc' dir='ltr'><strong>κομᾷς,</strong></span> <span class='ocrx_word' id='word_1_666' title='bbox 3081 2868 3312 2939; x_wconf 82' lang='grc' dir='ltr'><strong>μέγιστα</strong></span> <span class='ocrx_word' id='word_1_667' title='bbox 3357 2869 3569 2940; x_wconf 87' lang='grc' dir='ltr'><strong>σεαυτῷ</strong></span> 
     </span>
    </p>
   </div>
   <div class='ocr_carea' id='block_1_92' title="bbox 1989 2954 3571 3028">
    <p class='ocr_par' dir='ltr' id='par_1_92' title="bbox 1989 2954 3571 3028">
     <span class='ocr_line' id='line_1_92' title="bbox 1989 2954 3571 3028; baseline 0.003 -20"><span class='ocrx_word' id='word_1_668' title='bbox 1989 2955 2379 3025; x_wconf 83' lang='grc' dir='ltr'><strong>ἀποτιθέμενος</strong></span> <span class='ocrx_word' id='word_1_669' title='bbox 2406 2961 2427 3001; x_wconf 74' lang='grc' dir='ltr'><em>ι</em></span> <span class='ocrx_word' id='word_1_670' title='bbox 2467 2954 2694 3025; x_wconf 83' lang='grc' dir='ltr'><strong>βραϐεῖα</strong></span> <span class='ocrx_word' id='word_1_671' title='bbox 2718 2957 2778 3010; x_wconf 90' lang='grc' dir='ltr'><strong>ἐν</strong></span> <span class='ocrx_word' id='word_1_672' title='bbox 2805 2956 2883 3028; x_wconf 87' lang='grc' dir='ltr'>τῷ</span> <span class='ocrx_word' id='word_1_673' title='bbox 2911 2957 3155 3028; x_wconf 84' lang='grc' dir='ltr'><strong>μέλλοντι</strong></span> <span class='ocrx_word' id='word_1_674' title='bbox 3185 2955 3362 3012; x_wconf 84' lang='grc' dir='ltr'><strong>άίῶνι.</strong></span> <span class='ocrx_word' id='word_1_675' title='bbox 3385 2959 3571 3013; x_wconf 88' lang='grc' dir='ltr'><strong>Ταῦτα</strong></span> 
     </span>
    </p>
   </div>
   <div class='ocr_carea' id='block_1_93' title="bbox 1992 3046 3574 3122">
    <p class='ocr_par' dir='ltr' id='par_1_93' title="bbox 1992 3046 3574 3122">
     <span class='ocr_line' id='line_1_93' title="bbox 1992 3046 3574 3122; baseline 0.003 -23"><span class='ocrx_word' id='word_1_676' title='bbox 1992 3046 2086 3099; x_wconf 73' lang='grc' dir='ltr'><strong>καὶ</strong></span> <span class='ocrx_word' id='word_1_677' title='bbox 2113 3047 2273 3116; x_wconf 88' lang='grc' dir='ltr'><strong>ήμεῖς</strong></span> <span class='ocrx_word' id='word_1_678' title='bbox 2320 3046 2678 3117; x_wconf 87' lang='grc' dir='ltr'><strong>μανθάνοντες</strong></span> <span class='ocrx_word' id='word_1_679' title='bbox 2714 3049 2772 3101; x_wconf 91' lang='grc' dir='ltr'><strong>ἐν</strong></span> <span class='ocrx_word' id='word_1_680' title='bbox 2812 3049 3020 3120; x_wconf 76' lang='grc' dir='ltr'><strong>ἐρημία</strong></span> <span class='ocrx_word' id='word_1_681' title='bbox 3057 3049 3292 3122; x_wconf 86' lang='grc' dir='ltr'><strong>τοσαύτῃ</strong></span> <span class='ocrx_word' id='word_1_682' title='bbox 3336 3050 3574 3122; x_wconf 81' lang='grc' dir='ltr'><strong>καθήμε-</strong></span> 
     </span>
    </p>
   </div>
   <div class='ocr_carea' id='block_1_94' title="bbox 1993 3137 3571 3214">
    <p class='ocr_par' dir='ltr' id='par_1_94' title="bbox 1993 3137 3571 3214">
     <span class='ocr_line' id='line_1_94' title="bbox 1993 3137 3571 3214; baseline 0.004 -24"><span class='ocrx_word' id='word_1_683' title='bbox 1993 3153 2105 3200; x_wconf 89' lang='grc' dir='ltr'><strong>νοι,</strong></span> <span class='ocrx_word' id='word_1_684' title='bbox 2149 3137 2245 3190; x_wconf 79' lang='grc' dir='ltr'><strong>καὶ</strong></span> <span class='ocrx_word' id='word_1_685' title='bbox 2294 3137 2522 3200; x_wconf 84' lang='grc' dir='ltr'><strong>πολλαῖς</strong></span> <span class='ocrx_word' id='word_1_686' title='bbox 2566 3137 2926 3209; x_wconf 85' lang='grc' dir='ltr'><strong>κυκλούμενοι</strong></span> <span class='ocrx_word' id='word_1_687' title='bbox 2982 3141 3366 3212; x_wconf 76' lang='grc' dir='ltr'><strong>περιστάσεσιο</strong></span> <span class='ocrx_word' id='word_1_688' title='bbox 3417 3141 3571 3214; x_wconf 77' lang='lat'><strong>[663]</strong></span> 
     </span>
    </p>
   </div>
   <div class='ocr_carea' id='block_1_95' title="bbox 1995 3226 3571 3305">
    <p class='ocr_par' dir='ltr' id='par_1_95' title="bbox 1995 3226 3571 3305">
     <span class='ocr_line' id='line_1_95' title="bbox 1995 3226 3571 3305; baseline 0.004 -25"><span class='ocrx_word' id='word_1_689' title='bbox 1995 3227 2090 3281; x_wconf 81' lang='grc' dir='ltr'><strong>καὶ</strong></span> <span class='ocrx_word' id='word_1_690' title='bbox 2132 3227 2241 3299; x_wconf 87' lang='grc' dir='ltr'><strong>γὰρ</strong></span> <span class='ocrx_word' id='word_1_691' title='bbox 2291 3226 2592 3299; x_wconf 85' lang='grc' dir='ltr'><strong>Ἰσαυρικοῦ</strong></span> <span class='ocrx_word' id='word_1_692' title='bbox 2642 3228 2807 3298; x_wconf 88' lang='grc' dir='ltr'><strong>φόϐου</strong></span> <span class='ocrx_word' id='word_1_693' title='bbox 2853 3229 3168 3303; x_wconf 89' lang='grc' dir='ltr'><strong>πολιορκία,</strong></span> <span class='ocrx_word' id='word_1_694' title='bbox 3221 3233 3316 3286; x_wconf 72' lang='grc' dir='ltr'><strong>καὶ</strong></span> <span class='ocrx_word' id='word_1_695' title='bbox 3369 3233 3571 3305; x_wconf 90' lang='grc' dir='ltr'><strong>χωρίου</strong></span> 
     </span>
    </p>
   </div>
   <div class='ocr_carea' id='block_1_96' title="bbox 1995 3317 3570 3390">
    <p class='ocr_par' dir='ltr' id='par_1_96' title="bbox 1995 3317 3570 3390">
     <span class='ocr_line' id='line_1_96' title="bbox 1995 3317 3570 3390; baseline 0.003 -20"><span class='ocrx_word' id='word_1_696' title='bbox 1995 3317 2221 3389; x_wconf 85' lang='grc' dir='ltr'><strong>ἐρημία,</strong></span> <span class='ocrx_word' id='word_1_697' title='bbox 2262 3319 2356 3371; x_wconf 77' lang='grc' dir='ltr'><strong>καὶ</strong></span> <span class='ocrx_word' id='word_1_698' title='bbox 2398 3317 2664 3388; x_wconf 84' lang='grc' dir='ltr'><strong>χειμῶνος</strong></span> <span class='ocrx_word' id='word_1_699' title='bbox 2696 3319 2996 3390; x_wconf 85' lang='grc' dir='ltr'><strong>σφοδρότης</strong></span> <span class='ocrx_word' id='word_1_700' title='bbox 3027 3322 3176 3390; x_wconf 75' lang='grc' dir='ltr'><strong>ἡμᾶς</strong></span> <span class='ocrx_word' id='word_1_701' title='bbox 3209 3320 3410 3374; x_wconf 73' lang='grc' dir='ltr'><strong>θλίϐειο</strong></span> <span class='ocrx_word' id='word_1_702' title='bbox 3454 3321 3570 3375; x_wconf 77' lang='grc' dir='ltr'><strong>ἀλλ’</strong></span> 
     </span>
    </p>
   </div>
   <div class='ocr_carea' id='block_1_97' title="bbox 1994 3406 3573 3483">
    <p class='ocr_par' dir='ltr' id='par_1_97' title="bbox 1994 3406 3573 3483">
     <span class='ocr_line' id='line_1_97' title="bbox 1994 3406 3573 3483; baseline 0.003 -21"><span class='ocrx_word' id='word_1_703' title='bbox 1994 3408 2145 3478; x_wconf 85' lang='grc' dir='ltr'><strong>ὅμως</strong></span> <span class='ocrx_word' id='word_1_704' title='bbox 2185 3406 2361 3462; x_wconf 87' lang='grc' dir='ltr'><strong>ταῦτα</strong></span> <span class='ocrx_word' id='word_1_705' title='bbox 2414 3407 2703 3473; x_wconf 88' lang='grc' dir='ltr'><strong>ἀκούοντες</strong></span> <span class='ocrx_word' id='word_1_706' title='bbox 2747 3410 2880 3481; x_wconf 79' lang='grc' dir='ltr'><strong>περὶ</strong></span> <span class='ocrx_word' id='word_1_707' title='bbox 2927 3411 3025 3482; x_wconf 89' lang='grc' dir='ltr'><strong>τῆς</strong></span> <span class='ocrx_word' id='word_1_708' title='bbox 3077 3411 3178 3482; x_wconf 80' lang='grc' dir='ltr'><strong>σῆς</strong></span> <span class='ocrx_word' id='word_1_709' title='bbox 3227 3413 3573 3483; x_wconf 83' lang='grc' dir='ltr'><strong>τιμιότητος,</strong></span> 
     </span>
    </p>
   </div>
   <div class='ocr_carea' id='block_1_98' title="bbox 1995 3497 3572 3573">
    <p class='ocr_par' dir='ltr' id='par_1_98' title="bbox 1995 3497 3572 3573">
     <span class='ocr_line' id='line_1_98' title="bbox 1995 3497 3572 3573; baseline 0.003 -22"><span class='ocrx_word' id='word_1_710' title='bbox 1995 3498 2118 3552; x_wconf 86' lang='grc' dir='ltr'><strong>οὐδέ</strong></span> <span class='ocrx_word' id='word_1_711' title='bbox 2167 3497 2416 3569; x_wconf 76' lang='grc' dir='ltr'><strong>αἴσθησιν</strong></span> <span class='ocrx_word' id='word_1_712' title='bbox 2472 3498 2680 3551; x_wconf 84' lang='grc' dir='ltr'><strong>τούτων</strong></span> <span class='ocrx_word' id='word_1_713' title='bbox 2729 3497 3078 3570; x_wconf 88' lang='grc' dir='ltr'><strong>λαμϐάνομεν</strong></span> <span class='ocrx_word' id='word_1_714' title='bbox 3131 3500 3241 3554; x_wconf 88' lang='grc' dir='ltr'><strong>τῶν</strong></span> <span class='ocrx_word' id='word_1_715' title='bbox 3292 3502 3572 3573; x_wconf 87' lang='grc' dir='ltr'><strong>λυπηρῶν,</strong></span> 
     </span>
    </p>
   </div>
   <div class='ocr_carea' id='block_1_99' title="bbox 1995 3589 3576 3664">
    <p class='ocr_par' dir='ltr' id='par_1_99' title="bbox 1995 3589 3576 3664">
     <span class='ocr_line' id='line_1_99' title="bbox 1995 3589 3576 3664; baseline 0.001 -20"><span class='ocrx_word' id='word_1_716' title='bbox 1995 3589 2133 3644; x_wconf 90' lang='grc' dir='ltr'><strong>ἀλλά</strong></span> <span class='ocrx_word' id='word_1_717' title='bbox 2161 3589 2256 3644; x_wconf 73' lang='grc' dir='ltr'><strong>καὶ</strong></span> <span class='ocrx_word' id='word_1_718' title='bbox 2283 3590 2483 3662; x_wconf 83' lang='grc' dir='ltr'><strong>πολλὴν</strong></span> <span class='ocrx_word' id='word_1_719' title='bbox 2508 3589 2868 3662; x_wconf 86' lang='grc' dir='ltr'><strong>καρπούμεθα</strong></span> <span class='ocrx_word' id='word_1_720' title='bbox 2894 3592 2994 3662; x_wconf 83' lang='grc' dir='ltr'><strong>τὴν</strong></span> <span class='ocrx_word' id='word_1_721' title='bbox 3019 3592 3384 3664; x_wconf 83' lang='grc' dir='ltr'><strong>παράκλησιν,</strong></span> <span class='ocrx_word' id='word_1_722' title='bbox 3421 3610 3576 3664; x_wconf 82' lang='grc' dir='ltr'><strong>σκιρ-</strong></span> 
     </span>
    </p>
   </div>
   <div class='ocr_carea' id='block_1_100' title="bbox 1996 3679 3573 3754">
    <p class='ocr_par' dir='ltr' id='par_1_100' title="bbox 1996 3679 3573 3754">
     <span class='ocr_line' id='line_1_100' title="bbox 1996 3679 3573 3754; baseline 0.001 -20"><span class='ocrx_word' id='word_1_723' title='bbox 1996 3679 2217 3747; x_wconf 87' lang='grc' dir='ltr'><strong>τῶντες,</strong></span> <span class='ocrx_word' id='word_1_724' title='bbox 2259 3681 2692 3754; x_wconf 88' lang='grc' dir='ltr'><strong>εὐφραινόμενοι,</strong></span> <span class='ocrx_word' id='word_1_725' title='bbox 2734 3680 3014 3752; x_wconf 89' lang='grc' dir='ltr'><strong>χαίροντες</strong></span> <span class='ocrx_word' id='word_1_726' title='bbox 3041 3683 3134 3735; x_wconf 73' lang='grc' dir='ltr'><strong>ἐπὶ</strong></span> <span class='ocrx_word' id='word_1_727' title='bbox 3160 3685 3274 3746; x_wconf 88' lang='grc' dir='ltr'><strong>τοῖς</strong></span> <span class='ocrx_word' id='word_1_728' title='bbox 3300 3683 3573 3746; x_wconf 86' lang='grc' dir='ltr'><strong>τοσούτοις</strong></span> 
     </span>
    </p>
   </div>
   <div class='ocr_carea' id='block_1_101' title="bbox 2000 3770 3576 3843">
    <p class='ocr_par' dir='ltr' id='par_1_101' title="bbox 2000 3770 3576 3843">
     <span class='ocr_line' id='line_1_101' title="bbox 2000 3770 3576 3843; baseline 0.001 -19"><span class='ocrx_word' id='word_1_729' title='bbox 2000 3770 2439 3842; x_wconf 88' lang='grc' dir='ltr'><strong>κατορθώμασιν,</strong></span> <span class='ocrx_word' id='word_1_730' title='bbox 2469 3771 2563 3824; x_wconf 77' lang='grc' dir='ltr'><strong>ἐπὶ</strong></span> <span class='ocrx_word' id='word_1_731' title='bbox 2591 3771 2670 3842; x_wconf 84' lang='grc' dir='ltr'><strong>τῷ</strong></span> <span class='ocrx_word' id='word_1_732' title='bbox 2696 3771 2912 3843; x_wconf 86' lang='grc' dir='ltr'><strong>πλούτῳ</strong></span> <span class='ocrx_word' id='word_1_733' title='bbox 2943 3772 3020 3842; x_wconf 84' lang='grc' dir='ltr'><strong>τῷ</strong></span> <span class='ocrx_word' id='word_1_734' title='bbox 3047 3772 3260 3842; x_wconf 85' lang='grc' dir='ltr'><strong>ἀφάτῳ,</strong></span> <span class='ocrx_word' id='word_1_735' title='bbox 3301 3773 3359 3826; x_wconf 83' lang='grc' dir='ltr'><strong>ὃν</strong></span> <span class='ocrx_word' id='word_1_736' title='bbox 3389 3775 3446 3826; x_wconf 87' lang='grc' dir='ltr'><strong>ἐν</strong></span> <span class='ocrx_word' id='word_1_737' title='bbox 3482 3775 3576 3826; x_wconf 81' lang='grc' dir='ltr'><strong>οὐ·</strong></span> 
     </span>
    </p>
   </div>
   <div class='ocr_carea' id='block_1_102' title="bbox 2004 3859 3578 3938">
    <p class='ocr_par' dir='ltr' id='par_1_102' title="bbox 2004 3859 3578 3938">
     <span class='ocr_line' id='line_1_102' title="bbox 2004 3859 3578 3938; baseline 0.002 -22"><span class='ocrx_word' id='word_1_738' title='bbox 2004 3865 2184 3936; x_wconf 85' lang='grc' dir='ltr'><strong>ρανοῖς</strong></span> <span class='ocrx_word' id='word_1_739' title='bbox 2233 3863 2487 3932; x_wconf 86' lang='grc' dir='ltr'><strong>συνάγεις</strong></span> <span class='ocrx_word' id='word_1_740' title='bbox 2538 3863 2767 3933; x_wconf 82' lang='grc' dir='ltr'><strong>σεαυτῷ.</strong></span> <span class='ocrx_word' id='word_1_741' title='bbox 2798 3864 2894 3918; x_wconf 83' lang='grc' dir='ltr'><strong>Ἵν’</strong></span> <span class='ocrx_word' id='word_1_742' title='bbox 2924 3859 3018 3918; x_wconf 80' lang='grc' dir='ltr'><strong>οὖν</strong></span> <span class='ocrx_word' id='word_1_743' title='bbox 3045 3866 3139 3918; x_wconf 76' lang='grc' dir='ltr'><strong>καὶ</strong></span> <span class='ocrx_word' id='word_1_744' title='bbox 3185 3866 3244 3918; x_wconf 87' lang='grc' dir='ltr'><strong>ἐν</strong></span> <span class='ocrx_word' id='word_1_745' title='bbox 3276 3865 3446 3938; x_wconf 85' lang='grc' dir='ltr'><strong>ἐτέρῳ</strong></span> <span class='ocrx_word' id='word_1_746' title='bbox 3485 3868 3578 3920; x_wconf 82' lang='grc' dir='ltr'><strong>εὐ-</strong></span> 
     </span>
    </p>
   </div>
   <div class='ocr_carea' id='block_1_103' title="bbox 2002 3953 3580 4027">
    <p class='ocr_par' dir='ltr' id='par_1_103' title="bbox 2002 3953 3580 4027">
     <span class='ocr_line' id='line_1_103' title="bbox 2002 3953 3580 4027; baseline 0.003 -19"><span class='ocrx_word' id='word_1_747' title='bbox 2002 3953 2378 4025; x_wconf 88' lang='grc' dir='ltr'><strong>φραινώμεθα,</strong></span> <span class='ocrx_word' id='word_1_748' title='bbox 2402 3954 2634 4026; x_wconf 89' lang='grc' dir='ltr'><strong>γράφειν</strong></span> <span class='ocrx_word' id='word_1_749' title='bbox 2659 3955 2790 4025; x_wconf 79' lang='grc' dir='ltr'><strong>ἡμῖν</strong></span> <span class='ocrx_word' id='word_1_750' title='bbox 2823 3954 3064 4026; x_wconf 91' lang='grc' dir='ltr'><strong>συνεχῶς</strong></span> <span class='ocrx_word' id='word_1_751' title='bbox 3099 3955 3173 4027; x_wconf 83' lang='grc' dir='ltr'><strong>μὴ</strong></span> <span class='ocrx_word' id='word_1_752' title='bbox 3201 3953 3474 4024; x_wconf 82' lang='grc' dir='ltr'><strong>κατόκνει,</strong></span> <span class='ocrx_word' id='word_1_753' title='bbox 3510 3957 3580 4012; x_wconf 80' lang='grc' dir='ltr'><strong>τὰ</strong></span> 
     </span>
    </p>
   </div>
   <div class='ocr_carea' id='block_1_104' title="bbox 2001 4049 3581 4124">
    <p class='ocr_par' dir='ltr' id='par_1_104' title="bbox 2001 4049 3581 4124">
     <span class='ocr_line' id='line_1_104' title="bbox 2001 4049 3581 4124; baseline 0.003 -22"><span class='ocrx_word' id='word_1_754' title='bbox 2001 4050 2132 4122; x_wconf 75' lang='grc' dir='ltr'><strong>περὶ</strong></span> <span class='ocrx_word' id='word_1_755' title='bbox 2175 4049 2278 4120; x_wconf 88' lang='grc' dir='ltr'><strong>τῆς</strong></span> <span class='ocrx_word' id='word_1_756' title='bbox 2309 4049 2497 4118; x_wconf 82' lang='grc' dir='ltr'><strong>ὑγείας</strong></span> <span class='ocrx_word' id='word_1_757' title='bbox 2541 4050 2643 4122; x_wconf 84' lang='grc' dir='ltr'><strong>τῆς</strong></span> <span class='ocrx_word' id='word_1_758' title='bbox 2684 4051 2785 4122; x_wconf 84' lang='grc' dir='ltr'><strong>σῆς</strong></span> <span class='ocrx_word' id='word_1_759' title='bbox 2819 4051 3320 4124; x_wconf 78' lang='grc' dir='ltr'><strong>εὐαγγελιζόμενος.</strong></span> <span class='ocrx_word' id='word_1_760' title='bbox 3369 4054 3581 4124; x_wconf 84' lang='grc' dir='ltr'><strong>Σφόδρα</strong></span> 
     </span>
    </p>
   </div>
   <div class='ocr_carea' id='block_1_105' title="bbox 2001 4140 3582 4217">
    <p class='ocr_par' dir='ltr' id='par_1_105' title="bbox 2001 4140 3582 4217">
     <span class='ocr_line' id='line_1_105' title="bbox 2001 4140 3582 4217; baseline 0.018 -29"><span class='ocrx_word' id='word_1_761' title='bbox 2001 4142 2110 4212; x_wconf 82' lang='grc' dir='ltr'><strong>γὰρ</strong></span> <span class='ocrx_word' id='word_1_762' title='bbox 2153 4140 2528 4212; x_wconf 84' lang='grc' dir='ltr'><strong>ἐπιθυμοῦμεν</strong></span> <span class='ocrx_word' id='word_1_763' title='bbox 2568 4142 2788 4196; x_wconf 86' lang='grc' dir='ltr'><strong>ἀκούειν</strong></span> <span class='ocrx_word' id='word_1_764' title='bbox 2816 4144 2884 4198; x_wconf 84' lang='grc' dir='ltr'><strong>τὰ</strong></span> <span class='ocrx_word' id='word_1_765' title='bbox 2916 4145 3043 4216; x_wconf 72' lang='grc' dir='ltr'><strong>περὶ</strong></span> <span class='ocrx_word' id='word_1_766' title='bbox 3078 4146 3178 4216; x_wconf 81' lang='grc' dir='ltr'><strong>τῆς</strong></span> <span class='ocrx_word' id='word_1_767' title='bbox 3222 4143 3441 4217; x_wconf 70' lang='grc' dir='ltr'><strong>ῥώσεως</strong></span> <span class='ocrx_word' id='word_1_768' title='bbox 3483 4145 3582 4215; x_wconf 75' lang='grc' dir='ltr'><strong>τῆς</strong></span> 
     </span>
    </p>
   </div>
   <div class='ocr_carea' id='block_1_106' title="bbox 2005 4227 3583 4304">
    <p class='ocr_par' dir='ltr' id='par_1_106' title="bbox 2005 4227 3583 4304">
     <span class='ocr_line' id='line_1_106' title="bbox 2005 4227 3583 4304; baseline 0.002 -21"><span class='ocrx_word' id='word_1_769' title='bbox 2005 4231 2124 4302; x_wconf 82' lang='grc' dir='ltr'><strong>σῆς.</strong></span> <span class='ocrx_word' id='word_1_770' title='bbox 2159 4231 2270 4284; x_wconf 79' lang='grc' dir='ltr'><strong>Καὶ</strong></span> <span class='ocrx_word' id='word_1_771' title='bbox 2295 4230 2454 4284; x_wconf 88' lang='grc' dir='ltr'><strong>τοῦτο</strong></span> <span class='ocrx_word' id='word_1_772' title='bbox 2495 4227 2650 4285; x_wconf 83' lang='grc' dir='ltr'><strong>οἶσθα</strong></span> <span class='ocrx_word' id='word_1_773' title='bbox 2679 4231 2774 4286; x_wconf 78' lang='grc' dir='ltr'><strong>καὶ</strong></span> <span class='ocrx_word' id='word_1_774' title='bbox 2809 4233 2994 4300; x_wconf 83' lang='grc' dir='ltr'><strong>αὐτὸς,</strong></span> <span class='ocrx_word' id='word_1_775' title='bbox 3033 4235 3334 4304; x_wconf 79' lang='grc' dir='ltr'><strong>ἐπειδήπερ</strong></span> <span class='ocrx_word' id='word_1_776' title='bbox 3363 4235 3583 4287; x_wconf 88' lang='grc' dir='ltr'><strong>κάκεῖνο</strong></span> 
     </span>
    </p>
   </div>
   <div class='ocr_carea' id='block_1_107' title="bbox 2003 4319 3510 4396">
    <p class='ocr_par' dir='ltr' id='par_1_107' title="bbox 2003 4319 3510 4396">
     <span class='ocr_line' id='line_1_107' title="bbox 2003 4319 3510 4396; baseline 0.001 -20"><span class='ocrx_word' id='word_1_777' title='bbox 2003 4319 2178 4385; x_wconf 77' lang='grc' dir='ltr'><strong>οἶσθα,</strong></span> <span class='ocrx_word' id='word_1_778' title='bbox 2209 4323 2357 4385; x_wconf 84' lang='grc' dir='ltr'><strong>ὅπως</strong></span> <span class='ocrx_word' id='word_1_779' title='bbox 2390 4322 2477 4375; x_wconf 78' lang='grc' dir='ltr'><strong>ἀεὶ</strong></span> <span class='ocrx_word' id='word_1_780' title='bbox 2514 4323 2611 4393; x_wconf 90' lang='grc' dir='ltr'><strong>τῆς</strong></span> <span class='ocrx_word' id='word_1_781' title='bbox 2646 4323 2867 4394; x_wconf 89' lang='grc' dir='ltr'><strong>ἀγάπης</strong></span> <span class='ocrx_word' id='word_1_782' title='bbox 2894 4323 2996 4394; x_wconf 86' lang='grc' dir='ltr'><strong>τῆς</strong></span> <span class='ocrx_word' id='word_1_783' title='bbox 3025 4325 3122 4396; x_wconf 84' lang='grc' dir='ltr'><strong>σῆς</strong></span> <span class='ocrx_word' id='word_1_784' title='bbox 3157 4324 3510 4394; x_wconf 87' lang='grc' dir='ltr'><strong>ἀντεχόμεθα.</strong></span> 
     </span>
    </p>
   </div>
   <div class='ocr_carea' id='block_1_108' title="bbox 2013 4411 3586 4481">
    <p class='ocr_par' dir='ltr' id='par_1_108' title="bbox 2013 4411 3586 4481">
     <span class='ocr_line' id='line_1_108' title="bbox 2013 4411 3586 4481; baseline 0.001 -14"><span class='ocrx_word' id='word_1_785' title='bbox 2013 4411 2204 4467; x_wconf 68' lang='lat' dir='ltr'><strong>PKI&quot;.</strong></span> <span class='ocrx_word' id='word_1_786' title='bbox 2247 4412 2400 4480; x_wconf 81' lang='grc' dir='ltr'><strong>Πρὸς</strong></span> <span class='ocrx_word' id='word_1_787' title='bbox 2445 4412 2588 4477; x_wconf 81' lang='grc' dir='ltr'><strong>τοὺς</strong></span> <span class='ocrx_word' id='word_1_788' title='bbox 2617 4413 2687 4465; x_wconf 84' lang='grc' dir='ltr'><strong>ἐν</strong></span> <span class='ocrx_word' id='word_1_789' title='bbox 2716 4413 2961 4480; x_wconf 80' lang='grc' dir='ltr'><strong>Φοινίκῃ</strong></span> <span class='ocrx_word' id='word_1_790' title='bbox 3013 4415 3454 4481; x_wconf 76' lang='grc' dir='ltr'><strong>πρεσϐυτέρους</strong></span> <span class='ocrx_word' id='word_1_791' title='bbox 3487 4413 3586 4468; x_wconf 77' lang='grc' dir='ltr'><strong>και</strong></span> 
     </span>
    </p>
   </div>
   <div class='ocr_carea' id='block_1_109' title="bbox 2070 4481 3515 4552">
    <p class='ocr_par' dir='ltr' id='par_1_109' title="bbox 2070 4481 3515 4552">
     <span class='ocr_line' id='line_1_109' title="bbox 2070 4481 3515 4552; baseline 0.003 -17"><span class='ocrx_word' id='word_1_792' title='bbox 2070 4481 2458 4552; x_wconf 77' lang='grc' dir='ltr'><strong>μονάζοντας,</strong></span> <span class='ocrx_word' id='word_1_793' title='bbox 2471 4482 2612 4548; x_wconf 86' lang='grc' dir='ltr'><strong>τοὺς</strong></span> <span class='ocrx_word' id='word_1_794' title='bbox 2627 4483 3039 4552; x_wconf 81' lang='grc' dir='ltr'><strong>κατηχοῦντας</strong></span> <span class='ocrx_word' id='word_1_795' title='bbox 3049 4483 3515 4552; x_wconf 73' lang='grc' dir='ltr'><strong>τοὺς-Ἓλληνας.</strong></span> 
     </span>
    </p>
   </div>
   <div class='ocr_carea' id='block_1_110' title="bbox 2079 4574 3584 4647">
    <p class='ocr_par' dir='ltr' id='par_1_110' title="bbox 2079 4574 3584 4647">
     <span class='ocr_line' id='line_1_110' title="bbox 2079 4574 3584 4647; baseline 0.001 -18"><span class='ocrx_word' id='word_1_796' title='bbox 2079 4576 2143 4630; x_wconf 69' lang='lat' dir='ltr'><strong>Ol</strong></span> <span class='ocrx_word' id='word_1_797' title='bbox 2189 4575 2516 4646; x_wconf 89' lang='grc' dir='ltr'><strong>κυϐερνῆται</strong></span> <span class='ocrx_word' id='word_1_798' title='bbox 2562 4574 2779 4630; x_wconf 82' lang='grc' dir='ltr'><strong>ἐπειδὰν</strong></span> <span class='ocrx_word' id='word_1_799' title='bbox 2821 4574 3103 4646; x_wconf 77' lang='grc' dir='ltr'><strong>ἴδωσι-τὴν</strong></span> <span class='ocrx_word' id='word_1_800' title='bbox 3143 4575 3416 4630; x_wconf 84' lang='grc' dir='ltr'><strong>θάλασσαν</strong></span> <span class='ocrx_word' id='word_1_801' title='bbox 3457 4594 3584 4647; x_wconf 85' lang='grc' dir='ltr'><strong>μαι-</strong></span> 
     </span>
    </p>
   </div>
   <div class='ocr_carea' id='block_1_111' title="bbox 2011 4665 3585 4740">
    <p class='ocr_par' dir='ltr' id='par_1_111' title="bbox 2011 4665 3585 4740">
     <span class='ocr_line' id='line_1_111' title="bbox 2011 4665 3585 4740; baseline 0.001 -20"><span class='ocrx_word' id='word_1_802' title='bbox 2011 4667 2264 4738; x_wconf 87' lang='grc' dir='ltr'><strong>νομένην,</strong></span> <span class='ocrx_word' id='word_1_803' title='bbox 2309 4665 2404 4718; x_wconf 73' lang='grc' dir='ltr'><strong>καὶ</strong></span> <span class='ocrx_word' id='word_1_804' title='bbox 2437 4667 2812 4738; x_wconf 80' lang='grc' dir='ltr'><strong>ἐγειρομένην,</strong></span> <span class='ocrx_word' id='word_1_805' title='bbox 2861 4668 2952 4721; x_wconf 76' lang='grc' dir='ltr'><strong>καὶ</strong></span> <span class='ocrx_word' id='word_1_806' title='bbox 2997 4669 3164 4722; x_wconf 84' lang='grc' dir='ltr'><strong>πολὺν</strong></span> <span class='ocrx_word' id='word_1_807' title='bbox 3195 4668 3285 4721; x_wconf 80' lang='grc' dir='ltr'><strong>τὸν</strong></span> <span class='ocrx_word' id='word_1_808' title='bbox 3319 4669 3585 4740; x_wconf 87' lang='grc' dir='ltr'><strong>χειμῶνα,</strong></span> 
     </span>
    </p>
   </div>
   <div class='ocr_carea' id='block_1_112' title="bbox 2013 4755 3592 4828">
    <p class='ocr_par' dir='ltr' id='par_1_112' title="bbox 2013 4755 3592 4828">
     <span class='ocr_line' id='line_1_112' title="bbox 2013 4755 3592 4828; baseline 0.002 -17"><span class='ocrx_word' id='word_1_809' title='bbox 2013 4759 2110 4813; x_wconf 70' lang='grc' dir='ltr'><strong>καὶ</strong></span> <span class='ocrx_word' id='word_1_810' title='bbox 2140 4757 2239 4828; x_wconf 80' lang='grc' dir='ltr'><strong>τὴν</strong></span> <span class='ocrx_word' id='word_1_811' title='bbox 2275 4755 2464 4828; x_wconf 76' lang='grc' dir='ltr'><strong>ζάλην,</strong></span> <span class='ocrx_word' id='word_1_812' title='bbox 2487 4757 2548 4810; x_wconf 81' lang='grc' dir='ltr'><strong>οὐ</strong></span> <span class='ocrx_word' id='word_1_813' title='bbox 2589 4758 2748 4828; x_wconf 91' lang='grc' dir='ltr'><strong>μόνον</strong></span> <span class='ocrx_word' id='word_1_814' title='bbox 2780 4759 2879 4811; x_wconf 88' lang='grc' dir='ltr'><strong>οὐκ</strong></span> <span class='ocrx_word' id='word_1_815' title='bbox 2909 4759 3100 4828; x_wconf 85' lang='grc' dir='ltr'><strong>ἀφιᾶσι</strong></span> <span class='ocrx_word' id='word_1_816' title='bbox 3128 4759 3190 4812; x_wconf 83' lang='grc' dir='ltr'><strong>τὸ</strong></span> <span class='ocrx_word' id='word_1_817' title='bbox 3222 4759 3421 4820; x_wconf 85' lang='grc' dir='ltr'><strong>πλοῖον,</strong></span> <span class='ocrx_word' id='word_1_818' title='bbox 3454 4760 3592 4814; x_wconf 81' lang='grc' dir='ltr'><strong>ἀλλὰ</strong></span> 
     </span>
    </p>
   </div>
   <div class='ocr_carea' id='block_1_113' title="bbox 2015 4847 3592 4922">
    <p class='ocr_par' dir='ltr' id='par_1_113' title="bbox 2015 4847 3592 4922">
     <span class='ocr_line' id='line_1_113' title="bbox 2015 4847 3592 4922; baseline 0.001 -18"><span class='ocrx_word' id='word_1_819' title='bbox 2015 4850 2110 4905; x_wconf 73' lang='grc' dir='ltr'><strong>καὶ</strong></span> <span class='ocrx_word' id='word_1_820' title='bbox 2146 4851 2268 4903; x_wconf 89' lang='grc' dir='ltr'><strong>τότε</strong></span> <span class='ocrx_word' id='word_1_821' title='bbox 2299 4848 2506 4903; x_wconf 89' lang='grc' dir='ltr'><strong>πλείονι</strong></span> <span class='ocrx_word' id='word_1_822' title='bbox 2546 4847 2843 4919; x_wconf 84' lang='grc' dir='ltr'><strong>κέχρηνται</strong></span> <span class='ocrx_word' id='word_1_823' title='bbox 2884 4852 2950 4921; x_wconf 81' lang='grc' dir='ltr'><strong>τῇ</strong></span> <span class='ocrx_word' id='word_1_824' title='bbox 2984 4850 3210 4922; x_wconf 74' lang='grc' dir='ltr'><strong>σπουδῇ,</strong></span> <span class='ocrx_word' id='word_1_825' title='bbox 3244 4851 3338 4904; x_wconf 73' lang='grc' dir='ltr'><strong>καὶ</strong></span> <span class='ocrx_word' id='word_1_826' title='bbox 3383 4851 3592 4922; x_wconf 73' lang='grc' dir='ltr'><strong>μείζονι</strong></span> 
     </span>
    </p>
   </div>
   <div class='ocr_carea' id='block_1_114' title="bbox 2015 4940 3595 5012">
    <p class='ocr_par' dir='ltr' id='par_1_114' title="bbox 2015 4940 3595 5012">
     <span class='ocr_line' id='line_1_114' title="bbox 2015 4940 3595 5012; baseline 0.001 -17"><span class='ocrx_word' id='word_1_827' title='bbox 2015 4944 2082 5012; x_wconf 80' lang='grc' dir='ltr'><strong>τῇ</strong></span> <span class='ocrx_word' id='word_1_828' title='bbox 2131 4940 2439 5012; x_wconf 76' lang='grc' dir='ltr'><strong>προθυμίᾳ,</strong></span> <span class='ocrx_word' id='word_1_829' title='bbox 2482 4941 2575 4993; x_wconf 69' lang='grc' dir='ltr'><strong>καὶ</strong></span> <span class='ocrx_word' id='word_1_830' title='bbox 2622 4941 2775 4994; x_wconf 77' lang='grc' dir='ltr'><strong>αὐτοὶ</strong></span> <span class='ocrx_word' id='word_1_831' title='bbox 2806 4941 3083 5010; x_wconf 86' lang='grc' dir='ltr'><strong>νήφοντες,</strong></span> <span class='ocrx_word' id='word_1_832' title='bbox 3122 4943 3370 5006; x_wconf 78' lang='grc' dir='ltr'><strong>καὶτοὺς</strong></span> <span class='ocrx_word' id='word_1_833' title='bbox 3402 4943 3595 5007; x_wconf 79' lang='grc' dir='ltr'><strong>ἄλλους</strong></span> 
     </span>
    </p>
   </div>
   <div class='ocr_carea' id='block_1_115' title="bbox 2017 5032 3595 5106">
    <p class='ocr_par' dir='ltr' id='par_1_115' title="bbox 2017 5032 3595 5106">
     <span class='ocr_line' id='line_1_115' title="bbox 2017 5032 3595 5106; baseline -0.001 -18"><span class='ocrx_word' id='word_1_834' title='bbox 2017 5033 2390 5106; x_wconf 80' lang='grc' dir='ltr'><strong>διεγείροντες.</strong></span> <span class='ocrx_word' id='word_1_835' title='bbox 2420 5033 2529 5087; x_wconf 72' lang='grc' dir='ltr'><strong>Καὶ</strong></span> <span class='ocrx_word' id='word_1_836' title='bbox 2573 5033 2744 5103; x_wconf 79' lang='grc' dir='ltr'><strong>ἰατροὶ</strong></span> <span class='ocrx_word' id='word_1_837' title='bbox 2773 5032 2932 5086; x_wconf 85' lang='grc' dir='ltr'><strong>πάλιν</strong></span> <span class='ocrx_word' id='word_1_838' title='bbox 2961 5035 3087 5088; x_wconf 85' lang='grc' dir='ltr'><strong>ὅταν</strong></span> <span class='ocrx_word' id='word_1_839' title='bbox 3120 5035 3270 5088; x_wconf 71' lang='grc' dir='ltr'><strong>ἴδωσι</strong></span> <span class='ocrx_word' id='word_1_840' title='bbox 3308 5035 3398 5087; x_wconf 76' lang='grc' dir='ltr'><strong>τὸν</strong></span> <span class='ocrx_word' id='word_1_841' title='bbox 3428 5052 3595 5106; x_wconf 80' lang='grc' dir='ltr'><strong>πυρε-</strong></span> 
     </span>
    </p>
   </div>
   <div class='ocr_carea' id='block_1_116' title="bbox 2019 5125 3596 5199">
    <p class='ocr_par' dir='ltr' id='par_1_116' title="bbox 2019 5125 3596 5199">
     <span class='ocr_line' id='line_1_116' title="bbox 2019 5125 3596 5199; baseline -0.001 -19"><span class='ocrx_word' id='word_1_842' title='bbox 2019 5128 2109 5181; x_wconf 76' lang='grc' dir='ltr'><strong>τὸν</strong></span> <span class='ocrx_word' id='word_1_843' title='bbox 2148 5125 2462 5199; x_wconf 87' lang='grc' dir='ltr'><strong>ἐγερθέντα,</strong></span> <span class='ocrx_word' id='word_1_844' title='bbox 2506 5126 2600 5179; x_wconf 80' lang='grc' dir='ltr'><strong>καὶ</strong></span> <span class='ocrx_word' id='word_1_845' title='bbox 2645 5125 2871 5196; x_wconf 76' lang='grc' dir='ltr'><strong>σφοδρὸν</strong></span> <span class='ocrx_word' id='word_1_846' title='bbox 2901 5125 3212 5195; x_wconf 87' lang='grc' dir='ltr'><strong>γενόμενον,</strong></span> <span class='ocrx_word' id='word_1_847' title='bbox 3237 5127 3297 5181; x_wconf 86' lang='grc' dir='ltr'><strong>οὐ</strong></span> <span class='ocrx_word' id='word_1_848' title='bbox 3337 5127 3495 5197; x_wconf 88' lang='grc' dir='ltr'><strong>μόνον</strong></span> <span class='ocrx_word' id='word_1_849' title='bbox 3535 5128 3596 5179; x_wconf 80' lang='grc' dir='ltr'><strong>οὐ</strong></span> 
     </span>
    </p>
   </div>
   <div class='ocr_carea' id='block_1_117' title="bbox 2023 5214 3601 5288">
    <p class='ocr_par' dir='ltr' id='par_1_117' title="bbox 2023 5214 3601 5288">
     <span class='ocr_line' id='line_1_117' title="bbox 2023 5214 3601 5288; baseline -0.004 -16"><span class='ocrx_word' id='word_1_850' title='bbox 2023 5216 2492 5288; x_wconf 87' lang='grc' dir='ltr'><strong>καταλιμπάνουσι</strong></span> <span class='ocrx_word' id='word_1_851' title='bbox 2545 5215 2636 5269; x_wconf 86' lang='grc' dir='ltr'><strong>τὸν</strong></span> <span class='ocrx_word' id='word_1_852' title='bbox 2686 5215 2973 5278; x_wconf 87' lang='grc' dir='ltr'><strong>νοσοῦντα,</strong></span> <span class='ocrx_word' id='word_1_853' title='bbox 3014 5215 3150 5268; x_wconf 88' lang='grc' dir='ltr'><strong>ἀλλά</strong></span> <span class='ocrx_word' id='word_1_854' title='bbox 3197 5217 3288 5268; x_wconf 80' lang='grc' dir='ltr'><strong>καὶ</strong></span> <span class='ocrx_word' id='word_1_855' title='bbox 3337 5215 3458 5267; x_wconf 83' lang='grc' dir='ltr'><strong>τότε</strong></span> <span class='ocrx_word' id='word_1_856' title='bbox 3504 5214 3601 5267; x_wconf 69' lang='grc' dir='ltr'><strong>καὶ</strong></span> 
     </span>
    </p>
   </div>
   <div class='ocr_carea' id='block_1_118' title="bbox 2023 5307 3604 5374">
    <p class='ocr_par' dir='ltr' id='par_1_118' title="bbox 2023 5307 3604 5374">
     <span class='ocr_line' id='line_1_118' title="bbox 2023 5307 3604 5374; baseline -0.006 -7"><span class='ocrx_word' id='word_1_857' title='bbox 2023 5311 2178 5367; x_wconf 69' lang='grc' dir='ltr'><strong>αὐτοὶ</strong></span> <span class='ocrx_word' id='word_1_858' title='bbox 2210 5311 2387 5365; x_wconf 83' lang='grc' dir='ltr'><strong>πάντα</strong></span> <span class='ocrx_word' id='word_1_859' title='bbox 2432 5308 2665 5371; x_wconf 87' lang='grc' dir='ltr'><strong>ποιοῦσι,</strong></span> <span class='ocrx_word' id='word_1_860' title='bbox 2690 5310 2784 5361; x_wconf 82' lang='grc' dir='ltr'><strong>καὶ</strong></span> <span class='ocrx_word' id='word_1_861' title='bbox 2822 5308 2890 5362; x_wconf 80' lang='grc' dir='ltr'><strong>δι’</strong></span> <span class='ocrx_word' id='word_1_862' title='bbox 2912 5307 3143 5371; x_wconf 80' lang='grc' dir='ltr'><strong>ἑαυτῶν,</strong></span> <span class='ocrx_word' id='word_1_863' title='bbox 3185 5309 3277 5361; x_wconf 73' lang='grc' dir='ltr'><strong>καὶ</strong></span> <span class='ocrx_word' id='word_1_864' title='bbox 3307 5308 3373 5360; x_wconf 83' lang='grc' dir='ltr'><strong>δι’</strong></span> <span class='ocrx_word' id='word_1_865' title='bbox 3398 5307 3604 5374; x_wconf 82' lang='grc' dir='ltr'><strong>ἐτέρων</strong></span> 
     </span>
    </p>
   </div>
   <div class='ocr_carea' id='block_1_119' title="bbox 2028 5393 3601 5476">
    <p class='ocr_par' dir='ltr' id='par_1_119' title="bbox 2028 5393 3601 5476">
     <span class='ocr_line' id='line_1_119' title="bbox 2028 5393 3601 5476; baseline -0.007 -21"><span class='ocrx_word' id='word_1_866' title='bbox 2028 5402 2233 5476; x_wconf 77' lang='grc' dir='ltr'><strong>μείζονι</strong></span> <span class='ocrx_word' id='word_1_867' title='bbox 2289 5399 2617 5471; x_wconf 88' lang='grc' dir='ltr'><strong>κεχρημένοι</strong></span> <span class='ocrx_word' id='word_1_868' title='bbox 2671 5401 2738 5469; x_wconf 77' lang='grc' dir='ltr'><strong>τῇ</strong></span> <span class='ocrx_word' id='word_1_869' title='bbox 2793 5399 2996 5470; x_wconf 81' lang='grc' dir='ltr'><strong>σπουδῇ</strong></span> <span class='ocrx_word' id='word_1_870' title='bbox 3036 5397 3132 5452; x_wconf 78' lang='grc' dir='ltr'><strong>καὶ</strong></span> <span class='ocrx_word' id='word_1_871' title='bbox 3181 5399 3248 5468; x_wconf 73' lang='grc' dir='ltr'><strong>τῇ</strong></span> <span class='ocrx_word' id='word_1_872' title='bbox 3299 5393 3601 5467; x_wconf 74' lang='grc' dir='ltr'><strong>προθυμίᾳ,</strong></span> 
     </span>
    </p>
   </div>
   <div class='ocr_carea' id='block_1_120' title="bbox 2088 5504 3598 5589">
    <p class='ocr_par' dir='ltr' id='par_1_120' title="bbox 2088 5504 3598 5589">
     <span class='ocr_line' id='line_1_120' title="bbox 2088 5504 3598 5589; baseline -0.009 -26"><span class='ocrx_word' id='word_1_873' title='bbox 2088 5514 2339 5589; x_wconf 39' lang='lat' dir='ltr'><strong>d’Quidam</strong></span> <span class='ocrx_word' id='word_1_874' title='bbox 2362 5525 2477 5560; x_wconf 84' lang='lat' dir='ltr'><strong>mss.</strong></span> <span class='ocrx_word' id='word_1_875' title='bbox 2516 5512 2730 5574; x_wconf 82' lang='grc' dir='ltr'><strong>ὀρφανῶν</strong></span> <span class='ocrx_word' id='word_1_876' title='bbox 2751 5511 3112 5575; x_wconf 83' lang='grc' dir='ltr'><strong>προϊστάμενος,</strong></span> <span class='ocrx_word' id='word_1_877' title='bbox 3145 5511 3229 5559; x_wconf 65' lang='lat' dir='ltr'><strong>alii</strong></span> <span class='ocrx_word' id='word_1_878' title='bbox 3251 5504 3463 5571; x_wconf 83' lang='grc' dir='ltr'><strong>ὀρφανοῖς</strong></span> <span class='ocrx_word' id='word_1_879' title='bbox 3485 5513 3598 5561; x_wconf 63' lang='lat' dir='ltr'><strong>upo-</strong></span> 
     </span>
    </p>
   </div>
   <div class='ocr_carea' id='block_1_121' title="bbox 2021 5587 2286 5638">
    <p class='ocr_par' dir='ltr' id='par_1_121' title="bbox 2021 5587 2286 5638">
     <span class='ocr_line' id='line_1_121' title="bbox 2021 5587 2286 5638; baseline -0.015 -14"><span class='ocrx_word' id='word_1_880' title='bbox 2021 5587 2286 5638; x_wconf 75' lang='grc' dir='ltr'><strong>ἱστάμενος.</strong></span> 
     </span>
    </p>
   </div>
   <div class='ocr_carea' id='block_1_122' title="bbox 2096 5631 2807 5696">
    <p class='ocr_par' dir='ltr' id='par_1_122' title="bbox 2096 5631 2807 5696">
     <span class='ocr_line' id='line_1_122' title="bbox 2096 5631 2807 5696; baseline -0.007 -11"><span class='ocrx_word' id='word_1_881' title='bbox 2096 5651 2118 5676; x_wconf 71' lang='grc' dir='ltr'><strong>ε</strong></span> <span class='ocrx_word' id='word_1_882' title='bbox 2142 5631 2268 5686; x_wconf 68' lang='grc' dir='ltr'><strong>Ὗτρε</strong></span> <span class='ocrx_word' id='word_1_883' title='bbox 2292 5647 2406 5683; x_wconf 82' lang='lat' dir='ltr'><strong>mss.</strong></span> <span class='ocrx_word' id='word_1_884' title='bbox 2428 5631 2509 5680; x_wconf 86' lang='grc' dir='ltr'><strong>τὸν</strong></span> <span class='ocrx_word' id='word_1_885' title='bbox 2534 5634 2696 5694; x_wconf 84' lang='grc' dir='ltr'><strong>μισθὸν</strong></span> <span class='ocrx_word' id='word_1_886' title='bbox 2719 5635 2807 5696; x_wconf 86' lang='grc' dir='ltr'><strong>δῷ.</strong></span> 
     </span>
    </p>
   </div>
   <div class='ocr_carea' id='block_1_123' title="bbox 2103 5691 3281 5761">
    <p class='ocr_par' dir='ltr' id='par_1_123' title="bbox 2103 5691 3281 5761">
     <span class='ocr_line' id='line_1_123' title="bbox 2103 5691 3281 5761; baseline -0.008 -11"><span class='ocrx_word' id='word_1_887' title='bbox 2103 5701 2122 5741; x_wconf 74' lang='grc' dir='ltr'>ῐ</span> <span class='ocrx_word' id='word_1_888' title='bbox 2151 5700 2257 5750; x_wconf 86' lang='lat' dir='ltr'><strong>Duo</strong></span> <span class='ocrx_word' id='word_1_889' title='bbox 2276 5710 2391 5746; x_wconf 85' lang='lat' dir='ltr'><strong>mss.</strong></span> <span class='ocrx_word' id='word_1_890' title='bbox 2417 5691 2612 5760; x_wconf 75' lang='grc' dir='ltr'><strong>μέγιστα</strong></span> <span class='ocrx_word' id='word_1_891' title='bbox 2633 5691 2820 5761; x_wconf 77' lang='grc' dir='ltr'><strong>σεαυτῷ</strong></span> <span class='ocrx_word' id='word_1_892' title='bbox 2845 5691 3281 5760; x_wconf 77' lang='grc' dir='ltr'><strong>προαποτιθέμενος.</strong></span> 
     </span>
    </p>
   </div>
  </div>
