  <div class='ocr_page' id='page_1' title='image "/cluster/home/n/w/nwhite01/storage/ocr_20150623/52/hvd.32044073501918/297.png"; bbox 0 0 4064 6218; ppageno 0'>
   <div class='ocr_carea' id='block_1_1' title="bbox 531 365 634 423">
    <p class='ocr_par' dir='ltr' id='par_1_1' title="bbox 531 365 634 423">
     <span class='ocr_line' id='line_1_1' title="bbox 531 365 634 423; baseline -0.029 0"><span class='ocrx_word' id='word_1_1' title='bbox 531 365 634 423; x_wconf 68' lang='grc'>671</span> 
     </span>
    </p>
   </div>
   <div class='ocr_carea' id='block_1_2' title="bbox 529 478 2099 552">
    <p class='ocr_par' dir='ltr' id='par_1_2' title="bbox 529 478 2099 552">
     <span class='ocr_line' id='line_1_2' title="bbox 529 478 2099 552; baseline -0.002 -17"><span class='ocrx_word' id='word_1_2' title='bbox 529 481 669 536; x_wconf 80' lang='grc' dir='ltr'>ὥστε</span> <span class='ocrx_word' id='word_1_3' title='bbox 699 480 855 534; x_wconf 87' lang='grc' dir='ltr'>λῦσαι</span> <span class='ocrx_word' id='word_1_4' title='bbox 885 478 945 532; x_wconf 90' lang='grc' dir='ltr'>τὸ</span> <span class='ocrx_word' id='word_1_5' title='bbox 973 480 1158 532; x_wconf 81' lang='grc' dir='ltr'>κακόν.</span> <span class='ocrx_word' id='word_1_6' title='bbox 1185 480 1340 544; x_wconf 83' lang='grc' dir='ltr'>Τίνος</span> <span class='ocrx_word' id='word_1_7' title='bbox 1368 481 1553 535; x_wconf 73' lang='grc' dir='ltr'>ἕνεκεν</span> <span class='ocrx_word' id='word_1_8' title='bbox 1581 483 1756 536; x_wconf 88' lang='grc' dir='ltr'>ταῦτα</span> <span class='ocrx_word' id='word_1_9' title='bbox 1785 483 1956 552; x_wconf 88' lang='grc' dir='ltr'>λέγω;</span> <span class='ocrx_word' id='word_1_10' title='bbox 1985 484 2099 538; x_wconf 84' lang='grc' dir='ltr'>’Ὶνα</span> 
     </span>
    </p>
   </div>
   <div class='ocr_carea' id='block_1_3' title="bbox 529 570 2100 647">
    <p class='ocr_par' dir='ltr' id='par_1_3' title="bbox 529 570 2100 647">
     <span class='ocr_line' id='line_1_3' title="bbox 529 570 2100 647; baseline 0.001 -21"><span class='ocrx_word' id='word_1_11' title='bbox 529 574 604 644; x_wconf 86' lang='grc' dir='ltr'>μή</span> <span class='ocrx_word' id='word_1_12' title='bbox 649 590 731 634; x_wconf 90' lang='grc' dir='ltr'>τις</span> <span class='ocrx_word' id='word_1_13' title='bbox 763 571 904 641; x_wconf 78' lang='grc' dir='ltr'>ὑμᾶς</span> <span class='ocrx_word' id='word_1_14' title='bbox 941 571 1198 642; x_wconf 82' lang='grc' dir='ltr'>ἀπατήσῃ</span> <span class='ocrx_word' id='word_1_15' title='bbox 1244 570 1330 624; x_wconf 83' lang='grc' dir='ltr'>διὰ</span> <span class='ocrx_word' id='word_1_16' title='bbox 1375 571 1472 644; x_wconf 81' lang='grc' dir='ltr'>τῆν</span> <span class='ocrx_word' id='word_1_17' title='bbox 1516 575 1761 646; x_wconf 81' lang='grc' dir='ltr'>ταραχὴν</span> <span class='ocrx_word' id='word_1_18' title='bbox 1805 575 1904 647; x_wconf 81' lang='grc' dir='ltr'>τὴν</span> <span class='ocrx_word' id='word_1_19' title='bbox 1945 592 2100 645; x_wconf 83' lang='grc' dir='ltr'>γεγε-</span> 
     </span>
    </p>
   </div>
   <div class='ocr_carea' id='block_1_4' title="bbox 526 658 2099 738">
    <p class='ocr_par' dir='ltr' id='par_1_4' title="bbox 526 658 2099 738">
     <span class='ocr_line' id='line_1_4' title="bbox 526 658 2099 738; baseline 0.005 -25"><span class='ocrx_word' id='word_1_20' title='bbox 526 661 764 732; x_wconf 84' lang='grc' dir='ltr'>νημένην</span> <span class='ocrx_word' id='word_1_21' title='bbox 795 658 1110 712; x_wconf 80' lang='grc' dir='ltr'>καταλιπεῖν</span> <span class='ocrx_word' id='word_1_22' title='bbox 1151 658 1250 730; x_wconf 83' lang='grc' dir='ltr'>τὴν</span> <span class='ocrx_word' id='word_1_23' title='bbox 1290 661 1561 733; x_wconf 79' lang='grc' dir='ltr'>Φοινίκην,</span> <span class='ocrx_word' id='word_1_24' title='bbox 1611 667 1704 717; x_wconf 78' lang='grc' dir='ltr'>καὶ</span> <span class='ocrx_word' id='word_1_25' title='bbox 1750 666 2099 738; x_wconf 82' lang='grc' dir='ltr'>ἀναχωρῆσαι</span> 
     </span>
    </p>
   </div>
   <div class='ocr_carea' id='block_1_5' title="bbox 525 750 2099 828">
    <p class='ocr_par' dir='ltr' id='par_1_5' title="bbox 525 750 2099 828">
     <span class='ocr_line' id='line_1_5' title="bbox 525 750 2099 828; baseline 0.006 -26"><span class='ocrx_word' id='word_1_26' title='bbox 525 751 766 820; x_wconf 20' lang='grc' dir='ltr'>ἐγκεῖθενο</span> <span class='ocrx_word' id='word_1_27' title='bbox 798 750 930 803; x_wconf 79' lang='grc' dir='ltr'>ἀλλὰ</span> <span class='ocrx_word' id='word_1_28' title='bbox 972 751 1082 822; x_wconf 87' lang='grc' dir='ltr'>ὅσῳ</span> <span class='ocrx_word' id='word_1_29' title='bbox 1132 752 1350 816; x_wconf 91' lang='grc' dir='ltr'>πλείους</span> <span class='ocrx_word' id='word_1_30' title='bbox 1382 756 1438 808; x_wconf 89' lang='grc' dir='ltr'>αί</span> <span class='ocrx_word' id='word_1_31' title='bbox 1469 755 1766 821; x_wconf 80' lang='grc' dir='ltr'>δυσκολίαι,</span> <span class='ocrx_word' id='word_1_32' title='bbox 1799 758 1892 810; x_wconf 72' lang='grc' dir='ltr'>καὶ</span> <span class='ocrx_word' id='word_1_33' title='bbox 1938 758 2099 828; x_wconf 85' lang='grc' dir='ltr'>χαλε-</span> 
     </span>
    </p>
   </div>
   <div class='ocr_carea' id='block_1_6' title="bbox 525 841 2098 921">
    <p class='ocr_par' dir='ltr' id='par_1_6' title="bbox 525 841 2098 921">
     <span class='ocr_line' id='line_1_6' title="bbox 525 841 2098 921; baseline 0.008 -30"><span class='ocrx_word' id='word_1_34' title='bbox 525 841 744 912; x_wconf 79' lang='grc' dir='ltr'>πώτερα</span> <span class='ocrx_word' id='word_1_35' title='bbox 777 842 846 894; x_wconf 85' lang='grc' dir='ltr'>τά</span> <span class='ocrx_word' id='word_1_36' title='bbox 885 841 1122 912; x_wconf 89' lang='grc' dir='ltr'>κύματα,</span> <span class='ocrx_word' id='word_1_37' title='bbox 1153 843 1248 895; x_wconf 74' lang='grc' dir='ltr'>καὶ</span> <span class='ocrx_word' id='word_1_38' title='bbox 1283 844 1484 914; x_wconf 76' lang='grc' dir='ltr'>μείζων</span> <span class='ocrx_word' id='word_1_39' title='bbox 1523 848 1558 917; x_wconf 83' lang='grc' dir='ltr'>ή</span> <span class='ocrx_word' id='word_1_40' title='bbox 1597 847 1830 919; x_wconf 83' lang='grc' dir='ltr'>ταραχὴ,</span> <span class='ocrx_word' id='word_1_41' title='bbox 1861 849 2098 921; x_wconf 83' lang='grc' dir='ltr'>τοσούτῳ</span> 
     </span>
    </p>
   </div>
   <div class='ocr_carea' id='block_1_7' title="bbox 527 932 2098 1011">
    <p class='ocr_par' dir='ltr' id='par_1_7' title="bbox 527 932 2098 1011">
     <span class='ocr_line' id='line_1_7' title="bbox 527 932 2098 1011; baseline -0.001 -27"><span class='ocrx_word' id='word_1_42' title='bbox 527 933 727 1002; x_wconf 75' lang='grc' dir='ltr'>μᾶλλον</span> <span class='ocrx_word' id='word_1_43' title='bbox 783 932 1049 1002; x_wconf 78' lang='grc' dir='ltr'><strong>ἐμμένετε</strong></span> <span class='ocrx_word' id='word_1_44' title='bbox 1108 933 1532 1001; x_wconf 72' lang='grc' dir='ltr'>σπουδάζοντες,</span> <span class='ocrx_word' id='word_1_45' title='bbox 1593 937 1870 1010; x_wconf 83' lang='grc' dir='ltr'>νήφοντες,</span> <span class='ocrx_word' id='word_1_46' title='bbox 1925 941 2098 1011; x_wconf 81' lang='grc' dir='ltr'>ἀγρυ-</span> 
     </span>
    </p>
   </div>
   <div class='ocr_carea' id='block_1_8' title="bbox 525 1021 2097 1100">
    <p class='ocr_par' dir='ltr' id='par_1_8' title="bbox 525 1021 2097 1100">
     <span class='ocr_line' id='line_1_8' title="bbox 525 1021 2097 1100; baseline 0.006 -26"><span class='ocrx_word' id='word_1_47' title='bbox 525 1021 804 1085; x_wconf 82' lang='grc' dir='ltr'>πνοῦντες,</span> <span class='ocrx_word' id='word_1_48' title='bbox 851 1022 1071 1074; x_wconf 82' lang='grc' dir='ltr'>πλείονα</span> <span class='ocrx_word' id='word_1_49' title='bbox 1101 1022 1408 1094; x_wconf 78' lang='grc' dir='ltr'>προθυμίαν</span> <span class='ocrx_word' id='word_1_50' title='bbox 1459 1027 1908 1100; x_wconf 90' lang='grc' dir='ltr'>ἐπιδεικνύμενοι,</span> <span class='ocrx_word' id='word_1_51' title='bbox 1956 1029 2097 1084; x_wconf 82' lang='grc' dir='ltr'>ὥστε</span> 
     </span>
    </p>
   </div>
   <div class='ocr_carea' id='block_1_9' title="bbox 524 1112 2094 1192">
    <p class='ocr_par' dir='ltr' id='par_1_9' title="bbox 524 1112 2094 1192">
     <span class='ocr_line' id='line_1_9' title="bbox 524 1112 2094 1192; baseline 0.006 -27"><span class='ocrx_word' id='word_1_52' title='bbox 524 1113 599 1183; x_wconf 87' lang='grc' dir='ltr'>μὴ</span> <span class='ocrx_word' id='word_1_53' title='bbox 635 1113 736 1184; x_wconf 80' lang='grc' dir='ltr'>τὴν</span> <span class='ocrx_word' id='word_1_54' title='bbox 767 1112 1050 1184; x_wconf 79' lang='grc' dir='ltr'>οἰκοδομὴν</span> <span class='ocrx_word' id='word_1_55' title='bbox 1075 1113 1228 1184; x_wconf 90' lang='grc' dir='ltr'>ὑμῶν</span> <span class='ocrx_word' id='word_1_56' title='bbox 1251 1116 1349 1186; x_wconf 79' lang='grc' dir='ltr'>τὴν</span> <span class='ocrx_word' id='word_1_57' title='bbox 1379 1116 1671 1189; x_wconf 83' lang='grc' dir='ltr'>καλλίστην</span> <span class='ocrx_word' id='word_1_58' title='bbox 1709 1119 2094 1192; x_wconf 80' lang='grc' dir='ltr'>καταλυθῆναι,</span> 
     </span>
    </p>
   </div>
   <div class='ocr_carea' id='block_1_10' title="bbox 524 1201 2097 1282">
    <p class='ocr_par' dir='ltr' id='par_1_10' title="bbox 524 1201 2097 1282">
     <span class='ocr_line' id='line_1_10' title="bbox 524 1201 2097 1282; baseline 0.007 -29"><span class='ocrx_word' id='word_1_59' title='bbox 524 1201 658 1271; x_wconf 84' lang='grc' dir='ltr'>μηδὲ</span> <span class='ocrx_word' id='word_1_60' title='bbox 705 1201 796 1254; x_wconf 90' lang='grc' dir='ltr'>τὸν</span> <span class='ocrx_word' id='word_1_61' title='bbox 845 1202 1096 1254; x_wconf 87' lang='grc' dir='ltr'>τοσοῦτον</span> <span class='ocrx_word' id='word_1_62' title='bbox 1142 1204 1304 1260; x_wconf 89' lang='grc' dir='ltr'>πόνον</span> <span class='ocrx_word' id='word_1_63' title='bbox 1337 1206 1591 1277; x_wconf 83' lang='grc' dir='ltr'>ἀνωφελῆ</span> <span class='ocrx_word' id='word_1_64' title='bbox 1629 1208 1913 1277; x_wconf 82' lang='grc' dir='ltr'>γενέσθαι,</span> <span class='ocrx_word' id='word_1_65' title='bbox 1960 1211 2097 1282; x_wconf 88' lang='grc' dir='ltr'>μηδέ</span> 
     </span>
    </p>
   </div>
   <div class='ocr_carea' id='block_1_11' title="bbox 520 1289 2098 1373">
    <p class='ocr_par' dir='ltr' id='par_1_11' title="bbox 520 1289 2098 1373">
     <span class='ocr_line' id='line_1_11' title="bbox 520 1289 2098 1373; baseline 0.008 -31"><span class='ocrx_word' id='word_1_66' title='bbox 520 1289 616 1360; x_wconf 84' lang='grc' dir='ltr'>τὴν</span> <span class='ocrx_word' id='word_1_67' title='bbox 643 1290 916 1362; x_wconf 84' lang='grc' dir='ltr'>γεωργίαν</span> <span class='ocrx_word' id='word_1_68' title='bbox 943 1292 1095 1361; x_wconf 88' lang='grc' dir='ltr'>ὑμῶν</span> <span class='ocrx_word' id='word_1_69' title='bbox 1121 1294 1501 1367; x_wconf 86' lang='grc' dir='ltr'>ἀφανισθῆναι.</span> <span class='ocrx_word' id='word_1_70' title='bbox 1541 1297 1745 1363; x_wconf 79' lang='grc' dir='ltr'>Ἱκανὸς</span> <span class='ocrx_word' id='word_1_71' title='bbox 1783 1301 1892 1373; x_wconf 86' lang='grc' dir='ltr'>γὰρ</span> <span class='ocrx_word' id='word_1_72' title='bbox 1911 1302 1940 1353; x_wconf 99' lang='lat'>6</span> <span class='ocrx_word' id='word_1_73' title='bbox 1965 1301 2098 1366; x_wconf 89' lang='grc' dir='ltr'>Θεὸς</span> 
     </span>
    </p>
   </div>
   <div class='ocr_carea' id='block_1_12' title="bbox 522 1381 2094 1460">
    <p class='ocr_par' dir='ltr' id='par_1_12' title="bbox 522 1381 2094 1460">
     <span class='ocr_line' id='line_1_12' title="bbox 522 1381 2094 1460; baseline 0.006 -27"><span class='ocrx_word' id='word_1_74' title='bbox 522 1383 614 1434; x_wconf 75' lang='grc' dir='ltr'>καὶ</span> <span class='ocrx_word' id='word_1_75' title='bbox 643 1381 740 1452; x_wconf 80' lang='grc' dir='ltr'>τὴν</span> <span class='ocrx_word' id='word_1_76' title='bbox 785 1382 1028 1454; x_wconf 77' lang='grc' dir='ltr'>ταραχὴν</span> <span class='ocrx_word' id='word_1_77' title='bbox 1057 1382 1216 1438; x_wconf 88' lang='grc' dir='ltr'>λῦσαι</span> <span class='ocrx_word' id='word_1_78' title='bbox 1252 1387 1345 1439; x_wconf 75' lang='grc' dir='ltr'>καὶ</span> <span class='ocrx_word' id='word_1_79' title='bbox 1377 1387 1478 1458; x_wconf 87' lang='grc' dir='ltr'>τῆς</span> <span class='ocrx_word' id='word_1_80' title='bbox 1509 1387 1784 1460; x_wconf 80' lang='grc' dir='ltr'>ὑπομονῆς</span> <span class='ocrx_word' id='word_1_81' title='bbox 1819 1390 1946 1460; x_wconf 89' lang='grc' dir='ltr'>ὑμῖν</span> <span class='ocrx_word' id='word_1_82' title='bbox 1973 1389 2094 1442; x_wconf 89' lang='grc' dir='ltr'>δοῦ-</span> 
     </span>
    </p>
   </div>
   <div class='ocr_carea' id='block_1_13' title="bbox 518 1474 2092 1552">
    <p class='ocr_par' dir='ltr' id='par_1_13' title="bbox 518 1474 2092 1552">
     <span class='ocr_line' id='line_1_13' title="bbox 518 1474 2092 1552; baseline 0.008 -28"><span class='ocrx_word' id='word_1_83' title='bbox 518 1491 606 1525; x_wconf 91' lang='grc' dir='ltr'>ναι</span> <span class='ocrx_word' id='word_1_84' title='bbox 647 1474 739 1527; x_wconf 88' lang='grc' dir='ltr'>τὸν</span> <span class='ocrx_word' id='word_1_85' title='bbox 783 1474 993 1546; x_wconf 88' lang='grc' dir='ltr'>μισθόν.</span> <span class='ocrx_word' id='word_1_86' title='bbox 1031 1477 1166 1530; x_wconf 88' lang='grc' dir='ltr'>Οὑδέ</span> <span class='ocrx_word' id='word_1_87' title='bbox 1214 1477 1324 1548; x_wconf 82' lang='grc' dir='ltr'>γάρ</span> <span class='ocrx_word' id='word_1_88' title='bbox 1365 1477 1618 1543; x_wconf 88' lang='grc' dir='ltr'>τοσοῦτος</span> <span class='ocrx_word' id='word_1_89' title='bbox 1664 1481 1792 1551; x_wconf 88' lang='grc' dir='ltr'>ὑμῖν</span> <span class='ocrx_word' id='word_1_90' title='bbox 1820 1483 1848 1534; x_wconf 92' lang='lat'>6</span> <span class='ocrx_word' id='word_1_91' title='bbox 1881 1481 2092 1552; x_wconf 88' lang='grc' dir='ltr'>μισθὸς,</span> 
     </span>
    </p>
   </div>
   <div class='ocr_carea' id='block_1_14' title="bbox 516 1565 2096 1640">
    <p class='ocr_par' dir='ltr' id='par_1_14' title="bbox 516 1565 2096 1640">
     <span class='ocr_line' id='line_1_14' title="bbox 516 1565 2096 1640; baseline 0.008 -24"><span class='ocrx_word' id='word_1_92' title='bbox 516 1565 605 1616; x_wconf 78' lang='grc' dir='ltr'>ὅτε</span> <span class='ocrx_word' id='word_1_93' title='bbox 643 1566 759 1634; x_wconf 85' lang='grc' dir='ltr'>μετ’</span> <span class='ocrx_word' id='word_1_94' title='bbox 800 1565 1050 1630; x_wconf 83' lang='grc' dir='ltr'>εὐκολίας</span> <span class='ocrx_word' id='word_1_95' title='bbox 1096 1567 1165 1619; x_wconf 85' lang='grc' dir='ltr'>τὰ</span> <span class='ocrx_word' id='word_1_96' title='bbox 1217 1567 1515 1638; x_wconf 86' lang='grc' dir='ltr'>πράγματα</span> <span class='ocrx_word' id='word_1_97' title='bbox 1558 1569 1768 1640; x_wconf 74' lang='grc' dir='ltr'>ἠνύετο,</span> <span class='ocrx_word' id='word_1_98' title='bbox 1793 1573 1915 1638; x_wconf 81' lang='grc' dir='ltr'>ὅσος</span> <span class='ocrx_word' id='word_1_99' title='bbox 1949 1575 2096 1630; x_wconf 74' lang='grc' dir='ltr'>ἐστὶν</span> 
     </span>
    </p>
   </div>
   <div class='ocr_carea' id='block_1_15' title="bbox 517 1653 2093 1738">
    <p class='ocr_par' dir='ltr' id='par_1_15' title="bbox 517 1653 2093 1738">
     <span class='ocr_line' id='line_1_15' title="bbox 517 1653 2093 1738; baseline 0.01 -32"><span class='ocrx_word' id='word_1_100' title='bbox 517 1655 646 1726; x_wconf 89' lang='grc' dir='ltr'>ὑμῖν</span> <span class='ocrx_word' id='word_1_101' title='bbox 691 1653 808 1720; x_wconf 91' lang='grc' dir='ltr'>νῦν,</span> <span class='ocrx_word' id='word_1_102' title='bbox 855 1656 945 1711; x_wconf 82' lang='grc' dir='ltr'>ὅτε</span> <span class='ocrx_word' id='word_1_103' title='bbox 977 1656 1144 1730; x_wconf 83' lang='grc' dir='ltr'>πολλὴ</span> <span class='ocrx_word' id='word_1_104' title='bbox 1179 1661 1211 1728; x_wconf 82' lang='grc' dir='ltr'><strong>ἡ</strong></span> <span class='ocrx_word' id='word_1_105' title='bbox 1247 1658 1530 1726; x_wconf 84' lang='grc' dir='ltr'>δυσκολία,</span> <span class='ocrx_word' id='word_1_106' title='bbox 1575 1663 1742 1734; x_wconf 83' lang='grc' dir='ltr'>πολλὴ</span> <span class='ocrx_word' id='word_1_107' title='bbox 1789 1666 1825 1735; x_wconf 81' lang='grc' dir='ltr'>ὴ</span> <span class='ocrx_word' id='word_1_108' title='bbox 1859 1665 2093 1738; x_wconf 80' lang='grc' dir='ltr'>ταραχὴ,</span> 
     </span>
    </p>
   </div>
   <div class='ocr_carea' id='block_1_16' title="bbox 515 1746 2095 1816">
    <p class='ocr_par' dir='ltr' id='par_1_16' title="bbox 515 1746 2095 1816">
     <span class='ocr_line' id='line_1_16' title="bbox 515 1746 2095 1816; baseline 0.007 -18"><span class='ocrx_word' id='word_1_109' title='bbox 515 1746 698 1799; x_wconf 79' lang='grc' dir='ltr'>πολλοὶ</span> <span class='ocrx_word' id='word_1_110' title='bbox 734 1747 784 1798; x_wconf 83' lang='grc' dir='ltr'>οἰ</span> <span class='ocrx_word' id='word_1_111' title='bbox 819 1746 1278 1812; x_wconf 75' lang='grc' dir='ltr'>σκανδαλίζοντες.</span> <span class='ocrx_word' id='word_1_112' title='bbox 1313 1749 1648 1816; x_wconf 86' lang='grc' dir='ltr'>Ἐννοοῦντες</span> <span class='ocrx_word' id='word_1_113' title='bbox 1677 1752 1852 1806; x_wconf 86' lang='grc' dir='ltr'>τοίνυν</span> <span class='ocrx_word' id='word_1_114' title='bbox 1885 1755 1978 1808; x_wconf 76' lang='grc' dir='ltr'>καὶ</span> <span class='ocrx_word' id='word_1_115' title='bbox 2005 1755 2095 1810; x_wconf 88' lang='grc' dir='ltr'>τὸν</span> 
     </span>
    </p>
   </div>
   <div class='ocr_carea' id='block_1_17' title="bbox 515 1837 2092 1914">
    <p class='ocr_par' dir='ltr' id='par_1_17' title="bbox 515 1837 2092 1914">
     <span class='ocr_line' id='line_1_17' title="bbox 515 1837 2092 1914; baseline 0.005 -23"><span class='ocrx_word' id='word_1_116' title='bbox 515 1839 759 1908; x_wconf 89' lang='grc' dir='ltr'>κάματον</span> <span class='ocrx_word' id='word_1_117' title='bbox 803 1837 862 1891; x_wconf 81' lang='grc' dir='ltr'>ὃν</span> <span class='ocrx_word' id='word_1_118' title='bbox 893 1839 1149 1908; x_wconf 85' lang='grc' dir='ltr'>ἐκάμετε,</span> <span class='ocrx_word' id='word_1_119' title='bbox 1190 1840 1284 1892; x_wconf 77' lang='grc' dir='ltr'>καὶ</span> <span class='ocrx_word' id='word_1_120' title='bbox 1316 1839 1406 1893; x_wconf 92' lang='grc' dir='ltr'>τὸν</span> <span class='ocrx_word' id='word_1_121' title='bbox 1438 1841 1598 1894; x_wconf 85' lang='grc' dir='ltr'>πόνον</span> <span class='ocrx_word' id='word_1_122' title='bbox 1637 1842 1697 1895; x_wconf 84' lang='grc' dir='ltr'>ὃν</span> <span class='ocrx_word' id='word_1_123' title='bbox 1739 1843 2092 1914; x_wconf 82' lang='grc' dir='ltr'>ὑπεμείνατε,</span> 
     </span>
    </p>
   </div>
   <div class='ocr_carea' id='block_1_18' title="bbox 514 1928 2094 2008">
    <p class='ocr_par' dir='ltr' id='par_1_18' title="bbox 514 1928 2094 2008">
     <span class='ocr_line' id='line_1_18' title="bbox 514 1928 2094 2008; baseline 0.004 -22"><span class='ocrx_word' id='word_1_124' title='bbox 514 1930 606 1986; x_wconf 81' lang='grc' dir='ltr'>καὶ</span> <span class='ocrx_word' id='word_1_125' title='bbox 637 1930 704 1986; x_wconf 77' lang='grc' dir='ltr'>τὰ</span> <span class='ocrx_word' id='word_1_126' title='bbox 736 1928 1138 2000; x_wconf 84' lang='grc' dir='ltr'>κατορθώματα</span> <span class='ocrx_word' id='word_1_127' title='bbox 1165 1929 1202 1983; x_wconf 84' lang='grc' dir='ltr'>ἀ</span> <span class='ocrx_word' id='word_1_128' title='bbox 1230 1931 1652 2002; x_wconf 76' lang='grc' dir='ltr'>κατωρθώσατε,</span> <span class='ocrx_word' id='word_1_129' title='bbox 1681 1934 1773 1987; x_wconf 73' lang='grc' dir='ltr'>καὶ</span> <span class='ocrx_word' id='word_1_130' title='bbox 1802 1935 1883 1989; x_wconf 86' lang='grc' dir='ltr'>ὅτι</span> <span class='ocrx_word' id='word_1_131' title='bbox 1911 1937 2094 2008; x_wconf 86' lang='grc' dir='ltr'>χάριτι</span> 
     </span>
    </p>
   </div>
   <div class='ocr_carea' id='block_1_19' title="bbox 511 2018 2090 2097">
    <p class='ocr_par' dir='ltr' id='par_1_19' title="bbox 511 2018 2090 2097">
     <span class='ocr_line' id='line_1_19' title="bbox 511 2018 2090 2097; baseline 0.003 -21"><span class='ocrx_word' id='word_1_132' title='bbox 511 2024 648 2077; x_wconf 80' lang='grc' dir='ltr'>Θεοῦ</span> <span class='ocrx_word' id='word_1_133' title='bbox 687 2020 941 2078; x_wconf 81' lang='grc' dir='ltr'>τοσοῦτον</span> <span class='ocrx_word' id='word_1_134' title='bbox 990 2018 1321 2074; x_wconf 87' lang='grc' dir='ltr'>κατελύσατε</span> <span class='ocrx_word' id='word_1_135' title='bbox 1357 2022 1458 2092; x_wconf 90' lang='grc' dir='ltr'>τῆς</span> <span class='ocrx_word' id='word_1_136' title='bbox 1507 2022 1758 2088; x_wconf 88' lang='grc' dir='ltr'>ἀσεϐείας</span> <span class='ocrx_word' id='word_1_137' title='bbox 1802 2027 1863 2076; x_wconf 90' lang='grc' dir='ltr'>τὸ</span> <span class='ocrx_word' id='word_1_138' title='bbox 1905 2027 2090 2097; x_wconf 85' lang='grc' dir='ltr'>μέρος,</span> 
     </span>
    </p>
   </div>
   <div class='ocr_carea' id='block_1_20' title="bbox 511 2109 2090 2187">
    <p class='ocr_par' dir='ltr' id='par_1_20' title="bbox 511 2109 2090 2187">
     <span class='ocr_line' id='line_1_20' title="bbox 511 2109 2090 2187; baseline 0.001 -19"><span class='ocrx_word' id='word_1_139' title='bbox 511 2113 598 2168; x_wconf 78' lang='grc' dir='ltr'>καὶ</span> <span class='ocrx_word' id='word_1_140' title='bbox 634 2115 715 2177; x_wconf 88' lang='grc' dir='ltr'>εἰς</span> <span class='ocrx_word' id='word_1_141' title='bbox 751 2109 1036 2184; x_wconf 79' lang='grc' dir='ltr'>προκοπὴν</span> <span class='ocrx_word' id='word_1_142' title='bbox 1069 2109 1140 2162; x_wconf 75' lang='grc' dir='ltr'>τὰ</span> <span class='ocrx_word' id='word_1_143' title='bbox 1180 2110 1477 2181; x_wconf 85' lang='grc' dir='ltr'>πράγματα</span> <span class='ocrx_word' id='word_1_144' title='bbox 1506 2112 1605 2182; x_wconf 88' lang='grc' dir='ltr'>τῆς</span> <span class='ocrx_word' id='word_1_145' title='bbox 1632 2114 1882 2186; x_wconf 82' lang='grc' dir='ltr'>Φοινίκης</span> <span class='ocrx_word' id='word_1_146' title='bbox 1933 2111 2090 2187; x_wconf 78' lang='grc' dir='ltr'>ἦλθε,</span> 
     </span>
    </p>
   </div>
   <div class='ocr_carea' id='block_1_21' title="bbox 509 2199 2090 2278">
    <p class='ocr_par' dir='ltr' id='par_1_21' title="bbox 509 2199 2090 2278">
     <span class='ocr_line' id='line_1_21' title="bbox 509 2199 2090 2278; baseline 0.003 -22"><span class='ocrx_word' id='word_1_147' title='bbox 509 2206 602 2258; x_wconf 72' lang='grc' dir='ltr'>καὶ</span> <span class='ocrx_word' id='word_1_148' title='bbox 644 2204 727 2257; x_wconf 84' lang='grc' dir='ltr'>ὅτι</span> <span class='ocrx_word' id='word_1_149' title='bbox 773 2202 972 2255; x_wconf 90' lang='grc' dir='ltr'>πλείων</span> <span class='ocrx_word' id='word_1_150' title='bbox 1015 2203 1044 2254; x_wconf 94' lang='lat'>6</span> <span class='ocrx_word' id='word_1_151' title='bbox 1090 2201 1282 2271; x_wconf 86' lang='grc' dir='ltr'>μισθὸς</span> <span class='ocrx_word' id='word_1_152' title='bbox 1330 2199 1425 2253; x_wconf 91' lang='grc' dir='ltr'>νῦν</span> <span class='ocrx_word' id='word_1_153' title='bbox 1479 2201 1606 2272; x_wconf 89' lang='grc' dir='ltr'>ὑμῖν</span> <span class='ocrx_word' id='word_1_154' title='bbox 1652 2205 1748 2258; x_wconf 81' lang='grc' dir='ltr'>καὶ</span> <span class='ocrx_word' id='word_1_155' title='bbox 1804 2205 2006 2276; x_wconf 78' lang='grc' dir='ltr'>μείζων</span> <span class='ocrx_word' id='word_1_156' title='bbox 2055 2209 2090 2278; x_wconf 80' lang='grc' dir='ltr'>ἡ</span> 
     </span>
    </p>
   </div>
   <div class='ocr_carea' id='block_1_22' title="bbox 507 2289 2092 2365">
    <p class='ocr_par' dir='ltr' id='par_1_22' title="bbox 507 2289 2092 2365">
     <span class='ocr_line' id='line_1_22' title="bbox 507 2289 2092 2365; baseline 0.003 -20"><span class='ocrx_word' id='word_1_157' title='bbox 507 2293 744 2363; x_wconf 82' lang='grc' dir='ltr'>ἀμοιϐὴ,</span> <span class='ocrx_word' id='word_1_158' title='bbox 785 2291 880 2344; x_wconf 77' lang='grc' dir='ltr'>καὶ</span> <span class='ocrx_word' id='word_1_159' title='bbox 923 2291 1003 2344; x_wconf 83' lang='grc' dir='ltr'>ὅτι</span> <span class='ocrx_word' id='word_1_160' title='bbox 1047 2291 1257 2360; x_wconf 85' lang='grc' dir='ltr'>ταχέως</span> <span class='ocrx_word' id='word_1_161' title='bbox 1296 2290 1325 2342; x_wconf 93' lang='lat'>6</span> <span class='ocrx_word' id='word_1_162' title='bbox 1366 2289 1500 2353; x_wconf 88' lang='grc' dir='ltr'>Θεὸς</span> <span class='ocrx_word' id='word_1_163' title='bbox 1543 2291 1638 2344; x_wconf 81' lang='grc' dir='ltr'>καὶ</span> <span class='ocrx_word' id='word_1_164' title='bbox 1683 2292 1750 2346; x_wconf 81' lang='grc' dir='ltr'>τά</span> <span class='ocrx_word' id='word_1_165' title='bbox 1795 2293 2092 2365; x_wconf 82' lang='grc' dir='ltr'>κωλύματα</span> 
     </span>
    </p>
   </div>
   <div class='ocr_carea' id='block_1_23' title="bbox 509 2380 2092 2452">
    <p class='ocr_par' dir='ltr' id='par_1_23' title="bbox 509 2380 2092 2452">
     <span class='ocr_line' id='line_1_23' title="bbox 509 2380 2092 2452; baseline 0.002 -16"><span class='ocrx_word' id='word_1_166' title='bbox 509 2381 818 2446; x_wconf 84' lang='grc' dir='ltr'>καταλύσει,</span> <span class='ocrx_word' id='word_1_167' title='bbox 847 2380 941 2434; x_wconf 75' lang='grc' dir='ltr'>καὶ</span> <span class='ocrx_word' id='word_1_168' title='bbox 973 2380 1174 2442; x_wconf 75' lang='grc' dir='ltr'>πολλὰς</span> <span class='ocrx_word' id='word_1_169' title='bbox 1201 2380 1328 2450; x_wconf 90' lang='grc' dir='ltr'>ὑμῖν</span> <span class='ocrx_word' id='word_1_170' title='bbox 1363 2380 1462 2450; x_wconf 90' lang='grc' dir='ltr'>τῆς</span> <span class='ocrx_word' id='word_1_171' title='bbox 1500 2380 1777 2452; x_wconf 83' lang='grc' dir='ltr'>ὑπομονῆς</span> <span class='ocrx_word' id='word_1_172' title='bbox 1803 2382 1962 2437; x_wconf 86' lang='grc' dir='ltr'>δώσει</span> <span class='ocrx_word' id='word_1_173' title='bbox 1991 2386 2092 2450; x_wconf 80' lang='grc' dir='ltr'>τὰς</span> 
     </span>
    </p>
   </div>
   <div class='ocr_carea' id='block_1_24' title="bbox 506 2471 2090 2548">
    <p class='ocr_par' dir='ltr' id='par_1_24' title="bbox 506 2471 2090 2548">
     <span class='ocr_line' id='line_1_24' title="bbox 506 2471 2090 2548; baseline 0.001 -19"><span class='ocrx_word' id='word_1_174' title='bbox 506 2473 830 2537; x_wconf 84' lang='grc' dir='ltr'>ἀντιδόσεις,</span> <span class='ocrx_word' id='word_1_175' title='bbox 863 2471 1232 2542; x_wconf 85' lang='grc' dir='ltr'>παραμένετε,</span> <span class='ocrx_word' id='word_1_176' title='bbox 1273 2471 1574 2526; x_wconf 88' lang='grc' dir='ltr'>ἐνίστασθε.</span> <span class='ocrx_word' id='word_1_177' title='bbox 1610 2474 1773 2527; x_wconf 81' lang='grc' dir='ltr'>Οὐδὲν</span> <span class='ocrx_word' id='word_1_178' title='bbox 1811 2476 1920 2548; x_wconf 83' lang='grc' dir='ltr'>γάρ</span> <span class='ocrx_word' id='word_1_179' title='bbox 1959 2478 2090 2548; x_wconf 84' lang='grc' dir='ltr'>ὑμῖν</span> 
     </span>
    </p>
   </div>
   <div class='ocr_carea' id='block_1_25' title="bbox 506 2563 2090 2638">
    <p class='ocr_par' dir='ltr' id='par_1_25' title="bbox 506 2563 2090 2638">
     <span class='ocr_line' id='line_1_25' title="bbox 506 2563 2090 2638; baseline 0.003 -18"><span class='ocrx_word' id='word_1_180' title='bbox 506 2568 618 2638; x_wconf 78' lang='grc' dir='ltr'>ἔχει</span> <span class='ocrx_word' id='word_1_181' title='bbox 651 2565 831 2634; x_wconf 78' lang='grc' dir='ltr'>λεῖψαι</span> <span class='ocrx_word' id='word_1_182' title='bbox 858 2563 979 2618; x_wconf 80' lang='grc' dir='ltr'>οὐδὲ</span> <span class='ocrx_word' id='word_1_183' title='bbox 1019 2563 1136 2628; x_wconf 88' lang='grc' dir='ltr'>νῦν,</span> <span class='ocrx_word' id='word_1_184' title='bbox 1179 2563 1316 2617; x_wconf 86' lang='grc' dir='ltr'>ἀλλά</span> <span class='ocrx_word' id='word_1_185' title='bbox 1358 2563 1456 2634; x_wconf 89' lang='grc' dir='ltr'>τῆς</span> <span class='ocrx_word' id='word_1_186' title='bbox 1489 2565 1658 2637; x_wconf 86' lang='grc' dir='ltr'>αὑτῆς</span> <span class='ocrx_word' id='word_1_187' title='bbox 1695 2567 1955 2636; x_wconf 82' lang='grc' dir='ltr'>ἀφθονίας</span> <span class='ocrx_word' id='word_1_188' title='bbox 1996 2572 2090 2624; x_wconf 67' lang='grc' dir='ltr'>καὶ</span> 
     </span>
    </p>
   </div>
   <div class='ocr_carea' id='block_1_26' title="bbox 503 2652 2086 2726">
    <p class='ocr_par' dir='ltr' id='par_1_26' title="bbox 503 2652 2086 2726">
     <span class='ocr_line' id='line_1_26' title="bbox 503 2652 2086 2726; baseline 0.003 -17"><span class='ocrx_word' id='word_1_189' title='bbox 503 2655 775 2726; x_wconf 75' lang='grc' dir='ltr'>δαψιλείας</span> <span class='ocrx_word' id='word_1_190' title='bbox 807 2652 1096 2708; x_wconf 73' lang='grc' dir='ltr'>ἀπολαύειν</span> <span class='ocrx_word' id='word_1_191' title='bbox 1145 2653 1291 2724; x_wconf 82' lang='grc' dir='ltr'>ὑμᾶς</span> <span class='ocrx_word' id='word_1_192' title='bbox 1342 2653 1636 2717; x_wconf 87' lang='grc' dir='ltr'>ἐκέλευσα,</span> <span class='ocrx_word' id='word_1_193' title='bbox 1678 2657 1788 2710; x_wconf 73' lang='grc' dir='ltr'>εἴτε</span> <span class='ocrx_word' id='word_1_194' title='bbox 1832 2659 1890 2711; x_wconf 91' lang='grc' dir='ltr'>ἐν</span> <span class='ocrx_word' id='word_1_195' title='bbox 1936 2661 2086 2714; x_wconf 91' lang='grc' dir='ltr'>ἐνδύ-</span> 
     </span>
    </p>
   </div>
   <div class='ocr_carea' id='block_1_27' title="bbox 508 2743 2087 2818">
    <p class='ocr_par' dir='ltr' id='par_1_27' title="bbox 508 2743 2087 2818">
     <span class='ocr_line' id='line_1_27' title="bbox 508 2743 2087 2818; baseline 0.001 -19"><span class='ocrx_word' id='word_1_196' title='bbox 508 2763 696 2816; x_wconf 79' lang='grc' dir='ltr'>μασιν,</span> <span class='ocrx_word' id='word_1_197' title='bbox 730 2745 835 2800; x_wconf 83' lang='grc' dir='ltr'>εἴτε</span> <span class='ocrx_word' id='word_1_198' title='bbox 861 2745 918 2798; x_wconf 89' lang='grc' dir='ltr'>ἐν</span> <span class='ocrx_word' id='word_1_199' title='bbox 951 2743 1312 2814; x_wconf 82' lang='grc' dir='ltr'>ὑποδήμασιν,</span> <span class='ocrx_word' id='word_1_200' title='bbox 1350 2743 1458 2797; x_wconf 83' lang='grc' dir='ltr'>εἴτε</span> <span class='ocrx_word' id='word_1_201' title='bbox 1493 2746 1554 2798; x_wconf 88' lang='grc' dir='ltr'>ἐν</span> <span class='ocrx_word' id='word_1_202' title='bbox 1587 2745 1902 2818; x_wconf 60' lang='grc' dir='ltr'>διατῳφαῖς</span> <span class='ocrx_word' id='word_1_203' title='bbox 1924 2762 1949 2790; x_wconf 72' lang='grc' dir='ltr'>ι</span> <span class='ocrx_word' id='word_1_204' title='bbox 1980 2749 2087 2804; x_wconf 86' lang='grc' dir='ltr'>τῶν</span> 
     </span>
    </p>
   </div>
   <div class='ocr_carea' id='block_1_28' title="bbox 505 2835 2085 2910">
    <p class='ocr_par' dir='ltr' id='par_1_28' title="bbox 505 2835 2085 2910">
     <span class='ocr_line' id='line_1_28' title="bbox 505 2835 2085 2910; baseline 0.002 -18"><span class='ocrx_word' id='word_1_205' title='bbox 505 2837 771 2907; x_wconf 77' lang='grc' dir='ltr'>ἀδελφῶν.</span> <span class='ocrx_word' id='word_1_206' title='bbox 807 2836 870 2889; x_wconf 87' lang='grc' dir='ltr'><strong>Εἰ</strong></span> <span class='ocrx_word' id='word_1_207' title='bbox 901 2835 958 2890; x_wconf 75' lang='grc' dir='ltr'>δὲ</span> <span class='ocrx_word' id='word_1_208' title='bbox 986 2836 1146 2907; x_wconf 84' lang='grc' dir='ltr'>ἡμεῖς</span> <span class='ocrx_word' id='word_1_209' title='bbox 1179 2837 1237 2889; x_wconf 88' lang='grc' dir='ltr'>ἐν</span> <span class='ocrx_word' id='word_1_210' title='bbox 1266 2835 1500 2908; x_wconf 76' lang='grc' dir='ltr'>τοσαύτῃ</span> <span class='ocrx_word' id='word_1_211' title='bbox 1535 2835 1684 2910; x_wconf 69' lang='grc'>[664]</span> <span class='ocrx_word' id='word_1_212' title='bbox 1715 2839 1888 2910; x_wconf 67' lang='grc' dir='ltr'>θλίψει</span> <span class='ocrx_word' id='word_1_213' title='bbox 1912 2841 2085 2908; x_wconf 75' lang='grc' dir='ltr'>ὄντες,</span> 
     </span>
    </p>
   </div>
   <div class='ocr_carea' id='block_1_29' title="bbox 505 2915 2087 3002">
    <p class='ocr_par' dir='ltr' id='par_1_29' title="bbox 505 2915 2087 3002">
     <span class='ocr_line' id='line_1_29' title="bbox 505 2915 2087 3002; baseline 0.004 -22"><span class='ocrx_word' id='word_1_214' title='bbox 505 2930 600 2980; x_wconf 73' lang='grc' dir='ltr'>καὶ</span> <span class='ocrx_word' id='word_1_215' title='bbox 631 2926 970 2999; x_wconf 81' lang='grc' dir='ltr'>περιστάσει,</span> <span class='ocrx_word' id='word_1_216' title='bbox 1009 2927 1104 2979; x_wconf 72' lang='grc' dir='ltr'>καὶ</span> <span class='ocrx_word' id='word_1_217' title='bbox 1137 2927 1374 2996; x_wconf 79' lang='grc' dir='ltr'>ἐρημίαν</span> <span class='ocrx_word' id='word_1_218' title='bbox 1413 2927 1690 2992; x_wconf 73' lang='grc' dir='ltr'>οἰκοῦντες</span> <span class='ocrx_word' id='word_1_219' title='bbox 1719 2915 1818 3002; x_wconf 77' lang='grc' dir='ltr'>τὴν</span> <span class='ocrx_word' id='word_1_220' title='bbox 1846 2933 2087 2986; x_wconf 83' lang='grc' dir='ltr'>Κουκου-</span> 
     </span>
    </p>
   </div>
   <div class='ocr_carea' id='block_1_30' title="bbox 504 3014 2083 3092">
    <p class='ocr_par' dir='ltr' id='par_1_30' title="bbox 504 3014 2083 3092">
     <span class='ocr_line' id='line_1_30' title="bbox 504 3014 2083 3092; baseline 0.003 -22"><span class='ocrx_word' id='word_1_221' title='bbox 504 3019 618 3081; x_wconf 75' lang='grc' dir='ltr'>σὸν,</span> <span class='ocrx_word' id='word_1_222' title='bbox 645 3015 908 3086; x_wconf 87' lang='grc' dir='ltr'>τοσαύτην</span> <span class='ocrx_word' id='word_1_223' title='bbox 943 3014 1241 3086; x_wconf 86' lang='grc' dir='ltr'>ποιούμεθα</span> <span class='ocrx_word' id='word_1_224' title='bbox 1283 3017 1539 3086; x_wconf 82' lang='grc' dir='ltr'>φροντίδα</span> <span class='ocrx_word' id='word_1_225' title='bbox 1577 3018 1686 3071; x_wconf 92' lang='grc' dir='ltr'>τῶν</span> <span class='ocrx_word' id='word_1_226' title='bbox 1717 3021 2083 3092; x_wconf 84' lang='grc' dir='ltr'>κατορθωμά-</span> 
     </span>
    </p>
   </div>
   <div class='ocr_carea' id='block_1_31' title="bbox 503 3107 2085 3182">
    <p class='ocr_par' dir='ltr' id='par_1_31' title="bbox 503 3107 2085 3182">
     <span class='ocr_line' id='line_1_31' title="bbox 503 3107 2085 3182; baseline 0.003 -21"><span class='ocrx_word' id='word_1_227' title='bbox 503 3127 610 3162; x_wconf 86' lang='grc' dir='ltr'>των</span> <span class='ocrx_word' id='word_1_228' title='bbox 658 3107 768 3162; x_wconf 83' lang='grc' dir='ltr'>τῶν</span> <span class='ocrx_word' id='word_1_229' title='bbox 827 3107 1130 3178; x_wconf 85' lang='grc' dir='ltr'>ὑμετέρων,</span> <span class='ocrx_word' id='word_1_230' title='bbox 1179 3107 1359 3178; x_wconf 88' lang='grc' dir='ltr'>πολλῷ</span> <span class='ocrx_word' id='word_1_231' title='bbox 1411 3107 1612 3178; x_wconf 80' lang='grc' dir='ltr'>μᾶλλον</span> <span class='ocrx_word' id='word_1_232' title='bbox 1665 3110 1761 3164; x_wconf 76' lang='grc' dir='ltr'>καὶ</span> <span class='ocrx_word' id='word_1_233' title='bbox 1804 3112 1948 3182; x_wconf 81' lang='grc' dir='ltr'>ὑμᾶς</span> <span class='ocrx_word' id='word_1_234' title='bbox 2002 3113 2085 3166; x_wconf 87' lang='grc' dir='ltr'>δεῖ</span> 
     </span>
    </p>
   </div>
   <div class='ocr_carea' id='block_1_32' title="bbox 503 3197 2081 3276">
    <p class='ocr_par' dir='ltr' id='par_1_32' title="bbox 503 3197 2081 3276">
     <span class='ocr_line' id='line_1_32' title="bbox 503 3197 2081 3276; baseline 0.004 -23"><span class='ocrx_word' id='word_1_235' title='bbox 503 3201 702 3271; x_wconf 85' lang='grc' dir='ltr'>πολλῆς</span> <span class='ocrx_word' id='word_1_236' title='bbox 765 3198 1026 3271; x_wconf 89' lang='grc' dir='ltr'>εὑπορίας</span> <span class='ocrx_word' id='word_1_237' title='bbox 1088 3197 1494 3264; x_wconf 88' lang='grc' dir='ltr'>ἀπολαύοντας,</span> <span class='ocrx_word' id='word_1_238' title='bbox 1541 3201 1684 3254; x_wconf 85' lang='grc' dir='ltr'>κατά</span> <span class='ocrx_word' id='word_1_239' title='bbox 1740 3204 1840 3273; x_wconf 78' lang='grc' dir='ltr'>τὴν</span> <span class='ocrx_word' id='word_1_240' title='bbox 1890 3206 2081 3276; x_wconf 85' lang='grc' dir='ltr'>χρείαν</span> 
     </span>
    </p>
   </div>
   <div class='ocr_carea' id='block_1_33' title="bbox 502 3289 2076 3366">
    <p class='ocr_par' dir='ltr' id='par_1_33' title="bbox 502 3289 2076 3366">
     <span class='ocr_line' id='line_1_33' title="bbox 502 3289 2076 3366; baseline 0.001 -19"><span class='ocrx_word' id='word_1_241' title='bbox 502 3294 646 3362; x_wconf 87' lang='grc' dir='ltr'>λέγω</span> <span class='ocrx_word' id='word_1_242' title='bbox 675 3293 786 3346; x_wconf 88' lang='grc' dir='ltr'>τῶν</span> <span class='ocrx_word' id='word_1_243' title='bbox 817 3289 1151 3359; x_wconf 83' lang='grc' dir='ltr'>ἀναγκαίων,</span> <span class='ocrx_word' id='word_1_244' title='bbox 1181 3289 1252 3342; x_wconf 79' lang='grc' dir='ltr'>τά</span> <span class='ocrx_word' id='word_1_245' title='bbox 1293 3291 1422 3360; x_wconf 83' lang='grc' dir='ltr'>παρ’</span> <span class='ocrx_word' id='word_1_246' title='bbox 1445 3290 1653 3344; x_wconf 80' lang='grc' dir='ltr'>ἑαυτῶν</span> <span class='ocrx_word' id='word_1_247' title='bbox 1684 3294 2076 3366; x_wconf 87' lang='grc' dir='ltr'>συνεισφέρειν.</span> 
     </span>
    </p>
   </div>
   <div class='ocr_carea' id='block_1_34' title="bbox 504 3380 2081 3456">
    <p class='ocr_par' dir='ltr' id='par_1_34' title="bbox 504 3380 2081 3456">
     <span class='ocr_line' id='line_1_34' title="bbox 504 3380 2081 3456; baseline -0.002 -18"><span class='ocrx_word' id='word_1_248' title='bbox 504 3383 813 3456; x_wconf 82' lang='grc' dir='ltr'>Παρακαλῶ</span> <span class='ocrx_word' id='word_1_249' title='bbox 852 3382 1052 3448; x_wconf 80' lang='grc' dir='ltr'>τοίνυν,</span> <span class='ocrx_word' id='word_1_250' title='bbox 1109 3381 1300 3452; x_wconf 70' lang='grc' dir='ltr'>μηδεὶς</span> <span class='ocrx_word' id='word_1_251' title='bbox 1357 3380 1501 3451; x_wconf 82' lang='grc' dir='ltr'>ὑμᾶς</span> <span class='ocrx_word' id='word_1_252' title='bbox 1540 3380 1772 3454; x_wconf 80' lang='grc' dir='ltr'>φοϐήσῃ.</span> <span class='ocrx_word' id='word_1_253' title='bbox 1822 3383 1930 3435; x_wconf 79' lang='grc' dir='ltr'>Καὶ</span> <span class='ocrx_word' id='word_1_254' title='bbox 1972 3383 2081 3455; x_wconf 82' lang='grc' dir='ltr'>γὰρ</span> 
     </span>
    </p>
   </div>
   <div class='ocr_carea' id='block_1_35' title="bbox 502 3469 2080 3544">
    <p class='ocr_par' dir='ltr' id='par_1_35' title="bbox 502 3469 2080 3544">
     <span class='ocr_line' id='line_1_35' title="bbox 502 3469 2080 3544; baseline -0.001 -16"><span class='ocrx_word' id='word_1_255' title='bbox 502 3476 596 3528; x_wconf 76' lang='grc' dir='ltr'>καὶ</span> <span class='ocrx_word' id='word_1_256' title='bbox 628 3473 699 3527; x_wconf 82' lang='grc' dir='ltr'>τὰ</span> <span class='ocrx_word' id='word_1_257' title='bbox 739 3474 1044 3544; x_wconf 84' lang='grc' dir='ltr'>πράγματα</span> <span class='ocrx_word' id='word_1_258' title='bbox 1087 3471 1456 3542; x_wconf 83' lang='grc' dir='ltr'>χρηστοτέρας</span> <span class='ocrx_word' id='word_1_259' title='bbox 1490 3469 1649 3540; x_wconf 76' lang='grc' dir='ltr'>ἔσχεν</span> <span class='ocrx_word' id='word_1_260' title='bbox 1697 3471 1916 3536; x_wconf 88' lang='grc' dir='ltr'>ἐλπίδας</span> <span class='ocrx_word' id='word_1_261' title='bbox 1937 3489 1951 3504; x_wconf 77' lang='grc' dir='ltr'><strong>ο</strong></span> <span class='ocrx_word' id='word_1_262' title='bbox 1983 3476 2080 3526; x_wconf 73' lang='grc' dir='ltr'>καὶ</span> 
     </span>
    </p>
   </div>
   <div class='ocr_carea' id='block_1_36' title="bbox 498 3561 2078 3640">
    <p class='ocr_par' dir='ltr' id='par_1_36' title="bbox 498 3561 2078 3640">
     <span class='ocr_line' id='line_1_36' title="bbox 498 3561 2078 3640; baseline -0.003 -18"><span class='ocrx_word' id='word_1_263' title='bbox 498 3566 791 3640; x_wconf 88' lang='grc' dir='ltr'>δυνήσεσθε</span> <span class='ocrx_word' id='word_1_264' title='bbox 839 3563 997 3618; x_wconf 88' lang='grc' dir='ltr'>τοῦτο</span> <span class='ocrx_word' id='word_1_265' title='bbox 1034 3563 1226 3636; x_wconf 85' lang='grc' dir='ltr'>μαθεῖν</span> <span class='ocrx_word' id='word_1_266' title='bbox 1270 3562 1378 3615; x_wconf 90' lang='grc' dir='ltr'>ἀπὸ</span> <span class='ocrx_word' id='word_1_267' title='bbox 1425 3561 1534 3615; x_wconf 88' lang='grc' dir='ltr'>τῶν</span> <span class='ocrx_word' id='word_1_268' title='bbox 1577 3563 1928 3634; x_wconf 74' lang='grc' dir='ltr'>ἀντιγράφων</span> <span class='ocrx_word' id='word_1_269' title='bbox 1969 3565 2078 3619; x_wconf 90' lang='grc' dir='ltr'>τῶν</span> 
     </span>
    </p>
   </div>
   <div class='ocr_carea' id='block_1_37' title="bbox 499 3652 2078 3726">
    <p class='ocr_par' dir='ltr' id='par_1_37' title="bbox 499 3652 2078 3726">
     <span class='ocr_line' id='line_1_37' title="bbox 499 3652 2078 3726; baseline -0.003 -12"><span class='ocrx_word' id='word_1_270' title='bbox 499 3657 910 3714; x_wconf 79' lang='grc' dir='ltr'>ἀποσταλέντων</span> <span class='ocrx_word' id='word_1_271' title='bbox 943 3653 1096 3726; x_wconf 86' lang='grc' dir='ltr'>παρά</span> <span class='ocrx_word' id='word_1_272' title='bbox 1133 3652 1226 3706; x_wconf 90' lang='grc' dir='ltr'>τοῦ</span> <span class='ocrx_word' id='word_1_273' title='bbox 1262 3653 1466 3724; x_wconf 34' lang='grc' dir='ltr'>κυρίου,</span> <span class='ocrx_word' id='word_1_274' title='bbox 1500 3653 1724 3723; x_wconf 85' lang='grc' dir='ltr'>μουτοῦ</span> <span class='ocrx_word' id='word_1_275' title='bbox 1753 3653 2078 3710; x_wconf 83' lang='grc' dir='ltr'>εὑλαϐεστά-</span> 
     </span>
    </p>
   </div>
   <div class='ocr_carea' id='block_1_38' title="bbox 497 3743 2076 3820">
    <p class='ocr_par' dir='ltr' id='par_1_38' title="bbox 497 3743 2076 3820">
     <span class='ocr_line' id='line_1_38' title="bbox 497 3743 2076 3820; baseline -0.002 -17"><span class='ocrx_word' id='word_1_276' title='bbox 497 3769 591 3804; x_wconf 64' lang='grc' dir='ltr'>του</span> <span class='ocrx_word' id='word_1_277' title='bbox 643 3747 1011 3820; x_wconf 89' lang='grc' dir='ltr'>πρεσϐυτέρου</span> <span class='ocrx_word' id='word_1_278' title='bbox 1061 3745 1456 3798; x_wconf 82' lang='grc' dir='ltr'>Κωνσταντίου.</span> <span class='ocrx_word' id='word_1_279' title='bbox 1497 3745 1606 3798; x_wconf 81' lang='grc' dir='ltr'>Καὶ</span> <span class='ocrx_word' id='word_1_280' title='bbox 1655 3743 1752 3798; x_wconf 78' lang='grc' dir='ltr'>ἐὰν</span> <span class='ocrx_word' id='word_1_281' title='bbox 1799 3748 2076 3818; x_wconf 82' lang='grc' dir='ltr'>παραμεί-</span> 
     </span>
    </p>
   </div>
   <div class='ocr_carea' id='block_1_39' title="bbox 497 3834 2072 3914">
    <p class='ocr_par' dir='ltr' id='par_1_39' title="bbox 497 3834 2072 3914">
     <span class='ocr_line' id='line_1_39' title="bbox 497 3834 2072 3914; baseline -0.002 -17"><span class='ocrx_word' id='word_1_282' title='bbox 497 3860 645 3914; x_wconf 90' lang='grc' dir='ltr'>νητε,</span> <span class='ocrx_word' id='word_1_283' title='bbox 673 3842 773 3896; x_wconf 83' lang='grc' dir='ltr'>κᾶν</span> <span class='ocrx_word' id='word_1_284' title='bbox 804 3839 971 3912; x_wconf 90' lang='grc' dir='ltr'>μυρία</span> <span class='ocrx_word' id='word_1_285' title='bbox 1051 3837 1118 3891; x_wconf 91' lang='grc' dir='ltr'>τά</span> <span class='ocrx_word' id='word_1_286' title='bbox 1145 3836 1460 3907; x_wconf 82' lang='grc' dir='ltr'>κωλύματα,</span> <span class='ocrx_word' id='word_1_287' title='bbox 1486 3837 1701 3891; x_wconf 87' lang='grc' dir='ltr'>πάντων</span> <span class='ocrx_word' id='word_1_288' title='bbox 1733 3839 2072 3909; x_wconf 85' lang='grc' dir='ltr'>περιέσεσθε.</span> 
     </span>
    </p>
   </div>
   <div class='ocr_carea' id='block_1_40' title="bbox 496 3926 2074 4002">
    <p class='ocr_par' dir='ltr' id='par_1_40' title="bbox 496 3926 2074 4002">
     <span class='ocr_line' id='line_1_40' title="bbox 496 3926 2074 4002; baseline -0.001 -17"><span class='ocrx_word' id='word_1_289' title='bbox 496 3932 664 3985; x_wconf 79' lang='grc' dir='ltr'>Οὐδὲν</span> <span class='ocrx_word' id='word_1_290' title='bbox 692 3931 798 4002; x_wconf 83' lang='grc' dir='ltr'>γὰρ</span> <span class='ocrx_word' id='word_1_291' title='bbox 833 3928 1111 3999; x_wconf 88' lang='grc' dir='ltr'>ὑπομονῆς</span> <span class='ocrx_word' id='word_1_292' title='bbox 1132 3927 1247 3979; x_wconf 86' lang='grc' dir='ltr'>ῐσον</span> <span class='ocrx_word' id='word_1_293' title='bbox 1278 3926 1373 3978; x_wconf 78' lang='grc' dir='ltr'>καὶ</span> <span class='ocrx_word' id='word_1_294' title='bbox 1407 3926 1730 3997; x_wconf 84' lang='grc' dir='ltr'>καρτερίας·</span> <span class='ocrx_word' id='word_1_295' title='bbox 1763 3928 1940 3999; x_wconf 74' lang='grc' dir='ltr'>πέτρα</span> <span class='ocrx_word' id='word_1_296' title='bbox 1966 3928 2074 4000; x_wconf 79' lang='grc' dir='ltr'>γὰρ</span> 
     </span>
    </p>
   </div>
   <div class='ocr_carea' id='block_1_41' title="bbox 497 4012 2072 4090">
    <p class='ocr_par' dir='ltr' id='par_1_41' title="bbox 497 4012 2072 4090">
     <span class='ocr_line' id='line_1_41' title="bbox 497 4012 2072 4090; baseline -0.001 -15"><span class='ocrx_word' id='word_1_297' title='bbox 497 4023 702 4075; x_wconf 76' lang='grc' dir='ltr'>ἔοικεν·</span> <span class='ocrx_word' id='word_1_298' title='bbox 734 4022 791 4074; x_wconf 89' lang='grc' dir='ltr'>αί</span> <span class='ocrx_word' id='word_1_299' title='bbox 837 4019 895 4072; x_wconf 86' lang='grc' dir='ltr'>δέ</span> <span class='ocrx_word' id='word_1_300' title='bbox 933 4018 1170 4090; x_wconf 75' lang='grc' dir='ltr'>ταραχαὶ</span> <span class='ocrx_word' id='word_1_301' title='bbox 1213 4012 1371 4072; x_wconf 74' lang='grc' dir='ltr'>αὗται</span> <span class='ocrx_word' id='word_1_302' title='bbox 1422 4019 1516 4071; x_wconf 81' lang='grc' dir='ltr'>καὶ</span> <span class='ocrx_word' id='word_1_303' title='bbox 1553 4019 1610 4072; x_wconf 81' lang='grc' dir='ltr'>αἱ</span> <span class='ocrx_word' id='word_1_304' title='bbox 1657 4018 1970 4086; x_wconf 73' lang='grc' dir='ltr'>ἐπιϐουλαὶ,</span> <span class='ocrx_word' id='word_1_305' title='bbox 2017 4022 2072 4074; x_wconf 89' lang='grc' dir='ltr'>αί</span> 
     </span>
    </p>
   </div>
   <div class='ocr_carea' id='block_1_42' title="bbox 495 4108 2072 4180">
    <p class='ocr_par' dir='ltr' id='par_1_42' title="bbox 495 4108 2072 4180">
     <span class='ocr_line' id='line_1_42' title="bbox 495 4108 2072 4180; baseline -0.004 -12"><span class='ocrx_word' id='word_1_306' title='bbox 495 4112 640 4168; x_wconf 79' lang='grc' dir='ltr'>κατά</span> <span class='ocrx_word' id='word_1_307' title='bbox 686 4111 785 4180; x_wconf 87' lang='grc' dir='ltr'>τῆς</span> <span class='ocrx_word' id='word_1_308' title='bbox 827 4109 1151 4180; x_wconf 85' lang='grc' dir='ltr'>Ἐκκλησίας</span> <span class='ocrx_word' id='word_1_309' title='bbox 1212 4110 1518 4178; x_wconf 87' lang='grc' dir='ltr'>γινόμεναι,</span> <span class='ocrx_word' id='word_1_310' title='bbox 1569 4108 1810 4180; x_wconf 88' lang='grc' dir='ltr'>κύμασιν</span> <span class='ocrx_word' id='word_1_311' title='bbox 1861 4110 2072 4163; x_wconf 89' lang='grc' dir='ltr'>ἐοίκασι</span> 
     </span>
    </p>
   </div>
   <div class='ocr_carea' id='block_1_43' title="bbox 497 4199 2072 4274">
    <p class='ocr_par' dir='ltr' id='par_1_43' title="bbox 497 4199 2072 4274">
     <span class='ocr_line' id='line_1_43' title="bbox 497 4199 2072 4274; baseline -0.001 -18"><span class='ocrx_word' id='word_1_312' title='bbox 497 4200 1003 4274; x_wconf 85' lang='grc' dir='ltr'>προσρηγνυμένοις</span> <span class='ocrx_word' id='word_1_313' title='bbox 1053 4201 1120 4269; x_wconf 78' lang='grc' dir='ltr'>τῇ</span> <span class='ocrx_word' id='word_1_314' title='bbox 1172 4199 1378 4270; x_wconf 66' lang='grc' dir='ltr'>πέτρα,</span> <span class='ocrx_word' id='word_1_315' title='bbox 1431 4199 1524 4253; x_wconf 82' lang='grc' dir='ltr'>καὶ</span> <span class='ocrx_word' id='word_1_316' title='bbox 1570 4201 1942 4271; x_wconf 84' lang='grc' dir='ltr'>διαλυομένοις</span> <span class='ocrx_word' id='word_1_317' title='bbox 1991 4203 2072 4266; x_wconf 87' lang='grc' dir='ltr'>εἰς</span> 
     </span>
    </p>
   </div>
   <div class='ocr_carea' id='block_1_44' title="bbox 496 4289 2068 4361">
    <p class='ocr_par' dir='ltr' id='par_1_44' title="bbox 496 4289 2068 4361">
     <span class='ocr_line' id='line_1_44' title="bbox 496 4289 2068 4361; baseline 0.001 -19"><span class='ocrx_word' id='word_1_318' title='bbox 496 4294 694 4345; x_wconf 82' lang='grc' dir='ltr'>οἰκεῖον</span> <span class='ocrx_word' id='word_1_319' title='bbox 735 4289 928 4361; x_wconf 81' lang='grc' dir='ltr'>ἀφρόν.</span> <span class='ocrx_word' id='word_1_320' title='bbox 970 4289 1290 4358; x_wconf 86' lang='grc' dir='ltr'>Ἐννοήσατε</span> <span class='ocrx_word' id='word_1_321' title='bbox 1339 4289 1442 4341; x_wconf 82' lang='grc' dir='ltr'>ὅσα</span> <span class='ocrx_word' id='word_1_322' title='bbox 1481 4289 1740 4360; x_wconf 84' lang='grc' dir='ltr'>μακάριοι</span> <span class='ocrx_word' id='word_1_323' title='bbox 1783 4291 2068 4344; x_wconf 87' lang='grc' dir='ltr'>ἀπόστολοι</span> 
     </span>
    </p>
   </div>
   <div class='ocr_carea' id='block_1_45' title="bbox 496 4379 2070 4454">
    <p class='ocr_par' dir='ltr' id='par_1_45' title="bbox 496 4379 2070 4454">
     <span class='ocr_line' id='line_1_45' title="bbox 496 4379 2070 4454; baseline 0 -18"><span class='ocrx_word' id='word_1_324' title='bbox 496 4383 728 4454; x_wconf 73' lang='grc' dir='ltr'>ἔπασχον</span> <span class='ocrx_word' id='word_1_325' title='bbox 757 4382 849 4435; x_wconf 72' lang='grc' dir='ltr'>καὶ</span> <span class='ocrx_word' id='word_1_326' title='bbox 877 4379 1027 4451; x_wconf 87' lang='grc' dir='ltr'>παρά</span> <span class='ocrx_word' id='word_1_327' title='bbox 1053 4380 1285 4443; x_wconf 87' lang='grc' dir='ltr'>οἰκείων,</span> <span class='ocrx_word' id='word_1_328' title='bbox 1317 4379 1408 4432; x_wconf 75' lang='grc' dir='ltr'>καὶ</span> <span class='ocrx_word' id='word_1_329' title='bbox 1454 4380 1604 4451; x_wconf 83' lang='grc' dir='ltr'>παρά</span> <span class='ocrx_word' id='word_1_330' title='bbox 1631 4381 1944 4453; x_wconf 88' lang='grc' dir='ltr'>ἀλλοτρίων,</span> <span class='ocrx_word' id='word_1_331' title='bbox 1975 4382 2070 4436; x_wconf 79' lang='grc' dir='ltr'>καὶ</span> 
     </span>
    </p>
   </div>
   <div class='ocr_carea' id='block_1_46' title="bbox 493 4469 2068 4544">
    <p class='ocr_par' dir='ltr' id='par_1_46' title="bbox 493 4469 2068 4544">
     <span class='ocr_line' id='line_1_46' title="bbox 493 4469 2068 4544; baseline -0.002 -15"><span class='ocrx_word' id='word_1_332' title='bbox 493 4476 578 4529; x_wconf 83' lang='grc' dir='ltr'>ὅτι</span> <span class='ocrx_word' id='word_1_333' title='bbox 622 4474 796 4526; x_wconf 91' lang='grc' dir='ltr'>πάντα</span> <span class='ocrx_word' id='word_1_334' title='bbox 839 4471 928 4525; x_wconf 90' lang='grc' dir='ltr'>τὸν</span> <span class='ocrx_word' id='word_1_335' title='bbox 980 4471 1167 4542; x_wconf 88' lang='grc' dir='ltr'>χρόνον</span> <span class='ocrx_word' id='word_1_336' title='bbox 1209 4469 1302 4522; x_wconf 93' lang='grc' dir='ltr'>τοῦ</span> <span class='ocrx_word' id='word_1_337' title='bbox 1344 4470 1696 4542; x_wconf 84' lang='grc' dir='ltr'>κηρύγματος</span> <span class='ocrx_word' id='word_1_338' title='bbox 1739 4473 1826 4526; x_wconf 82' lang='grc' dir='ltr'>διὰ</span> <span class='ocrx_word' id='word_1_339' title='bbox 1871 4491 2068 4544; x_wconf 83' lang='grc' dir='ltr'>πειρα-</span> 
     </span>
    </p>
   </div>
   <div class='ocr_carea' id='block_1_47' title="bbox 496 4561 2068 4636">
    <p class='ocr_par' dir='ltr' id='par_1_47' title="bbox 496 4561 2068 4636">
     <span class='ocr_line' id='line_1_47' title="bbox 496 4561 2068 4636; baseline -0.001 -18"><span class='ocrx_word' id='word_1_340' title='bbox 496 4564 670 4636; x_wconf 86' lang='grc' dir='ltr'>σμῶν,</span> <span class='ocrx_word' id='word_1_341' title='bbox 701 4564 789 4616; x_wconf 78' lang='grc' dir='ltr'>διὰ</span> <span class='ocrx_word' id='word_1_342' title='bbox 815 4561 1095 4624; x_wconf 88' lang='grc' dir='ltr'>κινδύνων,</span> <span class='ocrx_word' id='word_1_343' title='bbox 1131 4561 1197 4613; x_wconf 84' lang='grc' dir='ltr'>δι’</span> <span class='ocrx_word' id='word_1_344' title='bbox 1222 4561 1518 4614; x_wconf 87' lang='grc' dir='ltr'>ἐπιϐουλῶν</span> <span class='ocrx_word' id='word_1_345' title='bbox 1549 4561 1825 4634; x_wconf 73' lang='grc' dir='ltr'>διήνυσαν,</span> <span class='ocrx_word' id='word_1_346' title='bbox 1865 4565 1943 4627; x_wconf 89' lang='grc' dir='ltr'>είς</span> <span class='ocrx_word' id='word_1_347' title='bbox 1979 4564 2068 4618; x_wconf 87' lang='grc' dir='ltr'>δε-</span> 
     </span>
    </p>
   </div>
   <div class='ocr_carea' id='block_1_48' title="bbox 496 4650 2068 4724">
    <p class='ocr_par' dir='ltr' id='par_1_48' title="bbox 496 4650 2068 4724">
     <span class='ocr_line' id='line_1_48' title="bbox 496 4650 2068 4724; baseline -0.008 -17"><span class='ocrx_word' id='word_1_348' title='bbox 496 4654 806 4724; x_wconf 82' lang='grc' dir='ltr'>σμωτήρια,</span> <span class='ocrx_word' id='word_1_349' title='bbox 850 4651 944 4704; x_wconf 69' lang='grc' dir='ltr'>καὶ</span> <span class='ocrx_word' id='word_1_350' title='bbox 977 4650 1230 4714; x_wconf 80' lang='grc' dir='ltr'>ἁλύσεις,</span> <span class='ocrx_word' id='word_1_351' title='bbox 1267 4651 1360 4702; x_wconf 68' lang='grc' dir='ltr'>καὶ</span> <span class='ocrx_word' id='word_1_352' title='bbox 1395 4651 1722 4719; x_wconf 76' lang='grc' dir='ltr'>ἀπαγωγάς,</span> <span class='ocrx_word' id='word_1_353' title='bbox 1766 4653 1860 4705; x_wconf 76' lang='grc' dir='ltr'>καὶ</span> <span class='ocrx_word' id='word_1_354' title='bbox 1893 4653 1921 4692; x_wconf 83' lang='lat' dir='ltr'><strong>b</strong></span> <span class='ocrx_word' id='word_1_355' title='bbox 1964 4654 2068 4724; x_wconf 84' lang='grc' dir='ltr'>μά-</span> 
     </span>
    </p>
   </div>
   <div class='ocr_carea' id='block_1_49' title="bbox 495 4741 2062 4814">
    <p class='ocr_par' dir='ltr' id='par_1_49' title="bbox 495 4741 2062 4814">
     <span class='ocr_line' id='line_1_49' title="bbox 495 4741 2062 4814; baseline 0 -15"><span class='ocrx_word' id='word_1_356' title='bbox 495 4762 688 4814; x_wconf 81' lang='grc' dir='ltr'>στιγας</span> <span class='ocrx_word' id='word_1_357' title='bbox 733 4745 827 4798; x_wconf 71' lang='grc' dir='ltr'>καὶ</span> <span class='ocrx_word' id='word_1_358' title='bbox 873 4743 1088 4814; x_wconf 80' lang='grc' dir='ltr'>λιμοὺς,</span> <span class='ocrx_word' id='word_1_359' title='bbox 1129 4742 1224 4795; x_wconf 73' lang='grc' dir='ltr'>καὶ</span> <span class='ocrx_word' id='word_1_360' title='bbox 1270 4741 1611 4812; x_wconf 87' lang='grc' dir='ltr'>γυμνότητας</span> <span class='ocrx_word' id='word_1_361' title='bbox 1667 4742 2062 4813; x_wconf 83' lang='grc' dir='ltr'>δαπανώμενοι.</span> 
     </span>
    </p>
   </div>
   <div class='ocr_carea' id='block_1_50' title="bbox 507 4833 2066 4907">
    <p class='ocr_par' dir='ltr' id='par_1_50' title="bbox 507 4833 2066 4907">
     <span class='ocr_line' id='line_1_50' title="bbox 507 4833 2066 4907; baseline -0.001 -17"><span class='ocrx_word' id='word_1_362' title='bbox 507 4837 644 4890; x_wconf 84' lang='grc' dir='ltr'>Ἀλλ’</span> <span class='ocrx_word' id='word_1_363' title='bbox 671 4838 822 4907; x_wconf 84' lang='grc' dir='ltr'>ὅμως</span> <span class='ocrx_word' id='word_1_364' title='bbox 853 4836 948 4889; x_wconf 72' lang='grc' dir='ltr'>καὶ</span> <span class='ocrx_word' id='word_1_365' title='bbox 979 4838 1036 4888; x_wconf 88' lang='grc' dir='ltr'>ἐν</span> <span class='ocrx_word' id='word_1_366' title='bbox 1063 4835 1244 4896; x_wconf 78' lang='grc' dir='ltr'>αὐτοῖς</span> <span class='ocrx_word' id='word_1_367' title='bbox 1278 4835 1390 4896; x_wconf 87' lang='grc' dir='ltr'>τοῖς</span> <span class='ocrx_word' id='word_1_368' title='bbox 1431 4833 1826 4903; x_wconf 86' lang='grc' dir='ltr'>δεσμωτηρίοις</span> <span class='ocrx_word' id='word_1_369' title='bbox 1856 4833 2066 4888; x_wconf 86' lang='grc' dir='ltr'>οἰκοῦν-</span> 
     </span>
    </p>
   </div>
   <div class='ocr_carea' id='block_1_51' title="bbox 493 4925 2111 4998">
    <p class='ocr_par' dir='ltr' id='par_1_51' title="bbox 493 4925 2111 4998">
     <span class='ocr_line' id='line_1_51' title="bbox 493 4925 2111 4998; baseline 0 -18"><span class='ocrx_word' id='word_1_370' title='bbox 493 4945 604 4990; x_wconf 80' lang='grc' dir='ltr'>τες,</span> <span class='ocrx_word' id='word_1_371' title='bbox 637 4928 736 4997; x_wconf 87' lang='grc' dir='ltr'>τῆς</span> <span class='ocrx_word' id='word_1_372' title='bbox 775 4926 1215 4998; x_wconf 85' lang='grc' dir='ltr'>ἐγχειρισθείσης</span> <span class='ocrx_word' id='word_1_373' title='bbox 1244 4925 1425 4988; x_wconf 87' lang='grc' dir='ltr'>αὑτοῖς</span> <span class='ocrx_word' id='word_1_374' title='bbox 1465 4925 1774 4995; x_wconf 84' lang='grc' dir='ltr'>οἰκονομίας</span> <span class='ocrx_word' id='word_1_375' title='bbox 1811 4925 1913 4979; x_wconf 86' lang='grc' dir='ltr'>οῦκ</span> <span class='ocrx_word' id='word_1_376' title='bbox 1941 4927 2065 4997; x_wconf 87' lang='grc' dir='ltr'>ἀφί-</span> <span class='ocrx_word' id='word_1_377' title='bbox 2107 4959 2111 4962; x_wconf 93' lang='grc'><strong><em>-</em></strong></span> 
     </span>
    </p>
   </div>
   <div class='ocr_carea' id='block_1_52' title="bbox 493 5014 2064 5088">
    <p class='ocr_par' dir='ltr' id='par_1_52' title="bbox 493 5014 2064 5088">
     <span class='ocr_line' id='line_1_52' title="bbox 493 5014 2064 5088; baseline 0.001 -18"><span class='ocrx_word' id='word_1_378' title='bbox 493 5033 714 5071; x_wconf 87' lang='grc' dir='ltr'>σταντο·</span> <span class='ocrx_word' id='word_1_379' title='bbox 759 5017 873 5070; x_wconf 79' lang='grc' dir='ltr'>ἀλλ’</span> <span class='ocrx_word' id='word_1_380' title='bbox 904 5019 932 5070; x_wconf 97' lang='lat'>6</span> <span class='ocrx_word' id='word_1_381' title='bbox 983 5017 1250 5088; x_wconf 88' lang='grc' dir='ltr'>μακάριος</span> <span class='ocrx_word' id='word_1_382' title='bbox 1299 5014 1508 5078; x_wconf 80' lang='grc' dir='ltr'>Παῦλος</span> <span class='ocrx_word' id='word_1_383' title='bbox 1557 5017 1651 5068; x_wconf 78' lang='grc' dir='ltr'>καὶ</span> <span class='ocrx_word' id='word_1_384' title='bbox 1695 5014 2064 5086; x_wconf 84' lang='grc' dir='ltr'>δεσμωτήριον</span> 
     </span>
    </p>
   </div>
   <div class='ocr_carea' id='block_1_53' title="bbox 489 5105 2064 5178">
    <p class='ocr_par' dir='ltr' id='par_1_53' title="bbox 489 5105 2064 5178">
     <span class='ocr_line' id='line_1_53' title="bbox 489 5105 2064 5178; baseline -0.001 -17"><span class='ocrx_word' id='word_1_385' title='bbox 489 5107 676 5174; x_wconf 88' lang='grc' dir='ltr'>οἰκῶν,</span> <span class='ocrx_word' id='word_1_386' title='bbox 715 5107 809 5160; x_wconf 77' lang='grc' dir='ltr'>καὶ</span> <span class='ocrx_word' id='word_1_387' title='bbox 858 5106 1370 5177; x_wconf 86' lang='grc' dir='ltr'>μεμαστιγωμένος,</span> <span class='ocrx_word' id='word_1_388' title='bbox 1412 5105 1504 5158; x_wconf 75' lang='grc' dir='ltr'>καὶ</span> <span class='ocrx_word' id='word_1_389' title='bbox 1549 5106 1742 5175; x_wconf 82' lang='grc' dir='ltr'>αἵματι</span> <span class='ocrx_word' id='word_1_390' title='bbox 1779 5108 2064 5178; x_wconf 77' lang='grc' dir='ltr'>περιῤῥεό-</span> 
     </span>
    </p>
   </div>
   <div class='ocr_carea' id='block_1_54' title="bbox 491 5193 2063 5266">
    <p class='ocr_par' dir='ltr' id='par_1_54' title="bbox 491 5193 2063 5266">
     <span class='ocr_line' id='line_1_54' title="bbox 491 5193 2063 5266; baseline -0.001 -18"><span class='ocrx_word' id='word_1_391' title='bbox 491 5213 670 5266; x_wconf 85' lang='grc' dir='ltr'>μενος,</span> <span class='ocrx_word' id='word_1_392' title='bbox 715 5195 809 5248; x_wconf 80' lang='grc' dir='ltr'>καὶ</span> <span class='ocrx_word' id='word_1_393' title='bbox 853 5194 996 5264; x_wconf 80' lang='grc' dir='ltr'>ξύλῳ</span> <span class='ocrx_word' id='word_1_394' title='bbox 1039 5193 1492 5265; x_wconf 85' lang='grc' dir='ltr'>προσδεδεμένος,</span> <span class='ocrx_word' id='word_1_395' title='bbox 1538 5193 1634 5246; x_wconf 75' lang='grc' dir='ltr'>καὶ</span> <span class='ocrx_word' id='word_1_396' title='bbox 1675 5193 1910 5246; x_wconf 83' lang='grc' dir='ltr'>τοσαῦτα</span> <span class='ocrx_word' id='word_1_397' title='bbox 1959 5193 2063 5246; x_wconf 85' lang='grc' dir='ltr'>πά-</span> 
     </span>
    </p>
   </div>
   <div class='ocr_carea' id='block_1_55' title="bbox 487 5280 2062 5356">
    <p class='ocr_par' dir='ltr' id='par_1_55' title="bbox 487 5280 2062 5356">
     <span class='ocr_line' id='line_1_55' title="bbox 487 5280 2062 5356; baseline -0.003 -17"><span class='ocrx_word' id='word_1_398' title='bbox 487 5302 650 5355; x_wconf 86' lang='grc' dir='ltr'>σχων,</span> <span class='ocrx_word' id='word_1_399' title='bbox 679 5286 774 5338; x_wconf 71' lang='grc' dir='ltr'>καὶ</span> <span class='ocrx_word' id='word_1_400' title='bbox 805 5283 1180 5356; x_wconf 83' lang='grc' dir='ltr'>ἐμυσταγώγει</span> <span class='ocrx_word' id='word_1_401' title='bbox 1219 5284 1275 5337; x_wconf 89' lang='grc' dir='ltr'>ἐν</span> <span class='ocrx_word' id='word_1_402' title='bbox 1305 5283 1383 5354; x_wconf 82' lang='grc' dir='ltr'>τῷ</span> <span class='ocrx_word' id='word_1_403' title='bbox 1423 5283 1801 5352; x_wconf 86' lang='grc' dir='ltr'>δεσμωτηρίῳ,</span> <span class='ocrx_word' id='word_1_404' title='bbox 1844 5286 1935 5334; x_wconf 72' lang='grc' dir='ltr'>καὶ</span> <span class='ocrx_word' id='word_1_405' title='bbox 1969 5280 2062 5334; x_wconf 84' lang='grc' dir='ltr'>τὸν</span> 
     </span>
    </p>
   </div>
   <div class='ocr_carea' id='block_1_56' title="bbox 484 5372 2062 5445">
    <p class='ocr_par' dir='ltr' id='par_1_56' title="bbox 484 5372 2062 5445">
     <span class='ocr_line' id='line_1_56' title="bbox 484 5372 2062 5445; baseline -0.003 -14"><span class='ocrx_word' id='word_1_406' title='bbox 484 5377 871 5445; x_wconf 83' lang='grc' dir='ltr'>δεσμοφύλακα</span> <span class='ocrx_word' id='word_1_407' title='bbox 915 5376 1195 5441; x_wconf 77' lang='grc' dir='ltr'>ἐϐάπτιζε,</span> <span class='ocrx_word' id='word_1_408' title='bbox 1240 5375 1334 5428; x_wconf 75' lang='grc' dir='ltr'>καὶ</span> <span class='ocrx_word' id='word_1_409' title='bbox 1379 5374 1445 5427; x_wconf 85' lang='grc' dir='ltr'>τά</span> <span class='ocrx_word' id='word_1_410' title='bbox 1471 5373 1612 5444; x_wconf 85' lang='grc' dir='ltr'>,παρ’</span> <span class='ocrx_word' id='word_1_411' title='bbox 1655 5373 1847 5426; x_wconf 86' lang='grc' dir='ltr'>ἐαυτοῦ</span> <span class='ocrx_word' id='word_1_412' title='bbox 1885 5372 2062 5426; x_wconf 88' lang='grc' dir='ltr'>πάντα</span> 
     </span>
    </p>
   </div>
   <div class='ocr_carea' id='block_1_57' title="bbox 549 5483 2058 5547">
    <p class='ocr_par' dir='ltr' id='par_1_57' title="bbox 549 5483 2058 5547">
     <span class='ocr_line' id='line_1_57' title="bbox 549 5483 2058 5547; baseline -0.001 -13"><span class='ocrx_word' id='word_1_413' title='bbox 549 5488 573 5515; x_wconf 80' lang='grc'><em>⁸</em></span> <span class='ocrx_word' id='word_1_414' title='bbox 598 5485 784 5534; x_wconf 77' lang='lat' dir='ltr'>Fabric.</span> <span class='ocrx_word' id='word_1_415' title='bbox 807 5484 1122 5547; x_wconf 84' lang='grc' dir='ltr'>διαστροφαῖς.</span> <span class='ocrx_word' id='word_1_416' title='bbox 1166 5483 1288 5533; x_wconf 75' lang='lat' dir='ltr'><strong>Infra</strong></span> <span class='ocrx_word' id='word_1_417' title='bbox 1312 5483 1442 5532; x_wconf 85' lang='lat' dir='ltr'><strong>idem</strong></span> <span class='ocrx_word' id='word_1_418' title='bbox 1464 5485 1639 5542; x_wconf 81' lang='grc' dir='ltr'>πολλῆς</span> <span class='ocrx_word' id='word_1_419' title='bbox 1673 5483 1899 5545; x_wconf 79' lang='grc' dir='ltr'>ἐμπορίας</span> <span class='ocrx_word' id='word_1_420' title='bbox 1941 5484 2058 5532; x_wconf 81' lang='grc' dir='ltr'>ἀπο-</span> 
     </span>
    </p>
   </div>
   <div class='ocr_carea' id='block_1_58' title="bbox 484 5547 716 5596">
    <p class='ocr_par' dir='ltr' id='par_1_58' title="bbox 484 5547 716 5596">
     <span class='ocr_line' id='line_1_58' title="bbox 484 5547 716 5596; baseline 0 0"><span class='ocrx_word' id='word_1_421' title='bbox 484 5547 716 5596; x_wconf 73' lang='grc' dir='ltr'>λαύοντεε-</span> 
     </span>
    </p>
   </div>
   <div class='ocr_carea' id='block_1_59' title="bbox 514 5565 1406 5667">
    <p class='ocr_par' dir='ltr' id='par_1_59' title="bbox 514 5565 1406 5667">
     <span class='ocr_line' id='line_1_59' title="bbox 514 5565 716 5597; baseline -0.015 0"><span class='ocrx_word' id='word_1_422' title='bbox 514 5565 677 5597; x_wconf 59' lang='lat' dir='ltr'>«WHT:</span> <span class='ocrx_word' id='word_1_423' title='bbox 707 5582 716 5591; x_wconf 86' lang='lat'><em>.</em></span> 
     </span>
     <span class='ocr_line' id='line_1_60' title="bbox 545 5567 1406 5667; baseline -0.008 -7"><span class='ocrx_word' id='word_1_424' title='bbox 545 5609 575 5652; x_wconf 71' lang='grc' dir='ltr'>ι)</span> <span class='ocrx_word' id='word_1_425' title='bbox 600 5567 786 5659; x_wconf 60' lang='grc' dir='ltr'>Ιθιιιξῐίο.</span> <span class='ocrx_word' id='word_1_426' title='bbox 808 5603 995 5661; x_wconf 76' lang='grc' dir='ltr'>ἁλύσεις</span> <span class='ocrx_word' id='word_1_427' title='bbox 1013 5606 1090 5653; x_wconf 83' lang='grc' dir='ltr'>καὶ</span> <span class='ocrx_word' id='word_1_428' title='bbox 1112 5605 1292 5667; x_wconf 82' lang='grc' dir='ltr'>ἀγῶνας</span> <span class='ocrx_word' id='word_1_429' title='bbox 1311 5605 1406 5653; x_wconf 83' lang='grc' dir='ltr'>καί.</span> 
     </span>
    </p>
   </div>
   <div class='ocr_carea' id='block_1_60' title="bbox 1279 367 3150 433">
    <p class='ocr_par' dir='ltr' id='par_1_60' title="bbox 1279 367 3150 433">
     <span class='ocr_line' id='line_1_61' title="bbox 1279 367 3150 433; baseline 0.007 -13"><span class='ocrx_word' id='word_1_430' title='bbox 1279 367 1335 420; x_wconf 88' lang='lat' dir='ltr'>S.</span> <span class='ocrx_word' id='word_1_431' title='bbox 1389 367 1674 424; x_wconf 72' lang='lat' dir='ltr'>JOANNIS</span> <span class='ocrx_word' id='word_1_432' title='bbox 1715 367 2217 427; x_wconf 76' lang='lat' dir='ltr'>CIIRYSOSTOMI</span> <span class='ocrx_word' id='word_1_433' title='bbox 2250 369 2568 428; x_wconf 78' lang='lat' dir='ltr'>ARCBIEP.</span> <span class='ocrx_word' id='word_1_434' title='bbox 2609 372 3150 433; x_wconf 84' lang='lat' dir='ltr'>CONSTANTINOP.</span> 
     </span>
    </p>
   </div>
   <div class='ocr_carea' id='block_1_61' title="bbox 3668 379 3780 437">
    <p class='ocr_par' dir='ltr' id='par_1_61' title="bbox 3668 379 3780 437">
     <span class='ocr_line' id='line_1_62' title="bbox 3668 379 3780 437; baseline 0.036 -5"><span class='ocrx_word' id='word_1_435' title='bbox 3668 379 3780 437; x_wconf 81' lang='lat'>678</span> 
     </span>
    </p>
   </div>
   <div class='ocr_carea' id='block_1_62' title="bbox 2201 486 3776 568">
    <p class='ocr_par' dir='ltr' id='par_1_62' title="bbox 2201 486 3776 568">
     <span class='ocr_line' id='line_1_63' title="bbox 2201 486 3776 568; baseline 0.006 -28"><span class='ocrx_word' id='word_1_436' title='bbox 2201 489 2395 542; x_wconf 87' lang='grc' dir='ltr'>ἐποίει.</span> <span class='ocrx_word' id='word_1_437' title='bbox 2424 489 2588 543; x_wconf 85' lang='grc' dir='ltr'>Ταῦτ’</span> <span class='ocrx_word' id='word_1_438' title='bbox 2625 486 2718 544; x_wconf 85' lang='grc' dir='ltr'>οῦν</span> <span class='ocrx_word' id='word_1_439' title='bbox 2747 491 2963 544; x_wconf 76' lang='grc' dir='ltr'>ἅπαντα</span> <span class='ocrx_word' id='word_1_440' title='bbox 2996 491 3090 544; x_wconf 64' lang='grc' dir='ltr'>καλ⁴</span> <span class='ocrx_word' id='word_1_441' title='bbox 3137 490 3204 546; x_wconf 84' lang='grc' dir='ltr'>τὰ</span> <span class='ocrx_word' id='word_1_442' title='bbox 3233 490 3458 548; x_wconf 90' lang='grc' dir='ltr'>τοιαῦτα</span> <span class='ocrx_word' id='word_1_443' title='bbox 3485 494 3776 568; x_wconf 79' lang='grc' dir='ltr'>λογιζόμε-</span> 
     </span>
    </p>
   </div>
   <div class='ocr_carea' id='block_1_63' title="bbox 2199 581 3776 664">
    <p class='ocr_par' dir='ltr' id='par_1_63' title="bbox 2199 581 3776 664">
     <span class='ocr_line' id='line_1_64' title="bbox 2199 581 3776 664; baseline 0.006 -31"><span class='ocrx_word' id='word_1_444' title='bbox 2199 597 2298 646; x_wconf 92' lang='grc' dir='ltr'>νοι,</span> <span class='ocrx_word' id='word_1_445' title='bbox 2341 581 2590 654; x_wconf 90' lang='grc' dir='ltr'>καθάπερ</span> <span class='ocrx_word' id='word_1_446' title='bbox 2635 581 2788 653; x_wconf 89' lang='grc' dir='ltr'>ὑμῶν</span> <span class='ocrx_word' id='word_1_447' title='bbox 2838 583 3188 664; x_wconf 84' lang='grc' dir='ltr'>παρεκάλεσα</span> <span class='ocrx_word' id='word_1_448' title='bbox 3238 585 3335 658; x_wconf 78' lang='grc' dir='ltr'>τὴν</span> <span class='ocrx_word' id='word_1_449' title='bbox 3371 587 3610 662; x_wconf 82' lang='grc' dir='ltr'>ἀγάπην,</span> <span class='ocrx_word' id='word_1_450' title='bbox 3645 594 3776 663; x_wconf 78' lang='grc' dir='ltr'>στή-</span> 
     </span>
    </p>
   </div>
   <div class='ocr_carea' id='block_1_64' title="bbox 2199 674 3777 754">
    <p class='ocr_par' dir='ltr' id='par_1_64' title="bbox 2199 674 3777 754">
     <span class='ocr_line' id='line_1_65' title="bbox 2199 674 3777 754; baseline 0.01 -30"><span class='ocrx_word' id='word_1_451' title='bbox 2199 689 2322 725; x_wconf 90' lang='grc' dir='ltr'>κετε</span> <span class='ocrx_word' id='word_1_452' title='bbox 2360 674 2581 745; x_wconf 82' lang='grc' dir='ltr'>ἑδραῖοι,</span> <span class='ocrx_word' id='word_1_453' title='bbox 2625 674 3032 746; x_wconf 84' lang='grc' dir='ltr'>ἀμετακίνητοι,</span> <span class='ocrx_word' id='word_1_454' title='bbox 3075 677 3491 751; x_wconf 79' lang='grc' dir='ltr'>ἀνεξαπάτητοι,</span> <span class='ocrx_word' id='word_1_455' title='bbox 3535 683 3631 754; x_wconf 78' lang='grc' dir='ltr'>τὴν</span> <span class='ocrx_word' id='word_1_456' title='bbox 3677 684 3777 740; x_wconf 74' lang='grc' dir='ltr'>τοῦ</span> 
     </span>
    </p>
   </div>
   <div class='ocr_carea' id='block_1_65' title="bbox 2199 766 3780 846">
    <p class='ocr_par' dir='ltr' id='par_1_65' title="bbox 2199 766 3780 846">
     <span class='ocr_line' id='line_1_66' title="bbox 2199 766 3780 846; baseline 0.008 -28"><span class='ocrx_word' id='word_1_457' title='bbox 2199 766 2333 820; x_wconf 86' lang='grc' dir='ltr'>Θεοῦ</span> <span class='ocrx_word' id='word_1_458' title='bbox 2379 768 2568 821; x_wconf 84' lang='grc' dir='ltr'>ἐλπίδα</span> <span class='ocrx_word' id='word_1_459' title='bbox 2607 769 2996 840; x_wconf 88' lang='grc' dir='ltr'>ἀναμένοντες,</span> <span class='ocrx_word' id='word_1_460' title='bbox 3029 770 3123 823; x_wconf 79' lang='grc' dir='ltr'>καὶ</span> <span class='ocrx_word' id='word_1_461' title='bbox 3165 771 3266 840; x_wconf 86' lang='grc' dir='ltr'>τὴν</span> <span class='ocrx_word' id='word_1_462' title='bbox 3297 771 3505 826; x_wconf 85' lang='grc' dir='ltr'>ἐκεῖθεν</span> <span class='ocrx_word' id='word_1_463' title='bbox 3556 792 3780 846; x_wconf 81' lang='grc' dir='ltr'>συμμα-</span> 
     </span>
    </p>
   </div>
   <div class='ocr_carea' id='block_1_66' title="bbox 2200 853 3780 935">
    <p class='ocr_par' dir='ltr' id='par_1_66' title="bbox 2200 853 3780 935">
     <span class='ocr_line' id='line_1_67' title="bbox 2200 853 3780 935; baseline 0.006 -26"><span class='ocrx_word' id='word_1_464' title='bbox 2200 857 2341 928; x_wconf 89' lang='grc' dir='ltr'>χίαν,</span> <span class='ocrx_word' id='word_1_465' title='bbox 2364 853 2432 930; x_wconf 76' lang='grc' dir='ltr'>ἧς</span> <span class='ocrx_word' id='word_1_466' title='bbox 2465 857 2577 910; x_wconf 75' lang='grc' dir='ltr'>ἴσον</span> <span class='ocrx_word' id='word_1_467' title='bbox 2605 857 2756 910; x_wconf 76' lang='grc' dir='ltr'>οὐδέν</span> <span class='ocrx_word' id='word_1_468' title='bbox 2776 874 2788 887; x_wconf 90' lang='grc'><strong>·</strong></span> <span class='ocrx_word' id='word_1_469' title='bbox 2821 858 2914 912; x_wconf 79' lang='grc' dir='ltr'>καὶ</span> <span class='ocrx_word' id='word_1_470' title='bbox 2949 859 3279 930; x_wconf 77' lang='grc' dir='ltr'>ἀντιγράψαι</span> <span class='ocrx_word' id='word_1_471' title='bbox 3316 862 3446 931; x_wconf 84' lang='grc' dir='ltr'>ἡμῖν</span> <span class='ocrx_word' id='word_1_472' title='bbox 3483 865 3611 935; x_wconf 76' lang='grc' dir='ltr'>περὶ</span> <span class='ocrx_word' id='word_1_473' title='bbox 3646 867 3780 920; x_wconf 87' lang='grc' dir='ltr'>πάν-</span> 
     </span>
    </p>
   </div>
   <div class='ocr_carea' id='block_1_67' title="bbox 2197 946 3781 1020">
    <p class='ocr_par' dir='ltr' id='par_1_67' title="bbox 2197 946 3781 1020">
     <span class='ocr_line' id='line_1_68' title="bbox 2197 946 3781 1020; baseline 0.006 -22"><span class='ocrx_word' id='word_1_474' title='bbox 2197 963 2306 1000; x_wconf 91' lang='grc' dir='ltr'>των</span> <span class='ocrx_word' id='word_1_475' title='bbox 2337 946 2670 1001; x_wconf 86' lang='grc' dir='ltr'>σπουδάσατε</span> <span class='ocrx_word' id='word_1_476' title='bbox 2700 947 2758 1014; x_wconf 79' lang='grc' dir='ltr'>ἐξ</span> <span class='ocrx_word' id='word_1_477' title='bbox 2796 947 2986 1018; x_wconf 88' lang='grc' dir='ltr'>αὑτῆς.</span> <span class='ocrx_word' id='word_1_478' title='bbox 3015 948 3111 1002; x_wconf 90' lang='grc' dir='ltr'>Διά</span> <span class='ocrx_word' id='word_1_479' title='bbox 3138 949 3247 1020; x_wconf 80' lang='grc' dir='ltr'>γὰρ</span> <span class='ocrx_word' id='word_1_480' title='bbox 3279 949 3434 1003; x_wconf 88' lang='grc' dir='ltr'>τοῦτο</span> <span class='ocrx_word' id='word_1_481' title='bbox 3472 951 3566 1004; x_wconf 77' lang='grc' dir='ltr'>καὶ</span> <span class='ocrx_word' id='word_1_482' title='bbox 3601 953 3781 1007; x_wconf 82' lang='grc' dir='ltr'>Ἰωάν-</span> 
     </span>
    </p>
   </div>
   <div class='ocr_carea' id='block_1_68' title="bbox 2198 1037 3777 1113">
    <p class='ocr_par' dir='ltr' id='par_1_68' title="bbox 2198 1037 3777 1113">
     <span class='ocr_line' id='line_1_69' title="bbox 2198 1037 3777 1113; baseline 0.005 -23"><span class='ocrx_word' id='word_1_483' title='bbox 2198 1054 2294 1108; x_wconf 92' lang='grc' dir='ltr'>νην</span> <span class='ocrx_word' id='word_1_484' title='bbox 2347 1037 2440 1091; x_wconf 89' lang='grc' dir='ltr'>τὸν</span> <span class='ocrx_word' id='word_1_485' title='bbox 2483 1037 2878 1092; x_wconf 86' lang='grc' dir='ltr'>εύλαϐέστατον</span> <span class='ocrx_word' id='word_1_486' title='bbox 2926 1038 3294 1113; x_wconf 87' lang='grc' dir='ltr'>πρεσϐύτερον</span> <span class='ocrx_word' id='word_1_487' title='bbox 3342 1043 3420 1106; x_wconf 88' lang='grc' dir='ltr'>εἰς</span> <span class='ocrx_word' id='word_1_488' title='bbox 3464 1043 3623 1096; x_wconf 81' lang='grc' dir='ltr'>τοῦτο</span> <span class='ocrx_word' id='word_1_489' title='bbox 3663 1046 3777 1098; x_wconf 86' lang='grc' dir='ltr'>ἀπ-</span> 
     </span>
    </p>
   </div>
   <div class='ocr_carea' id='block_1_69' title="bbox 2197 1127 3774 1201">
    <p class='ocr_par' dir='ltr' id='par_1_69' title="bbox 2197 1127 3774 1201">
     <span class='ocr_line' id='line_1_70' title="bbox 2197 1127 3774 1201; baseline 0.006 -23"><span class='ocrx_word' id='word_1_490' title='bbox 2197 1127 2536 1198; x_wconf 86' lang='grc' dir='ltr'>εστείλαμεν,</span> <span class='ocrx_word' id='word_1_491' title='bbox 2574 1127 2714 1182; x_wconf 83' lang='grc' dir='ltr'>ὥστε</span> <span class='ocrx_word' id='word_1_492' title='bbox 2763 1129 3139 1201; x_wconf 88' lang='grc' dir='ltr'>παρακαλέσαι</span> <span class='ocrx_word' id='word_1_493' title='bbox 3188 1130 3341 1201; x_wconf 88' lang='grc' dir='ltr'>ὑμῶν</span> <span class='ocrx_word' id='word_1_494' title='bbox 3381 1131 3480 1201; x_wconf 82' lang='grc' dir='ltr'>τὴν</span> <span class='ocrx_word' id='word_1_495' title='bbox 3513 1132 3774 1198; x_wconf 87' lang='grc' dir='ltr'>διάνοιαν,</span> 
     </span>
    </p>
   </div>
   <div class='ocr_carea' id='block_1_70' title="bbox 2196 1216 3777 1294">
    <p class='ocr_par' dir='ltr' id='par_1_70' title="bbox 2196 1216 3777 1294">
     <span class='ocr_line' id='line_1_71' title="bbox 2196 1216 3777 1294; baseline 0.006 -25"><span class='ocrx_word' id='word_1_496' title='bbox 2196 1216 2290 1269; x_wconf 80' lang='grc' dir='ltr'>καὶ</span> <span class='ocrx_word' id='word_1_497' title='bbox 2334 1217 2409 1288; x_wconf 82' lang='grc' dir='ltr'>μὴ</span> <span class='ocrx_word' id='word_1_498' title='bbox 2441 1218 2656 1286; x_wconf 84' lang='grc' dir='ltr'>ἀφεῖναι</span> <span class='ocrx_word' id='word_1_499' title='bbox 2685 1218 2789 1272; x_wconf 85' lang='grc' dir='ltr'>ὑπὸ</span> <span class='ocrx_word' id='word_1_500' title='bbox 2829 1218 3055 1290; x_wconf 87' lang='grc' dir='ltr'>μηδενὸς</span> <span class='ocrx_word' id='word_1_501' title='bbox 3089 1222 3589 1293; x_wconf 86' lang='grc' dir='ltr'>παρασαλευθῆναι.</span> <span class='ocrx_word' id='word_1_502' title='bbox 3629 1225 3777 1294; x_wconf 86' lang='grc' dir='ltr'>Ἐγὼ</span> 
     </span>
    </p>
   </div>
   <div class='ocr_carea' id='block_1_71' title="bbox 2195 1309 3775 1384">
    <p class='ocr_par' dir='ltr' id='par_1_71' title="bbox 2195 1309 3775 1384">
     <span class='ocr_line' id='line_1_72' title="bbox 2195 1309 3775 1384; baseline 0.006 -24"><span class='ocrx_word' id='word_1_503' title='bbox 2195 1309 2257 1360; x_wconf 89' lang='grc' dir='ltr'>τὸ</span> <span class='ocrx_word' id='word_1_504' title='bbox 2306 1309 2540 1378; x_wconf 86' lang='grc' dir='ltr'>ἐμαυτοῦ</span> <span class='ocrx_word' id='word_1_505' title='bbox 2576 1309 2868 1381; x_wconf 88' lang='grc' dir='ltr'>πεποίηκα,</span> <span class='ocrx_word' id='word_1_506' title='bbox 2917 1313 3012 1366; x_wconf 77' lang='grc' dir='ltr'>καὶ</span> <span class='ocrx_word' id='word_1_507' title='bbox 3054 1311 3233 1381; x_wconf 84' lang='grc' dir='ltr'>λόγοις</span> <span class='ocrx_word' id='word_1_508' title='bbox 3274 1314 3626 1384; x_wconf 84' lang='grc' dir='ltr'>παρακαλῶν,</span> <span class='ocrx_word' id='word_1_509' title='bbox 3676 1317 3775 1370; x_wconf 76' lang='grc' dir='ltr'>καὶ</span> 
     </span>
    </p>
   </div>
   <div class='ocr_carea' id='block_1_72' title="bbox 2198 1400 3776 1478">
    <p class='ocr_par' dir='ltr' id='par_1_72' title="bbox 2198 1400 3776 1478">
     <span class='ocr_line' id='line_1_73' title="bbox 2198 1400 3776 1478; baseline 0.008 -26"><span class='ocrx_word' id='word_1_510' title='bbox 2198 1400 2527 1472; x_wconf 90' lang='grc' dir='ltr'>συμϐουλαῖς</span> <span class='ocrx_word' id='word_1_511' title='bbox 2562 1402 2825 1474; x_wconf 88' lang='grc' dir='ltr'>ἀνορθῶν,</span> <span class='ocrx_word' id='word_1_512' title='bbox 2862 1405 2958 1458; x_wconf 64' lang='grc' dir='ltr'>καλ⁵</span> <span class='ocrx_word' id='word_1_513' title='bbox 2983 1405 3091 1458; x_wconf 91' lang='grc' dir='ltr'>τῶν</span> <span class='ocrx_word' id='word_1_514' title='bbox 3122 1405 3322 1477; x_wconf 84' lang='grc' dir='ltr'>χρειῶν</span> <span class='ocrx_word' id='word_1_515' title='bbox 3369 1407 3467 1478; x_wconf 78' lang='grc' dir='ltr'>τὴν</span> <span class='ocrx_word' id='word_1_516' title='bbox 3509 1409 3776 1477; x_wconf 74' lang='grc' dir='ltr'>ἀφθονίαν</span> 
     </span>
    </p>
   </div>
   <div class='ocr_carea' id='block_1_73' title="bbox 2195 1493 3775 1571">
    <p class='ocr_par' dir='ltr' id='par_1_73' title="bbox 2195 1493 3775 1571">
     <span class='ocr_line' id='line_1_74' title="bbox 2195 1493 3775 1571; baseline 0.007 -27"><span class='ocrx_word' id='word_1_517' title='bbox 2195 1493 2470 1563; x_wconf 86' lang='grc' dir='ltr'>παρέχων,</span> <span class='ocrx_word' id='word_1_518' title='bbox 2513 1494 2654 1548; x_wconf 85' lang='grc' dir='ltr'>ὥστε</span> <span class='ocrx_word' id='word_1_519' title='bbox 2684 1497 2742 1548; x_wconf 92' lang='grc' dir='ltr'>ἐν</span> <span class='ocrx_word' id='word_1_520' title='bbox 2774 1495 2963 1568; x_wconf 76' lang='grc' dir='ltr'>μηδενὶ</span> <span class='ocrx_word' id='word_1_521' title='bbox 3012 1497 3155 1568; x_wconf 81' lang='grc' dir='ltr'>ὑμᾶς</span> <span class='ocrx_word' id='word_1_522' title='bbox 3184 1499 3563 1571; x_wconf 82' lang='grc' dir='ltr'>ὑστερηθῆναι.</span> <span class='ocrx_word' id='word_1_523' title='bbox 3605 1503 3670 1555; x_wconf 86' lang='grc' dir='ltr'><strong>Εἰ</strong></span> <span class='ocrx_word' id='word_1_524' title='bbox 3713 1503 3775 1556; x_wconf 82' lang='grc' dir='ltr'>δὲ</span> 
     </span>
    </p>
   </div>
   <div class='ocr_carea' id='block_1_74' title="bbox 2197 1583 3776 1661">
    <p class='ocr_par' dir='ltr' id='par_1_74' title="bbox 2197 1583 3776 1661">
     <span class='ocr_line' id='line_1_75' title="bbox 2197 1583 3776 1661; baseline 0.008 -25"><span class='ocrx_word' id='word_1_525' title='bbox 2197 1583 2272 1654; x_wconf 83' lang='grc' dir='ltr'>μὴ</span> <span class='ocrx_word' id='word_1_526' title='bbox 2323 1584 2671 1658; x_wconf 87' lang='grc' dir='ltr'>βουληθείητέ</span> <span class='ocrx_word' id='word_1_527' title='bbox 2733 1606 2835 1660; x_wconf 87' lang='grc' dir='ltr'>μου</span> <span class='ocrx_word' id='word_1_528' title='bbox 2890 1589 3211 1661; x_wconf 88' lang='grc' dir='ltr'>ἀνέχεσθαι,</span> <span class='ocrx_word' id='word_1_529' title='bbox 3258 1592 3374 1646; x_wconf 83' lang='grc' dir='ltr'>ἀλλ’</span> <span class='ocrx_word' id='word_1_530' title='bbox 3417 1593 3597 1657; x_wconf 85' lang='grc' dir='ltr'>αὑτοῖς</span> <span class='ocrx_word' id='word_1_531' title='bbox 3656 1597 3776 1660; x_wconf 86' lang='grc' dir='ltr'>τοῖς</span> 
     </span>
    </p>
   </div>
   <div class='ocr_carea' id='block_1_75' title="bbox 2194 1675 3774 1753">
    <p class='ocr_par' dir='ltr' id='par_1_75' title="bbox 2194 1675 3774 1753">
     <span class='ocr_line' id='line_1_76' title="bbox 2194 1675 3774 1753; baseline 0.006 -26"><span class='ocrx_word' id='word_1_532' title='bbox 2194 1675 2477 1730; x_wconf 89' lang='grc' dir='ltr'>ἀπατῶσιν</span> <span class='ocrx_word' id='word_1_533' title='bbox 2529 1677 2674 1748; x_wconf 79' lang='grc' dir='ltr'>ὑμᾶς</span> <span class='ocrx_word' id='word_1_534' title='bbox 2726 1679 2820 1732; x_wconf 79' lang='grc' dir='ltr'>καὶ</span> <span class='ocrx_word' id='word_1_535' title='bbox 2871 1679 3238 1753; x_wconf 87' lang='grc' dir='ltr'>ἀναπτεροῦσι</span> <span class='ocrx_word' id='word_1_536' title='bbox 3294 1683 3608 1753; x_wconf 87' lang='grc' dir='ltr'>πεισθῆναι,</span> <span class='ocrx_word' id='word_1_537' title='bbox 3655 1684 3774 1753; x_wconf 85' lang='grc' dir='ltr'>ἐγὼ</span> 
     </span>
    </p>
   </div>
   <div class='ocr_carea' id='block_1_76' title="bbox 2195 1765 3773 1846">
    <p class='ocr_par' dir='ltr' id='par_1_76' title="bbox 2195 1765 3773 1846">
     <span class='ocr_line' id='line_1_77' title="bbox 2195 1765 3773 1846; baseline 0.007 -27"><span class='ocrx_word' id='word_1_538' title='bbox 2195 1765 2481 1830; x_wconf 86' lang='grc' dir='ltr'>ἀνεύθυνός</span> <span class='ocrx_word' id='word_1_539' title='bbox 2509 1769 2645 1839; x_wconf 86' lang='grc' dir='ltr'>είμι.</span> <span class='ocrx_word' id='word_1_540' title='bbox 2674 1771 2816 1824; x_wconf 86' lang='grc' dir='ltr'>Ἴστε</span> <span class='ocrx_word' id='word_1_541' title='bbox 2846 1771 2902 1824; x_wconf 83' lang='grc' dir='ltr'>δὲ</span> <span class='ocrx_word' id='word_1_542' title='bbox 2933 1772 3026 1827; x_wconf 83' lang='grc' dir='ltr'>καὶ</span> <span class='ocrx_word' id='word_1_543' title='bbox 3061 1775 3094 1844; x_wconf 82' lang='grc' dir='ltr'>ἡ</span> <span class='ocrx_word' id='word_1_544' title='bbox 3122 1774 3462 1844; x_wconf 86' lang='grc' dir='ltr'>κατάγνωσις</span> <span class='ocrx_word' id='word_1_545' title='bbox 3493 1775 3633 1846; x_wconf 72' lang='grc' dir='ltr'>αῦτη</span> <span class='ocrx_word' id='word_1_546' title='bbox 3672 1779 3773 1830; x_wconf 75' lang='grc' dir='ltr'>καὶ</span> 
     </span>
    </p>
   </div>
   <div class='ocr_carea' id='block_1_77' title="bbox 2194 1854 3773 1935">
    <p class='ocr_par' dir='ltr' id='par_1_77' title="bbox 2194 1854 3773 1935">
     <span class='ocr_line' id='line_1_78' title="bbox 2194 1854 3773 1935; baseline 0.006 -25"><span class='ocrx_word' id='word_1_547' title='bbox 2194 1857 2228 1927; x_wconf 79' lang='grc' dir='ltr'><strong>ἡ</strong></span> <span class='ocrx_word' id='word_1_548' title='bbox 2262 1854 2437 1927; x_wconf 79' lang='grc' dir='ltr'>ζημία</span> <span class='ocrx_word' id='word_1_549' title='bbox 2482 1858 2576 1910; x_wconf 76' lang='grc' dir='ltr'>ἐπὶ</span> <span class='ocrx_word' id='word_1_550' title='bbox 2615 1858 2736 1912; x_wconf 90' lang='grc' dir='ltr'>τίνα</span> <span class='ocrx_word' id='word_1_551' title='bbox 2767 1859 3007 1931; x_wconf 79' lang='grc' dir='ltr'>ἔρχεται.</span> <span class='ocrx_word' id='word_1_552' title='bbox 3040 1863 3136 1916; x_wconf 80' lang='lat' dir='ltr'>&#39;lv&#39;</span> <span class='ocrx_word' id='word_1_553' title='bbox 3178 1858 3272 1916; x_wconf 84' lang='grc' dir='ltr'>οῦν</span> <span class='ocrx_word' id='word_1_554' title='bbox 3314 1863 3479 1935; x_wconf 84' lang='grc' dir='ltr'>μηδὲν</span> <span class='ocrx_word' id='word_1_555' title='bbox 3526 1865 3773 1920; x_wconf 87' lang='grc' dir='ltr'>τοιοῦτον</span> 
     </span>
    </p>
   </div>
   <div class='ocr_carea' id='block_1_78' title="bbox 2192 1946 3773 2026">
    <p class='ocr_par' dir='ltr' id='par_1_78' title="bbox 2192 1946 3773 2026">
     <span class='ocr_line' id='line_1_79' title="bbox 2192 1946 3773 2026; baseline 0.008 -29"><span class='ocrx_word' id='word_1_556' title='bbox 2192 1946 2436 2018; x_wconf 90' lang='grc' dir='ltr'>γένηται,</span> <span class='ocrx_word' id='word_1_557' title='bbox 2464 1948 2765 2020; x_wconf 84' lang='grc' dir='ltr'>παρακαλῶ</span> <span class='ocrx_word' id='word_1_558' title='bbox 2791 1951 3078 2021; x_wconf 88' lang='grc' dir='ltr'>ἀνέχεσθαί</span> <span class='ocrx_word' id='word_1_559' title='bbox 3114 1970 3237 2024; x_wconf 87' lang='grc' dir='ltr'>μου,</span> <span class='ocrx_word' id='word_1_560' title='bbox 3264 1953 3358 2006; x_wconf 85' lang='grc' dir='ltr'>τοῦ</span> <span class='ocrx_word' id='word_1_561' title='bbox 3393 1955 3596 2025; x_wconf 84' lang='grc' dir='ltr'>σφόδρα</span> <span class='ocrx_word' id='word_1_562' title='bbox 3623 1955 3773 2026; x_wconf 79' lang='grc' dir='ltr'>ὑμᾶς</span> 
     </span>
    </p>
   </div>
   <div class='ocr_carea' id='block_1_79' title="bbox 2192 2036 3771 2116">
    <p class='ocr_par' dir='ltr' id='par_1_79' title="bbox 2192 2036 3771 2116">
     <span class='ocr_line' id='line_1_80' title="bbox 2192 2036 3771 2116; baseline 0.007 -25"><span class='ocrx_word' id='word_1_563' title='bbox 2192 2037 2536 2106; x_wconf 85' lang='grc' dir='ltr'>ἀγαπῶντος.</span> <span class='ocrx_word' id='word_1_564' title='bbox 2573 2039 2682 2093; x_wconf 84' lang='grc' dir='ltr'>Καὶ</span> <span class='ocrx_word' id='word_1_565' title='bbox 2725 2043 2851 2112; x_wconf 69' lang='grc' dir='ltr'>περὶ</span> <span class='ocrx_word' id='word_1_566' title='bbox 2892 2036 2967 2096; x_wconf 82' lang='grc' dir='ltr'>ὧν</span> <span class='ocrx_word' id='word_1_567' title='bbox 3007 2043 3073 2097; x_wconf 82' lang='grc' dir='ltr'>ἂν</span> <span class='ocrx_word' id='word_1_568' title='bbox 3109 2043 3323 2115; x_wconf 86' lang='grc' dir='ltr'>δέησθε,</span> <span class='ocrx_word' id='word_1_569' title='bbox 3355 2046 3388 2116; x_wconf 80' lang='grc' dir='ltr'>ἢ</span> <span class='ocrx_word' id='word_1_570' title='bbox 3427 2046 3771 2102; x_wconf 86' lang='grc' dir='ltr'>ἐπιστείλατε</span> 
     </span>
    </p>
   </div>
   <div class='ocr_carea' id='block_1_80' title="bbox 2189 2127 3770 2209">
    <p class='ocr_par' dir='ltr' id='par_1_80' title="bbox 2189 2127 3770 2209">
     <span class='ocr_line' id='line_1_81' title="bbox 2189 2127 3770 2209; baseline 0.011 -31"><span class='ocrx_word' id='word_1_571' title='bbox 2189 2129 2342 2198; x_wconf 77' lang='grc' dir='ltr'>ἡμῖν,</span> <span class='ocrx_word' id='word_1_572' title='bbox 2371 2127 2427 2197; x_wconf 78' lang='grc' dir='ltr'>ἢ,</span> <span class='ocrx_word' id='word_1_573' title='bbox 2452 2129 2502 2182; x_wconf 85' lang='grc' dir='ltr'>εί</span> <span class='ocrx_word' id='word_1_574' title='bbox 2534 2128 2806 2199; x_wconf 87' lang='grc' dir='ltr'>βούλεσθε,</span> <span class='ocrx_word' id='word_1_575' title='bbox 2837 2130 2932 2186; x_wconf 77' lang='grc' dir='ltr'>ἕνα</span> <span class='ocrx_word' id='word_1_576' title='bbox 2963 2132 3083 2186; x_wconf 78' lang='grc' dir='ltr'>τινὰ</span> <span class='ocrx_word' id='word_1_577' title='bbox 3113 2134 3363 2206; x_wconf 77' lang='grc' dir='ltr'>πέμψατε</span> <span class='ocrx_word' id='word_1_578' title='bbox 3408 2137 3542 2208; x_wconf 87' lang='grc' dir='ltr'>πρὸς</span> <span class='ocrx_word' id='word_1_579' title='bbox 3585 2138 3770 2209; x_wconf 74' lang='grc' dir='ltr'>ἡμᾶς,</span> 
     </span>
    </p>
   </div>
   <div class='ocr_carea' id='block_1_81' title="bbox 2190 2219 3235 2296">
    <p class='ocr_par' dir='ltr' id='par_1_81' title="bbox 2190 2219 3235 2296">
     <span class='ocr_line' id='line_1_82' title="bbox 2190 2219 3235 2296; baseline 0.009 -25"><span class='ocrx_word' id='word_1_580' title='bbox 2190 2219 2285 2272; x_wconf 75' lang='grc' dir='ltr'>καὶ</span> <span class='ocrx_word' id='word_1_581' title='bbox 2309 2219 2460 2275; x_wconf 80' lang='grc' dir='ltr'>οὐδὲν</span> <span class='ocrx_word' id='word_1_582' title='bbox 2493 2222 2622 2293; x_wconf 85' lang='grc' dir='ltr'>ὑμῖν</span> <span class='ocrx_word' id='word_1_583' title='bbox 2651 2223 2939 2296; x_wconf 85' lang='grc' dir='ltr'>ὑστερήσει</span> <span class='ocrx_word' id='word_1_584' title='bbox 2981 2225 3235 2286; x_wconf 87' lang='grc' dir='ltr'>καθόλου.</span> 
     </span>
    </p>
   </div>
   <div class='ocr_carea' id='block_1_82' title="bbox 2725 2337 3236 2409">
    <p class='ocr_par' dir='ltr' id='par_1_82' title="bbox 2725 2337 3236 2409">
     <span class='ocr_line' id='line_1_83' title="bbox 2725 2337 3236 2409; baseline 0.01 -19"><span class='ocrx_word' id='word_1_585' title='bbox 2725 2338 2900 2391; x_wconf 85' lang='grc' dir='ltr'>ΡΚΔ’.</span> <span class='ocrx_word' id='word_1_586' title='bbox 2933 2337 3236 2409; x_wconf 49' lang='lat' dir='ltr'><strong><em>rgum.</em></strong></span> 
     </span>
    </p>
   </div>
   <div class='ocr_carea' id='block_1_83' title="bbox 2266 2438 3770 2522">
    <p class='ocr_par' dir='ltr' id='par_1_83' title="bbox 2266 2438 3770 2522">
     <span class='ocr_line' id='line_1_84' title="bbox 2266 2438 3770 2522; baseline 0.008 -28"><span class='ocrx_word' id='word_1_587' title='bbox 2266 2438 2452 2494; x_wconf 77' lang='grc' dir='ltr'>Ἄλλοι</span> <span class='ocrx_word' id='word_1_588' title='bbox 2487 2441 2590 2511; x_wconf 82' lang='grc' dir='ltr'>μὲν</span> <span class='ocrx_word' id='word_1_589' title='bbox 2636 2444 2702 2513; x_wconf 83' lang='grc' dir='ltr'>τῇ</span> <span class='ocrx_word' id='word_1_590' title='bbox 2739 2441 3131 2517; x_wconf 89' lang='grc' dir='ltr'>θαυμασιότητί</span> <span class='ocrx_word' id='word_1_591' title='bbox 3167 2464 3260 2500; x_wconf 89' lang='grc' dir='ltr'>σου</span> <span class='ocrx_word' id='word_1_592' title='bbox 3311 2449 3624 2521; x_wconf 76' lang='grc' dir='ltr'>συνήδονται</span> <span class='ocrx_word' id='word_1_593' title='bbox 3666 2450 3770 2522; x_wconf 81' lang='grc' dir='ltr'>τῆς</span> 
     </span>
    </p>
   </div>
   <div class='ocr_carea' id='block_1_84' title="bbox 2189 2529 3766 2614">
    <p class='ocr_par' dir='ltr' id='par_1_84' title="bbox 2189 2529 3766 2614">
     <span class='ocr_line' id='line_1_85' title="bbox 2189 2529 3766 2614; baseline 0.009 -32"><span class='ocrx_word' id='word_1_594' title='bbox 2189 2529 2380 2602; x_wconf 89' lang='grc' dir='ltr'>ἀρχῆς,</span> <span class='ocrx_word' id='word_1_595' title='bbox 2413 2530 2524 2600; x_wconf 87' lang='grc' dir='ltr'>ἐγὼ</span> <span class='ocrx_word' id='word_1_596' title='bbox 2566 2532 2622 2585; x_wconf 85' lang='grc' dir='ltr'>δὲ</span> <span class='ocrx_word' id='word_1_597' title='bbox 2654 2536 2720 2606; x_wconf 79' lang='grc' dir='ltr'>τῇ</span> <span class='ocrx_word' id='word_1_598' title='bbox 2756 2535 2931 2602; x_wconf 82' lang='grc' dir='ltr'>πόλει,</span> <span class='ocrx_word' id='word_1_599' title='bbox 2975 2538 3070 2590; x_wconf 64' lang='grc' dir='ltr'>καὶ⁹</span> <span class='ocrx_word' id='word_1_600' title='bbox 3113 2541 3180 2611; x_wconf 80' lang='grc' dir='ltr'>τῇ</span> <span class='ocrx_word' id='word_1_601' title='bbox 3229 2539 3669 2614; x_wconf 75' lang='grc' dir='ltr'>μεγαλοπρεπείᾳ</span> <span class='ocrx_word' id='word_1_602' title='bbox 3706 2543 3766 2596; x_wconf 80' lang='grc' dir='ltr'>δὲ</span> 
     </span>
    </p>
   </div>
   <div class='ocr_carea' id='block_1_85' title="bbox 2187 2623 3766 2705">
    <p class='ocr_par' dir='ltr' id='par_1_85' title="bbox 2187 2623 3766 2705">
     <span class='ocr_line' id='line_1_86' title="bbox 2187 2623 3766 2705; baseline 0.009 -33"><span class='ocrx_word' id='word_1_603' title='bbox 2187 2625 2254 2692; x_wconf 81' lang='grc' dir='ltr'>τῇ</span> <span class='ocrx_word' id='word_1_604' title='bbox 2299 2625 2386 2692; x_wconf 77' lang='grc' dir='ltr'>σῇ,</span> <span class='ocrx_word' id='word_1_605' title='bbox 2411 2623 2472 2676; x_wconf 90' lang='grc' dir='ltr'>οὑ</span> <span class='ocrx_word' id='word_1_606' title='bbox 2504 2623 2593 2678; x_wconf 79' lang='grc' dir='ltr'>διὰ</span> <span class='ocrx_word' id='word_1_607' title='bbox 2626 2625 2724 2696; x_wconf 79' lang='grc' dir='ltr'>τὴν</span> <span class='ocrx_word' id='word_1_608' title='bbox 2767 2627 3016 2682; x_wconf 87' lang='grc' dir='ltr'>ἐντεῦθεν</span> <span class='ocrx_word' id='word_1_609' title='bbox 3053 2630 3216 2701; x_wconf 84' lang='grc' dir='ltr'>τιμὴν</span> <span class='ocrx_word' id='word_1_610' title='bbox 3260 2631 3607 2704; x_wconf 73' lang='grc' dir='ltr'>(ὑψηλότερος</span> <span class='ocrx_word' id='word_1_611' title='bbox 3654 2635 3766 2705; x_wconf 83' lang='grc' dir='ltr'>γὰρ</span> 
     </span>
    </p>
   </div>
   <div class='ocr_carea' id='block_1_86' title="bbox 2187 2715 3762 2794">
    <p class='ocr_par' dir='ltr' id='par_1_86' title="bbox 2187 2715 3762 2794">
     <span class='ocr_line' id='line_1_87' title="bbox 2187 2715 3762 2794; baseline 0.006 -26"><span class='ocrx_word' id='word_1_612' title='bbox 2187 2716 2296 2770; x_wconf 90' lang='grc' dir='ltr'>τῶν</span> <span class='ocrx_word' id='word_1_613' title='bbox 2327 2715 2581 2770; x_wconf 85' lang='grc' dir='ltr'>τοιούτων</span> <span class='ocrx_word' id='word_1_614' title='bbox 2628 2717 3007 2790; x_wconf 80' lang='grc' dir='ltr'>μεμελέτηκας</span> <span class='ocrx_word' id='word_1_615' title='bbox 3039 2717 3223 2794; x_wconf 72' lang='grc' dir='ltr'>εἶναι),</span> <span class='ocrx_word' id='word_1_616' title='bbox 3266 2723 3402 2776; x_wconf 88' lang='grc' dir='ltr'>ἀλλά</span> <span class='ocrx_word' id='word_1_617' title='bbox 3445 2723 3533 2778; x_wconf 69' lang='grc' dir='ltr'>διὰ</span> <span class='ocrx_word' id='word_1_618' title='bbox 3573 2724 3632 2777; x_wconf 90' lang='grc' dir='ltr'>τὸ</span> <span class='ocrx_word' id='word_1_619' title='bbox 3665 2725 3762 2777; x_wconf 83' lang='grc' dir='ltr'>λα-</span> 
     </span>
    </p>
   </div>
   <div class='ocr_carea' id='block_1_87' title="bbox 2189 2806 3764 2886">
    <p class='ocr_par' dir='ltr' id='par_1_87' title="bbox 2189 2806 3764 2886">
     <span class='ocr_line' id='line_1_88' title="bbox 2189 2806 3764 2886; baseline 0.006 -26"><span class='ocrx_word' id='word_1_620' title='bbox 2189 2806 2304 2860; x_wconf 89' lang='grc' dir='ltr'>ϐεῖν</span> <span class='ocrx_word' id='word_1_621' title='bbox 2333 2808 2586 2879; x_wconf 81' lang='grc' dir='ltr'>ἀφορμὴν</span> <span class='ocrx_word' id='word_1_622' title='bbox 2613 2809 2712 2880; x_wconf 78' lang='grc' dir='ltr'>τήν</span> <span class='ocrx_word' id='word_1_623' title='bbox 2754 2812 3097 2883; x_wconf 84' lang='grc' dir='ltr'>παρέχουσάν</span> <span class='ocrx_word' id='word_1_624' title='bbox 3145 2830 3227 2867; x_wconf 91' lang='grc' dir='ltr'>σοι</span> <span class='ocrx_word' id='word_1_625' title='bbox 3263 2815 3403 2885; x_wconf 83' lang='grc' dir='ltr'>μετά</span> <span class='ocrx_word' id='word_1_626' title='bbox 3435 2814 3632 2886; x_wconf 84' lang='grc' dir='ltr'>πολλῆς</span> <span class='ocrx_word' id='word_1_627' title='bbox 3663 2815 3764 2885; x_wconf 81' lang='grc' dir='ltr'>τῆς</span> 
     </span>
    </p>
   </div>
   <div class='ocr_carea' id='block_1_88' title="bbox 2189 2899 3764 2979">
    <p class='ocr_par' dir='ltr' id='par_1_88' title="bbox 2189 2899 3764 2979">
     <span class='ocr_line' id='line_1_89' title="bbox 2189 2899 3764 2979; baseline 0.005 -25"><span class='ocrx_word' id='word_1_628' title='bbox 2189 2899 2372 2964; x_wconf 89' lang='grc' dir='ltr'>ἀδείας</span> <span class='ocrx_word' id='word_1_629' title='bbox 2406 2902 2499 2954; x_wconf 78' lang='grc' dir='ltr'>καὶ</span> <span class='ocrx_word' id='word_1_630' title='bbox 2523 2904 2638 2966; x_wconf 66' lang='grc' dir='ltr'>τοῖς</span> <span class='ocrx_word' id='word_1_631' title='bbox 2667 2901 2879 2966; x_wconf 87' lang='grc' dir='ltr'>πολλοῖς</span> <span class='ocrx_word' id='word_1_632' title='bbox 2906 2905 3075 2971; x_wconf 81' lang='grc' dir='ltr'>δεῖξαι</span> <span class='ocrx_word' id='word_1_633' title='bbox 3101 2905 3199 2976; x_wconf 76' lang='grc' dir='ltr'>τήν</span> <span class='ocrx_word' id='word_1_634' title='bbox 3222 2905 3436 2960; x_wconf 91' lang='grc' dir='ltr'>σύνεσίν</span> <span class='ocrx_word' id='word_1_635' title='bbox 3464 2925 3578 2972; x_wconf 88' lang='grc' dir='ltr'>σου,</span> <span class='ocrx_word' id='word_1_636' title='bbox 3606 2907 3764 2979; x_wconf 77' lang='grc'>[665]</span> 
     </span>
    </p>
   </div>
   <div class='ocr_carea' id='block_1_89' title="bbox 2189 2993 3762 3069">
    <p class='ocr_par' dir='ltr' id='par_1_89' title="bbox 2189 2993 3762 3069">
     <span class='ocr_line' id='line_1_90' title="bbox 2189 2993 3762 3069; baseline 0.006 -24"><span class='ocrx_word' id='word_1_637' title='bbox 2189 2995 2282 3046; x_wconf 73' lang='grc' dir='ltr'>καὶ</span> <span class='ocrx_word' id='word_1_638' title='bbox 2309 2993 2407 3064; x_wconf 86' lang='grc' dir='ltr'>τὴν</span> <span class='ocrx_word' id='word_1_639' title='bbox 2435 2994 2771 3065; x_wconf 78' lang='grc' dir='ltr'>ἡμερότητα,</span> <span class='ocrx_word' id='word_1_640' title='bbox 2803 2999 2896 3049; x_wconf 78' lang='grc' dir='ltr'>καὶ</span> <span class='ocrx_word' id='word_1_641' title='bbox 2931 2996 2991 3049; x_wconf 91' lang='grc' dir='ltr'>τὸ</span> <span class='ocrx_word' id='word_1_642' title='bbox 3023 2997 3269 3052; x_wconf 82' lang='grc' dir='ltr'>ἐντεῦθεν</span> <span class='ocrx_word' id='word_1_643' title='bbox 3305 2997 3492 3069; x_wconf 81' lang='grc' dir='ltr'>κέρδος</span> <span class='ocrx_word' id='word_1_644' title='bbox 3519 3016 3762 3069; x_wconf 89' lang='grc' dir='ltr'>συναγα-</span> 
     </span>
    </p>
   </div>
   <div class='ocr_carea' id='block_1_90' title="bbox 2186 3079 3762 3160">
    <p class='ocr_par' dir='ltr' id='par_1_90' title="bbox 2186 3079 3762 3160">
     <span class='ocr_line' id='line_1_91' title="bbox 2186 3079 3762 3160; baseline 0.004 -26"><span class='ocrx_word' id='word_1_645' title='bbox 2186 3085 2322 3150; x_wconf 87' lang='grc' dir='ltr'>γεῖν.</span> <span class='ocrx_word' id='word_1_646' title='bbox 2355 3081 2429 3136; x_wconf 88' lang='grc' dir='ltr'>Εὑ</span> <span class='ocrx_word' id='word_1_647' title='bbox 2459 3083 2567 3153; x_wconf 83' lang='grc' dir='ltr'>γὰρ</span> <span class='ocrx_word' id='word_1_648' title='bbox 2593 3079 2708 3137; x_wconf 80' lang='grc' dir='ltr'>οῖδα</span> <span class='ocrx_word' id='word_1_649' title='bbox 2739 3084 2820 3136; x_wconf 84' lang='grc' dir='ltr'>ὅτι</span> <span class='ocrx_word' id='word_1_650' title='bbox 2862 3085 2955 3138; x_wconf 78' lang='grc' dir='ltr'>καὶ</span> <span class='ocrx_word' id='word_1_651' title='bbox 2986 3086 3113 3149; x_wconf 82' lang='grc' dir='ltr'>τοὺς</span> <span class='ocrx_word' id='word_1_652' title='bbox 3152 3087 3355 3159; x_wconf 87' lang='grc' dir='ltr'>σφόδρα</span> <span class='ocrx_word' id='word_1_653' title='bbox 3387 3090 3453 3158; x_wconf 80' lang='grc' dir='ltr'>τῇ</span> <span class='ocrx_word' id='word_1_654' title='bbox 3482 3091 3552 3158; x_wconf 82' lang='grc' dir='ltr'>γῇ</span> <span class='ocrx_word' id='word_1_655' title='bbox 3590 3105 3762 3160; x_wconf 82' lang='grc' dir='ltr'>προσ-</span> 
     </span>
    </p>
   </div>
   <div class='ocr_carea' id='block_1_91' title="bbox 2181 3177 3764 3254">
    <p class='ocr_par' dir='ltr' id='par_1_91' title="bbox 2181 3177 3764 3254">
     <span class='ocr_line' id='line_1_92' title="bbox 2181 3177 3764 3254; baseline 0.004 -24"><span class='ocrx_word' id='word_1_656' title='bbox 2181 3177 2520 3248; x_wconf 86' lang='grc' dir='ltr'>ηλωμένους,</span> <span class='ocrx_word' id='word_1_657' title='bbox 2565 3179 2830 3250; x_wconf 79' lang='grc' dir='ltr'>καὶπρὸς</span> <span class='ocrx_word' id='word_1_658' title='bbox 2876 3179 2946 3233; x_wconf 84' lang='grc' dir='ltr'>τά</span> <span class='ocrx_word' id='word_1_659' title='bbox 2984 3179 3238 3251; x_wconf 85' lang='grc' dir='ltr'>ὀνείρατα</span> <span class='ocrx_word' id='word_1_660' title='bbox 3299 3180 3472 3236; x_wconf 90' lang='grc' dir='ltr'>ταῦτα</span> <span class='ocrx_word' id='word_1_661' title='bbox 3527 3184 3764 3254; x_wconf 79' lang='grc' dir='ltr'>κεχηνό-</span> 
     </span>
    </p>
   </div>
   <div class='ocr_carea' id='block_1_92' title="bbox 2180 3269 3758 3342">
    <p class='ocr_par' dir='ltr' id='par_1_92' title="bbox 2180 3269 3758 3342">
     <span class='ocr_line' id='line_1_93' title="bbox 2180 3269 3758 3342; baseline 0.004 -20"><span class='ocrx_word' id='word_1_662' title='bbox 2180 3286 2299 3332; x_wconf 86' lang='grc' dir='ltr'>τας,</span> <span class='ocrx_word' id='word_1_663' title='bbox 2347 3269 2490 3337; x_wconf 85' lang='grc' dir='ltr'>λέγω</span> <span class='ocrx_word' id='word_1_664' title='bbox 2535 3269 2600 3340; x_wconf 79' lang='grc' dir='ltr'>δὴ</span> <span class='ocrx_word' id='word_1_665' title='bbox 2638 3269 2736 3341; x_wconf 79' lang='grc' dir='ltr'>τὴν</span> <span class='ocrx_word' id='word_1_666' title='bbox 2787 3269 2942 3342; x_wconf 86' lang='grc' dir='ltr'>παρά</span> <span class='ocrx_word' id='word_1_667' title='bbox 2985 3270 3094 3324; x_wconf 89' lang='grc' dir='ltr'>τῶν</span> <span class='ocrx_word' id='word_1_668' title='bbox 3137 3271 3347 3325; x_wconf 87' lang='grc' dir='ltr'>πολλῶν</span> <span class='ocrx_word' id='word_1_669' title='bbox 3396 3273 3575 3339; x_wconf 80' lang='grc' dir='ltr'>δόξαν,</span> <span class='ocrx_word' id='word_1_670' title='bbox 3625 3293 3758 3328; x_wconf 76' lang='grc' dir='ltr'>παι-</span> 
     </span>
    </p>
   </div>
   <div class='ocr_carea' id='block_1_93' title="bbox 2181 3359 3759 3439">
    <p class='ocr_par' dir='ltr' id='par_1_93' title="bbox 2181 3359 3759 3439">
     <span class='ocr_line' id='line_1_94' title="bbox 2181 3359 3759 3439; baseline 0.005 -27"><span class='ocrx_word' id='word_1_671' title='bbox 2181 3359 2363 3413; x_wconf 89' lang='grc' dir='ltr'>δεῦσαι</span> <span class='ocrx_word' id='word_1_672' title='bbox 2400 3360 2623 3432; x_wconf 83' lang='grc' dir='ltr'>δυνήσῃ,</span> <span class='ocrx_word' id='word_1_673' title='bbox 2663 3361 2745 3415; x_wconf 87' lang='grc' dir='ltr'>ὃτι</span> <span class='ocrx_word' id='word_1_674' title='bbox 2782 3363 2882 3415; x_wconf 91' lang='grc' dir='ltr'>οὑκ</span> <span class='ocrx_word' id='word_1_675' title='bbox 2908 3363 2966 3416; x_wconf 90' lang='grc' dir='ltr'>ἐν</span> <span class='ocrx_word' id='word_1_676' title='bbox 2993 3367 3059 3435; x_wconf 80' lang='grc' dir='ltr'>τῇ</span> <span class='ocrx_word' id='word_1_677' title='bbox 3105 3363 3328 3434; x_wconf 83' lang='grc' dir='ltr'>χλανίδι,</span> <span class='ocrx_word' id='word_1_678' title='bbox 3360 3366 3452 3418; x_wconf 70' lang='grc' dir='ltr'>καὶ</span> <span class='ocrx_word' id='word_1_679' title='bbox 3486 3369 3550 3438; x_wconf 81' lang='grc' dir='ltr'>τῇ</span> <span class='ocrx_word' id='word_1_680' title='bbox 3587 3367 3759 3439; x_wconf 73' lang='grc' dir='ltr'>ζώνῃ,</span> 
     </span>
    </p>
   </div>
   <div class='ocr_carea' id='block_1_94' title="bbox 2179 3451 3760 3530">
    <p class='ocr_par' dir='ltr' id='par_1_94' title="bbox 2179 3451 3760 3530">
     <span class='ocr_line' id='line_1_95' title="bbox 2179 3451 3760 3530; baseline 0.006 -27"><span class='ocrx_word' id='word_1_681' title='bbox 2179 3451 2300 3504; x_wconf 87' lang='grc' dir='ltr'>οὑδέ</span> <span class='ocrx_word' id='word_1_682' title='bbox 2328 3452 2385 3503; x_wconf 93' lang='grc' dir='ltr'>ἐν</span> <span class='ocrx_word' id='word_1_683' title='bbox 2412 3453 2479 3521; x_wconf 75' lang='grc' dir='ltr'>τῇ</span> <span class='ocrx_word' id='word_1_684' title='bbox 2513 3454 2662 3522; x_wconf 80' lang='grc' dir='ltr'>φωνῇ</span> <span class='ocrx_word' id='word_1_685' title='bbox 2696 3452 2788 3506; x_wconf 87' lang='grc' dir='ltr'>τοῦ</span> <span class='ocrx_word' id='word_1_686' title='bbox 2829 3454 3069 3525; x_wconf 82' lang='grc' dir='ltr'>κήρυκος</span> <span class='ocrx_word' id='word_1_687' title='bbox 3099 3457 3128 3508; x_wconf 93' lang='lat'>6</span> <span class='ocrx_word' id='word_1_688' title='bbox 3170 3455 3374 3528; x_wconf 81' lang='grc' dir='ltr'>ἄρχων,</span> <span class='ocrx_word' id='word_1_689' title='bbox 3415 3457 3528 3510; x_wconf 84' lang='grc' dir='ltr'>ἀλλ’</span> <span class='ocrx_word' id='word_1_690' title='bbox 3577 3461 3636 3511; x_wconf 91' lang='grc' dir='ltr'>ἐν</span> <span class='ocrx_word' id='word_1_691' title='bbox 3677 3461 3760 3530; x_wconf 78' lang='grc' dir='ltr'>τῷ</span> 
     </span>
    </p>
   </div>
   <div class='ocr_carea' id='block_1_95' title="bbox 2177 3541 3756 3620">
    <p class='ocr_par' dir='ltr' id='par_1_95' title="bbox 2177 3541 3756 3620">
     <span class='ocr_line' id='line_1_96' title="bbox 2177 3541 3756 3620; baseline 0.006 -26"><span class='ocrx_word' id='word_1_692' title='bbox 2177 3541 2249 3595; x_wconf 80' lang='grc' dir='ltr'>τὰ</span> <span class='ocrx_word' id='word_1_693' title='bbox 2283 3542 2630 3612; x_wconf 89' lang='grc' dir='ltr'>πεπονηκότα</span> <span class='ocrx_word' id='word_1_694' title='bbox 2659 3545 2994 3600; x_wconf 78' lang='grc' dir='ltr'>ἀνακτᾶσθαι</span> <span class='ocrx_word' id='word_1_695' title='bbox 3027 3560 3070 3611; x_wconf 72' lang='grc' dir='ltr'>ε,</span> <span class='ocrx_word' id='word_1_696' title='bbox 3105 3547 3200 3600; x_wconf 78' lang='grc' dir='ltr'>καὶ</span> <span class='ocrx_word' id='word_1_697' title='bbox 3236 3548 3302 3600; x_wconf 80' lang='grc' dir='ltr'>τά</span> <span class='ocrx_word' id='word_1_698' title='bbox 3343 3548 3526 3612; x_wconf 88' lang='grc' dir='ltr'>κακῶς</span> <span class='ocrx_word' id='word_1_699' title='bbox 3561 3550 3756 3620; x_wconf 80' lang='grc' dir='ltr'>ἔχοντα</span> 
     </span>
    </p>
   </div>
   <div class='ocr_carea' id='block_1_96' title="bbox 2177 3633 3756 3715">
    <p class='ocr_par' dir='ltr' id='par_1_96' title="bbox 2177 3633 3756 3715">
     <span class='ocr_line' id='line_1_97' title="bbox 2177 3633 3756 3715; baseline 0.006 -27"><span class='ocrx_word' id='word_1_700' title='bbox 2177 3633 2442 3705; x_wconf 88' lang='grc' dir='ltr'>διορθοῦν,</span> <span class='ocrx_word' id='word_1_701' title='bbox 2485 3637 2581 3689; x_wconf 77' lang='grc' dir='ltr'>καὶ</span> <span class='ocrx_word' id='word_1_702' title='bbox 2629 3636 2877 3702; x_wconf 78' lang='grc' dir='ltr'>κολάζειν</span> <span class='ocrx_word' id='word_1_703' title='bbox 2919 3638 3018 3709; x_wconf 82' lang='grc' dir='ltr'>μὲν</span> <span class='ocrx_word' id='word_1_704' title='bbox 3052 3639 3291 3702; x_wconf 88' lang='grc' dir='ltr'>ἀδικίαν.</span> <span class='ocrx_word' id='word_1_705' title='bbox 3332 3639 3407 3712; x_wconf 80' lang='grc' dir='ltr'>μὴ</span> <span class='ocrx_word' id='word_1_706' title='bbox 3452 3646 3756 3715; x_wconf 76' lang='grc' dir='ltr'>συγχωρεῖν</span> 
     </span>
    </p>
   </div>
   <div class='ocr_carea' id='block_1_97' title="bbox 2175 3728 3758 3805">
    <p class='ocr_par' dir='ltr' id='par_1_97' title="bbox 2175 3728 3758 3805">
     <span class='ocr_line' id='line_1_98' title="bbox 2175 3728 3758 3805; baseline 0.004 -23"><span class='ocrx_word' id='word_1_707' title='bbox 2175 3728 2231 3782; x_wconf 85' lang='grc' dir='ltr'>δὲ</span> <span class='ocrx_word' id='word_1_708' title='bbox 2265 3729 2369 3782; x_wconf 91' lang='grc' dir='ltr'>ὑπὸ</span> <span class='ocrx_word' id='word_1_709' title='bbox 2389 3729 2707 3794; x_wconf 85' lang='grc' dir='ltr'>δυναστείας</span> <span class='ocrx_word' id='word_1_710' title='bbox 2739 3731 2800 3785; x_wconf 88' lang='grc' dir='ltr'>τὸ</span> <span class='ocrx_word' id='word_1_711' title='bbox 2829 3733 3032 3786; x_wconf 91' lang='grc' dir='ltr'>δίκαιον</span> <span class='ocrx_word' id='word_1_712' title='bbox 3059 3734 3471 3788; x_wconf 86' lang='grc' dir='ltr'>ἀπελαύνεσθαι.</span> <span class='ocrx_word' id='word_1_713' title='bbox 3505 3737 3615 3790; x_wconf 75' lang='grc' dir='ltr'>Καὶ</span> <span class='ocrx_word' id='word_1_714' title='bbox 3645 3736 3758 3805; x_wconf 80' lang='grc' dir='ltr'>γὰρ</span> 
     </span>
    </p>
   </div>
   <div class='ocr_carea' id='block_1_98' title="bbox 2176 3817 3756 3899">
    <p class='ocr_par' dir='ltr' id='par_1_98' title="bbox 2176 3817 3756 3899">
     <span class='ocr_line' id='line_1_99' title="bbox 2176 3817 3756 3899; baseline 0.003 -23"><span class='ocrx_word' id='word_1_715' title='bbox 2176 3817 2293 3876; x_wconf 81' lang='grc' dir='ltr'>οἶδά</span> <span class='ocrx_word' id='word_1_716' title='bbox 2333 3839 2426 3876; x_wconf 92' lang='grc' dir='ltr'>σου</span> <span class='ocrx_word' id='word_1_717' title='bbox 2458 3823 2558 3894; x_wconf 84' lang='grc' dir='ltr'>τὴν</span> <span class='ocrx_word' id='word_1_718' title='bbox 2607 3825 2936 3896; x_wconf 71' lang='grc' dir='ltr'>παρρησίαν,</span> <span class='ocrx_word' id='word_1_719' title='bbox 2978 3825 3077 3897; x_wconf 83' lang='grc' dir='ltr'>τὴν</span> <span class='ocrx_word' id='word_1_720' title='bbox 3122 3825 3756 3899; x_wconf 77' lang='grc' dir='ltr'>ἐλευθεροστομίαν,-τῆς</span> 
     </span>
    </p>
   </div>
   <div class='ocr_carea' id='block_1_99' title="bbox 2174 3910 3758 3987">
    <p class='ocr_par' dir='ltr' id='par_1_99' title="bbox 2174 3910 3758 3987">
     <span class='ocr_line' id='line_1_100' title="bbox 2174 3910 3758 3987; baseline 0.003 -21"><span class='ocrx_word' id='word_1_721' title='bbox 2174 3910 2410 3976; x_wconf 89' lang='grc' dir='ltr'>διανοίας</span> <span class='ocrx_word' id='word_1_722' title='bbox 2449 3912 2511 3966; x_wconf 90' lang='grc' dir='ltr'>τὸ</span> <span class='ocrx_word' id='word_1_723' title='bbox 2544 3912 2694 3983; x_wconf 72' lang='grc' dir='ltr'>ὕψος,</span> <span class='ocrx_word' id='word_1_724' title='bbox 2739 3913 2839 3986; x_wconf 83' lang='grc' dir='ltr'>τὴν</span> <span class='ocrx_word' id='word_1_725' title='bbox 2871 3914 2980 3967; x_wconf 87' lang='grc' dir='ltr'>τῶν</span> <span class='ocrx_word' id='word_1_726' title='bbox 3012 3914 3284 3984; x_wconf 79' lang='grc' dir='ltr'>βιωτικῶν</span> <span class='ocrx_word' id='word_1_727' title='bbox 3322 3916 3645 3987; x_wconf 57' lang='grc' dir='ltr'>ὑπεροψίαν,</span> <span class='ocrx_word' id='word_1_728' title='bbox 3691 3918 3758 3970; x_wconf 80' lang='grc' dir='ltr'>τὸ</span> 
     </span>
    </p>
   </div>
   <div class='ocr_carea' id='block_1_100' title="bbox 2179 4003 3752 4078">
    <p class='ocr_par' dir='ltr' id='par_1_100' title="bbox 2179 4003 3752 4078">
     <span class='ocr_line' id='line_1_101' title="bbox 2179 4003 3752 4078; baseline 0.004 -21"><span class='ocrx_word' id='word_1_729' title='bbox 2179 4005 2563 4075; x_wconf 87' lang='grc' dir='ltr'>μισοπόνηρον,</span> <span class='ocrx_word' id='word_1_730' title='bbox 2613 4005 2674 4059; x_wconf 90' lang='grc' dir='ltr'>τὸ</span> <span class='ocrx_word' id='word_1_731' title='bbox 2717 4005 2947 4076; x_wconf 77' lang='grc' dir='ltr'>ἥμερον,</span> <span class='ocrx_word' id='word_1_732' title='bbox 2997 4007 3058 4058; x_wconf 89' lang='grc' dir='ltr'>τὸ</span> <span class='ocrx_word' id='word_1_733' title='bbox 3097 4007 3501 4078; x_wconf 86' lang='grc' dir='ltr'>φιλάνθρωπον,</span> <span class='ocrx_word' id='word_1_734' title='bbox 3540 4003 3600 4063; x_wconf 80' lang='grc' dir='ltr'>οὑ</span> <span class='ocrx_word' id='word_1_735' title='bbox 3644 4009 3752 4078; x_wconf 86' lang='grc' dir='ltr'>μά-</span> 
     </span>
    </p>
   </div>
   <div class='ocr_carea' id='block_1_101' title="bbox 2173 4093 3755 4170">
    <p class='ocr_par' dir='ltr' id='par_1_101' title="bbox 2173 4093 3755 4170">
     <span class='ocr_line' id='line_1_102' title="bbox 2173 4093 3755 4170; baseline 0.004 -22"><span class='ocrx_word' id='word_1_736' title='bbox 2173 4095 2330 4152; x_wconf 87' lang='grc' dir='ltr'>λιστα</span> <span class='ocrx_word' id='word_1_737' title='bbox 2360 4097 2580 4167; x_wconf 77' lang='grc' dir='ltr'>ἄρχοντι</span> <span class='ocrx_word' id='word_1_738' title='bbox 2613 4097 2711 4151; x_wconf 91' lang='grc' dir='ltr'>δεῖ.</span> <span class='ocrx_word' id='word_1_739' title='bbox 2739 4097 2830 4151; x_wconf 85' lang='grc' dir='ltr'>Διὸ</span> <span class='ocrx_word' id='word_1_740' title='bbox 2877 4098 3098 4151; x_wconf 84' lang='grc' dir='ltr'>κάκεῖνο</span> <span class='ocrx_word' id='word_1_741' title='bbox 3130 4093 3248 4154; x_wconf 80' lang='grc' dir='ltr'>οἴδα</span> <span class='ocrx_word' id='word_1_742' title='bbox 3299 4100 3505 4170; x_wconf 87' lang='grc' dir='ltr'>σαφῶς,</span> <span class='ocrx_word' id='word_1_743' title='bbox 3533 4101 3614 4153; x_wconf 84' lang='grc' dir='ltr'>ὅτι</span> <span class='ocrx_word' id='word_1_744' title='bbox 3666 4100 3755 4154; x_wconf 83' lang='grc' dir='ltr'>λι-</span> 
     </span>
    </p>
   </div>
   <div class='ocr_carea' id='block_1_102' title="bbox 2176 4187 3752 4262">
    <p class='ocr_par' dir='ltr' id='par_1_102' title="bbox 2176 4187 3752 4262">
     <span class='ocr_line' id='line_1_103' title="bbox 2176 4187 3752 4262; baseline 0.003 -21"><span class='ocrx_word' id='word_1_745' title='bbox 2176 4187 2283 4259; x_wconf 82' lang='grc' dir='ltr'>μὴν</span> <span class='ocrx_word' id='word_1_746' title='bbox 2317 4189 2417 4261; x_wconf 82' lang='grc' dir='ltr'>ἐσῃ</span> <span class='ocrx_word' id='word_1_747' title='bbox 2443 4189 2552 4242; x_wconf 89' lang='grc' dir='ltr'>τῶν</span> <span class='ocrx_word' id='word_1_748' title='bbox 2597 4188 2995 4258; x_wconf 88' lang='grc' dir='ltr'>ναυαγούντων,</span> <span class='ocrx_word' id='word_1_749' title='bbox 3034 4190 3305 4262; x_wconf 86' lang='grc' dir='ltr'>βακτηρία</span> <span class='ocrx_word' id='word_1_750' title='bbox 3341 4191 3448 4244; x_wconf 88' lang='grc' dir='ltr'>τῶν</span> <span class='ocrx_word' id='word_1_751' title='bbox 3491 4193 3586 4244; x_wconf 72' lang='grc' dir='ltr'>ἐπὶ</span> <span class='ocrx_word' id='word_1_752' title='bbox 3617 4193 3752 4260; x_wconf 67' lang='grc' dir='ltr'>γόνυ</span> 
     </span>
    </p>
   </div>
   <div class='ocr_carea' id='block_1_103' title="bbox 2172 4279 3754 4352">
    <p class='ocr_par' dir='ltr' id='par_1_103' title="bbox 2172 4279 3754 4352">
     <span class='ocr_line' id='line_1_104' title="bbox 2172 4279 3754 4352; baseline 0.004 -19"><span class='ocrx_word' id='word_1_753' title='bbox 2172 4279 2482 4344; x_wconf 90' lang='grc' dir='ltr'>κλιθέντων,</span> <span class='ocrx_word' id='word_1_754' title='bbox 2520 4279 2725 4352; x_wconf 86' lang='grc' dir='ltr'>πύργος</span> <span class='ocrx_word' id='word_1_755' title='bbox 2753 4281 2861 4334; x_wconf 91' lang='grc' dir='ltr'>τῶν</span> <span class='ocrx_word' id='word_1_756' title='bbox 2887 4281 2990 4334; x_wconf 87' lang='grc' dir='ltr'>ὑπὸ</span> <span class='ocrx_word' id='word_1_757' title='bbox 3021 4281 3338 4346; x_wconf 84' lang='grc' dir='ltr'>δυναστείας</span> <span class='ocrx_word' id='word_1_758' title='bbox 3366 4283 3551 4337; x_wconf 89' lang='grc' dir='ltr'>ἀδίκου</span> <span class='ocrx_word' id='word_1_759' title='bbox 3589 4285 3754 4340; x_wconf 84' lang='grc' dir='ltr'>πολε-</span> 
     </span>
    </p>
   </div>
   <div class='ocr_carea' id='block_1_104' title="bbox 2172 4373 3749 4448">
    <p class='ocr_par' dir='ltr' id='par_1_104' title="bbox 2172 4373 3749 4448">
     <span class='ocr_line' id='line_1_105' title="bbox 2172 4373 3749 4448; baseline 0.004 -22"><span class='ocrx_word' id='word_1_760' title='bbox 2172 4373 2486 4444; x_wconf 87' lang='grc' dir='ltr'>μουμένων·</span> <span class='ocrx_word' id='word_1_761' title='bbox 2529 4373 2623 4427; x_wconf 82' lang='grc' dir='ltr'>καὶ</span> <span class='ocrx_word' id='word_1_762' title='bbox 2657 4373 2756 4446; x_wconf 81' lang='grc' dir='ltr'>ἐσῃ</span> <span class='ocrx_word' id='word_1_763' title='bbox 2795 4373 2969 4428; x_wconf 82' lang='grc' dir='ltr'>ταῦτα</span> <span class='ocrx_word' id='word_1_764' title='bbox 3005 4374 3220 4445; x_wconf 72' lang='grc' dir='ltr'>ῥᾳδίως.</span> <span class='ocrx_word' id='word_1_765' title='bbox 3260 4375 3396 4429; x_wconf 80' lang='grc' dir='ltr'>Ούδέ</span> <span class='ocrx_word' id='word_1_766' title='bbox 3433 4377 3541 4448; x_wconf 83' lang='grc' dir='ltr'>γὰρ</span> <span class='ocrx_word' id='word_1_767' title='bbox 3580 4380 3749 4431; x_wconf 86' lang='grc' dir='ltr'>πόνου</span> 
     </span>
    </p>
   </div>
   <div class='ocr_carea' id='block_1_105' title="bbox 2171 4463 3748 4538">
    <p class='ocr_par' dir='ltr' id='par_1_105' title="bbox 2171 4463 3748 4538">
     <span class='ocr_line' id='line_1_106' title="bbox 2171 4463 3748 4538; baseline 0.004 -22"><span class='ocrx_word' id='word_1_768' title='bbox 2171 4481 2254 4517; x_wconf 89' lang='grc' dir='ltr'>σοι</span> <span class='ocrx_word' id='word_1_769' title='bbox 2291 4465 2403 4525; x_wconf 87' lang='grc' dir='ltr'>δεῖ,</span> <span class='ocrx_word' id='word_1_770' title='bbox 2443 4463 2562 4518; x_wconf 87' lang='grc' dir='ltr'>ούδέ</span> <span class='ocrx_word' id='word_1_771' title='bbox 2613 4463 2853 4534; x_wconf 73' lang='grc' dir='ltr'>ἱδρῶτος,</span> <span class='ocrx_word' id='word_1_772' title='bbox 2895 4465 3015 4518; x_wconf 85' lang='grc' dir='ltr'>οὑδέ</span> <span class='ocrx_word' id='word_1_773' title='bbox 3057 4465 3254 4535; x_wconf 78' lang='grc' dir='ltr'>χρόνου</span> <span class='ocrx_word' id='word_1_774' title='bbox 3293 4466 3506 4538; x_wconf 75' lang='grc' dir='ltr'>μακροῦ</span> <span class='ocrx_word' id='word_1_775' title='bbox 3553 4469 3635 4531; x_wconf 83' lang='grc' dir='ltr'>εἰς</span> <span class='ocrx_word' id='word_1_776' title='bbox 3687 4471 3748 4522; x_wconf 80' lang='grc' dir='ltr'>τὸ</span> 
     </span>
    </p>
   </div>
   <div class='ocr_carea' id='block_1_106' title="bbox 2167 4555 3746 4630">
    <p class='ocr_par' dir='ltr' id='par_1_106' title="bbox 2167 4555 3746 4630">
     <span class='ocr_line' id='line_1_107' title="bbox 2167 4555 3746 4630; baseline 0.003 -22"><span class='ocrx_word' id='word_1_777' title='bbox 2167 4555 2463 4627; x_wconf 88' lang='grc' dir='ltr'>κατορθοῦν</span> <span class='ocrx_word' id='word_1_778' title='bbox 2492 4555 2689 4609; x_wconf 88' lang='grc' dir='ltr'>ταῦτα·</span> <span class='ocrx_word' id='word_1_779' title='bbox 2727 4555 2842 4608; x_wconf 87' lang='grc' dir='ltr'>ἀλλ’</span> <span class='ocrx_word' id='word_1_780' title='bbox 2882 4556 3070 4627; x_wconf 87' lang='grc' dir='ltr'>ὥσπερ</span> <span class='ocrx_word' id='word_1_781' title='bbox 3099 4561 3128 4611; x_wconf 91' lang='lat'>6</span> <span class='ocrx_word' id='word_1_782' title='bbox 3158 4558 3307 4628; x_wconf 77' lang='grc' dir='ltr'>ἥλιος</span> <span class='ocrx_word' id='word_1_783' title='bbox 3354 4557 3488 4630; x_wconf 83' lang='grc' dir='ltr'>ὁμοῦ</span> <span class='ocrx_word' id='word_1_784' title='bbox 3519 4577 3580 4612; x_wconf 88' lang='grc' dir='ltr'>τε</span> <span class='ocrx_word' id='word_1_785' title='bbox 3615 4562 3746 4630; x_wconf 74' lang='grc' dir='ltr'>φαίο</span> 
     </span>
    </p>
   </div>
   <div class='ocr_carea' id='block_1_107' title="bbox 2166 4647 3747 4718">
    <p class='ocr_par' dir='ltr' id='par_1_107' title="bbox 2166 4647 3747 4718">
     <span class='ocr_line' id='line_1_108' title="bbox 2166 4647 3747 4718; baseline 0.005 -19"><span class='ocrx_word' id='word_1_786' title='bbox 2166 4663 2344 4711; x_wconf 84' lang='grc' dir='ltr'>νεται,</span> <span class='ocrx_word' id='word_1_787' title='bbox 2389 4647 2482 4700; x_wconf 75' lang='grc' dir='ltr'>καὶ</span> <span class='ocrx_word' id='word_1_788' title='bbox 2524 4647 2700 4701; x_wconf 81' lang='grc' dir='ltr'>πάντα</span> <span class='ocrx_word' id='word_1_789' title='bbox 2737 4647 2851 4700; x_wconf 90' lang='grc' dir='ltr'>λύει</span> <span class='ocrx_word' id='word_1_790' title='bbox 2891 4647 3088 4718; x_wconf 77' lang='grc' dir='ltr'>ζόφον·</span> <span class='ocrx_word' id='word_1_791' title='bbox 3133 4648 3276 4702; x_wconf 84' lang='grc' dir='ltr'>οὑτω</span> <span class='ocrx_word' id='word_1_792' title='bbox 3319 4650 3411 4704; x_wconf 72' lang='grc' dir='ltr'>καὶ</span> <span class='ocrx_word' id='word_1_793' title='bbox 3445 4651 3607 4716; x_wconf 87' lang='grc' dir='ltr'>αὑτὸς</span> <span class='ocrx_word' id='word_1_794' title='bbox 3649 4654 3747 4708; x_wconf 78' lang='grc' dir='ltr'>ἐπὶ</span> 
     </span>
    </p>
   </div>
   <div class='ocr_carea' id='block_1_108' title="bbox 2165 4735 3745 4812">
    <p class='ocr_par' dir='ltr' id='par_1_108' title="bbox 2165 4735 3745 4812">
     <span class='ocr_line' id='line_1_109' title="bbox 2165 4735 3745 4812; baseline 0.005 -23"><span class='ocrx_word' id='word_1_795' title='bbox 2165 4736 2258 4790; x_wconf 88' lang='grc' dir='ltr'>τοῦ</span> <span class='ocrx_word' id='word_1_796' title='bbox 2285 4737 2472 4808; x_wconf 91' lang='grc' dir='ltr'>θρόνου</span> <span class='ocrx_word' id='word_1_797' title='bbox 2499 4739 2706 4806; x_wconf 72' lang='grc' dir='ltr'>φανεὶς,</span> <span class='ocrx_word' id='word_1_798' title='bbox 2729 4735 2788 4792; x_wconf 82' lang='grc' dir='ltr'>εὖ</span> <span class='ocrx_word' id='word_1_799' title='bbox 2810 4735 2904 4793; x_wconf 78' lang='grc' dir='ltr'>οἷδ’</span> <span class='ocrx_word' id='word_1_800' title='bbox 2930 4741 3011 4792; x_wconf 83' lang='grc' dir='ltr'>ὅτι</span> <span class='ocrx_word' id='word_1_801' title='bbox 3042 4743 3106 4792; x_wconf 87' lang='grc' dir='ltr'>ἐκ</span> <span class='ocrx_word' id='word_1_802' title='bbox 3132 4740 3355 4812; x_wconf 86' lang='grc' dir='ltr'>πρώτης</span> <span class='ocrx_word' id='word_1_803' title='bbox 3383 4742 3594 4812; x_wconf 81' lang='grc' dir='ltr'>ἡμέρας</span> <span class='ocrx_word' id='word_1_804' title='bbox 3616 4743 3745 4808; x_wconf 91' lang='grc' dir='ltr'>τούς</span> 
     </span>
    </p>
   </div>
   <div class='ocr_carea' id='block_1_109' title="bbox 2165 4829 3745 4901">
    <p class='ocr_par' dir='ltr' id='par_1_109' title="bbox 2165 4829 3745 4901">
     <span class='ocr_line' id='line_1_110' title="bbox 2165 4829 3745 4901; baseline 0.004 -19"><span class='ocrx_word' id='word_1_805' title='bbox 2165 4845 2222 4882; x_wconf 86' lang='grc' dir='ltr'>τε</span> <span class='ocrx_word' id='word_1_806' title='bbox 2254 4829 2456 4882; x_wconf 90' lang='grc' dir='ltr'>ἀδικεῖν</span> <span class='ocrx_word' id='word_1_807' title='bbox 2489 4829 2898 4901; x_wconf 83' lang='grc' dir='ltr'>ἐπιχειροῦντας</span> <span class='ocrx_word' id='word_1_808' title='bbox 2925 4832 3258 4897; x_wconf 84' lang='grc' dir='ltr'>ἀνέστειλας,</span> <span class='ocrx_word' id='word_1_809' title='bbox 3287 4832 3410 4896; x_wconf 85' lang='grc' dir='ltr'>τούς</span> <span class='ocrx_word' id='word_1_810' title='bbox 3441 4849 3501 4885; x_wconf 87' lang='grc' dir='ltr'>τε</span> <span class='ocrx_word' id='word_1_811' title='bbox 3526 4835 3745 4888; x_wconf 82' lang='grc' dir='ltr'>ἀδικου-</span> 
     </span>
    </p>
   </div>
   <div class='ocr_carea' id='block_1_110' title="bbox 2168 4921 3740 4998">
    <p class='ocr_par' dir='ltr' id='par_1_110' title="bbox 2168 4921 3740 4998">
     <span class='ocr_line' id='line_1_111' title="bbox 2168 4921 3740 4998; baseline 0.006 -25"><span class='ocrx_word' id='word_1_812' title='bbox 2168 4921 2380 4992; x_wconf 84' lang='grc' dir='ltr'>μένους,</span> <span class='ocrx_word' id='word_1_813' title='bbox 2405 4923 2494 4976; x_wconf 78' lang='grc' dir='ltr'>καὶ</span> <span class='ocrx_word' id='word_1_814' title='bbox 2526 4925 2654 4993; x_wconf 71' lang='grc' dir='ltr'>πρὶν</span> <span class='ocrx_word' id='word_1_815' title='bbox 2676 4926 2755 4988; x_wconf 88' lang='grc' dir='ltr'>είς</span> <span class='ocrx_word' id='word_1_816' title='bbox 2783 4925 2842 4978; x_wconf 86' lang='grc' dir='ltr'>τὸ</span> <span class='ocrx_word' id='word_1_817' title='bbox 2863 4925 3209 4997; x_wconf 85' lang='grc' dir='ltr'>δικαστήριον</span> <span class='ocrx_word' id='word_1_818' title='bbox 3237 4927 3521 4992; x_wconf 84' lang='grc' dir='ltr'>εἰσελθεῖν,</span> <span class='ocrx_word' id='word_1_819' title='bbox 3552 4928 3740 4998; x_wconf 79' lang='grc' dir='ltr'>πάσης</span> 
     </span>
    </p>
   </div>
   <div class='ocr_carea' id='block_1_111' title="bbox 2163 5011 3741 5088">
    <p class='ocr_par' dir='ltr' id='par_1_111' title="bbox 2163 5011 3741 5088">
     <span class='ocr_line' id='line_1_112' title="bbox 2163 5011 3741 5088; baseline 0.006 -26"><span class='ocrx_word' id='word_1_820' title='bbox 2163 5011 2426 5082; x_wconf 86' lang='grc' dir='ltr'>ἐπηρείας</span> <span class='ocrx_word' id='word_1_821' title='bbox 2477 5012 2826 5082; x_wconf 73' lang='grc' dir='ltr'>ἀπήλλαξαςο</span> <span class='ocrx_word' id='word_1_822' title='bbox 2877 5014 2971 5066; x_wconf 76' lang='grc' dir='ltr'>καὶ</span> <span class='ocrx_word' id='word_1_823' title='bbox 3013 5016 3244 5086; x_wconf 72' lang='grc' dir='ltr'>ἤρκεσεν</span> <span class='ocrx_word' id='word_1_824' title='bbox 3285 5018 3364 5080; x_wconf 87' lang='grc' dir='ltr'>εἰς</span> <span class='ocrx_word' id='word_1_825' title='bbox 3403 5016 3503 5088; x_wconf 84' lang='grc' dir='ltr'>τὴν</span> <span class='ocrx_word' id='word_1_826' title='bbox 3546 5015 3741 5071; x_wconf 87' lang='grc' dir='ltr'>τούτου</span> 
     </span>
    </p>
   </div>
   <div class='ocr_carea' id='block_1_112' title="bbox 2163 5098 3742 5177">
    <p class='ocr_par' dir='ltr' id='par_1_112' title="bbox 2163 5098 3742 5177">
     <span class='ocr_line' id='line_1_113' title="bbox 2163 5098 3742 5177; baseline 0.007 -26"><span class='ocrx_word' id='word_1_827' title='bbox 2163 5098 2444 5170; x_wconf 86' lang='grc' dir='ltr'>διόρθωσιν</span> <span class='ocrx_word' id='word_1_828' title='bbox 2473 5103 2504 5172; x_wconf 82' lang='grc' dir='ltr'><strong>ἡ</strong></span> <span class='ocrx_word' id='word_1_829' title='bbox 2536 5103 2635 5173; x_wconf 87' lang='grc' dir='ltr'>τῆς</span> <span class='ocrx_word' id='word_1_830' title='bbox 2670 5103 2960 5172; x_wconf 82' lang='grc' dir='ltr'>φιλοσόφου</span> <span class='ocrx_word' id='word_1_831' title='bbox 2992 5121 3084 5157; x_wconf 91' lang='grc' dir='ltr'>σου</span> <span class='ocrx_word' id='word_1_832' title='bbox 3123 5103 3301 5176; x_wconf 76' lang='grc' dir='ltr'>ψυχῆς</span> <span class='ocrx_word' id='word_1_833' title='bbox 3327 5107 3615 5177; x_wconf 71' lang='grc' dir='ltr'>ὑπόληψις.</span> <span class='ocrx_word' id='word_1_834' title='bbox 3641 5107 3742 5162; x_wconf 70' lang='grc' dir='ltr'>Διὰ</span> 
     </span>
    </p>
   </div>
   <div class='ocr_carea' id='block_1_113' title="bbox 2161 5189 3740 5266">
    <p class='ocr_par' dir='ltr' id='par_1_113' title="bbox 2161 5189 3740 5266">
     <span class='ocr_line' id='line_1_114' title="bbox 2161 5189 3740 5266; baseline 0.006 -25"><span class='ocrx_word' id='word_1_835' title='bbox 2161 5189 2332 5242; x_wconf 87' lang='grc' dir='ltr'>ταῦτα</span> <span class='ocrx_word' id='word_1_836' title='bbox 2363 5190 2536 5242; x_wconf 87' lang='grc' dir='ltr'>καίτοι</span> <span class='ocrx_word' id='word_1_837' title='bbox 2561 5193 2620 5244; x_wconf 92' lang='grc' dir='ltr'>ἐν</span> <span class='ocrx_word' id='word_1_838' title='bbox 2652 5193 2853 5266; x_wconf 77' lang='grc' dir='ltr'>ἐρημίᾳ</span> <span class='ocrx_word' id='word_1_839' title='bbox 2891 5194 3222 5266; x_wconf 84' lang='grc' dir='ltr'>καθήμενος,</span> <span class='ocrx_word' id='word_1_840' title='bbox 3250 5196 3345 5249; x_wconf 79' lang='grc' dir='ltr'>καὶ</span> <span class='ocrx_word' id='word_1_841' title='bbox 3373 5197 3595 5262; x_wconf 84' lang='grc' dir='ltr'>πολλαῖς</span> <span class='ocrx_word' id='word_1_842' title='bbox 3623 5216 3740 5251; x_wconf 82' lang='grc' dir='ltr'>συν-</span> 
     </span>
    </p>
   </div>
   <div class='ocr_carea' id='block_1_114' title="bbox 2161 5280 3736 5361">
    <p class='ocr_par' dir='ltr' id='par_1_114' title="bbox 2161 5280 3736 5361">
     <span class='ocr_line' id='line_1_115' title="bbox 2161 5280 3736 5361; baseline 0.008 -31"><span class='ocrx_word' id='word_1_843' title='bbox 2161 5280 2416 5350; x_wconf 84' lang='grc' dir='ltr'>εχόμενος</span> <span class='ocrx_word' id='word_1_844' title='bbox 2449 5284 2822 5350; x_wconf 89' lang='grc' dir='ltr'>περιστάσεσι,</span> <span class='ocrx_word' id='word_1_845' title='bbox 2851 5285 3051 5358; x_wconf 87' lang='grc' dir='ltr'>πολλῆς</span> <span class='ocrx_word' id='word_1_846' title='bbox 3076 5288 3232 5358; x_wconf 82' lang='grc' dir='ltr'>γέμω</span> <span class='ocrx_word' id='word_1_847' title='bbox 3252 5290 3351 5358; x_wconf 84' lang='grc' dir='ltr'>τῆς</span> <span class='ocrx_word' id='word_1_848' title='bbox 3376 5289 3736 5361; x_wconf 80' lang='grc' dir='ltr'>εὐφροσύνης.</span> 
     </span>
    </p>
   </div>
   <div class='ocr_carea' id='block_1_115' title="bbox 2160 5370 3736 5454">
    <p class='ocr_par' dir='ltr' id='par_1_115' title="bbox 2160 5370 3736 5454">
     <span class='ocr_line' id='line_1_116' title="bbox 2160 5370 3736 5454; baseline 0.01 -33"><span class='ocrx_word' id='word_1_849' title='bbox 2160 5370 2431 5442; x_wconf 78' lang='grc' dir='ltr'>ἡμετέραν</span> <span class='ocrx_word' id='word_1_850' title='bbox 2477 5373 2668 5444; x_wconf 78' lang='grc' dir='ltr'>ἡδονὴν</span> <span class='ocrx_word' id='word_1_851' title='bbox 2713 5377 2813 5447; x_wconf 78' lang='grc' dir='ltr'>τὴν</span> <span class='ocrx_word' id='word_1_852' title='bbox 2850 5376 2958 5431; x_wconf 86' lang='grc' dir='ltr'>τῶν</span> <span class='ocrx_word' id='word_1_853' title='bbox 3002 5377 3372 5450; x_wconf 86' lang='grc' dir='ltr'>ἀδικουμένων</span> <span class='ocrx_word' id='word_1_854' title='bbox 3416 5379 3736 5454; x_wconf 70' lang='grc' dir='ltr'>συμμαχίαν</span> 
     </span>
    </p>
   </div>
   <div class='ocr_carea' id='block_1_116' title="bbox 2161 5465 2474 5535">
    <p class='ocr_par' dir='ltr' id='par_1_116' title="bbox 2161 5465 2474 5535">
     <span class='ocr_line' id='line_1_117' title="bbox 2161 5465 2474 5535; baseline 0.016 -18"><span class='ocrx_word' id='word_1_855' title='bbox 2161 5465 2474 5535; x_wconf 82' lang='grc' dir='ltr'>ἡγούμενος.</span> 
     </span>
    </p>
   </div>
   <div class='ocr_carea' id='block_1_117' title="bbox 2221 5604 2837 5666">
    <p class='ocr_par' dir='ltr' id='par_1_117' title="bbox 2221 5604 2837 5666">
     <span class='ocr_line' id='line_1_118' title="bbox 2221 5604 2837 5666; baseline 0 -11"><span class='ocrx_word' id='word_1_856' title='bbox 2221 5609 2239 5634; x_wconf 63' lang='grc' dir='ltr'><em>τ</em></span> <span class='ocrx_word' id='word_1_857' title='bbox 2257 5604 2444 5655; x_wconf 76' lang='lat' dir='ltr'>Fabric.</span> <span class='ocrx_word' id='word_1_858' title='bbox 2467 5607 2837 5666; x_wconf 80' lang='grc' dir='ltr'>ἀνακτήσασθαι.</span> 
     </span>
    </p>
   </div>
  </div>
