4064 6218
244 177 350 232 δη

239 291 315 348 ob
342 297 588 348 exortum
620 288 900 346 tumultum
929 291 982 346 ln
1021 286 1262 348 fraudem
1293 291 1549 362 impellat,
1575 291 1835 349 adducat-

244 400 374 455 que,
407 392 465 438 ut
488 380 816 439 Pbteniciam
844 383 1159 453 relinquatis
1191 425 1208 451 ,
1247 398 1315 439 ex
1337 398 1506 454 eaque
1531 382 1792 441 secedatis
1817 403 1830 439 :

238 474 370 544 quin
399 473 594 544 potius,
617 489 725 543 quo
739 474 917 544 plures
942 473 1284 530 difﬁcultates
1309 475 1460 530 vobis
1487 475 1830 546 objiciuntur,

235 564 620 634 gravioresque
649 563 839 618 fluctus
863 578 927 620 ac
955 563 1125 634 major
1155 564 1506 635 perturbatio,
1533 580 1600 620 eo
1622 581 1835 636 quoque

233 657 573 714 constantius
625 655 922 722 laboretis,
982 658 1303 726 excubetis,
1356 658 1615 729 majorem
1669 659 1832 714 animi

237 748 717 818 promptitudinem
747 747 1044 803 adhibeatis
1068 790 1084 817 ,
1111 759 1171 803 ut
1201 764 1266 804 ne
1297 749 1702 820 praeclarissima
1741 765 1833 805 ve-

231 853 346 899 stra
375 841 699 898 substructio
727 851 963 910 corruat,
993 856 1089 899 nec
1121 851 1297 898 tantus
1317 847 1496 898 ve‘ster
1530 842 1680 899 labor
1720 841 1832 897 fru-

231 943 327 988 ctu
353 942 552 997 careat,
582 941 936 1003 susceptaque
963 934 1017 989 in
1047 933 1341 990 animarum
1367 935 1511 991 cultu
1545 951 1706 1006 opera
1732 936 1829 991 de-

233 1027 430 1082 leatur.
459 1027 641 1082 Potest
669 1026 813 1080 enim
845 1026 984 1082 Deus
1013 1036 1068 1082 et
1099 1028 1239 1082 hunc
1269 1029 1552 1083 tumultum
1598 1029 1790 1084 sedare
1809 1070 1824 1098 ,

230 1128 290 1173 et
311 1117 582 1188 patientia:
625 1117 930 1190 mercedem
969 1117 1120 1172 vobis
1158 1118 1426 1174 conferre.
1474 1118 1658 1189 Neque
1685 1119 1828 1174 enim

234 1219 385 1264 tanta
416 1209 568 1265 vobis
593 1223 802 1265 merces
826 1209 1116 1265 conStituta
1145 1219 1263 1266 erat
1283 1250 1298 1275 ,
1328 1225 1452 1265 cum
1477 1211 1687 1280 negotia
1712 1213 1830 1268 sine

203 1301 343 1366 -ulla
387 1299 698 1356 difﬁcultate
737 1314 801 1354 ac
847 1299 1092 1356 molestia
1135 1301 1558 1357 conficiebantur
1583 1343 1598 1367 ,
1630 1311 1827 1372 quanta

235 1408 382 1448 nunc
405 1401 486 1447 est
515 1433 531 1456 ,
563 1407 683 1447 eum
716 1406 906 1461 magna
936 1391 1221 1447 difﬁcultas
1249 1394 1565 1464 proponitur
1595 1435 1610 1462 ,
1640 1395 1827 1466 ingens

234 1480 600 1554 perturbatio,
632 1482 890 1553 multique
920 1482 1242 1539 offendiculo
1271 1494 1414 1540 sunt.
1453 1485 1712 1553 Quocirca
1744 1488 1826 1542 la-

235 1577 422 1630 borem
454 1591 576 1630 eum
603 1616 617 1640 ,
651 1590 810 1645 quem
843 1575 1135 1644 pertulistis
1159 1615 1173 1640 ,
1225 1585 1282 1632 et
1329 1592 1622 1632 terumnam
1665 1593 1825 1648 quam

232 1665 584 1728 sustinuistis,
607 1673 662 1720 et
687 1679 748 1718 ea
773 1705 788 1726 ,
815 1679 936 1735 quae
962 1664 1217 1734 praeclare
1238 1666 1479 1736 gessistis
1504 1707 1518 1730 ,
1554 1668 1825 1724 vobiscum

231 1765 543 1827 reputantes
563 1798 578 1823 ,
607 1755 842 1827 illudque
876 1757 1002 1811 item
1029 1797 1045 1822 ,
1091 1757 1200 1812 Deo
1237 1757 1445 1813 favente
1485 1767 1683 1814 tantam
1714 1761 1824 1830 jam

229 1849 524 1920 impietatis
552 1858 759 1920 partem
789 1864 818 1902 a
847 1848 998 1904 vobis
1015 1851 1330 1905 exstinctam
1347 1866 1488 1918 esse,
1510 1852 1827 1910 Phoenicim-

227 1957 340 2013 que
366 1955 455 1996 res
475 1942 525 1995 in
557 1940 748 1995 melius
779 1942 1124 2011 processisse,
1148 1957 1211 1997 ac
1229 1943 1486 2013 majorem
1514 1960 1657 2001 nunc
1687 1956 1826 2001 mer-

225 2033 420 2090 cedem
459 2032 880 2103 amplioremquc
929 2035 1418 2090 remunerationem
1467 2037 1619 2091 vobis
1667 2036 1821 2104 fore,

224 2125 464 2194 denique
487 2123 652 2178 Deum
675 2123 1054 2193 impedimenta
1069 2139 1278 2194 quoque
1301 2126 1446 2181 brevi
1464 2123 1820 2194 sublaturum,

222 2223 288 2268 et
313 2213 480 2267 multa
506 2211 657 2268 vobis
691 2213 963 2282 patientiae
1002 2215 1218 2284 praemia
1247 2215 1642 2284 persoluturum
1664 2232 1787 2274 esse
1805 2259 1820 2286 ,

226 2304 343 2358 ilhc
372 2318 554 2374 quaeso
576 2315 886 2376 permanete
908 2313 1068 2375 atque
1094 2305 1390 2361 consistite.
1425 2305 1557 2362 Nam
1584 2322 1652 2362 ne
1679 2323 1822 2364 nunc

222 2397 449 2468 quidem
477 2396 630 2460 vobis,
652 2397 938 2468 quidquam
968 2396 1156 2455 deesse
1188 2405 1394 2468 potest:
1425 2412 1524 2468 ego
1549 2398 1692 2454 enim
1719 2440 1733 2465 ,
1766 2408 1826 2455 ut

223 2489 434 2554 omnia,
467 2499 573 2544 tam
605 2489 657 2543 in
687 2488 1042 2556 indumentis,
1059 2505 1218 2561 quam
1250 2490 1303 2544 in
1337 2490 1738 2558 calceamentis,
1761 2505 1824 2548 ac

220 2581 458 2638 fratrum
487 2580 775 2650 alimentis,
807 2581 994 2637 eadem
1021 2597 1124 2653 qua
1152 2583 1298 2652 prius
1323 2585 1476 2654 copia
1505 2593 1560 2641 et
1587 2583 1820 2643 aflluen-

225 2677 304 2730 tia
327 2674 481 2731 vobis
506 2675 936 2746 suppeditentur,
969 2675 1246 2746 imperavi.
1276 2676 1430 2744 Quod
1458 2678 1503 2734 si
1530 2694 1628 2735 nos
1653 2720 1670 2747 ,
1701 2694 1820 2736 cum

218 2768 289 2824 in
332 2775 479 2821 tanta
527 2765 829 2821 calamitate
869 2774 1030 2837 atque
1072 2767 1364 2823 acerbitate
1403 2783 1680 2825 versemur
1706 2811 1722 2836 ,
1762 2784 1826 2827 ac

223 2861 430 2919 Cucusi
455 2861 796 2918 solitudinem
841 2860 1134 2916 incolamus
1163 2900 1178 2926 ,
1218 2867 1419 2915 tantam
1449 2862 1628 2931 operis
1652 2863 1816 2919 vestri

225 2968 415 3010 curam
445 2954 679 3024 gerimus
697 2994 714 3020 ,
763 2953 933 3008 multo
975 2966 1105 3008 sane
1153 2951 1320 3023 magis
1348 2966 1444 3008 vos
1470 2954 1630 3009 etiam
1654 2995 1670 3020 ,
1697 2969 1821 3010 eum

224 3044 444 3100 abunde
468 3045 620 3101 vobis
648 3045 826 3100 omnia
855 3053 1145 3115 suppetant
1173 3086 1187 3111 ,
1221 3059 1339 3115 quae
1370 3056 1669 3101 vestrarum
1701 3063 1823 3118 par-

227 3140 364 3194 tium
386 3149 513 3194 sunt
541 3147 794 3210 prmstare
819 3138 1086 3193 convenit.
1118 3137 1266 3208 Rogo
1291 3137 1467 3208 igitur,
1487 3154 1552 3193 ne
1581 3139 1700 3210 quis
1726 3155 1821 3197 vos

228 3239 450 3286 terreat.
485 3230 616 3285 Nam
656 3239 710 3287 et
739 3230 948 3300 negotia
988 3229 1267 3285 meliorem
1301 3229 1412 3299 jam
1454 3244 1606 3299 spem
1642 3240 1824 3286 ostcn.

225 3323 400 3378 dunt:
430 3323 589 3394 idque
618 3323 715 3393 ipsi
742 3339 810 3378 ex
836 3323 1133 3385 literarum,
1165 3338 1286 3392 qua:
1313 3336 1342 3375 a
1369 3323 1818 3382 reverendissimo

227 3417 452 3471 domino
491 3432 610 3471 meo
634 3417 949 3487 presbytero
974 3414 1286 3470 Constantio
1317 3415 1494 3472 missae
1525 3426 1650 3472 sunt
1676 3459 1690 3481 ,
1724 3433 1821 3474 ex-

228 3507 429 3578 emplis
459 3506 613 3563 facile
639 3507 964 3578 intelligetis.
999 3508 1078 3561 Ac
1103 3507 1146 3560 si
1177 3507 1534 3576 permaneatis
1565 3548 1581 3573 ,
1610 3507 1822 3565 etiamsi

229 3608 486 3655 sexcenta
515 3598 893 3670 impedimenta
915 3597 1246 3662 oboriantur,
1274 3597 1450 3652 omnia
1474 3607 1650 3680 tamen
1678 3598 1825 3656 fran-

229 3693 394 3764 getis.

312 3782 568 3836 Patientia
595 3782 712 3852 rupi
750 3782 930 3837 similis
970 3790 1075 3849 est;
1103 3783 1171 3836 ad
1215 3783 1509 3853 patientiam
1546 3783 1778 3836 hortatur
1804 3820 1821 3846 ,

233 3874 582 3946 apostolorum
610 3874 894 3946 exemplum
916 3890 1228 3946 preponens.
1249 3905 1322 3916 —
1345 3874 1484 3930 Nihil
1514 3874 1709 3944 quippe
1730 3886 1825 3942 pa.

236 3970 475 4025 ttentiam
519 3984 584 4024 ac
639 3969 970 4024 tolerantiam
1018 3983 1230 4040 tequare
1283 3977 1494 4040 potest:
1523 3968 1640 4037 rupi
1681 3967 1823 4022 enim

235 4063 431 4116 similis
452 4070 564 4116 est:
596 4072 783 4116 contra
814 4070 990 4116 motus
1046 4062 1082 4115 ii
1130 4074 1319 4116 omnes
1359 4074 1543 4130 eaeque
1570 4058 1776 4112 insidiae
1805 4099 1821 4124 ,

235 4171 356 4225 qua:
381 4154 636 4208 adversus
668 4153 960 4210 Ecclesiam
989 4161 1283 4219 struuntur,
1309 4151 1557 4207 ﬂuctibus
1586 4166 1692 4206 non
1717 4148 1828 4204 dis-

235 4243 444 4298 similes
469 4251 596 4299 sunt
626 4285 642 4308 ,
690 4243 778 4314 qui
811 4242 926 4312 rupi
958 4242 1237 4299 illiduntur
1265 4285 1279 4307 ,
1313 4251 1472 4312 atque
1503 4241 1554 4295 in
1582 4253 1826 4311 spumam

239 4348 391 4386 suam
418 4333 637 4388 abeunt.
666 4332 722 4388 ln
771 4342 1004 4388 mentem
1049 4333 1201 4388 vobis
1228 4332 1426 4397 veniat,
1455 4343 1652 4402 quanta
1690 4344 1824 4400 apo-

239 4425 361 4479 stoli
396 4433 503 4479 tum
535 4439 566 4478 a
595 4425 704 4479 suis
727 4465 744 4492 ,
789 4435 900 4479 tum
930 4424 997 4480 ab
1039 4425 1238 4480 exteris
1280 4423 1648 4495 pertulerunt:
1674 4431 1729 4478 et
1770 4429 1828 4476 ut

239 4530 406 4570 mnne
433 4513 826 4586 praedicationis
853 4524 1062 4585 tempus
1084 4529 1180 4585 per
1203 4514 1547 4578 tentationes,
1569 4527 1664 4582 per
1692 4511 1832 4586 peri-

239 4608 386 4670 cula,
420 4623 512 4678 per
533 4606 753 4662 insidias
773 4606 1129 4672 confecerint,
1159 4621 1301 4661 nunc
1320 4620 1536 4660 carcere
1559 4613 1614 4659 et
1643 4604 1829 4658 vincu-

239 4698 330 4763 lis,
363 4713 502 4752 nunc
525 4697 750 4763 exsiliis,
785 4712 924 4752 nunc
946 4695 1147 4767 ﬂagris,
1173 4712 1314 4751 nunc
1351 4695 1493 4750 fame
1518 4703 1572 4748 et
1593 4694 1830 4760 nuditate

237 4790 564 4857 consumpti.
598 4788 666 4843 Et
693 4798 891 4854 tamen,
915 4788 1073 4842 etiam
1100 4802 1223 4843 cum
1245 4787 1296 4841 in
1313 4800 1532 4842 carcere
1552 4785 1828 4856 degerent,

239 4897 273 4935 a
325 4897 548 4938 munere
597 4882 698 4936 sibi
747 4881 1035 4937 commisso
1084 4896 1191 4936 non
1237 4879 1566 4935 absistebant
1599 4896 1612 4932 :
1645 4893 1829 4933 verum

241 4973 436 5027 beatus
465 4972 659 5026 Paulus
693 5013 708 5039 ,
755 4973 914 5028 etiam
945 4987 1063 5027 cum
1116 4971 1168 5026 in
1205 4971 1418 5026 vincula
1462 4973 1738 5038 conjecaus
1767 4983 1832 5024 ac

243 5062 433 5132 flagris
457 5063 704 5117 concisus
729 5071 873 5117 esset
897 5103 912 5128 ,
957 5071 1011 5117 et
1037 5076 1231 5117 cruore
1259 5060 1524 5115 difflueret
1557 5100 1574 5127 ,
1603 5067 1657 5115 et
1689 5059 1832 5130 ligno

241 5154 496 5224 alligatus
524 5162 847 5219 esset,ettot
873 5155 1024 5209 malis
1047 5161 1401 5224 premeretur,
1435 5162 1608 5208 tamen
1642 5153 1692 5207 in
1717 5152 1832 5223 ipso

243 5260 464 5315 quoque
505 5260 721 5301 carcere
749 5246 998 5301 antistitis
1029 5246 1165 5301 sacri
1209 5260 1434 5300 munere
1470 5243 1789 5314 fungebatur
1817 5283 1831 5311 ,

246 5344 310 5393 et
331 5337 566 5393 carceris
595 5336 870 5394 custodem
901 5335 1202 5409 baptizabat
1228 5377 1244 5403 ,
1272 5349 1442 5406 eaque
1463 5335 1640 5390 omnia
1670 5374 1687 5400 ,
1713 5350 1833 5404 qua:

1696 180 2064 241 EPISTOLE.

3426 209 3553 264 678.

1941 299 2021 353 sui
2052 301 2292 356 muneris
2313 310 2470 359 erant
2495 308 2906 378 exsequebatur.
2937 311 3065 371 Haec
3099 313 3259 386 igitur
3301 325 3480 380 omnia
3511 368 3526 392 ,

1937 389 2145 461 aliaque
2175 392 2224 447 id
2247 409 2414 463 genus
2443 397 2624 453 animo
2645 399 2944 470 volventes,
2964 413 3024 460 ut
3047 423 3142 462 vos
3154 408 3264 479 jam
3279 389 3524 469 hortatus

1937 496 2077 551 sum,
2110 485 2247 540 firmi
2276 496 2437 558 atque
2459 489 2758 549 immobiles
2805 504 2977 563 state,
3009 509 3063 555 et
3087 515 3115 555 a
3148 502 3426 563 fraudibus
3441 525 3541 563 ca-

1903 658 1905 660 η
1937 585 2077 639 vete,
2111 575 2207 630 Dei
2231 592 2386 647 opem
2413 588 2574 650 atque
2599 585 2980 654 auxilium,cui
3001 590 3133 647 nihil
3164 609 3259 668 par
3279 611 3398 652 esse
3430 615 3534 668 po-

1936 673 2042 721 test
2072 707 2087 731 ,
2125 677 2534 737 exspectantes:
2563 688 2629 729 ae
2650 674 2717 730 de
2743 679 2995 738 omnibus
3019 681 3101 737 his
3132 667 3292 741 rebus
3317 729 3332 753 ,
3365 667 3518 744 utre-

1935 771 2190 828 Sponsum
2218 762 2248 814 a
2280 762 2428 818 vobis
2453 764 2709 833 feramus,
2733 781 2934 825 curate.
2974 772 3082 829 llac
3105 775 3247 830 enim
3269 777 3334 834 de
3360 795 3522 837 causa

1934 853 2096 908 etiam
2145 853 2402 911 Joannem
2452 859 2910 930 religiosissimum
2953 869 3322 939 presbyterum
3375 877 3520 931 misi.

1933 959 2072 1010 mus,
2103 955 2159 1000 ut
2186 961 2278 1002 vos
2304 948 2617 1007 cohortetur
2647 995 2662 1019 ,
2696 969 2795 1010 nec
2821 971 2916 1011 vos
2944 972 2974 1012 a
3002 974 3266 1032 quoquam
3302 976 3518 1035 pertur-

1930 1035 2046 1092 bari
2076 1037 2237 1093 sinat.
2269 1040 2526 1111 Equidem
2574 1043 2686 1114 ipse
2709 1085 2724 1109 ,
2779 1048 2921 1116 quod
2966 1051 3070 1105 mei
3101 1055 3336 1111 muneris
3364 1067 3479 1113 erat
3513 1100 3527 1125 ,

1935 1132 2174 1199 praestiti,
2212 1142 2321 1188 tum
2353 1149 2446 1189 vos
2469 1139 2808 1194 sermonibus
2839 1141 3128 1200 cohortans
3160 1187 3172 1210 ,
3204 1156 3311 1203 tum
3343 1153 3522 1207 consi-

1933 1220 2018 1276 liis
2039 1223 2269 1293 erigens,
2296 1234 2405 1280 tum
2443 1242 2506 1282 ea
2531 1245 2650 1298 quae
2673 1245 2807 1298 opus
2833 1244 2987 1288 erant
3018 1237 3224 1305 prolixe
3254 1241 3518 1298 submini-

1931 1323 2130 1383 strans,
2169 1333 2276 1387 quo
2316 1320 2446 1374 nihil
2475 1323 2692 1378 omnino
2721 1325 2872 1380 vobis
2917 1325 3145 1385 deesset.
3177 1331 3328 1398 Quod
3359 1335 3404 1390 si
3434 1352 3522 1392 me

1932 1407 2173 1476 perferre
2201 1410 2420 1467 minime
2441 1413 2734 1482 volueritis,
2768 1433 2952 1472 verum
2983 1419 3049 1474 iis
3081 1423 3274 1490 potius,
3304 1426 3393 1494 qui
3424 1443 3522 1482 vos

1931 1499 2200 1569 decipiunt
2223 1517 2286 1557 ac
2315 1505 2457 1559 velut
2485 1520 2686 1574 pennas
2709 1510 2858 1564 vobis
2885 1512 3108 1582 addunt,
3131 1515 3287 1571 fidem
3317 1519 3520 1576 ltabca~

1932 1590 2019 1654 tis,
2051 1600 2196 1646 extra
2223 1593 2431 1664 culpam
2463 1597 2575 1666 ipse
2604 1613 2745 1653 sum.
2769 1600 2929 1655 Scitis
2958 1613 3156 1671 autem,
3175 1607 3224 1660 in
3253 1609 3404 1678 cujus
3426 1625 3519 1665 ca-

1933 1691 2027 1752 put
2056 1683 2172 1740 haec
2197 1687 2573 1743 condemnatio
2618 1699 2776 1760 atque
2815 1692 3024 1762 jactura
3053 1697 3226 1754 cadat.
3254 1699 3333 1754 Nc
3362 1702 3522 1770 igitur

1930 1776 2217 1847 quidquam
2240 1777 2541 1848 lmjusmodi
2568 1783 2858 1854 contingat,
2883 1801 2978 1840 vos
2998 1788 3157 1843 etiam
3179 1799 3338 1862 atque
3357 1793 3518 1849 etiam

1931 1880 2064 1936 rogo
2094 1907 2109 1932 ,
2135 1875 2192 1920 ut
2218 1883 2305 1922 me
2335 1909 2349 1932 ,
2382 1871 2472 1939 qui
2504 1885 2600 1924 vos
2630 1873 2869 1942 impense
2915 1891 3038 1930 amo
3067 1917 3082 1942 ,
3107 1880 3411 1946 perforatis.
3443 1885 3519 1940 De

1930 1957 2093 2013 rebus
2119 1959 2268 2014 vobis
2299 1964 2618 2016 necessariis
2644 1965 2728 2018 vel
2758 1966 2825 2020 ad
2864 1983 2962 2022 nos
2999 1970 3216 2027 scribite
3247 2013 3263 2040 ,
3312 1976 3396 2029 vel
3425 2018 3440 2044 ,
3469 1979 3518 2032 si

1931 2049 2002 2104 ita
2025 2050 2172 2105 lubet
2197 2092 2212 2116 ,
2237 2050 2508 2108 hominem
2534 2057 2761 2113 mittite:
2793 2073 2891 2115 nec
2919 2061 3069 2117 vobis
3088 2065 3379 2136 quidquam
3409 2084 3520 2124 om-

1931 2141 2060 2194 nino
2089 2140 2400 2198 defuturum
2429 2155 2532 2200 est.

2001 2253 2254 2310 CXXIV.
2299 2255 2543 2313 Gemello.
2580 2258 2813 2330 (Cucuso
2849 2278 2990 2319 anno
3029 2265 3136 2322 404
3167 2268 3252 2323 vel
3291 2271 3443 2342 405.)

2002 2366 2106 2421 Alii
2137 2366 2352 2436 quidem
2392 2368 2461 2424 ob
2491 2370 2858 2440 magistratum
2885 2374 2976 2428 tibi
3013 2378 3350 2445 gratulantur
3377 2398 3390 2434 :
3421 2396 3520 2454 ego

1928 2469 2107 2515 autem
2136 2460 2257 2517 urbi
2295 2477 2359 2518 ac
2395 2462 2510 2532 tibi,
2541 2480 2647 2519 non
2679 2465 2746 2522 ob
2776 2465 2917 2522 hunc
2961 2468 3243 2539 honorem,
3271 2488 3379 2544 quo
3420 2489 3520 2528 au-

1927 2559 2046 2606 ctus
2073 2565 2132 2607 es
2161 2551 2465 2626 (sublimior
2490 2556 2632 2610 enim
2666 2555 2749 2612 his
2777 2558 2937 2614 rebus
2971 2575 3089 2618 esse
3117 2561 3394 2633 didicisti),
3421 2565 3516 2620 sed

1930 2641 2072 2713 quod
2099 2643 2439 2704 occasionem
2469 2654 2657 2702 nactus
2698 2648 2789 2712 sis,
2824 2663 2925 2719 qua
2956 2650 3252 2719 prudentia:
3291 2669 3353 2708 ac
3384 2655 3519 2710 leni-

1933 2737 2056 2790 tatis
2099 2743 2203 2790 tute
2249 2736 2526 2806 specimen
2564 2725 2970 2809 quamplurimis
3013 2741 3318 2799 hominibus
3363 2745 3518 2804 facile

1933 2827 2189 2897 praebeas,
2245 2827 2584 2900 lucrumque,
2637 2831 2780 2910 quod
2835 2831 2960 2898 hinc
3010 2835 3202 2904 oritur,
3259 2839 3515 2910 colligere

1927 2933 2116 2989 queas.
2161 2918 2346 2990 Neque
2375 2921 2518 2976 enim
2549 2921 2681 2976 mihi
2721 2923 2940 2978 dubium
2980 2935 3082 2994 est,
3133 2927 3260 2998 quin
3291 2944 3382 2984 eos
3423 2932 3515 3001 qui

1931 3021 2089 3068 terrae
2107 3003 2337 3069 nimium
2366 3013 2512 3070 affixi
2541 3025 2685 3082 sunt,
2719 3027 2881 3088 atque
2923 3019 3006 3075 his
3047 3023 3292 3090 somniis,
3325 3023 3377 3078 id
3414 3034 3519 3091 est,

1931 3103 2177 3159 humana:
2205 3104 2408 3174 gloria),
2438 3106 2669 3173 inhiant,
2704 3107 2807 3163 hoc
2845 3108 3072 3167 edocerc
3103 3114 3297 3182 possis,
3327 3124 3523 3184 prmto-

1929 3211 2043 3252 rem
2073 3212 2177 3254 non
2211 3197 2264 3252 in
2292 3206 2441 3254 veste
2485 3213 2548 3254 ac
2579 3200 2816 3272 cingulo,
2870 3219 2971 3258 nec
3019 3204 3070 3258 in
3105 3207 3374 3274 praeconis
3390 3224 3523 3265 voce

1929 3288 2089 3352 situm
2119 3304 2272 3355 esse;
2298 3305 2483 3347 verum
2518 3291 2570 3346 in
2596 3292 2698 3348 hoc
2726 3293 2962 3362 demum,
2989 3306 3046 3350 ut
3065 3314 3183 3367 quae
3209 3299 3521 3357 labefactata

1929 3389 2052 3435 sunt
2079 3382 2130 3436 in
2178 3382 2442 3459 integrum
2491 3385 2755 3451 restituat,
2796 3396 2851 3442 ct
2879 3403 2997 3460 qua:
3029 3391 3171 3445 malo
3213 3399 3354 3447 statu
3397 3403 3523 3449 sunt

1930 3475 2187 3545 corrigat,
2211 3483 2371 3546 atque
2396 3477 2708 3550 injustitiam
2732 3491 3000 3548 coerceat,
3019 3484 3216 3553 neejus
3242 3485 3308 3540 ab
3332 3485 3522 3555 apibus

1929 3573 1983 3620 et
2012 3567 2244 3636 potentia
2269 3568 2498 3637 Opprimi
2530 3570 2780 3641 patiatur.
2808 3571 2936 3626 Mihi
2967 3575 3109 3628 enim
3137 3575 3410 3644 explorata
3438 3585 3522 3632 est

1929 3660 2093 3714 animi
2127 3660 2199 3715 tui
2245 3661 2456 3727 ﬁducia,
2490 3663 2739 3735 loquendi
2772 3666 3012 3734 libertas,
3045 3670 3237 3724 mentis
3266 3670 3518 3725 sublimi-

1931 3757 2033 3816 tas,
2056 3767 2232 3806 rerum
2251 3740 2540 3822 lmjus'vitm
2558 3758 2910 3828 contemptio,
2931 3758 3292 3828 improborum
3315 3761 3521 3834 odium,

1931 3840 2156 3910 lenitas,
2211 3843 2545 3911 humanitas,
2592 3861 2694 3916 qua
2741 3847 3076 3918 potissimum
3133 3850 3209 3915 is,
3267 3852 3356 3921 qui
3404 3853 3523 3908 aliis

1931 3940 2146 4002 prmcst,
2175 3947 2309 4002 opus
2350 3934 2530 3988 habet.
2563 3939 2639 3990 Ac
2670 3937 2892 4005 proinde
2930 3938 3060 3993 illud
3093 3941 3260 4009 probe
3298 3944 3439 4007 novi,
3472 3953 3523 4000 te

1932 4024 2083 4078 facile
2113 4025 2223 4079 fore
2254 4025 2630 4094 naufragorum
2674 4041 2904 4095 portum,
2941 4028 3184 4083 baculum
3228 4034 3520 4100 ruentium,

1935 4115 2120 4169 turrim
2152 4131 2338 4171 eorum
2381 4117 2470 4186 qui
2501 4133 2593 4187 per
2641 4118 2886 4189 injuriam
2932 4135 2962 4174 a
3011 4124 3314 4191 potentibus
3344 4127 3526 4197 oppri-

1934 4217 2171 4263 muntur.
2220 4207 2334 4262 Non
2372 4209 2512 4263 enim
2557 4210 2727 4278 labor,
2779 4226 2886 4266 non
2940 4215 3120 4278 sudor,
3162 4229 3266 4270 non
3309 4217 3523 4287 longum

1935 4308 2142 4369 tempus
2170 4299 2235 4354 ad
2263 4299 2378 4355 hare
2413 4300 2737 4371 perﬁcienda
2769 4304 3058 4372 requiritur
3088 4323 3102 4359 :
3130 4322 3314 4360 verum
3339 4324 3524 4377 quem-

1935 4391 2221 4445 admodum
2275 4393 2376 4460 sol,
2408 4392 2566 4447 simul
2607 4403 2768 4463 atque
2799 4393 2961 4459 lueet,
3016 4396 3196 4450 statim
3243 4398 3522 4468 caliginem

1936 4497 2148 4538 onmem
2181 4481 2325 4553 fugat
2349 4501 2362 4538 :
2392 4483 2469 4538 sic
2498 4483 2656 4538 etiam
2681 4492 2754 4549 te,
2787 4485 3124 4556 simulatque
3153 4487 3203 4540 in
3232 4488 3366 4541 solio
3394 4503 3524 4543 con-

1936 4583 2150 4642 spectus
2183 4588 2264 4641 es,
2291 4575 2463 4644 primo
2501 4575 2660 4629 etiam
2689 4575 2796 4642 die,
2841 4585 2952 4630 tum
3007 4591 3101 4632 eos
3142 4577 3230 4648 qui
3277 4578 3523 4648 injuriam

1937 4666 2058 4720 aliis
2087 4664 2284 4721 inferre
2328 4660 2679 4732 conabantur,
2710 4669 3050 4736 repressisse,
3076 4677 3185 4722 tum
3215 4685 3308 4724 eos
3335 4672 3528 4740 quibus

1938 4757 2131 4826 injuria
2163 4757 2342 4823 ﬁebat,
2373 4759 2532 4814 etiam
2564 4759 2936 4836 antequamOad
2967 4761 3192 4814 tribunal
3215 4762 3526 4831 accederes,

1938 4851 2082 4905 omni
2110 4851 2390 4906 vexatione
2421 4851 2679 4907 liberasse
2707 4851 2940 4917 conﬁdo,
2969 4864 3128 4924 atque
3157 4855 3222 4908 ad
3256 4855 3371 4910 lncc
3403 4873 3527 4926 per-

1942 4941 2164 4996 ficienda
2191 4943 2321 4997 satis
2348 4951 2432 4997 est
2457 4957 2517 4997 ea
2551 4944 2734 5012 opinio
2764 4958 2921 5012 quam
2953 4944 3200 5000 homines
3224 4947 3290 5001 de
3317 4955 3406 5003 tua
3436 4964 3528 5003 sa-

1943 5034 2140 5105 pientia
2173 5033 2461 5090 habebant.
2495 5035 2622 5090 Ideo
2667 5037 2768 5091 etsi
2802 5037 2852 5090 in
2898 5037 3188 5094 solitudine
3216 5040 3436 5110 degens,
3467 5055 3531 5096 ac

1941 5127 2121 5184 multis
2169 5128 2522 5184 incommodis
2569 5129 2812 5193 allectus,
2871 5129 3067 5201 ingenti
3117 5140 3294 5188 tamen
3345 5135 3528 5190 lmtitia

1943 5219 2251 5290 perfnndor,
2283 5220 2534 5275 nimirum
2559 5236 2626 5276 ex
2650 5237 2735 5288 ea,
2766 5236 2924 5292 quam
2958 5223 3020 5276 iis
3041 5224 3127 5292 qui
3156 5224 3419 5280 laeduntur
3443 5224 3529 5277 af-

1942 5311 2048 5367 fers
2076 5326 2199 5382 ope,
2229 5313 2498 5383 propriam
2529 5311 2660 5368 mihi
2690 5312 3016 5384 voluptatem
3050 5312 3274 5384 fingens.

1315 5493 2470 5574 mmmam-psm—
