4064 6218
519 237 619 296 επ
1204 229 1261 312 S.
1298 225 1578 284 JOANNIS
1617 218 2109 280 CHRYSOSTOMI
2148 214 2466 274 ARCHIEP.
2507 208 3054 270 CONSTANTI‘NOP.
3643 205 3756 262 080

928 409 2646 436 ww

929 411 3048 451 ...μμ-*Ν

3049 422 3102 429 ρο.
3126 428 3130 429 ν
3166 422 3278 429 -..ρ-

914 743 992 804 ΙΝ
1022 740 1446 804 EPISTOLAM
1485 689 1941 810 SEQUENTEM
1980 731 2084 794 AD
2122 731 2504 792 CYBIACUM
2547 726 2972 790 EPISCOPUM
3007 724 3361 786 EXSULEM

1835 954 2447 1050 MONITUM.

589 1278 651 1331 In
677 1275 838 1346 hujus
863 1270 1107 1342 epistolae
1142 1266 1512 1324 sinceritatem
1545 1262 1876 1334 quaestiones
1908 1266 2197 1314 moverunt
2246 1256 2354 1312 duo
2393 1254 2552 1326 Angli
2603 1255 2656 1310 in
2705 1255 2960 1311 Editione
3007 1253 3305 1311 Saviliana.
3340 1254 3399 1310 In
3439 1258 3585 1312 notis
3614 1261 3769 1314 enim

523 1391 578 1445 p.
609 1373 713 1427 856
755 1373 870 1424 haec
899 1368 1062 1422 habet
1096 1364 1370 1426 llalesius,
1399 1362 1468 1416 ab
1499 1359 1733 1414 Henrico
1778 1355 1982 1412 Savilio
2017 1355 2212 1410 allatus
2240 1372 2255 1408 :
2295 1372 2314 1406 ι
2346 1351 2471 1408 Haec
2506 1351 2574 1406 ad
2604 1351 2891 1423 Cyriacum
2924 1353 3151 1423 epistola
3185 1368 3401 1423 semper
3436 1355 3568 1408 mihi
3599 1357 3772 1410 vehe-

523 1444 734 1523 menter
751 1473 809 1518 ut
840 1459 1186 1531 supposititia
1220 1465 1302 1511 est
1325 1461 1600 1525 suspecta.
1632 1451 1817 1505 Primo
1840 1448 1987 1503 enim
2018 1445 2365 1516 epistolarem
2400 1444 2553 1498 illum
2590 1444 2980 1510 characterem,
3014 1445 3111 1514 qui
3155 1445 3208 1499 in
3251 1445 3495 1516 reliquis,
3539 1447 3773 1502 omnino

524 1577 634 1615 non
657 1559 833 1612 video.
872 1554 1075 1608 Deinde
1104 1551 1428 1622 procemium
1461 1547 1605 1603 idem
1638 1546 1750 1601 fere
1791 1545 1958 1599 habet
1991 1557 2119 1598 cum
2149 1541 2378 1612 epistola
2412 1541 2590 1611 prima
2639 1541 2707 1596 ad
2744 1539 3138 1612 Olympiadem,
3182 1542 3479 1612 quinetiam
3526 1544 3776 1614 integras

525 1653 826 1709 sententias
857 1664 923 1703 ex
953 1647 1077 1702 aliis
1105 1641 1486 1714 Chrysostomi
1529 1639 1787 1709 operibus
1825 1637 2129 1706 decerptus,
2179 1649 2302 1703 qua:
2337 1633 2592 1687 videntur
2631 1632 2958 1689 imitatorem
2993 1634 3229 1704 aliquem
3271 1649 3460 1705 sapere
3493 1655 3506 1692 :
3535 1647 3587 1692 et
3624 1641 3773 1696 alio-

524 1746 654 1816 quin
679 1752 846 1806 certe,
879 1740 984 1794 nisi
1011 1739 1100 1794 ubi
1127 1738 1556 1807 Chrysostomus
1584 1733 1746 1803 plane
1771 1731 2118 1802 compilatur,
2147 1729 2322 1800 stylus
2351 1728 2805 1798 Chrysostomum
2839 1744 2945 1783 non
2975 1727 3159 1784 refert.
3191 1728 3496 1796 Quinetiam
3519 1736 3770 1803 quaedam

526 1848 656 1895 sunt
682 1853 712 1890 a
743 1834 972 1889 Joannis
995 1830 1167 1889 nostri
1204 1828 1450 1883 moribus
1477 1833 1534 1881 et
1567 1825 1787 1896 ingenio
1815 1824 2010 1878 aliena.
2038 1821 2176 1876 Nam
2215 1821 2361 1892 quod
2387 1819 2453 1875 ad
2488 1821 2742 1876 adulterii
2767 1821 2974 1877 crimen
3004 1823 3300 1897 respondet
3332 1824 3637 1880 ἀποδύσατέ
3669 1846 3774 1897 μου

525 1931 588 1984 τὸ
621 1929 803 1999 σῶμα,
827 1937 935 1982 etc.
962 1934 1018 1980 et
1038 1923 1319 1995 popularis
1344 1922 1494 1977 vocis
1521 1895 1973 1975 commemoratio
2007 1917 2130 1970 συνέ

2177 1933 2300 1986 ερεν
2327 1917 2414 1970 ἵνα
2437 1917 2465 1970 ὁ
2493 1917 2648 1987 ἥλιος
2682 1915 2988 1969 συνέστειλε
3021 1915 3119 1979 τὰς
3148 1895 3373 1980 ἀκτῖνας
3398 1918 3582 1983 αὐτοῦ,
3621 1895 3777 1989 ἦήϊνα

525 2025 588 2078 τὸ
609 2021 783 2092 στόμα
817 2017 1068 2073 Ἰωάννου
1099 2014 1374 2086 ἐσιώπησε
1412 2032 1425 2066 :
1461 2012 1717 2082 quodque
1751 2011 1806 2065 in
1847 2008 2130 2064 Arsacium

2175 2009 2355 2078 paulo,
2392 2024 2555 2079 quam
2597 2023 2696 2078 par
2736 2021 2840 2074 est,
2881 2009 3132 2064 acerbius
3173 2008 3487 2064 invehitur:
3523 2010 3657 2077 iure,
3691 2013 3777 2070 in—

527 2131 718 2189 quam,
751 2113 973 2168 omnino
1000 2126 1106 2165 non
1129 2111 1364 2181 placent.
1397 2107 1640 2163 Primum
1664 2105 1808 2160 enim
1839 2104 2040 2159 habent
2062 2103 2266 2172 aliquid
2295 2104 2346 2157 in
2379 2118 2440 2158 se
2471 2102 2748 2172 turpiculi,
2788 2102 3086 2158 secundum
3116 2103 3408 2173 jactantiae,
3436 2114 3776 2174 postremum

529 2209 819 2270 stomachi.
855 2210 1034 2278 Atque
1077 2214 1222 2261 certe
1264 2204 1460 2258 horum
1500 2202 1751 2257 ultimum
1795 2193 2000 2254 dudum
2035 2213 2066 2253 a
2104 2197 2302 2254 Photio
2346 2199 2691 2254 observatum
2736 2197 2980 2260 memini,
3023 2197 3108 2252 cui
3146 2207 3200 2252 et
3237 2198 3498 2253 medelam
3541 2207 3780 2254 conatur

530 2305 808 2368 adhibere,
837 2303 930 2358 sed
966 2316 1076 2356 non
1099 2301 1230 2356 satis
1260 2299 1450 2354 dextro
1484 2297 1820 2366 Esculapio.
1852 2295 2137 2351 Postremo
2165 2295 2310 2365 quod
2350 2295 2426 2349 ait
2455 2294 2563 2348 ἀπὸ
2593 2293 2705 2348 τῶν
2726 2291 3076 2359 Κουκουσῶν,
3125 2308 3394 2364 nusquam
3421 2292 3617 2349 Noster
3656 2294 3764 2350 hoc

531 2409 762 2450 numero
800 2393 1062 2462 loquitur,
1087 2391 1180 2446 sed
1209 2404 1428 2459 semper
1457 2388 1509 2442 in
1531 2387 1814 2458 singulari.
1849 2386 2028 2455 Atque
2058 2385 2174 2440 hac
2216 2384 2330 2440 fere
2369 2393 2518 2450 sunt,
2553 2399 2674 2455 quae
2700 2383 2752 2438 in
2783 2383 2887 2439 hac
2912 2383 3146 2454 epistola
3173 2383 3478 2448 observavi,
3503 2384 3776 2457 integrum

531 2487 602 2545 de
630 2501 689 2542 re
721 2495 833 2541 tota
863 2482 1132 2555 judicium
1171 2480 1390 2536 erudito
1420 2477 1740 2548 permittens
1768 2475 1977 2531 lectori.
2014 2493 2035 2528 ι

602 2580 660 2635 1η
688 2579 879 2635 iisdem
910 2578 1054 2632 notis
1093 2574 1384 2630 Savilianis
1413 2589 1466 2644 p.
1503 2572 1607 2627 888
1635 2569 1877 2626 Joannes
1903 2568 2119 2625 Boisius
2160 2568 2245 2624 his
2278 2567 2590 2638 respondet,
2635 2577 2691 2623 et
2728 2582 2837 2623 una
2874 2575 3098 2639 excepta
3151 2568 3277 2641 styli
3315 2569 3777 2636 dissimilitudine,

533 2686 730 2734 caetera
769 2673 922 2748 [666]
977 2673 1162 2728 omnia
1202 2678 1520 2741 argumenta
1554 2662 1751 2724 refellit
1794 2685 1807 2721 :
1856 2665 1997 2721 hanc
2039 2675 2219 2721 autem
2263 2673 2448 2720 notam
2495 2664 2704 2734 putavit
2755 2662 3138 2720 Tillemontius
3179 2680 3301 2721 esse
3351 2664 3558 2732 Savilii,
3617 2665 3781 2735 cujus

533 2779 684 2826 certe
717 2769 891 2838 major
923 2776 1068 2823 esset
1098 2764 1430 2831 auctoritas;
1475 2761 1690 2831 sedgest
1732 2757 1958 2814 Joannis
2001 2756 2192 2824 Boisii,
2231 2766 2292 2813 ut
2329 2757 2529 2813 ibidem
2569 2756 2623 2812 in
2667 2772 2886 2812 summo
2931 2757 3176 2829 margine
3218 2757 3449 2815 videas:
3479 2759 3559 2816 sic
3597 2768 3783 2815 autem

535 2860 780 2933 loquitur
817 2877 832 2914 :

611 2971 632 3005 ι
659 2952 740 3006 Ex
775 2950 1032 3006 omnibus
1067 2947 1174 3004 illis
1210 2945 1533 3012 rationibus,
1565 2957 1685 3015 quae
1723 2951 1915 2999 contra
1955 2939 2199 3011 epistolae
2244 2939 2404 2998 istius
2451 2939 2835 2996 auctoritatem
2879 2939 3200 3008 afferuntur,
3245 2939 3392 2998 nulla
3438 2941 3570 2997 mihi
3607 2941 3787 3014 magis

536 3043 736 3114 placet,
762 3057 926 3112 quam
952 3055 1073 3111 quae
1101 3055 1131 3094 a
1157 3039 1283 3109 styli
1334 3036 1776 3093 dissimilitudine
1805 3033 2047 3090 ducitur.
2079 3032 2204 3089 Haec
2233 3033 2376 3090 enim
2404 3042 2533 3089 nota
2563 3048 2688 3088 raro
2710 3033 2868 3100 fallit,
2907 3049 3032 3091 cum
3057 3034 3289 3106 reliqua.
3319 3049 3444 3107 qua
3481 3034 3784 3102 adduntur,

539 3150 648 3190 non
677 3133 812 3188 adeo
836 3133 946 3188 sint
985 3130 1286 3187 iufallihilis
1321 3129 1684 3193 certitudinis,
1712 3137 1775 3184 ut
1802 3136 2085 3198 propterea
2115 3125 2428 3182 necessario
2469 3126 2540 3182 sit
2569 3127 2796 3196 epistola
2844 3126 2933 3182 illa
2965 3123 3355 3198 Chrysostomo
3388 3127 3776 3198 abjudieanda.

536 3226 860 3284 Communia
895 3224 1057 3279 habet
1093 3222 1262 3276 multa
1309 3220 1552 3291 epistola:
1594 3220 1756 3290 hujus
1797 3214 2083 3273 exordium
2118 3232 2246 3273 cum
2298 3218 2473 3288 prima
2518 3219 2583 3272 ad
2632 3216 3030 3288 Olympiadem.
3075 3218 3290 3274 Fateor.
3343 3218 3446 3275 Sed
3500 3235 3607 3276 tton
3659 3221 3785 3276 ideo

537 3317 722 3373 statim
769 3317 1099 3388 negandum,
1139 3328 1260 3368 esse
1305 3328 1424 3368 eam
1474 3310 1873 3382 Chrysostomi.
1910 3307 2136 3375 Quoties
2179 3308 2324 3362 enim
2359 3310 2546 3363 eadem
2589 3309 3016 3380 Chrysostomus
3056 3311 3273 3380 repetit,
3319 3311 3481 3382 idque
3530 3312 3785 3384 ἀπαραλ-

537 3411 751 3474 λάκτως
786 3408 899 3464 fere
938 3416 1050 3461 tum
1077 3407 1132 3460 in
1163 3404 1428 3474 epistolis,
1471 3411 1586 3456 tum
1617 3402 1670 3456 in
1712 3399 1996 3456 homiliis?
2043 3397 2176 3465 Quae
2211 3398 2376 3454 semel
2407 3398 2551 3454 enim
2581 3399 2720 3455 bene
2748 3400 2894 3455 dicta
2926 3408 3075 3464 sunt,
3114 3415 3178 3456 ea
3223 3391 3381 3456 ali'ter
3409 3402 3591 3458 dicere
3621 3403 3785 3471 velle,

474 3493 480 3502 ’
539 3504 646 3558 nisi
677 3516 842 3557 causa
881 3498 1062 3567 aliqua
1090 3495 1300 3566 justior-
1323 3493 1616 3564 impulerit,
1646 3507 1756 3547 non
1797 3501 1909 3546 tam
1942 3489 2130 3546 diserti
2165 3501 2264 3552 est,
2301 3505 2464 3560 quam
2503 3491 2704 3547 curiosi
2755 3501 2810 3546 et
2857 3492 3070 3561 copiam
3131 3493 3472 3549 ostentantis.
3525 3493 3644 3549 Non
3694 3511 3786 3550 re—

540 3592 893 3667 prehenditur
939 3589 1103 3659 igitur
1147 3585 1436 3651 Homerus,
1483 3584 1630 3654 quod
1677 3599 1706 3639 a
1749 3584 1929 3653 scipso
1968 3582 2291 3652 stepiuscule
2328 3590 2628 3646 mutuatur,
2681 3591 2737 3638 et
2767 3583 2834 3638 de
2866 3583 3058 3639 iisdem
3103 3585 3556 3642 eademsubinde
3596 3587 3729 3643 dicit
3766 3607 3784 3646 :

541 3689 636 3746 sed
667 3688 806 3742 inter
835 3684 1073 3754 reliquas
1100 3681 1218 3751 ejus
1255 3681 1488 3736 virtutes
1516 3679 1622 3734 hoc
1667 3678 1832 3734 etiam
1884 3686 2223 3742 numeratur,
2255 3676 2401 3746 quod
2437 3677 2730 3733 utilissimo
2766 3677 3092 3747 frugalitatis
3131 3680 3382 3749 exemplo
3418 3681 3653 3749 posteris
3687 3697 3790 3737 re—

540 3780 690 3842 licto,
730 3791 837 3832 non
869 3774 1179 3830 necessaria
1209 3771 1412 3842 ubique
1441 3771 1699 3826 varietate
1729 3770 1981 3826 consulto
2011 3769 2145 3826 absti

2182 3757 2267 3824 let.
2299 3768 2452 3837 Quod
2491 3771 2559 3826 ad
2606 3771 2904 3842 παθητικὸν
2933 3772 3064 3826 illud
3097 3772 3308 3840 attinet,
3340 3773 3648 3826 ἁποδύσατέ
3681 3791 3787 3844 μου

538 3872 602 3926 τὸ
637 3869 816 3941 σῶμα,
851 3879 980 3933 etc.,
1003 3859 1295 3923 videndum
1328 3882 1511 3922 annon
1554 3881 1766 3922 summa
1798 3865 1918 3935 ejus
1945 3865 2278 3930 innocentia,
2319 3881 2442 3920 cum
2477 3865 2782 3921 incredibili
2816 3866 3004 3922 dolore
3029 3868 3339 3937 conjuncta,
3369 3877 3421 3922 et
3451 3868 3786 3938 impudentia
3837 3853 3840 3856 ’

543 3977 733 4016 rursus
753 3961 1188 4015 adversariorum
1213 3958 1421 4013 homini
1453 3957 1653 4014 misero
1680 3973 1744 4013 ac
1778 3957 1985 4028 dejecto
2017 3957 2136 4012 sine
2158 3955 2321 4012 modo
2364 3957 2776 4025 insultantium,
2812 3958 2974 4014 talem
3019 3959 3096 4014 illi
3127 3975 3310 4014 vocem
3351 3961 3656 4029 exprimere
3689 3975 3790 4029 po-

541 4055 761 4108 tuerint.
794 4051 1078 4122 Popularis
1125 4051 1534 4108 acclamationis
1567 4049 2144 4106 commemorationem
2189 4058 2403 4119 tempus
2453 4047 2688 4106 fortasse
2736 4050 2915 4121 ipsum
2954 4049 3225 4106 defendat.
3279 4049 3473 4114 Verba,
3519 4051 3566 4106 si
3600 4068 3698 4120 per
3727 4065 3790 4106 se

540 4151 874 4212 spectentur,
910 4142 1194 4197 videantur
1222 4143 1290 4198 ab
1325 4141 1548 4197 homine
1579 4141 1729 4196 inani
1767 4150 1821 4196 et
1844 4139 2182 4210 jactabundo
2212 4138 2452 4209 profecta
2483 4159 2496 4194 :
2530 4139 2624 4196 sed
2657 4140 2704 4194 si
2733 4150 2946 4210 tempus
2977 4155 3087 4211 quo
3131 4141 3341 4210 prolata
3387 4139 3586 4194 fuerint
3615 4139 3792 4209 respi-

539 4239 738 4303 ciatur,
765 4253 924 4292 nemo
947 4246 1050 4302 est,
1081 4239 1293 4308 Opinor,
1325 4238 1488 4308 paulo
1509 4237 1736 4308 tequior,
1780 4235 1874 4306 qui
1910 4235 2302 4306 Chrysostomo
2341 4236 2536 4301 exsuli,
2583 4235 2776 4306 ejecto,
2826 4236 3041 4306 injuriis
3093 4252 3199 4290 non
3229 4235 3471 4291 dicendis
3509 4233 3764 4304 fatigato,

541 4333 943 4406 indignissimis
963 4333 1256 4389 calumniis
1278 4347 1564 4404 oppresso,
1604 4329 2164 4403 μεγαλοῤῥημοσύνην
2197 4329 2510 4386 istiusmodi
2541 4346 2648 4385 non
2683 4331 2970 4386 condonet.
3012 4329 3174 4384 Juvat
3202 4331 3346 4386 enim
3389 4329 3632 4384 animum
3663 4344 3794 4398 per.

540 4439 706 4501 petuo
731 4445 966 4486 mterore
996 4437 1330 4500 prostratum
1364 4427 1563 4482 talibus
1582 4427 1731 4481 velut
1766 4425 2116 4480 adminiculis
2157 4439 2216 4479 se
2245 4424 2454 4496 erigere
2481 4436 2645 4493 atque
2670 4424 2901 4480 elevare.
2935 4425 3040 4480 Sed
3071 4426 3358 4481 Arsacium
3403 4426 3586 4495 paulo,
3618 4440 3787 4494 quam

541 4541 642 4598 par
671 4534 836 4590 esset,
871 4526 1123 4581 acerbius
1153 4523 1422 4580 tractavit.
1457 4521 1544 4578 Sit
1565 4525 1668 4578 hoc
1697 4521 2074 4592 Chrysostomi
2109 4521 2291 4591 culpa,
2323 4535 2430 4574 non
2463 4529 2641 4574 autem
2673 4530 3076 4592 argumentum,
3104 4522 3249 4592 quod
3277 4521 3499 4592 cpistola
3542 4523 3614 4575 sit
3655 4537 3791 4589 sup-

541 4623 805 4694 posititia.
837 4621 950 4675 lmo
985 4620 1113 4675 hinc
1141 4619 1448 4690 colligerem
1503 4617 1682 4687 potius
1733 4617 2030 4688 genuinum
2081 4632 2204 4672 esse
2250 4615 2464 4672 foetum.
2499 4614 2632 4682 Quis
2663 4619 2810 4671 enim
2857 4617 3051 4682 nescit,
3085 4633 3248 4688 quam
3296 4618 3539 4688 ingentes
3583 4615 3793 4670 fuerint

541 4715 933 4787 Chrysostomo
962 4712 1186 4782 spiritus
1216 4729 1231 4767 :
1259 4696 1367 4781 qua
1400 4709 1874 4781 ἔλευθεροστομίᾳ,
1919 4723 2023 4778 qua
2087 4727 2146 4763 πε

2176 4709 2370 4782 per;ch
2415 4710 2469 4764 in
2515 4725 2707 4765 omnes
2754 4727 2890 4767 usus
2931 4711 3114 4777 fuerit,
3161 4711 3322 4766 etiam
3376 4713 3429 4764 in
3475 4709 3781 4765 Eudoxiam

541 4811 862 4878 Augustam.
907 4803 962 4860 Si
995 4805 1156 4876 igitur
1185 4803 1446 4860 Eudoxiaa
1483 4820 1589 4858 non
1626 4804 1885 4874 pepercit,
1927 4805 2154 4860 Arsacio
2190 4821 2314 4860 eum
2352 4820 2574 4876 parcere
2610 4805 2850 4862 voluisse
2887 4816 3039 4863 estne
3065 4805 3397 4862 verisimile?
3438 4805 3620 4861 Restat
3664 4804 3792 4859 ulti-

543 4913 692 4952 mum
721 4909 1147 4968 argumentuma
1175 4911 1308 4952 voce
1332 4894 1658 4950 Κουκουσῶν
1683 4894 1930 4964 petitum,
1959 4895 2102 4964 quod
2129 4895 2229 4950 etsi
2270 4909 2377 4950 non
2424 4895 2798 4968 negiigendum
2833 4898 3066 4974 videtur,
3093 4907 3272 4953 tamen
3303 4897 3404 4951 nisi
3433 4896 3649 4950 aliunde
3670 4911 3793 4951 cor-

543 4990 856 5057 roboretur,
877 5006 940 5046 ex
972 5005 1030 5046 se
1056 5005 1248 5061 parum
1274 4986 1542 5044 ﬁrmitatis
1570 4987 1752 5041 habet.
1781 4985 1961 5040 Potuit
1986 4988 2130 5041 enim
2153 4987 2236 5041 vel
2264 4987 2493 5052 librarii,
2523 4988 2605 5042 vel
2626 4989 2943 5058 typographi
2970 4989 3125 5058 culpa
3154 4990 3417 5053 accidere,
3446 4996 3503 5041 ut
3529 5001 3625 5058 pro
3649 4987 3793 5040 Κουο
3876 4975 3881 4979 ’

542 5080 766 5148 κουσοῦ,
791 5082 1117 5136 Κουκουσῶν
1147 5083 1496 5137 scriberetur.
1531 5080 1818 5144 Praeterea,
1841 5080 1895 5134 ni
1928 5079 2107 5145 fallor,
2141 5100 2147 5128 ι

2180 5090 2195 5134 ι
2221 5081 2531 5167 Κορκουσός
2553 5090 2608 5136 et
2641 5082 2931 5136 Κουκουσά
2959 5083 3172 5153 legitur.
3211 5081 3315 5137 Sed
3347 5081 3520 5136 instar
3543 5080 3785 5134 omnium

540 5180 623 5225 est
677 5169 806 5226 illud
837 5171 904 5226 de
934 5173 1074 5242 stylo
1114 5181 1169 5228 et
1217 5172 1551 5237 charactere,
1595 5169 1740 5241 quod
1775 5171 1951 5225 solum
2001 5179 2213 5224 tantum
2249 5170 2390 5238 apud
2436 5185 2521 5223 me
2553 5171 2717 5238 valet,
2751 5182 2810 5227 ut
2839 5190 2944 5228 non
2979 5174 3221 5229 dubitem
3247 5190 3370 5229 cum
3414 5173 3634 5228 Halesio
3668 5182 3790 5235 tuo.

541 5259 749 5327 Optimo
770 5271 824 5316 et
844 5261 1214 5318 eruditissimo
1233 5262 1456 5332 juvene,
1481 5261 1859 5332 pronuntiare.
1882 5259 2122 5329 epistola:
2152 5257 2314 5327 hujus
2343 5268 2618 5314 auctorem
2649 5275 2758 5316 non
2789 5262 3240 5336 Chrysostomum
3274 5263 3464 5330 fuisse,
3499 5263 3590 5318 sed
3617 5261 3792 5316 alium

542 5353 781 5423 aliquem
820 5373 944 5414 cum
979 5359 1371 5430 Chrysostomo
1393 5371 1494 5413 nec
1525 5355 1744 5425 ingenio
1775 5370 1874 5410 nec
1902 5352 2208 5423 eloquentia
2230 5355 2678 5422 comparandum.
2724 5373 2742 5408 ι

615 5443 793 5504 Locus
837 5450 923 5505 ille
965 5451 1165 5518 Photii,
1217 5466 1376 5521 quem
1415 5456 1807 5505 commemorat
1842 5462 2005 5516 supra
2037 5447 2219 5503 Halesi

2182 5447 2312 5512 sius,
2345 5447 2424 5503 sic
2459 5448 2656 5506 habet:
2691 5452 2812 5506 Ὅτι
2848 5452 2906 5505 ἐν
2938 5455 3003 5524 τῇ
3052 5451 3187 5523 πρὸς
3215 5449 3309 5504 τὸν
3343 5449 3640 5504 ἐπίσκοπον
3674 5450 3787 5503 Κυο

548 5541 737 5612 ριακδν
767 5543 1048 5616 ἐπιστολῇ,
1082 5547 1150 5618 ἣν
1193 5545 1300 5600 ἀπὸ
1328 5549 1427 5615 τῆς
1455 5544 1713 5616 δευτέρας
1755 5541 2060 5613 ἐξέπεμψεν
2108 5540 2346 5613 ὲξορίας,
2397 5543 2736 5601 καθάπτεται
2783 5547 2886 5618 μὲν
2921 5546 3016 5600 τοῦ
3061 5546 3374 5618 Ἀρσακίου,
3411 5543 3570 5616 λῆρον
3613 5545 3784 5599 αὑτὸν

551 5634 641 5692 καὶ
673 5635 859 5707 μοιχὸν
887 5635 1101 5696 καλῶν
1135 5639 1349 5694 ἐπαινεῖ
1377 5638 1434 5693 δὲ
1462 5637 1588 5700 τοὺς
1619 5634 2130 5706 ἀποστρεφομένους
2169 5633 2269 5704 τὴν
2303 5633 2468 5692 αὑτοῦ
2507 5638 2814 5709 κοινωνίαν,
2855 5639 2931 5704 ὡς
2961 5639 3049 5696 διὰ
3077 5641 3208 5694 Θεὸν
3240 5639 3334 5692 καὶ
3368 5625 3425 5693 si
3455 5640 3532 5702 εἰς
3557 5637 3648 5692 τὸν
3683 5637 3790 5708 ἀρ-
