4064 6218
1395 65 1453 74 υ..-

269 162 375 217 679
1705 156 2086 217 ΕΡΙΒΤΟΙΔΞ.
3411 158 3521 212 680

266 280 458 352 χιερέα
489 277 653 331 αὑτοῦ
696 275 940 347 ἀδίκημα
984 278 1083 349 τὴν
1121 263 1480 350 ⁴ἀποστροφὴν
1514 278 1692 332 αὐτῶν
1729 280 2107 350 ποιουμένους.
2158 277 2353 333 Καίτοι
2395 293 2457 346 γε
2496 275 2554 330 ἐν
2601 275 2780 340 ἄλλοις
2829 274 3076 344 φαίνεται
3117 271 3397 346 παραινῶν
3442 276 3519 344 μὴ

263 373 598 444 ἀφίστασθαι
630 373 738 427 ana
763 373 861 444 τῆς
901 373 1254 444 Ἐκκληοίας.
1289 373 1384 438 Εἰς
1403 372 1562 426 τοῦτο
1593 373 1651 427 δὲ
1693 373 1942 445 ὕστερον,
1975 373 2052 437 ὡς
2082 372 2249 438 ἔοικε,
2289 372 2542 444 μετέστη,
2571 370 2759 440 ἐπειδὴ
2792 371 2887 424 καὶ
2915 371 2962 422 οἱ
2991 367 3179 422 τοῦτον
3198 367 3398 430 ἀδίκως
3427 369 3525 419 ἑκ-

266 467 545 532 ϐαλόντες,
575 467 673 537 οὐχ
704 459 784 529 οἷς
816 465 1051 536 ἔπραξεν
1078 465 1359 536 ¹ἔστερξαν,
1396 464 1534 518 ἀλλὰ
1562 465 1658 519 καὶ
1690 464 2038 536 καταδρομὰς
2073 464 2168 518 καὶ
2193 463 2485 528 ἐπιϐουλὰς
2518 463 2660 518 κατὰ
2690 460 2800 516 τῶν
2831 460 2980 532 αὐτῷ
3009 459 3526 532 προσανακειμένων

265 561 360 616 καὶ
393 557 690 632 ὑπερορίας
725 557 1172 628 ὲπαλαμήσαντο.
1205 575 1221 608 ι
1262 555 1319 610 1η
1369 556 1603 624 epistola
1657 556 1722 611 ad
1775 556 1870 626 Cyl

1917 571 2063 612 acum
2093 539 2427 626 episcopum,
2459 569 2619 625 quam
2667 555 2721 609 in
2754 554 2994 610 secundo
3041 552 3262 623 scripsit
3304 553 3522 617 exsilio,

262 653 553 709 Arsacium
590 653 890 708 insectatus
921 651 1154 706 delirum
1177 659 1232 707 et
1264 650 1540 705 moechum
1568 661 1746 717 vocat,
1781 651 2074 721 laudatque
2098 665 2193 706 eos
2220 651 2314 721 qui
2337 650 2456 721 ejus
2489 649 2933 706 communionem
2965 658 3307 714 aversantur,
3337 658 3526 720 utpote

262 750 361 820 qui
400 758 624 819 propter
659 747 855 811 Deum,
887 756 943 802 et
977 756 1194 817 propter
1225 745 1546 816 iniustitiam
1589 746 2000 817 archiepiscOpo
2031 762 2132 801 suo
2163 747 2368 801 illatam
2407 747 2476 802 ab
2517 745 2635 816 ipso
2683 753 3052 816 segregentur.
3087 743 3144 798 ln
3179 744 3300 799 aliis
3337 754 3524 800 tamen

271 846 684 904 locishortatur
710 859 778 898 ne
810 844 880 898 ab
919 842 1160 897 Ecclesia
1201 849 1542 910 separentur.
1585 839 1787 895 Verum
1831 841 1912 896 sic
1940 841 2134 897 ultimo
2171 842 2496 897 sententiam
2531 840 2830 896 mutavisse
2857 839 3090 904 videtur,
3123 841 3249 910 quia
3276 841 3312 895 ii
3341 842 3432 910 qui
3464 855 3526 896 se

264 940 467 1009 injuste
495 937 791 1006 eiecerant,
838 934 1008 1005 gestis
1041 932 1156 988 suis
1197 946 1305 986 non
1349 931 1778 1001 acquiescerent,
1816 931 1912 987 sed
1955 946 2050 988 eos
2093 932 2186 1003 qui
2220 932 2324 988 sibi
2360 931 2559 988 addicti
2591 941 2796 1000 essent,
2843 930 3269 999 insectarentur,
3307 931 3522 989 insidiis

264 1043 599 1102 appeterent.
642 1041 693 1085 et
723 1030 778 1084 in
809 1027 1065 1084 exsilium
1103 1023 1482 1079 amandarent.
1517 1043 1536 1076 ι
1601 1077 1610 1088 ,

339 1125 410 1180 Ut
444 1125 507 1178 nd
544 1125 757 1189 objecta
793 1124 862 1178 ab
889 1122 1108 1177 Halesio
1146 1121 1456 1186 redeamus,
1492 1133 1555 1173 ea
1596 1117 1780 1171 omnia
1814 1131 1923 1172 non
1955 1115 2096 1171 male
2125 1113 2382 1172 refutavit
2425 1115 2662 1174 Joannes
2700 1116 2938 1196 Boisius,
2967 1133 3078 1173 uno
3112 1128 3336 1189 excepto
3356 1134 3523 1190 argn-

266 1227 454 1269 mento
492 1231 557 1268 ex
605 1214 726 1283 styli
763 1211 1209 1268 dissimilitudine
1242 1211 1427 1283 petito,
1469 1211 1616 1283 quod
1645 1211 1736 1266 ille
1766 1209 2140 1280 amplectitur;
2186 1217 2240 1264 et
2269 1218 2447 1265 tamen
2486 1219 2571 1266 est
2602 1209 2849 1266 omnium
2896 1210 3256 1279 levissimum,
3289 1221 3350 1269 ut
3380 1212 3524 1270 infra

267 1313 562 1366 videbitur.

349 1403 534 1456 Primo
555 1401 634 1456 ait
654 1399 910 1456 llalesius
931 1413 990 1456 se
1013 1399 1360 1470 epistolarem
1393 1397 1546 1453 illum
1570 1398 1940 1475 characterem
1963 1397 2016 1452 in
2039 1397 2143 1453 hac
2171 1381 2403 1468 epistola
2433 1412 2541 1452 non
2568 1397 2772 1463 videre,
2795 1396 2888 1466 qui
2919 1397 2974 1451 in
2998 1396 3120 1453 aliis
3142 1396 3520 1469 Chrysostomi

267 1496 528 1564 operibus
563 1496 920 1558 observatur;
952 1501 1007 1546 et
1028 1491 1184 1560 quasi
1221 1490 1424 1546 oblitus
1457 1505 1647 1546 eorum
1680 1505 1800 1562 qua:
1825 1497 1952 1544 ante
1979 1489 2214 1554 dixerat,
2251 1490 2326 1542 ait
2354 1489 2674 1558 prooemium
2715 1490 2857 1543 idem
2890 1487 3004 1545 fere
3037 1490 3256 1556 habere,
3284 1495 3429 1562 quod
3461 1494 3517 1548 in

267 1584 498 1654 epistola
531 1583 706 1652 prima
737 1581 804 1635 ad
838 1579 1236 1650 Olympiadem,
1269 1596 1433 1650 quam
1473 1580 1587 1650 ipse
1615 1589 1673 1636 ut
1709 1580 2002 1650 genuinam
2033 1578 2296 1646 admittit;
2329 1579 2460 1634 illud
2495 1594 2622 1635 vero
2649 1579 2975 1649 prooemium
2999 1597 3250 1653 magnam
3279 1584 3521 1654 epistola:

268 1685 480 1746 partem
509 1673 889 1744 complectitur
923 1691 938 1728 :
971 1676 1025 1726 in
1059 1680 1169 1728 tota
1205 1672 1368 1743 igitur
1397 1672 1487 1727 illa
1519 1681 1670 1742 parte
1707 1671 1957 1726 admittat
1982 1681 2194 1740 oportet
2243 1673 2587 1741 epistolarem
2631 1673 2782 1727 illum
2827 1671 3204 1745 Chrysostomi
3240 1677 3524 1734 characte-

271 1781 422 1831 rem;
463 1766 515 1820 in
552 1766 907 1836 sequentibus
937 1764 1102 1820 etiam
1152 1781 1260 1821 non
1310 1779 1482 1835 pauca
1525 1779 1591 1819 ex
1638 1763 1886 1833 epistolis
1927 1763 1995 1818 ad
2025 1760 2396 1834 Olympiadem
2429 1779 2608 1831 exque
2641 1763 2765 1820 aliis
2804 1763 2930 1818 item
2965 1765 3224 1836 reperias,
3263 1769 3524 1838 quoniam

268 1860 326 1914 in
357 1858 444 1914 his
484 1859 752 1929 epistolis,
776 1867 838 1914 ut
875 1857 1056 1914 statim
1083 1858 1344 1914 observes
1369 1857 1414 1913 si
1447 1856 1616 1928 legas,
1641 1870 1766 1912 cum
1805 1854 1872 1910 ad
1899 1855 2142 1909 diversos
2173 1853 2381 1921 scribit,
2407 1854 2594 1910 eadem
2631 1855 2742 1911 fere
2771 1857 2984 1926 repetit,
3012 1865 3071 1912 ut
3111 1858 3312 1928 optime
3342 1860 3526 1915 anim-

265 1951 503 2006 advertit
566 1950 800 2007 Boisius.
839 1947 985 2004 Nihil
1023 1959 1170 2006 certe
1219 1948 1307 2005 hic
1349 1957 1434 2005 est
1470 1948 1615 2020 quod
1654 1948 2060 2019 eompilatorem
2115 1948 2324 2019 sapiat;
2362 1948 2543 2004 omnia
2578 1950 2774 2018 lluunt,
2810 1952 2992 2006 omnia
3032 1963 3182 2009 recto
3219 1957 3521 2026 procedunt

267 2041 463 2096 ordine
493 2061 506 2096 :
536 2056 660 2096 cum
690 2051 868 2098 autem
894 2052 1184 2098 accusatus
1216 2041 1361 2113 quod
1381 2057 1507 2096 cum
1533 2040 1759 2096 muliere
1790 2041 2141 2098 concubuerit
2169 2043 2460 2112 respondet
2492 2061 2504 2098 :
2538 2041 2730 2098 Exuite
2754 2060 2942 2114 corpus
2967 2061 3161 2115 meum,
3190 2057 3240 2103 et
3263 2049 3523 2105 membro-

267 2153 390 2192 rnm
418 2154 648 2192 meorum
678 2139 1135 2208 mortiﬁcationem
1166 2138 1456 2207 reperietis,
1482 2137 1533 2193 id
1565 2137 1662 2202 ait,
1698 2136 1844 2206 quod
1880 2137 1935 2192 in
1969 2136 2086 2207 pari
2121 2151 2251 2192 casu
2276 2137 2565 2193 dicendum
2596 2139 2860 2208 Oportuit.
2883 2139 2967 2194 An
2995 2151 3177 2197 tacere
3205 2142 3360 2197 licuit
3395 2158 3522 2198 cum

268 2228 325 2283 in
355 2229 520 2284 rebus
550 2229 893 2299 gravissimis
917 2229 1052 2284 tanti
1082 2229 1325 2298 episcopi
1361 2227 1505 2282 fama
1537 2227 1864 2282 laederetur?
1896 2227 2092 2282 Annon
2125 2229 2300 2298 potuit
2329 2228 2437 2293 ille,
2475 2229 2586 2284 imo
2617 2245 2798 2285 annon
2822 2231 3009 2286 debuit
3029 2231 3096 2287 de
3121 2239 3272 2287 tanto
3293 2234 3527 2288 crimine

268 2331 563 2375 accusatus
593 2335 654 2376 ea
686 2319 951 2390 proferre,
987 2334 1106 2389 qua:
1133 2319 1199 2373 ad
1232 2318 1315 2374 sui
1351 2319 1726 2388 purgationem
1773 2327 2076 2388 opportuna
2114 2319 2311 2374 erant?
2336 2319 2658 2389 Popularem
2703 2331 2884 2377 autem
2916 2321 3386 2391 acclamationem,
3415 2324 3527 2379 imo

271 2425 328 2468 et
357 2415 519 2468 verba
548 2413 686 2482 ipsa,
720 2412 896 2467 amico
926 2412 1045 2468 sine
1069 2413 1330 2482 iactantia
1364 2412 1544 2466 dicere
1576 2412 1752 2481 potuit
1786 2409 2212 2482 Chrysostomus
2251 2428 2265 2466 :
2306 2412 2467 2468 amici
2517 2429 2773 2483 namque,
2807 2417 3107 2484 praesertim
3143 2417 3178 2472 ii
3211 2419 3305 2489 qui
3331 2420 3520 2476 eadem

276 2506 345 2560 de
366 2519 531 2560 causa
566 2512 851 2568 vexantur,
883 2515 1142 2556 arcanum
1180 2501 1316 2555 nihil
1356 2503 1494 2555 inter
1535 2515 1595 2555 se
1634 2501 1873 2555 habent:
1907 2499 2170 2570 Cyriacus
2209 2516 2372 2569 porro
2413 2505 2569 2558 exsul
2595 2503 2660 2559 de
2691 2505 2857 2562 illatis
2886 2505 3084 2562 Joanni
3131 2507 3526 2582 Chrysostomo

276 2595 441 2649 malis
471 2593 762 2647 admodum
794 2591 1047 2656 dolebat;
1081 2591 1201 2646 ideo
1241 2606 1359 2662 qua:
1407 2591 1510 2646 sibi
1558 2590 1736 2646 fausta
1789 2591 2085 2647 acciderint
2126 2602 2372 2648 recenset
2404 2594 2829 2678 Chrysos'tomus
2873 2607 2932 2653 ut
2965 2599 3142 2670 ipsum
3184 2603 3520 2670 consoletur,

270 2687 430 2758 isque
454 2684 742 2740 recensitis
775 2683 846 2737 ita
873 2683 1079 2740 claudit
1106 2701 1120 2738 :
1154 2681 1506 2748 Quamobrem
1535 2693 1582 2736 te
1621 2699 1766 2754 rogo,
1797 2700 1860 2736 ac
1890 2684 2109 2751 genibus
2142 2685 2247 2739 tuis
2270 2686 2551 2740 advolutus
2576 2686 2825 2756 obtestor,
2857 2701 2912 2743 ut
2946 2707 3217 2751 marorem
3239 2704 3289 2748 et
3310 2696 3510 2751 luctum

270 2782 520 2852 abjicias.
551 2779 670 2835 Jam
701 2795 824 2836 cum
855 2779 1144 2835 Arsacium
1197 2780 1614 2851 sycophantam,
1639 2779 1734 2849 qui
1775 2779 1974 2834 oblatis
2007 2779 2110 2835 sibi
2159 2781 2415 2850 episcOpo
2455 2797 2556 2836 suo
2599 2781 2751 2839 falsis
2793 2785 3289 2855 criminationibus,
3339 2792 3525 2846 sedem

270 2889 432 2930 suam
463 2874 755 2940 invaserat,
784 2873 869 2928 vir
897 2881 1078 2928 tamen
1109 2873 1496 2944 octogenarius
1530 2881 1586 2927 et
1627 2872 1954 2937 ineruditus,
1984 2887 2134 2940 cum,
2177 2872 2424 2943 inquam,
2463 2875 2614 2930 illum
2645 2877 2901 2943 delirum,
2931 2881 3204 2935 moechum
3241 2892 3294 2937 et
3335 2881 3522 2952 lupum

270 2978 453 3035 vocat,
489 2968 622 3024 illud
655 2968 764 3038 agit
791 2969 937 3039 quod
976 2968 1228 3038 praestitit
1268 2966 1623 3032 Athanasius,
1667 2983 1792 3022 cum
1836 2966 2134 3040 Gregorius
2175 2969 2448 3038 quispiam
2497 2969 2550 3026 in
2590 2971 2711 3042 eius
2749 2974 2932 3030 locum
2973 2977 3301 3033 substitutus
3333 2988 3435 3046 est,
3473 2989 3529 3035 et

269 3074 464 3140 postea
497 3081 622 3121 cum
657 3064 952 3136 Gregorius
989 3063 1158 3135 ipsius
1185 3063 1366 3120 sedem
1400 3062 1630 3128 invasit;
1663 3077 1790 3118 nam
1821 3063 2100 3134 improbos
2131 3064 2472 3134 huiusmodi,
2499 3065 2866 3134 facinorosos,
2907 3079 2964 3126 et
2990 3073 3081 3141 qui
3111 3089 3296 3142 pacein
3336 3074 3528 3131 Eccle-

271 3163 372 3218 sia
402 3157 857 3221 interturbabant,
889 3171 997 3211 non
1029 3155 1204 3211 sancti
1238 3155 1341 3210 viri
1383 3155 1566 3220 modo,
1603 3155 1698 3210 sed
1730 3155 1834 3226 ipsi
1869 3170 2089 3226 quoque
2120 3157 2352 3228 apostoli
2395 3158 2700 3216 maledictis
2736 3160 3100 3218 incessebant.
3141 3164 3219 3219 Ad
3262 3167 3377 3221 haec
3401 3183 3529 3222 vero

271 3269 344 3310 an
379 3251 704 3309 clementius
726 3249 838 3322 agit
864 3248 1291 3322 Chrysostomus
1320 3265 1444 3305 cum
1472 3251 1694 3340 Arsac'io
1719 3249 1775 3304 in
1799 3250 1942 3306 libro
1971 3251 2067 3307 illo
2086 3253 2175 3307 cui
2203 3252 2419 3318 titulus,
2449 3255 2533 3308 Ad
2560 3271 2655 3310 eos
2676 3257 2768 3326 qui
2795 3259 3154 3314 scandalizati
3182 3273 3329 3328 sunt,
3362 3279 3527 3334 quem

273 3361 443 3417 supra
476 3344 776 3402 edidimus?
797 3345 878 3398 An
909 3343 1124 3398 mitiora
1154 3343 1240 3398 bis
1261 3351 1389 3397 sunt
1421 3344 1586 3399 verba
1609 3360 1733 3414 quae
1752 3345 1878 3401 ibid:

1926 3343 2250 3418 nleguntur,
2279 3365 2333 3418 p.
2367 3349 2494 3415 507,
2518 3365 2567 3404 c.
2589 3349 2680 3415 20,
2715 3351 2892 3422 ἱερεὺς
2923 3352 3038 3419 νῦν,
3075 3354 3276 3424 φαῦλος
3301 3375 3531 3430 γεγενηο·

276 3439 461 3510 μένος,
497 3438 592 3492 καὶ
613 3437 778 3490 λύκου
806 3437 1010 3499 παντὸς
1037 3433 1372 3506 ἀγριώτερον
1397 3436 1680 3504 ὲπιπηδῶν
1698 3439 1768 3509 τῇ
1793 3439 1881 3522 ατε

1925 3454 1992 3512 πει,
2022 3443 2271 3495 sacerdos
2299 3441 2389 3496 ille
2427 3443 2719 3514 improbus,
2747 3444 2871 3516 lupo
2901 3449 3086 3517 quovis
3117 3451 3305 3506 maius
3335 3452 3389 3506 in
3414 3471 3530 3524 grc-

274 3546 390 3600 gem
424 3528 702 3585 insiliens?
733 3527 815 3583 An
836 3526 966 3598 quid
992 3527 1212 3596 gravius
1240 3526 1348 3582 dici
1386 3528 1594 3596 potuit?

346 3623 509 3677 Aliud
539 3621 794 3691 obiicitur
823 3612 981 3691 quod
1005 3619 1092 3674 hic
1118 3619 1328 3688 legatur
1360 3619 1469 3672 ἀπὸ
1499 3621 1608 3674 τῶν
1642 3621 1951 3676 Κουκουσῶε

1922 3621 1974 3676 ὒν
2006 3638 2134 3679 cum
2168 3634 2360 3682 contra
2407 3628 2719 3682 Κουκουσόν
2764 3629 2819 3685 in
2863 3632 3125 3702 singulari
3172 3650 3387 3706 semper
3432 3640 3527 3694 ha-

276 3713 477 3768 beatur
506 3711 650 3781 apud
684 3709 1161 3781 (lbrysostomum.
1187 3707 1387 3764 Verum
1424 3709 1538 3765 lucc
1567 3710 1728 3767 lectio
1752 3710 1862 3766 τῶν
1893 3713 2225 3768 Κουκουσῶν
2253 3726 2335 3772 est
2378 3717 2546 3774 solius
2576 3719 2829 3776 editionis
2863 3721 3150 3778 Saviliana:
3187 3743 3201 3780 :
3236 3743 3360 3782 nam
3410 3733 3529 3786 edi-

275 3807 459 3860 tiones
486 3801 688 3857 Morelli
713 3811 766 3857 et
795 3816 986 3857 omnes
1011 3801 1142 3857 Mss.
1171 3803 1262 3858 hic
1291 3803 1604 3857 Κουκουσοῦ
1652 3805 1874 3870 habent,

1924 3807 2154 3879 illudque
2183 3810 2283 3879 τῆς
2315 3811 2589 3875 Κιλικίας,
2622 3814 2767 3882 quod
2808 3815 2861 3868 in
2906 3815 3079 3871 Editis
3107 3819 3430 3889 addebatur,
3459 3827 3529 3879 ab

278 3900 502 3989 optimis
531 3898 660 3955 Mss.
684 3899 855 3954 abest.
883 3898 1156 3954 Cucusum
1192 3907 1375 3954 autem
1409 3900 1461 3954 in
1490 3899 1747 3956 Armenia
1771 3919 1891 3958 esse
1921 3905 1998 3959 ait
2019 3905 2149 3958 alibi
2183 3904 2638 3978 Chrysostomns;
2665 3909 2756 3963 alii
2785 3910 2836 3964 in
2861 3910 3081 3980 Cilicia;
3114 3915 3447 3976 Athanasius
3474 3922 3526 3976 in

276 3993 622 4064 Cappadocia
664 3994 826 4058 locat,
877 3993 1026 4062 quia,
1063 4009 1192 4060 cum
1236 3995 1291 4048 in
1335 4008 1526 4048 earum
1560 3996 1844 4066 regionum
1887 3997 2127 4052 confinio
2173 4008 2339 4064 esset,
2388 4001 2550 4054 modo
2583 4001 2732 4064 huic,
2772 4003 2938 4057 modo
2977 4005 3051 4060 illi
3086 4011 3397 4065 contributa
3423 4021 3526 4068 est.
3571 4023 3582 4034 ‘

278 4083 483 4142 Omnes
513 4095 658 4143 certe
681 4087 779 4143 viri
811 4086 958 4144 docti
995 4087 1137 4145 hanc
1165 4087 1450 4158 epistolam
1479 4104 1578 4157 pro
1608 4105 1732 4146 vera
1762 4099 1814 4147 et
1837 4091 2072 4162 genuina
2100 4094 2318 4160 habent,
2345 4110 2443 4152 nec
2473 4111 2534 4150 ea
2566 4095 2632 4150 de
2667 4110 2722 4150 re
2749 4096 2833 4152 vel
2863 4099 3143 4157 minimam
3172 4105 3528 4173 quaestionem

284 4187 523 4237 moveut.
