2032 3109
157 127 213 135 ...-
218 126 1765 144 .____._.________________________________

896 646 1020 679 CXXV.

466 821 721 869 CYRIACO
757 824 1046 873 EPISCOPO
1082 827 1444 874 EXSULANTI.

795 987 925 1028 (Cucuso
947 998 1028 1020 anno
1050 989 1131 1030 404.)

176 1663 251 1698 Age.
276 1661 411 1690 maestitiae
433 1665 485 1688 tuae
508 1660 585 1688 ulcus
607 1666 700 1687 rursus
726 1659 834 1692 leniam,
858 1663 938 1695 atque

138 1707 316 1745 cogitationes
340 1715 386 1735 eas
399 1728 408 1741 ,
435 1714 494 1742 qua:
521 1706 590 1734 hanc
619 1705 717 1733 nubem
748 1705 936 1740 collegerunt,

140 1753 293 1782 discutiam.
314 1752 414 1788 Ecquid
428 1753 499 1780 enim
516 1756 572 1786 est,
589 1751 660 1787 quod
673 1758 771 1789 uiueres
786 1756 865 1786 atque
879 1752 938 1779 ani-

140 1806 214 1827 mum
227 1798 337 1834 dejicis?
351 1798 392 1826 An
407 1798 468 1833 quia
480 1798 567 1833 gravis
575 1802 617 1825 est
628 1801 782 1832 tempestas,
795 1804 826 1824 ac
837 1805 937 1825 saevum

139 1844 308 1881 naufragium
325 1865 333 1878 ,
355 1844 426 1880 quod
452 1844 597 1871 Ecclesiam
622 1842 780 1877 occupavit?
800 1842 857 1870 lloc
882 1843 939 1878 ipse

139 1898 249 1926 quoque
260 1890 328 1924 scio,
343 1897 392 1918 nec
417 1889 487 1917 ullus
512 1893 564 1923 est,
588 1889 633 1924 qui
652 1887 754 1915 inficias
777 1888 816 1915 ire
835 1887 937 1922 possit:

139 1936 198 1964 into
210 1943 288 1968 vero,
302 1935 324 1963 si
339 1935 375 1963 ita
388 1935 472 1968 lubet,
487 1942 580 1962 eorum
592 1941 651 1969 qua:
664 1933 730 1960 ﬁunt
739 1933 880 1968 imaginem
892 1932 939 1961 tibi

139 1980 320 2010 adumbrabo.
336 1980 408 2009 Mare
422 1980 539 2008 videmus
553 1979 587 2007 ab
602 1978 663 2006 imis
695 1985 781 2013 usque
793 1977 939 2013 gurgitibus

140 2025 298 2060 revulsum,
313 2030 407 2054 nautas
423 2024 663 2061 gubernaculorum
682 2031 713 2051 ac
728 2030 863 2051 remorum
879 2023 940 2050 loco

139 2078 240 2100 manus
251 2071 363 2108 genibus
378 2071 520 2106 implicitas
528 2069 667 2103 habentes,
677 2076 785 2104 prasque
798 2072 938 2103 tempesta-

141 2119 179 2148 tis
192 2117 376 2154 magnitudine
397 2121 469 2145 tanta
491 2116 596 2144 consilii
614 2115 702 2151 inopia
719 2115 871 2143 laborantes
883 2135 890 2147 ,
910 2117 941 2142 ut

140 2172 194 2193 nec
217 2164 325 2198 osclum,
339 2171 390 2192 nec
409 2171 493 2196 mare,
506 2170 556 2190 nec
577 2166 676 2190 terram
701 2164 822 2194 cernant,
846 2167 939 2188 verum

140 2210 238 2239 nentes
246 2217 280 2238 ac
291 2209 469 2238 lamentantes
487 2208 514 2236 in
528 2207 652 2236 tabulatis
664 2207 779 2243 iaceant.
804 2207 892 2241 Atque
912 2205 939 2233 in

139 2257 209 2285 mari
221 2255 330 2293 quidem
345 2256 381 2284 ita
392 2255 500 2284 evenire
511 2255 580 2283 solet
598 2263 605 2281 :
624 2261 694 2281 nunc
706 2257 795 2281 autem
809 2253 836 2280 in
846 2256 940 2280 nostro

139 2308 252 2338 quoque
271 2301 340 2329 mari
366 2300 474 2336 gravior
494 2299 610 2335 procella
633 2299 822 2334 gravioresque
844 2297 940 2325 fluctus

138 2347 305 2376 excitantur.
324 2346 423 2375 Verum
435 2344 477 2374 fac
487 2345 599 2374 Domino
612 2348 704 2372 nostro
713 2343 820 2371 Christo
827 2343 940 2378 supplex

138 2393 189 2428 Iis.
205 2392 252 2430 qui
263 2399 318 2422 non
334 2397 392 2421 arte
405 2395 589 2427 tempestatem
603 2393 730 2426 superat,
742 2389 790 2417 sed
804 2393 868 2416 nutu
882 2389 940 2417 solo

136 2447 202 2468 eam
209 2438 327 2468 discutit.
347 2437 424 2473 Quod
441 2437 463 2465 si
477 2437 599 2473 precibus
612 2436 646 2464 ad
661 2444 721 2464 eum
734 2435 860 2463 adhibitis
870 2443 939 2463 non-

139 2485 207 2514 dum
218 2490 311 2514 tamen
323 2484 465 2514 exauditus
478 2491 518 2518 es,
527 2491 562 2512 ne
575 2484 755 2519 elanguescas.
767 2483 940 2518 animumque

139 2530 331 2568 despondeas;
344 2530 496 2566 huiusmodi
512 2536 628 2565 namque
640 2529 748 2564 benigni
766 2528 836 2556 illius
853 2527 942 2556 numi-

145 2573 193 2601 nis
203 2579 265 2601 mos
273 2575 324 2601 est.
343 2572 441 2602 Annon
452 2576 506 2600 tres
515 2573 574 2600 illos
584 2579 680 2607 pueros
691 2579 705 2600 ει
719 2573 838 2608 periculo
847 2574 948 2602 subdu-

143 2625 210 2648 cere
221 2621 336 2655 poterat,
349 2624 382 2646 ac
394 2626 430 2647 ne
443 2618 470 2646 in
484 2618 552 2654 ignis
566 2617 701 2647 fornacem
717 2619 866 2647 incidi-rent
879 2627 943 2654 pro-

145 2663 260 2694 hibere?
272 2664 307 2693 At
319 2669 460 2701 postquam
471 2665 570 2700 captivi
584 2664 703 2700 abducti,
714 2670 794 2703 atque
806 2663 832 2692 iu
843 2665 940 2694 barba-

305 2712 438 2744 Panos.
461 2709 520 2740 Gn.
545 2708 608 2740 LII.

988 1667 1079 1688 rorum
1094 1659 1228 1695 regionem
1237 1659 1344 1695 abiecti,
1359 1663 1520 1695 paternaque
1530 1659 1677 1688 hereditate
1684 1662 1783 1695 eversi.

988 1709 1068 1741 atque
1078 1705 1111 1733 ab
1121 1705 1244 1733 omnibus
1258 1705 1391 1740 desperati
1405 1709 1478 1739 sunt,
1494 1712 1543 1733 nec
1552 1705 1609 1741 jam
1624 1705 1707 1733 ullum
1719 1707 1783 1735 mali

988 1759 1072 1787 genus
1085 1751 1186 1785 deerat,
1201 1755 1256 1779 tum
1279 1751 1393 1787 denique
1409 1750 1529 1779 Christus
1540 1771 1549 1784 ,
1560 1759 1638 1779 verus
1650 1751 1721 1779 Deus
1735 1760 1783 1780 no-

988 1803 1044 1826 ster
1054 1819 1062 1832 ,
1078 1802 1189 1834 repente
1202 1798 1359 1826 miraculum
1372 1797 1465 1830 edidit,
1478 1797 1619 1832 ignemque
1632 1797 1779 1834 dissipavit.

988 1843 1058 1879 ignis
1079 1844 1150 1872 enim
1168 1843 1302 1879 justorum
1320 1843 1445 1870 virtutem
1466 1842 1576 1870 minime
1595 1842 1686 1871 ferens
1699 1851 1714 1872 e
1729 1843 1784 1872 for-

989 1898 1053 1918 nace
1068 1889 1184 1923 cxsiliit,
1198 1893 1278 1924 atque
1289 1888 1439 1922 Chaldaeos,
1453 1895 1521 1923 quos
1532 1888 1633 1916 circum
1646 1886 1782 1918 fornacem

989 1940 1082 1964 nactus
1098 1940 1155 1969 est,
1170 1935 1271 1963 exussit
1283 1934 1364 1972 (Dan.
1382 1933 1423 1970 5).
1437 1935 1476 1962 Ac
1490 1938 1545 1962 tum
1557 1934 1652 1963 fornax
1663 1936 1783 1965 ecclesia:

988 1982 1072 2009 instar
1085 1981 1148 2016 ipsis
1162 1984 1220 2008 erat
1234 1989 1241 2008 :
1254 1984 1335 2016 atque
1347 1987 1391 2008 res
1402 1987 1496 2008 omnes
1508 1980 1630 2008 conditas
1639 2001 1646 2013 ,
1659 1985 1711 2009 tam
1723 1989 1784 2017 quae

988 2027 1073 2055 oculis
1088 2031 1234 2055 cernuntur
1244 2047 1252 2060 ,
1266 2034 1346 2062 quam
1363 2034 1422 2062 quze
1441 2026 1476 2054 ab
1490 2026 1628 2054 oculorum
1643 2034 1724 2055 sensu
1739 2036 1783 2055 re-

989 2078 1068 2100 motae
1081 2077 1142 2100 sunt
1154 2092 1162 2105 ,
1178 2073 1229 2100 hoc
1248 2076 1291 2100 est
1303 2072 1412 2107 angelos
1427 2071 1454 2100 et
1467 2071 1578 2100 virtutes
1590 2073 1763 2101 accersebant
1772 2094 1781 2108 ,

988 2118 1079 2153 sicque
1093 2117 1182 2145 omnia
1198 2117 1226 2145 in
1242 2125 1322 2144 unum
1336 2116 1559 2152 complectentes,’
1568 2116 1610 2144 bis
1624 2117 1712 2145 verbis
1726 2123 1784 2146 ute-

989 2163 1086 2191 bantur
1099 2172 1106 2191 :
1121 2162 1266 2191 Benedicite
1278 2163 1362 2190 omnia
1373 2171 1450 2198 opera
1462 2162 1567 2190 Domini
1578 2162 1688 2191 Domino
1700 2163 1782 2199 (Dan.

988 2209 1016 2237 5.
1027 2209 1085 2245 57).
1100 2209 1216 2238 Videsne
1227 2208 1362 2245 quomodo
1373 2209 1506 2245 iustorum
1520 2209 1645 2245 patientia
1657 2209 1745 2245 ignem
1757 2210 1782 2238 in

988 2262 1077 2284 rorem
1091 2255 1263 2284 commutavit
1275 2276 1283 2289 ,
1300 2255 1458 2290 tyrannique
1475 2254 1593 2282 animum
1608 2255 1643 2282 ita
1659 2254 1763 2283 inflexit
1775 2277 1783 2288 ,

989 2306 1018 2329 ut
1029 2310 1078 2338 per
1087 2301 1242 2330 universum
1253 2301 1345 2329 orbem
1356 2301 1447 2329 literas
1459 2301 1587 2334 mitteret.
1599 2300 1633 2329 ad
1644 2300 1715 2329 hunc
1726 2309 1783 2329 mo-

989 2348 1051 2376 dum
1067 2348 1179 2384 loquens
1192 2356 1199 2375 :
1213 2346 1324 2383 Magnus
1337 2346 1404 2374 Deus
1417 2346 1545 2379 Sidraclt.
1561 2345 1677 2379 llisaclt,
1691 2351 1716 2374 et
1732 2347 1784 2374 Ab-

989 2395 1087 2431 denago
1101 2393 1179 2430 (Dan.
1194 2393 1220 2421 5.
1235 2393 1302 2428 95)?
1315 2393 1354 2420 Ac
1367 2391 1427 2420 vide
1440 2399 1521 2427 quam
1534 2396 1612 2420 atrox
1624 2391 1783 2428 supplicium

989 2441 1142 2474 constituit,
1155 2441 1178 2468 si
1190 2439 1251 2475 quis
1261 2438 1389 2467 adversus
1399 2439 1471 2474 ipsos
1480 2437 1581 2474 aliquid
1591 2438 1785 2466 contumeliose

989 2487 1100 2514 dixisset
1113 2495 1120 2513 :
1135 2493 1231 2521 nempe
1245 2490 1273 2513 ut
1287 2485 1383 2513 domus
1396 2484 1479 2520 ipsius
1494 2491 1526 2512 ac
1540 2483 1678 2512 facultates
1689 2491 1784 2511 omnes

990 2532 1170 2568 diriperentur
1180 2530 1262 2566 (Ibid.
1275 2539 1299 2558 υ.
1312 2530 1369 2567 96).
1381 2529 1419 2558 Ne
1430 2529 1508 2566 igitur
1519 2529 1636 2557 animum
1646 2528 1780 2558 demittas.

989 2585 1021 2606 ec
1032 2577 1219 2614 desperatione
1234 2576 1374 2613 frangaris.
1388 2576 1455 2604 Nam
1468 2582 1518 2603 nec
1530 2581 1591 2612 ego,
1604 2582 1665 2603 cum
1677 2574 1782 2602 civitate

991 2628 1104 2663 pellerer
1116 2647 1123 2660 ,
1139 2625 1282 2662 quidquam
1302 2626 1395 2652 lmrum
1410 2623 1536 2651 cumbam
1550 2643 1558 2655 .
1571 2630 1664 2651 verum
1679 2628 1782 2650 mecum

1566 2698 1603 2728 19

1744 2980 1794 2987 μγ
