4064 6218
490 211 595 271 (583
623 214 633 239 "

480 354 599 412 ipse
624 341 695 396 ita
710 337 966 410 loquebar
990 336 1068 410 (a)
1087 354 1102 392 :
1121 334 1177 392 Si
1194 333 1503 405 imperatrix
1522 346 1607 387 me
1619 329 1807 387 exsilio
1823 328 2080 384 mulctare

489 433 627 499 vult,
656 432 895 489 exsulem
920 446 1047 486 sane
1072 447 1087 485 :
1115 428 1319 483 Domini
1342 436 1412 482 est
1439 436 1594 493 terra,
1618 435 1664 479 et
1693 423 1953 496 plenitudo
1973 423 2085 494 ejus

492 525 669 596 (μεαε.
692 524 784 582 9.5.
807 524 885 594 1).
907 523 963 581 Si
982 537 1132 578 serra
1153 520 1222 577 de
1247 534 1334 576 me
1358 519 1890 589 supplicium'capere
1915 513 2081 585 cupit,

487 621 734 677 dissecer
755 637 770 673 :
794 617 1041 674 Hesaiam
1066 630 1162 688 pg)
1184 613 1428 683 exemplo
1451 612 1642 666 habeo.
1670 609 1727 665 Si
1750 624 1835 665 me
1861 610 1914 663 in
1937 622 2085 663 mare

490 710 824 783 praecipitem
855 707 983 763 dare
1011 706 1156 771 vult,
1183 704 1333 762 Jonae
1364 702 1619 759 recordor
1644 698 1816 774 (Iona:
1844 698 1918 771 1).
1945 699 2002 754 Si
2029 699 2083 752 in

493 802 767 858 fornacem
795 800 1065 871 conjicere
1091 798 1237 863 vult,
1265 786 1381 852 tres'
1404 809 1598 865 pueros
1629 793 1800 849 habeo
1821 835 1836 861 ,
1866 791 1956 863 qui
1985 806 2082 847 eo-

486 892 617 963 dem
648 892 910 964 supplicio
939 890 1113 947 affecti
1141 896 1267 946 sunt
1292 888 1450 960 (Dan.
1477 888 1555 959 5).
1584 886 1638 942 Si
1665 886 1790 941 feris
1815 884 2079 955 ohjicere,

497 985 790 1052 Danielcm,
820 984 911 1056 qui
940 982 1182 1039 leonibus
1208 981 1450 1051 obiectus
1470 988 1573 1047 est,
1601 977 1732 1033 mihi
1756 977 1936 1031 animo
1958 989 2082 1046 pro-

496 1093 639 1148 pono
663 1065 824 1150 (lbid.
857 1093 905 1131 ε.
939 1076 1015 1148 6).
1042 1075 1097 1131 Si
1129 1073 1390 1145 lapidibus
1416 1071 1644 1126 obruere
1669 1069 1817 1134 vult,
1848 1067 2036 1122 obruat
2066 1083 2081 1122 :

494 1168 822 1241 Stephanum
849 1166 1020 1223 habeo
1050 1166 1277 1237 primum
1315 1171 1601 1234 martyrem
1637 1160 1770 1230 (Act.
1804 1158 1879 1230 7).
1910 1156 1968 1213 Si
1994 1171 2084 1211 ca-

496 1269 593 1331 put
633 1275 811 1316 meum
849 1258 1091 1329 accipere
1120 1256 1273 1323 vult,
1301 1255 1525 1324 accipiat
1566 1271 1579 1308 :
1621 1252 1879 1308 Joannem
1910 1248 2084 1305 habeo

500 1350 690 1423 (Marc.
720 1349 800 1421 6).
832 1348 888 1405 Si
917 1348 1193 1405 facultates
1220 1361 1367 1402 meas
1395 1360 1623 1408 sumere,
1655 1352 1864 1398 sumat:
1896 1339 2085 1398 Nudus

495 1459 721 1514 egressus
750 1458 861 1496 sum
890 1441 954 1494 de
987 1451 1157 1494 ventre
1190 1440 1362 1493 matris
1393 1454 1516 1492 mete
1537 1479 1553 1503 ,
1584 1437 1751 1490 nudus
1779 1436 1931 1490 etiam
1965 1433 2083 1487 hinc

495 1534 761 1589 abscedam
782 1531 903 1607 (Job
946 1533 998 1587 1.
1016 1532 1133 1603 21).
1163 1531 1342 1587 Monet
1364 1546 1449 1585 me
1474 1531 1558 1589 his
1570 1533 1750 1591 verbis
1764 1527 2081 1600 Apostolus:

499 1623 635 1679 Deus
660 1623 877 1678 hominis
896 1639 1160 1694 personam
1183 1639 1286 1676 non
1309 1621 1527 1693 accipit;
1547 1629 1708 1691 atque
1727 1619 1811 1674 his
1833 1634 2044 1675 rursum
2066 1636 2079 1673 :

497 1715 559 1770 Si
586 1715 754 1769 adhuc
779 1714 1062 1768 hominibus
1087 1714 1357 1785 placerem,
1387 1709 1574 1768 Christi
1597 1727 1770 1765 servus
1798 1727 1898 1765 non
1922 1726 2082 1765 essem

497 1810 517 1879 (
543 1807 659 1864 Gal.
690 1807 745 1861 2.
773 1808 826 1863 6.
855 1818 901 1862 et
922 1809 975 1863 1.
1005 1805 1131 1878 10).
1163 1805 1291 1860 Mihi
1322 1806 1481 1860 etiam
1513 1804 1677 1859 David
1704 1818 1851 1858 arma
1877 1802 2084 1858 submi-

496 1899 724 1968 nistrat,
756 1914 879 1956 cum
906 1899 981 1955 ait
1010 1916 1023 1955 :
1052 1896 1314 1970 Loquebar
1350 1896 1413 1951 de
1437 1895 1732 1955 testimoniis
1759 1896 1856 1950 tuis
1884 1896 1938 1951 in
1963 1912 2088 1951 con-

495 2002 668 2063 spectu
708 2008 883 2064 regum
905 2032 921 2059 ,
951 1999 999 2045 et
1035 2007 1138 2045 non
1180 1987 1526 2060 canfundebar
1565 1985 1754 2059 (Psal.
1792 1988 1916 2043 118.
1947 1986 2017 2043 46
2038 1985 2082 2057 ).

495 2084 659 2140 Multa
701 2084 986 2151 adversum
1031 2098 1119 2139 me
1160 2090 1469 2138 struxerunt
1496 2098 1510 2137 :
1539 2081 1794 2153 aiuntque
1836 2097 1923 2137 me
1965 2090 2087 2152 post

497 2178 682 2248 epulas
719 2175 1035 2249 quibusdam
1065 2174 1498 2232 communionem
1530 2174 1869 2244 impertiisse.
1901 2173 2015 2229 Hoc
2038 2173 2085 2229 si

497 2271 619 2336 feci,
645 2271 712 2326 de
738 2272 1111 2341 episcOporum
1136 2268 1277 2323 libro
1305 2281 1497 2323 nomen
1525 2281 1702 2321 meum
1729 2274 2082 2338 expungatur,

498 2376 599 2418 nec
626 2362 677 2416 in
707 2360 1023 2417 orthodoxa:
1049 2359 1173 2417 fidei
1206 2358 1477 2415 volumine
1505 2357 1771 2414 scribatur
1791 2401 1808 2427 ,
1835 2359 2083 2428 quoniam

424 2512 429 2519 ,
496 2466 623 2508 ecce
651 2452 696 2506 si
724 2450 1010 2522 quidquam
1036 2450 1298 2520 ejusmodi
1324 2449 1647 2520 perpetravi,
1677 2448 1918 2504 Christus
1941 2464 1972 2505 e
1999 2464 2086 2505 re-

495 2558 603 2616 gno
625 2557 724 2599 suo
748 2557 834 2598 me
859 2540 1091 2613 abjiciat.
1122 2539 1275 2610 Quod
1300 2539 1346 2595 si
1375 2538 1505 2594 mihi
1530 2539 1795 2596 obstinata
1828 2550 2005 2595 mente
2031 2539 2083 2595 id

496 2633 732 2705 ubjicere
774 2642 998 2704 pergunt
1022 2673 1038 2700 ,
1070 2631 1292 2687 Paulum
1339 2630 1499 2687 etiam
1526 2630 1594 2687 de
1620 2630 1889 2703 dignitatis
1918 2630 2083 2701 gradu

496 2726 750 2797 dejiciant
776 2765 792 2793 ,
825 2725 915 2796 qui
944 2734 1188 2781 coenatus
1212 2724 1513 2781 universam
1553 2724 1770 2780 domum
1800 2725 2085 2796 baptizavit

498 2817 634 2890 (Act.
669 2819 799 2890 l6);
847 2816 1076 2873 Domino
1105 2817 1230 2873 item
1263 2816 1361 2887 ipsi
1391 2818 1761 2873 auctoritatem
1788 2818 2081 2889 abrogcnt,

496 2909 586 2983 qui
614 2908 868 2979 apostolis
899 2917 1019 2978 post
1059 2921 1268 2963 ctenam
1293 2909 1722 2963 communionem
1751 2907 1917 2963 dedit.
1945 2908 2083 2976 Quin

498 3015 584 3056 me
624 3014 836 3070 quoque
883 3014 1005 3054 cum
1049 2998 1273 3054 muliere
1317 2998 1670 3054 concubuisse
1712 2998 2080 3054 criminantur.

501 3090 690 3148 Exuite
720 3104 912 3159 corpus
943 3104 1120 3144 meum
1146 3130 1160 3156 ,
1192 3098 1247 3143 et
1274 3088 1635 3144 membrorum
1667 3105 1906 3146 meorum
1935 3106 2081 3145 mor-

499 3178 838 3239 tilicationem
864 3178 1164 3249 reperietis.
1196 3178 1392 3234 Verum
1414 3178 1479 3234 ad
1502 3178 1617 3234 htec
1641 3180 1817 3234 omnia
1846 3179 2083 3237 facienda

499 3266 665 3326 livore
695 3269 907 3326 adducti
937 3277 1081 3325 sunt.
1114 3271 1184 3324 At
1208 3268 1332 3325 idne
1362 3270 1600 3336 omnino,
1632 3270 1852 3342 Cyriace
1882 3273 2078 3339 frater,

497 3363 730 3417 animum
776 3372 919 3416 tuum
960 3360 1267 3427 discruciat,
1294 3361 1436 3431 quod
1484 3361 1557 3416 illi
1596 3363 1685 3432 qui
1725 3378 1810 3417 me
1842 3379 1908 3418 cx
1952 3364 2082 3419 urbe

497 3454 835 3523 expulerunt,
864 3453 917 3508 in
945 3452 1061 3508 foro
1085 3452 1251 3508 libere
1277 3454 1519 3519 volitant,
1548 3453 1837 3525 ingensque
1861 3456 2082 3525 stipato-

496 3560 611 3601 rum
638 3559 766 3616 grex
794 3558 888 3598 eos
909 3558 941 3599 a
970 3552 1116 3614 tergo
1141 3544 1420 3614 sequitur?
1440 3543 1638 3599 Verum
1670 3546 1953 3602 recordare
1976 3547 2081 3603 La-

494 3638 601 3692 tiari
630 3645 685 3693 et
712 3634 896 3691 divitis
923 3636 1064 3690 illius
1093 3634 1243 3708 (Luc.
1280 3635 1368 3707 l6)
1399 3653 1412 3688 :
1440 3652 1615 3690 annon
1648 3636 1735 3691 ille
1760 3637 1812 3691 in
1843 3636 1943 3693 hoc
1965 3655 2081 3695 aevo

492 3725 835 3783 calamitosus
864 3725 962 3782 fuit
984 3768 1000 3795 ,
1030 3720 1117 3782 hic
1142 3738 1320 3783 autem
1353 3715 1706 3798 voluptatibus
1729 3744 1792 3785 ac
1820 3729 1944 3784 luxu
1973 3728 2081 3785 dif-

492 3819 676 3875 fluxit?
693 3810 1131 3890 Quidnam'porro
1152 3819 1225 3874 illi
1250 3830 1531 3890 paupertas
1546 3818 1849 3875 detrimenti
1871 3821 2081 3895 attulit?

492 3912 685 3971 Annon
734 3920 791 3967 ut
834 3910 972 3983 pugil
1000 3924 1064 3966 ac
1109 3910 1276 3966 victor
1305 3911 1358 3965 in
1400 3908 1629 3965 Abrahae
1671 3910 1844 3966 sinum
1871 3912 2080 3969 delatus

492 3995 611 4059 eet?
636 4002 898 4071 Quidnam
934 4017 1147 4059 rursum
1176 4001 1298 4056 huic
1320 4043 1334 4069 ,
1368 4002 1456 4072 qui
1497 4002 1548 4056 in
1577 4017 1809 4075 purpura
1837 4013 1891 4060 et
1919 4004 2078 4077 bysso

491 4094 877 4164 requiescebat,
896 4107 1026 4161 opes
1048 4093 1393 4162 profuerunt?
1414 4092 1512 4149 Ubi
1536 4092 1787 4148 lictores?
1809 4093 1893 4148 ubi
1916 4095 2079 4151 satel-

491 4184 653 4241 lites?
679 4183 765 4240 ubi
790 4184 913 4255 equi
940 4185 1113 4239 aureis
1138 4184 1303 4239 frenis
1331 4184 1604 4255 insignes?
1631 4186 1718 4241 ubi
1746 4186 1997 4256 parasiti,
2024 4194 2080 4244 et

493 4277 635 4350 regia
666 4276 890 4332 mensa?
920 4276 1111 4332 Annon
1153 4285 1422 4346 tamquam
1464 4277 1601 4332 latro
1635 4278 1844 4335 vinctus
1872 4278 1925 4334 in
1956 4294 2076 4335 mo-

492 4377 804 4426 numentum
852 4366 1251 4434 abducebatur,
1285 4368 1479 4424 nudam
1528 4370 1758 4425 animam
1804 4387 1835 4428 e
1877 4372 2077 4429 mundo

418 4504 434 4527 .
489 4460 720 4519 efferens
744 4478 757 4516 :
785 4470 942 4532 atque
972 4459 1115 4516 inani
1142 4475 1274 4515 voce
1299 4459 1579 4527 clamabat,
1608 4458 1765 4516 Pater
1785 4460 2073 4532 Abraham,

491 4555 629 4610 mitte
647 4552 922 4619 Lazarum,
940 4562 993 4606 ut
1011 4552 1225 4624 intingat
1244 4562 1518 4607 extremum
1538 4553 1684 4624 digiti
1700 4554 1780 4606 sui
1798 4555 1851 4607 in
1866 4572 2072 4626 aquam,

489 4657 536 4703 et
555 4646 812 4720 refrigeret
837 4644 1058 4715 tinguant
1086 4659 1277 4708 meam,
1301 4642 1420 4712 quia
1449 4643 1644 4697 crucior
1666 4645 1718 4698 in
1746 4645 1841 4698 hac
1864 4645 2075 4715 ﬂamma

495 4734 643 4810 (Luc.
671 4736 755 4792 16.
777 4733 908 4805 25)?
934 4732 1070 4803 Quid
1099 4743 1302 4805 patrem
1332 4732 1693 4789 Abrahamum
1716 4750 1895 4802 vocas,
1921 4736 2074 4806 cujus

491 4829 654 4884 vitam
694 4842 798 4883 non
830 4819 1066 4882 imitatus
1104 4824 1208 4882 es?
1238 4825 1328 4882 ille
1359 4825 1622 4881 neminem
1654 4843 1759 4881 non
1787 4826 1947 4883 domo
1974 4845 2069 4886 ex-

484 4921 716 4990 cipiebat
740 4938 753 4975 :
779 4931 834 4975 tu
862 4936 928 4976 ne
948 4919 1102 4975 unius
1130 4919 1343 5000 quidem
1366 4919 1612 4990 pauperis
1634 4935 1815 4976 curam
1838 4923 2067 4994 gessisti.

491 5010 599 5067 Nec
625 5026 754 5067 vero
782 5021 863 5068 est
890 5010 1030 5084 quod
1056 5011 1330 5085 lugeamus
1357 5027 1420 5068 ac
1446 5012 1904 5086 eollacrymemus,
1927 5014 2068 5087 quod

487 5100 530 5157 is
550 5144 564 5166 ,
593 5100 681 5172 qui
712 5100 869 5155 tantis
895 5101 1085 5173 opibus
1113 5100 1364 5173 praeditus
1387 5110 1534 5170 erat,
1559 5118 1709 5175 aquae
1732 5113 1933 5176 guttam
1962 5121 2067 5160 non

485 5201 570 5246 est
594 5202 971 5263 consequutus.
1003 5192 1263 5261 Quoniam
1292 5195 1434 5249 enim
1462 5195 1630 5250 micas
1659 5196 1876 5266 pauperi
1906 5197 2065 5252 mini-

488 5298 572 5338 me
611 5283 833 5355 largitus
860 5295 942 5340 est
962 5327 977 5353 ,
1005 5284 1204 5341 idcirco
1229 5300 1295 5343 ne
1323 5295 1520 5355 guttam
1550 5285 1764 5355 quidem
1792 5300 1944 5356 aquae
1974 5301 2066 5342 ac-

481 5370 627 5442 c'ipit.
680 5372 879 5428 llicmis
922 5383 1158 5445 tempore
1204 5375 1582 5430 misericordiae
1620 5384 1912 5431 sementem
1956 5390 2061 5431 non

483 5463 628 5531 fecit,
651 5480 713 5519 ac
734 5466 955 5536 proinde
978 5481 1045 5521 ne
1067 5474 1249 5522 aestate
1273 5467 1483 5537 quidem
1506 5481 1736 5522 messem
1759 5466 1900 5522 fecit.
1924 5467 2061 5536 Quin

542 5626 616 5735 (α)
651 5625 732 5673 Itis
751 5621 923 5671 similia
958 5621 1112 5692 habes
1146 5632 1291 5683 supra
1314 5622 1368 5694 in
1388 5621 1587 5671 Humilia
1611 5622 1992 5730 antequamlret
2014 5621 2065 5670 in

542 5691 587 5735 si
612 5689 725 5735 ium.
751 5694 967 5735 Itemque
990 5695 1039 5731 in
1064 5684 1268 5735 quadam
1293 5683 1601 5735 epistularum
1622 5682 1682 5731 ad
1703 5690 1740 5732 Ο
1758 5682 2046 5735 vmmadcm.

485 5682 725 5746 “Silium,
751 5694 967 5748 Itemque
990 5683 1039 5731 in
1064 5682 1268 5747 quadam
1293 5683 1601 5746 epistularum
1622 5682 1682 5731 ad
1703 5682 2046 5747 Olympiadem.

1270 219 1327 276 S.
1369 215 1649 275 JOANNIS
1686 192 2163 272 CHRYSOSTOMI
2205 211 2529 269 ABCHIEP.
2568 212 3106 273 CONSTANTINOP.

3686 226 3799 281 υει

2196 322 2299 383 hoc
2342 342 2555 399 quoque
2595 336 2746 385 certo
2782 330 3006 385 consilio
3053 345 3084 384 a
3125 330 3352 390 Domino
3375 343 3552 392 actum
3582 346 3664 394 est
3689 381 3702 402 .
3730 356 3799 398 ut

2193 417 2474 488 impiorum
2505 434 2658 489 paena
2679 459 2697 488 ,
2728 429 2782 475 et
2802 420 3064 490 iustorum
3092 423 3305 493 requies
3326 465 3342 491 ,
3372 439 3406 481 e
3430 427 3647 498 regione
3673 430 3801 484 sim:

2192 510 2302 564 sint
2331 527 2346 565 :
2374 511 2624 566 nimirum
2661 520 2719 565 ut
2752 526 2874 568 sese
2908 517 3010 583 ipsi
3055 523 3242 570 mutuo
3269 518 3597 587 prospiciam
3625 529 3798 591 atque

2196 609 2507 670 agnoscant.
2576 601 2725 657 Tune
2778 603 2922 658 enim
2971 603 3195 674 quilibet
3253 616 3455 679 martyr
3501 617 3793 680 tyrannum

2195 705 2349 746 suum
2385 700 2672 761 agnoscet,
2706 701 2867 763 atque
2913 693 3039 748 item
3075 695 3297 766 quilibet
3339 705 3599 769 tyrannus
3636 716 3792 755 mar-

2196 790 2366 854 tyrem
2412 798 2535 839 eum
2564 826 2581 851 ,
2630 799 2788 855 quem
2831 785 3068 840 cruciatu
3117 786 3313 843 alfecit.
3354 787 3466 845 Nec
3501 805 3633 847 vero
3670 791 3792 849 ha'c

2194 887 2226 927 a
2275 889 2361 929 me
2414 873 2534 929 dico
2563 893 2576 930 :
2608 875 2732 931 audi
2761 875 2902 931 enim
2931 876 3058 947 quid
3103 876 3371 949 Sapientia
3400 879 3542 936 dicat
3583 899 3600 936 :
3640 880 3793 936 Tunc

2191 966 2342 1021 stabit
2372 968 2546 1038 justus
2580 968 2633 1022 in
2671 985 2855 1041 magna
2880 971 3164 1024 constantia
3197 974 3438 1035 adversus
3463 989 3583 1040 eos,
3614 971 3705 1045 qui
3731 991 3791 1028 se

2190 1060 2600 1130 angustiaverunt
2620 1060 2774 1133 (Sap.
2803 1061 2857 1119 5.
2883 1062 2961 1135 l).
2991 1062 3124 1119 Nam
3147 1064 3594 1134 quemadmodum
3618 1067 3665 1124 is
3685 1069 3785 1140 qui

2192 1147 2434 1207 fervente
2461 1152 2575 1208 sole
2602 1153 2705 1208 iter
2729 1152 2872 1221 facit,
2902 1168 2966 1209 ac
2993 1155 3079 1210 siti
3106 1154 3321 1227 ﬂagrat,
3354 1172 3474 1214 cum
3500 1160 3787 1230 limpidum

2193 1239 2393 1295 fontem
2425 1251 2611 1298 nactus
2636 1251 2740 1309 est,
2766 1258 2830 1299 ac
2853 1244 3036 1300 bibere
3062 1245 3391 1315 prohibetur,
3419 1264 3611 1322 magno
3630 1251 3791 1307 dolo-

2190 1347 2250 1388 re
2268 1333 2528 1400 afﬁcitur;
2555 1342 2647 1390 aut
2669 1348 2877 1390 rursum
2899 1337 3348 1407 quemadmodum
3374 1354 3495 1395 cum
3513 1342 3786 1413 quispiam

2191 1423 2393 1495 ingenti
2420 1426 2556 1481 fame
2584 1425 2825 1495 aﬂ‘ectus,
2854 1441 3056 1483 mensa:
3083 1429 3228 1484 omni
3258 1430 3556 1488 eduliorum
3584 1449 3788 1505 genere

2190 1516 2444 1573 confertae
2471 1518 2671 1574 assidet
2696 1559 2710 1583 ,
2742 1528 2994 1575 caeterum
3024 1535 3056 1575 a
3086 1522 3385 1591 potentiore
3412 1524 3642 1595 quodam
3676 1526 3786 1581 im-

2190 1609 2419 1679 peditur,
2449 1626 2516 1666 ne
2541 1626 2779 1667 mensam
2800 1612 3044 1683 attingat,
3066 1627 3131 1669 ac
3151 1614 3285 1670 cibis
3312 1614 3534 1684 fruatur,
3561 1633 3786 1689 gravem

2189 1701 2433 1757 dolorem
2462 1711 2519 1758 et
2558 1704 2852 1759 cruciatum
2881 1705 3044 1760 sentit
3073 1745 3090 1773 ,
3121 1706 3263 1777 quod
3292 1721 3414 1762 cum
3453 1724 3654 1765 mensa:
3690 1725 3786 1765 ac-

2193 1794 2429 1859 cumbat,
2454 1794 2626 1864 epulis
2650 1803 2828 1851 tamen
2850 1796 3097 1866 gaudere,
3123 1797 3209 1852 vel
3229 1798 3361 1853 fonti
3382 1798 3621 1855 assidens
3640 1816 3785 1873 aqua

2189 1885 2292 1942 frui
2341 1896 2569 1958 nequeat
2600 1906 2614 1942 :
2643 1890 2833 1945 eodem
2868 1889 3032 1946 modo
3066 1891 3118 1946 iu
3145 1890 3327 1962 judicii
3356 1892 3446 1949 die
3482 1894 3628 1965 impii
3657 1911 3787 1950 sane

2189 1990 2306 2035 ctos
2335 1981 2476 2036 viros
2504 1980 2655 2037 laetos
2685 1992 2845 2053 atque
2874 1982 3074 2039 hilares
3099 1985 3449 2056 eonspicient,
3472 2002 3572 2043 nec
3600 1997 3784 2045 tamen

2195 2073 2325 2143 ipsis
2353 2074 2497 2145 regia
2538 2089 2720 2130 mensa
2749 2075 2849 2129 frui
2878 2075 3219 2132 concedetur.
3250 2076 3381 2132 Nam
3409 2079 3570 2134 etiam
3602 2079 3743 2134 Deus
3761 2120 3781 2147 ,

2196 2179 2317 2220 cum
2348 2164 2416 2221 de
2441 2164 2647 2221 Adamo
2675 2166 2992 2250 supplicium
3019 2181 3232 2224 sumere
3259 2169 3418 2224 vellet
3439 2210 3454 2235 .
3483 2168 3586 2226 hoc
3612 2169 3742 2227 fecit
3762 2212 3782 2239 ,

2191 2266 2248 2312 ut
2286 2257 2398 2327 ipse
2422 2271 2454 2313 e
2483 2258 2710 2328 paradisi
2743 2259 2958 2329 regione
2986 2268 3181 2315 terram
3217 2261 3419 2318 coleret
3448 2280 3461 2317 :
3486 2279 3592 2334 quo
3630 2264 3785 2320 video

2194 2350 2316 2406 licet
2339 2351 2390 2405 in
2413 2349 2653 2421 singulos
2672 2350 2785 2406 dies
2804 2365 2870 2406 ac
2889 2352 3127 2423 singulas
3147 2352 3305 2409 horas
3320 2354 3607 2429 jucundum
3627 2356 3783 2412 illum

2188 2452 2243 2499 et
2271 2444 2626 2514 expetendum
2655 2445 2853 2511 locum,
2882 2446 3023 2502 unde
3049 2457 3376 2511 excesserat,
3407 2450 3741 2519 prospiciens
3760 2492 3780 2517 ,

2191 2544 2505 2604 perpetuum
2523 2536 2703 2590 animo
2723 2534 2961 2593 dolorem
2986 2536 3242 2593 hauriret.
3267 2537 3420 2607 Quod
3443 2539 3490 2594 si
3510 2539 3595 2596 hic
3613 2541 3782 2596 etiam

2188 2626 2344 2682 nobis
2374 2635 2557 2682 mutuo
2586 2642 2872 2699 congressu
2910 2628 3014 2684 frui
3040 2644 3145 2685 non
3176 2630 3363 2697 licuit,
3399 2640 3456 2687 at
3483 2648 3641 2688 nemo
3669 2634 3782 2689 illic

2188 2717 2439 2783 obstabit,
2470 2719 2601 2789 quin
2626 2728 2735 2774 tum
2762 2735 2865 2775 una
2891 2719 3165 2791 degamus,
3197 2737 3415 2793 eosque,
3446 2737 3475 2777 a
3501 2723 3695 2794 quibus
3721 2726 3782 2780 in

2187 2810 2430 2864 exsilium
2458 2810 2610 2880 ejecti
2637 2825 2843 2877 sumus,
2869 2811 3162 2878 videamus,
3190 2823 3247 2868 ut
3272 2813 3504 2877 Lazarus
3528 2814 3777 2883 divitem,

2172 2911 2242 2958 -et
2270 2912 2532 2975 martyres
2555 2912 2829 2975 tyrannos.
2858 2904 2934 2959 Ac
2954 2904 3175 2975 proinde
3196 2906 3429 2960 animum
3452 2922 3519 2962 ne
3539 2907 3783 2977 despon-

2186 2994 2278 3065 de,
2311 3011 2495 3051 vcrum
2527 2996 2663 3051 hanc
2689 2996 2962 3067 prepheta:
2987 3011 3171 3053 vocem
3200 2996 3256 3052 in
3282 2998 3592 3053 memoriam
3617 3014 3782 3055 revo-

2189 3103 2249 3143 ca
2275 3106 2289 3143 :
2316 3087 2492 3144 Nolite
2516 3090 2689 3144 timere
2710 3089 3035 3160 opprobrium
3060 3089 3338 3156 hominum,
3360 3099 3405 3145 et
3429 3100 3778 3162 contemptum

2191 3197 2362 3235 eorum
2386 3197 2448 3235 ne
2470 3181 2700 3236 metuatis
2723 3182 2885 3235 :sicut
2910 3181 3042 3235 enim
3063 3181 3183 3236 lana
3211 3198 3242 3235 a
3270 3182 3402 3235 tinea
3427 3181 3667 3236 radantur
3687 3224 3702 3247 ,
3725 3195 3778 3237 et

2185 3272 2313 3326 sicut
2354 3273 2698 3327 vestimentum
2742 3282 3044 3327 veterascent
3069 3273 3088 3343 (
3113 3272 3241 3327 1δαί.
3279 3273 3369 3327 51.
3412 3273 3465 3327 7.
3506 3273 3605 3344 8).
3640 3274 3774 3328 Illud

2184 3367 2345 3422 etiam
2375 3366 2757 3436 animadverte,
2780 3365 3046 3436 quomodo
3078 3365 3351 3429 Dominus,
3376 3364 3477 3420 hoc
3500 3376 3580 3420 est
3609 3366 3655 3420 is
3680 3369 3773 3438 qui

2184 3459 2441 3515 mundum
2471 3459 2727 3527 continet,
2748 3461 2924 3514 statim
2944 3457 3012 3512 ab
3036 3455 3366 3512 incunabulis
3385 3457 3771 3527 exagitabatur,

2184 3560 2343 3623 atque
2369 3553 2420 3607 in
2445 3551 2791 3607 barbarorum
2820 3560 3012 3606 terram
3036 3549 3342 3642 ejiciebatur
3368 3565 3383 3601 :
3410 3564 3516 3620 quo
3541 3563 3641 3603 nos
3668 3552 3775 3604 sci-

2186 3643 2311 3700 licet
2334 3644 2578 3715 exemplo
2604 3658 2700 3699 suo
2725 3654 2985 3709 moneret,
3011 3658 3076 3697 ne
3104 3640 3558 3697 intentationibus
3578 3641 3776 3697 animis

2184 3732 2507 3807 frangantur.
2551 3735 2843 3791 Salvatoris
2873 3734 3048 3806 passio
3077 3733 3167 3788 tibi
3205 3733 3257 3789 in
3286 3734 3462 3788 animo
3486 3742 3731 3788 versetur
3754 3774 3773 3799 ,

2183 3844 2375 3899 noiupe
2399 3836 2526 3900 quot
2553 3827 2888 3883 contumeliis
2910 3826 3020 3898 ipse
3044 3836 3219 3882 nostra
3246 3840 3403 3881 causa
3427 3824 3649 3880 allectus
3672 3826 3768 3880 sit.

2181 3921 2287 3976 Alii
2319 3921 2459 3976 enim
2501 3935 2623 3975 eum
2658 3917 3045 3975 Samaritanuin
3082 3916 3380 3983 vocabant,
3410 3917 3498 3971 alii
3535 3917 3775 3987 arrepti-

2182 4016 2313 4072 tium
2340 4056 2355 4082 ,
2387 4023 2438 4070 et
2485 4013 2789 4068 hellunncm
2815 4055 2829 4079 ,
2859 4020 2912 4068 et
2948 4011 3138 4067 falsum
3179 4010 3509 4080 prophetam.
3540 4008 3777 4063 Aiebam.

2180 4109 2325 4164 enim
2358 4126 2372 4163 :
2408 4106 2537 4162 Ecce
2567 4107 2715 4162 homo
2744 4122 2899 4162 vorax
2936 4115 2982 4159 et
3010 4111 3207 4174 potator
3236 4103 3337 4157 vini
3371 4100 3517 4174 (Luc.
3548 4101 3601 4156 7.
3628 4101 3725 4172 '5‘)
3752 4141 3773 4168 .

2180 4209 2237 4258 et
2262 4218 2276 4256 :
2306 4199 2371 4255 In
2396 4200 2623 4270 principe
2643 4184 3009 4254 dalntoniorum
3034 4196 3176 4264 eiecit
3198 4193 3447 4249 dtemonia
3470 4190 3684 4266 (Matth.
3708 4193 3771 4248 9.

2179 4293 2295 4364 54).
2326 4292 2463 4361 Quid
2491 4307 2611 4350 cum
2638 4307 2760 4348 eum
2788 4289 3053 4346 ducebant
3075 4297 3136 4344 ut
3160 4286 3451 4359 praecipitio
3478 4295 3769 4353 necarent,

2180 4395 2237 4444 et
2257 4402 2376 4442 cum
2404 4386 2570 4457 ipsius
2598 4385 2784 4441 faciem
2810 4380 3212 4455 conspuebaut?
3231 4379 3360 4453 quid
3378 4396 3498 4436 cum
3521 4378 3775 4452 chlamy-

2178 4477 2302 4533 dem
2341 4478 2441 4548 ipsi
2486 4475 2870 4547 imponebant,
2896 4491 2960 4531 ac
2987 4474 3155 4546 Spinis
3183 4474 3355 4544 ipsum
3392 4471 3766 4539 coronabant,

2177 4578 2339 4641 atque
2364 4568 2429 4623 ad
2472 4567 2638 4639 ipsius
2681 4566 2844 4638 pedes
2878 4566 3091 4623 ludibrii
3125 4579 3285 4621 causa
3315 4579 3375 4621 se
3401 4560 3722 4634 abjiciebant
3748 4606 3769 4631 ,

2177 4677 2279 4734 nec
2322 4661 2482 4717 ullum
2531 4660 2790 4718 irrisionis
2835 4673 3002 4733 genus
3044 4660 3097 4716 in
3135 4673 3201 4715 eo
3242 4656 3768 4729 praetermittebat?

2176 4753 2304 4825 quid
2336 4769 2457 4810 cum
2487 4754 2652 4825 alapis
2688 4754 2858 4823 ipsum
2885 4750 3201 4809 caedebant?
3229 4765 3351 4807 cum
3379 4759 3587 4807 acetum
3611 4760 3671 4806 et
3694 4749 3769 4806 fel

2175 4845 2466 4913 bibendum
2505 4845 2553 4901 ei
2583 4843 2817 4900 dabant?
2860 4858 2980 4898 cum
3017 4840 3277 4898 arundine
3301 4840 3472 4912 ipsius
3494 4848 3659 4911 caput
3686 4838 3766 4894 fe-

2178 4938 2424 5009 riebant?
2454 4953 2573 4993 cum
2602 4935 2922 5008 sanguinarii
2954 4934 3027 4989 illi
3050 4948 3211 4990 canes
3239 4947 3361 4989 eum
3386 4931 3491 4988 huc
3517 4940 3678 5002 atque
3701 4932 3768 4985 il-

2174 5031 2262 5087 luc
2285 5028 2599 5085 trahebant?
2623 5028 2748 5101 quid
2768 5043 2888 5083 cum
2910 5025 2976 5082 ad
2999 5035 3222 5081 mortem
3249 5025 3422 5086 nudus
3445 5024 3765 5091 ducebatur,

2172 5137 2466 5193 omnesque
2500 5121 2742 5191 discipuli
2782 5136 2904 5176 eum
2932 5119 3319 5183 deseruerant,
3344 5127 3507 5189 atque
3530 5133 3670 5173 unus
3694 5134 3765 5176 ex

2173 5213 2302 5288 ipsis
2327 5228 2446 5269 eum
2471 5213 2794 5282 prodiderat,
2819 5212 2954 5268 alter
2975 5221 3293 5282 negaverat;
3313 5210 3404 5267 alii
3428 5210 3603 5282 fugam
3626 5212 3764 5267 inie-

2171 5314 2329 5371 rant,
2359 5302 2502 5359 solus
2546 5302 2665 5374 ipse
2697 5304 2750 5359 in
2794 5303 2971 5359 media
3007 5303 3095 5358 illa
3138 5302 3291 5358 turba
3330 5302 3503 5359 nudus
3543 5301 3763 5363 stabat?

2172 5394 2358 5467 (festus
2377 5395 2572 5466 quippe
2590 5395 2705 5452 dies
2725 5405 2860 5462 erat,
2882 5410 3071 5451 omnes
3092 5404 3216 5465 tunc
3236 5396 3289 5453 in
3312 5410 3474 5451 unum
3493 5410 3692 5468 cogens
3714 5396 3761 5467 ;)

2170 5485 2318 5557 quid,
2346 5501 2465 5541 cum
2498 5496 2764 5557 tamquam
2791 5501 2991 5543 noeens
3019 5496 3074 5543 et
3099 5485 3430 5543 facinorosos
3456 5487 3596 5544 inter
3624 5485 3759 5542 faci-

2169 5592 2393 5635 norosos
2419 5579 2562 5634 cruci
2586 5578 2933 5651 affigebatur,
2963 5594 3029 5636 ac
3057 5588 3397 5651 posteaquam
3426 5594 3460 5636 e
3480 5594 3640 5636 cruce
3660 5578 3760 5636 de-

2170 5672 2363 5732 missus
2391 5680 2492 5742 est,
2516 5666 2718 5730 tamdiu
2742 5671 3047 5729 inhumatus
3063 5671 3255 5744 jacuit,
3277 5669 3469 5745 quoad,
3494 5672 3759 5741 ut‘scpul-
