4064 6218
401 156 510 216 683

398 277 563 336 λεςσα
589 278 858 355 ἐξορίσαι,
893 280 1112 356 ἐξορίσῃ
1149 298 1249 356 με’
1283 283 1396 340 Τοῦ
1424 287 1648 356 Κυρίου
1671 287 1714 358 ἡ
1752 286 1854 359 τῆ,
1887 285 1987 342 καὶ

399 373 470 429 τὸ
505 373 801 446 πλήρωμα
824 373 1039 446 αὐτῆς.
1066 375 1181 432 Kal
1207 379 1258 432 εί
1286 377 1536 449 βούλεται
1564 381 1781 452 πρῖσαι,
1816 379 1990 454 πρίσῃ

402 483 504 538 με·
535 465 629 520 τὸν
662 465 891 522 Ἡσαΐαν
939 466 1048 540 ἔχω
1104 468 1494 541 ὑπογραμμόν.
1536 468 1599 525 El
1638 469 1782 524 θέλει
1813 471 1894 534 είς
1928 469 1988 523 τὸ

401 558 640 628 πέλαγος
683 559 965 614 ἀκοντίσαι
1006 578 1096 632 με,
1127 561 1220 616 τὸν
1249 563 1434 618 Ἰωνᾶν
1475 564 1984 637 ὑπομιμνήσκομαι.

400 651 470 706 El
503 669 572 722 με
597 651 740 707 θέλει
770 655 850 716 εἰς
879 653 1109 726 κάμινον
1147 655 1427 727 ἐμϐαλεῖν,
1460 657 1586 720 τοὺς
1617 659 1768 728 τρεῖς
1794 657 1988 722 παῖδας

401 741 511 812 ἐχω
537 741 696 798 τοῦτο
738 744 1100 808 πεπονθότας.
1122 745 1191 799 El
1223 763 1291 818 με
1323 746 1467 800 θέλει
1501 749 1610 812 τοῖς
1652 747 1860 820 θηρίοις
1895 747 1990 818 βα-

399 836 536 902 λεῖν,
576 837 669 892 τὸν
720 838 922 910 Δανιὴλ
952 840 1010 893 ἐν
1045 838 1237 912 λάκκῳ
1268 843 1382 905 τοῖς
1425 840 1607 895 λέουσι
1659 841 1988 914 βεϐλημένον

403 930 918 1001 ὑπομιμνήσκομαι.
955 932 1018 986 Εί
1060 930 1206 986 θέλει
1242 949 1310 1004 με
1362 933 1604 995 λιθάσαι,
1649 933 1843 1006 λιθάσῃ
1882 951 1984 1005 με·

401 1022 495 1076 τὸν
535 1023 808 1092 Στέφανον
847 1023 956 1095 ἐχω
987 1023 1079 1080 τὸν
1118 1025 1585 1098 πρωτομάρτυρα.
1624 1026 1686 1079 Εἰ
1714 1025 1858 1080 θέλει
1889 1027 1988 1098 τὴν

403 1115 650 1187 κεφαλήν
676 1132 778 1186 μου
806 1115 1013 1180 λαϐεῖν,
1031 1114 1169 1188 λάϐῃ
1191 1134 1204 1147 ·
1239 1116 1348 1188 ἔχω
1383 1117 1637 1189 Ἰωάννην
1664 1118 1756 1171 τὸν
1783 1116 1988 1170 Βαπτι-

406 1207 560 1279 στήν.
579 1205 643 1260 El
671 1205 814 1260 θέλει
839 1206 908 1260 τὰ
937 1206 1253 1280 ὑπάρχοντά
1279 1227 1382 1278 μου
1408 1208 1614 1275 λαϐεῖν,
1648 1209 1789 1281 λάϐῃ
1814 1209 1954 1264 αὑτά
1970 1227 1984 1239 ·

404 1298 648 1370 Γυμνὸς
671 1298 936 1369 ἐξῆλθον
960 1299 1030 1355 ἐκ
1052 1302 1285 1368 κοιλίας
1307 1302 1568 1372 μητέρος
1593 1321 1733 1373 μου,
1762 1303 1990 1373 γυμνός

403 1390 505 1446 καί
561 1391 994 1462 ἀπελεύσομαι.
1039 1393 1194 1464 Ἐμοὶ
1237 1397 1498 1466 παραινεῖ
1553 1395 1584 1448 6
1627 1394 1946 1458 ’Λπόστολος
1971 1413 1985 1426 ·

405 1485 743 1552 Πρόσωπον
785 1482 1103 1553 ἀνθρώπου
1145 1488 1179 1540 ό
1233 1487 1380 1552 Θεὸς
1407 1487 1480 1541 οὺ
1519 1485 1842 1556 λαμϐάνειν
1874 1488 1989 1553 καὶ,

406 1579 478 1632 El
505 1575 617 1640 ἔτι,
647 1577 834 1648 φησὶν,
868 1576 1208 1646 ἀνθρώποις
1244 1576 1531 1646 ἤρεσκον,
1561 1578 1818 1647 Χριστοῦ
1853 1577 1993 1632 δοῦ-

402 1672 516 1738 λος
540 1671 654 1725 οὐκ
675 1669 753 1724 ἂν
782 1668 966 1740 ἤμην.
989 1670 1101 1724 Kal
1119 1673 1148 1724 6
1177 1668 1341 1724 Δαυῒδ
1362 1671 1678 1737 καθοπλίζει
1703 1688 1770 1742 με
1793 1671 1988 1740 λέγων,

421 1764 724 1820 Ἐλάλουν
757 1764 829 1819 ἐν
864 1764 992 1830 τοῖς
1025 1766 1376 1835 μαρτυρίοις
1418 1780 1536 1820 σου
1562 1765 1842 1820 ἐναντίον
1877 1766 1994 1830 ,βα-

408 1855 653 1922 σιλέων,
710 1857 810 1911 καὶ
859 1858 970 1912 οὐκ
1021 1857 1403 1927 ᾐσχυνόμην.
1456 1855 1634 1910 Πολλά
1682 1857 1802 1910 κατ’
1854 1853 1990 1924 ἐμοῦ

409 1951 813 2014 ἐσκευάσαντο,
861 1950 958 2004 καὶ
1008 1950 1298 2020 λέγουσιν,
1341 1950 1425 2003 ὅτι
1466 1951 1619 2014 τινὰς
1661 1948 1992 2020 ἐκοινώνησα

415 2042 553 2114 μετὰ
585 2042 646 2096 τὸ
677 2045 872 2113 φαγεῖν
920 2041 1137 2105 αύτούς.
1173 2043 1284 2097 Kal
1315 2044 1365 2096 εί
1401 2043 1498 2114 μὲν
1535 2041 1692 2096 τοῦτο
1737 2041 1990 2114 ἐποίησα,

412 2132 754 2206 ἐξαλειφθείη
785 2133 846 2186 τὸ
897 2132 1070 2205 ὄνομά
1105 2151 1209 2204 μου
1260 2135 1325 2188 ἐκ
1368 2134 1468 2203 τῆς
1506 2133 1690 2205 βίϐλου
1730 2133 1840 2186 τῶν
1871 2133 1994 2186 ἐπι⁹

411 2224 650 2293 σκόπων,
693 2223 788 2278 καὶ
821 2225 896 2296 μὴ
924 2223 1162 2296 γραφείη
1197 2225 1254 2278 ἐν
1287 2226 1354 2294 τῇ
1385 2224 1551 2294 βίϐλῳ
1581 2224 1680 2295 τῆς
1711 2221 1991 2294 ὀρθοδόξου

409 2317 671 2383 πίστεως,
712 2317 795 2371 ὅτι
841 2316 950 2370 ἰδοὺ
997 2314 1096 2370 ἐὰν
1126 2316 1416 2370 τοιοῦτονει
1455 2314 1568 2384 ἐγὼ
1627 2313 1857 2385 ἔπραξα,
1899 2315 1994 2368 xal

408 2409 675 2465 ἀποϐαλεῖ
699 2426 766 2481 με
796 2409 1031 2481 Χριστὸς
1059 2408 1125 2463 ἐκ
1171 2409 1271 2480 τῆς
1316 2408 1596 2480 βασιλείας
1627 2407 1815 2462 αὑτοῦ.
1839 2408 1902 2461 El
1937 2407 1995 2461 δέ

411 2503 560 2572 ἅπαξ
603 2503 699 2558 καὶ
726 2502 889 2558 τοῦτό
921 2519 1012 2574 μοι
1035 2502 1279 2571 λέγουσι,
1305 2503 1402 2556 καὶ
1441 2501 1826 2572 φιλονεικοῦσι,
1861 2499 1995 2555 καθ-

412 2600 683 2655 ελέτωσαν
737 2599 830 2653 καὶ
863 2598 956 2652 τὸν
998 2596 1210 2652 Παῦλον
1233 2637 1248 2661 ,
1299 2597 1358 2662 ὃς
1407 2597 1545 2669 μετά
1590 2597 1653 2651 τὸ
1711 2596 1994 2668 δειπνῆσαι

410 2691 705 2764 ὁλόκληρον
762 2691 856 2744 τὸν
903 2684 1053 2744 οἶκον
1101 2689 1364 2744 ἐϐάπτισε
1385 2706 1398 2721 ο
1459 2689 1840 2744 καθελέτωσαν
1899 2688 1997 2742 καὶ

411 2783 577 2839 αὑτὸν
607 2782 697 2837 τὸν
745 2782 971 2856 Κύριον,
1002 2780 1061 2844 ὃς
1097 2780 1236 2852 μετά
1279 2781 1343 2834 τὸ
1383 2780 1668 2850 δειπνῆσαι
1707 2782 1822 2844 τοῖς
1862 2781 1997 2834 ἀπο-

413 2873 622 2936 στόλοις
659 2871 757 2945 τὴν
807 2870 1091 2926 κοινωνίαν
1137 2870 1329 2924 ἐδωκε.
1385 2870 1682 2938 Λέγουσιν,
1721 2871 1804 2922 ὅτι
1858 2868 1997 2939 μετὰ

413 2963 670 3034 γυναικὸς
696 2962 1015 3034 ἐκοιμήθην.
1057 2960 1387 3014 Ἀποδύσατέ
1417 2977 1521 3030 μου
1536 2951 1608 3013 ’τὸ
1633 2958 1782 3032 [669]
1815 2959 1992 3030 σῶμα,

414 3057 511 3110 καὶ
556 3056 816 3128 εὑρήσετε
863 3057 963 3125 τὴν
1003 3053 1272 3125 νέκρωσιν
1310 3051 1420 3106 τῶν
1459 3052 1636 3123 μελῶν
1672 3070 1794 3124 μου.
1838 3051 1997 3105 ama;

411 3149 587 3203 ταῦτα
615 3149 795 3202 πάντα
822 3147 911 3202 διὰ
936 3147 1027 3202 τὸν
1061 3147 1255 3216 φθόνον
1277 3147 1558 3217 ἐποίησαν.
1593 3147 1754 3200 Ἀλλὰ
1780 3145 1999 3210 πάντως

412 3242 582 3312 λυπῇ,
619 3241 814 3310 ἀδελφέ
861 3238 1140 3311 Κυριακέ,
1181 3239 1262 3291 ὅτι
1297 3240 1492 3292 ἐκεῖνοι
1535 3238 1585 3291 οἱ
1635 3239 1786 3310 ἡμᾶς.
1821 3237 1998 3309 ἐξορί-

416 3348 608 3396 σαντες
649 3331 740 3384 ἐπὶ
766 3330 866 3401 τῆς
899 3330 1107 3401 ἀγορᾶς
1144 3329 1630 3402 παρρησιάζονται,
1667 3329 1760 3383 καὶ
1798 3329 1999 3401 πλῆθος

415 3424 704 3480 ἀκολουθεῖ
732 3423 1048 3495 δορυφόρων
1093 3421 1308 3490 αύτοῖς;
1344 3422 1506 3476 Ἀλλά
1554 3421 1718 3477 πάλιν
1745 3422 1996 3494 ὑπομνή-

418 3519 576 3590 σθητι
615 3519 709 3572 τὸν
754 3517 1007 3572 πλούσιον
1041 3519 1134 3570 καὶ
1178 3516 1270 3570 τὸν
1303 3501 1553 3589 Λάζαρον
1573 3560 1588 3582 ,
1619 3519 1769 3581 ποῖος
1802 3516 1899 3588 μὲν
1941 3517 1999 3570 ἐν

418 3611 493 3683 τῷ
520 3611 614 3666 ν’ύν
647 3610 802 3664 αίῶνι
826 3609 1038 3680 ἐθλίϐη,
1071 3611 1223 3673 ποῖος
1255 3609 1311 3663 δέ
1333 3609 1638 3680 ἀπήλαυσε.
1669 3610 1736 3663 Τί
1767 3609 1999 3680 ἔϐλαψεν

417 3704 582 3758 αὑτὸν
616 3705 650 3774 ή
678 3702 871 3769 πενία;
907 3703 1042 3774 Οὐχὶ
1065 3705 1091 3757 6
1129 3701 1366 3774 ἀθλητὴς
1401 3703 1496 3756 καὶ
1524 3702 1749 3776 νικητὴς
1771 3705 1851 3766 είς
1874 3697 2000 3767 τοὺς

417 3793 654 3856 κόλπους
687 3793 940 3864 ’Λϐραάμ
968 3793 1287 3865 ἀπηνέχθη;
1316 3795 1380 3847 Τί
1403 3794 1458 3847 δὲ
1475 3794 1756 3866 ὠφέλησεν
1793 3795 2000 3848 ἐκεῖνον

417 3887 446 3940 ὀ
475 3883 707 3948 πλοῦτος
728 3885 819 3938 τὸν
857 3887 914 3938 ἐν
935 3885 1196 3957 πορφύρᾳ
1218 3887 1310 3940 καὶ
1341 3885 1524 3956 βύσσῳ
1553 3887 1997 3958 άναπαυόμενον;

419 3976 529 4030 Ποῦ
559 3978 610 4032 οί
638 3974 958 4048 ραϐδοῦχοι;
992 3975 1094 4030 ποῦ
1130 3977 1180 4030 οί
1210 3976 1532 4048 δορυφόροι;
1569 3978 1671 4032 ποῦ
1715 3979 1764 4031 οἱ
1809 3997 2002 4051 χρυσο-

420 4070 631 4142 χάλινοι
657 4070 812 4123 ἵπποι
834 4087 848 4135 ;
870 4069 970 4123 ποῦ
995 4071 1045 4122 οἱ
1073 4070 1386 4141 παράσιτοι,
1417 4071 1566 4144 καὶή
1595 4070 1846 4143 βασιλικὴ
1871 4071 2003 4143 τράο

424 4163 596 4230 πεζα;
654 4163 789 4233 Οὐχὶ
836 4162 913 4226 ὡς
953 4161 1157 4235 λῃστής
1207 4161 1488 4232 δεδεμένος
1539 4163 1786 4232 ἀπήγετο
1823 4165 1881 4216 ἐν
1925 4161 2004 4233 τῷ

425 4256 695 4328 μνήματι,
716 4252 934 4324 γυμνὴν
959 4253 1058 4324 τὴν
1082 4251 1261 4325 ψυχὴν
1290 4254 1354 4306 ἐκ
1375 4251 1469 4306 τοῦ
1494 4252 1701 4324 κόσμου
1732 4252 2001 4324 ἐκφέρων,

424 4347 520 4399 καὶ
547 4343 740 4416 κράζει
770 4346 900 4415 κενῇ
925 4345 992 4414 τῇ
1035 4345 1207 4414 φωνῇ,
1245 4341 1434 4412 Πάτερ
1469 4343 1736 4413 Ἀϐραὰμ,
1763 4343 2006 4413 πέμψον

423 4435 712 4506 Λάζαρον,
740 4436 843 4490 ἵνα
880 4434 1075 4504 ,βρέξῃ
1104 4435 1172 4488 τὸ
1207 4433 1397 4504 ἄκρον
1427 4434 1534 4490 τοῦ
1563 4434 1868 4491 δακτύλου
1902 4438 2008 4492 αὐ-

427 4531 559 4596 τοῦ,
573 4529 671 4585 καὶ
694 4528 1018 4598 καταψύξῃ
1046 4528 1164 4596 τὴν
1189 4527 1462 4598 γλῶττάν
1471 4547 1612 4596 μου,
1633 4527 1782 4584 διότι
1798 4527 2008 4597 δεινῶς

422 4619 961 4691 ἀποτηγανίζομαω
992 4619 1060 4673 Τί
1091 4618 1306 4690 πατέρα
1332 4619 1516 4684 καλεῖς
1536 4619 1629 4674 τὸν
1654 4619 1922 4692 Ἀϐραὰμ,
1945 4613 2008 4674 οὗ

423 4712 517 4767 τὸν
548 4710 663 4782 βίον
692 4710 792 4764 ούκ
818 4709 1114 4780 ἐμιμήσω;
1149 4707 1388 4772 Ἐκεῖνος
1417 4709 1594 4764 πάντα
1618 4709 1908 4781 ἄνθρωπον
1928 4712 2008 4774 είς

423 4803 517 4858 τὸν
543 4797 693 4856 οἷκον
716 4799 882 4856 αὑτοῦ
913 4799 1167 4867 ἐξένιζεν,
1194 4799 1258 4854 σὺ
1286 4799 1342 4853 δὲ
1366 4799 1484 4864 ἐνὸς
1507 4800 1725 4871 πτωχοῦ
1755 4801 2010 4873 φροντίδα

425 4898 529 4952 οὐκ
561 4897 828 4967 ἐποιήσω.
859 4895 974 4948 Οὐκ
1006 4893 1124 4948 ἐστι
1158 4893 1429 4964 πενθῆσαι
1461 4895 1557 4948 καὶ
1583 4895 1839 4960 κλαῦσαι,
1867 4898 1948 4950 ὅτι
1983 4899 2012 4950 6

427 4987 682 5042 τοσοῦτον
715 4983 944 5038 πλοῦτον
986 4983 1125 5053 ἔχων
1145 5023 1160 5048 ,
1210 4983 1469 5050 σταγόνος
1503 4981 1694 5046 ὕδατος
1731 4983 1880 5050 ἄξιος
1912 4985 2012 5037 οὐκ

429 5078 666 5147 ἐγένετο.
703 5075 920 5146 Ἐπειδὴ
952 5074 1062 5147 γὰρ
1087 5073 1286 5145 ψιχίων
1306 5075 1366 5127 οὐ
1391 5073 1662 5145 μετέδωκε
1682 5075 1759 5146 τῷ
1790 5075 2010 5146 πτωχῷ,

432 5169 670 5234 σταγόνα
703 5167 893 5230 ὓδατος
925 5166 985 5220 ού
1017 5165 1307 5236 λαμϐάνει.
1331 5165 1421 5237 Τῷ
1446 5167 1677 5238 χειμῶνι
1699 5168 1799 5221 οὐκ
1824 5168 2009 5222 ἔσπει-

437 5279 526 5333 ρεν
555 5259 709 5324 ἔλεος
732 5277 746 5292 ·
776 5255 910 5332 ἦλθε
931 5259 992 5312 τδ
1015 5258 1194 5330 θέρος,
1220 5259 1316 5312 καὶ
1347 5259 1447 5312 οὐκ
1473 5259 1705 5330 ἐθέρισε.
1731 5261 1838 5314 Kal
1855 5260 2014 5315 τοῦτο

433 5349 528 5404 τοῦ
560 5350 834 5404 Δεσπότου
863 5349 1165 5420 οἰκονομία,
1193 5350 1278 5404 ὅτι
1307 5349 1365 5418 ἐξ
1394 5351 1642 5416 ἐναντίας
1670 5351 1892 5422 ἐποίησε
1917 5352 2014 5424 τὴν

441 5443 659 5497 κόλασιν
677 5444 790 5506 τοῖς
811 5441 1053 5505 ἀσεϐέσι,
1081 5443 1173 5495 καὶ
1195 5442 1294 5512 τὴν
1317 5442 1620 5500 ἀνάπαυσιν
1636 5446 1748 5508 τοῖς
1766 5445 2010 5507 δικαίοις,

515 5636 530 5659 ⁸
550 5636 660 5688 Duo
683 5652 798 5689 mss.
819 5639 892 5688 ὅτι
924 5639 1056 5689 οὖδὶν
1074 5634 1307 5692 τοιοῦτον,

1843 169 2236 235 ΕΡΙΞΤΟΕΕ.

3554 202 3665 260 684

2092 291 2179 384 ῖνα
2211 291 2486 364 βλέπωσιν
2509 299 2792 376 ἀλλήλους,
2811 306 2907 361 καὶ
2927 305 3194 380 ἀλλήλους
3211 311 3538 384 γνωρίζωσι.
3559 316 3671 371 Καὶ

2092 381 2204 455 γάρ
2235 384 2470 454 ἕκαστος
2499 391 2622 445 τότε
2671 394 2882 467 μάρτυς
2929 396 3021 450 τὸν
3076 397 3208 452 ῖδιον
3241 381 3504 473 τύραννον
3549 403 3671 460 ἐπι·-

2087 474 2379 544 γνώσεται,
2414 481 2509 535 xal
2546 483 2775 550 ἕκαστος
2804 485 3070 560 τύραννος
3094 489 3185 544 τὸν
3229 491 3361 546 ῐδιον
3393 493 3672 566 μάρτυρα,

2087 568 2147 622 ὃν
2177 571 2423 628 ἐκόλασε.
2464 575 2576 629 Kal
2615 579 2715 631 οὐκ
2745 579 2853 650 ἐμά
2897 582 2965 635 τά
3003 582 3256 654 ῥήματα·
3313 583 3550 640 ἄκουσον
3575 588 3675 658 τῆς

2089 662 2291 732 Σοφίας
2323 664 2618 740 λεγούσης·
2653 671 2790 725 Τότε
2813 673 2882 726 ἐν
2915 675 3118 743 πολλῇ
3170 678 3476 747 παρίηπσίᾳ
3526 678 3676 748 στήο

2089 769 2259 808 σεται
2288 759 2322 812 ό
2355 757 2587 827 δίκαιος
2629 764 2778 817 κατὰ
2811 766 3137 832 πρόσωπον
3179 767 3300 821 τῶν
3328 769 3677 838 θλιψιίντων

2089 850 2295 905 αὐτόν.
2324 852 2537 925 Ὥσπερ
2577 855 2683 926 γάρ
2729 857 3007 929 ὁδοιπόρος
3048 862 3106 914 ἐν
3151 863 3393 933 καύματι
3443 882 3676 936 περιπαο

2088 941 2219 1009 τῶν,
2239 941 2405 1014 ἡνίκα
2427 945 2562 1018 εὕρῃ
2593 947 2838 1020 καθαράν
2863 952 3045 1024 πηγὴν
3074 956 3139 1026 τῇ
3164 954 3292 1027 δίψῃ
3321 955 3676 1028 φλεγόμενος,

2089 1034 2187 1086 καὶ
2247 1034 2425 1107 πολλῷ
2477 1037 2556 1108 τῷ
2612 1038 2757 1111 λιμῷ
2808 1044 3163 1114 συνεχόμενος
3215 1047 3677 1120 παρακαθέζηται

2090 1125 2335 1197 τραπέζῃ
2369 1128 2570 1203 ἐχούσῃ
2605 1135 2832 1186 παντοῖα
2879 1134 2948 1187 τὰ
2995 1135 3265 1206 ἐδέσματα
3287 1178 3302 1202 ,
3339 1139 3491 1210 παρά
3531 1156 3674 1203 τινος

2089 1216 2147 1269 δὲ
2171 1217 2548 1293 δυνατωτέρου
2579 1222 2856 1297 κωλύηται
2881 1227 2954 1297 μὴ
2983 1227 3221 1297 ἅψασθαι
3245 1231 3342 1300 τῆς
3371 1230 3673 1301 τραπέζης,

2093 1309 2229 1379 μηδὲ
2259 1311 2565 1368 ἀπολαῦσαι
2592 1315 2701 1371 τῶν
2751 1317 3068 1388 ἐδεσμάτων
3089 1359 3104 1383 ,
3146 1320 3384 1395 σφοδρὰν
3429 1321 3544 1393 ἔχει
3577 1323 3676 1394 τὴν

2089 1402 2284 1475 ὀδύνην
2314 1407 2408 1460 καὶ
2433 1408 2533 1481 τὴν
2576 1410 2820 1478 κόλασιν,
2852 1411 2934 1468 ὃτι
2965 1416 3031 1484 τῇ
3074 1414 3325 1486 τραπέζῃ
3359 1415 3676 1487 παρακαθέ-

2093 1492 2265 1561 ζεται,
2294 1498 2390 1552 καὶ
2415 1499 2522 1553 τῶν
2554 1500 2861 1573 βρωμάτων
2886 1504 3194 1558 ἀπολαῦσαι
3219 1506 3278 1558 οὐ
3311 1505 3554 1568 δύναται,
3581 1509 3677 1562 καὶ

2092 1588 2121 1640 6
2149 1589 2215 1658 τῇ
2258 1591 2409 1661 πηγῇ
2445 1591 2986 1664 παρακαθεζόμενος,
3023 1594 3118 1648 τοῦ
3161 1595 3348 1660 ὕδατος
3373 1596 3678 1650 ἀπολαῦσαι

2090 1679 2152 1730 ού
2191 1678 2448 1734 δύναταιο
2485 1681 2658 1746 οὕτως
2706 1686 2764 1738 ὲν
2797 1687 2864 1756 τῇ
2898 1685 3083 1758 ἡμέρα
3120 1687 3222 1756 τῆς
3260 1688 3520 1760 κρίσεως,
3558 1688 3680 1758 βλέ-

2093 1787 2254 1824 πουσι
2276 1773 2402 1836 τοὺς
2427 1773 2616 1842 ἁγίους
2641 1774 3106 1846 εὐφραινομένους
3125 1779 3174 1830 οἱ
3205 1778 3444 1842 ἀσεϐεῖς,
3469 1779 3680 1849 καὶτῆς

2095 1862 2432 1936 βασιλικῆςι)
2463 1865 2747 1937 τραπέζης
2805 1865 3112 1921 ἀπολαῦσαι
3151 1869 3212 1921 ού
3246 1869 3522 1924 δύνανται.
3571 1871 3682 1925 Kal

2094 1954 2203 2027 γὰρ
2227 1955 2320 2010 τὸν
2360 1955 2532 2027 ’Λδάμ
2564 1957 2593 2008 6
2627 1957 2760 2020 Θεὸς
2793 1957 3021 2012 κολάσαι
3053 1957 3397 2030 βουλόμενος,
3425 1960 3681 2031 ἐποίησεν

2093 2047 2258 2100 αὐτὸν
2304 2045 2364 2111 ἐξ
2410 2047 2661 2112 ἐναντίας
2707 2048 2802 2103 τοῦ
2842 2051 3172 2123 παραδείσου
3209 2051 3541 2124 ἐργάζεσθαι
3581 2053 3680 2124 τὴν

2093 2135 2220 2205 γῆν,
2268 2134 2356 2191 ῖνα
2405 2135 2529 2190 καθ’
2583 2137 2822 2208 ἑκάστην
2866 2139 3079 2210 ἡμέραν
3110 2140 3205 2194 καὶ
3259 2139 3408 2212 ὥραν
3468 2139 3682 2210 βλέπων

2094 2224 2274 2277 ἐκεῖνο
2299 2225 2361 2278 τὸ
2391 2225 2630 2298 ποθητὸν
2661 2227 2882 2299 χωρίον,
2905 2228 3026 2282 ὅθεν
3046 2228 3293 2300 ἐξῆλθεν,
3319 2228 3414 2300 ἔχῃ
3449 2229 3680 2283 πάντοτε

2093 2316 2193 2390 τὴν
2223 2317 2418 2390 ὀδύνην
2458 2320 2516 2372 ἐν
2548 2322 2616 2391 τῇ
2651 2319 2819 2392 ψυχῇ.
2856 2321 2919 2374 EE
2963 2321 3021 2375 δέ
3051 2321 3144 2374 καὶ
3177 2317 3281 2374 ὧδε
3321 2321 3572 2392 ἀλλήλοις
3605 2303 3681 2392 μὴ

2096 2408 2468 2480 συντύχωμεν,
2517 2408 2633 2464 ἀλλ’
2665 2411 2780 2463 ἐκεῖ
2810 2410 2986 2474 οὐδεὶς
3030 2412 3059 2464 6
3101 2409 3326 2464 κωλύων
3373 2412 3521 2482 ἡμᾶς
3562 2410 3682 2463 τότε

2099 2499 2217 2570 μετ’
2242 2499 2488 2571 ἀλλήλων
2538 2499 2780 2570 διάγειν·
2819 2500 2972 2573 [670]
3005 2497 3099 2556 καὶ
3145 2501 3393 2573 ὀψόμεθα
3429 2502 3559 2564 τοὺς
3596 2499 3684 2565 ἐξ-

2094 2590 2386 2656 ορίσαντας
2412 2593 2579 2664 ήμᾶς,
2601 2591 2792 2665 ὥσπερ
2825 2596 2854 2647 6
2879 2593 3130 2664 Λάζαρος
3159 2592 3252 2646 τὸν
3284 2592 3559 2656 πλούσιον,
3584 2592 3681 2644 καὶ

2094 2682 2146 2734 οἱ
2183 2682 2462 2754 μάρτυρες
2490 2684 2616 2747 τοὺς
2657 2683 2975 2756 τυράννους.
3029 2685 3122 2753 Μὴ
3155 2679 3250 2737 οὖν
3290 2682 3511 2753 ἀθύμει,
3544 2680 3683 2735 ἀλλά

2099 2776 2407 2846 μνημόνευε
2453 2776 2549 2830 τοῦ
2594 2779 2876 2848 προφήτου
2919 2776 3207 2846 λέγοντος·
3251 2775 3684 2844 Μυκτηρισμὸν

2096 2866 2423 2934 ἀνθρώπιον
2443 2867 2530 2937 μὴ
2564 2867 2866 2936 φοϐεῖσθε,
2894 2867 2993 2922 καὶ
3025 2865 3106 2932 τῷ
3126 2865 3450 2936 φαυλισμῷ
3485 2863 3684 2918 αὐτῶν

2093 2961 2179 3031 μὴ
2220 2958 2483 3027 ἡττᾶσθε
2503 2974 2516 2990 ’
2549 2957 2753 3027 ὥσπερ
2788 2957 2899 3030 γὰρ
2933 2959 3098 3028 ἔριον
3135 2957 3257 3012 ὑπὸ
3287 2956 3498 3026 σητὸς,
3529 2955 3684 3010 οὕτω

2093 3052 2547 3121 βρωθήσονται,
2602 3051 2702 3104 καὶ
2741 3052 2823 3116 ὡς
2866 3049 3101 3121 ἱμάτιον
3132 3047 3679 3115 παλαιωθήσονται.

2098 3149 2449 3220 Κατανόησον
2482 3148 2540 3202 δὲ
2571 3147 2663 3203 τὸν
2703 3148 3015 3218 Δεσπότην,
3051 3147 3168 3211 πῶς
3212 3146 3374 3210 εὐθὺς
3421 3145 3529 3198 ἀπὸ
3575 3142 3685 3197 τῶν

2103 3246 2432 3318 σπαργάνων
2463 3243 2741 3312 ἐδιώκετο,
2777 3245 2872 3298 καὶ
2907 3245 2986 3308 εἰς
3019 3243 3290 3314 βάρϐαρον
3318 3242 3421 3313 γῆν
3453 3240 3685 3312 ἀπερρί-

2101 3362 2288 3409 πτετο,
2313 3344 2342 3396 ὁ
2372 3342 2462 3396 τὸν
2493 3338 2698 3413 κόσμον
2724 3342 2990 3411 κατέχων,
3021 3340 3192 3404 τύπος
3233 3341 3364 3411 ἡμῖν
3392 3339 3683 3408 γενόμενος

2099 3443 2195 3498 τοῦ
2222 3441 2297 3515 μὴ
2341 3443 2598 3496 ἐκκακεῖν
2631 3440 2690 3494 ἐν
2714 3443 2828 3503 τοῖς
2864 3441 3212 3511 πειρασμοῖς.
3258 3439 3594 3510 Ἀνάμνησαι
3623 3437 3685 3488 τὸ

2101 3541 2274 3604 πάθος
2302 3538 2394 3592 τοῦ
2429 3538 2703 3609 Σωτῆρος,
2729 3538 2859 3600 ὅσας
2883 3535 3071 3606 ’ύϐρεις
3095 3535 3161 3589 δι’
3193 3537 3340 3606 ἡμᾶς
3368 3536 3680 3604 ὑπέμεινεν.

2102 3639 2166 3692 Οἱ
2203 3637 2302 3708 μὲν
2339 3634 2446 3706 γὰρ
2477 3633 2639 3687 αὐτὸν
2666 3634 3010 3704 Σαμαρείτην
3046 3631 3293 3695 ἐκάλουν,
3333 3633 3382 3682 οἱ
3414 3629 3470 3683 δὲ
3497 3629 3688 3700 δαιμο-

2103 3737 2301 3791 νιῶντα
2337 3735 2431 3789 καὶ
2478 3735 2892 3804 γαστρίμαργον
2938 3731 3032 3784 καὶ
3067 3730 3539 3802 ψευδοπροφήτην.
3579 3727 3686 3784 Λέη

2103 3849 2260 3902 γουσι
2292 3831 2419 3900 γάρ’
2458 3829 2612 3884 Ἰδοὺ
2645 3830 2956 3896 ἅνθρωπος
2988 3827 3179 3896 φάγος
3211 3827 3307 3879 καί
3342 3827 3680 3893 οἰνοπότης,

2104 3930 2221 3994 καὶ,
2255 3930 2337 3982 ὃτι
2377 3928 2481 3981 Ἐν
2501 3925 2582 3991 τῷ
2604 3925 2850 3993 ἄρχοντι
2889 3922 3007 3976 τῶν
3047 3923 3373 3992 δαιμονίων
3402 3922 3684 3977 ἐκϐάλλει

2103 4027 2176 4082 τὰ
2214 4025 2511 4095 δαιμόνια.
2549 4022 2614 4074 Τί
2646 4022 2703 4073 δὲ
2737 4020 2826 4073 ὅτε
2881 4015 3014 4091 ἦγον
3049 4019 3209 4073 αὑτὸν
3236 4020 3559 4091 κρημνίσαι,
3592 4019 3688 4072 καὶ

2104 4126 2194 4180 ὅτε
2221 4124 2300 4186 είς
2333 4120 2394 4174 τὸ
2425 4119 2720 4191 πρόσωπον
2765 4117 2930 4171 αὑτοῦ
2959 4117 3252 4184 ἐνέπτυον;
3281 4117 3334 4171 τί
3373 4117 3430 4171 δὲ
3461 4118 3550 4170 ὅτε
3588 4115 3688 4187 τὴν

2105 4217 2353 4292 χλαμύδα
2381 4215 2531 4288 αύτῷ
2564 4215 2929 4288 περιετίθουν,
2970 4215 3065 4268 καὶ
3101 4215 3191 4268 ὅτε
3221 4214 3485 4276 ἀκάνθαις
3525 4213 3690 4268 αὐτὸν

2106 4317 2458 4387 ἐστεφάνουν,
2493 4315 2588 4368 καὶ
2613 4313 2982 4386 προσέπιπτον
3012 4313 3160 4384 αύτῷ
3183 4311 3564 4383 ἐμπαίζοντες,
3596 4314 3690 4364 καὶ

2107 4415 2217 4470 πᾶν
2249 4409 2389 4476 εἶδος
2419 4409 2616 4482 χλεύης
2648 4409 2798 4481 αὐτῷ
2836 4408 3138 4478 ἐπάγοντες
3157 4449 3173 4473 ,
3211 4407 3265 4460 τί
3306 4407 3362 4460 δέ
3386 4407 3476 4460 ὅτε
3513 4406 3691 4480 ῥαπί-

2111 4528 2293 4584 σματα
2319 4507 2470 4580 αὑτῷ
2499 4507 2699 4561 ἐδίδουν
2723 4522 2738 4572 ;
2764 4517 2786 4546 ο
2822 4507 2913 4560 ὅτε
2945 4504 3066 4571 ὅξος
3103 4505 3198 4559 καὶ
3217 4503 3315 4576 τήν
3337 4503 3498 4575 χολὴν
3527 4502 3690 4556 αὑτὸν

2109 4609 2393 4674 ἐπότιξον;
2423 4607 2514 4661 ὅτε
2562 4604 2642 4676 τῷ
2681 4603 2914 4676 καλάμῳ
2949 4601 3048 4675 τήν
3087 4601 3327 4674 κεφαλὴν
3371 4600 3536 4655 αὑτοῦ
3568 4600 3692 4654 ἐτυ-

2111 4725 2281 4774 πτον,
2324 4707 2420 4760 καὶ
2462 4706 2554 4759 ὅτε
2585 4703 2848 4774 περιῆγον
2885 4701 3046 4756 αὑτὸν
3085 4701 3134 4754 οἱ
3173 4699 3454 4772 αίμοϐόροι
3492 4699 3689 4752 ἐκεῖνοι

2110 4803 2306 4869 κύνες;
2360 4802 2411 4855 τί
2459 4802 2517 4856 δὲ
2561 4801 2654 4856 ὅτε
2689 4799 2782 4853 ἐπὶ
2824 4798 2888 4852 τὸ
2921 4797 3092 4862 πάθος
3131 4797 3297 4868 ήγετο
3327 4795 3552 4866 γυμνὸς,
3596 4796 3692 4850 καὶ

2112 4905 2320 4964 πάντες
2367 4897 2532 4952 αὑτὸν
2566 4894 2858 4950 κατέλιπον
2887 4895 2938 4947 οἱ
2972 4893 3232 4965 μαθηταὶ,
3269 4893 3363 4947 καὶ
3394 4895 3423 4947 6
3473 4889 3555 4957 εἷς
3593 4893 3692 4964 μέν

2113 4997 2279 5053 αὑτὸν
2313 4993 2643 5066 προέδωκεν,
2681 4987 2761 5056 εἷς
2788 4991 2844 5044 δέ
2867 4991 3160 5063 ἠρνήσατο,
3189 4991 3240 5044 οι
3275 4990 3332 5044 δέ
3357 4989 3507 5046 ἄλλοι
3533 4991 3694 5062 ἐδρα·

2114 5095 2409 5158 πέτευσαν,
2441 5093 2533 5145 καὶ
2581 5090 2742 5161 μόνος
2779 5090 3022 5161 εἱστήκει
3065 5089 3270 5161 γυμνὸς
3301 5090 3359 5143 ἐν
3400 5088 3550 5160 μέσῳ
3585 5089 3694 5141 τῶν

2114 5185 2285 5256 ὄχλων
2320 5182 2580 5247 ἐκείνων;
2617 5179 2780 5253 ἐορτὴ
2809 5181 2918 5252 γὰρ
2955 5176 3076 5252 ἦνή
3104 5181 3349 5244 ἅπαντας
3383 5180 3695 5248 συνάγουσα

2116 5284 2268 5338 τότε’
2300 5282 2396 5334 καὶ
2423 5281 2511 5334 ὅτε
2545 5278 2620 5344 ὡς
2651 5279 2886 5352 πονηρὸν
2911 5281 2969 5334 ἐν
3005 5280 3156 5352 μέσῳ
3184 5279 3508 5354 κακούργων
3529 5280 3694 5336 αὐτὸν

2117 5379 2495 5451 ἐσταύρωσαν,
2521 5377 2617 5432 καὶ
2633 5379 2836 5448 ἄταφος
2862 5378 3160 5449 ἐκρέματο,
3179 5383 3274 5433 καὶ
3289 5377 3411 5431 οὔτε
3431 5379 3696 5447 κατήνεγ-

2184 5585 2211 5650 lg
2233 5576 2432 5650 goisiip.
2459 5581 2686 5650 βλέπουσι
2711 5578 3118 5650 μένσοξςιάγίσυς
3139 5579 3331 5650 εύφρττ.
3355 5583 3438 5634 τῆς

2191 5647 2210 5672 ⁸
2234 5642 2348 5692 Hanc
2372 5645 2422 5689 in
2459 5635 2581 5705 Reg.
2601 5653 2701 5691 uno
2712 5635 2776 5692 ἐι
2797 5639 2845 5691 in
2864 5635 3063 5693 Colslin.
3088 5635 3362 5702 pel-misum
3385 5638 3539 5701 [ιοιίιι
3560 5635 3691 5686 sunt.
