4064 6218
413 236 522 293 685

412 369 519 407 καν
572 354 736 409 αὑτὸν
773 357 881 411 ἀπὸ
925 356 1018 411 τοῦ
1057 358 1313 430 σταυροῦ,
1348 359 1453 421 ἕως
1480 350 1541 411 οῦ
1586 375 1669 421 τις
1696 357 1856 411 αὑτὸν
1888 357 1972 423 ἐξ-

411 446 781 517 ῃτήσατο,’ίνα
823 449 984 502 αὑτὸν
1027 448 1206 521 θάψῃς
1233 448 1514 519 Μνήσθητι
1541 449 1622 501 ὅτι
1671 448 1847 517 ταφῆς
1881 448 1981 501 οὑκ

412 535 645 604 ἠξιώθη,
681 538 776 590 καὶ
812 539 893 591 ὅτι
924 538 1091 606 ψόγον
1143 539 1381 609 πονηρὸν
1412 540 1532 592 κατ’
1574 536 1741 591 αὑτοῦ
1769 539 1983 606 ἀπεφὴ-

410 646 592 692 ναεοτο,
624 630 716 681 καὶ
742 630 823 680 ὅτι
859 629 908 680 οί
940 628 1182 698 μαθηταὶ
1216 629 1380 682 αὑτοῦ
1414 628 1646 698 ἔκλεψαν
1674 628 1858 691 αὑτὸν,
1889 628 1983 681 καὶ

410 721 510 772 οὑκ
553 720 772 789 ἀνέστη.
817 719 1223 791 Ὑπομνήσθητι
1252 721 1309 773 δέ
1351 722 1598 783 καὶτοὺς
1629 721 1981 783 ἀποστόλους,

410 814 489 864 ὅτι
516 811 847 881 πανταχόθεν
865 811 1166 878 ἐδιώκοντο,
1185 813 1280 866 καὶ
1299 813 1756 884 κατεκρύπτοντο,
1779 813 1839 864 ἐν
1864 813 1983 873 ταῖς

410 904 596 956 πῦλεσι
634 906 739 974 μὴν
772 904 1060 974 δυνάμενοι
1100 904 1366 973 φανῆναιο
1403 905 1520 968 πῶς
1544 907 1573 958 ό
1599 904 1803 976 Πέτρος
1830 903 1985 973 παρὰ

408 995 611 1063 Σίμωνι
633 993 710 1064 τῷ
750 994 939 1066 βυρσεῖ
963 994 1393 1067 κατεκρύπτετο,
1424 997 1518 1049 καὶ
1542 998 1570 1049 ό
1601 995 1809 1058 Παῦλος
1833 994 1982 1065 παρὰ

406 1089 472 1154 τῇ
512 1085 953 1159 πορφυροπώλιδι
984 1088 1223 1154 γυναικὶ,
1250 1089 1331 1140 ὅτι
1370 1088 1469 1140 οὐκ
1514 1083 1658 1157 εἶχον
1684 1085 1835 1158 παρά
1871 1089 1983 1149 τοῖς

407 1177 683 1240 πλουσίοις
728 1179 1063 1249 παρρησίαν.
1120 1179 1257 1231 Ἀλλ’
1308 1178 1534 1251 ὕστερον
1580 1179 1758 1232 πάντα
1804 1177 1985 1249 ὁμαλά

408 1269 627 1336 ἐγένετο
657 1270 862 1332 αὑτοῖς.
889 1270 1044 1323 υῦτω
1067 1272 1162 1325 καὶ
1190 1271 1284 1325 νῦν
1308 1272 1382 1343 μὴ
1403 1272 1713 1343 ἀθυμήσῃς.
1736 1273 1983 1325 Ἤκουσα

408 1359 515 1428 γὰρ
541 1358 697 1427 κάγὼ
730 1360 858 1430 περ)¹
882 1359 974 1411 τοῦ
1005 1359 1172 1431 λήρου
1208 1361 1419 1414 ἐκείνου
1451 1362 1543 1416 τοῦ
1582 1362 1896 1432 Ἀρσακίου,
1924 1362 1983 1418 ὃν

408 1447 661 1501 ἐκάθισεν
696 1451 728 1518 ή
762 1448 1047 1518 βασίλισσα
1094 1453 1151 1503 ἐν
1183 1451 1259 1521 τῷ
1292 1450 1487 1522 θρόνῳ,
1526 1452 1611 1505 ὅτι
1645 1451 1826 1521 έθλιψε
1859 1451 1985 1514 τοὺς

286 1572 291 1577 π
407 1540 669 1607 ἀδελφοὺς
696 1542 850 1604 ὅλους
881 1542 954 1613 μή
976 1541 1224 1607 θέλοντας
1245 1561 1267 1589 a
1292 1542 1440 1614 αὑτῷ
1468 1543 1822 1609 κοινωνῆσαι·
1853 1543 1983 1596 πολ-

413 1629 499 1682 λοὶ
529 1631 584 1683 δὲ
615 1632 795 1685 αὑτῶν
825 1632 890 1686 δι’
923 1634 1023 1704 ἐμὲ
1055 1634 1151 1688 καὶ
1183 1636 1241 1688 ἐν
1274 1637 1339 1706 τῇ
1378 1636 1594 1705 φυλακῇ
1629 1634 1981 1689 ἐναπέθανον.

422 1721 480 1773 'U
509 1721 616 1794 γὰρ
646 1722 1101 1795 προϐατόσχημος
1138 1727 1345 1788 ἐκεῖνος
1389 1723 1570 1789 λύκος,
1602 1725 1631 1775 ό
1666 1727 1850 1795 σχῆμα
1887 1724 1984 1793 μὲν

408 1815 547 1884 ἔχων
576 1815 895 1881 ἐπισκόπου,
927 1817 1112 1886 μοιχὸς
1138 1816 1194 1869 δὲ
1221 1816 1480 1887 ὑπάρχων
1503 1833 1516 1845 ·
1548 1815 1625 1880 ὡς
1656 1814 1763 1886 γὰρ
1793 1814 1985 1885 ήγυνὴ

410 1908 657 1980 μοιχαλὶς
679 1927 782 1980 χρη
792 1908 1072 1980 ματίζει,ή
1107 1908 1305 1974 ζῶντος
1326 1907 1422 1962 τοῦ
1447 1908 1637 1979 ἀνδρὸς
1668 1908 1840 1978 ἐτέρῳ
1864 1924 1989 1960 συν-

408 2000 676 2069 αφθεῖσα·
706 1999 848 2054 οῦτω
880 2000 974 2054 καὶ
1012 1995 1167 2064 οὗτος
1216 2001 1400 2072 μοιχός
1450 2002 1617 2059 ἐστιν,
1653 2001 1714 2052 οὑ
1764 1998 1982 2070 σαρκὸς,

407 2092 543 2145 ἀλλὰ
569 2091 907 2164 πνεύματοςο
940 2091 1140 2156 ζῶντος
1182 2093 1290 2163 γὰρ
1326 2090 1459 2162 ἐμοῦ
1494 2092 1712 2162 ἧρπασέ
1758 2108 1858 2162 μου
1895 2091 1987 2145 τὸν

408 2182 597 2256 θρόνον
628 2185 725 2255 τῆς
756 2183 1104 2254 Ἐκκλησίας.
1127 2184 1238 2238 Καὶ
1263 2183 1436 2237 ταῦτά
1461 2201 1544 2238 σοι
1571 2182 1855 2237 ἐπέστειλα
1878 2182 1987 2236 ἀπὸ

407 2275 724 2328 Κουκουσοῦ
748 2274 797 2341 ι’,
833 2277 968 2330 ὅπου
1000 2276 1287 2329 ἐκέλευσεν
1330 2277 1477 2347 ἡμᾶς
1520 2278 1553 2347 ή
1589 2276 1874 2346 βασίλισσα
1901 2275 1989 2342 ἐξ·

407 2369 712 2441 ορισθῆναι.
737 2369 931 2423 Πολλαὶ
959 2369 1015 2423 δέ
1030 2368 1403 2441 [671]θλίψεις
1418 2370 1557 2423 κατά
1581 2370 1679 2440 τὴν
1708 2369 1827 2422 όδὸν
1845 2369 1989 2422 συνέ-

410 2458 582 2530 ϐησαν
613 2460 764 2530 ἡμῖν,
784 2460 898 2515 ἀλλ’
921 2460 1134 2524 οὐδενὸς
1165 2461 1579 2531 ἐφροντίσαμεν.
1603 2462 1730 2513 "Ure
1755 2460 1810 2513 δέ
1828 2458 1987 2530 ἦλθο-

326 2580 347 2601 ι
412 2570 513 2623 μεν
536 2552 672 2624 πρὸς
693 2552 791 2625 τὴν
814 2552 998 2625 χώραν
1019 2552 1126 2606 τῶν
1143 2552 1547 2619 Καππαδόκων,
1566 2553 1659 2605 καὶ
1684 2554 1741 2605 ἐν
1769 2555 1837 2623 τῇ
1852 2552 1989 2605 Ταυ-

413 2644 703 2717 ροκιλικίᾳ,
742 2628 926 2701 πολλοὶ
954 2647 1250 2719 χοροὶήμῖν
1279 2646 1533 2716 ὑπήντων
1550 2644 1802 2715 πατέρων
1817 2643 1988 2711 ἁγίων

409 2738 641 2812 ἀνδρῶν,
654 2740 716 2793 οὑ
735 2739 842 2811 μὴν
854 2739 991 2796 ἀλλά
1006 2739 1100 2793 καὶ
1116 2738 1296 2809 πλήθη
1312 2737 1561 2810 μοναχῶν
1578 2736 1673 2792 καὶ
1688 2736 1985 2809 παρθένων,

409 2832 509 2897 τὰς
546 2833 867 2897 ἀθανάτουςο
889 2834 1072 2904 πηγὰς
1100 2833 1210 2888 τῶν
1238 2832 1491 2905 δακρύων
1533 2831 1836 2902 ἐκχέοντες.
1879 2832 1991 2885 Καὶ

409 2923 625 2978 ἔκλαιον
643 2923 971 2997 θεωροῦντες
996 2927 1143 2996 ἡμᾶς
1169 2928 1227 2980 ἐν
1258 2928 1324 2997 τῇ
1346 2924 1531 2997 ἐξορίᾳ
1553 2924 1983 2996 ἀπερχομένους,

412 3016 507 3070 καὶ
538 3015 724 3084 ἔλεγον
754 3017 889 3087 πρὸς
917 3018 1167 3081 ἑαυτοὺς,
1190 3017 1494 3088 Συνέφερεν
1518 3016 1605 3069 ἵνα
1634 3016 1664 3069 ό
1692 3016 1841 3086 ἥλιος
1875 3032 1991 3070 συν·

412 3107 618 3161 έστειλε
645 3106 743 3170 τὰς
777 3108 1001 3172 ἀκτῖνας
1042 3108 1227 3176 αὑτοῦ,
1264 3108 1297 3179 ἤ
1325 3109 1412 3161 ἵνα
1440 3108 1502 3162 τὸ
1541 3108 1717 3177 στόμα
1742 3107 1989 3161 Ἰωάννου

415 3200 718 3272 ἐσιώπησε.
759 3200 947 3255 Ταῦτά
978 3218 1045 3271 με
1075 3199 1377 3273 ἐθορύβησε
1408 3200 1502 3253 καὶ
1542 3199 1778 3269 ἑθλιψεν,
1802 3197 1989 3268 ἐπειδὴ

413 3295 638 3349 ἔϐλεπον
689 3295 897 3359 πάντας
945 3293 1232 3357 κλαίοντας
1288 3293 1415 3365 περὶ
1465 3291 1622 3364 ἐμοῦ.
1686 3292 1839 3346 Ἐπεὶ
1881 3291 1991 3345 τῶν

412 3370 585 3442 ἄλλων
607 3387 842 3448 πάντων,
864 3387 963 3440 ὅσα
987 3387 1181 3458 συνέϐη
1210 3404 1319 3457 μοι,
1345 3386 1598 3458 φροντίδα
1617 3386 1716 3439 οὑκ
1737 3384 1986 3456 ἐποίησα.

414 3479 565 3534 Πάνυ
594 3479 652 3532 δὲ
684 3481 834 3549 ἡμᾶς
876 3478 1199 3545 ἐδεξιώσατο
1240 3480 1268 3531 ό
1306 3460 1605 3540 ἐπίσκοπος
1650 3477 1750 3547 τῆς
1783 3476 1990 3539 πόλεως

412 3568 642 3640 ταύτης,
674 3570 767 3623 καὶ
796 3570 997 3641 πολλὴν
1024 3569 1243 3640 ἀγάπην
1271 3568 1468 3636 ἔδειξεν
1499 3570 1577 3631 είς
1616 3564 1796 3637 ἡμᾶς’*
1826 3565 1988 3634 ὥστε,

415 3665 463 3716 εί
494 3662 741 3726 δυνατὸν,
771 3663 865 3715 καὶ
896 3662 986 3715 τὸν
1013 3662 1202 3733 θρόνον
1224 3660 1387 3714 αὑτοῦ
1418 3658 1813 3731 παρεχώρησεν
1837 3659 1987 3729 ἡμῖν,

414 3756 463 3807 εἰ
500 3754 574 3826 μὴ
607 3754 697 3807 τὸν
726 3755 852 3824 ὅρον
900 3752 1295 3823 ἐφυλάττομεν.
1336 3750 1541 3821 Δέομαι
1579 3744 1671 3802 οῦν
1720 3749 1815 3801 καὶ
1846 3749 1993 3801 ἀντι-

416 3844 577 3909 ϐολῶ,
608 3845 699 3898 καὶ
726 3843 835 3897 τῶν
860 3843 1100 3913 γονάτων
1129 3843 1370 3911 ἅπτομαι
1402 3840 1510 3893 τῶν
1539 3839 1669 3905 σῶν,
1690 3836 1991 3910 ἀπόρριψον

414 3937 477 3991 τὸ
517 3937 711 4002 πένθος
736 3938 835 4007 τῆς
854 3937 1095 4008 ἀθυμίας
1125 3952 1242 4000 σου,
1272 3934 1415 4006 ὑπὲρ
1443 3933 1601 4004 ήμῶν
1630 3930 1820 4004 μνείαν
1853 3930 1991 4001 ἔχων

417 4027 553 4100 πρὸς
589 4027 682 4081 τὸν
716 4027 980 4093 Θεὸν,καὶ
1002 4025 1335 4098 ἀντιγράψαι
1364 4027 1495 4097 ήμῖν
1513 4021 1916 4096 παρακλήθητι.

727 4227 917 4292 PKQ".
964 4223 1260 4292 Ῥουφίνῳ
1284 4222 1683 4291 πρεσϐυτέρῳ.

484 4403 690 4461 Ἦλθεν
722 4405 801 4467 είς
834 4405 1002 4475 ἡμᾶς,
1035 4403 1117 4455 ὅτι
1152 4401 1311 4456 πάλιν
1342 4400 1557 4471 ἀνήφθη
1587 4398 1657 4452 τά
1688 4400 1747 4453 ἐν
1770 4398 1991 4471 Φοινίκῃ

414 4496 583 4559 κακὰ,
602 4495 697 4547 καὶ
727 4496 761 4563 ἡ
784 4493 891 4546 τῶν
924 4490 1194 4561 Ἐλλήνων
1228 4490 1441 4562 ηὐξήθη
1475 4488 1661 4559 μανία,
1687 4488 1781 4542 καὶ
1808 4488 1991 4541 πολλοὶ

411 4587 520 4639 τῶν
559 4586 807 4657 μοναχῶν
831 4586 879 4637 οί
912 4583 1010 4654 μέν
1044 4582 1384 4655 ἐπλήγησαν,
1415 4584 1464 4633 οἱ
1490 4581 1547 4634 δέ
1571 4581 1667 4634 καὶ
1698 4580 1988 4635 ἀπέθανον.

412 4678 513 4732 Διά
539 4679 698 4733 τοῦτό
729 4695 788 4731 σε
815 4676 1077 4749 μειζόνως
1107 4676 1315 4744 ἐπείγω
1347 4674 1484 4745 μετά
1510 4673 1755 4738 πλείονος
1781 4673 1873 4726 τοῦ
1901 4675 1992 4727 τά-

414 4787 543 4841 χους
575 4769 814 4840 ἅψασθαι
847 4770 945 4840 τῆς
980 4766 1124 4829 ὁδοῦ,
1152 4766 1248 4821 καὶ
1278 4766 1466 4837 στῆναι
1496 4764 1588 4817 ἐπὶ
1617 4766 1713 4836 τῆς
1745 4764 1990 4835 παρατά-

417 4862 570 4927 ξεως.
618 4861 692 4917 Εὖ
725 4863 834 4933 γάρ
871 4858 1010 4929 οἶδα,
1034 4863 1116 4916 ὃτι
1167 4860 1353 4929 φανεὶς
1387 4859 1546 4931 μόνον
1575 4857 1834 4930 τροπώσῃ
1864 4859 1991 4922 τοὺς

416 4954 791 5023 ὑπεναντίους,
826 4956 921 5010 καὶ
948 4954 1105 5026 εὑχῇ,
1132 4954 1227 5009 καὶ
1255 4952 1551 5023 ἐπιεικείᾳ,
1585 4952 1680 5005 καὶ
1704 4952 1986 5023 καρτερία,

418 5046 513 5098 καὶ
534 5047 600 5115 τῇ
638 5045 858 5117 συνήθει
884 5047 1224 5117 κεχρημένος
1257 5046 1505 5117 ἀνδρείαο
1539 5045 1632 5098 καὶ
1664 5043 1988 5109 καταλύσεις

417 5136 596 5189 αὑτῶν
619 5136 717 5208 τήν
752 5136 968 5207 μανίαν,
992 5138 1227 5202 καὶτοὺς
1255 5138 1374 5208 μεθ’
1402 5137 1557 5207 ήμῶν
1578 5137 1737 5201 ὄντας
1757 5136 1991 5207 ἀνακτή-

480 5376 506 5404 ⁸
531 5374 655 5422 Tres
690 5388 804 5424 mss.
836 5378 945 5433 τοὺς
982 5379 1210 5443 ἀδελφοὺς
1244 5378 1323 5427 καί
1360 5381 1442 5434 τὰς
1473 5380 1726 5441 παρθένους
1758 5380 1820 5440 μή
1854 5378 1990 5434 θεληφ

340 5457 359 5466 κ
414 5436 585 5491 aio-1;.

488 5496 657 5545 l‘Edit.
679 5498 773 5545 ἀπὸ
800 5497 1075 5549 Κονκουσοῦ
1097 5507 1179 5559 τῆς
1202 5501 1429 5558 Κιλικίας.
1458 5500 1586 5550 Edit.
1613 5500 1878 5556 Ξεινὶιηάπὸ
1898 5501 1993 5548 τῶν

418 5561 727 5607 Κουκουσῶν.
775 5560 828 5606 In
869 5560 1058 5607 duobus
1104 5576 1217 5611 mss.
1264 5570 1346 5619 τῆς
1389 5562 1604 5617 Κιλικίας
1651 5563 1811 5610 deest.
1865 5560 1992 5610 Infra

416 5623 613 5729 Coisﬁg.
637 5624 733 5693 τῶν
776 5621 1127 5679 Καππαδόκων,
1175 5625 1252 5671 καὶ
1279 5625 1324 5671 ἐν
1349 5627 1416 5686 τῷ
1457 5623 1627 5687 Ταύρῳ
1652 5629 1734 5682 τῆς
1775 5623 1992 5678 Κιλικίας

425 5699 550 5729 καίοι
592 5701 695 5729 μιν.

418 5699 550 5750 κριοί
571 5699 695 5743 ww.

1102 236 1159 292 S.
1190 237 1476 294 JOANNIS
1510 231 2006 291 CIIRYSOSTOMI
2044 231 2366 293 ARCIHEP.
2397 237 2941 300 CONSTANTINOP.

3554 244 3659 303 636

2088 376 2177 429 σῃ,
2204 358 2297 410 καὶ
2335 358 2504 411 πολλά
2536 360 2746 431 ἐργάσῃ
2774 358 2843 410 τὰ
2882 356 3083 426 ἀγαθά.
3127 357 3221 427 Μὴ
3264 358 3441 414 τοίνυν
3472 360 3655 432 μέλλε.

2086 449 2223 519 μηδὲ
2250 448 2571 511 ἀναϐάλλου,
2603 449 2739 502 ἀλλά
2763 449 2965 502 πλείονι
2992 448 3232 520 κέχρησο
3255 451 3333 520 τῷ
3361 451 3536 523 τάχει,
3564 454 3660 507 καὶ⁵

2084 530 2258 602 ταῦτα
2280 548 2347 601 τά
2371 546 2788 617 ἀπαγγελθέντα
2808 548 3214 620 προθυμότερόν
3237 566 3296 602 σε
3316 549 3656 621 ἐργαζέσθω.

2084 647 2221 702 Ούδέ
2251 648 2361 720 γάρ
2390 649 2440 700 εί
2471 648 2649 703 οίκίαν
2683 643 2820 713 εἶδες
2862 647 3266 719 ἀναπτομένην,
3306 647 3660 720 ἀνεχώρησας

2086 747 2173 812 ἂν,
2195 746 2334 801 ἀλλά
2355 747 2476 800 τότε
2503 748 2599 800 καὶ
2635 746 2894 819 μειζόνως
2921 746 3138 812 ἐπέθου,
3165 747 3305 801 ὥστε
3333 749 3427 802 καὶ
3457 766 3661 821 προκα-

2083 845 2339 899 ταλαϐεῖν
2373 845 2475 917 τὴν
2505 846 2698 916 φλόγα,
2740 848 2835 901 καὶ⁵
2864 847 2954 900 διὰ
2988 845 3210 914 σαυτοῦ,
3241 849 3334 901 καὶ
3366 848 3432 900 δι’
3457 849 3661 918 ἐτέρων

2086 945 2266 1000 πάντα
2305 945 2372 999 ἀν
2400 945 2665 1017 ἐποίησας
2704 947 2843 1019 ὑπὲρ
2879 946 2975 1000 τοῦ
3016 947 3208 1002 σϐέσαι
3243 947 3303 1001 τὸ
3329 948 3518 1003 κακόν.
3548 949 3662 1001 Καὶ

2084 1045 2179 1099 νῦν
2196 1045 2375 1099 τοίνυν
2399 1047 2588 1119 ἐπειδὴ
2611 1046 2835 1118 τοιαύτη
2864 1047 3080 1119 ἀνήφθη
3110 1046 3281 1118 πυρά,
3301 1046 3567 1119 ἀμελλητὶ
3591 1047 3661 1100 τὰ

2085 1142 2269 1197 αὐτόθι
2311 1143 2636 1199 καταλαϐεῖν
2682 1146 3005 1211 σπούδασον,
3034 1149 3132 1201 καλ⁵
3171 1145 3387 1210 πάντως
3424 1146 3576 1200 ἐσται
3605 1163 3663 1199 τι

2086 1243 2344 1315 χρηστὸν,
2385 1246 2482 1299 καὶ
2517 1245 2687 1317 πολλή
2718 1246 2924 1301 τούτων
2959 1247 3263 1319 διόρθωσις.
3298 1246 3372 1300 Τὸ
3417 1247 3515 1318 μέν
3550 1246 3665 1318 γάρ

2086 1347 2145 1398 ἐν
2185 1345 2388 1417 ήσυχίᾳ
2436 1348 2531 1400 καὶ
2577 1347 2820 1421 γαλήνῃ,
2865 1348 2960 1401 καὶ
3001 1348 3228 1419 μηδενὸς
3275 1347 3661 1418 πολεμοῦντος,

2087 1450 2348 1519 κατηχείν
2371 1464 2524 1511 τινας
2557 1447 2787 1503 καὶτῶν
2819 1449 3089 1519 τυχόντων
3117 1449 3298 1503 ἐστίν⁹
3331 1448 3393 1501 τὸ
3429 1446 3486 1500 δὲ
3517 1445 3666 1501 οὑτω

2084 1548 2181 1600 τοῦ
2206 1546 2454 1601 διαϐόλου
2501 1547 2851 1621 μαινομένου,
2883 1548 2979 1602 καὶ
3000 1546 3110 1601 τῶν
3142 1547 3411 1618 δαιμόνων
3450 1545 3668 1609 ὁπλιζο-

2091 1647 2293 1718 μένων,
2330 1648 2522 1720 στῆναι
2570 1649 2854 1717 γενναίως,
2900 1647 2995 1702 καὶ
3032 1638 3339 1719 ἐξαρπάσαι
3375 1648 3503 1708 τοὺς
3544 1648 3666 1717 μετ’

2087 1745 2298 1801 ἐκείνου
2316 1746 2687 1818 τεταγμένους
2715 1745 2826 1799 τῶν
2846 1744 3170 1817 ἀνθρώπων,
3196 1745 3288 1798 καὶ
3325 1746 3449 1807 τοὺς
3471 1741 3666 1806 ἀλλους

2089 1844 2330 1898 κωλῦσαι
2358 1845 2438 1909 είς
2456 1844 2553 1909 τάς
2590 1844 2801 1899 ἐκείνου
2834 1847 3023 1917 χεῖρας
3067 1845 3349 1916 ἐμπεσεῖν,
3376 1841 3534 1895 τοῦτο
3569 1841 3668 1894 ἀν-

2088 1944 2212 2015 δρὸς
2235 1945 2505 2013 γενναίου,
2535 1945 2694 1998 τοῦτο
2721 1944 2997 2015 νηφούσης
3023 1942 3223 2013 ψυχῆς,
3256 1939 3416 1994 τοῦτο
3438 1939 3539 2009 τῆς
3563 1939 3666 2010 σῆς

2088 2043 2330 2109 διανοίας
2356 2046 2454 2116 τῆς
2494 2044 2727 2115 ὑψηλῆς,
2753 2044 2846 2098 καὶ
2887 2043 3337 2114 διεγηγερμένης,
3364 2038 3523 2093 τοῦτο
3560 2056 3667 2109 μυ-

2091 2140 2221 2214 ρίων
2258 2143 2535 2213 στεφάνων
2565 2144 2734 2209 ἀξιον,
2755 2143 2913 2197 τοῦτο
2940 2142 3209 2213 βραϐείων
3237 2141 3479 2209 ἀφάτων,
3505 2137 3668 2191 τοῦτο

2090 2240 2448 2296 ἀποστολικὸν
2474 2242 2825 2315 κατόρθωμα.
2864 2243 3151 2314 Ἐννοήσας
3169 2242 3349 2295 τοίνυν
3378 2240 3510 2293 ὅτιὸ
3540 2253 3669 2290 και-

2091 2341 2185 2413 ρὸς
2210 2336 2363 2407 οὗτος
2401 2344 2804 2416 εὑδοκιμήσεώς
2836 2362 2918 2399 σοι
2955 2344 3146 2416 καιρός
3175 2344 3313 2409 ἐστι,
3343 2342 3438 2396 καὶ
3466 2339 3671 2411 μυρία-ξ

2088 2444 2381 2514 ἐμπορίας,
2409 2446 2503 2499 καὶ
2524 2445 2910 2517 πραγματείας
2932 2445 3209 2509 ὑπόθεσις,
3236 2440 3387 2516 [672]
3416 2441 3671 2513 ἅρπασον

2088 2544 2342 2598 τοσοῦτον
2383 2545 2645 2611 πλοῦτον,
2698 2547 2795 2601 καὶ
2845 2545 3013 2617 πολλῇ
3057 2544 3320 2616 ταχύτητι
3362 2538 3670 2613 χρήσασθαι

2091 2644 2479 2717 παρακλήθητι
2501 2662 2514 2676 ·
2547 2646 2643 2700 καὶ
2670 2646 2761 2701 διά
2785 2647 2984 2717 τάχους
3004 2647 3140 2717 ήμῖν
3159 2643 3483 2708 ἐπίστειλον,
3518 2642 3672 2693 ἐπει-

2094 2740 2191 2795 δάν
2212 2743 2533 2816 ἀπαντήσῃς
2566 2745 2777 2800 αὐτόθι.
2796 2747 2894 2799 Ἂν
2921 2745 3032 2817 γὰρ
3057 2742 3358 2813 πυθώμεθα
3382 2740 3559 2812 μόνον,
3583 2738 3672 2792 ὅτι

2094 2843 2201 2896 τῶν
2247 2845 2388 2915 ὅρων
2413 2856 2435 2885 α
2470 2845 2673 2916 ἐπέϐης
2712 2848 2814 2917 τῆς
2839 2846 3127 2917 Φοινίκης,
3160 2843 3449 2916 ἀμέριμνοι
3476 2838 3673 2893 λοιπόν

2093 2950 2286 3019 ἐσμεν,
2335 2948 2751 3021 ἀναπαυόμεθα,
2800 2950 2858 3002 ἐν
2894 2948 3051 3020 ἀδείᾳ.
3094 2945 3376 3015 διάγομεν.
3422 2941 3503 2994 Τὰ
3558 2938 3673 3011 γὰρ

2094 3051 2221 3121 ἐξῆς
2286 3050 2473 3121 ἴσμεν,
2509 3052 2591 3105 ὅτι
2638 3049 2890 3122 καθάπερ
2944 3048 3200 3120 ἀριστεὺς
3245 3045 3523 3114 γενναῖος,
3570 3041 3673 3093 καὶ

2094 3148 2456 3219 ἀνδραγαθεῖν
2499 3147 2685 3215 εἰδὼς,
2732 3147 2904 3211 οὑτως
2942 3146 3156 3201 ἅπαντα
3202 3142 3499 3212 ἐπελεύοῃ,
3540 3139 3673 3202 τοὺς

2098 3254 2195 3325 μὲν
2238 3252 2527 3322 κειμένους
2553 3250 2870 3323 ἀνεγείρων,
2900 3248 3027 3311 τοὺς
3072 3247 3130 3301 δέ
3161 3243 3399 3305 ἐστῶτας
3425 3238 3674 3312 ἐδράζων

2094 3355 2189 3409 καλ⁸
2212 3354 2444 3424 πηγνὺς,
2470 3353 2594 3416 τοὺς
2618 3350 2675 3404 δὲ
2699 3348 3084 3421 πλανωμένους
3104 3340 3517 3412 ἐπανάγων,καὶ
3542 3340 3673 3403 τοὺς

2094 3452 2443 3517 ἀπολωλότας
2493 3450 2781 3523 ἀναζητῶν
2831 3449 2928 3505 καὶ
2971 3447 3276 3520 εὑρίσκων,
3322 3444 3539 3498 ἃπασαν
3573 3439 3673 3494 τοῦ

2094 3550 2343 3605 διαϐόλου
2385 3550 2709 3619 συγκόπτων
2759 3548 2856 3620 τὴν
2907 3548 3185 3618 φάλαγγα.
3221 3540 3351 3599 Οἶδα
3386 3542 3515 3614 γὰρ,
3550 3534 3673 3594 οἶδα

2096 3652 2283 3722 σαφῶς
2306 3653 2366 3706 τδ
2391 3652 2670 3724 άγρυπνόν
2704 3667 2798 3703 σου
2821 3650 2920 3722 τῆς
2946 3650 3144 3720 ψυχῆς,
3169 3647 3231 3700 τδ
3265 3640 3675 3717 μεμεριμνημέ-

2095 3768 2185 3807 νον
2212 3751 2315 3821 τῆς
2352 3750 2615 3817 διανοίας,
2643 3751 2704 3804 τὸ
2738 3748 2980 3812 συνετὸν,
3016 3747 3078 3801 τὸ
3108 3744 3367 3818 ἐμμελὲς,
3399 3742 3461 3795 τὸ
3503 3755 3675 3810 προσ-

2095 3853 2243 3923 ηνὲς,
2279 3852 2340 3906 τὸ
2365 3853 2633 3923 ἀνδρεῖον,
2657 3851 2719 3905 τὸ
2751 3849 2986 3919 εὔτονον,
3021 3849 3084 3903 τὸ
3108 3844 3456 3918 καρτερικὸν.
3484 3840 3674 3913 Γράφε

2095 3951 2274 4007 τοίνυν
2299 3953 2434 4023 ήμῖν
2472 3951 2732 4022 συνεχῶς,
2766 3950 2859 4004 καὶ
2885 3949 3017 4021 πρὶν
3048 3947 3082 4018 ἢ
3106 3947 3205 4019 τὴν
3231 3943 3482 4012 Φοινίκην
3514 3939 3671 4004 ἰδεῖν,

2096 4054 2205 4109 ἀπὸ
2228 4056 2327 4127 τῆς
2349 4054 2469 4109 όδοῦ
2499 4054 2677 4109 πυκνά
2705 4054 2941 4125 πέμπων
2972 4049 3042 4105 τὰ
3073 4026 3396 4121 γράμματα,
3424 4043 3547 4098 ἐπεὶ
3577 4042 3678 4095 καὶ

2096 4157 2192 4214 νῦν
2220 4159 2503 4231 ἐθαύμασα
2544 4160 2661 4224 πῶς
2684 4158 2794 4213 τῶν
2826 4157 2957 4229 περὶ
2982 4156 3074 4210 τὸν
3114 4153 3303 4226 κύριόν
3336 4169 3437 4224 μου
3474 4148 3565 4203 τὸν
3589 4165 3677 4201 τι-

2100 4261 2367 4333 μιώτατον
2388 4262 2483 4315 καὶ
2503 4259 2894 4315 εὐλαϐέστατον
2909 4258 3161 4313 Θεόδοτον
3181 4257 3271 4312 τὸν
3302 4252 3676 4328 πρεσϐύτερον

2099 4362 2575 4433 παραγινομένων,
2621 4361 2724 4415 οὑκ
2757 4357 3125 4423 ἐπέσταλκας.
3154 4354 3251 4412 Ἵν⁹
3280 4349 3374 4409 οῦν
3403 4353 3478 4426 μὴ
3507 4352 3675 4407 πάλιν

2095 4460 2371 4532 ἀλγῶμεν,
2425 4462 2498 4533 μὴ
2549 4460 2830 4532 δεχόμενοι
2879 4458 3187 4532 γράμματα
3234 4458 3333 4529 τῆς
3360 4454 3458 4526 σῆς
3501 4452 3682 4524 τιμιόι

2095 4578 2278 4632 τητος,
2321 4563 2371 4615 εί
2406 4556 2518 4616 οἷόν
2548 4578 2608 4615 τε
2637 4556 2696 4635 ᾖ,
2719 4560 2841 4615 καθ’
2871 4560 3111 4633 ἑκάστην
3134 4558 3298 4631 μονὴν
3323 4556 3510 4629 πέμπε
3537 4558 3674 4627 ἡμῖν

2098 4661 2338 4733 συνεχῶς
2368 4660 2676 4729 ἐπιστολάς,
2710 4663 2798 4717 ῖνα
2832 4660 3196 4734 μανθάνωμεν
3241 4658 3410 4714 πόσον
3445 4675 3507 4713 τε
3536 4674 3673 4730 προ-

2096 4762 2299 4832 έκοψας
2328 4762 2427 4832 τῆς
2459 4762 2601 4829 ὀδοῦ,
2627 4763 2722 4817 καὶ
2747 4764 2796 4816 εί
2823 4762 3054 4833 πλησίον
3086 4762 3320 4832 γέγονας
3352 4759 3464 4814 τῶν
3488 4759 3673 4831 μεριῖιν

2094 4862 2340 4917 ἐκείνων.
2384 4864 2531 4920 Πάνυ
2556 4863 2681 4934 ηγάρ
2720 4863 3111 4935 μεριμνῶμεν,
3141 4863 3235 4916 καὶ
3272 4858 3671 4933 φροντίζομεν·

2096 4969 2189 5022 καί⁵
2222 4966 2521 5037 βουλόμεθα
2551 4967 2725 5021 ταῦτα
2770 4966 2893 5019 καθ’
2922 4965 3161 5036 ἑκάστην
3211 4964 3424 5035 ἡμέραν
3471 4962 3687 5034 μανθά-

2095 5087 2226 5125 νειν.
2259 5068 2423 5121 Ταῦτ’
2446 5063 2537 5122 οὖν
2559 5068 2734 5133 εἰδὼς,
2761 5066 2917 5139 κύριέ
2961 5083 3063 5138 μου
3100 5063 3420 5136 τιμιώτατε,
3444 5063 3672 5136 χάρισαι

2095 5169 2297 5239 ταύτην
2330 5171 2463 5242 ἡμῖν
2500 5170 2762 5240 μεγίστην
2797 5168 2895 5241 τὴν
2944 5169 3123 5241 χάριν,
3163 5168 3257 5221 καὶ
3287 5166 3472 5239 πρὶνῆ
3506 5165 3680 5218 ἀπελ-

2096 5269 2227 5331 θεῖν,
2249 5266 2341 5319 καὶ
2364 5266 2583 5321 ἐπειδὰν
2613 5267 2882 5341 ἀπέλθῃς,
2918 5264 3161 5338 συνεχεῖς
3188 5265 3420 5338 πέμπων
3449 5267 3669 5318 ἐπιστο-

2094 5370 2211 5433 λὰς,
2237 5369 2330 5421 καὶ
2358 5367 2537 5421 πάντα
2567 5371 2700 5440 ήμῖν
2719 5370 2913 5440 δηλῶν,
2930 5369 3017 5423 ἵνα
3034 5369 3127 5423 ἐάν
3148 5368 3246 5440 μὲν
3268 5364 3666 5439 κατορθώματα

2096 5465 2154 5545 ᾗ,
2188 5471 2489 5541 χαίρωμεν,
2525 5469 2620 5524 καὶ
2659 5468 3116 5543 εὐφραινώμεθα·
3151 5468 3217 5524 ἂν
3255 5467 3311 5523 δέ
3348 5463 3664 5540 κωλύματα,

2159 5687 2184 5719 ⁸
2206 5687 2313 5738 Duo
2337 5702 2448 5738 mss.
2474 5686 2544 5737 ὅτι
2565 5691 2658 5739 τῶν
2680 5687 2835 5754 ὁρίων.
