4064 6218
396 388 505 445 685

401 517 515 561 tura
543 503 853 570 donaretur,
884 517 912 558 a
941 502 1171 574 quodam
1200 500 1495 573 postulatus
1520 500 1641 557 est?
1685 498 1991 555 Recordare

400 615 521 656 eum
546 596 733 653 funere
754 612 858 652 non
876 596 1074 652 elatum
1096 611 1235 661 esse,
1262 594 1669 665 improbumque
1687 607 2005 649 sermonem-

402 693 658 749 adversus
701 707 823 747 eum
865 689 1266 746 dissemiuatmn
1301 689 1463 743 fuisse
1485 729 1500 753 ,
1534 687 1785 742 nimirum
1809 698 1934 740 eum
1962 698 1995 739 a

404 782 678 853 discipulis
729 782 843 838 suis
891 790 1194 853 surreptum
1246 778 1446 845 fuisse,
1496 793 1594 833 nee
1637 775 1997 832 resurrexisse

404 873 621 945 (Matth.
648 871 767 947 28).
813 871 869 927 In
900 880 1132 926 mentem
1163 871 1375 924 veniant
1402 869 1626 941 apostoli
1651 909 1666 934 ,
1695 868 1782 937 qui
1815 878 1868 921 et
1895 866 1995 936 ipsi

408 965 777 1034 undecumque
799 962 1149 1028 vexabantur,
1172 977 1234 1015 ac
1254 960 1483 1015 latebras
1502 959 1833 1030 quaerebant,
1856 956 1997 1028 quod

408 1059 460 1113 in
489 1056 710 1113 urbibus
735 1055 906 1125 palam
939 1053 1140 1113 versari
1168 1068 1270 1109 non
1296 1060 1513 1123 possent
1544 1070 1558 1107 :
1583 1067 1814 1122 quonam
1845 1060 2001 1119 pacto

409 1151 602 1207 Petrus
628 1147 767 1219 apud
796 1147 1064 1211 Simonem
1097 1146 1379 1202 eoriarium
1409 1143 1756 1199 delitescebat
1783 1142 1917 1213 (Act.
1943 1142 1995 1198 9.

410 1246 526 1316 43),
555 1253 609 1302 et
632 1245 828 1301 Paulus
855 1242 992 1314 apud
1026 1242 1297 1298 mulierem
1325 1238 1716 1311 purpurariam.
1745 1237 1998 1308 quoniam

412 1339 481 1395 de
508 1338 731 1394 divitum
762 1352 887 1408 erga
915 1351 974 1392 se
1000 1335 1178 1390 animo
1202 1332 1520 1388 dubitabant
1546 1331 1564 1401 (
1587 1329 1723 1385 Ibid.
1757 1329 1846 1384 16..
1877 1328 1999 1397 15).

416 1432 485 1488 At
525 1443 710 1503 postea
753 1431 932 1486 omnia
975 1427 1102 1497 ipsis
1141 1427 1297 1499 plana
1338 1433 1394 1480 et
1430 1423 1602 1479 facilia
1641 1421 1875 1477 fuerunt.
1924 1420 2004 1474 Ad

416 1523 662 1580 eumdem
686 1523 844 1592 igitur
863 1520 1078 1576 modum
1103 1529 1155 1574 tu
1179 1532 1388 1589 quoque
1411 1515 1645 1571 animum
1668 1529 1735 1569 ne
1758 1512 1995 1584 dejicias.

419 1615 652 1671 Allatum
673 1624 848 1667 autem
869 1611 935 1667 ad
958 1626 1044 1689 me
1063 1610 1228 1665 estde
1250 1608 1417 1663 deliro
1446 1606 1539 1662 illo
1567 1605 1791 1661 Arsacio
1808 1645 1822 1670 ,
1846 1618 2003 1674 quem

422 1706 733 1777 lmperatrix
763 1705 815 1759 in
842 1703 1036 1758 throno
1062 1700 1373 1764 collocavit,
1403 1714 1523 1755 eum
1556 1696 1746 1753 fratres
1774 1712 1866 1752 eos
1891 1710 2007 1751 om-

422 1814 541 1866 nes,
571 1797 661 1869 qui
683 1798 702 1830 ‘
724 1808 845 1852 cum
872 1796 987 1866 ipso
1013 1793 1407 1851 communicare
1431 1791 1767 1854 recusabant,
1793 1788 2012 1843 afﬂixis-

424 1907 483 1948 se
513 1909 528 1946 :
559 1901 613 1947 et
653 1890 846 1945 multos
889 1904 957 1944 ex
999 1887 1127 1958 ipsis
1169 1887 1273 1941 mei
1313 1898 1473 1940 causa
1517 1884 1570 1938 in
1615 1881 1841 1937 vinculis
1869 1880 2009 1935 diem

425 1986 549 2039 vitae
589 1992 883 2038 extremum
914 1979 1190 2036 clausisse.
1237 1976 1510 2048 Siquidem
1550 1975 1705 2044 lupus
1735 1974 1825 2029 ille
1851 2016 1865 2039 ,
1897 1972 2031 2027 etis‘

425 2076 658 2147 speciem
688 2090 802 2147 pra:
830 2090 889 2129 se
919 2073 1094 2129 ferens
1114 2070 1134 2141 ',
1175 2071 1275 2127 etsi
1316 2070 1551 2141 episc0pi
1596 2068 1794 2123 larvam
1825 2077 1970 2138 gerat
1995 2106 2011 2131 ,

429 2167 639 2222 adulter
680 2176 854 2221 tamen
899 2172 999 2220 est.
1032 2163 1104 2220 Ut
1130 2163 1270 2217 enim
1300 2161 1489 2215 mulier
1528 2159 1767 2214 adultera
1798 2164 2017 2211 vocatur

431 2273 548 2327 qua:
577 2258 792 2311 vivente
818 2255 936 2310 viro
963 2254 1114 2309 alteri
1145 2252 1293 2308 nubit
1323 2268 1339 2306 :
1369 2250 1556 2307 eodem
1589 2248 1748 2305 modo
1775 2248 1861 2303 hic
1885 2254 2031 2318 quo-‘

431 2365 536 2419 que
573 2348 780 2404 adulter
807 2357 889 2402 est
912 2388 926 2411 ,
954 2361 1060 2402 non
1087 2347 1263 2401 carnis
1288 2388 1303 2412 ,
1335 2344 1428 2400 sed
1465 2338 1732 2415 spiritus:
1762 2356 1850 2397 me
1874 2341 2016 2397 enim

432 2440 643 2494 vivente
675 2438 925 2492 Ecclesia:
968 2436 1221 2491 thronum
1267 2436 1477 2489 invasit.
1512 2435 1683 2503 Atque
1711 2433 1825 2488 haec
1864 2431 1953 2487 tibi
1986 2447 2018 2487 e

433 2530 645 2586 Cucnso
661 2533 682 2563 '
703 2530 917 2601 scripsi,
941 2545 1048 2600 quo
1067 2528 1314 2584 videlicet
1340 2527 1656 2597 lmperatrix
1681 2527 1909 2597 ablegari
1937 2542 2021 2581 me

431 2622 609 2692 jussit.
641 2621 813 2677 Multae
839 2636 1000 2693 porro
1049 2621 1180 2675 mihi
1228 2620 1279 2674 in
1310 2620 1393 2674 via
1425 2620 1752 2674 calamitates
1782 2619 2020 2689 contige-

436 2723 597 2769 runt:
621 2730 803 2769 verum
831 2713 960 2768 nihil
987 2712 1246 2783 ejusmodi
1271 2711 1399 2767 mihi
1423 2726 1565 2766 cura:
1588 2710 1702 2765 fuit.
1751 2709 1821 2766 Ut
1846 2720 2022 2765 autem

439 2805 492 2860 in
519 2804 928 2876 Cappadociam,
959 2815 1118 2874 atque
1143 2803 1302 2858 etiam
1333 2803 1385 2857 in
1411 2800 1853 2856 Tauro-Ciliciam
1879 2802 2025 2856 veni-

443 2914 562 2954 mus
582 2938 600 2965 ,
629 2912 823 2969 magno
862 2900 1075 2968 agmine
1118 2897 1288 2953 sancti
1318 2905 1497 2967 patres
1519 2936 1533 2959 ,
1564 2909 1628 2949 ac
1657 2893 1901 2949 monachi
1927 2937 1940 2958 ,
1974 2904 2027 2948 et

442 2992 676 3062 virgines
700 2990 911 3045 obviam
940 2990 1093 3046 nobis
1120 2988 1402 3060 prodibant
1426 3030 1442 3057 ,
1470 2988 1726 3043 infinitam
1755 2988 2022 3058 lacryma-

443 3100 558 3139 rum
584 3084 689 3137 vim
714 3083 1106 3154 profundentes.
1131 3081 1370 3153 Cumque
1386 3095 1486 3138 nos
1502 3083 1553 3137 in
1571 3082 1813 3138 exsilium
1832 3080 2031 3135 abeun-

445 3186 525 3231 tes
549 3185 833 3231 cernereut
855 3216 870 3241 ,
904 3178 955 3232 in
1000 3175 1154 3232 fletus
1194 3175 1637 3251 prorumpebant,
1669 3174 1857 3244 hisque
1886 3174 2026 3229 inter

444 3282 506 3323 se
528 3267 709 3322 verbis
738 3268 1056 3323 utebantur:
1083 3266 1258 3324 Satius
1288 3266 1475 3323 fuisset
1503 3267 1670 3322 solem
1701 3267 1878 3323 radios
1905 3282 2031 3321 suos

445 3361 756 3417 subtrahere
781 3402 796 3428 ,
824 3376 982 3432 quam
1009 3360 1228 3416 Joannis
1254 3376 1317 3415 os
1340 3360 1628 3415 conticere.
1658 3358 1783 3413 llzce
1809 3374 1893 3411 me
1916 3374 2034 3428 per-

447 3453 731 3508 turbabant
769 3467 833 3508 ac
859 3452 1171 3524 premebant
1195 3492 1210 3517 ,
1242 3451 1493 3521 quoniam
1521 3464 1706 3504 omnes
1730 3463 1845 3503 mea
1876 3463 2033 3502 causa

449 3554 722 3617 plorantes
769 3545 1037 3601 intuebar.
1084 3543 1215 3598 Nam
1260 3542 1453 3599 etatem
1497 3541 1672 3596 omnia
1699 3582 1713 3609 ,
1754 3554 1872 3610 qua:
1906 3538 2035 3593 mihi

449 3638 642 3692 oborta
679 3643 828 3702 sunt,
851 3635 996 3690 nulla
1025 3650 1113 3690 me
1140 3650 1267 3690 cura
1297 3633 1607 3689 affecerunt.
1637 3632 1707 3687 At
1733 3646 1861 3687 vero
1893 3630 2039 3684 urbis

450 3730 674 3800 hujusce
713 3730 995 3800 episcopus
1030 3743 1286 3799 perquam
1319 3728 1621 3782 humaniter
1649 3741 1745 3781 nos
1782 3724 1992 3794 excepit
2025 3767 2039 3792 ,

452 3832 761 3893 tantamque
789 3837 915 3893 erga
938 3837 1037 3877 nos
1065 3824 1338 3877 caritatem
1366 3836 1475 3891 prce
1504 3836 1563 3876 se
1591 3820 1728 3882 tulit,
1754 3827 1811 3873 ut
1840 3820 1999 3874 etiam
2020 3858 2036 3884 ,

451 3915 496 3968 si
528 3913 642 3968 fieri
672 3915 966 3984 potuisset,
1006 3912 1199 3967 throno
1235 3926 1445 3982 quoque
1483 3925 1580 3965 suo
1613 3911 1763 3965 nobis
1789 3924 2040 3964 cessurus

451 4007 646 4073 fuerit,
680 4006 787 4062 nisi
810 4006 964 4061 nobis
990 4005 1286 4062 cavendum
1316 4003 1540 4070 fuisset,
1571 4018 1651 4058 ne
1671 4002 2039 4073 prmscriptum

454 4098 679 4153 limitem
707 4096 1109 4152 excederemus.
1149 4093 1505 4164 Quamobrem
1536 4101 1589 4147 te
1616 4107 1744 4163 rogo
1767 4133 1782 4158 ,
1814 4107 1876 4146 ac
1898 4092 2043 4146 velut

453 4189 679 4259 genibus
709 4190 813 4243 tuis
841 4186 1120 4243 advolutus
1147 4186 1422 4251 obtestor,
1455 4192 1514 4238 ut
1565 4198 1850 4238 maerorem
1878 4194 1929 4237 et
1959 4182 2042 4235 lu-

456 4289 601 4333 ctum
642 4279 862 4350 abjicias
885 4318 899 4342 ,
932 4292 994 4333 ac
1032 4293 1130 4349 pro
1158 4276 1311 4334 nobis
1338 4276 1476 4347 apud
1508 4277 1671 4332 Deum
1703 4291 1907 4331 memor
1932 4275 2003 4329 sis
2025 4314 2040 4338 ,

458 4372 718 4443 nobisque
748 4370 1031 4427 rescribas.

532 4506 677 4564 CXX
688 4505 784 4561 VI.
813 4506 1004 4577 Ruﬁno
1040 4506 1347 4579 presbytero.
1378 4504 1607 4577 (Cucuso
1642 4517 1784 4559 anno
1823 4499 1972 4573 406.)

532 4644 820 4701 Phoenicia:
844 4642 983 4698 mala
1012 4655 1223 4697 rursum
1255 4641 1543 4708 exarsisse,
1574 4653 1634 4694 ac
1659 4638 1933 4709 gentilium
1963 4636 2047 4692 fn-

461 4753 640 4793 rorem
666 4747 879 4792 auctum
908 4750 1026 4791 esse
1051 4734 1231 4803 accepi
1255 4752 1269 4786 :
1317 4732 1727 4802 compluresque
1757 4733 2047 4785 monachos

461 4829 653 4898 partim
682 4826 989 4884 vulneribus
1012 4825 1230 4879 affectos
1247 4837 1387 4885 esse,
1418 4821 1609 4895 partim
1633 4823 1794 4877 etiam
1822 4833 2045 4876 mortem

460 4920 681 4977 abiisse.
712 4919 838 4975 Ideo
870 4918 1128 4988 majorem
1159 4916 1214 4970 in
1243 4914 1459 4969 modum
1492 4923 1543 4969 te
1590 4928 1773 4984 urgeo,
1805 4921 1863 4966 ut
1889 4928 2048 4982 quam

462 5012 747 5067 celerrime
791 5021 844 5067 te
883 5010 949 5065 ad
995 5010 1095 5065 iter
1137 5008 1399 5076 accingas,
1447 5016 1608 5075 atque
1659 5005 1711 5059 in
1757 5005 1871 5060 acie
1915 5016 2041 5060 stes.

460 5105 679 5159 (tortum
708 5102 852 5160 enim
898 5101 1070 5158 habeo
1099 5100 1235 5165 fore,
1260 5109 1318 5154 ut
1345 5099 1387 5153 si
1418 5112 1624 5168 preces,
1656 5106 1709 5153 et
1735 5098 2005 5153 lenitatem
2034 5139 2047 5161 ,

461 5205 518 5250 et
569 5196 1064 5263 mansuetudinem,
1117 5206 1174 5253 et
1213 5196 1569 5260 tolerantiam,
1615 5200 1669 5247 et
1719 5190 2047 5262 patientiam,

463 5305 688 5361 eamque
731 5305 891 5360 quam
930 5294 1074 5344 soles
1109 5287 1269 5342 animi
1306 5283 1670 5339 fortitudinem
1720 5281 2047 5347 adhibueris,

465 5383 546 5437 vel
574 5390 795 5452 aspectu
822 5381 940 5437 solo
964 5379 1300 5435 adversarios
1320 5378 1371 5431 in
1394 5375 1570 5445 fugam
1595 5373 1871 5444 conjicias,
1905 5372 2050 5442 ipso-

531 5499 549 5565 ξ
586 5506 707 5565 Eum
729 5495 907 5559 fratres
928 5500 974 5546 et
996 5492 1363 5565 tirginesqyte.
1433 5550 1461 5565 η
1536 5564 1541 5565 γ
1724 5547 1737 5565 Β

528 5563 548 5592 ¹
581 5549 767 5618 Edit.,'e
788 5568 974 5608 cucuao
992 5549 1194 5607 (filiam.
1208 5549 1324 5602 edit.
1342 5550 1501 5609 savil.,
1517 5564 1545 5601 ε
1561 5549 1777 5601 Cnemis.
1798 5555 1845 5598 in
1864 5549 2055 5618 duobus

461 5620 573 5671 Mss.
600 5610 935 5681 τοιξθὶιίεἱαξ,
960 5620 1120 5681 deest.
1145 5623 1287 5681 certe
1310 5622 1545 5681 (Incusum
1568 5626 1663 5681 non
1685 5624 1859 5681 omnes
1881 5610 2053 5658 Cilicia:

471 5700 581 5734 esse
600 5673 843 5734 dicebant.
869 5673 1050 5731 si'vera
1072 5680 1135 5727 sit
1158 5678 1326 5725 horum
1361 5673 1576 5725 codicum
1622 5673 1785 5731 lectio,
1811 5680 1863 5721 et
1887 5685 2053 5734 verant

470 5733 638 5808 utique
663 5753 797 5808 puto,
820 5752 935 5794 tunc
954 5742 1141 5808 levatur
1170 5752 1315 5808 supra
1345 5742 1617 5808 memorata
1635 5736 1901 5808 _iu__h_lonit_o
1935 5733 2054 5808 ditii-

470 5794 636 5857 enh'as.
659 5794 940 5857 Athanasius
962 5802 1101 5864 illam
1113 5813 1163 5864 In
1178 5794 1463 5864 Cappadocia
1488 5801 1609 5854 locat
1632 5803 1680 5853 in
1698 5797 1900 5848 Historia
1924 5794 2054 5846 Aria-

470 5882 639 5920 norum
661 5868 722 5918 ad
745 5867 991 5918 Monacbos
1010 5876 1058 5927 ιι.
1078 5861 1188 5912 548.

1854 381 2228 440 ΕΡΙΞΤΟΙΑΕ.

3584 393 3686 449 636

2096 515 2323 571 rumque
2354 502 2585 557 furorem
2612 503 2941 577 exstinguas,
2972 514 3132 578 atque
3155 521 3338 563 eorum
3368 489 3689 578 qui‘nostins

2099 605 2276 663 partes
2295 604 2509 651 tuentur
2526 597 2735 653 animos
2751 612 2980 666 recrees,
3012 600 3282 671 multaque
3304 600 3442 655 bona
3464 599 3686 656 efﬁcias.

2098 688 2273 756 Quare
2322 709 2390 748 ne
2436 695 2723 757 cunctaris,
2767 710 2866 750 nec
2910 695 3304 765 procrastines;
3351 692 3443 750 sed
3499 694 3690 763 majori

2098 783 2377 838 celeritate
2405 785 2590 851 utaris,
2622 794 2778 853 teque
2806 784 2941 853 hcce,
2965 803 3081 856 qua:
3101 802 3133 841 a
3163 801 3247 841 me
3273 795 3693 841 commemorata

2102 883 2249 937 sunt,
2280 872 2591 929 alacriorem
2633 873 2877 929 reddant.
2926 874 3138 930 Etenim
3184 876 3228 930 si
3272 874 3691 947 conflagranth

2102 962 2319 1018 domum
2364 964 2629 1032 vidisses,
2677 983 2783 1022 non
2822 966 3061 1037 profecto
3106 968 3457 1035 recessisses,
3509 983 3697 1024 verum

2106 1056 2361 1124 majorem
2388 1057 2547 1112 etiam
2579 1056 2972 1114 festinationem
3017 1059 3351 1116 adhibuisses
3371 1102 3385 1125 ,
3413 1075 3520 1132 quo
3548 1058 3698 1114 ﬂam-

2107 1163 2248 1201 mam
2272 1142 2639 1205 anteve'rteres
2659 1192 2675 1219 ,
2704 1160 2863 1221 atque
2895 1160 3003 1206 tum
3034 1165 3133 1222 per
3159 1160 3232 1220 te,
3267 1160 3375 1206 tum
3408 1167 3501 1222 per
3528 1151 3699 1215 alios.

2107 1240 2316 1312 quidvis
2341 1244 2545 1313 egisses
2565 1285 2579 1308 ,
2608 1255 2677 1325 ut,
2696 1244 2891 1319 malum
2918 1245 3308 1316 exstingueres.
3342 1246 3543 1300 Eodem
3570 1260 3700 1317 ergo

2110 1333 2269 1388 modo
2310 1349 2451 1390 nunc
2476 1323 2708 1405 quoque,
2751 1336 3002 1406 quoniam
3048 1323 3353 1406 hujusmodi
3398 1337 3702 1393 incendium

2111 1427 2401 1481 excitatum
2427 1435 2530 1490 est,
2561 1426 2643 1481 fac
2668 1427 2785 1482 sine
2814 1427 2924 1481 ulla
2967 1443 3117 1482 mora
3146 1428 3272 1483 illuc
3303 1429 3562 1498 proficisci
3591 1444 3708 1482 ma-

2114 1526 2297 1573 tures:
2344 1528 2504 1588 atque
2545 1518 2765 1573 omnino
2819 1518 3020 1589 aliquid
3065 1518 3171 1574 laati
3220 1520 3531 1590 continget,
3585 1535 3705 1575 mas

2111 1626 2381 1683 gnumque
2409 1611 2492 1666 his
2520 1611 2871 1666 incommodis
2900 1612 3196 1667 remedium
3231 1610 3505 1669 afferetur.
3538 1613 3703 1682 Sane,

2114 1716 2236 1757 cum
2264 1702 2443 1757 omnia
2472 1703 2651 1773 quieta
2680 1711 2734 1757 et
2780 1702 3062 1773 tranquilla
3105 1712 3250 1769 sunt,
3281 1717 3381 1759 nec
3426 1704 3705 1774 quisquam

2115 1793 2307 1864 estqui
2332 1793 2525 1851 bellum
2554 1792 2779 1861 inferat,
2813 1793 3099 1849 nonnullos
3126 1786 3471 1864 ad'pietatem
3494 1793 3707 1850 erudire

2115 1887 2395 1957 cujuslibet
2432 1885 2663 1940 hominis
2690 1897 2770 1941 est
2798 1904 2810 1940 :
2839 1894 2895 1940 at
2922 1900 3042 1940 cum
3070 1878 3316 1941 diabolus
3347 1886 3428 1941 ita
3458 1885 3617 1953 furit,
3645 1901 3709 1940 ac

2116 1979 2391 2035 dammnes
2426 1994 2573 2033 arma
2605 1978 2853 2045 induunt,
2892 1975 3020 2033 forti
3051 1979 3231 2033 animo
3258 1989 3400 2034 stare
3425 2019 3438 2044 ,
3469 1987 3629 2050 atque
3658 1986 3709 2033 et

2119 2087 2212 2128 eos
2237 2072 2324 2143 qui
2364 2072 2432 2127 ab
2463 2071 2602 2126 illius
2629 2070 2868 2142 partibus
2898 2080 3061 2137 stant,
3089 2071 3318 2141 eripere,
3353 2080 3407 2128 et
3445 2080 3668 2126 carteros
3694 2112 3709 2135 ,

2121 2182 2187 2220 ne
2216 2166 2270 2221 in
2294 2164 2432 2219 illius
2452 2179 2641 2218 manus
2666 2162 2922 2230 incidant,
2948 2163 3227 2233 impedire,
3258 2165 3357 2220 hoc
3382 2165 3585 2219 strenui
3613 2165 3712 2220 viri

2121 2266 2225 2324 est,
2258 2255 2359 2311 hoc
2385 2254 2549 2308 animi
2578 2254 2866 2324 vigilantis,
2902 2255 3003 2309 hoc
3031 2253 3274 2309 sublimis
3300 2263 3403 2309 tua:
3429 2263 3483 2309 et
3520 2270 3702 2325 exper-

2124 2360 2282 2406 rectae
2312 2348 2531 2417 mentis,
2561 2347 2664 2404 hoc
2689 2348 2957 2403 sexcentis
2979 2347 3193 2403 coronis
3217 2361 3279 2401 ac
3307 2348 3540 2417 praemiis
3566 2348 3713 2402 omni

2124 2460 2372 2501 sermone
2384 2447 2840 2517 prmstantioribus
2856 2446 3094 2517 dignum,
3112 2442 3210 2500 hoc
3230 2443 3456 2515 denique
3470 2443 3717 2514 apostoli-

2126 2554 2245 2591 cum
2285 2538 2508 2594 facinus.
2541 2539 2673 2594 Illud
2722 2539 2881 2609 igitur
2918 2554 3039 2592 cum
3083 2537 3264 2591 animo
3304 2545 3397 2591 tuo
3442 2544 3717 2605 reputans,

2129 2640 2339 2699 tempus
2385 2629 2526 2685 istud
2571 2628 2930 2700 adipiscendm
2975 2628 3159 2698 gloria:
3209 2626 3299 2681 tibi
3353 2626 3717 2691 occasionem,

2129 2732 2289 2793 atque
2313 2720 2504 2777 infiniti
2531 2731 2766 2792 quaestus
2796 2729 2849 2776 et
2873 2718 3219 2775 emoltnnenti
3247 2718 3525 2771 materiam
3557 2731 3675 2771 esse
3702 2757 3729 2781 ,.

2130 2830 2279 2875 cura,
2308 2812 2554 2880 obSecro,
2584 2806 2641 2867 ut
2666 2819 2842 2866 tantas
2869 2825 2998 2880 opes
3027 2809 3276 2879 arripias,
3301 2808 3605 2878 ingentique
3634 2822 3720 2861 ce-

2131 2907 2343 2963 leritate
2372 2906 2571 2961 utaris:
2600 2914 2761 2976 atque
2788 2918 2946 2975 quam
2977 2903 3206 2973 primum
3238 2900 3363 2956 illuc
3391 2901 3622 2962 veneris,
3654 2898 3719 2953 ad

2134 3014 2232 3054 nos
2259 2998 2481 3054 scribas.
2509 2995 2641 3052 Nam
2669 2996 2715 3052 si
2742 2995 2826 3051 vel
2844 2994 2950 3050 hoc
2976 2992 3322 3055 audierimus,
3354 3000 3404 3045 te
3435 2988 3729 3045 Phoenicia:

2135 3093 2269 3148 lines
2297 3091 2556 3162 attigisse,
2585 3090 2694 3160 jam
2725 3089 2839 3144 sine
2865 3102 2991 3143 cura
3020 3087 3220 3142 erimus
3243 3126 3257 3150 ,
3289 3084 3683 3155 requieseemus
3705 3121 3723 3146 ,

2137 3188 2188 3241 in
2234 3186 2521 3242 securitate
2559 3183 2833 3254 dcgemus.
2865 3178 2997 3235 Nam
3029 3194 3147 3249 quae
3177 3176 3300 3232 hinc
3335 3184 3725 3247 consequentur

2138 3281 2335 3335 scimus
2359 3296 2373 3333 :
2402 3278 2651 3333 nimirum
2679 3285 2733 3330 ut
2774 3287 3069 3345 generosus
3093 3286 3156 3327 ae
3180 3271 3255 3326 rei
3284 3270 3487 3326 bellica:
3531 3269 3728 3339 peritus

2141 3378 2447 3444 imperator,
2471 3373 2551 3428 sic
2573 3368 2626 3425 t'u
2648 3371 2824 3425 omnia
2855 3366 3182 3438 peragrabis.
3208 3364 3447 3436 jacentes
3468 3361 3725 3421 excitans.

2139 3477 2345 3522 stantes
2373 3464 2697 3521 confirmans
2719 3471 2775 3517 et
2798 3458 3204 3525 constabiliens,
3244 3464 3485 3511 errantes
3509 3453 3560 3505 in
3587 3451 3725 3504 viam

2143 3558 2401 3614 reducens
2423 3598 2441 3625 ,
2469 3552 2713 3627 perditos
2737 3536 3016 3631 requirens
3044 3558 3098 3605 et
3122 3547 3424 3611 inveniens,
3456 3542 3731 3598 universas

2141 3650 2335 3706 diaboli
2364 3650 2546 3721 copias
2585 3646 2893 3702 concidens.
2942 3643 3041 3698 Est
3085 3641 3229 3697 enim
3270 3637 3398 3693 mihi
3429 3641 3734 3708 perSpecta,

2146 3743 2308 3810 mihi,
2354 3743 2607 3811 inquam,
2654 3744 2933 3811 perSpecta
2984 3741 3066 3789 est
3115 3729 3276 3785 animi
3321 3729 3395 3784 tui
3438 3727 3729 3797 vigilantia,

2147 3836 2338 3891 mentis
2363 3846 2465 3888 ture
2489 3846 2614 3885 cura
2642 3838 2695 3885 et
2719 3823 3039 3889 sollicitudo,
3071 3821 3353 3892 sagacitas,
3378 3817 3729 3879 concinnitas,

2146 3931 2404 3991 comitas,
2453 3922 2726 3988 fortitudo,
2774 3920 2957 3987 robur,
2998 3915 3312 3972 constantia.
3344 3912 3520 3981 Quare
3573 3926 3734 3981 quam

2147 4019 2441 4090 smpissime
2471 4015 2628 4070 velim
2657 4011 2724 4068 ad
2751 4027 2849 4066 nos
2876 4008 3080 4065 scribas
3110 4025 3123 4061 :
3153 4015 3312 4075 atque
3338 4004 3522 4067 etiam,
3555 4001 3733 4072 prius-

2148 4127 2306 4184 quam
2333 4111 2385 4164 in
2415 4106 2740 4163 Phoeniciam
2770 4100 3096 4175 perveneris,
3123 4114 3191 4155 ex
3218 4098 3409 4153 itinere
3434 4096 3736 4165 frequentes

2147 4204 2214 4259 ad
2244 4218 2341 4259 nos
2367 4202 2550 4256 literas
2577 4197 2783 4263 mittas,
2816 4192 3079 4266 siquidem
3106 4206 3248 4246 nunc
3276 4203 3483 4260 quoque
3514 4187 3736 4240 miratus

2147 4312 2263 4352 sum
2292 4304 2343 4350 te
2364 4336 2377 4358 ,
2405 4307 2525 4348 cum
2552 4289 2801 4346 dominus
2835 4299 2987 4342 meus
3016 4281 3490 4339 reverendissimus
3519 4293 3580 4331 ac
3608 4277 3737 4331 reli-

2148 4388 2480 4459 giosissimus
2506 4382 2814 4439 Theodotus
2843 4377 3119 4449 presbyter
3156 4374 3260 4428 huc
3287 4371 3469 4435 venit,
3514 4368 3645 4422 nihil
3670 4366 3737 4421 ad

2151 4494 2249 4535 nos
2278 4478 2549 4538 literarum
2576 4472 2806 4529 dedisse.
2836 4468 3095 4536 Quocirca
3119 4480 3185 4520 ne
3217 4478 3401 4518 rursus
3430 4475 3496 4515 eo
3523 4459 3741 4513 nomine

2152 4572 2393 4627 dolorem
2419 4564 2799 4635 concipiamus,
2830 4559 2970 4631 quod
2999 4557 3171 4613 nullas
3195 4555 3290 4610 abs
3312 4563 3363 4608 te
3389 4552 3575 4606 literas
3598 4550 3706 4603 acci
3728 4577 3741 4588 ο

2155 4663 2383 4731 piamus,
2430 4658 2472 4713 si
2514 4656 2625 4713 fieri
2662 4660 2948 4725 potest,_ex
2981 4647 3205 4719 singulis
3244 4645 3402 4700 etiam
3448 4640 3740 4696 mansioni-

2154 4730 2252 4808 bus
2278 4751 2352 4824 (α)
2379 4750 2443 4804 ad
2474 4763 2571 4803 nos
2591 4746 2788 4809 scribe,
2821 4752 2878 4796 ut
2903 4748 3158 4811 quantum
3186 4736 3283 4790 via:
3309 4730 3659 4804 processeris,
3688 4738 3737 4783 et

2154 4862 2279 4901 nmn
2309 4844 2413 4915 jam
2442 4841 2508 4895 ab
2535 4841 2599 4895 iis
2628 4838 2738 4892 oris
2768 4830 3119 4903 haud‘proeul
3150 4829 3243 4893 sis,
3275 4826 3648 4896 intelligamus.
3686 4824 3739 4877 lu

2155 4914 2343 5007 magna
2369 4933 2512 4989 enim
2536 4944 2662 4986 cura
2697 4937 2752 4983 et
2779 4922 3135 4981 sollicitudine
3169 4933 3387 4974 sumus:
3432 4926 3592 4985 atque
3628 4914 3735 4970 lnrr

2154 5030 2387 5100 quotidie
2411 5026 2551 5082 scire
2576 5022 2839 5092 cupimus.
2867 5018 2999 5083 Qua:
3026 5029 3145 5069 cum
3176 5011 3323 5067 noris
3348 5052 3361 5073 ,
3408 5007 3745 5064 reverendis-

2156 5098 2289 5176 sime
2312 5116 2548 5179 domine,
2579 5113 2679 5168 hoc
2700 5107 2828 5165 mihi
2852 5120 2949 5178 pro
2969 5117 3177 5160 summo
3203 5098 3461 5156 beneficio
3485 5100 3740 5163 concede,

2157 5224 2213 5268 ut
2256 5221 2379 5266 ante
2412 5182 2706 5263 discessum
2749 5211 2929 5264 tuum,
2963 5206 3122 5267 atque
3176 5192 3336 5249 etiam
3384 5198 3502 5261 post
3545 5189 3744 5245 disces-

2155 5320 2296 5367 sum,
2324 5301 2539 5357 crebras
2579 5297 2759 5352 literas
2797 5293 2999 5355 mittas,
3031 5300 3291 5355 curesque
3317 5293 3374 5338 ut
3401 5281 3577 5337 omnia
3606 5281 3743 5334 scia-

2158 5411 2315 5450 mus:
2342 5407 2448 5463 quo
2477 5390 2522 5445 si
2552 5404 2636 5445 res
2671 5398 2984 5458 prosperum
3014 5393 3230 5436 cursum
3274 5382 3523 5439 teneant,
3555 5372 3750 5440 gaudio

2157 5504 2221 5543 ac
2275 5486 2542 5556 voluptate
2595 5479 2931 5535 afficiantur:
2989 5474 3073 5529 sin
3128 5480 3307 5525 autem
3368 5465 3747 5537 impedimenta

2221 5601 2294 5665 (τι)
2328 5606 2524 5665 crees.
2551 5607 2629 5646 καο-
2653 5606 2804 5665 ετςερττιν
2993 5572 3694 5665 "missurus.£212."???
3702 5585 3753 5665 ’ξ’

2160 5639 3094 5728 ιωξξῖηιΐὶνιῖζᾷὶῖἱεῖῖιίᾇῖίβίιίςρξτιιὶείρρεῇ
3115 5652 3377 5728 vocantur:

2161 5696 2689 5779 inlitterata;th
2696 5696 2755 5764 ’ὦ
2770 5696 3126 5779 ’ἔίᾷίζιξίιιξιίεῑξ
3155 5696 3432 5779 «instituta.
3445 5696 3560 5779 ubi
3574 5696 3749 5779 give:

2164 5763 2397 5837 ilib‘iirr'.’
2419 5763 3054 5837 Kt‘liariasmsinaw'logia
3094 5769 3158 5816 de
3198 5774 3326 5827 Fuga
3365 5764 3480 5813 dicit
3503 5763 3550 5807 in
3573 5763 3759 5806 itinera

2168 5835 2458 5903 hire’xandria
2481 5842 2777 5897 Antiochiam
2796 5838 2857 5887 56
2870 5835 3152 5885 mansiones
3175 5839 3304 5878 esse.
