4064 6218
320 428 421 485 687

316 546 637 617 objiciuntur
658 590 673 614 ,
707 547 852 603 omni
881 547 1088 602 ratione
1112 561 1177 603 ac
1214 549 1391 606 studio
1418 565 1479 606 ea
1505 550 1575 608 de
1604 551 1780 609 medio
1807 553 1905 608 tol-

320 639 430 693 lere
459 638 710 694 nitamur.
742 639 923 710 Neque
947 639 1088 695 enim
1114 647 1238 696 ante
1265 642 1725 713 conquiescemus,
1749 659 1907 716 quam

317 737 372 784 et
399 744 494 799 per
518 745 614 784 nos
632 769 648 795 ,
674 739 727 786 et
753 744 848 800 per
869 730 1036 797 alios,
1069 729 1116 786 si
1146 731 1259 787 fieri
1291 734 1492 804 possit,
1513 734 1627 805 hoc
1664 735 1908 792 effeceri-

321 836 460 887 mus,
491 821 698 876 etiamsi
728 821 924 877 millies
950 822 1036 876 vel
1061 823 1114 878 in
1142 823 1326 880 urbem
1362 824 1909 899 Constantinopolita-

320 930 442 968 nam
471 915 682 969 mittere
712 902 933 972 necesse
958 916 1063 984 sit,
1089 932 1196 988 quo
1221 919 1399 975 omnia
1441 920 1531 976 tibi
1561 921 1716 977 valde
1744 937 1909 992 prona

319 998 644 1073 reddanfus;
692 1023 760 1063 ne
790 1007 842 1063 id
883 1009 1097 1078 quidem
1140 1009 1318 1067 facere
1357 1013 1742 1068 recusabimus.
1785 1014 1913 1071 llaec

322 1099 480 1169 igitur
502 1116 623 1155 cum
656 1100 748 1155 tibi
788 1110 908 1156 nota
939 1103 1067 1169 sint,
1099 1118 1218 1173 qua:
1241 1102 1319 1159 tui
1345 1105 1583 1160 muneris
1607 1115 1732 1161 sunt
1760 1107 1913 1162 nobis

324 1201 548 1259 praesta,
576 1192 899 1262 vigilantiam
941 1209 1004 1250 ac
1043 1193 1390 1266 diligentiam.
1427 1196 1580 1266 Quod
1627 1197 1673 1252 si
1721 1197 1913 1254 fratres

321 1283 482 1339 ctiam
523 1284 658 1338 mitti
687 1295 939 1355 oportere
975 1295 1144 1357 putes,
1178 1287 1230 1342 id
1259 1303 1468 1360 quoque
1512 1288 1593 1346 fac
1621 1291 1808 1345 sciam.
1841 1291 1914 1348 De

323 1383 628 1430 sanctorum
670 1392 800 1432 vero
829 1388 1124 1450 martyrum
1162 1379 1402 1450 reliquiis
1442 1381 1559 1437 sine
1597 1397 1724 1438 cura
1753 1392 1911 1438 esto:

323 1467 606 1523 confestim
635 1470 776 1525 enim
804 1471 1264 1540 religiosissimum
1288 1472 1563 1528 dominum
1591 1489 1769 1528 meum
1797 1489 1917 1544 pre-

324 1560 596 1630 sbyterum
635 1560 942 1617 Terentium
981 1564 1048 1618 ad
1087 1564 1361 1620 dominum
1404 1581 1581 1622 meum
1619 1567 1912 1636 piissimum

325 1649 565 1705 Otreium
609 1648 683 1725 (a)
720 1652 958 1708 Arabissi
996 1655 1303 1726 episcopum
1349 1657 1492 1713 misi.
1538 1657 1669 1712 Nam
1715 1659 1826 1728 ipse
1861 1667 1917 1713 ct

327 1740 520 1796 multas
549 1750 602 1796 et
627 1741 845 1798 minime
869 1743 1058 1801 dubias
1082 1744 1262 1814 habet,
1291 1763 1422 1818 quas
1447 1748 1628 1818 paucis
1655 1747 1843 1805 diebus
1862 1749 1914 1804 in

328 1834 656 1892 thuiciam
703 1837 769 1892 ad
800 1847 851 1893 te
896 1839 1192 1895 mittemus.
1233 1840 1411 1908 Quare
1456 1841 1522 1896 da
1565 1856 1802 1912 operam,
1847 1856 1917 1897 ne

327 1929 504 1984 ofﬁcio
542 1939 630 1983 tuo
659 1930 764 1984 ulla
792 1946 857 1986 ex
887 1940 1034 2002 parte
1073 1932 1236 1988 desis.
1265 1933 1398 1988 Nam
1435 1949 1552 2004 qua:
1586 1934 1753 1988 nostri
1795 1950 1914 1986 mu-

329 2021 474 2076 neris
502 2031 656 2088 suut,
689 2031 883 2093 quanta
909 2038 1030 2080 cum
1056 2025 1217 2080 animi
1245 2025 1662 2096 promptitudinc
1692 2039 1916 2097 przestc-

329 2127 467 2179 mus,
492 2113 663 2169 vides.
689 2115 897 2170 Festina
927 2117 1124 2185 itaque,
1154 2126 1213 2171 ut
1235 2126 1359 2172 ante
1386 2118 1613 2173 hiemem
1639 2119 1912 2186 ecclesias,

327 2219 445 2273 qua:
471 2204 588 2258 sine
619 2215 756 2259 tecto
780 2215 919 2270 sunt,
951 2209 1209 2277 perlicere
1234 2224 1418 2279 queas.

467 2295 756 2351 CXXVII.
790 2298 1024 2370 Polybio.
1055 2301 1254 2371 (Anno,
1283 2312 1338 2354 ut
1361 2310 1594 2370 putatur,
1621 2302 1773 2374 406.)

402 2387 557 2442 Alius
583 2386 812 2444 fortasse
841 2390 1234 2447 intolerandum
1281 2393 1439 2463 hujus
1467 2395 1702 2466 regionis
1726 2395 1913 2467 frigus,

327 2486 534 2532 vastam
567 2477 667 2534 loci
695 2480 1060 2549 solitudinem,
1079 2483 1485 2538 acerbissimum
1514 2485 1744 2556 denique
1769 2502 1914 2542 mor-

329 2567 456 2623 bum
490 2569 636 2640 (hinc
689 2571 832 2626 enim
877 2572 930 2627 in
975 2573 1222 2628 morbum
1266 2575 1572 2648 incidimus)
1595 2577 1817 2632 luxisset
1853 2593 1918 2634 ac

333 2661 662 2732 deplorasset
689 2681 704 2717 :
729 2679 831 2735 ego
873 2673 1052 2720 autem
1106 2665 1202 2728 his
1243 2658 1460 2722 om'issis
1504 2667 1915 2738 disjunctionem

329 2763 560 2808 vestram
587 2753 764 2826 lugeo,
790 2772 908 2826 qua:
939 2757 1068 2812 mibi
1094 2765 1149 2813 et
1176 2759 1499 2825 solitudine,
1530 2769 1581 2815 et
1608 2761 1832 2826 morbo,
1865 2773 1919 2816 et

329 2845 507 2901 hieme
537 2857 620 2901 cst
644 2847 908 2923 acerbior.
934 2847 1104 2917 Quam
1131 2850 1477 2907 acerbitatem
1508 2851 1680 2908 hiems
1705 2867 1918 2923 quoque

330 2935 460 2990 mihi
511 2919 844 2993 auxit.Nam'
882 2939 1026 3010 quod
1075 2957 1238 2996 unum
1281 2942 1676 2998 molestissima:
1712 2919 1918 3013 disjun-

328 3027 522 3082 ctionis
548 3029 794 3084 solatium
827 3031 1164 3100 suppetebat,
1195 3032 1299 3089 hoc
1326 3042 1409 3088 est
1436 3042 1494 3088 ut
1520 3034 1796 3090 vobiscum
1823 3050 1919 3104 per

330 3118 514 3172 literas
559 3119 926 3189 colloquerer,
956 3121 1058 3176 hoc
1095 3137 1308 3193 quoque
1348 3125 1521 3180 hiems
1561 3134 1747 3181 exorta
1786 3125 1918 3181 mihi

330 3208 531 3263 ademit
558 3227 572 3263 :
597 3219 654 3264 ut
681 3226 800 3281 quae
828 3213 898 3266 ob
923 3212 1193 3283 ingentem
1220 3215 1357 3269 nivis
1383 3215 1490 3270 vim
1522 3217 1634 3272 vias
1663 3217 1918 3273 interclu-

329 3301 482 3366 serit,
511 3317 576 3357 ac
617 3318 790 3374 neque
831 3305 1049 3361 aliunde
1092 3322 1414 3378 quemquam
1459 3309 1563 3365 huc
1607 3311 1827 3380 venire,
1855 3327 1920 3369 ae

332 3391 610 3448 nobiscum
639 3395 912 3464 congredi,
943 3412 1115 3467 neque
1141 3399 1266 3453 item
1301 3399 1424 3455 hinc
1447 3400 1731 3470 excedere,
1758 3413 1920 3473 atque

330 3483 399 3539 ad
427 3500 522 3540 vos
553 3486 818 3556 proﬁcisci
857 3490 1017 3545 sinat.
1045 3491 1199 3558 Quod
1238 3501 1293 3548 et
1329 3494 1504 3566 ipsum
1538 3495 1678 3551 haud
1717 3497 1916 3568 minus,

333 3577 442 3633 imo
466 3577 628 3634 etiam
676 3582 845 3652 magis
883 3582 1186 3640 Isaurorum
1216 3594 1390 3642 terror
1431 3587 1628 3656 efﬁcit,
1659 3590 1921 3662 nobisque

334 3668 678 3726 solitudinem
701 3683 859 3744 auget
880 3715 895 3740 ,
932 3690 1121 3731 omnes
1151 3675 1401 3732 videlicet
1443 3678 1804 3748 submovens,
1834 3689 1919 3737 at-

331 3776 436 3830 que
467 3763 520 3816 in
548 3764 721 3836 fugam
748 3766 1039 3837 conjicicns
1063 3810 1078 3833 ,
1109 3769 1429 3839 exsulesque
1459 3771 1710 3827 reddens.
1736 3773 1923 3844 Neque

332 3852 473 3906 enim
487 3853 596 3924 jam
614 3855 892 3928 quisquam
916 3858 1056 3914 ullus
1076 3869 1158 3915 est
1182 3861 1270 3931 qui
1288 3860 1434 3916 domi
1455 3877 1671 3919 manere
1686 3863 1880 3920 audeat
1903 3881 1916 3918 :

333 3960 515 4000 verum
572 3951 935 4020 unusquisque
987 3952 1188 4008 relictis
1247 3952 1453 4010 mdibus
1506 3955 1619 4011 suis
1667 3955 1916 4028 profugit.

331 4040 505 4108 Atque
533 4039 694 4095 urbes
723 4042 972 4112 quidem,
1004 4045 1236 4114 parietes
1274 4053 1330 4101 et
1371 4053 1511 4102 tecta
1556 4061 1698 4104 nunc
1749 4057 1874 4104 sunt
1903 4065 1917 4104 :

337 4141 620 4202 praerupta:
664 4144 844 4190 autem
891 4138 1174 4208 voragines
1199 4146 1255 4194 et
1287 4139 1472 4210 sylvm,
1513 4141 1694 4196 urbes.
1722 4140 1920 4208 Quem-

331 4223 617 4279 admodum
640 4226 783 4280 enim
813 4227 1127 4284 truculentae
1153 4228 1314 4296 ferae,
1349 4240 1406 4285 ut
1433 4231 1581 4301 pardi
1606 4247 1671 4290 ac
1696 4233 1880 4290 leones
1901 4274 1919 4300 ,

332 4316 587 4370 tutiorem
621 4317 842 4373 urbibus
877 4318 1219 4375 solitudinem
1265 4320 1366 4376 sibi
1403 4336 1525 4378 esse
1567 4324 1918 4380 existimant:

333 4407 413 4463 sic
437 4409 600 4465 etiam
629 4409 895 4480 homines,
923 4411 1015 4482 qui
1043 4412 1352 4469 Armeniam
1394 4415 1704 4484 incolimus,
1733 4421 1914 4490 quoti-

335 4503 423 4558 die
464 4517 533 4560 ex
578 4504 698 4560 aliis
743 4515 903 4576 atque
931 4506 1052 4562 aliis
1080 4507 1212 4562 locis
1251 4508 1302 4562 in
1328 4508 1432 4563 alia
1476 4518 1635 4581 atque
1661 4511 1764 4566 alia
1805 4512 1921 4570 loca

336 4595 565 4665 migrare
590 4597 848 4667 cogimur,
872 4598 1036 4652 Vitam
1066 4597 1513 4654 Hamaxobiorum
1543 4609 1598 4656 et
1626 4601 1922 4659 Nomadum

337 4695 596 4756 agentes,
651 4703 754 4744 nec
801 4703 1022 4759 usquam
1065 4689 1246 4745 lidenti
1296 4691 1475 4745 animo
1519 4693 1917 4750 consistentes:

339 4792 507 4847 usque
559 4778 695 4834 adeo
749 4778 838 4835 hic
901 4781 1082 4835 omnia
1137 4781 1361 4836 tumultu
1419 4791 1473 4838 ct
1523 4785 1922 4852 perturbatione

341 4867 494 4936 plena
521 4879 665 4925 sunt.
697 4871 908 4926 Etenim
944 4872 1019 4927 illi
1061 4871 1195 4928 alios
1237 4871 1466 4928 adventu
1503 4889 1601 4930 suo
1637 4875 1881 4947 jugulant
1903 4919 1918 4945 ,

337 4969 590 5028 exurunt,
619 4970 779 5033 atque
806 4978 871 5018 ex
905 4962 1086 5019 liberis
1115 4979 1303 5020 servos
1343 4965 1582 5021 efﬁciunt
1613 4983 1627 5020 :
1659 4968 1795 5024 alios
1829 4985 1923 5026 au-

337 5059 445 5105 tem
490 5065 682 5122 sparso
718 5069 935 5110 rumore
959 5055 1012 5110 in
1043 5055 1218 5127 fugam
1248 5066 1485 5125 vertunt,
1513 5067 1674 5130 atque
1701 5060 1922 5118 urbibus

338 5139 561 5208 pellunt,
590 5142 721 5209 imo,
750 5150 842 5210 ut,
873 5145 1074 5201 rectius
1107 5147 1314 5218 loquar,
1343 5148 1611 5204 occidunt.
1655 5150 1924 5222 Quotquot

335 5232 478 5285 enim
509 5232 880 5291 adolescentes
902 5236 1093 5291 mediis
1117 5238 1278 5293 etiam
1310 5239 1624 5312 plerumque
1653 5243 1920 5306 noctibus,

340 5337 401 5377 ac
438 5322 636 5394 frigore
663 5325 839 5380 omnia
866 5327 1184 5397 obdurante,
1209 5339 1429 5400 repente
1456 5332 1616 5388 domo
1644 5333 1924 5404 profugere

334 5416 505 5470 coacti
536 5425 694 5483 sunt,
734 5426 883 5472 metu
922 5422 1154 5476 rumoris
1178 5437 1274 5478 eos
1301 5421 1430 5479 fumi
1459 5423 1627 5480 instar
1653 5425 1920 5497 abigente,

336 5518 498 5579 atque
541 5508 608 5565 ad
653 5516 880 5565 mortem
917 5514 1275 5583 oppetendam
1329 5531 1399 5572 ne
1441 5515 1675 5575 Isaurico
1707 5519 1923 5590 quidem

336 5597 514 5669 gladio
539 5614 674 5671 opus
697 5598 1035 5668 habuerunt,
1066 5619 1252 5660 verum
1293 5606 1345 5661 in
1377 5607 1499 5664 nive
1527 5609 1924 5680 obrigescentes

338 5702 634 5749 extremum
663 5693 908 5765 spiritum
929 5694 1242 5753 ediderunt:
1265 5714 1489 5771 quaeque
1509 5702 1638 5772 ipsis
1661 5702 1924 5774 fugienda:

399 5788 476 5851 (a)
501 5794 784 5859 memoratur
807 5797 861 5842 et
897 5789 1020 5859 allus
1039 5791 1234 5859 Otreius
1272 5792 1528 5859 episcopus
1549 5792 1773 5859 nemina:
1797 5795 1924 5859 apud

330 5846 610 5970 mea)
621 5849 705 5967 ag.
729 5853 780 5916 5,
801 5866 907 5919 cap.
931 5855 980 5916 s,
1008 5859 1060 5906 et
1081 5853 1208 5918 apud
1230 5846 1544 5914 sciam..'lib.
1565 5855 1618 5921 6,
1638 5868 1745 5922 cap.
1767 5846 1846 5922 t2;
1870 5864 1926 5910 et

1058 428 1113 484 S.
1151 428 1428 488 JOANNIS
1464 432 1944 494 CHRYSOSTOMI
1973 439 2290 498 ARCIIIEP.
2318 443 2854 504 CONSTANTINOP.

3503 451 3608 510 688

2019 559 2208 614 mortis
2246 575 2407 616 causa
2435 559 2648 631 fuerat,
2676 561 2866 619 eadem
2892 562 2998 620 illis
3026 565 3391 626 acerbissima:
3415 571 3610 627 mortis

2015 662 2174 704 causa
2199 650 2333 706 fuit:
2364 667 2431 708 en
2456 669 2562 724 quo
2582 661 2725 710 statu
2746 669 2836 711 res
2859 663 3062 713 nostra:
3086 657 3213 714 sint.
3241 658 3373 727 Quze
3391 661 3607 733 quidem

2016 753 2122 794 non
2171 741 2424 809 diximus,
2454 754 2511 800 ut
2552 752 2604 800 te
2651 744 2706 801 in
2758 761 3046 804 mmrorem
3089 750 3442 822 conjiciamus
3475 753 3612 826 (scio

2015 831 2212 902 quippe
2232 832 2349 889 lucc
2370 835 2463 890 tibi
2489 834 2666 892 dolori
2686 835 2845 912 fore),
2877 855 3064 896 verum
3103 851 3161 898 ut
3183 841 3419 899 diuturni
3445 846 3582 900 silen

2018 921 2076 978 tii
2116 926 2287 981 nostri
2329 943 2546 983 causam
2592 930 2934 1000 aperiamus,
2961 932 3197 1004 quidque
3230 949 3408 992 causa:
3449 936 3612 994 fuerit

2017 1031 2112 1073 cur
2141 1034 2263 1075 sero
2311 1035 2373 1076 ac
2417 1022 2568 1079 tarde
2611 1023 2679 1079 ad
2732 1032 2785 1081 te
2827 1026 3221 1097 scripserimus.
3252 1028 3327 1084 Ita
3367 1029 3510 1086 enim
3537 1029 3611 1086 ab

2017 1108 2266 1166 omnibus
2312 1113 2487 1168 relicti
2533 1128 2759 1183 sumus,
2791 1124 2848 1171 ut
2893 1131 2994 1173 nec
3039 1117 3296 1189 aliquem,
3327 1119 3418 1190 qui
3473 1120 3612 1177 istuc

2020 1199 2490 1272 proficisceretur,
2534 1206 2770 1262 nancisci
2814 1207 3182 1278 potuerimus,
3223 1225 3410 1267 verum
3455 1212 3612 1272 nobis

2020 1291 2390 1363 presbyterum
2420 1295 2861 1354 contubernalem
2891 1307 3135 1355 nostrum
3165 1302 3420 1370 excitare,
3450 1312 3613 1376 atque

2018 1381 2085 1436 ad
2126 1391 2179 1439 te
2220 1386 2431 1442 mittere
2459 1402 2680 1444 necesse
2719 1389 2897 1446 fuerit.
2947 1392 3284 1464 Quapropter
3311 1409 3432 1451 cum
3460 1412 3608 1467 eum,

2021 1483 2078 1528 ut
2121 1485 2174 1530 te
2212 1477 2429 1548 dignum
2477 1487 2594 1547 est,
2623 1482 2933 1553 exeeperis,
2963 1483 3212 1540 celeriter
3253 1485 3321 1540 ad
3372 1501 3473 1542 nos
3519 1503 3610 1544 re-

2020 1568 2172 1624 mitte
2194 1609 2210 1635 ,
2240 1569 2329 1639 qui
2358 1570 2426 1626 de
2456 1580 2544 1627 tua
2573 1574 2876 1631 valetudine
2907 1575 3029 1632 lazta
3059 1577 3215 1634 nobis
3245 1581 3472 1636 nuntiet.
3491 1578 3611 1638 Scis

2019 1662 2163 1715 enim
2187 1672 2387 1733 quanto
2417 1665 2572 1722 nobis
2594 1667 2772 1724 studio
2801 1669 2869 1724 sit
2901 1669 3004 1726 hoc
3029 1671 3190 1727 scire.

2139 1774 2284 1830 CXX
2297 1774 2462 1831 VIII.
2493 1777 2787 1836 Mariniano
2809 1782 2827 1813 ¹
2855 1782 3136 1854 (Arabisso
3165 1799 3307 1840 anno
3331 1785 3485 1858 406.)

2090 1886 2312 1944 Cmtcris
2341 1891 2590 1947 omnibus
2612 1893 2929 1950 mortalibus
2947 1896 3050 1951 hoc
3068 1898 3284 1954 nomine
3303 1913 3397 1954 ver
3413 1899 3612 1970 jucun-

2019 1981 2149 2036 dum
2181 1991 2235 2036 ct
2261 1997 2425 2037 suave
2454 1994 2571 2052 est,
2601 1984 2744 2055 quod
2776 1994 2932 2040 terra:
2957 1985 3150 2043 faciem
3190 1987 3412 2046 ﬂoribus
3445 2006 3612 2047 exor-

2020 2082 2113 2127 nat
2153 2081 2313 2144 atque
2358 2074 2411 2129 in
2440 2084 2590 2145 prata
2630 2079 2895 2133 convertit
2927 2097 2942 2133 :
2973 2079 3102 2134 mihi
3151 2090 3330 2137 autem
3377 2098 3496 2138 eam
3541 2084 3616 2139 ob

2021 2183 2235 2222 causam
2259 2209 2275 2234 ,
2299 2168 2420 2238 quia
2467 2185 2717 2241 magnam
2745 2170 2878 2226 mihi
2908 2171 3216 2229 facultatem
3247 2175 3452 2245 praebet
3487 2191 3613 2233 cum

2023 2261 2372 2318 familiaribus
2416 2262 2552 2318 meis
2603 2279 2700 2333 per
2739 2263 2923 2321 literas
2973 2266 3244 2321 versandi.
3271 2269 3348 2323 Ac
3395 2269 3612 2338 quidem

2021 2355 2189 2409 oculis
2213 2371 2307 2410 vos
2349 2369 2532 2410 coram
2573 2357 2880 2427 perspicere
2906 2373 3156 2428 cuperem
3187 2378 3200 2414 :
3229 2361 3484 2430 quoniam
3509 2377 3612 2418 au-

2021 2458 2128 2502 tem
2163 2448 2212 2503 id
2247 2449 2467 2505 minime
2497 2450 2644 2518 licet,
2676 2450 2818 2521 quod
2845 2451 2968 2506 licet
3007 2453 3406 2522 promptissimo
3431 2455 3616 2510 animo

2020 2539 2178 2608 facio,
2209 2552 2266 2596 ut
2315 2543 2588 2599 vobiscum
2633 2558 2728 2614 per
2775 2544 2959 2600 literas
3001 2545 3297 2616 colloquar.
3334 2543 3446 2602 Nec
3481 2562 3614 2602 vero

2022 2643 2195 2689 nautae
2235 2650 2298 2690 ac
2339 2635 2570 2705 remiges
2607 2635 2719 2705 pari
2747 2635 2913 2691 animi
2951 2637 3222 2707 voluptate
3268 2637 3431 2692 maris
3463 2646 3614 2709 terga

2020 2729 2260 2794 sulcant,
2293 2741 2414 2782 cum
2443 2726 2531 2782 illa
2571 2728 2696 2782 anni
2746 2737 3038 2798 tempestas
3079 2738 3266 2784 exorta
3302 2738 3419 2797 est,
3449 2738 3613 2799 atque

2019 2832 2120 2888 ego
2161 2818 2424 2873 calamum
2467 2827 2522 2874 et
2553 2816 2794 2874 chartam
2825 2828 2881 2875 et
2909 2829 3266 2876 atramentum
3313 2820 3367 2875 in
3419 2835 3613 2876 manus

2020 2925 2213 2978 sumo,
2241 2925 2363 2964 cum
2407 2909 2474 2965 ad
2501 2925 2598 2965 vos
2641 2913 2938 2982 scripturus
2974 2927 3114 2966 sum.
3156 2912 3368 2968 Etenim
3416 2912 3613 2970 hiemis

2021 3011 2296 3072 tempore,
2323 3016 2446 3058 cum
2495 3001 2674 3057 omnia
2723 3001 2922 3074 frigore
2973 3013 3417 3071 concrescerent,
3449 3013 3614 3075 atque

2019 3095 2346 3152 incredibilis
2369 3094 2611 3167 quazdam
2647 3095 2729 3152 vis
2755 3096 2954 3151 nivium
2981 3110 3171 3152 omnes
3203 3097 3318 3152 vias
3357 3096 3611 3152 interclu-

2020 3188 2195 3256 deret,
2218 3203 2317 3243 nec
2335 3187 2595 3258 quispiam
2623 3187 2841 3243 aliunde
2865 3188 2932 3243 ad
2954 3203 3053 3244 nos
3073 3189 3277 3256 venire,
3300 3204 3400 3246 nec
3422 3204 3613 3246 rursus

2022 3278 2147 3334 hinc
2173 3279 2280 3334 alio
2311 3278 2576 3350 proﬁcisci
2604 3278 2921 3336 sustinebat.
2968 3279 3046 3336 Ea
3070 3279 3140 3336 de
3165 3295 3324 3336 causa
3366 3295 3467 3337 nos
3510 3279 3614 3336 hu-

2015 3370 2104 3442 jus
2131 3370 2234 3427 loci
2258 3370 2616 3440 domunculis,
2642 3371 3092 3440 quemadmodum
3124 3385 3341 3428 carcere
3393 3372 3610 3439 inclusi,

2021 3473 2179 3534 atque
2204 3463 2602 3520 tabellariorum
2631 3463 2870 3534 penuria,
2896 3479 3000 3520 non
3029 3479 3186 3521 secus
3208 3479 3272 3520 ac
3291 3463 3608 3536 quibusdam

2021 3556 2216 3627 lingua:
2269 3557 2504 3625 catenis,
2537 3556 2732 3625 vincti,
2789 3557 3086 3630 quamlibet
3129 3557 3314 3624 inviti,
3355 3556 3609 3614 diuturno

2021 3648 2235 3704 silentio
2257 3647 2555 3706 utebamur.
2573 3649 2928 3721 Posteaquam
2956 3659 3135 3706 autem
3156 3660 3367 3722 tempus
3383 3651 3498 3722 jam
3523 3651 3614 3706 iti-

2023 3754 2151 3795 nera
2180 3738 2448 3810 patefecit,
2489 3740 2750 3812 nobisque
2770 3741 2964 3812 lingua:
2991 3741 3262 3798 vinculum
3286 3741 3462 3812 fregit,
3481 3757 3613 3813 pre-

2022 3829 2294 3902 sbyterum
2335 3846 2482 3900 eum,
2507 3831 2724 3903 quicum
2773 3831 2905 3888 mihi
2951 3831 3076 3888 vita:
3126 3832 3460 3889 consuetudo
3497 3841 3607 3899 est,

2027 3924 2152 3981 hinc
2181 3924 2249 3980 ad
2278 3939 2374 3980 vos
2399 3925 2666 3994 misimus,
2695 3934 2756 3982 ut
2781 3941 2883 3997 qua
2909 3924 3215 3982 valetudine
3238 3925 3377 3992 sitis,
3406 3925 3612 3982 intelli-

2023 4032 2232 4088 gamus.
2257 4017 2392 4074 Cum
2418 4018 2580 4090 igitur
2608 4018 2771 4085 hunc,
2798 4027 2858 4074 ut
2891 4028 2963 4086 te,
2992 4017 3210 4074 domine
3247 4017 3321 4074 mi
3364 4032 3612 4074 summo-

2025 4125 2152 4181 pere
2177 4110 2506 4178 admirande,
2533 4110 2752 4182 dignum
2781 4120 2883 4177 est,
2905 4110 3238 4181 susceperis,
3274 4120 3434 4180 atque
3452 4149 3470 4176 ,
3496 4123 3598 4178 pro

2024 4217 2090 4257 eo
2117 4211 2273 4273 atque
2311 4201 2508 4258 caritas
2551 4211 2639 4258 tua
2692 4201 2944 4273 postulat,
2971 4200 3343 4272 perspexeris;
3373 4215 3495 4257 cum
3540 4199 3608 4255 ad

2024 4310 2125 4350 nos
2166 4295 2380 4359 redibit,
2405 4293 2566 4351 velim
2612 4294 2681 4350 de
2724 4303 2814 4349 tua
2857 4293 3158 4350 valetudine
3202 4308 3302 4349 nos
3351 4292 3611 4348 certiores

2025 4389 2206 4444 facias.
2231 4389 2348 4446 Scis
2368 4389 2512 4445 enim
2534 4403 2693 4460 quam
2719 4386 2789 4443 de
2806 4401 2868 4442 ea
2885 4387 3090 4459 aliquid
3113 4387 3254 4444 scire
3275 4386 3608 4442 studeamus.

2026 4480 2280 4537 CXXIX.
2309 4481 2572 4538 Marciano
2591 4491 2639 4538 et
2665 4481 2966 4538 Marcellino
2995 4484 3016 4515 ³
3036 4481 3269 4556 (Cucuso
3285 4493 3427 4534 anno
3453 4476 3608 4545 ιοι.)

2096 4576 2266 4645 Quam
2297 4575 2612 4647 praeclarum
2657 4574 2762 4632 hoc
2789 4589 2886 4646 par
2910 4583 3147 4630 vestrum
3196 4581 3304 4640 est,
3337 4583 3614 4642 quamque

2026 4669 2183 4725 nobis
2228 4683 2413 4724 carum
2459 4685 2473 4722 :
2515 4683 2622 4724 non
2656 4667 2819 4724 modo
2866 4677 3070 4723 natura:
3111 4667 3260 4737 lege,
3303 4665 3398 4722 sed
3445 4663 3612 4720 etiam

2027 4763 2272 4818 acerrimi
2326 4761 2526 4817 amoris
2574 4770 2762 4816 catena
2811 4760 3156 4831 colligatum!
3208 4757 3290 4814 0b
3333 4757 3493 4829 idque
3543 4755 3616 4812 de

2026 4855 2259 4912 amicitia
2297 4862 2472 4911 vestra
2517 4852 2829 4924 gloriamur,
2854 4860 2910 4908 et
2949 4850 3298 4915 exsultamus,
3320 4863 3616 4917 coramque

2026 4949 2303 5005 vobiscum
2327 4945 2605 5019 congredi,
2635 4960 2699 5001 ac
2721 4959 2816 5000 vos
2841 4943 3024 5000 videre
3048 4943 3314 5013 cupimus.
3344 4941 3631 5015 Quoniam.

2026 5051 2204 5096 autem
2249 5039 2304 5094 id
2351 5053 2494 5094 nunc
2531 5037 2751 5093 minime
2801 5037 2961 5103 licet,
2989 5035 3132 5107 quod
3186 5035 3313 5090 licet
3354 5033 3615 5099 facimus,

2026 5147 2170 5202 saepe
2216 5129 2522 5197 scribimus,
2553 5129 2716 5186 vestri
2768 5142 3036 5184 memores
3085 5134 3344 5198 perpetuo
3393 5139 3614 5188 sumus,

2026 5224 2206 5278 animo
2233 5234 2349 5287 vos,
2366 5233 2705 5291 quocumque
2731 5219 2786 5275 in
2805 5219 2923 5276 loco
2949 5219 3139 5282 simus,
3155 5214 3613 5279 circumferimus,

2027 5331 2091 5372 ac
2133 5329 2202 5370 ne
2243 5313 2314 5371 ob
2353 5312 2560 5370 itineris
2611 5313 2827 5384 quidem
2868 5310 3311 5382 longinquitatem
3357 5324 3388 5364 a
3432 5314 3615 5362 vestra

2027 5407 2287 5463 suavitate
2330 5405 2439 5461 ullo
2466 5415 2624 5475 pacto
2652 5404 3028 5475 disiungimur.
3062 5400 3374 5472 Huiusmodi
3419 5400 3617 5470 quippe

2027 5499 2266 5556 caritatis
2285 5513 2458 5568 penna
2489 5506 2591 5566 est,
2616 5508 2674 5553 ut
2697 5507 2753 5552 et
2775 5497 2915 5552 viam
2944 5510 3158 5552 omnem
3188 5501 3242 5550 et
3275 5492 3616 5548 intervallum

2028 5608 2189 5650 omne
2211 5591 2364 5648 facile
2391 5590 2659 5662 trajiciat,
2691 5604 2794 5646 nec
2840 5588 3010 5645 ullum
3057 5583 3458 5642 incommodum
3501 5581 3617 5650 sit,

2100 5689 2116 5719 '
2147 5687 2315 5738 Graece
2335 5686 2611 5753 ῌαρινιανὲῥ
2628 5681 2807 5753 Vatia,
2836 5682 2961 5747 Reg.
2984 5686 3050 5753 ει
3075 5678 3254 5753 Cuiacii
3291 5679 3458 5732 Codex
3483 5683 3618 5753 teste

2037 5749 2290 5800 Frontone
2332 5741 2531 5798 Duriae.
2581 5741 2938 5806 Quamobrem:
2977 5741 3283 5806 Mariniano,
3328 5741 3616 5805 ponendum

2037 5809 2288 5878 duximus.
2313 5809 2468 5878 12d“...
2492 5805 3037 5878 Μρυίζιιξιο,(Ιιίαριςλενῷ)ἒ
3209 5870 3222 5878 _
3279 5858 3496 5878 “dum

2101 5859 2297 5924 [Juxta
2316 5859 2479 5923 Vatic'.
2503 5875 2557 5920 et
2595 5859 2786 5922 Fabric.
2810 5859 3123 5920 scribendum
3149 5870 3242 5927 est,
3271 5859 3614 5916 Marcelliano.

1797 6123 2024 6190 ίκ
