4064 6218
363 300 470 363 637

361 416 527 476 παντὶ
550 417 758 490 τρόπῳ,
785 419 878 472 καὶ
899 415 1050 492 πάσῃ
1077 418 1279 489 σπουδῇ
1316 416 1631 490 πειρώμεθα
1653 421 1793 475 αὐτά
1815 425 1939 477 ἀνε-

360 513 492 568 λεῖν.
514 511 590 567 οὐ
618 511 728 584 γάρ
749 511 1098 584 ἡσυχάσομεν
1124 512 1219 566 καὶ
1241 512 1320 564 δι’
1339 512 1568 578 ἑαυτῶν,
1599 515 1692 568 καὶ
1725 515 1791 568 δι’
1820 515 1944 582 ἐτέ-

363 625 492 680 ρων,
516 598 591 660 ὧν
619 601 817 660 ἀνόίόν
848 621 905 658 τε
930 601 987 678 ᾖ,
1026 590 1514 672 τοῦτο’ποιοῦντες,
1547 604 1650 659 κᾶν
1683 607 1942 678 μυριάκις

361 698 455 754 καὶ
479 700 561 762 εἰς
589 697 690 767 τὴν
717 695 1294 750 Κωνσταντινούπολιν
1314 695 1632 750 ἀποστεῖλαι
1655 697 1770 771 δέη,
1797 696 1938 752 ὥστε

360 788 560 859 πολλήν
592 804 673 840 σοι
705 785 957 856 γενέσθαι
989 785 1088 859 τὴν
1117 785 1390 853 εὐκολίαν,
1411 785 1531 839 οὐδέ
1558 786 1715 840 τοῦτο
1746 805 1942 859 παραι-

353 881 656 954 τησόμεθα.
689 878 853 933 Ταῦτ’
892 875 986 933 οῦν
1024 878 1200 943 εἰδὼς,
1228 879 1297 932 τὰ
1325 880 1478 951 παρά
1507 878 1704 934 σαυτοῦ
1732 880 1939 952 πάρεχε

352 975 513 1045 ἡμῖν,
531 974 630 1044 τὴν
661 971 988 1041 ἀγρυπνίαν,
1013 971 1109 1024 καί.
1126 969 1224 1042 τὴν
1253 970 1510 1041 σπουδήν.
1533 971 1653 1025 Κᾶν
1676 971 1939 1040 ἀδελφοὺς

351 1063 528 1136 δεήσῃ
569 1061 944 1133 ἀποσταλῆναι
969 1102 985 1128 ,
1018 1061 1116 1116 καὶ
1149 1060 1308 1114 τοῦτο
1360 1060 1599 1132 δήλωσον
1626 1063 1776 1132 ἡμῖν.
1828 1061 1939 1115 Καὶ

348 1155 467 1209 τῶν
497 1154 768 1224 λειψάνων
794 1154 852 1207 δὲ
899 1154 1086 1207 ἕνεκεν
1125 1153 1235 1207 τῶν
1269 1154 1439 1223 ἁγίων
1471 1153 1767 1226 μαρτύρων
1809 1152 1938 1223 ἀμέ-

359 1263 549 1318 ριμνος
579 1245 706 1299 ἐσθ’
744 1246 840 1302 καὶ
882 1245 992 1318 γάρ
1021 1245 1226 1311 εὐθέως
1273 1245 1572 1300 ἀπέστειλα
1608 1246 1698 1300 τὸν
1747 1245 1937 1316 κύριόν

355 1357 462 1411 μου
481 1337 570 1393 τδν
589 1338 986 1392 εὐλαῦέστατον
1005 1335 1276 1410 πρεσϐύτε
1282 1353 1374 1408 ρον
1390 1335 1481 1390 τὸν
1495 1337 1778 1410 Τερέντιον
1801 1336 1936 1409 πρὸς

347 1432 448 1486 τὸν
471 1431 660 1504 κύριόν
686 1448 791 1502 μου
823 1431 918 1484 τὸν
945 1430 1335 1484 εὐλαϐέστατον
1365 1430 1663 1485 ἐπίσκοπον
1685 1431 1934 1503 ὐτρήῖον

352 1523 446 1578 τὸν
483 1523 879 1595 Ἀραὸισσοῦι.
911 1523 1084 1587 Αὐτὸς
1133 1522 1244 1595 γάρ
1276 1521 1390 1594 ἔχει
1439 1522 1534 1577 καί
1579 1523 1932 1595 ἀναμφισὸή-

349 1633 514 1687 τητα,
556 1616 651 1670 καὶ
685 1616 883 1683 πολλὰ,
913 1616 1010 1670 καὶ
1037 1616 1168 1669 εῐσω
1219 1615 1416 1684 ὀλίγων
1455 1615 1679 1686 ἡμερῶν
1708 1617 1934 1670 ἀποστε-

351 1706 554 1778 λοῦμέν
593 1724 674 1760 σοι
705 1707 877 1762 ταῦτα
919 1709 1001 1772 εἰς
1051 1708 1152 1778 τὴν
1202 1707 1476 1778 Φοινίκην.
1515 1707 1701 1778 Μηδὲν
1751 1709 1932 1762 τοίνυν

350 1798 766 1869 ἐλλιμπανέσθω
787 1798 893 1852 τῶν
926 1798 1077 1871 παρά
1098 1799 1199 1869 τῆς
1226 1801 1324 1871 σῆς
1347 1798 1684 1871 τιμιότητος.
1712 1782 1932 1872 Τάγάρ

350 1890 488 1961 παρ’
517 1889 675 1961 ἡμῶν
707 1890 842 1962 ὁρᾷς
881 1891 1001 1962 μεθ’
1040 1891 1172 1962 ὅσης
1207 1889 1566 1960 πεπλήρωται
1597 1889 1696 1960 τῆς
1726 1889 1931 1962 προθυ-

350 1980 505 2050 μίας.
538 1980 804 2047 Σπεῦσον,
851 1982 938 2036 ἵνα
983 1981 1086 2054 πρὸ
1137 1981 1230 2034 τοῦ
1262 1981 1529 2052 χειμῶνος
1560 1979 1791 2052 δυνηθῇς
1833 1979 1932 2045 τὰς

346 2070 614 2141 ἀστέγους
637 2071 665 2112 δ
693 2072 988 2144 ἐκκλησίας
1020 2072 1341 2146 ἀπαρτίσαι.

792 2184 944 2259 [675]
972 2189 1153 2242 PKZ'.
1195 2187 1487 2255 Πολυϐίῳ.

423 2301 616 2366 Ἀλλος
635 2301 732 2374 μὲν
749 2303 813 2358 ἀν
830 2320 913 2366 τις
931 2302 1024 2357 τὸν
1038 2302 1312 2375 ἀφόρητον
1336 2320 1439 2376 κρυ
1447 2302 1545 2375 μὸν
1568 2302 1660 2358 τὸν
1675 2301 1939 2371 ἐνταῦθα,

343 2394 449 2465 τὴν
482 2395 682 2466 πολλὴν
742 2397 979 2468 ἐρημίαν
1008 2396 1102 2450 τοῦ
1138 2396 1360 2468 χωρίου,
1405 2397 1507 2467 τὴν
1539 2396 1930 2468 χαλεπωτάτην

344 2486 658 2558 ἀρρωστίαν
684 2486 704 2558 (
720 2488 814 2542 καὶ
838 2487 948 2558 γὰρ
972 2489 1068 2542 καὶ
1097 2488 1380 2560 ἀρρωστίᾳ
1411 2487 1664 2544 ἐντεῦθεν
1705 2505 1932 2560 περιπε-

347 2578 683 2650 πτώκαμεν)
719 2581 1042 2652 ἀπωδύρατο
1085 2580 1183 2647 ἂν,
1215 2582 1312 2636 καὶ
1360 2581 1695 2657 ὲθρήνησενο
1729 2581 1842 2650 ἐγὼ
1871 2580 1930 2634 δὲ

342 2670 520 2725 ταῦτα
552 2673 731 2741 ἀφεὶς,
763 2673 854 2728 τὸν
887 2675 1164 2746 χωρισμὸν
1191 2674 1535 2748 ἀποδύρομαι
1560 2686 1582 2716 ε
1615 2675 1704 2730 τὸν
1737 2675 1932 2744 ὑμέτε-

342 2781 461 2834 ρον,
491 2763 521 2817 ὃ
551 2764 645 2820 καὶ
674 2765 911 2836 ἐρημίας
941 2767 1037 2820 καὶ
1066 2768 1222 2822 νόσου
1257 2767 1352 2821 καὶ
1383 2767 1655 2837 χειμῶνος
1686 2767 1809 2836 ἐμοὶ
1833 2765 1930 2836 βα-

343 2855 591 2927 ρύτερον.
613 2857 722 2912 Καὶ
741 2857 836 2912 νῦν
855 2858 987 2912 αὐτὸ
1009 2859 1440 2931 χαλεπώτερονῆ
1466 2859 1728 2930 πρότερον
1749 2857 1931 2928 ἐποίη·

341 2966 440 3003 σεν
471 2950 500 3003 ὁ
527 2950 751 3022 χειμών.
781 2953 890 3005 Καὶ
913 2951 1024 3023 γὰρ
1051 2953 1120 3024 ἢν
1159 2953 1329 3024 μόνην
1381 2948 1526 3022 εἶχον
1573 2948 1928 3022 παραμυθίαν

336 3039 440 3094 τοῦ
474 3045 804 3113 πικροτάτου
823 3044 1013 3098 τούτου
1038 3044 1344 3116 χωρισμοῦ,
1366 3044 1426 3098 τὸ
1457 3043 1546 3098 διὰ
1584 3043 1927 3114 γραμμάτων

338 3131 474 3200 ὑμῖν
501 3131 730 3203 ὁμιλεῖν⁹
755 3134 849 3188 καὶ
868 3135 1074 3206 ταύτην
1102 3134 1346 3190 ἐπελθὼν
1371 3138 1520 3208 ἡμᾶς
1542 3136 1812 3206 ἀφείλετο,
1828 3135 1928 3200 τάς

338 3225 496 3289 ὀδοὺς
523 3227 856 3292 ἀποκλείσας
883 3232 949 3300 τῇ
975 3230 1142 3302 πολλῇ
1167 3231 1265 3302 τῆς
1291 3230 1468 3301 χιόνος
1493 3231 1654 3300 φορᾷ,
1683 3230 1774 3282 καὶ
1803 3227 1926 3282 οὐτε

339 3317 546 3384 εξωθεν
571 3320 976 3393 παραγενέσθαι
999 3323 1095 3375 καὶ
1124 3323 1479 3393 συγγενέσθαι
1503 3323 1658 3393 ἡμῖν,
1689 3319 1814 3374 οὐτε
1836 3321 1930 3374 ἐνο

337 3405 535 3461 τεῦθεν
563 3408 860 3479 ἀναστῆναι
891 3409 984 3463 καὶ
1019 3411 1373 3483 ἀποδημῆσαι
1407 3411 1542 3483 πρὸς
1567 3411 1712 3482 ὑμᾶς
1741 3411 1922 3480 ἀφείς.

343 3498 459 3552 Καὶ
485 3497 582 3556 νῦν
608 3499 666 3554 δέ
685 3501 788 3556 οὐκ
814 3500 1036 3556 ἔλαττον
1059 3503 1170 3557 τῶν
1205 3503 1464 3575 Ἰσαύρων
1498 3506 1526 3558 ό
1573 3502 1758 3574 φόϐος,
1788 3502 1938 3557 ἀλλά,

345 3594 443 3647 καὶ
467 3592 649 3664 πολλῷ
670 3592 830 3648 πλέον
851 3594 914 3647 τὸ
937 3595 1069 3648 αὐτὸ
1088 3594 1152 3666 δὴ
1172 3594 1328 3648 τοῦτο
1362 3596 1526 3662 ποιεῖ,
1556 3594 1656 3666 τὴν
1687 3595 1929 3668 ἐρημίαν

344 3684 654 3751 ἐπιτείνων,
685 3685 895 3749 πάντας
927 3685 1190 3752 ἐλαύνων,
1215 3684 1555 3756 φυγαδεύων,
1585 3686 1928 3756 μετανάστας

343 3776 536 3842 ποιῶν.
567 3777 754 3840 Οὐδεὶς
778 3777 887 3847 γάρ
915 3776 1054 3831 οἴκοι
1075 3777 1262 3832 λοιπὸν
1295 3777 1483 3848 μένειν
1505 3778 1780 3848 ἀνέχεται,
1809 3777 1924 3831 ἀλλ’

341 3871 576 3933 ἕκαστος
603 3871 703 3940 τὴν
727 3870 923 3924 ἑαυτοῦ
947 3871 1266 3926 καταλιπὼν
1296 3872 1573 3943 ἀποπηδᾷ.
1605 3871 1716 3925 Καὶ⁸
1745 3871 1800 3924 αἰ
1828 3873 1927 3942 μὲν

345 3962 533 4025 πόλεις
559 3961 667 4016 εἰσὶ
699 3961 884 4016 λοιπὸν
910 3965 1078 4033 τοῖχοι
1110 3963 1206 4016 καί¹
1225 3962 1414 4033 ὅροφοι
1434 4003 1448 4028 ,
1477 3963 1534 4016 αἰ
1561 3961 1618 4015 δέ
1643 3962 1928 4033 φάραγγες

344 4054 440 4107 καὶ
467 4054 523 4107 al
545 4053 712 4109 νάπαι
743 4054 950 4118 πόλεις.
976 4053 1243 4126 Καθάπερ
1265 4054 1372 4126 γὰρ
1398 4055 1466 4108 τά
1494 4055 1664 4126 ἄγρια
1689 4053 1800 4108 τῶν
1832 4054 1929 4126 θη-

347 4149 502 4218 ρίων,
540 4146 836 4219 παρδάλεις
865 4147 959 4200 καὶ
990 4147 1225 4214 λέοντες,
1253 4147 1354 4219 τὴν
1379 4146 1586 4218 ἔρημον
1610 4146 1719 4201 τῶν
1749 4148 1928 4201 οἰκου-

345 4239 528 4309 μένων
572 4239 779 4294 πόλεων
828 4238 1244 4311 ἀσφαλεστέραν
1295 4238 1476 4303 αὐτοῖς
1507 4233 1648 4293 εἶναι
1678 4239 1928 4310 νομίζεισ

342 4331 490 4385 οὕτω
517 4332 582 4402 δὴ
631 4331 723 4386 καλ⁸
775 4334 826 4386 οἰ
853 4332 951 4402 τὴν
992 4332 1282 4402 ’Δρμενίαν
1311 4331 1586 4397 οἰκοῦντες
1625 4333 1923 4408 ἄνθρωποι,

344 4423 442 4475 καὶ
464 4421 583 4476 καθ’
605 4423 843 4494 ἑκάστην
875 4423 1090 4494 ἡμέραν
1122 4423 1322 4489 τόπους
1361 4426 1426 4478 ἐκ
1467 4425 1648 4479 τόπων
1685 4427 1928 4496 ἀναγκα-

347 4511 557 4582 ζόμεθα
591 4512 929 4584 μεταπηδᾷν,
975 4512 1315 4584 Ἀμαξοὸίων
1344 4514 1440 4570 καὶ
1464 4515 1732 4586 Νομάδων
1764 4516 1927 4572 τινῶν

354 4601 471 4674 βίον
507 4603 706 4668 ζῶντες
738 4603 832 4656 καὶ
861 4602 1096 4673 οὐδαμοῦ
1135 4603 1327 4673 στῆναι
1375 4605 1733 4678 θαρροῦντεςο
1785 4608 1928 4663 οὕτω

345 4695 527 4748 πάντα
552 4694 623 4747 τά
641 4691 876 4747 ἐνταῦθα
913 4693 1157 4766 θορύϐων
1193 4695 1355 4766 γέμει
1393 4696 1488 4750 καὶ
1513 4698 1782 4769 ταραχῆς.
1814 4701 1926 4755 Καὶ

343 4789 472 4851 τοὺς
506 4788 604 4859 μὲν
637 4791 702 4860 τῇ
746 4787 1020 4858 παρουσίᾳ
1069 4787 1385 4856 σφάττουσι,
1434 4788 1669 4855 καίουσι,
1707 4791 1927 4858 δούλους

347 4881 461 4934 ἀντ’
495 4879 793 4952 ἐλευθέρων
820 4879 1033 4934 ποιοῦσι
1057 4896 1072 4910 ο
1104 4882 1231 4943 τοὺς
1257 4881 1313 4934 δὲ
1338 4884 1406 4952 τῇ
1454 4882 1612 4954 φήμῃ
1650 4884 1928 4956 δραπέτας

347 4973 667 5045 ἐργάζονται
699 4975 794 5028 καὶ
836 4974 1114 5037 ἀπόλιδας,
1147 4973 1346 5044 μᾶλλον
1383 4976 1438 5029 δὲ
1464 4978 1557 5030 καὶ
1585 4977 1922 5049 ἀναιροῦσιν.

347 5066 503 5121 Ὅσοι
536 5067 644 5138 γάρ
672 5069 780 5122 νέοι
809 5069 1006 5139 κομιδῆ
1047 5069 1105 5120 ἐν
1137 5069 1274 5141 μέσῃ
1327 5071 1477 5124 νυκτί
1524 5071 1784 5138 πολλάκις
1833 5075 1928 5127 καὶ

348 5160 545 5230 κρυμῷ
583 5159 760 5212 πάντα
781 5161 1047 5231 πηγνύντι
1078 5162 1271 5234 ἀθρόον
1293 5163 1391 5233 τῆς
1411 5163 1588 5227 οἰκίας
1621 5165 1926 5236 ἐκπηδῆσαι

349 5248 798 5320 ἡναγκάσθησαν,
822 5250 1011 5322 ὥσπερ
1043 5253 1187 5316 τινὸς
1229 5255 1438 5306 καπνοῦ
1486 5255 1579 5307 τοῦ
1627 5257 1794 5325 φόϐου
1825 5258 1927 5329 τῆς

1814 295 2202 355 EPISTOLAS.

3528 298 3633 358 (388

2053 428 2242 499 φήμης
2265 427 2462 493 αὐτοὺς
2487 424 2822 490 ἐλαύνοντος,
2861 419 2970 476 οὐκ
3007 416 3306 490 ἐδεήθησαν
3359 417 3636 490 μαχαίρας

2064 519 2370 592 Ἰσαυρικῆς
2430 518 2508 582 εἰς
2547 517 2608 570 τὸ
2657 512 2956 568 καταλῦσαι
2986 509 3076 564 τὸν
3129 508 3261 580 βίον,
3324 508 3439 562 ἀλλ’
3475 510 3532 562 ἐν
3550 512 3624 578 ττξι

2050 611 2187 681 χιόνι
2218 611 2504 676 παγέντες,
2536 606 2706 671 οῦτως
2727 602 3082 659 ’ἀπέπνευσαν
3104 640 3119 666 ,
3159 602 3258 654 καὶ
3283 601 3505 670 γέγονεν
3529 601 3617 656 αῦ⁴

2050 704 2159 766 τοῖς
2176 702 2275 774 τῆς
2299 703 2393 758 τοῦ
2424 701 2651 757 θανάτου
2684 698 2912 770 φυγῆςή
2937 696 3206 768 πρόφασις
3234 693 3467 749 θανάτου
3498 694 3631 767 πρό-

2050 805 2212 858 φασις
2246 790 2666 861 χαλεπωτάτου⁶
2722 789 2784 841 ἐν
2815 783 3026 850 τούτοις
3073 783 3142 838 τὰ
3197 784 3461 856 ἡμέτερα.
3518 786 3632 840 Καὶ

2047 881 2216 936 ταῦτα
2245 884 2562 955 εἰρήκαμεν,
2592 881 2690 952 οὐχ
2711 879 2797 934 ἵνα
2819 893 2879 932 σε
2903 877 3235 950 λυπήσωμεν
3263 871 3355 949 (εὖ
3380 876 3488 948 γὰρ
3513 871 3631 932 οῖδα

2046 972 2127 1032 ὅτι
2160 973 2460 1046 καθάψεται
2488 991 2581 1028 σου
2615 971 2684 1027 τὰ
2721 969 3041 1044 εἰρημένα),
3064 967 3178 1024 ἀλλ’
3204 969 3292 1024 ἵνα
3323 968 3423 1041 τὴν
3448 969 3630 1024 αἰτίαν

2045 1065 2286 1137 εἴπωμεν
2313 1067 2415 1138 τῆς
2472 1066 2687 1139 μακρᾶς
2717 1065 2924 1133 ταύτης
2963 1061 3124 1132 σιγῆς
3147 1099 3163 1126 ,
3205 1061 3300 1114 καὶ
3328 1060 3381 1114 τί
3429 1061 3628 1132 δήποτε

2045 1159 2142 1230 6ψέ
2194 1160 2286 1213 καὶ
2318 1159 2556 1229 βραδέως
2585 1155 3021 1225 ἐπεστάλκαμεν.
3064 1151 3219 1208 Οὕτω
3270 1151 3379 1223 γὰρ
3425 1153 3628 1217 πάντες

2043 1252 2191 1323 ἡμᾶς
2229 1251 2515 1315 ἀπέλιπον,
2563 1245 2640 1313 ὡς
2696 1246 2831 1319 μηδέ
2890 1246 3071 1318 εὑρεῖν
3107 1260 3230 1298 τινα
3294 1242 3390 1298 τὸν
3445 1243 3628 1296 ἐκεῖσε

2043 1339 2459 1412 ἀφικνούμενον,
2496 1339 2610 1394 ἀλλ’
2634 1337 3045 1408 ἀναγκασθῆναι
3093 1335 3184 1389 τὸν
3213 1332 3440 1388 συνόντα
3492 1335 3626 1404 ἡμῖν

2044 1436 2412 1509 πρεσϐύτερον
2435 1437 2734 1507 ἀναστῆσαι
2765 1432 3037 1498 ἐντεῦθεν,
3090 1431 3184 1487 καί
3225 1430 3440 1502 πέμψαι
3487 1429 3626 1501 πρὸς

2041 1529 2140 1602 τὴν
2167 1527 2442 1600 ὑμετέραν
2470 1525 2900 1598 θαυμασιότητα.
2935 1521 3238 1592 Δεξάμενος
3259 1520 3438 1577 τοίνυν
3462 1519 3627 1574 αὐτὸν

2041 1620 2117 1686 ὥς
2150 1637 2230 1674 σοι
2273 1619 2500 1690 πρέπον,
2533 1617 2744 1689 ταχέως
2794 1618 2928 1688 ἡμῖν
2963 1613 3246 1686 ἔκπεμψον
3276 1611 3621 1682 εὐαγγελιζό⁸

2043 1727 2201 1782 μενον
2245 1708 2344 1780 τὴν
2377 1708 2567 1776 ὑγείαν
2615 1707 2716 1777 τῆς
2764 1708 2864 1778 σῆς
2919 1705 3237 1776 ἐμμελείας.
3290 1699 3464 1758 Οἶσθα
3513 1705 3639 1780 γάρ,

2038 1796 2186 1858 ὅπως
2215 1796 2344 1866 ἡμῖν
2373 1792 2840 1864 περισπούδαστον
2878 1793 3036 1846 τοῦτο
3071 1792 3386 1864 μανθάνειν.

2534 1889 2718 1941 PKH’.
2756 1884 3116 1955 Μαριγιανῷ.

2108 1979 2233 2042 Τοῖς
2253 1977 2350 2050 μὲν
2379 1977 2559 2041 ἀλλοις
2575 1976 2778 2031 ἀπασιν
2801 1976 3110 2048 ἀνθρώποις
3125 1977 3224 2049 ἡδὺ
3244 1978 3306 2032 τὸ
3326 1977 3446 2052 ἔαρ,
3467 1977 3620 2052 [674]

2035 2072 2119 2128 ὃτι
2144 2072 2242 2143 τὴν
2269 2071 2392 2142 ὄψιν
2435 2071 2536 2141 τῆς
2563 2071 2668 2142 γῆς
2704 2069 2890 2126 ἄνθεσι
2936 2070 3288 2136 καλλωπίζει,
3321 2072 3414 2126 καί.
3442 2072 3622 2126 πάντα

2035 2163 2274 2219 δείκνυσι
2301 2163 2600 2235 λειμῶνας
2656 2163 2781 2235 ἐμοὶ
2819 2162 2900 2228 δέ,
2934 2164 3018 2217 ὅτι
3053 2165 3286 2229 καὶτοῖς
3329 2166 3484 2220 ἐθάσι
3507 2168 3621 2230 τοῖς

2033 2252 2187 2325 ἐμοῖς
2217 2253 2567 2324 συγγίνεσθαι
2599 2253 2688 2308 διὰ
2713 2254 3060 2327 γραμμάτων
3107 2255 3357 2311 εὐκολίαν
3391 2258 3620 2328 παρέχει

2034 2346 2254 2419 πολλήν.
2301 2346 2636 2418 Ἐϐουλόμην
2669 2347 2767 2418 μὲν
2789 2347 2900 2418 γὰρ
2927 2347 3019 2401 καὶ
3043 2347 3237 2412 αὐταῖς
3268 2348 3454 2420 ὄψεσιν
3477 2349 3506 2401 ὑ
3515 2351 3623 2420 μᾶς

2034 2435 2261 2510 θεωρεῖν
2281 2455 2294 2466 ·
2323 2437 2512 2508 ἐπειδὴ
2545 2437 2604 2490 δέ
2630 2437 2788 2490 τοῦτο
2807 2437 2908 2492 οὐκ
2927 2436 3028 2503 ἔνι,
3051 2439 3188 2510 ὅπερ
3218 2439 3297 2494 ἔνι
3329 2442 3468 2512 μετά
3493 2441 3620 2496 πολ-

2033 2527 2130 2600 λῆς
2157 2527 2295 2583 ποιῶ
2327 2529 2427 2600 τῆς
2453 2527 2786 2601 προθυμίας,
2823 2529 2912 2584 διὰ
2968 2531 3315 2602 γραμμάτων
3340 2533 3468 2603 ὑμῖν
3496 2536 3619 2604 ὁμι-

2033 2621 2160 2675 λῶν.
2192 2619 2302 2674 Καὶ
2330 2621 2429 2690 οὐχ
2457 2619 2601 2674 οὕτω
2625 2619 2820 2675 ναῦται
2839 2621 2935 2674 καὶ
2966 2621 3248 2692 πλωτῆρες
3281 2624 3400 2693 μεθ’
3427 2624 3621 2696 ἡδονῆς

2033 2713 2102 2766 τά
2135 2712 2396 2767 θαλάττια
2433 2711 2694 2782 τέμνουσι
2723 2712 2889 2778 νῶτα,
2941 2712 3158 2783 ἐκείνης
3189 2713 3283 2766 τοῦ
3336 2713 3488 2778 ἔτους
3520 2718 3620 2787 τῆς

2031 2805 2182 2875 ὥρας
2212 2803 2533 2875 ἐπιστάσης,
2557 2803 2634 2868 ὼς
2675 2803 2787 2872 ἐγὼ
2827 2803 3094 2874 κάλαμον,
3141 2804 3236 2858 καὶ
3265 2805 3492 2877 χάρτην,
3523 2810 3619 2860 καὶ

2034 2897 2202 2969 μέλαν
2235 2895 2706 2966 μεταχειρίζομαι,
2747 2894 2957 2965 μέλλων
2995 2895 3330 2949 ἐπιστέλλειν
3357 2897 3510 2967 ὑμῶν
3549 2902 3619 2970 τῇ

2031 2987 2318 3060 ἐμμελείᾳ.
2348 2986 2508 3058 Παρά
2542 2986 2641 3058 μὲν
2667 2985 2778 3059 γὰρ
2825 2987 2916 3040 τὸν
2963 2986 3058 3040 τοῦ
3095 2986 3362 3058 χειμῶνος
3403 2989 3622 3061 καιρὸν,

2030 3078 2124 3133 τοῦ
2156 3077 2368 3151 κρυμοῦ
2399 3078 2580 3133 πάντα
2603 3077 2930 3149 πηγνύντος,
2955 3077 3050 3132 καὶ
3075 3081 3176 3150 τῆς
3201 3079 3411 3149 ἀφάτου
3441 3080 3620 3151 χιόνος

2029 3172 2128 3237 τὰς
2162 3172 2314 3236 ὁδοὺς
2345 3170 2817 3243 ἀποτειχιζούσης,
2844 3170 2967 3225 οὐτε
2995 3171 3196 3239 ἔξωθέν
3224 3188 3311 3236 τις
3339 3173 3472 3244 ἡμῖν
3496 3174 3616 3226 ἐπι-

2030 3265 2320 3339 χωριάζειν
2346 3266 2613 3337 ἠνείχετο,
2645 3263 2767 3318 οὔτε
2789 3261 3041 3318 ἐντεῦθεν
3071 3263 3391 3334 ἀναστῆναι.
3417 3265 3618 3335 Διόπερ

2030 3360 2127 3414 καὶ
2146 3360 2326 3430 ἡμεῖς,
2359 3357 2610 3429 καθάπερ
2635 3357 2694 3410 ἐν
2721 3355 3100 3427 δεσμωτηρίῳ,
3120 3357 3232 3420 τοῖς
3254 3355 3487 3410 ἐνταῦθα
3510 3357 3616 3410 δω-

2035 3447 2247 3519 ματίοις
2299 3446 2712 3518 καθειργμένοι,
2750 3445 2846 3498 καὶ
2879 3444 3070 3514 ὥσπερ
3121 3445 3230 3498 τινὶ
3264 3445 3614 3516 γλωσσοπέδῃ

2031 3539 2412 3610 κατεχόμενοι,
2445 3541 2512 3610 τῇ
2539 3537 2648 3593 τῶν
2685 3537 3174 3610 γραμματηφόρων
3221 3538 3426 3609 ἀπορία
3448 3579 3462 3599 ,
3521 3539 3618 3592 καί⁹

2031 3631 2254 3694 ἄκοντες
2282 3631 2380 3702 τὴν
2413 3630 2629 3702 μακρὰν
2675 3631 3010 3702 ἐσιγήσαμεν
3061 3630 3237 3699 σιγήν.
3306 3629 3522 3697 Ἐπειδὴ
3557 3629 3616 3682 δὲ

2031 3722 2215 3778 λοιπὸν
2239 3722 2442 3793 ἀνέῳξε
2460 3722 2558 3786 τὰς
2573 3723 2879 3793 λεωφόρους
2897 3721 2998 3790 τῆς
3014 3721 3322 3791 ὁδοιπορίας
3348 3721 3376 3772 ὁ
3399 3721 3614 3791 καιρὸς.

2032 3817 2126 3868 καί
2151 3818 2282 3886 ἡμῖν
2310 3813 2380 3868 τά
2407 3814 2580 3884 δεσμά
2609 3815 2708 3885 τῆς
2745 3814 2989 3882 γλώττης
3018 3811 3174 3865 έλυσε
3193 3850 3207 3873 ,
3243 3812 3335 3866 τὸν
3363 3813 3459 3867 σὺν
3483 3814 3615 3884 ἡμῖν

2032 3903 2401 3976 πρεσϐύτερον
2425 3901 2678 3958 ἐντεῦθεν
2709 3901 3146 3971 ἀναστήσαντες,
3191 3900 3616 3972 ἀπεστάλκαμεν

2030 3996 2168 4067 πρὸς
2194 3995 2294 4068 τὴν
2325 3995 2592 4066 ὑμετέραν
2614 3993 2912 4060 εὐγένειαν,
2939 3994 3211 4064 εἰσόμενοι
3247 3994 3315 4047 τά
3353 3995 3481 4067 περί
3511 3995 3615 4066 τῆς

2032 4086 2218 4157 ὑγείας
2247 4085 2422 4158 ὑμῶν.
2456 4084 2757 4155 Δεξάμενος
2808 4085 2989 4140 τοίνυν
3021 4085 3206 4153 αὐτὸν,
3245 4087 3483 4142 δέσποτά
3509 4105 3610 4160 μου

2032 4176 2471 4250 θαυμασιώτατε,
2497 4173 2678 4241 καθώς
2704 4193 2786 4231 σοι
2811 4177 3019 4249 πρέπον
3044 4181 3181 4244 ἐστὶ,
3204 4183 3298 4235 καὶ
3326 4181 3450 4236 ἰδὼν
3473 4182 3616 4254 μετά

2030 4272 2130 4343 τῆς
2161 4271 2244 4324 σοὶ
2275 4269 2589 4342 πρεπούσης
2615 4268 2858 4340 ἀγάπης,
2881 4269 3042 4342 ἡνίκα
3070 4271 3137 4326 ἂν
3153 4273 3370 4345 ἐπανίῃ,
3397 4274 3463 4328 τὰ
3485 4277 3613 4346 περὶ

2030 4363 2130 4433 τῆς
2157 4361 2368 4430 ὑγιείας
2397 4376 2490 4414 σου
2527 4357 2768 4430 δηλῶσαι
2821 4360 2953 4431 ἡμῖν
2985 4361 3389 4434 παρακληθητι.
3442 4359 3612 4418 θῖσθα

2030 4453 2140 4526 γάρ
2167 4453 2314 4518 ὅπως
2336 4453 2466 4524 ἡμῖν
2495 4450 2962 4524 περισπούδαστον
2992 4453 3121 4526 περὶ
3161 4453 3366 4527 ταύτης
3407 4455 3614 4526 μανθάσ

2030 4563 2088 4602 νε
2096 4563 2164 4599 ιν.

2269 4639 2449 4692 ΡΚΘῖ.
2487 4635 2808 4706 Μαρκιανῷ
2837 4635 2937 4690 καί
2963 4638 3380 4706 Μαρκελλίνῳ.

2112 4731 2202 4795 Ὦς
2235 4728 2374 4801 καλὴ
2403 4727 2558 4800 ὑμῶν
2608 4729 2642 4800 ὴ
2675 4726 2926 4800 ξυνωρὶς,
2977 4728 3069 4782 καὶ
3110 4729 3314 4800 σφόδρα
3336 4723 3466 4801 ἡμῖν
3516 4748 3611 4785 πο-

2034 4821 2203 4893 θεινὴ,
2220 4822 2280 4875 οὐ
2301 4820 2450 4891 νόμῳ
2479 4819 2694 4890 φύσεως
2725 4819 2906 4890 μόνον,
2935 4818 3072 4873 ἀλλά
3103 4821 3197 4873 καὶ
3226 4821 3449 4894 ἀγάπης
3479 4840 3610 4892 σφο-

2033 4911 2296 4983 δροτάτης
2323 4908 2512 4963 ἀλύσει
2534 4907 2911 4979 συνδεδεμένη.
2956 4908 3054 4962 Διά
3079 4908 3252 4964 ταῦτα
3277 4911 3612 4976 καλλωπιζό-

2036 5000 2174 5072 μεθα
2203 4998 2357 5070 ὑμῶν
2387 4999 2454 5070 τῇ
2477 4997 3088 5070 φιλίαέναὸρυνόμενοι,
3119 5000 3216 5054 καὶ
3235 5002 3610 5074 ἐπιθυμοῦμεν

2034 5094 2129 5148 καί
2152 5093 2248 5163 τῆς
2290 5093 2410 5146 κατ’
2441 5091 2563 5161 δψιν
2607 5091 2897 5162 συντυχίας
2946 5095 3254 5164 μετασχεῖν.
3307 5095 3524 5166 Ἐπειδὴ
3552 5097 3610 5150 δέ

2032 5185 2192 5240 τοῦτο
2218 5185 2355 5248 τέως
2368 5183 2469 5237 οὐκ
2483 5182 2733 5252 ἕνι,ὅπερ
2750 5183 2829 5236 ἔνι
2859 5182 3137 5254 ποιοῦμεν,
3165 5184 3449 5256 γράφομεν
3487 5203 3613 5240 συν⁶

2033 5277 2196 5348 εχῶς,
2223 5274 2551 5348 μεμνήμεθα
2569 5274 2959 5345 διηνεκῶς,ἐπὶ
2983 5277 3220 5340 διανοίας
3244 5278 3388 5350 ὑμᾶς
3415 5297 3612 5334 πάντα.

1895 5360 1915 5399 δ
2031 5367 2130 5440 χοῦ
2160 5367 2548 5440 περιφέρομεν,
2579 5367 2824 5439 ὅπουπερ
2854 5368 2920 5422 ἂν
2947 5362 3126 5439 ὦμεν,
3157 5370 3278 5424 οὐδέ
3313 5373 3505 5444 μικρὸν
3529 5373 3610 5443 τῷ

409 5427 437 5456 ⁸
451 5425 652 5499 (Σεξίεξὶοιι1
666 5426 1114 5499 ,τὸνρῦλαϐέστατον
1138 5428 1416 5499 ἐπίσκοπον
1430 5431 1646 5494 Ὀτρήῐον
1675 5432 1757 5499 τὸν
1787 5432 1928 5499 Ἀρα-

350 5486 540 5568 ξισσοῦ.
567 5487 727 5568 Υιειὶιῑἱ
749 5490 1263 5568 ἐπίσκοπονᾯτρηξον.
1287 5492 1438 5568 Sa‘vil.
1463 5486 1662 5568 quidque
1686 5486 1922 5568 Ὀτρήῖογ.

355 5548 405 5618 ἰιι
427 5551 549 5623 edi}.
577 5549 748 5623 Ἀρι-εἰ.
772 5553 945 5623 Τρήιον
973 5548 1279 5623 ιηοΙεΣ-Βοε.
1307 5558 1377 5621 τῷ
1417 5548 1685 5622 κυρίῳμου
1716 5548 1786 5623 τῷ
1819 5548 1922 5608 ξω..

348 5610 596 5676 ἐπισεόπῳ
627 5609 836 5676 Ὀτρηΐῲ
871 5614 1177 5676 Ἀραϐισσοῦ.

415 5670 439 5736 ξι
465 5670 590 5736 Iros
610 5670 728 5722 mss;
749 5670 1085 5736 ἀστεγάστους.

416 5733 439 5764 ⁸
465 5732 589 5784 Tres
617 5748 728 5785 mss.
758 5732 1000 5802 χωρισμὸν
1019 5737 1308 5802 ὀλοφύρομαι

2036 5461 2201 5532 μήκει
2223 5460 2320 5531 τῆς
2344 5457 2465 5513 ὁδοῦ
2487 5459 2836 5533 διειργόμεθα
2863 5461 2966 5532 τῆς
2983 5462 3277 5534 ἐμμελείας
3296 5465 3396 5536 τῆς
3415 5465 3611 5535 ύμετέυ

2034 5570 2154 5624 ρας.
2189 5550 2442 5606 Τοιοῦτον
2465 5552 2575 5624 γάρ
2600 5553 2699 5624 τῆς
2728 5553 2947 5626 ἀγάπης
2972 5553 3035 5607 τὸ
3079 5555 3280 5626 πτερόν
3302 5572 3315 5586 ·
3363 5556 3458 5610 καὶ
3487 5554 3606 5608 ὁδὸν

2036 5644 2129 5697 καὶ
2151 5641 2430 5714 διάστημα
2462 5642 2698 5706 εὐκόλως
2733 5644 2912 5715 περᾷ,
2959 5644 3053 5697 καὶ
3087 5645 3425 5715 πραγμάτων
3451 5653 3604 5703 περι·

2039 5737 2281 5802 στάσεως
2311 5736 2644 5812 ὑψηλότερον
2675 5737 2901 5808 γίνεται.
2929 5738 3020 5792 Διὸ
3072 5738 3168 5790 καὶ
3205 5740 3396 5809 ἡμεῖς,
3431 5732 3602 5785 καίτοι
