4064 6218
491 395 602 460 689

490 505 711 589 πολλαῖς
732 525 1076 598 συνεχόμενοι
1102 530 1364 604 θλίψεσιν,
1398 533 1676 610 ἐρημίαις,
1703 543 2061 617 πολιορκίαις,

491 615 766 686 συνεχέσιν
789 617 999 687 ἐφόδοις
1025 620 1363 696 λῃστρικαῖς,
1395 629 1572 686 οὐδενὶ
1589 632 1794 688 τούτων
1826 615 2069 708 ῥαθυμό-

486 720 635 774 τεροι
661 706 788 778 περὶ
807 708 869 761 τὸ
891 709 1065 780 φιλεῖν
1097 714 1242 786 ὑμᾶς
1263 721 1626 793 γεγενήμεθα,
1657 723 1772 779 ἀλλ’
1800 706 2069 784 ἀνθοῦσαν

484 793 748 865 διηνεκῶς
792 799 890 872 τὴν
925 805 1055 876 περὶ
1092 807 1238 880 ὑμᾶς
1269 810 1633 887 διατηροῦμεν
1666 817 1924 876 διάθεσιν.
1976 821 2068 876 Διὸ

485 885 578 936 καὶ
610 889 1033 964 παρακαλοῦμεν
1056 899 1442 975 συνεχέστερον
1474 885 1606 977 ἡμῖν
1635 909 1972 965 ἐπιστέλλειν
1999 909 2068 965 τὰ

491 979 618 1049 περὶ
658 981 758 1052 τῆς
801 983 989 1054 ὑγείας
1047 989 1146 1062 τῆς
1203 993 1474 1067 ὑμετέρας
1523 998 2062 1074 εὐαγγελιζομένους.

494 1074 637 1128 Ἴπε
670 1077 777 1150 γάρ
803 1080 956 1136 αὐτοὶ
989 1083 1121 1156 ὅσην
1149 1086 1398 1144 ἐντεῦθεν
1429 1095 1837 1166 καρπωσόμεθα
1881 1099 1974 1154 καὶ
2005 1101 2065 1153 ἐν

481 1165 688 1238 ἐρημίᾳ
715 1170 1014 1244 καθήμενοι
1039 1176 1139 1248 τὴν
1165 1165 1531 1254 παράκλησιν.

482 1277 634 1352 [675]
671 1283 803 1340 PA'.
827 1285 1104 1379 ~Kc£atq§L
1121 1296 1444 1379 οὐαλερίςρ,
1471 1302 1776 1379 Διοφάντῳ
1795 1347 1811 1374 ,
1842 1311 2063 1379 Κυρια-

776 1365 879 1424 mp,
908 1365 1335 1436 πρεσϐυτέροις
1381 1365 1762 1445 Ἀντιοχείας-ί

562 1455 845 1528 Ῥαγδαίόν
874 1483 928 1519 τι
960 1470 1150 1541 χρῆμα
1185 1479 1280 1528 καὶ
1337 1476 1512 1548 βίαιον
1543 1483 1576 1554 ή
1606 1483 1814 1558 ἀγάπη,
1848 1489 1943 1542 καὶ
1969 1489 2062 1545 δα-

485 1549 691 1602 νειστοῦ
727 1556 925 1622 παντὸς
955 1561 1186 1634 σφοδροῦ
1217 1565 1537 1642 βιαιότερον.
1563 1549 1710 1629 Ὀὐδέ
1736 1549 1845 1653 γάρ
1887 1581 2060 1647 οὕτως

481 1639 681 1697 ἐκεῖνοι
712 1646 839 1712 τοὺς
866 1649 934 1704 τά
965 1653 1066 1726 χρή
1077 1671 1219 1725 ματα
1244 1639 1558 1729 ὀφείλοντας
1597 1639 1780 1733 αὐτοῖς
1801 1639 2062 1742 ἀγχοντες

477 1732 821 1805 ἀπαιτοῦσιν,
855 1741 929 1807 ὡς
957 1744 1112 1816 ὑμεῖς
1149 1749 1249 1821 τῆς
1273 1751 1494 1827 ἀγάπης
1543 1757 1643 1829 τὴν
1681 1732 2058 1839 ά.λυσιν“περι-ἰ

480 1823 684 1892 θέντες,
716 1832 853 1904 πρὸς
879 1834 978 1908 τὴν
1021 1838 1130 1893 τῶν
1179 1823 1479 1904 ἐπιστολῶν
1505 1823 1656 1922 ὴμάς
1687 1853 1894 1910 ἔκτισιν
1922 1823 2054 1914 κάτ-

475 1918 748 1987 επείγετε,
780 1924 958 1980 καίτοι
986 1928 1248 1998 πολλάκις
1278 1934 1440 1992 τοῦτο
1473 1918 1808 2010 καταθέντας
1821 1947 1882 2000 τὸ
1899 1948 2059 2021 δφλη·

477 2027 574 2080 μα.
614 2012 773 2070 Ἀλλά
798 2018 1022 2093 τοιαύτη
1047 2023 1236 2079 τούτου
1270 2028 1365 2082 τοῦ
1397 2031 1594 2103 χρέους
1642 2036 1674 2108 ἡ
1724 2038 1886 2108 φύσις
1913 2012 2056 2098 ίάέι

475 2107 841 2178 κατατίθεται,
888 2115 982 2169 καὶ
1008 2115 1094 2170 ἀεὶ
1121 2118 1415 2190 ὀφείλεται.
1449 2125 1550 2180 Διά
1575 2107 1743 2185 τοῦτο
1769 2134 1862 2187 καὶ
1898 2136 2057 2208 ὑμεῖς

473 2194 732 2263 πολλάκις
755 2199 1039 2275 δεξάμενοι
1072 2210 1400 2282 γράμματα,
1431 2218 1494 2270 οὐ
1537 2221 1886 2292 κορέννυσθε.
1935 2194 2055 2284 ’Καί

479 2287 580 2360 γὰρ
608 2293 702 2345 καὶ
729 2294 886 2349 τοῦτο
923 2299 1152 2373 ἐκείνης
1170 2304 1232 2359 τὸ
1256 2287 1656 2383 πλεονέκτημα,
1682 2317 1777 2370 καὶ
1809 2323 2056 2391 μιμεῖται

472 2382 569 2452 τὴν
600 2383 898 2457 Θάλασσαν,
929 2391 964 2463 ἡ
995 2395 1203 2466 μυρίων
1236 2382 1574 2473 πανταχόθεν
1605 2408 1687 2470 είς
1711 2382 1888 2483 αὐτὴν
1902 2415 2054 2486 ῥεόν-

473 2492 581 2528 των
636 2480 918 2551 ποταμῶν,
967 2485 1067 2539 οὐκ
1097 2489 1458 2560 ἐμπίπλαται.
1512 2499 1766 2557 Τοιοῦτον
1817 2506 1909 2559 καὶ
1953 2508 2056 2579 τῆς

471 2567 642 2639 ἀκοῆς
663 2569 816 2640 ὑμῶν
840 2572 900 2627 τό
929 2575 1150 2644 πλάτος·
1173 2581 1264 2636 διὰ
1285 2584 1465 2651 τοῦτο.
1487 2589 1598 2662 ὅσῳ
1611 2591 1678 2647 ἂν
1707 2593 1924 2650 πλείονα

472 2657 743 2732 ϐάλωμεν,
768 2666 1010 2740 τοσούτῳ
1041 2671 1306 2742 μειζόνως
1320 2676 1419 2750 τὴν
1444 2657 1619 2752 φλόγα
1634 2686 1733 2757 τῆς
1759 2657 2071 2758 διαθέσεῶς,

469 2749 625 2822 ὑμῶν
652 2755 957 2830 ἐγείρομεν.
989 2763 1084 2836 Μὴ
1111 2766 1292 2823 τοίνυν
1322 2749 1580 2845 νομίσητε
1605 2749 2053 2850 ὑποπτεύσαντας

470 2844 626 2916 ὑμῶν
665 2849 766 2920 τὴν
819 2854 1023 2923 φιλίαν,
1082 2860 1173 2914 τὸν
1201 2862 1409 2935 βραχὺν
1449 2844 1639 2924 τοῦτον
1697 2844 2050 2951 σεσιγηκέύαι

469 2937 678 3007 χρόνον.
715 2941 820 2998 Καὶ
842 2947 950 3020 7&9
977 2953 1284 3011 τούναντίον
1313 2957 1458 3014 ἅπαν
1482 2963 1758 3039 ἐπάθομεν
1797 2937 1888 3038 ἂν,
1912 2974 1966 3026 εί
1985 2994 2050 3046 γε

467 3028 942 3110 ὑπωπτεύσαμεν,
985 3044 1080 3097 καὶ
1133 3047 1424 3117 πλεονάκις
1475 3054 1542 3109 ἀν
1611 3028 2046 3140 ἐπεστάλκαμεν.

467 3119 679 3197 Ὠσπερ
715 3127 823 3201 7&9
849 3133 909 3184 οὐ
937 3137 1128 3206 χρείαν
1166 3138 1382 3212 ἔχουσιν
1427 3149 1476 3203 οἱ
1530 3150 1805 3222 ἰσχύοντες

464 3213 638 3318 οὑτως
657 3221 707 3273 οί
727 3221 978 3298 ὀλίγωροι
1009 3233 1101 3286 καὶ
1131 3213 1596 3310 ἀναπεπτωκότες
1602 3213 1812 3320 ,πολλῆς
1839 3213 2048 3308 δέονταί

463 3307 563 3414 της
592 3310 904 3384 θεραπείας.
942 3322 1006 3377 Εἰ
1031 3325 1209 3383 τοίνυν
1238 3331 1330 3386 καὶ
1353 3334 1516 3407 ἡμεῖς
1539 3307 1814 3413 ᾐσθόμεθα
1840 3345 2046 3416 χωλευ-

462 3401 629 3475 ούσης
658 3406 814 3478 ὑμῶν
851 3413 950 3484 τῆς
979 3414 1289 3490 διαθέσεως,
1325 3401 1428 3482 οὐκ
1461 3401 1930 3510 ἀν’-ἠμελήσαμὶεν
1977 3441 2048 3496 τά

462 3499 594 3572 παρ’
645 3503 854 3559 ἑαυτῶν
885 3510 1248 3585 εἰσφέροντες,
1301 3518 1443 3576 ὥστε
1474 3525 1645 3599 αὐτὴν
1673 3530 1979 3588 ἀνακαῦσαι
2018 3547 2045 3576 ⁸

464 3593 745 3663 μειζόνως.
775 3601 865 3673 Τῷ
897 3603 954 3659 δι
991 3609 1200 3681 σφόδρα
1232 3613 1360 3685 ὑμῖν
1394 3593 1655 3690 θαρρεῖν,
1704 3624 1798 3677 καὶ
1849 3625 2044 3680 εἰδέναι

462 3690 670 3759 σαφῶς,
711 3692 793 3749 δτι
831 3699 926 3752 καὶ
953 3699 1254 3774 δεχόμενοι,
1307 3710 1505 3784 καὶμὴ
1555 3713 1836 3786 δεχόμενοι
1863 3720 2044 3791 γράμ-

461 3800 627 3852 ματα,
652 3786 875 3857 παγίαν,
912 3791 1189 3867 ἀκίνητον,
1220 3801 1470 3874 μόνιμον,
1505 3803 1797 3876 ἄτρεπτον.
1821 3786 2040 3882 ἀκλινῆ,

455 3877 836 3948 ἀκμάζουσαν,
852 3884 947 3940 καὶ
962 3887 1229 3946 ἀνθοῦσαν
1245 3893 1419 3967 αὐτὴν
1434 3895 1695 3969 διηνεκῶς
1712 3877 2040 3975 διατηρεῖτε,

455 3969 556 4022 οὐκ
575 3971 878 4042 ἀναγκαίας
894 3978 975 4042 είς
991 3981 1150 4037 τοῦτο
1171 3984 1495 4059 ἐνομίζομεν
1513 3989 1670 4062 ἡμῶν
1691 3991 1792 4057 τάς
1820 3969 2040 4049 ἐπιστοέ

455 4058 573 4126 λάς,
593 4063 706 4118 ἀλλ’
744 4067 826 4132 είς
855 4069 916 4122 τὸ
938 4068 1233 4141 διαθέσεως
1271 4058 1566 4136 ἀποδοῦναι
1593 4081 1838 4156 ὄφλημα.
1885 4087 2042 4142 Ἐπεὶ

454 4152 552 4206 καὶ
584 4153 679 4210 νῦν
707 4157 769 4210 οὐ
806 4161 1015 4232 χρείας,
1044 4164 1183 4220 ἀλλά
1208 4169 1388 4236 φιλίας
1416 4173 1600 4230 ἕνεκεν
1626 4152 2034 4251 ἐπιστέλλομεν.

455 4243 581 4298 Ὀτι
607 4247 718 4321 7&9
747 4250 848 4304 κᾶν
882 4252 1066 4309 πολλοὶ
1103 4258 1433 4333 πολλαχόθεν
1479 4266 1529 4319 οί
1563 4269 1830 4340 χειμῶνες
1861 4243 2040 4342 φύων-

452 4357 565 4405 ται,
617 4341 711 4395 καὶ
742 4343 911 4416 μυρία
956 4347 1094 4418 πρὸς
1121 4349 1254 4422 ὕψος
1277 4354 1559 4428 ἐγείρηται
1589 4361 1657 4415 τά
1682 4341 1922 4435 κύματα,
1951 4365 2040 4418 οὐ·

449 4427 539 4482 δέν
579 4429 724 4502 ὑμᾶς
756 4433 956 4506 βλάψαι
1009 4437 1252 4511 δύναται,
1282 4445 1377 4498 καὶ
1402 4427 1405 4428 ν
1429 4447 1687 4519 ἐμϐαλεῖν
1717 4427 1799 4517 είς
1849 4427 1917 4509 τὸν
1935 4457 2035 4528 τῆς

451 4520 688 4592 ἀθυμίας
710 4525 1022 4598 κλυδώνιον,
1054 4532 1254 4600 ἱκανῶς
1273 4538 1302 4590 ό
1327 4539 1614 4612 παρελθὼν
1633 4541 1801 4610 ἔδειξε
1820 4520 2029 4618 χρόνος.

450 4608 526 4660 Οὐ
552 4609 732 4666 τοίνυν
763 4613 840 4678 ὼς
861 4618 1277 4692 προσδεομένοις
1323 4608 1426 4698 τῆς
1454 4629 1702 4686 ἐντεῦθεν
1741 4608 2031 4711 παρακλη-

449 4715 588 4764 σεως
607 4702 1016 4781 ἐπιστέλλομεν,
1069 4711 1206 4768 ἀλλά
1237 4715 1521 4788 δηλοῦντες
1547 4763 1562 4789 ,
1600 4725 1683 4778 ὅτι
1743 4702 2029 4801 χαίρομεν,

448 4795 783 4868 σκιρτῶμεν,
814 4799 1222 4877 εὐφραινόμεθα
1249 4809 1354 4865 ὑπὸ
1389 4814 1485 4885 τῆς
1517 4795 2032 4897 ἡδονῆς-τοσαύτης

446 4886 541 4936 καὶ
564 4887 629 4940 ἐκ
663 4892 920 4946 τοσούτου
955 4894 1323 4971 διαστήματος
1354 4886 1576 4980 ἀγάπης
1606 4886 1758 4984 παρά
1786 4913 1886 4985 τῆς

448 4973 669 5072 μελείας
693 4981 846 5052 ὑμῶν
874 4984 1258 5057 ἀπολαύοντες.
1307 4973 1540 5072 Ἐπειδὴ.
1568 4999 1625 5054 δέ
1671 4973 1730 5058 έῦ
1759 4973 1897 5072 οἶδα,
1945 4973 2027 5064 δτι

444 5063 647 5138 πολλὴν
668 5068 796 5139 ὑμῖν
825 5074 980 5148 φέρει
1001 5078 1100 5150 τὴν
1127 5083 1467 5160 εὐφροσύνην
1493 5063 1553 5145 τὸ
1579 5093 1773 5163 μαθεῖν
1791 5097 1861 5151 τά
1882 5063 2026 5172 μέ-

439 5170 575 5263 τερα
603 5159 661 5215 ἐν
679 5160 820 5217 τίσιν
847 5167 995 5241 ὁρμᾷ
1016 5171 1066 5237 ι),
1085 5159 1486 5250 ἀπηλλάγμεθα
1505 5159 1606 5255 τῆς
1625 5187 1720 5241 τοῦ
1752 5159 2024 5263 στομάχου

439 5245 740 5353 ἀσθενείας,
768 5256 1106 5333 ὑγιαίνομεν,
1149 5245 1324 5323 οὐδὲν-
1344 5245 1503 5344 ’ἡμᾶς
1531 5245 1655 5332 οῦτε
1691 5245 2020 5354 πολιορκῶι,

439 5336 574 5445 οὔτε⁵
615 5342 794 5414 ἔφοδοι
837 5351 1148 5426 λῃστρικαὶ,
1179 5360 1305 5417 οὕτε
1337 5336 1543 5439 ἐρημία
1597 5373 1799 5445 χωρίου
1829 5336 1863 5441 ,⁸

442 5433 652 5525 μορίων
690 5446 1064 5510 περιστάσεων
1090 5451 1267 5523 ὄχλος,
1315 5433 1741 5518 οῦτεάλλοῃτῶν
1763 5433 2022 5525 τοίούτων

435 5522 588 5578 οὐδὲν
616 5529 895 5588 συστέλλει
923 5540 1016 5594 καὶ
1041 5522 1280 5616 θορυϐεῖ,
1299 5549 1416 5604 ἀλλ’
1444 5553 1630 5620 ἀδείας
1650 5522 2016 5632 ἀπολαύομεν,

435 5619 895 5699 ἀπραγμοσύνης,
930 5632 1160 5707 ἡσυχίας
1189 5640 1391 5716 πολλῆς
1444 5647 1568 5703 καθ’
1596 5650 1835 5725 ἑκάστην
1871 5619 2021 5728 μζεριἰ

501 5772 531 5866 ἒ
549 5776 1090 5866 ἔρξξξὶηι--ὰνακαινίσακ
1961 5829 2016 5866 η

503 5838 531 5883 ι’
546 5839 694 5898 Sam.
719 5850 869 5917 ὁρμεῖ.

1183 405 1240 461 S.
1281 406 1570 468 JOANNIS
1609 414 2096 483 CHRYSOSTOMI
2133 435 2456 502 ARCHIEP,
2495 441 3042 506 CONSTANTINOP.

3642 463 3754 521 690

2178 550 2418 619 μνῶντες
2431 559 2499 613 τὰ
2521 559 2779 637 ὑμέτερα,
2799 569 2940 642 ὑπὲρ
2959 572 3165 630 τούτων
3185 575 3322 648 πρὸς
3335 577 3464 644 τοὺς
3482 579 3753 650 εἰσιόντας

2172 649 2312 721 πρὸς
2337 655 2487 724 ἡμᾶς
2518 661 2830 734 ποιούμενοι
2875 664 3089 737 λόγους.
3139 670 3392 728 Τοιοῦτον
3434 674 3546 747 7&9
3572 676 3751 746 φιλεῖν

2170 743 2440 814 γνησίως*
2484 749 2578 803 ἐπὶ
2606 751 2854 827 γλώττης
2888 758 2980 812 ἀεὶ
3033 759 3159 824 τοὺς
3191 743 3559 835 ποθουμένούς
3585 743 3752 838 ’ἔχειν

2170 839 2599 907 παρασκευάζει.
2630 845 2696 896 ’0
2724 846 2819 899 καὶ
2839 847 3002 919 ἡμεῖς
3027 852 3308 924 ποιοῦμεν,
3327 856 3515 929 ἐπειδὴ
3542 860 3753 932 σφόδρα

2170 925 2454 1000 φιλοῦμεν,
2491 930 2643 1007 [676]
2673 938 2766 992 καὶ
2797 938 2958 995 τοῦτο
2981 942 3097 996 ίστε
3135 945 3230 1000 καὶ
3258 947 3434 1018 ὑμεῖς.
3465 925 3632 1005 Ταῦτ’
3653 925 3752 1007 οῦν

2169 1017 2388 1076 ἅπαντα
2431 1022 2792 1100 λογιζόμενοι,
2853 1033 2930 1106 μὴ
2983 1036 3235 1108 νομίζετε
3295 1041 3754 1114 ἐῤῥᾳθυμηκέναι

2169 1111 2336 1182 ἡμᾶς,
2367 1117 2505 1189 μηδὲ
2527 1119 2825 1204 ὀλιγώρους
2846 1124 2923 1197 τῷ
2943 1127 3118 1200 χρόνῳ
3147 1111 3472 1203 γεγενῆσθαι
3503 1111 3634 1206 περὶ
3649 1136 3754 1208 τὴν

2165 1202 2404 1261 διάθεσιν
2449 1210 2548 1283 τὴν
2582 1190 2999 1288 ὑομετέραν..”ᾖ
3457 1190 3756 1283 ὠδέποὲε

2166 1295 2464 1368 ἐκπίπτει,
2497 1303 2633 1358 ἀλλά
2682 1307 2787 1362 κᾶν
2825 1311 3018 1381 χρόνος
3064 1314 3310 1388 παρέλθῃ
3344 1317 3583 1388 μακρὸς,
3643 1320 3753 1374 κᾶν

2166 1393 2510 1462 πραγμάτων
2535 1397 2812 1470 αὐξηθῶσι
2840 1402 3137 1468 δυσκολίαι,
3165 1406 3284 1480 κᾶν.
3301 1409 3624 1482 μακροτέρῳ
3646 1410 3754 1481 τῆς

2163 1478 2286 1532 ὀδοῦ
2318 1483 2485 1553 μήκει
2513 1485 2901 1559 διειργὼμεθα,
2935 1493 3113 1547 οὐδενὶ
3136 1478 3340 1548 τούτων
3379 1478 3517 1568 αὐτὴ
3546 1478 3750 1553 διακό-

2165 1589 2380 1639 πτεται,
2407 1577 2528 1632 οὐδὲ
2576 1577 2821 1652 ἐξίτηλος
2857 1583 3090 1654 γίνεται,
3127 1587 3244 1642 ἀλλ’
3277 1588 3429 1644 ἀνθεῖ
3458 1591 3746 1661 μειζόνως,

2164 1667 2257 1721 καὶ⁵
2281 1670 2611 1729 ἐπιδίδωσιν.

2514 1799 2697 1860 ΡΛΑ’.
2747 1803 3028 1872 Ἐλπιδίῳ
3051 1810 3384 1880 ἐπισκόπφ.

2245 1913 2433 1985 Ἡμεῖς
2461 1915 2584 1972 οὔτε
2613 1920 3010 1994 ὑπερορῶντες,
3043 1924 3168 1980 οὔτε
3205 1929 3598 2001 όλιγωροῦντές
3646 1951 3744 1988 σου

2159 2007 2259 2079 τῆς
2279 2009 2520 2080 ἀγάπης,
2548 2011 2642 2068 τὸν
2673 2013 2984 2087 ἔμπροσθεν
3015 2019 3355 2092 ἐσιγήσαμεν
3374 2023 3584 2094 χρόνον,
3603 2026 3746 2080 ἀλλά

2157 2097 2227 2152 τά
2260 2101 2602 2171 περιεστῶτα
2621 2105 2772 2175 ἡμᾶς
2807 2106 2957 2161 δεινά
2982 2109 3081 2181 τὴν
3110 2112 3329 2185 μακράν
3357 2115 3559 2187 ταύτην
3580 2119 3747 2190 σιγὴν

2157 2189 2433 2262 ἐποίησεν.
2467 2192 2541 2246 Οὐ
2573 2192 2684 2265 γὰρ
2711 2197 2769 2249 ἐν
2799 2197 2880 2252 ἐνὶ
2918 2198 3184 2272 ἱδρύμεθα
3215 2204 3421 2277 χωρίῳ,
3454 2207 3589 2262 ἀλλά
3643 2211 3743 2264 νῦν

2159 2279 2260 2350 μέν
2303 2281 2402 2351 τὴν
2449 2284 2782 2353 Κουκουσδν,
2813 2286 2910 2344 νῦν
2951 2290 3010 2344 δέ
3043 2293 3142 2366 τὴν
3183 2295 3526 2368 ’Δραδισσὸν,
3559 2300 3655 2354 νῦν
3681 2303 3742 2357 δὲ

2155 2371 2254 2436 τάς
2273 2373 2564 2445 φάραγγας
2589 2379 2686 2432 καὶ
2711 2379 2812 2444 τὰς
2840 2382 3078 2454 ἐρημίας
3120 2387 3525 2461 περιπολοῦμεν
3545 2409 3559 2423 ·
3592 2392 3742 2446 οὕτω

2155 2463 2334 2519 πάντα
2366 2465 2614 2538 θορύόων
2659 2470 3046 2546 ἐμπέπλησται
3071 2478 3169 2532 καὶ
3192 2481 3457 2551 ταραχῆς,
3497 2482 3593 2536 καὶ
3625 2483 3740 2556 πῦρ

2153 2555 2248 2609 καὶ
2279 2556 2496 2630 σίδηρος
2519 2560 2738 2618 ἅπαντα
2767 2565 3006 2639 δαπανᾷ,
3045 2570 3142 2624 καὶ
3181 2571 3428 2644 σώματα,
3460 2575 3558 2629 καὶ
3589 2579 3742 2632 οἶκοι-

2153 2649 2466 2722 δομήματα.
2500 2654 2641 2729 Ἤδη
2665 2657 2725 2710 δὲ
2753 2659 2849 2715 καὶ
2875 2661 3061 2726 πόλεις
3079 2664 3468 2738 ἀνεσκάφησαν
3486 2679 3511 2708 ο
3539 2669 3742 2723 αὐταν-

2149 2743 2288 2815 δροι,
2317 2745 2413 2799 καὶ
2442 2746 2566 2802 καθ’
2615 2748 2856 2824 ἑκάστην
2881 2755 3098 2828 ἡμέραν
3134 2759 3414 2831 συνεχέσιν
3443 2762 3737 2818 ἐπιϐαλλό-

2154 2855 2304 2909 μενοι
2320 2839 2531 2912 φήμαις
2552 2844 2887 2913 μετανάσται
2911 2849 3194 2922 γινόμεθα,
3221 2853 3456 2923 χαλεπόν
3485 2872 3613 2910 τινα
3643 2875 3741 2912 και

2149 2931 2334 2985 καινὸν
2360 2933 2577 3006 ἐξορίας
2613 2936 2980 3011 ὑπομένοντες
2997 2942 3219 3015 τρόπον,
3246 2946 3340 2999 καὶ
3365 2947 3738 3021 καθημερινὸν

2149 3021 2380 3079 θάνατον
2429 3028 2856 3098 προσδοκῶντες.
2913 3034 3051 3090 Οὐδέ
3099 3036 3210 3109 γάρ
3253 3038 3314 3092 ἐν
3362 3039 3441 3112 τῷ
3485 3043 3737 3114 φρουρίῳ

2149 3114 2402 3190 καθάπερ
2427 3119 2486 3173 ἐν
2514 3119 2872 3196 δεσμωτηρίῳ
2899 3123 2996 3181 νῦν
3044 3128 3503 3196 ἀποκλεισθέντες
3534 3131 3737 3204 ἔχομεν

2149 3207 2392 3280 θαρρεῖν,
2421 3209 2510 3267 διά
2537 3212 2600 3266 τὺ
2626 3214 2721 3268 καὶ
2751 3215 2862 3271 τῶν
2882 3217 3139 3274 τοιούτων
3154 3221 3283 3286 τοὺς
3321 3221 3603 3294 Ἰσαύρους
3635 3242 3736 3278 κα-

2146 3302 2440 3375 τατολμᾷν.
2463 3307 2778 3380 Προσετέθη
2815 3308 2876 3364 δέ
2902 3311 3035 3382 ἡμῖν
3062 3312 3158 3367 καὶ
3179 3313 3463 3386 ἀρρωστία
3490 3315 3729 3387 χαλεπὴ,

2143 3389 2213 3467 ἦς
2234 3395 2388 3467 μόλις
2417 3396 2514 3453 νῦν
2535 3398 2596 3452 τὸ
2618 3399 2999 3474 χαλεπώτερον
3021 3405 3398 3475 διαφυγόντες,
3421 3407 3502 3461 ἐτι
3526 3408 3596 3462 τά
3626 3408 3738 3462 λεί.

2143 3487 2290 3558 ψανα
2321 3489 2492 3563 αὐτῆς
2524 3494 2928 3566 περιφέρομενο
2961 3496 3056 3552 καὶ
3086 3497 3276 3573 ὥσπερ
3303 3501 3384 3564 είς
3413 3501 3577 3573 νῆσόν
3605 3519 3734 3556 τινα

2145 3579 2250 3632 ὑπὸ
2274 3580 2546 3651 πελάγους
2571 3583 2822 3639 ἀπλώτου
2866 3586 3243 3662 κυκλουμένην
3286 3592 3729 3658 ἀποικισθέντες,

2131 3671 2315 3737 ὀὕτως
2334 3674 2632 3745 οὐδαμόθεν
2652 3678 2843 3734 οὐδένα
2859 3679 3058 3752 ῥᾳδίως
3078 3681 3211 3754 δρᾷν
3223 3682 3524 3755 δυνάμεθα,
3545 3686 3730 3756 πάσης

2141 3763 2262 3819 ὁδοῦ
2281 3764 2359 3836 τῷ
2371 3765 2522 3838 φόϐῳ
2551 3768 2660 3823 τῶν
2681 3769 2925 3842 θορύϐων
2945 3772 3149 3828 τούτων
3175 3775 3726 3850 ἀποτετειχισμένης.

2141 3856 2451 3928 Παρακαλῶ
2482 3860 2663 3916 τοίνυν
2692 3863 3002 3933 συγγνῶναι
3047 3867 3202 3938 ἡμῖν,
3244 3867 3480 3923 δέσποτά
3513 3887 3619 3940 μου
3647 3887 3731 3924 τι-

2145 3947 2383 4019 μιώτατε
2410 3953 2503 4006 καὶ
2522 3952 2883 4009 εὐλαϐέστατε
2903 3973 2917 3987 ·
2944 3952 3100 4012 οἶσθα
3120 3957 3231 4032 7&9
3249 3959 3350 4032 τὴν
3381 3961 3628 4034 ἀγάπην,
3659 3965 3729 4036 ἣν

2140 4039 2346 4097 ἄνωθεν
2369 4043 2464 4097 καὶ
2491 4045 2551 4113 ἐξ
2573 4046 2750 4118 ἀρχῆς
2773 4050 2904 4121 περὶ
2943 4049 3041 4122 τὴν
3073 4050 3171 4123 σὴν
3208 4052 3604 4124 ἐπεδειξάμεθα
3632 4056 3731 4110 εὐ-

2138 4132 2380 4201 λάϐειαν,
2416 4136 2512 4191 καὶ
2565 4137 2642 4208 μὴ
2676 4138 2947 4194 διαλιπεῖν
3000 4141 3296 4214 εὐχόμενον
3336 4143 3477 4216 ὑπὲρ
3537 4143 3726 4217 ἡμῶν.

2141 4225 2263 4280 Ὀτι
2295 4227 2404 4300 γάρ
2429 4230 2478 4283 εί
2514 4230 2714 4302 ῥᾳδίως
2734 4232 3008 4304 ἐπιτύχοις
3022 4235 3131 4288 τῶν
3161 4235 3300 4307 πρὸς
3325 4236 3393 4290 τά
3415 4237 3725 4309 γράμματα

2139 4317 2632 4392 ὑπηρετησομένων
2651 4363 2666 4390 ,
2699 4322 2850 4378 οὐδὲν
2902 4325 3262 4398 ὑπομνήσεως
3292 4329 3461 4401 δεήσῃ
3491 4329 3630 4400 πρὸς
3658 4329 3726 4383 τὸ

2137 4409 2472 4469 ἐπιστέλλειν
2503 4417 2636 4486 ἡμῖν
2671 4418 2910 4488 συνεχῶς
2933 4419 3062 4490 περὶ
3088 4420 3187 4491 τῆς
3220 4421 3431 4489 ὑγιείας
3462 4423 3562 4493 τῆς
3592 4423 3721 4494 σῆς.

2137 4503 2342 4576 σφόδρα
2365 4504 2695 4579 θαρροῦμεν.
2720 4511 2830 4564 Καὶ
2859 4511 3024 4581 ἡμεῖς
3047 4512 3127 4580 δὲ,
3153 4513 3203 4566 εί
3234 4513 3538 4585 λωφήσειεν
3557 4518 3724 4570 ταυτὶ

2133 4594 2201 4648 τὰ
2223 4595 2392 4662 δεινά,
2423 4600 2518 4651 καὶ
2545 4599 2823 4670 προκύψαι
2857 4603 2950 4656 τοῦ
2991 4603 3368 4676 δεσμωτηρίου
3407 4605 3599 4660 τούτου
3629 4607 3726 4660 δυ-

2133 4687 2446 4760 νηθείημεν,
2473 4690 2567 4744 καὶ
2591 4691 2925 4747 ἀναπνεῦσαι
2963 4695 3158 4766 μικρὸν
3189 4696 3298 4749 ἀπὸ
3326 4697 3426 4768 τῆς
3455 4698 3725 4768 κατεχού-

2133 4799 2235 4854 σης
2281 4782 2601 4855 πολιορκίας
2622 4783 2790 4856 ἡμᾶς,
2847 4787 2907 4840 οὐ
2941 4786 3287 4859 διαλείψομεν
3314 4790 3556 4874 συνεχῶς
3596 4794 3723 4844 ἐπι-

2132 4875 2444 4942 στέλλοντές
2479 4893 2574 4930 σου
2605 4877 2741 4951 πρὸς
2777 4879 2877 4949 τὴν
2909 4880 3220 4952 τιμιότητα.
3263 4882 3426 4952 Ἡμῖν
3457 4883 3568 4954 γάρ
3614 4885 3717 4937 αὐ-

2127 4971 2240 5034 τοῖς
2271 4969 2429 5024 τοῦτο
2459 4969 2738 5035 ποιοῦντες
2767 4970 2837 5025 τὰ
2865 4971 3100 5042 μέγῐστα
3131 4975 3491 5045 χαριούμεθα.

2648 5108 2828 5161 PAB’.
2869 5107 3174 5178 Γεμέλλῳ.

2197 5195 2392 5262 Βαόαὶ,
2422 5197 2607 5267 ἡλίκον
2635 5199 2751 5252 ἐστὶ
2780 5201 3003 5270 γενναία
3024 5203 3120 5256 καὶ
3145 5203 3367 5275 νεανικὴ
3417 5203 3586 5275 ψυχὴ,
3613 5205 3715 5258 οὐκ

2126 5285 2323 5352 ἔξωθέν
2351 5285 2534 5354 ποθεν,
2565 5291 2680 5343 ἀλλ’
2712 5291 2943 5360 οίκοθεν,
2981 5295 3075 5348 κα)⁵
3103 5297 3234 5368 παρ’
3267 5296 3462 5368 ἑαυτῆς
3490 5298 3587 5350 καὶ
3612 5298 3713 5370 τὴν

2123 5377 2318 5449 ἡδονὴν
2354 5381 2448 5432 καὶ
2484 5381 2583 5453 τὴν
2631 5383 2933 5453 ἀσφάλειαν
2971 5389 3350 5462 καρπουμένη,
3400 5390 3517 5454 καὶ,
3546 5391 3609 5444 τὸ
3646 5391 3713 5462 δὴ

2125 5469 2455 5540 θαυμαστὸν,
2490 5473 2598 5528 ἀπὸ
2651 5475 2760 5530 τῶν
2795 5479 3140 5550 πραγμάτων
3188 5481 3297 5535 τῶν
3330 5485 3443 5545 τοῖς
3492 5483 3710 5546 πολλοῖς

2123 5563 2372 5633 φοϐερῶν
2398 5565 2490 5618 καὶ
2512 5567 2798 5640 σφαλερῶν
2834 5567 2971 5626 εῖναι
2999 5573 3319 5628 δοκούντων.
3380 5575 3454 5628 Τὸ
3485 5575 3596 5647 γὰρ
3632 5576 3709 5647 μὴ

2127 5654 2288 5726 μόνον
2317 5655 2392 5728 μὴ
2427 5655 2794 5730 θορυϐεῖσθαι,
2827 5664 2963 5736 μηδὲ
2995 5665 3182 5735 ἀλγεῖν
3205 5666 3534 5739 μισούμενον
3557 5669 3712 5739 παρά

2186 5815 2208 5844 ⁸
2232 5815 2549 5888 Οιηηςεῆιῃξς.
2563 5819 2723 5880 πόλεις
2744 5823 3128 5884 ἀνεσπάσθησαν.
3156 5827 3307 5878 Paulo
3332 5830 3447 5888 post
3467 5824 3568 5874 duo
3585 5835 3704 5874 mss-

2123 5879 2338 5944 συνεχέσι
2361 5881 2656 5946 βαλλόμενοι.
2712 5879 2719 5880 ί
3009 5879 3016 5884 ’
3301 5907 3303 5909 ί

1915 6133 2124 6196 -.π
