4064 6218
291 382 397 440 689

293 496 437 570 quod
462 510 570 550 non
594 499 832 563 superet.
863 488 990 546 ideo
1017 500 1120 543 nos
1144 497 1356 557 quoque
1381 480 1482 538 etsi
1507 477 1705 570 alioqui
1745 472 1882 570 mul-

293 565 364 646 tis
401 585 796 644 calamitatibus
844 579 1021 637 aﬂecti
1045 621 1062 648 ,
1089 577 1342 634 nimirum
1389 569 1708 635 solitudine,
1736 565 1885 622 obsi-

293 683 454 737 dione
475 722 491 747 ,
518 675 750 733 assiduis
792 672 1105 744 praadonum
1150 664 1482 732 incursibus,
1515 659 1683 718 nihilo
1709 668 1886 714 tamen

295 790 349 828 m
382 771 548 828 vestri
595 781 783 822 amore
823 763 1100 834 segniores
1143 773 1333 814 sumus
1365 773 1379 810 :
1409 769 1598 810 verum
1648 759 1886 806 nostram

293 879 422 935 erga
453 876 548 916 vos
593 855 1024 915 benevolentiam
1069 857 1329 924 perpetuo
1364 844 1646 902 ﬂorentem
1691 841 1888 897 retine-

295 971 438 1011 mus.
468 951 830 1021 Quamobrem
872 963 970 1004 vos
1007 959 1256 1016 rogamus
1283 949 1340 996 ut
1376 939 1444 995 de
1469 947 1663 993 vestrae
1689 936 1892 990 valetu-

294 1047 442 1101 dinis
462 1052 607 1098 statu
648 1040 846 1111 saepius
892 1051 990 1092 nos
1020 1035 1281 1090 certiores
1311 1045 1407 1102 per
1430 1030 1615 1084 literas
1656 1025 1886 1080 faciatis.

297 1135 486 1205 Neque
510 1134 656 1189 enim
683 1130 835 1186 vobis
866 1128 1086 1184 dubium
1111 1133 1226 1191 est,
1255 1129 1509 1192 quantam
1546 1119 1598 1174 in
1633 1117 1735 1172 hac
1760 1115 1889 1172 soli-

301 1227 485 1282 tudine
510 1223 934 1280 consolationem
960 1219 1086 1274 hinc
1111 1215 1387 1286 accepturi
1408 1213 1596 1268 simus.

301 1335 524 1394 CXXX.
557 1336 741 1401 Casta,
778 1333 1012 1398 Valerio,
1041 1329 1367 1400 Diophanto,
1414 1325 1662 1397 Cyriaco,
1709 1321 1894 1376 Antio-

571 1427 700 1482 chia:
725 1423 1044 1496 presbyteris.
1069 1421 1300 1494 (Cucuso
1323 1432 1464 1472 anno
1487 1414 1635 1486 405.)

381 1565 685 1622 Vehemens
724 1571 780 1617 et
820 1559 1050 1615 violenta
1076 1554 1318 1628 quaedam
1360 1567 1446 1608 res
1469 1559 1550 1606 est
1576 1548 1802 1613 caritas,
1832 1561 1896 1601 ac

307 1657 537 1714 molesto
573 1652 842 1710 creditore
884 1649 1075 1720 quovis
1105 1645 1409 1702 violentior.
1438 1640 1624 1712 Neque
1648 1640 1790 1695 enim
1816 1637 1895 1692 illi

305 1765 404 1806 eos
424 1792 442 1815 ,
467 1747 556 1820 qui
581 1745 835 1818 pecunias
861 1742 1092 1809 debent,
1123 1739 1198 1794 ita
1219 1737 1508 1809 prmfocant
1527 1777 1542 1802 ,
1570 1748 1633 1788 ac
1656 1731 1894 1787 debitum

307 1843 561 1913 exigunt,
589 1847 649 1894 ut
668 1853 765 1892 vos
813 1833 1050 1890 caritatis
1078 1841 1320 1888 catenam
1348 1827 1644 1898 injicientes
1685 1823 1752 1878 ad
1786 1821 1899 1893 epi-

306 1935 478 1990 stolas
506 1929 885 2003 persolvendas
915 1943 1014 1984 nos
1043 1926 1264 1997 urgetis,
1310 1921 1520 1978 etiamsi
1561 1919 1758 1989 alioqui
1794 1917 1899 1972 hoc

307 2027 550 2082 debitum
593 2037 834 2094 persmpe
855 2021 964 2091 jam
992 2035 1026 2075 a
1056 2017 1208 2074 nobis
1234 2016 1305 2072 sit
1330 2015 1581 2070 solutum.
1610 2011 1807 2066 Verum
1835 2023 1897 2063 ea

311 2121 536 2190 hujusce
559 2117 725 2172 debiti
752 2123 940 2170 natura
970 2121 1054 2168 est
1087 2129 1100 2167 :
1135 2124 1348 2178 semper
1389 2107 1631 2170 solvitur,
1655 2117 1898 2172 semper-

311 2227 421 2282 que
446 2210 691 2266 debetur.
722 2206 950 2276 ldeoque
972 2217 1069 2261 vos
1110 2216 1179 2257 ne
1216 2200 1432 2272 quidem
1460 2197 1693 2269 acceptis
1733 2197 1900 2251 literis

311 2301 495 2356 satiari
523 2297 764 2369 potestis.
791 2295 1052 2351 Nimirum
1070 2293 1195 2349 illud
1225 2293 1385 2348 etiam
1417 2291 1609 2345 caritas
1636 2288 1818 2352 habet,
1843 2294 1901 2340 ut

312 2393 469 2462 plura
499 2405 711 2459 semper
731 2396 945 2458 appetat
979 2404 994 2441 :
1024 2401 1089 2442 ac
1117 2399 1264 2439 mare
1307 2383 1560 2448 imitatur,
1589 2379 1734 2451 quod
1779 2379 1902 2434 licet

312 2499 502 2539 amnes
529 2482 897 2551 undecumque
945 2479 998 2534 in
1039 2479 1210 2548 ipsum
1255 2473 1510 2539 inﬂuant,
1560 2487 1667 2528 non
1723 2481 1901 2524 tamen

315 2576 590 2646 impletur.
612 2573 806 2629 Eadem
834 2573 1029 2643 quippe
1051 2571 1258 2626 aurium
1285 2576 1578 2623 vestrarum
1610 2562 1903 2634 amplitudo

313 2678 400 2722 est
427 2685 442 2722 :
465 2682 534 2722 ex
553 2680 658 2736 quo
677 2653 927 2728 efﬁcitur,
952 2672 1010 2718 ut
1029 2677 1135 2732 quo
1160 2661 1309 2729 plura
1329 2660 1383 2714 in
1403 2673 1497 2714 eas
1525 2656 1866 2727 injecerimus
1884 2695 1900 2722 ,

313 2773 384 2813 co
409 2758 570 2813 etiam
598 2756 816 2827 majoris
843 2763 1039 2810 vestra:
1059 2767 1185 2822 erga
1211 2766 1309 2806 nos
1327 2748 1714 2806 benevolentiae
1754 2745 1907 2804 ﬂam-

316 2865 464 2905 mam
507 2849 822 2904 excitemus.
852 2843 1212 2914 Quamobrem
1252 2856 1322 2896 ne
1366 2838 1717 2903 existimetis,
1768 2851 1900 2898 nos,

315 2940 465 3012 quod
498 2940 566 2997 de
617 2949 794 2996 vestra
838 2937 1070 2994 amicitia
1113 2932 1356 3006 quadam
1404 2929 1640 3000 suspicio
1668 2927 1904 2982 animum

316 3044 564 3090 nostrum
587 3034 848 3105 tetigisset
866 3072 881 3098 ,
905 3031 1060 3088 brevi‘
1075 3028 1178 3083 hoc
1203 3023 1460 3096 temporis
1479 3022 1651 3094 spatio
1671 3019 1902 3076 siluisse.

317 3126 454 3181 Nam
497 3126 542 3181 si
586 3141 689 3197 qua
713 3124 946 3194 suspicio
969 3136 1068 3176 nos
1091 3117 1429 3184 incessisset,
1469 3115 1664 3184 saepius
1703 3111 1772 3167 ad
1809 3123 1906 3166 vos

320 3219 506 3273 literas
533 3217 886 3273 dedissemus.
909 3209 1368 3282 Quemadmodum
1395 3207 1558 3264 enim.
1581 3205 1672 3275 qui
1705 3203 1907 3274 Optima

319 3309 628 3366 valetudine
649 3317 794 3377 sunt,
815 3306 1006 3364 medici
1037 3319 1195 3376 opem
1220 3318 1328 3358 non
1351 3299 1691 3357 desiderant:
1714 3295 1906 3352 eodem

323 3405 485 3460 ltlUdO
511 3402 686 3474 ignavi
709 3416 773 3458 ac
796 3399 990 3471 dejecti
1022 3397 1266 3454 homines
1291 3393 1470 3450 multis
1496 3388 1748 3446 remediis
1773 3403 1909 3458 opus

324 3497 542 3552 habent.
565 3495 826 3562 Quocirca
854 3493 902 3548 si
921 3499 1156 3547 vestrum
1175 3502 1302 3559 erga
1327 3501 1427 3542 nos
1450 3483 1685 3539 animum
1706 3479 1911 3536 claudi-

321 3604 449 3644 care
491 3587 877 3649 sensissemus,
935 3599 1042 3639 non
1092 3581 1509 3653 neglexissemus
1551 3591 1614 3632 ea
1655 3575 1910 3630 adhibere

322 3695 446 3749 quae
482 3679 654 3749 ipsum
687 3676 1018 3733 inﬂammare
1047 3679 1284 3745 possent.
1314 3670 1447 3739 Quia
1470 3683 1598 3724 vero
1622 3666 1908 3722 admodum

324 3771 479 3825 vobis
510 3769 721 3824 ﬁdimus
741 3811 757 3836 ,
787 3767 1060 3838 probeque
1089 3764 1318 3828 scimus,
1349 3762 1462 3816 sive
1482 3759 1665 3814 literas
1685 3775 1714 3812 a
1757 3757 1912 3812 nobis

325 3861 602 3931 accipiatis
620 3902 636 3928 ,
658 3861 772 3915 sive
787 3873 943 3915 secus
963 3899 979 3926 ,
1003 3871 1104 3911 vos
1123 3855 1370 3910 allectum
1398 3867 1523 3921 erga
1547 3866 1645 3905 nos
1674 3849 1907 3913 ﬁrmum,

326 3954 608 4008 immotum
630 3993 646 4020 ,
678 3951 944 4022 vigentem
967 3956 1335 4019 perpetuoque
1363 3944 1641 3998 ﬂorentem
1667 3954 1906 4005 servare,

328 4047 530 4102 idcirco
558 4045 624 4101 ad
649 4061 767 4102 eam
794 4060 908 4100 rem
939 4043 1158 4098 minime
1184 4038 1515 4096 necessarias
1533 4034 1787 4105 epistolas
1813 4049 1912 4088 no-

327 4149 471 4193 stras
509 4153 630 4194 esse
671 4137 998 4192 ducebamus
1025 4150 1040 4188 :
1065 4149 1248 4189 verum
1285 4131 1481 4186 adhoc
1517 4129 1818 4191 dumtaxat,
1857 4133 1914 4180 ut

324 4230 516 4287 debito
552 4229 937 4286 benevolentiae
967 4241 1189 4282 munere
1224 4223 1585 4293 fungeremur.
1611 4218 1744 4274 Nam
1773 4231 1916 4272 nunc

325 4337 542 4393 quoque
567 4337 671 4377 non
693 4320 1013 4377 necessitate
1040 4319 1147 4373 ulla
1172 4315 1414 4388 impulsi,
1445 4313 1540 4368 sed
1565 4311 1793 4367 amicitia
1814 4309 1914 4366 ad-

327 4415 480 4470 ducti
503 4415 804 4470 scribimus.
831 4413 984 4482 Quod
1013 4412 1190 4476 enim,
1221 4410 1382 4464 etiam
1411 4407 1456 4462 si
1485 4406 1667 4461 multa:
1697 4404 1857 4458 variis
1883 4419 1915 4459 e

333 4507 466 4560 locis
510 4514 853 4577 tempestates
896 4505 1156 4567 oriantur,
1207 4509 1371 4571 atque
1413 4497 1682 4552 innumeri
1726 4496 1916 4550 ﬂuctus

331 4598 653 4661 excitentur,
675 4596 822 4650 nullo
847 4603 1024 4649 tamen
1053 4608 1149 4648 vos
1173 4591 1494 4647 detrimento
1523 4587 1741 4643 afﬁcere
1757 4594 1916 4654 atque

333 4691 387 4745 in
437 4690 703 4746 mestitiae
753 4687 1040 4757 procellam
1087 4683 1354 4752 conjicere
1393 4687 1622 4751 queant,
1673 4679 1918 4747 superius

335 4794 547 4852 tempus
573 4780 786 4837 abunde
811 4778 1029 4850 planum
1052 4775 1195 4832 fecit.
1225 4775 1302 4828 Ac
1329 4771 1584 4843 proinde,
1616 4785 1722 4824 non
1747 4777 1802 4822 ut
1825 4781 1918 4822 so-

333 4875 517 4930 latium
545 4873 697 4928 vobis
722 4872 1008 4928 aﬂ'eramus
1041 4870 1235 4940 (neque
1263 4865 1406 4921 enim
1431 4862 1796 4920 consolatione
1817 4875 1918 4914 no-

332 4978 443 5022 stra
469 4967 660 5037 egetis)
690 4965 806 5021 haec
835 4963 1119 5020 scribimus
1153 4977 1166 5014 :
1193 4974 1378 5014 verum
1409 4966 1467 5012 ut
1493 4955 1800 5026 intelligatis
1820 4969 1918 5008 nos

332 5060 526 5129 gaudio
556 5059 856 5125 exsultare,
899 5072 964 5113 ac
1007 5054 1210 5120 lzetari,
1241 5051 1385 5123 quod
1415 5059 1614 5105 tantam
1659 5063 1726 5105 ex
1771 5056 1920 5102 tanto

337 5152 576 5206 lucorum
626 5149 910 5204 intervallo
961 5148 1238 5203 caritatem
1286 5151 1519 5199 vestram
1563 5141 1916 5197 obtineamus.

335 5246 598 5312 Quoniam
637 5251 813 5297 autem
849 5241 963 5297 scio
986 5254 1192 5310 magna:
1212 5236 1367 5292 vobis
1410 5235 1608 5291 laetitia:
1631 5248 1785 5296 esse,
1813 5244 1920 5300 quo

335 5347 476 5391 statu
503 5351 592 5392 res
617 5346 814 5391 nostra
857 5335 998 5400 sint,
1027 5331 1354 5401 intelligere,
1387 5329 1576 5383 scitote
1604 5342 1704 5382 nos
1722 5335 1919 5380 stoma-

335 5431 421 5484 chi
443 5428 807 5485 imbecillitate
825 5426 1081 5481 liberatos
1108 5437 1262 5486 esse,
1288 5428 1446 5490 atque
1480 5417 1688 5485 valere,
1728 5431 1792 5472 ac
1819 5431 1920 5473 nec

341 5521 615 5577 obsidione
655 5533 756 5575 nec
792 5517 1059 5574 latronum
1086 5513 1499 5580 incursionibus,
1529 5526 1632 5566 nec
1659 5511 1761 5566 loci
1790 5509 1918 5565 soli-

338 5615 546 5680 tudine,
577 5627 677 5670 nec
696 5619 1069 5669 sexcentornm
1104 5609 1450 5664 adversorum
1477 5618 1696 5662 casuum
1727 5603 1915 5661 turba.

340 5722 440 5764 nec
463 5709 695 5779 denique
715 5706 823 5762 ullo
849 5704 956 5761 alio
981 5702 1283 5774 hujusmodi
1313 5697 1655 5758 incommodo
1679 5698 1834 5769 dejici
1863 5707 1916 5751 ct

339 5803 675 5874 conturbari;
699 5815 882 5859 verum
907 5798 1194 5856 securitate
1213 5841 1227 5870 ,
1255 5797 1382 5869 etio,
1411 5813 1470 5857 ac
1493 5795 1672 5872 quiete
1702 5791 1825 5860 frui,
1852 5804 1912 5846 ac

1750 359 2128 418 EPISTOL/E.

3475 354 3581 409 630

1989 471 2218 543 singulis
2239 472 2430 528 diebus
2446 472 2514 528 de
2542 487 2724 529 rerum
2745 479 3043 528 vestrarum
3069 477 3208 526 statu
3226 470 3278 524 in
3301 485 3426 525 cura
3438 485 3580 539 esse,

1991 564 2164 635 deque
2186 564 2268 619 his
2293 563 2361 620 ad
2384 579 2477 621 eos
2498 566 2586 635 qui
2606 564 2868 620 accedunt
2888 578 3191 619 sermonem
3210 562 3427 617 habere.
3449 561 3582 617 Nam

1994 655 2097 711 hoc
2123 656 2234 711 veri
2260 657 2458 712 amoris
2485 664 2670 711 natura
2702 654 2856 721 facit,
2885 662 2946 710 ut
2966 655 2999 708 ii
3031 653 3120 726 qui
3141 653 3297 708 nobis
3325 655 3434 708 cari
3461 663 3587 708 sunt

1994 763 2204 818 semper
2223 747 2276 802 in
2308 763 2403 804 ore
2429 757 2614 802 nostro
2642 762 2704 802 ac
2725 747 2902 818 lingua
2921 753 3223 801 versentur.
3253 743 3404 812 Quod
3422 747 3582 800 etiam

1996 840 2049 893 in
2072 839 2225 894 nobis
2247 847 2529 909 propterea
2552 853 2650 893 usu
2676 839 2854 903 venit,
2882 837 3004 909 quia
3025 837 3180 892 valde
3208 851 3483 891 amamus:
3507 835 3587 891 id-

1995 947 2100 1002 que
2126 931 2228 1002 ipsi
2256 932 2442 986 nostis.
2469 931 2592 987 Hzec
2630 930 2790 1001 igitur
2814 931 2994 986 omnia
3023 930 3293 986 vobiscum
3333 938 3586 999 reputan-

1999 1032 2108 1089 tes,
2141 1039 2209 1080 ne
2237 1024 2554 1079 existimetis
2599 1037 2696 1077 nos
2745 1023 2796 1077 in
2843 1031 3029 1077 nostro
3053 1037 3178 1091 erga
3206 1014 3508 1076 vos'ofﬁcio
3534 1028 3589 1074 et

1997 1115 2367 1170 benevolentia
2395 1113 2649 1184 temporis
2677 1127 2960 1183 progressu
3008 1125 3202 1182 segnes
3225 1126 3289 1166 ac
3317 1111 3587 1181 negligen-

2000 1211 2080 1258 tcs
2109 1203 2346 1259 redditos
2366 1219 2504 1258 esse.
2530 1202 2727 1258 Caritas
2772 1202 2916 1257 enim
2969 1217 3241 1270 numquam
3289 1199 3471 1254 excidit
3504 1201 3582 1269 (I.

2001 1297 2117 1352 Cor.
2176 1299 2264 1354 15.
2323 1298 2378 1368 8)
2416 1315 2430 1351 :
2476 1312 2595 1363 nec,
2625 1295 2837 1350 tametsi
2874 1295 3069 1365 alioqui
3110 1294 3326 1364 longum
3376 1302 3586 1361 tempus

1999 1387 2212 1441 ﬂuxerit
2231 1429 2245 1452 ,
2276 1387 2484 1441 tametsi
2507 1385 2736 1456 longiori
2763 1383 2936 1438 adhuc
2956 1426 2972 1451 ,
2999 1399 3156 1453 quam
3187 1397 3347 1449 nunc,
3372 1381 3579 1436 itineris

2001 1477 2278 1533 intervallo
2307 1479 2443 1531 inter
2489 1492 2586 1530 nos
2619 1477 2962 1540 dirimamur,
3005 1475 3316 1543 interrumpi
3354 1483 3410 1528 et
3446 1473 3586 1526 ubli-

2001 1571 2159 1626 tcrari
2191 1578 2400 1642 potest,
2430 1584 2614 1624 verum
2641 1567 2808 1638 magis
2835 1582 2897 1622 ac
2927 1567 3095 1637 magis
3131 1564 3285 1620 ﬂoret
3309 1575 3466 1636 atque
3493 1578 3589 1616 au-

1999 1676 2174 1736 getur.

2191 1791 2448 1850 CXXXI.
2475 1791 2686 1864 Elpidio
2715 1792 2970 1863 episcopo.
3003 1789 3194 1862 (Anno
3219 1787 3384 1860 406.)

2071 1927 2187 1982 Non
2217 1936 2523 1997 contemptu
2550 1927 2652 1992 tui,
2681 1941 2779 1980 nec
2806 1926 3029 1992 incuria,
3057 1923 3317 1994 superiori
3349 1931 3588 1992 tempore

2002 2019 2245 2073 siluimus
2274 2034 2288 2071 :
2319 2034 2504 2073 verum
2532 2032 2620 2072 res
2659 2017 2898 2072 adversae
2916 2059 2932 2083 ,
2964 2017 3154 2087 quibus
3181 2015 3415 2085 undique
3439 2014 3588 2068 obsi—

2004 2110 2212 2178 demur,
2254 2109 2559 2164 diuturnum
2608 2108 2710 2163 hoc
2754 2109 3022 2163 silentium
3066 2107 3374 2162 effecerunt.
3407 2105 3588 2174 Neque

2004 2201 2144 2258 enim
2171 2211 2318 2255 certo
2347 2201 2459 2254 ullo
2484 2201 2602 2254 loco
2631 2199 2789 2254 deﬁxi
2817 2215 3018 2264 sumus,
3047 2213 3230 2252 verum
3259 2211 3399 2250 nunc
3417 2193 3591 2249 Cucu-

2005 2313 2122 2352 sum
2147 2337 2163 2364 ,
2205 2312 2353 2352 nunc
2387 2296 2695 2350 Arabissum
2722 2335 2738 2362 ,
2791 2309 2931 2348 nunc
2975 2293 3176 2356 valles,
3219 2305 3281 2343 ac
3326 2299 3589 2358 praarupta

2005 2389 2321 2458 desertaque
2361 2387 2703 2442 circumimus
2729 2403 2744 2440 :
2777 2399 2942 2454 usque
2969 2382 3102 2436 adeo
3131 2381 3320 2435 cuncta
3349 2379 3586 2434 tumulti-

2006 2483 2105 2538 bus
2135 2498 2197 2538 ac
2223 2481 2620 2553 perturbatione
2659 2479 2811 2550 plena
2860 2485 3019 2543 sunt,
3047 2474 3362 2542 ﬂammaque
3391 2483 3445 2526 et
3487 2472 3593 2525 fer-

2007 2591 2146 2639 rum,
2182 2583 2286 2628 tam
2317 2587 2566 2642 corpora,
2608 2586 2767 2641 quam
2794 2567 3015 2624 aediﬁcia
3045 2564 3222 2620 omnia
3249 2561 3481 2618 conﬁcit.
3515 2563 3592 2615 Ac

1979 2665 1986 2672 ”
2001 2667 2113 2738 jam
2161 2667 2320 2721 etiam
2365 2666 2523 2720 urbes
2572 2679 2676 2718 una
2721 2678 2842 2718 cum
2886 2660 3014 2714 viris
3060 2656 3307 2711 omnibus
3354 2653 3593 2708 funditus

2007 2757 2200 2813 excisa:
2242 2765 2400 2822 sunt,
2445 2755 2700 2824 novisque
2741 2751 2976 2822 quotidie
3018 2747 3322 2804 rumoribus
3362 2746 3592 2816 perculsi

2008 2847 2163 2902 sedes
2207 2855 2510 2912 mutamus,
2556 2859 2718 2915 grave
2761 2842 3030 2912 quoddam
3074 2855 3138 2894 ac
3180 2853 3375 2893 novum
3419 2836 3594 2891 exsilii

2007 2953 2176 3009 genus
2206 2937 2581 3008 perpetientes,
2612 2942 2944 3003 mortemque
2976 2934 3028 2986 in
3058 2931 3172 2986 dies
3199 2937 3591 2998 exspectantes.

2009 3030 2140 3085 Nam
2167 3045 2234 3084 ne
2259 3028 2479 3084 castello
2503 3026 2736 3097 quidem,
2766 3023 2986 3095 perinde
3010 3033 3170 3092 atque
3187 3035 3423 3085 carcere,
3453 3033 3596 3074 nunc

2010 3123 2222 3191 inclusi,
2250 3122 2432 3177 fidenti
2456 3121 2634 3175 animo
2659 3133 2778 3174 esse
2807 3131 3124 3187 possumus:
3149 3121 3430 3186 propterea
3451 3112 3595 3182 quod

2011 3201 2176 3271 lsau‘ri
2203 3213 2464 3285 ejusmodi
2493 3228 2644 3268 arces
2672 3210 2918 3266 obsidere
2953 3223 3061 3263 non
3087 3204 3351 3260 dubitent.
3375 3203 3456 3257 Ad
3481 3202 3597 3256 haec

2011 3309 2187 3380 gravis
2214 3310 2374 3364 etiam
2403 3308 2622 3362 morbus
2639 3303 2872 3359 .aecessit
2897 3318 2912 3355 :
2943 3300 3093 3370 cujus
3117 3313 3258 3353 nunc
3283 3312 3426 3367 aegre
3447 3311 3599 3351 acer-

2012 3404 2174 3458 bitate
2219 3401 2460 3472 depulsa,
2510 3398 2763 3468 reliquias
2813 3393 2989 3448 adhuc
3035 3388 3500 3452 circumferimus;
3543 3396 3601 3441 et

2012 3492 2460 3565 quemadmodum
2490 3492 2544 3545 in
2595 3487 2820 3544 insulam
2849 3483 3132 3556 quamdam
3163 3495 3269 3537 non
3310 3477 3599 3549 navigabili

2013 3588 2146 3642 mari
2184 3583 2557 3641 circumfusam
2600 3580 2857 3651 relegati,
2899 3577 3090 3633 eodem
3129 3573 3290 3629 modo
3327 3572 3597 3628 neminem

2015 3677 2127 3734 fere
2152 3677 2257 3732 ulla
2283 3692 2350 3732 ex
2379 3687 2529 3746 parte
2549 3687 2772 3730 cernere
2801 3681 3112 3742 possumus,
3144 3665 3285 3735 quod
3312 3664 3393 3719 via
3422 3661 3599 3718 omnis

2017 3768 2334 3824 tumultuum
2366 3776 2510 3823 metu
2557 3763 2843 3821 interclusa
2871 3762 2960 3814 sit.
3003 3755 3359 3825 Quamobrem
3403 3753 3499 3808 abs
3545 3762 3600 3808 te

2016 3868 2160 3930 peto,
2194 3857 2637 3915 reverendissime
2664 3868 2728 3908 ac
2751 3848 3150 3920 religiosissime
3175 3845 3247 3900 mi
3275 3843 3510 3906 domine,
3543 3851 3602 3896 ut

2017 3954 2146 4012 mihi
2179 3953 2462 4024 ignoscas;
2493 3947 2600 4004 scis
2624 3946 2766 4002 enim
2794 3957 2926 4014 quas
2952 3940 3044 3995 tibi
3068 3935 3408 4010 jampridem,
3439 3943 3602 4004 atque

2017 4046 2084 4101 ab
2112 4045 2296 4109 initio,
2327 4041 2526 4097 amoris
2563 4047 2620 4095 et
2656 4032 3038 4092 benevolentia:
3065 4028 3478 4100 signiﬁcationes
3502 4025 3602 4080 de-

2018 4137 2222 4201 derim;
2251 4149 2348 4190 nec
2375 4148 2471 4202 pro
2497 4130 2651 4186 nobis
2671 4130 2836 4184 Deum
2864 4123 3069 4197 precari
3097 4121 3438 4178 intermittas.
3467 4117 3600 4173 Nam

2019 4227 2182 4298 quod,
2225 4229 2271 4281 si
2318 4224 2563 4280 homines
2611 4220 2701 4292 qui
2748 4219 2970 4288 imperio
3017 4225 3110 4271 tuo
3150 4221 3400 4284 pareant,
3447 4208 3604 4264 facile

2020 4319 2252 4375 nancisci
2271 4330 2466 4388 queas,
2498 4313 2628 4369 nihil
2657 4309 3022 4368 submonitore
3063 4305 3130 4360 ad
3173 4319 3293 4359 eam
3318 4316 3430 4356 rem
3468 4314 3604 4368 opus

2020 4412 2297 4467 habiturus
2326 4409 2421 4474 sis,
2467 4417 2527 4462 ut
2554 4406 2621 4460 de
2647 4413 2732 4459 tua
2761 4399 3061 4456 valetudine
3088 4410 3246 4466 quam
3277 4391 3604 4449 creberrime

2019 4503 2088 4560 ad
2117 4516 2216 4557 nos
2257 4499 2499 4565 scribas,
2545 4495 2791 4566 equidem
2834 4488 3172 4548 conﬁdimus.
3205 4487 3283 4540 Ac
3324 4496 3424 4538 nos
3452 4480 3601 4547 item,

2020 4595 2066 4650 si
2096 4595 2210 4648 hac
2236 4591 2470 4662 pericula
2514 4588 2914 4659 conquiescant,
2959 4591 3117 4653 atque
3152 4594 3220 4634 ex
3262 4577 3364 4632 hoc
3390 4589 3607 4630 carcere

2023 4700 2308 4756 prorepere
2327 4726 2344 4749 ,
2375 4693 2428 4738 et
2452 4682 2520 4736 ab
2547 4679 2825 4736 obsidione
2843 4718 2860 4744 ,
2889 4677 2941 4732 in
2967 4690 3070 4745 qua
3096 4687 3238 4729 nunc
3260 4683 3477 4734 sumus,
3506 4681 3606 4722 nos

2022 4781 2167 4848 ipsos
2191 4779 2519 4848 aliquantum
2551 4786 2795 4828 recreare
2819 4785 2882 4824 ac
2907 4767 3127 4823 reﬁcere
3164 4777 3424 4836 queamus
3443 4802 3459 4829 ,
3488 4761 3605 4815 nul-

2022 4871 2131 4925 lum
2180 4879 2388 4938 tempus
2429 4866 2756 4930 omittenms,
2799 4865 2927 4932 quin
2960 4857 3026 4912 ad
3057 4865 3111 4913 te
3148 4854 3462 4910 scribamus.
3495 4851 3608 4906 Hoc

2022 4961 2165 5018 enim
2210 4960 2503 5025 facientes,
2547 4970 2708 5027 quam
2739 4952 2978 5007 maximo
3021 4963 3121 5005 nos
3160 4948 3306 5019 ipsos
3345 4941 3608 5002 beneﬁcio

2023 5052 2083 5108 af
2085 5052 2342 5107 liciemus.

2528 5177 2816 5240 CXXXII.
2847 5175 3093 5234 Gemello.

2096 5329 2280 5398 Papae,
2310 5330 2504 5395 quanta
2529 5336 2617 5378 res
2653 5327 2737 5376 est
2777 5327 3066 5389 generosus
3090 5320 3146 5369 et
3174 5309 3323 5367 fortis
3363 5308 3610 5372 animus,

2021 5422 2114 5492 qui
2142 5419 2461 5490 voluptatem
2489 5429 2551 5468 ac
2589 5409 2928 5467 securitatem
2972 5420 3079 5461 non
3125 5401 3376 5467 aliunde,
3421 5412 3604 5453 verum

2023 5516 2167 5572 domi
2190 5523 2350 5583 atque
2377 5526 2408 5566 a
2435 5524 2495 5564 se
2519 5508 2635 5578 ipso
2661 5503 2917 5576 percipit,
2940 5498 3189 5572 quodque
3216 5492 3462 5550 mirabile
3490 5498 3572 5544 est
3593 5527 3606 5549 ,

2021 5609 2091 5662 ab
2117 5608 2183 5662 iis
2203 5606 2364 5661 rebus
2383 5617 2502 5674 qum
2523 5598 2808 5654 multorum
2835 5592 3086 5664 opinione
3114 5585 3401 5644 horrenda:
3426 5596 3487 5635 ac
3514 5593 3608 5674 pc-

2023 5701 2265 5756 riculosae
2291 5704 2436 5752 sunt.
2466 5691 2599 5750 Nam
2626 5706 2730 5747 nou
2752 5686 2909 5743 modo
2945 5698 3050 5740 non
3080 5675 3374 5752 perturbari
3401 5687 3463 5726 ac
3498 5667 3609 5756 dis-

2022 5788 2249 5848 cruciari
2271 5830 2286 5860 ,
2316 5803 2435 5846 cum
2462 5784 2778 5861 quibusdam
2807 5779 2929 5837 odio
2957 5775 3066 5842 sis,
3095 5785 3279 5828 verum
3322 5767 3474 5822 etiam
3507 5755 3612 5810 hoc
