4064 6218
421 399 517 455 691

423 511 640 566 nomine
667 508 915 580 gloriari,
940 522 1110 578 neque
1137 506 1352 578 gloriari
1381 507 1577 573 solum,
1625 505 1720 562 sed
1739 509 1897 561 etiam
1913 521 2008 562 eos

424 603 516 673 qui
541 613 590 658 te
609 601 816 656 oderim
836 599 1093 663 miserari,
1114 608 1270 670 atque
1288 607 1344 653 ιιι
1370 598 1645 653 meliorem
1665 605 1895 654 mentem
1928 597 2015 652 in-

427 691 612 758 duant,
629 691 885 761 probiquc
897 689 1648 759 efficiantur,expetere,cujus
1665 688 1876 745 tandem
1892 703 2017 758 pru-

427 783 639 849 dentiae,
657 782 913 851 cujusque
928 781 1280 852 pltil050phim
1296 782 1402 837 est?
1420 783 1493 836 Ac
1513 791 1788 852 praptcrea
1805 791 1875 848 te,
1893 796 2013 836 cum

430 875 614 943 primis
637 873 946 928 admiramle
964 885 1015 927 et
1036 875 1318 950 magnifice
1333 873 1567 938 domine,
1589 873 1830 927 laudibus
1851 872 2016 926 affici-

430 981 550 1022 mus
578 981 640 1021 ac
667 967 984 1036 suspicimus
1013 985 1026 1021 :
1059 975 1370 1036 prOpterea,
1402 966 1614 1036 inquam
1635 1007 1648 1029 ,
1683 981 1782 1019 nos
1806 980 2017 1036 quoque

431 1072 754 1130 magnopere
797 1057 1163 1124 exsultamus,
1215 1058 1285 1112 ob
1311 1067 1456 1112 tuam
1505 1056 1828 1122 amicitiam,
1879 1065 2018 1109 tam-

429 1165 590 1220 quatu
625 1148 696 1205 ob
719 1148 1050 1221 splendidam
1091 1162 1344 1204 coronam
1391 1147 1703 1220 gloriantes.
1756 1146 2018 1215 Quoniam

431 1250 608 1297 autem
655 1257 839 1312 preces
867 1257 1076 1313 quoquc
1103 1257 1134 1296 a
1177 1241 1331 1296 nobis
1376 1258 1470 1312 per
1516 1242 1696 1297 literas
1730 1242 1976 1312 exposcis
2003 1282 2020 1308 ,

433 1333 592 1388 velint
623 1331 918 1404 intelligas,
944 1347 1042 1388 nos
1069 1348 1134 1389 nc
1161 1343 1288 1389 ante
1317 1331 1412 1388 has
1433 1332 1644 1403 quidem
1691 1334 1874 1390 literas
1902 1341 2022 1388 vota

404 1441 408 1444 ·
435 1424 612 1480 facere
635 1425 904 1480 destitisse
928 1466 942 1488 ,
976 1435 1032 1479 ut
1068 1423 1300 1479 animam
1328 1439 1496 1496 usque
1521 1425 1658 1480 adeo
1698 1441 1943 1496 magnam
1971 1433 2023 1479 et

437 1516 861 1586 philosophicatn
908 1515 1076 1572 sacris
1129 1516 1362 1582 initiari,
1417 1532 1480 1572 ac
1517 1519 1873 1572 sacrosanctis
1920 1517 2027 1573 illis

436 1607 835 1678 tremendtsque
879 1608 1146 1679 mysteriis
1166 1608 1353 1663 donari
1400 1609 1852 1679 conspiceremus.
1885 1612 1962 1665 Ac
1983 1611 2028 1666 si

443 1698 598 1755 nobis
627 1698 804 1753 lmtum
836 1699 1136 1770 httjusmodi
1166 1701 1408 1755 nuntium
1434 1702 1678 1770 accipere
1708 1701 1894 1769 liceat,
1916 1702 2029 1772 jam

441 1799 494 1844 et
522 1788 622 1844 hoc
645 1789 835 1844 exsilio
867 1793 880 1820 '
913 1790 1117 1844 liberati
1147 1792 1381 1856 erimus,
1414 1801 1468 1846 et
1497 1792 1800 1846 solitudinis
1828 1808 2032 1847 memo-

444 1880 577 1934 riam
607 1879 938 1950 deponcmus
957 1922 972 1945 ,
1003 1890 1058 1936 et
1081 1881 1322 1952 corporis
1349 1882 1710 1939 imbecillitate
1731 1925 1746 1950 ,
1769 1899 1892 1938 cum
1928 1899 2031 1954 qua

445 1987 587 2028 tntnc
613 1974 766 2027 nobis
791 1985 1063 2028 certamen
1091 1984 1169 2028 cst
1189 2015 1204 2038 ,
1239 1974 1444 2030 solutos
1473 1989 1570 2029 nos
1614 1990 1733 2030 esse
1754 1975 2031 2030 ducemus.

443 2067 553 2123 Nec
581 2081 708 2122 vero
735 2067 861 2120 illud
891 2069 1041 2121 nobis
1067 2067 1282 2121 dubium
1313 2078 1414 2134 est,
1440 2069 1520 2122 vir
1547 2068 1878 2147 admirande,
1907 2068 2034 2138 quin

445 2170 626 2214 nostra
677 2174 837 2229 opera
891 2173 1082 2213 arcana
1112 2159 1224 2213 ha-c
1251 2160 1388 2215 bona
1439 2161 1696 2231 consequi
1738 2161 1953 2216 studeas
1981 2168 2037 2215 et

439 2255 817 2325 concupiscas.
853 2255 1004 2322 Quod
1033 2254 1194 2310 etiam
1215 2296 1228 2319 ,
1276 2263 1334 2309 ut
1363 2254 1474 2324 ipse
1505 2255 1675 2321 nosti,
1725 2254 1880 2310 nobis
1906 2270 2040 2325 quo-

441 2362 552 2416 que
616 2347 792 2400 studio
864 2357 1022 2416 atque
1065 2345 1337 2416 cupiditati
1380 2355 1479 2402 est.
1521 2345 1719 2401 Verum
1763 2347 1808 2402 si
1855 2361 1887 2400 a
1937 2360 2037 2401 no-

446 2437 532 2492 bis
581 2452 730 2492 mora
783 2437 957 2506 aliqua
1008 2438 1353 2502 interveniat,
1425 2436 1550 2490 hinc
1604 2445 1781 2491 tamen
1843 2435 1922 2492 rei
1970 2452 2039 2492 ne

449 2545 598 2585 mora
647 2529 920 2592 afferalur,
953 2543 1100 2583 cura.
1155 2527 1385 2583 Omnino
1415 2527 1593 2594 enim,
1645 2529 1803 2582 etiam
1853 2529 1896 2582 si
1939 2527 2038 2596 ipsi

448 2619 811 2687 abfuerimus,
853 2619 1096 2674 homines
1131 2619 1286 2674 nobis
1323 2618 1632 2674 amicissimi
1672 2634 1776 2672 non
1808 2617 2039 2672 defuturi

450 2721 606 2779 sunt,
654 2713 744 2784 qui
775 2724 826 2768 te
869 2712 935 2767 ad
991 2713 1106 2768 hazc
1160 2713 1536 2785 mysteriorum
1585 2712 1735 2767 initia
1775 2711 2041 2768 deducere

451 2815 649 2878 queant
679 2808 773 2880 (α).
799 2806 950 2876 Quod
989 2806 1036 2863 si
1060 2807 1366 2878 contingat,
1397 2805 1585 2861 eadem
1632 2805 1902 2876 voluptate
1925 2805 2044 2858 afﬁ-

451 2901 679 2966 cientur,
711 2915 813 2970 qua
849 2901 1208 2967 afficeremur,
1244 2900 1289 2955 si
1319 2899 1555 2956 cmlestis
1594 2899 1754 2970 hujus
1797 2898 2041 2954 beneficii

456 2991 720 3061 largitioni
767 2989 1142 3046 administram
1202 2991 1415 3062 ipsitnet
1469 3005 1686 3062 operam
1727 2990 2046 3061 praebuisse-

453 3099 603 3152 mus,
626 3083 1053 3154 quandoquidem
1082 3084 1240 3138 etiam
1268 3083 1455 3139 eadem
1485 3093 1567 3139 est
1596 3084 1784 3155 gratia.

646 3195 972 3255 CXXXIII.
1005 3197 1222 3254 Adoliar.
1251 3197 1486 3268 (Cucuso
1517 3213 1660 3254 anno
1688 3198 1844 3270 404.)

529 3311 666 3380 Quid
694 3311 812 3367 ais?
838 3311 1071 3367 Rursum
1116 3311 1334 3367 insidias
1361 3312 1537 3383 luges,
1563 3311 1923 3383 gravibusque
1949 3325 2046 3367 ca-

459 3403 782 3459 lamitatibus
836 3403 1083 3459 affectam
1138 3411 1192 3458 te
1248 3415 1370 3458 esse
1417 3402 1628 3473 inquis?
1671 3401 1810 3471 Quid
1866 3409 2048 3457 autem

457 3494 670 3564 obstat,
701 3508 914 3565 quaeso,
965 3493 1092 3565 quin
1131 3493 1184 3549 in
1212 3493 1553 3565 tranquillum
1583 3502 1797 3564 portum
1825 3501 1878 3550 te
1920 3507 2048 3549 con-

459 3585 600 3640 feras
622 3627 636 3649 ,
663 3593 824 3655 atque
852 3583 936 3639 his
965 3583 1216 3639 omnibus
1244 3584 1493 3640 fluctibus
1533 3584 1816 3640 libereris?
1853 3584 2047 3638 Annon

461 3677 575 3732 lucc
601 3675 694 3731 tibi
724 3690 936 3746 seraper
954 3675 1265 3732 occinebant
1281 3717 1297 3742 ,
1326 3690 1426 3731 nec
1446 3684 1622 3729 tamen
1647 3689 1895 3746 umquam
1919 3673 2050 3728 mihi

461 3766 936 3836 obtemperandum
983 3765 1223 3822 duxisti?
1259 3766 1398 3834 Quin
1467 3766 1641 3836 potius
1675 3766 1788 3836 ipsa
1837 3765 2052 3836 qucque

461 3861 554 3915 tibi
608 3861 678 3915 ah
715 3858 1019 3929 hujustnodi
1068 3860 1400 3931 negotiorum
1445 3860 1558 3915 luto
1608 3868 1860 3916 sexcenta
1913 3859 2052 3914 mala

461 3952 732 4018 accersis,
792 3952 844 4006 in
895 3964 1110 4007 caenum
1157 3961 1416 4022 perpetuo
1463 3951 1720 4018 illabens,
1753 3966 1820 4007 ac
1861 3950 2050 4019 nobis,

452 4043 588 4100 dum
627 4041 742 4098 haec
793 4043 1018 4112 pateris,
1045 4043 1262 4099 crebros
1281 4058 1344 4098 ac
1365 4053 1650 4114 perpetuos
1688 4057 1951 4100 maerores
1976 4043 2053 4097 af-

455 4138 594 4192 .fers.
623 4137 706 4191 An
730 4151 814 4190 me
841 4136 943 4190 levi
970 4149 1206 4192 maerore
1225 4135 1366 4192 allici
1387 4151 1596 4204 censes,
1628 4152 1749 4192 cum
1766 4151 1828 4192 ea
1855 4135 2052 4201 audivi,

455 4241 585 4297 .quze
613 4225 680 4280 ad
711 4242 795 4281 me
821 4227 1120 4296 scripsisti,
1165 4228 1418 4281 nimirum
1451 4238 1502 4283 te
1530 4243 1560 4282 a
1591 4228 1906 4298 propinquis
1925 4269 1938 4290 ,
1969 4227 2054 4282 vel

466 4317 640 4387 potius
669 4315 861 4372 alienis
887 4317 1041 4387 (ipsis
1078 4317 1220 4372 enim
1255 4317 1358 4371 tuis
1395 4317 1572 4380 verbis
1600 4320 1743 4388 utar)
1788 4317 2054 4389 proditam

455 4423 588 4466 .esse
606 4450 622 4477 ,
647 4423 940 4480 gravesque
966 4407 1250 4479 tragoedias
1267 4409 1548 4479 pertulisse
1563 4408 1587 4462 ?
1602 4409 1888 4480 Quousque
1909 4409 2056 4466 fumo

427 4502 438 4512 '
469 4499 696 4566 assides,
715 4509 770 4555 et
791 4500 993 4555 clarum
1020 4501 1184 4556 animi
1206 4501 1417 4556 oculum
1452 4501 1675 4556 turbas?
1696 4517 2058 4574 numquamne

459 4600 520 4648 :te
549 4591 617 4646 ab
643 4592 743 4647 hac
777 4592 1120 4647 acerbissima
1171 4592 1427 4647 servitute
1473 4592 1524 4647 in
1557 4591 1854 4648 libertatem
1887 4593 2060 4648 vindi-

458 4683 648 4738 .cabis?
675 4680 813 4750 Quid
853 4692 1032 4738 autem
1078 4681 1431 4752 impediebat,
1487 4683 1774 4754 quominus
1815 4683 1918 4738 huc
1966 4700 2060 4741 ve-

464 4773 633 4840 .nires,
665 4789 869 4845 nosque
898 4773 965 4830 de
991 4772 1074 4828 his
1099 4773 1259 4829 rebus
1275 4774 1553 4829 consilium
1579 4790 1683 4830 una
1708 4777 2060 4846 caperemus?

461 4863 742 4936 :Siquidem
771 4866 961 4920 scribis
987 4875 1039 4920 te
1066 4881 1354 4936 numquam
1405 4868 1594 4921 horum
1625 4881 1841 4922 sensum
1888 4868 2056 4925 ullum

465 4965 744 5025 capturum
787 4955 984 5026 fuisse,
1035 4958 1080 5014 si
1112 4957 1165 5014 id
1209 4959 1538 5031 contigisset.
1586 4959 1773 5031 Magna
1823 4960 2061 5018 admira-

469 5045 616 5101 tione
641 5061 704 5102 ac
744 5059 962 5118 stupore
1010 5059 1218 5116 teneor,
1267 5066 1440 5122 neque
1470 5051 1631 5107 ullam
1658 5053 1814 5107 aliam
1842 5069 2057 5110 causam

471 5146 580 5192 tam
609 5137 875 5193 diuturna:
925 5149 1029 5196 tua:
1065 5157 1096 5197 a
1126 5143 1280 5197 nobis
1333 5143 1589 5200 absentia:
1633 5147 1870 5216 reperio,
1898 5163 2056 5218 quam

471 5233 846 5304 negligentiam
876 5249 941 5289 ac
975 5235 1264 5307 pigritiam.
1295 5235 1427 5292 Nam
1453 5246 1506 5293 et
1530 5238 1721 5310 exiguo
1744 5239 1947 5294 itineris
1973 5240 2057 5296 in-

536 5367 554 5398 ι
587 5364 797 5427 Coislin.,
821 5381 1032 5419 carcere.

494 5491 504 5504 9
528 5427 694 5504 (aut!
934 5443 1144 5492 11:1an
1165 5443 1396 5504 gymnﬁv
1417 5446 1682 5504 Win.
1721 5439 1946 5504 \jerterat
1967 5435 2062 5484 Bil-

467 5488 693 5559 liusfouj
709 5495 755 5540 te
775 5493 844 5559 a_d_
865 5492 990 5559 hanc
1012 5488 1270 5544 sacerdotii
1292 5488 1572 5559 dignitatem
1588 5488 1846 5558 prouehere
1862 5504 2062 5559 queant;

469 5552 560 5625 sed
586 5551 712 5600 male
737 5552 846 5625 .:.id
884 5555 1199 5625 enitn__gra3ca
1235 5567 1331 5604 non
1345 5551 1666 5625 "exprimunt.
1699 5565 1750 5607 et
1791 5551 2061 5608 Gemelluni

471 5613 602 5663 hunc
623 5625 688 5664 ex
705 5613 1079 5680 virismimarii's
1094 5625 1157 5680 et,
1169 5629 1234 5666 ex
1255 5613 1726 5680 senatoribusfuisse
1740 5627 1947 5680 constat,
1959 5628 2061 5670 tum

476 5675 937 5750 escompellati’gne
961 5676 1244 5750 honorifica,
1261 5677 1533 5750 mgni/ica,
1551 5688 1652 5750 tum
1669 5683 1835 5740 etiam,
1858 5675 1986 5745 quod
2012 5685 2061 5733 in

477 5737 587 5804 aliis
609 5737 827 5800 epistolis
845 5739 907 5789 70
931 5747 985 5790 et
1007 5739 1099 5788 124
1120 5737 1450 5804 mgistratum
1473 5737 1688 5804 gessisse
1711 5737 1919 5792 constet.
1945 5752 2062 5794 Puto

475 5801 641 5862 itaque
663 5813 772 5852 cum
795 5807 1033 5870 Frontone
1050 5801 1222 5855 Ducteo
1245 5803 1321 5853 hic
1341 5802 1405 5854 de
1427 5801 1665 5868 baptismo
1678 5806 1774 5868 agi,
1793 5819 1940 5870 quem
1959 5821 2063 5860 sus-

468 5871 679 5928 mperat
698 5863 962 5922 GeweUIIS.

1131 396 1189 452 8.
1229 393 1504 451 JOANNIS
1539 393 2008 452 CIIRYSOSTO-Ml
2051 394 2366 452 ARCHIEP.
2405 391 2942 451 CONSTANTINOP.

3597 395 3713 457 693

2125 508 2346 563 tervallo
2375 507 2700 573 divellimur,
2731 515 2786 562 et
2807 505 2934 560 anni
2977 517 3102 576 pars
3139 503 3208 560 ad
3258 505 3708 576 peregrinandum

2119 614 2373 671 perquam
2405 598 2594 655 idonea
2640 608 2755 666 est,
2781 607 2837 655 ut
2861 613 2979 670 quas
3010 611 3110 653 nec
3149 595 3379 668 frigore,
3433 613 3533 654 nec
3575 607 3712 652 astu

2121 693 2340 767 molesta
2373 694 2462 748 sit.
2487 693 2684 748 Verum
2713 709 2896 749 rursus
2921 691 3169 758 fortasse,
3196 708 3316 763 quae
3347 692 3440 747 tibi
3467 694 3712 748 omnium

2123 785 2382 838 malorum
2413 799 2604 855 parens
2632 783 2870 850 exsistit,
2899 783 3002 838 hoc
3027 793 3109 838 est
3135 799 3312 839 rerum
3343 783 3561 853 hujusce
3588 786 3717 839 vita:

2121 891 2280 943 cura,
2315 875 2500 931 eadem
2529 890 2669 930 nunc
2704 890 2914 947 quoque
2943 874 3038 929 tibi
3066 874 3502 945 impedimentum
3533 874 3714 929 affert.

2123 966 2237 1038 Ego
2290 980 2418 1021 vero
2466 965 2512 1021 si
2565 965 2784 1033 venias,
2838 965 3105 1036 ingentem
3157 965 3381 1036 gratiam
3434 964 3723 1018 habiturus

2124 1048 2278 1126 sum;
2310 1058 2356 1114 si
2384 1073 2488 1113 non
2513 1057 2698 1114 venias
2717 1099 2734 1126 ,
2787 1071 2892 1112 non
2925 1066 3204 1128 propterea
3234 1065 3287 1112 te
3327 1059 3591 1112 accusabo
3611 1099 3625 1121 ,
3654 1072 3722 1110 ac

2126 1149 2350 1205 moleste
2389 1149 2553 1204 feram
2581 1167 2595 1205 :
2619 1163 2804 1204 verum
2832 1164 2949 1205 eam
2975 1149 3188 1220 quidem
3214 1150 3490 1204 caritatem
3509 1191 3522 1215 ,
3556 1163 3723 1220 quam

2129 1259 2342 1314 semper
2371 1241 2464 1297 tibi
2488 1241 2744 1314 praestiti,
2773 1241 3034 1313 integram
3071 1255 3134 1296 ac
3160 1241 3441 1296 ﬂorentem
3486 1239 3714 1295 retineo.

2131 1335 2263 1391 Illud
2290 1344 2468 1390 autem
2505 1334 2690 1406 iniquo
2718 1342 2876 1404 atque
2905 1332 3099 1389 acerbo
3121 1332 3302 1388 animo
3330 1331 3477 1398 fero,
3515 1347 3637 1387 cum
3668 1341 3725 1386 te

2130 1427 2426 1484 innumeris
2464 1427 2696 1498 negotiis
2739 1424 3061 1495 implicatam
3103 1425 3308 1488 teneri,
3332 1437 3395 1479 ac
3432 1430 3725 1477 sexcentas

2129 1533 2376 1576 curarum
2402 1516 2626 1588 hujusce
2653 1515 2776 1571 vita:
2805 1515 3045 1571 sarcinas
3072 1513 3416 1570 circumferre
3439 1512 3618 1566 audio.
3645 1513 3728 1566 Ac

2132 1611 2234 1665 nisi
2279 1625 2366 1664 me
2399 1608 2570 1664 exsilii
2603 1607 2892 1664 necessitas
2923 1607 3194 1677 tamquam
3236 1603 3583 1675 compedibus
3622 1603 3726 1658 ad-

2132 1704 2377 1758 strictum
2417 1709 2650 1769 teneret,
2681 1702 2772 1756 tibi
2795 1701 3067 1772 negotium
3099 1715 3205 1755 non
3235 1699 3555 1768 facesserent
3578 1740 3596 1767 ,
3626 1714 3722 1754 ve-

2133 1811 2252 1850 rum
2273 1837 2288 1862 ,
2319 1794 2528 1850 etiamsi
2558 1794 2802 1865 graviore
2839 1793 3014 1848 adhuc
3033 1833 3050 1861 ,
3079 1807 3238 1862 quam
3269 1807 3369 1862 qua
3399 1806 3540 1846 nunc
3569 1805 3689 1846 sum
3707 1831 3728 1855 ,

2135 1889 2377 1960 corporis
2404 1886 2766 1942 imbecillitate
2791 1884 3122 1951 laborarem,
3155 1883 3272 1954 ipse
3299 1897 3430 1938 sane
3456 1881 3522 1936 ad
3553 1891 3606 1938 te
3635 1897 3732 1937 ex-

2137 1982 2450 2044 currissem,
2483 1995 2656 2050 neque
2685 1979 2831 2049 prius
2852 1977 3062 2048 quidvis
3085 1991 3243 2048 agere
3265 1991 3329 2030 ac
3349 1975 3527 2029 moliri
3555 1974 3731 2029 desti-

2139 2077 2343 2142 tissem,
2360 2087 2520 2145 quam
2537 2083 2590 2128 te
2609 2087 2682 2128 ex
2696 2069 2798 2127 hac
2815 2078 3129 2142 tempestate
3140 2077 3302 2138 atque
3323 2067 3732 2122 innumerorum

2139 2169 2401 2224 malorum
2422 2181 2578 2223 coeno
2605 2175 2660 2221 et
2682 2165 2912 2220 colluvie
2939 2157 3312 2219 extraxissem.
3342 2159 3603 2230 Quoniam
3633 2175 3736 2215 au-

2141 2273 2249 2318 tem
2277 2262 2328 2317 id
2355 2261 2574 2318 minime
2597 2261 2755 2325 licet,
2786 2273 3035 2328 cuperem
3064 2271 3193 2312 sane
3219 2265 3274 2326 te
3299 2256 3402 2311 huc
3420 2253 3605 2310 venire
3625 2295 3644 2319 ,
3667 2268 3737 2309 ac

2140 2356 2208 2411 de
2245 2354 2515 2420 hisrebus
2547 2353 2615 2408 ad
2645 2367 2742 2410 nos
2767 2350 2988 2408 referre.
3017 2350 3170 2420 Quod
3197 2350 3243 2405 si
3290 2364 3390 2405 nec
3417 2348 3558 2405 istud
3609 2362 3738 2419 pro-

2141 2449 2278 2504 clive
2297 2457 2380 2502 est
2399 2487 2414 2513 ,
2444 2462 2630 2501 verum
2657 2444 2897 2513 difficile,
2920 2459 3018 2515 per
3042 2445 3224 2500 literas
3253 2450 3306 2497 te
3326 2456 3546 2497 monere
3570 2451 3739 2512 atque

2143 2541 2345 2596 hortari
2370 2555 2477 2595 non
2505 2539 2748 2595 desinam
2771 2579 2787 2606 ,
2818 2547 2879 2592 ut
2905 2548 2958 2592 tu
2986 2536 3140 2592 funes
3164 2551 3227 2590 ac
3252 2549 3421 2590 nexus
3441 2532 3731 2605 praccidas,

2142 2634 2443 2704 animaeque
2468 2629 2754 2702 compedes
2773 2629 3021 2700 effringas
3041 2671 3057 2697 ,
3087 2641 3385 2699 magnaque
3413 2641 3534 2682 cum
3561 2624 3737 2680 facili-

2145 2733 2253 2781 tate
2275 2733 2330 2782 ct
2353 2724 2598 2780 libertate
2613 2722 2891 2795 gradiaris.
2914 2722 3026 2778 Hac
3043 2722 3185 2778 enim
3205 2721 3413 2777 ratione
3439 2735 3546 2775 non
3572 2716 3740 2773 modo

2146 2815 2304 2886 hujus
2339 2815 2462 2871 vita:
2500 2815 2738 2871 laetitiam
2762 2813 3145 2885 consequeris,
3193 2812 3288 2868 sed
3338 2812 3498 2868 etiam
3543 2810 3740 2866 caelum

2145 2910 2290 2966 facili
2337 2910 2554 2982 negotio
2593 2909 2846 2980 accipies.
2891 2907 3251 2981 Quamobrem
3275 2907 3343 2962 da
3381 2920 3638 2976 operam,
3678 2910 3744 2958 ut

2147 3019 2268 3075 quze
2312 3001 2586 3074 aliquanto
2623 3010 2780 3073 post,
2810 3015 2933 3056 cum
2958 2999 3081 3054 hinc
3115 2997 3450 3069 migrandum
3475 2997 3618 3060 erit,
3655 2997 3741 3049 in-

2148 3096 2253 3152 vita
2285 3095 2535 3151 relictura
2565 3110 2656 3163 es,
2685 3108 2751 3150 ea
2777 3099 2968 3164 sponte
2996 3092 3049 3147 in
3089 3090 3281 3146 aeraria
3309 3090 3378 3144 ab
3401 3087 3548 3143 omni
3574 3087 3742 3142 latro-

2150 3203 2277 3243 num
2298 3185 2493 3257 injuria
2523 3185 2689 3242 libera
2721 3193 2777 3240 et
2816 3182 3072 3239 immunia
3105 3182 3432 3254 prmmittas,
3457 3196 3520 3237 ac
3549 3194 3646 3249 per
3673 3193 3740 3233 ea

2149 3280 2480 3336 immortales
2499 3320 2516 3348 ,
2547 3294 2648 3338 nec
2674 3293 2927 3350 umquam
2958 3285 3356 3333 marcescentes
3389 3289 3618 3331 coronas
3645 3274 3741 3328 tibi

2151 3371 2484 3445 prmcondas.

2352 3461 2582 3518 CXXXI
2599 3460 2661 3516 V.
2690 3459 2928 3532 Diogeni.
2961 3459 3194 3526 (Cucuso
3222 3471 3364 3512 anno
3387 3454 3542 3525 404.)

2223 3557 2556 3627 Permagno,
2582 3555 2798 3610 domine
2828 3553 2898 3607 mi
2929 3550 3273 3615 admirande,
3303 3547 3446 3604 istud
3463 3547 3745 3610 emissem,

2154 3658 2210 3705 ut
2240 3647 2370 3703 mihi
2397 3647 2712 3702 suavitatem
2739 3653 2882 3699 tuam
2911 3641 3094 3698 videre
3130 3641 3348 3705 liceret,
3397 3637 3557 3708 idque
3580 3637 3746 3692 etiam

2156 3741 2271 3811 ipse
2293 3750 2417 3795 ante
2442 3739 2624 3795 literas
2653 3746 2864 3793 nostras
2885 3733 3220 3806 exploratum
3250 3732 3416 3787 babes
3450 3748 3464 3784 :
3495 3728 3742 3800 quando-

2155 3831 2372 3903 quidem
2391 3830 2497 3886 .tibi
2525 3844 2738 3900 quoque
2780 3842 2932 3882 meus
2976 3841 3101 3896 erga
3150 3835 3201 3880 te
3237 3838 3390 3880 amor
3428 3829 3750 3892 perspectus

2155 3935 2260 3982 est.
2287 3924 2548 3994 Quoniam
2579 3931 2762 3978 autem
2791 3919 2843 3976 id
2874 3920 3091 3974 minime
3115 3917 3242 3973 licet
3271 3917 3419 3987 (nam
3443 3924 3504 3978 et,
3526 3913 3748 3984 longum

2157 4019 2260 4076 iter
2304 4020 2444 4074 inter
2482 4031 2582 4071 nos
2626 4014 2959 4083 interjectum
3005 4018 3126 4074 est,
3173 4023 3276 4064 nec
3317 4007 3486 4063 nostri
3529 4005 3750 4076 quidem

2157 4110 2361 4165 arbitrii
2387 4117 2491 4176 est,
2512 4122 2619 4178 quo
2640 4105 2821 4170 libeat,
2849 4119 2946 4160 nos
2961 4101 3228 4166 conferre,
3254 4115 3317 4156 ac
3345 4099 3576 4168 denique
3602 4098 3756 4152 lsau-

2158 4204 2390 4259 ricarunt
2437 4200 2797 4256 incursionum
2843 4194 3080 4268 quotidie
3129 4206 3304 4249 metus
3354 4189 3750 4262 ingravescit),

2159 4297 2256 4351 abs
2285 4304 2337 4350 te
2376 4302 2534 4364 peto,
2567 4301 2657 4356 ut,
2690 4290 2830 4361 quod
2871 4287 3160 4342 maximum
3201 4285 3354 4340 nobis
3385 4294 3494 4338 tum
3528 4280 3755 4350 hujusce

2160 4384 2486 4450 solitudinis,
2515 4392 2625 4438 tum
2651 4394 3009 4435 mrumnarum
3039 4377 3276 4432 omnium
3305 4384 3360 4430 et
3384 4373 3752 4429 calamitatum

2159 4476 2407 4533 solatium
2443 4483 2527 4530 est
2548 4515 2564 4540 ,
2599 4488 2759 4544 quam
2797 4471 3096 4542 saepissime
3122 4485 3151 4523 a
3179 4477 3230 4523 te
3260 4468 3440 4523 literas
3467 4464 3754 4534 accipiam,

2161 4570 2354 4641 quibus
2377 4567 2445 4624 de
2470 4577 2559 4622 tua
2581 4567 2850 4636 totiusque
2873 4567 3064 4620 domus
3089 4573 3193 4619 tua:
3220 4559 3524 4616 valetudine
3546 4559 3751 4614 certior

2164 4666 2285 4720 liam
2315 4681 2329 4718 :
2361 4662 2414 4718 id
2437 4661 2632 4727 velim,
2679 4661 2725 4716 si
2767 4659 2993 4716 facultas
3029 4657 3186 4714 detur
3209 4695 3224 4721 .
3262 4669 3422 4726 quam
3456 4652 3760 4723 saepissime

2163 4758 2318 4813 nobis
2342 4754 2628 4812 concedas.
2682 4753 2866 4824 Neque
2889 4752 3034 4808 enim
3072 4751 3226 4807 facile
3250 4758 3333 4804 est
3370 4762 3470 4803 nos
3493 4747 3638 4802 istud
3661 4761 3759 4801 co-

2165 4850 2314 4922 piose
2339 4847 2578 4905 obtinere
2599 4888 2614 4913 ,
2648 4845 2790 4916 quod
2818 4843 2954 4900 haud
2987 4842 3140 4898 facile
3167 4840 3446 4912 quisquam
3487 4839 3650 4892 istinc
3691 4835 3758 4891 ad

2166 4957 2264 4998 nos
2298 4943 2493 4997 veniat.
2522 4939 2788 4995 Caeterum
2806 4979 2820 5000 ,
2849 4935 2948 4992 etsi
2973 4936 3198 4989 arduum
3229 4929 3476 5002 estquod
3497 4930 3756 5002 petimus,

2167 5045 2342 5089 tamen
2367 5029 2540 5102 quoad
2567 5029 2682 5099 ejus
2705 5027 2817 5083 fieri
2843 5023 3041 5097 poterit
3061 5064 3076 5089 ,
3103 5023 3261 5079 velim
3287 5021 3384 5077 des
3409 5034 3632 5092 operam
3659 5061 3674 5082 ,
3703 5028 3761 5073 ut

2164 5125 2382 5181 crebras
2410 5122 2477 5178 ad
2517 5137 2616 5177 nos
2654 5122 2836 5176 literas
2863 5119 3042 5173 mittas
3061 5159 3076 5184 ,
3105 5132 3225 5186 qua:
3254 5114 3411 5170 nobis
3435 5111 3761 5168 valetudinis

2168 5227 2271 5270 tuae
2312 5224 2509 5269 statum
2553 5221 2842 5282 exponant.
2886 5210 2956 5266 Ut
2993 5219 3203 5273 autem,
3246 5207 3372 5278 quid
3416 5205 3514 5275 ipsi
3546 5219 3762 5273 quoque

2164 5321 2447 5379 geramus,
2479 5304 2778 5376 intelligere
2819 5319 3003 5376 queas,
3033 5303 3144 5359 otio
3167 5311 3326 5372 atque
3352 5298 3549 5370 ingenti
3580 5297 3764 5368 quiete

2167 5400 2390 5458 fruimur
2410 5439 2427 5466 ,
2467 5414 2661 5470 magna
2686 5397 3102 5470 tranquillitate,
3145 5410 3211 5452 ac
3231 5393 3488 5450 mediocri
3515 5389 3760 5460 corporis

2165 5490 2393 5546 sanitate
2416 5506 2430 5556 ;
2458 5488 2560 5546 hoc
2583 5505 2745 5546 unum
2765 5491 3002 5546 animum
3029 5497 3267 5543 nostrum
3287 5482 3592 5547 conturbat,
3615 5479 3757 5551 quod

2165 5596 2195 5635 a
2223 5581 2401 5649 vobis,
2443 5597 2473 5637 a
2500 5583 2693 5652 quibus
2730 5597 3008 5648 amamur,
3048 5579 3273 5650 sejuncti
3317 5591 3523 5634 sumus.
3557 5572 3756 5629 Verum

2167 5682 2341 5746 potest
2367 5681 2454 5730 tua
2479 5673 2782 5745 prudentia,
2806 5689 2870 5729 ea
2894 5673 3134 5739 ratione,
3163 5685 3322 5739 quam
3347 5665 3601 5729 diximus,
3634 5662 3767 5719 huic

2166 5784 2377 5842 quoque
2410 5769 2550 5824 malo
2575 5769 2822 5824 solatium
2853 5767 3131 5824 adhibere.
3165 5761 3424 5834 Quocirca
3452 5759 3554 5814 hoc
3582 5757 3762 5816 nobis.

2166 5876 2372 5934 qmeso,
2405 5861 2720 5920 beneficium
2740 5861 2806 5918 da
2830 5903 2846 5930 ,
2877 5876 3013 5933 quo,
3045 5859 3172 5916 licet
3199 5863 3344 5914 tanto
3368 5852 3464 5910 abs
3504 5861 3556 5907 te
3583 5849 3754 5907 inter~
