4064 6218
234 541 424 590 τινων,
448 521 585 578 ἀλλά
613 523 709 577 καὶ
734 520 1171 586 καλλωπίζεσθαι
1203 522 1295 575 ἐπὶ
1327 520 1522 593 τούτῳ,
1549 518 1700 594 [677]
1723 522 1818 575 καὶ

237 626 314 690 μή
346 615 784 690 καλλωπίζεσθαι
819 615 980 686 μόνον
1006 655 1021 678 ,
1048 615 1186 670 ἀλλά
1239 615 1335 670 καὶ
1377 615 1548 669 ἐλεεῖν
1575 615 1701 677 τοὺς
1730 631 1818 685 μι-

233 685 488 775 σοῦντας,
538 685 636 762 καὶ
684 685 970 779 ἐπιθυμεῖν
1008 707 1206 771 αὐτοὺς
1242 706 1692 778 μεταϐάλλεσθαι,
1723 705 1820 759 καλ¹

229 802 492 871 γενέσθαι
537 802 830 873 χρηστοὺς,
883 799 1058 870 πόσης
1097 799 1196 870 μὲν
1231 800 1523 863 συνέσεως,
1559 798 1733 869 πόσης
1760 797 1817 851 δὲ

227 894 304 948 ἂν
323 893 409 963 εἴη
427 891 780 961 φιλοσοφίαςς
804 890 906 944 Διά
930 890 1105 943 ταῦτά
1131 907 1189 943 σε
1214 891 1543 961 ἐπαινοῦμεν
1571 890 1665 943 καί
1688 888 1819 942 θαυ-

229 985 503 1056 μάζομεν,
533 983 768 1037 δέσποτα
820 981 1240 1052 θαυμασιώτατε
1279 983 1373 1036 καὶ
1403 981 1819 1054 μεγαλοπρεπέ-

226 1093 421 1138 στατε,
449 1075 540 1128 διά
561 1073 736 1128 ταῦτα
763 1074 858 1129 καὶ
876 1074 1031 1127 αὐτοὶ
1056 1073 1365 1146 σκιρτῶμεν
1391 1086 1418 1114 ι
1451 1073 1682 1145 μεγάλα,
1710 1071 1818 1125 ὦσ-

227 1183 342 1239 περ
370 1166 462 1220 ἐπὶ
487 1166 736 1237 στεφάνῳ
775 1164 1033 1238 λαμπρῷ,
1084 1169 1152 1237 τῇ
1185 1165 1332 1236 φιλίᾳ
1353 1167 1452 1237 τῆς
1484 1167 1582 1237 σῆς
1609 1182 1814 1235 σεμνυ-

223 1261 448 1333 νόμενοι
483 1259 982 1330 μεγαλοπρεπείας.
1047 1259 1264 1331 Ἐπειδὴ
1308 1258 1365 1312 δέ
1397 1259 1490 1312 καὶ
1523 1257 1686 1329 εὐχὰς
1716 1256 1816 1319 τάς

227 1353 365 1424 παρ’
384 1352 541 1425 ἡμῶν
562 1353 812 1415 ἀπαιτεῖς
835 1351 924 1406 διὰ
943 1350 1052 1405 τῶν
1074 1351 1440 1423 γραμμάτων,
1468 1349 1709 1422 μάνθανε
1731 1349 1815 1402 ὅτι

226 1445 327 1499 καὶ
387 1445 492 1516 πρὸ
541 1445 652 1498 τῶν
689 1443 1038 1516 γραμμάτων
1078 1443 1284 1496 τούτων
1316 1443 1416 1495 οὐκ
1451 1439 1814 1510 ἐπαυσάμεθα

224 1537 538 1609 εὐχόμενοι,
571 1536 672 1608 τὴν
719 1535 963 1608 μεγάλην
994 1534 1137 1589 οὕτω
1167 1535 1260 1588 καὶ
1311 1533 1599 1603 φιλόσοφον
1635 1531 1814 1603 ψυχὴν

229 1630 364 1683 ἰδεῖν
399 1627 731 1699 τελουμένην
758 1627 969 1698 ταχέως
991 1625 1277 1696 τὴν·ίεράν
1311 1624 1555 1695 τελετὴν,
1589 1625 1683 1678 καὶ
1703 1624 1815 1678 τῶν

228 1721 398 1792 ιερῶν
449 1721 674 1774 ἐκείνων
703 1720 798 1772 καὶ
831 1717 1074 1789 φρικτῶν
1117 1716 1551 1792 καταξιουμένην
1602 1732 1812 1786 μυστη-

222 1813 386 1883 ρίων.
414 1812 534 1867 Κᾶν
553 1811 758 1864 τούτων
779 1809 1095 1880 δυνηθῶμεν
1127 1786 1420 1879 μετασχέίν
1440 1808 1548 1860 τῶν
1581 1807 1812 1874 εὐαγγε-

219 1904 396 1966 λίων,
463 1903 558 1955 καὶ
618 1902 719 1972 τῆς
778 1901 994 1972 ἐξορίας
1041 1900 1068 1939 δ
1116 1898 1513 1971 ἀπηλλάγμεθα
1569 1897 1810 1968 ταύτης,

220 1996 322 2048 καὶ
364 1994 464 2065 τῆς
491 1977 726 2065 ἐρημίας
753 1991 1180 2063 ἐπιλελήσμεθα,
1217 1993 1312 2046 καὶ
1357 1992 1456 2063 τῆς
1493 1988 1812 2060 σωματικῆς

217 2086 538 2152 ἀσθενείας,
558 2081 592 2158 ᾖ
623 2085 925 2156 παλαίομεν
946 2084 1062 2148 νῦν,
1095 2081 1538 2154 ήλευθερώμεθα.
1559 2082 1671 2135 Καὶ
1695 2075 1812 2134 οἶδα

221 2179 334 2250 μὲν
363 2179 446 2232 ὅτι
474 2195 556 2231 σοι
589 2176 814 2248 σπουδὴ,
842 2175 1077 2229 δέσποτα
1107 2192 1207 2246 μου
1239 2171 1679 2244 θαυμασιώτατε,
1714 2170 1811 2223 καὶ

219 2271 498 2343 ἐπιθυμία
529 2271 616 2324 διά
649 2271 748 2341 τῆς
779 2269 1054 2342 ἡμετέρας
1089 2266 1426 2338 βραχύτητος
1474 2265 1584 2318 τῶν
1637 2265 1811 2333 ἀπορ-

219 2367 411 2436 ρήτων
443 2363 647 2416 τούτων
669 2361 1067 2433 καταξιωθῆναι
1089 2361 1330 2429 ἀγαθῶν,
1358 2359 1452 2413 καὶ
1480 2360 1611 2430 ἡμῖν
1633 2358 1712 2420 δέ,
1735 2358 1810 2420 ὡς

218 2457 394 2519 αὐτὸς
418 2453 592 2519 οἶσθα,
625 2455 780 2509 τοῦτο
808 2454 1293 2526 περισπούδαστον.
1337 2451 1476 2504 Ἀλλ’
1515 2450 1611 2503 ἐὰν
1641 2449 1810 2522 μέλλῃ

217 2548 290 2598 τά
321 2543 591 2616 ἡμέτερα,
617 2543 775 2596 τοῦτο
800 2542 1070 2614 μηδεμίαν
1087 2541 1258 2612 ἐχέτω
1283 2540 1558 2612 μέλλησιν.
1585 2539 1811 2601 Πάντως

218 2639 338 2709 γάρ
367 2636 711 2708 εὐπορήσεις,
745 2637 838 2688 καὶ
862 2635 1020 2705 ήμῶν
1051 2633 1319 2696 ἀπόντων,
1361 2629 1572 2701 ἀνδρῶν
1608 2629 1810 2699 σφόδρα

219 2726 361 2797 ήμίν
387 2724 647 2794 γνησίων,
676 2722 991 2793 δυναμένων
1021 2739 1078 2774 σε
1111 2721 1203 2774 ἐπὶ
1225 2721 1427 2791 ταύτην
1455 2722 1684 2788 ἀγαγεῖν
1709 2719 1808 2790 τὴν

224 2812 642 2887 μυσταγωγίαν.
685 2812 801 2866 Κάν
830 2812 988 2865 τοῦτο
1014 2811 1256 2881 γένηται,
1297 2810 1404 2882 τὴν
1425 2809 1594 2881 αὐτὴν
1614 2809 1810 2881 ἕξομεν

221 2905 649 2978 ήδονήν,ἥνπερ
680 2903 745 2957 ἂν
796 2905 844 2958 εί
894 2905 988 2957 καὶ
1035 2906 1198 2975 ἡμεῖς
1255 2900 1696 2973 διηκονησάμεθα
1742 2902 1808 2970 τῇ

218 3000 374 3055 δόσει
393 2998 494 3068 τῆς
525 2994 850 3064 ἐπουρανίου
882 2994 1087 3067 ταύτης
1120 2994 1366 3066 δωρεᾶς,
1397 2993 1692 3064 ἐπειδήπερ
1716 2991 1812 3048 καὶ

220 3089 258 3162 ἠ
276 3087 448 3161 χάρις
475 3087 623 3140 ἐστὶν
647 3089 680 3161 ή
716 3086 876 3158 αὐτή.

778 3244 964 3297 PAF.
1018 3241 1278 3310 Ἀδολίᾳ.

293 3379 369 3434 τί
400 3377 584 3448 λέγεις
605 3397 621 3446 ;
642 3379 814 3434 Πάλιν
840 3377 1133 3441 ἐπιϐουλὰς
1171 3376 1369 3450 ὀδύρῃ,
1402 3377 1498 3432 καὶ
1535 3375 1684 3431 δεινά
1714 3393 1810 3429 πε-

223 3465 488 3520 πονθέναι
510 3465 646 3538 (me;
677 3466 787 3520 Καὶ
807 3466 860 3520 τί
899 3466 960 3520 τὸ
981 3466 1208 3532 κωλῦον,
1246 3466 1368 3519 εἰπέ
1398 3482 1509 3537 μοι,
1540 3468 1622 3530 είς
1644 3465 1812 3538 γαλη-

223 3559 313 3613 νὸν
346 3558 724 3613 καταπλεῦσαι
749 3557 960 3630 λιμένα,
985 3559 1080 3612 καὶ
1105 3557 1308 3612 τούτων
1328 3557 1549 3613 πάντων
1575 3559 1812 3631 ἀπηλλά-

225 3651 358 3722 χθαι
376 3651 486 3705 τῶν
515 3651 806 3722 κυμάτων;
839 3651 912 3703 Οὐ
942 3649 1117 3727 ταῦτά
1139 3666 1219 3703 σοι
1247 3648 1336 3703 διὰ
1365 3650 1565 3715 παντὸς
1597 3651 1812 3722 ἐπᾴδων

223 3743 318 3797 τοῦ
361 3742 556 3814 χρόνου
576 3742 867 3807 διετέλουν,
895 3743 988 3796 καὶ
1013 3740 1273 3795 οὐδέποτε
1299 3740 1455 3813 ἡμῶν
1479 3741 1810 3813 ἀνασχέσθαι

225 3836 536 3907 ήιὶέλησαςς
559 3834 722 3887 Ἀλλά
755 3835 850 3887 καὶ
874 3836 1042 3904 σαυτῇ
1081 3834 1254 3904 μυρία
1289 3834 1359 3888 τά
1388 3832 1534 3888 κακά
1577 3833 1684 3888 ἀπὸ
1715 3833 1808 3888 τοῦ

224 3922 404 3994 πηλοῦ
420 3921 530 3976 τῶν
553 3921 898 3993 πραγμάτων
917 3921 1122 3975 τούτων
1142 3921 1440 3993 προξενεῖς,
1466 3923 1545 3986 είς
1568 3921 1812 3992 τέλματα

227 4016 470 4088 συνεχῶς
491 4014 862 4086 ἐμπίπτουσα,
898 4015 994 4068 καὶ
1019 4015 1150 4084 ἡμῖν
1179 4015 1243 4067 ἐκ
1280 4014 1376 4068 τοῦ
1407 4013 1580 4068 ταῦτα
1606 4015 1812 4086 ὐπομέ-

227 4128 340 4162 νειν
357 4108 534 4171 λύπας
563 4107 844 4176 ἐπάγουσα
867 4109 1112 4178 συνεχεῖς
1128 4107 1221 4160 καὶ
1247 4107 1480 4170 πυκνάς.
1503 4108 1572 4160 Ἢ
1598 4107 1810 4180 μικρῶς

225 4198 331 4252 οίει
370 4213 439 4266 με
469 4195 563 4251 νῦν
585 4196 836 4266 ἀθυμεῖν,
853 4195 1162 4251 ἀκούσαντα
1185 4195 1358 4250 ταῦτα
1379 4198 1522 4268 ειπερ
1539 4197 1813 4252 ἀπέσταλ-

229 4304 358 4351 κας,
390 4287 474 4340 ὅτι
506 4284 657 4357 παρὰ
679 4285 786 4340 τῶν
827 4287 1066 4349 οἰκείων,
1095 4286 1214 4356 ήτοι
1248 4285 1414 4352 ξένων
1445 4287 1663 4357 (αὐτοῖς
1702 4288 1811 4360 γάρ

231 4397 323 4435 σου
349 4379 630 4452 χρήσομαι
649 4381 762 4444 τοῖς
788 4377 1024 4451 ῥήμασι)
1053 4377 1340 4449 προδοσίας
1366 4378 1811 4451 ὑπομεμένηκας,

233 4476 328 4528 καὶ
379 4472 685 4545 τραγῳδίας
738 4470 1014 4542 χαλεπάς;
1061 4470 1241 4541 Μέχρι
1286 4471 1432 4536 τίνος
1481 4471 1560 4543 τῷ
1619 4473 1814 4545 καπνῷ

230 4565 641 4638 προσεδρεύεις,
664 4562 724 4618 τὸ
744 4561 936 4626 διειδές
958 4579 1051 4616 σου
1081 4561 1346 4616 τοῦοκατά
1358 4562 1536 4634 ψυχὴν
1567 4563 1815 4635 ὄμματος

232 4653 594 4723 ἐπιθολοῦσα;
637 4654 798 4726 μέχρι
843 4653 987 4719 τίνος
1035 4653 1135 4706 οὐκ
1163 4653 1468 4725 ἐλευθεροῖς
1489 4653 1690 4726 σαυτὴν
1718 4673 1812 4708 πι-

233 4751 509 4825 κροτάτης
568 4749 845 4814 δουλείας;
894 4748 960 4801 Τί
1006 4747 1064 4802 δὲ
1114 4745 1210 4801 καὶ
1250 4745 1312 4799 τὸ
1344 4745 1552 4800 κωλύον
1583 4746 1816 4801 ἐνταῦθα

234 4841 666 4916 παραγενέσθαι,
697 4841 791 4895 καὶ
821 4840 950 4911 περὶ
983 4839 1189 4893 τούτων
1231 4839 1379 4909 ἡμᾶς
1411 4841 1562 4910 κοινῇ
1594 4838 1815 4910 βουλεύ-

237 4935 473 5001 σασθαι;
513 4934 623 4987 Καὶ
649 4931 756 5004 γάρ
779 4932 915 5004 ἔφης
938 4931 1058 5003 μηδ’
1087 4932 1152 4986 ἂν
1189 4929 1442 5002 αἴσθησιν
1485 4930 1691 4986 τούτων
1720 4933 1817 4986 λα-

233 5029 370 5095 λεῖν,
401 5029 453 5081 εί
478 5026 638 5081 τοῦτο
666 5026 911 5095 γέγονεν.
951 5024 1093 5094 Ἐγὼ
1117 5023 1319 5097 σφόδρα
1335 5023 1820 5098 ἐκπλήττομαικαὶ

236 5119 529 5192 θαυμάζω,
567 5117 665 5173 καὶ
701 5117 883 5172 αἰτίαν
930 5117 1186 5185 οὐδεμίαν
1215 5116 1454 5189 εὑρίσκω
1496 5115 1591 5171 τοῦ
1633 5118 1694 5172 σε
1724 5119 1819 5173 ἐπὶ

239 5211 395 5284 {678]
429 5209 683 5264 τοσοῦτον
716 5209 874 5281 ήμῶν
905 5207 1319 5281 ἀπολειφθῆναι,
1361 5207 1395 5280 ἢ
1432 5207 1703 5281 ρᾳθυμίαν
1726 5208 1820 5264 καὶ

236 5303 398 5355 δκνον
433 5300 613 5371 μόνον.
640 5299 754 5356 Καὶ
776 5297 888 5371 γάρ
917 5299 1016 5369 τῆς
1039 5296 1160 5352 ὁδοῦ
1191 5297 1252 5351 τὸ
1280 5295 1445 5369 μέσον
1482 5297 1682 5368 ὀλίγον,
1725 5297 1822 5353 καὶ

239 5394 274 5462 η
308 5389 404 5446 τοῦ
439 5391 595 5455 ιτους
617 5385 738 5462 ῶρα
768 5387 906 5463 πρὸς
933 5388 1246 5460 ἀποδημίαν
1278 5387 1486 5460 σφόδρα
1516 5389 1818 5462 ἐπιτηδεία,

242 5479 369 5534 οὐτε
387 5479 606 5554 κρυμῷ,
621 5479 746 5534 οὐτε
770 5479 964 5542 θάλπει
983 5479 1249 5536 λυποῦσα.
1279 5480 1440 5536 Ἀλλά
1457 5481 1618 5538 πάλιν
1636 5483 1765 5546 [σως
1783 5484 1817 5555 ή

245 5571 466 5628 πάντων
493 5587 576 5626 σοι
607 5573 792 5645 μήτηρ
820 5571 910 5627 ἀεὶ
937 5570 1047 5628 τῶν
1083 5571 1269 5629 κακῶν
1287 5573 1568 5648 γινομένη,
1595 5573 1737 5646 λέγω
1755 5573 1822 5648 δή

315 5801 346 5862 _‘
367 5795 571 5862 ροηὲἱιιο
599 5795 830 5862 ἰιιξὶήμιῖς
850 5797 1130 5862 metiam-

318 5859 349 5899 ι’
367 5856 564 5911 Win.
585 5858 666 5911 καὶ
685 5856 770 5919 τῆς
790 5856 993 5924 εἱρκτῆς.

1680 406 2087 467 'EPISTOLE.

3388 408 3501 467 699.

1924 519 2034 574 τῶν
2062 519 2325 590 βιωτικῶν
2351 522 2384 594 ή
2417 523 2659 594 φροντὶς,
2694 522 2832 596 αῦτη
2861 525 2953 579 καὶ
2978 524 3075 579 νῦν
3098 523 3324 593 κώλυμα
3347 522 3497 594 γίνε-

1919 627 2030 664 ται.
2067 609 2207 679 Ἐγὼ
2234 612 2330 682 μὲν
2350 609 2442 667 οῦν
2475 615 2568 667 καὶ
2593 617 3014 689 παραγενομένῃ
3045 616 3207 689 χάριν
3233 616 3341 688 έχω
3366 617 3497 672 πολ-

1919 701 2039 773 λὴν,
2071 702 2164 755 καὶ
2193 703 2267 774 μὴ
2291 708 2704 779 παραγενομένῃ
2727 709 2827 762 οὐκ
2860 707 3098 777 ἐγκαλῶ,
3143 707 3268 764 οὐτε
3301 709 3495 780 δυσχε-

1923 793 2113 865 ραίνω,
2137 794 2250 847 ἀλλ’
2269 793 2376 866 έχω
2402 797 2501 867 μὲν
2525 799 2623 869 τὴν
2649 801 2888 866 ἀγάπην,
2916 800 2981 870 ἢν
3002 800 3089 853 ἀεὶ
3116 799 3242 871 περὶ
3269 799 3367 870 τὴν
3394 800 3496 870 σὴν

1920 881 2218 952 ἐμμέλειαν
2273 884 2633 956 ἐπεδειξάμην
2676 887 3046 958 ἀκμάζουσαν.
3086 887 3261 957 Ἀλγῶ
3313 887 3370 940 δὲ
3402 887 3498 940 καὶ

1922 974 2131 1046 σφόδρα
2154 971 2447 1044 ὀδυνῶμαι,
2465 977 2678 1030 ἀκούων
2700 977 2781 1030 ἔτι
2805 979 3020 1049 μυρίοις
3046 996 3104 1031 σε
3123 978 3495 1048 ἐμπεπλέχθαι

1919 1063 2234 1134 πράγμασι,
2257 1066 2353 1118 καὶ
2384 1066 2553 1136 μυρία
2579 1066 2898 1138 περιφέρειν
2915 1067 3023 1121 τῶν
3045 1067 3314 1137 βιωτικῶν
3341 1083 3499 1138 φρον-

1917 1148 2076 1201 τίδων
2107 1149 2322 1219 φορτία.
2358 1151 2468 1203 Καὶ
2499 1153 2547 1204 εί
2573 1152 2648 1223 μὴ
2671 1154 2816 1222 ἡμᾶς
2849 1155 2882 1224 ή
2912 1154 3013 1223 τῆς
3042 1155 3255 1226 ἐξορίας
3279 1155 3493 1226 ἀνάγκη

1918 1238 2202 1310 πεδήσασα
2232 1242 2464 1296 ἐνταῦθα
2495 1243 2779 1314 κατέσχεν,
2817 1246 2918 1299 οὐκ
2946 1246 3012 1299 ἂν
3035 1245 3242 1317 έσκηλά
3267 1263 3361 1299 σου
3394 1247 3496 1317 τήν

1917 1327 2202 1383 εὐλάϐειαν
2233 1341 2279 1392 α,
2308 1330 2420 1384 ἀλλ’
2437 1333 2485 1385 εί
2509 1334 2602 1385 κα)⁸
2626 1334 2726 1403 τῆς
2746 1333 3026 1399 ἀσθενείας
3053 1335 3275 1406 ταύτης,
3304 1331 3371 1407 ἧς
3385 1335 3497 1406 ἔχω

1916 1416 2032 1484 νῦν,
2061 1418 2450 1492 ἀσθενέστερον
2475 1418 2640 1491 εἶχον,
2667 1423 2828 1488 αὐτὸς
2846 1423 2912 1477 ἂν
2932 1423 3248 1496 ἐξέδραμον,
3271 1424 3366 1477 καὶ
3393 1424 3495 1476 οὐκ

1915 1504 1981 1558 ἂν
2019 1507 2262 1580 ἀπέστην
2288 1509 2551 1580 πρότερον
2574 1509 2755 1565 πάντα
2785 1512 2952 1566 ποιῶν
2987 1515 3081 1567 καὶ
3106 1513 3494 1584 πραγματευόο

1919 1614 2099 1669 μενος,
2116 1599 2218 1663 ἕως
2245 1599 2310 1654 ἀν
2346 1617 2403 1654 σε
2430 1602 2531 1672 τῆς
2565 1600 2733 1676 ζάλης
2779 1604 3004 1676 ταύτης,
3060 1606 3155 1660 καὶ
3181 1605 3276 1659 τοῦ
3305 1604 3497 1678 βορϐό-

1920 1706 2035 1760 ρου,
2067 1689 2271 1744 καὶτοῦ
2295 1693 2529 1762 φορυτοῦ
2556 1693 2668 1747 τῶν
2699 1695 2908 1767 μυρίων
2941 1697 3230 1766 ἀπήλλαξα
3276 1696 3491 1755 κακῶν.

1929 1781 2145 1852 Ἐπειδὴ
2175 1781 2231 1834 δὲ
2251 1782 2408 1835 τοῦτο
2438 1784 2538 1837 οὐκ
2561 1784 2661 1852 ἔνι,
2697 1786 2999 1858 ἐϐουλόμην
3039 1790 3495 1861 παραγενομένην

1915 1873 2048 1942 περὶ
2072 1872 2276 1926 τούτων
2305 1876 2438 1944 ἡμῖν
2468 1875 2852 1932 κοινώσασθαι.
2884 1880 2944 1931 EE
2969 1879 3025 1932 δὲ
3051 1879 3185 1951 μηδὲ
3211 1879 3370 1932 τοῦτο
3403 1881 3494 1934 εῦ-

1915 1961 2092 2028 κολον,
2130 1963 2245 2016 ἀλλ’
2277 1965 2534 2035 ἐργῶδες,
2569 1967 2630 2020 οὐ
2660 1968 2980 2038 παυσόμεθα
3019 1968 3109 2022 διά
3146 1969 3494 2041 γραμμάτων

1914 2055 2304 2126 παραινοῦντες
2336 2057 2430 2110 καὶ
2465 2057 2945 2127 συμϐουλεύοντες,
2974 2059 3114 2113 ὥστε
3149 2059 3401 2130 διακόψαι
3423 2059 3495 2114 τά

1917 2148 2145 2216 σχοινία,
2170 2147 2444 2219 διατεμεῖν
2475 2150 2574 2215 τάς
2597 2151 2924 2214 πλεκτάνας,
2949 2152 3238 2206 διακλάσαι
3266 2151 3367 2215 τάς
3392 2149 3493 2204 πέ-

1913 2239 2010 2303 δας
2045 2241 2142 2312 τῆς
2178 2241 2373 2312 ψυχῆς,
2423 2243 2518 2296 καὶ
2569 2243 2706 2314 μετά
2742 2242 2995 2306 εὐκολίας
3049 2243 3144 2296 καὶ
3177 2243 3494 2314 ἐλευθερίας

1916 2329 2152 2399 βαδίζειν
2204 2332 2426 2402 πολλῆς.
2465 2332 2622 2388 Οὕτω
2647 2333 2758 2404 γὰρ
2809 2335 2868 2387 οὐ
2900 2333 3060 2405 μόνον
3112 2333 3210 2405 τὴν
3243 2332 3494 2389 ἐντεῦθεν

1913 2424 2251 2496 εὐφροσύνην
2287 2426 2576 2498 καρπώσῃ,
2628 2426 2766 2480 ἀλλὰ
2801 2427 2895 2480 καὶ
2947 2426 3040 2481 τὸν
3092 2427 3323 2498 οὐρανὸν
3355 2427 3497 2499 μετά

1914 2514 2112 2585 πολλῆς
2149 2514 2294 2587 λήψῃ
2339 2517 2438 2586 τῆς
2465 2516 2736 2580 εὐκολίας.
2767 2510 2869 2569 Ὧν
2904 2513 2997 2572 οὖν
3033 2518 3249 2589 μέλλεις
3300 2519 3496 2590 μικρὸν

1913 2604 2138 2677 ὕστερον
2163 2608 2222 2659 ὲν
2243 2607 2320 2677 τῷ
2344 2607 2521 2680 καιρῷ
2550 2601 2647 2678 τῆς
2675 2608 2925 2662 ἐντεῦθεν
2954 2609 3263 2680 ἀποδημίας
3287 2611 3494 2665 ἄκουσα

1912 2697 2262 2766 ἀφίστασθαι,
2295 2697 2466 2750 ταῦτα
2501 2697 2705 2752 ἑκοῦσα
2747 2698 3071 2769 πρόπεμψον
3099 2702 3180 2764 είς
3208 2699 3333 2762 τοῦς
3357 2701 3494 2753 ἀσυ-

1911 2788 2105 2859 λήτους
2131 2788 2456 2861 θησαυροὺς,
2481 2789 2574 2844 καὶ
2593 2789 2680 2843 διά
2703 2788 2908 2843 τούτων
2930 2807 3013 2843 σοι
3033 2791 3160 2853 τοὺς
3181 2788 3492 2860 ἀκηράτους

1910 2880 2151 2944 ἐκείνους
2198 2881 2290 2933 καὶ
2323 2879 2594 2950 μηδέποτε
2645 2879 3077 2954 μαραινομένους
3134 2880 3494 2953 προαποτιθε-

1913 2969 2049 3041 μένη
2081 2970 2376 3040 στεφάνους
2391 3013 2408 3029 .

2455 3131 2636 3186 PAA'.
2666 3129 2950 3200 Διογένει.

1982 3259 2186 3317 Πολλοῦ
2216 3257 2283 3315 ἂν
2310 3259 2591 3335 ἐπριάμην
2623 3261 2751 3316 ίδεῖν
2785 3279 2881 3317 σου
2908 3261 3010 3334 τήν
3049 3260 3370 3334 ἐμμέλειαν,
3403 3261 3496 3316 δέ-

1913 3351 2090 3404 σποτά
2128 3368 2232 3422 μου
2260 3349 2701 3423 θαυμασιώτατε,
2737 3351 2834 3405 καὶ
2889 3351 3051 3405 τοῦτο
3083 3347 3238 3406 οἶσθα
3266 3352 3360 3406 καὶ
3385 3351 3497 3425 πρὸ

1909 3441 2020 3495 τῶν
2041 3440 2386 3514 γραμμάτων
2415 3441 2601 3507 αὐτὸς,
2630 3442 2818 3514 ἐπειδὴ
2854 3442 2948 3497 καὶ
2973 3443 3035 3496 τὺ
3083 3443 3306 3518 φίλτρον
3336 3439 3497 3498 οῐσθα

1913 3534 2120 3604 σαφῶς,
2147 3535 2177 3588 ό
2209 3535 2338 3608 περὶ
2370 3535 2470 3608 τὴν
2503 3535 2602 3608 σὴν
2635 3533 2832 3607 ἔχομεν
2860 3536 3299 3609 θαυμασιότητα.
3347 3536 3494 3590 Ἀλλ’

1912 3627 2101 3700 ἐπειδὴ
2135 3627 2294 3682 τοῦτο
2320 3628 2422 3682 οὐκ
2447 3627 2529 3682 ένι
2563 3628 2695 3700 (καὶ¹
2719 3626 2827 3700 γὰρ
2855 3630 2955 3698 τῆς
2979 3628 3100 3682 ὀδοῦ
3131 3629 3266 3683 πολὺ
3295 3628 3355 3681 τὸ
3391 3626 3495 3698 μέ-

1913 3737 2026 3786 σον,
2053 3721 2149 3775 καὶ
2169 3720 2289 3774 οὐδὲ
2315 3721 2495 3792 κύριοι
2521 3719 2809 3787 κινεῖσθαι,
2838 3721 3082 3787 ὅπουπερ
3107 3719 3174 3774 ἂν
3197 3719 3494 3791 ἐθέλωμεν,

1912 3812 2113 3884 ἐσμὲν,
2166 3811 2260 3865 καὶ
2319 3812 2429 3865 τῶν
2495 3811 2816 3885 ἰσαυρικῶν
2871 3811 3078 3881 ἐφόδων
3112 3811 3234 3865 καθ’
3256 3811 3497 3882 ἑκάστην

1910 3898 2127 3974 ἡμέραν
2159 3903 2188 3955 ὁ
2222 3900 2387 3971 φόϐος
2421 3901 2720 3972 ἀκμάζει),
2749 3899 3054 3973 παρακαλῶ
3080 3918 3174 3954 σου
3206 3902 3302 3972 τήν
3333 3901 3496 3972 εὐγέ..

1912 4009 2082 4056 νειαν,
2107 3993 2244 4064 ὅπερ
2269 3992 2522 4063 μέγιστον
2548 3994 2683 4064 ἡμῖν
2714 3993 2796 4057 εἰς
2825 3991 3180 4065 παραμυθίαν
3226 3994 3345 4048 ἐστὶ
3400 3996 3498 4050 καὶ

1913 4085 2012 4157 τῆς
2035 4085 2277 4156 ἐρημίας
2304 4084 2404 4155 τῆς
2433 4083 2692 4150 ἐνταῦθα,
2716 4086 2810 4139 καὶ
2839 4085 2939 4156 τῆς
2965 4085 3366 4158 ταλαιπωρίας,
3401 4088 3499 4142 καὶ

1912 4175 2015 4249 τῆς
2048 4175 2216 4248 ἀλλης
2246 4175 2427 4246 πάσης
2479 4175 2733 4246 θλίψεως,
2785 4175 2848 4230 τὸ
2900 4174 3143 4248 συνεχῶς
3188 4177 3498 4250 γράμματα

1913 4267 2186 4341 δέχεσθαι,
2227 4267 2691 4340 εὐαγγελιζόμενα
2734 4267 2832 4339 τὴν
2867 4269 3059 4338 ὐγείαν
3096 4269 3195 4343 τήν
3225 4269 3348 4341 σὴν,
3402 4271 3503 4326 καὶ

1915 4359 2010 4415 τοῦ
2038 4359 2188 4414 οίκου
2232 4377 2326 4414 σου
2357 4359 2580 4424 παντὸς,
2633 4358 2792 4413 τοῦτο
2820 4359 3142 4432 χαρίζεσθαι
3173 4361 3306 4432 ἡμῖν
3337 4377 3498 4416 συνε-

1916 4451 2172 4525 χέστερον
2214 4451 2356 4506 κατά
2384 4451 2447 4504 τὸ
2480 4449 2778 4524 ἐγχωροῦν.
2825 4451 2960 4506 Οὐδέ
2983 4451 3096 4524 γὰρ
3121 4451 3282 4506 τοῦτο
3314 4452 3500 4525 ῥᾴδιον

1921 4545 2059 4618 μετά
2087 4545 2286 4617 πολλῆς
2315 4546 2463 4616 ἡμᾶς
2507 4544 2654 4616 ἔχειν
2687 4544 2786 4615 τῆς
2821 4542 3104 4614 δαψιλείας
3129 4583 3146 4611 ,
3177 4543 3268 4598 διά
3297 4545 3359 4598 τὸ
3393 4563 3502 4619 μη-

1917 4639 2044 4694 δένα
2065 4638 2277 4709 ταχέως
2297 4636 2506 4692 ἐκεῖθεν
2525 4635 2760 4691 ἐνταῦθα
2782 4637 2855 4707 ἀφ
2865 4637 3150 4697 ικνεῖσθαι.
3164 4637 3310 4691 Ἀλλ’
3323 4639 3500 4710 ὅμως,

1919 4733 1967 4784 εἰ
1997 4730 2091 4785 καὶ
2123 4730 2372 4804 ἐργῶδες
2397 4730 2536 4802 ὅπερ
2554 4731 2859 4803 ῂτήσαμεν,
2885 4727 3004 4784 ἀλλ’
3023 4729 3101 4794 ὡς
3131 4729 3200 4786 ἂν
3234 4725 3348 4786 οἷόν
3372 4749 3434 4786 τε

1921 4825 2072 4899 [679]
2096 4825 2330 4896 σπουδὴν
2357 4822 2687 4894 ποιήσασθαι
2711 4821 3116 4894 παρακλήθητι,
3142 4822 3239 4877 καὶ
3263 4823 3503 4895 συνεχῶς

1921 4919 2160 4990 πέμπειν
2189 4915 2477 4979 ἐπιστολάς
2499 4914 2950 4984 ἀπαγγελλούσας
2979 4916 3112 4988 ἡμῖν
3144 4915 3215 4971 τά
3246 4917 3375 4991 περὶ
3401 4919 3506 4989 τῆς

1923 5009 2140 5082 ῥώσεως
2169 5008 2268 5078 τῆς
2293 5009 2412 5078 σῆς.
2437 5007 2554 5060 Ἰνα
2575 5006 2632 5060 δὲ
2663 5007 2756 5060 καὶ
2783 5004 2853 5060 τά
2871 5004 3116 5080 ἡμέτερα
3130 5008 3327 5063 είδέναι
3347 5007 3504 5082 ἔχῃς,

1921 5099 2353 5174 ἀπραγμοσύνης
2375 5099 2742 5172 ἀπολαύομεν,
2767 5101 3001 5172 ἡσυχίας
3033 5101 3256 5174 πολλῆς,
3300 5101 3505 5175 λευκῆς

1921 5194 2022 5266 τῆς
2053 5192 2315 5265 γαλήνης,
2363 5191 2551 5262 ὑγείας
2585 5192 2928 5266 συμμέτρου,
2958 5192 3136 5267 τούτῳ
3169 5193 3505 5267 θορυϐούμε-

1922 5301 2004 5338 νοι
2037 5283 2195 5355 μόνον
2221 5325 2237 5350 ,
2282 5281 2362 5354 τῷ
2415 5282 2750 5355 κεχωρίσθαι
2791 5278 2947 5355 ὐμῶν
3000 5279 3111 5338 τῶν
3159 5285 3504 5354 ἀγαπώντων

1923 5377 2093 5449 ἡμᾶς.
2131 5375 2272 5430 Ἀλλ’
2299 5375 2456 5446 ἱκανὴ
2483 5375 2517 5446 ή
2545 5373 2761 5439 σύνεσις
2785 5391 2880 5428 σου
2908 5373 3005 5430 καὶ
3028 5374 3218 5431 τοῦτον
3245 5379 3506 5450 παραμυ-

1926 5467 2196 5539 θήσασθαι
2228 5467 2321 5532 τὸν
2352 5468 2537 5532 πόνον,
2559 5467 2618 5522 ὃν
2640 5461 2813 5522 εἷπον.
2849 5467 3004 5525 Δίδου
3032 5465 3098 5543 δή
3127 5469 3331 5543 ταύτην
3375 5473 3506 5543 ήμίν

1927 5562 2027 5636 τὴν
2074 5563 2257 5635 χάριν,
2301 5561 2443 5618 ὥστε
2476 5563 2571 5618 καὶ
2601 5562 2669 5618 ἐκ
2695 5561 2955 5619 τοσούτου
2984 5563 3132 5638 ἡμᾶς
3163 5563 3506 5638 καθημένους

1933 5791 2240 5905 ἰσζυξὲίειὶιι.
2263 5795 2353 5846 οὐκ
2391 5799 2448 5851 ἂν
2489 5795 2754 5850 mamma
2794 5803 2885 5850 σου
2920 5793 3006 5854 τὴν
3027 5792 3126 5848 ιωη
3152 5791 3306 5846 sam.
3325 5788 3410 5849 οὐκ
3446 5786 3504 5833 ἀν
