4064 6218
575 407 680 466 69's

522 514 527 523 ’
574 524 935 596 διαστήματος
962 524 1221 582 δύνασθαι
1242 533 1514 606 ἐντρυφᾷν
1546 537 1638 589 καὶ
1657 535 1859 609 ταύτης
1889 537 1989 609 τῆς
2010 537 2139 608 γλυ-

571 619 723 678 κειας
748 633 843 669 σου
868 616 962 671 καὶ
996 617 1206 690 θερμῆς
1236 622 1331 676 καὶ
1360 624 1589 695 γνησίας
1620 626 1863 698 ἀγάπης.

946 710 1044 764 ΡΛ
1052 712 1110 765 E'
1116 750 1131 764 .
1177 712 1441 786 Θεοδότῳ
1483 715 1758 787 διακόνῳ.

636 792 773 850 Οὐδὲ
813 794 978 862 αὐτὸς
1022 797 1224 869 ἀγνοῶ,
1258 802 1340 856 ὅτι
1377 805 1546 861 πάλαι
1581 808 1701 878 μεθ’
1733 810 1889 881 ἡμῶν
1920 810 2143 883 ἔμελλες

563 879 727 953 εἶναι,
772 890 821 941 εί
879 890 954 962 μὴ
986 890 1097 945 τῶν
1149 892 1408 967 Ἰσαύρων
1453 900 1482 952 ό
1517 899 1680 968 φόϐος
1713 879 2048 975 διετείχιζεν.
2083 904 2142 960 '0

560 976 670 1050 γὰρ
698 980 755 1033 ἐν
806 981 1005 1052 κρυμῷ
1044 984 1222 1040 πάντα
1274 988 1560 1058 πηγνύντι,
1598 991 1692 1045 καὶ
1737 993 1876 1064 χιόνι
1900 995 2141 1070 τοσαύτῃ

558 1068 789 1141 δραμεῖν
826 1073 1060 1129 ἐνταῦθα
1108 1078 1477 1150 ἀνασχόμενος
1506 1121 1522 1148 ,
1574 1082 1755 1154 πολλῷ
1789 1084 1992 1155 μᾶλλον
2042 1068 2138 1141 τοῦ

559 1162 727 1233 ἡρους
743 1166 1004 1233 φανέντος
1021 1179 1070 1233 ι,
1095 1170 1191 1223 καὶ¹
1211 1170 1412 1245 πολλῆς
1450 1176 1551 1246 τῆς
1583 1175 1725 1231 κατά
1756 1176 1849 1231 τὸν
1878 1177 2020 1250 ἀέρα
2044 1197 2141 1249 γα-

558 1250 726 1323 λήνης
756 1252 942 1321 οὔσης,
998 1258 1100 1313 ούκ
1145 1258 1213 1314 ἂν
1244 1262 1470 1334 ἠνέσχου
1507 1265 1690 1336 μένειν
1748 1267 1958 1325 αὐτόθι.
2005 1264 2138 1324 Οἶδα

556 1344 665 1415 γάρ
714 1345 777 1399 τὺ
815 1346 1008 1415 γλυκὺ,
1044 1351 1139 1405 καὶ
1169 1356 1457 1427 προσηνὲς,
1506 1359 1604 1413 καὶ
1639 1358 1844 1431 θερμόν
1892 1379 1987 1416 σου
2033 1363 2137 1435 τῆς

432 1466 441 1484 ι
554 1436 872 1503 διαθέσεως,
897 1441 959 1494 τὸ
987 1443 1295 1515 εἱλικρινὲς,
1324 1446 1423 1519 τὴν
1448 1450 1647 1523 πολλῆς
1677 1452 1952 1524 γέμουσαν
1982 1454 2135 1508 ἐλευ-

556 1522 744 1596 θερίας
780 1527 979 1599 ψυχήν.
1016 1531 1109 1585 Διὸ
1150 1534 1245 1588 καὶ
1269 1536 1435 1601 αὐτὸς
1479 1538 1577 1609 ούχ
1604 1540 1681 1605 ὡς
1706 1522 1894 1614 ἔτυχεν
1918 1542 2132 1615 ἀθυμῶ,

552 1613 637 1720 ὅτι
664 1615 724 1669 ἐν
749 1618 815 1688 τῇ
845 1617 1019 1684 οὕτως
1042 1622 1373 1727 ἡμερωτάτῃ
1393 1629 1487 1683 τοῦ
1515 1630 1671 1697 ἔτους
1706 1613 1829 1707 ὥρᾳ
1846 1678 1860 1702 ,
1890 1613 2135 1710 χειμῶνα

552 1701 618 1755 ού
643 1703 733 1757 τὸν
755 1706 987 1776 τυχόντα
1013 1701 1145 1780 ἡμῖν
1166 1713 1395 1783 ἐπάγεις
1415 1718 1673 1791 ἀθυμίας,
1695 1701 1948 1781 τοσοῦτον
1975 1701 2132 1801 ἡμῶν

551 1795 921 1869 χωριζόμενος
953 1803 1163 1872 χρόνον.
1201 1805 1310 1862 Καὶ
1342 1810 1514 1865 ταῦτα
1542 1812 1686 1884 λέγω
1718 1817 1817 1889 ούχ
1861 1795 2035 1875 ἐλκων
2069 1841 2129 1877 σε

551 1886 789 1941 ἐνταῦθα
842 1890 947 1944 κᾶν
1008 1895 1268 1966 μυριάκις
1303 1899 1467 1966 αὐτὸς
1503 1903 1666 1980 θέλῃς
1722 1886 1974 1979 (πολλῶν
2020 1915 2130 1987 γὰρ

550 1977 770 2032 ἅπαντα
804 1981 1057 2053 πολέμων
1094 1986 1497 2074 ἐμπέπλησται,
1549 1977 1645 2050 καὶ
1686 1997 1845 2054 τοῦτο
1890 2002 2011 2076 εἴσῃ
2042 2005 2130 2061 διά

547 2069 658 2124 τῶν
687 2070 935 2126 ἐντεῦθεν
962 2072 1140 2130 ἐκεῖσε
1176 2062 1646 2157 ἀφικνουμένων),
1691 2089 1807 2144 ἀλλ’
1838 2093 1924 2148 ἵνα
1950 2062 2129 2170 μάθῃς

545 2159 629 2212 ὅτι
659 2161 778 2214 οὐδὲ
802 2164 986 2233 ἡμεῖς,
1014 2167 1193 2222 καίτοι
1223 2187 1287 2237 γε
1312 2174 1540 2245 ἡσυχίας
1570 2179 1665 2231 καὶ
1696 2159 2128 2256 ἀπραγμοσύνης

546 2251 748 2322 πολλῆς
769 2255 1153 2323 ἀπολαύοντες,
1181 2261 1407 2330 ἀλύπως
1426 2265 1704 2340 δυνάμεθα
1730 2251 1869 2327 εἶναι
1892 2251 2127 2331 ἐνταῦθα

544 2343 643 2412 τῆς
673 2344 774 2413 σῆς
802 2350 1201 2421 κεχωρισμένοι
1249 2356 1584 2430 τιμιότητος,
1619 2363 1715 2417 καὶ
1751 2366 1911 2420 τοῦτο
1937 2369 2125 2439 μαθὼν

546 2434 785 2505 συνεχῶς
811 2439 944 2507 ἡμῖν
978 2441 1324 2517 ἐπιστέλλῃς,
1372 2449 1461 2521 »μὴ
1524 2452 1686 2522 μόνον
1723 2456 1812 2510 διά
1843 2434 1952 2513 τῶν
1989 2463 2123 2533 παρ’

541 2524 573 2591 ἡ
584 2523 701 2593 μῶν
733 2527 910 2581 ἐκεῖσε
939 2531 1252 2603 ἐρχομένων
1273 2576 1288 2601 ,
1333 2538 1467 2594 ἀλλά
1495 2543 1591 2596 καὶ
1637 2544 1725 2600 διά
1755 2546 1864 2602 τῶν
1914 2523 2123 2607 ἐκεῖθεν

539 2615 861 2686 ἁπτομένων
890 2619 992 2691 τῆς
1019 2622 1143 2677 ὁδοῦ
1177 2626 1273 2680 καὶ
1301 2628 1400 2700 τῆς
1428 2631 1668 2689 ἐνταῦθα
1698 2636 1955 2707 ἀφίξεως.
1993 2643 2124 2697 Πολ-

539 2700 635 2774 λὴν
673 2705 729 2758 δέ
764 2723 846 2761 σοι
884 2710 1045 2783 χάριν
1078 2714 1259 2785 τσμεν,
1292 2718 1533 2777 δέσποτά
1553 2741 1654 2795 μου
1682 2700 2004 2797 τιμιῶτατε,
2029 2734 2122 2788 καὶ

537 2796 637 2866 τῆς
662 2800 962 2871 φροντίδος,
994 2807 1090 2860 καὶ
1121 2808 1223 2879 τῆς
1253 2812 1547 2887 μερίμνης,
1576 2817 1643 2889 ἣν
1671 2796 1815 2891 ἔχεις
1842 2822 1984 2897 ὑπὲρ
2011 2827 2119 2882 τῶν

538 2888 565 2941 ἐ
580 2892 773 2947 ιταῦθα
791 2893 1057 2966 θορύϐων.
1085 2900 1196 2955 Καὶ
1215 2903 1324 2975 γάρ
1345 2904 1469 2959 καθ’
1499 2888 1738 2982 ἑκάστην
1759 2888 1971 2986 ἡμέραν
2000 2918 2119 2972 ἐπι-

534 2980 768 3036 τείνεται
810 2985 878 3038 τά
910 2988 1009 3058 τῆς
1036 2990 1353 3062 πολιορκίας
1399 2996 1499 3067 τῆς
1528 2980 1762 3057 ἐνταῦθα
1832 2980 1925 3059 καὶ
1954 3007 2031 3071 ὡς
2058 3009 2118 3063 ἐν

536 3071 746 3140 παγίδι,
774 3073 854 3144 τῷ
882 3079 1127 3149 φρουρίῳ
1166 3082 1340 3154 τούτῳ
1360 3085 1668 3158 καθήμεθα.
1698 3092 1838 3164 Ἤδη
1862 3096 1995 3163 γοῦν
2024 3097 2118 3152 καὶ

537 3161 719 3230 μέσων
762 3167 971 3223 νυκτῶν
1001 3172 1130 3241 παρτ
1165 3172 1357 3228 ἐλπίδα
1387 3178 1568 3231 πᾶσαν
1622 3182 1719 3234 καὶ
1762 3161 2114 3255 προσδοκίαν,

535 3256 724 3324 στῖφος
751 3257 1010 3330 ’Ῑσαύρων
1032 3264 1359 3334 τριακοσίων
1386 3267 1413 3307 b
1436 3268 1535 3341 τὴν
1567 3272 1720 3326 πόλιν
1749 3276 2112 3350 κατέδραμον,

533 3348 627 3399 καὶ
659 3347 858 3420 μικροῦ
891 3351 959 3405 ἂν
985 3353 1080 3407 καὶ
1112 3355 1259 3427 ἡμᾶς
1283 3351 1607 3415 εἶλον.Ἀλλ“
1634 3365 1667 3436 ἡ
1707 3364 1800 3419 τοῦ
1832 3347 1967 3421 Θεοῦ
1992 3347 2115 3443 χεὶρ

530 3437 742 3508 ταχέως
768 3440 967 3508 αὐτοὺς
992 3446 1087 3499 καὶ
1112 3445 1188 3519 μὴ
1209 3448 1547 3523 αἰσθομένων
1576 3453 1733 3527 ἡμῶν
1748 3437 2111 3533 ἀπέστρεφεν,

530 3527 607 3591 ὠς
639 3528 714 3601 μὴ
748 3532 906 3602 μόνον
930 3535 1040 3590 τῶν
1072 3538 1355 3608 κινδύνων,
1376 3543 1514 3598 ἀλλά
1529 3546 1623 3601 κα)⁵
1647 3548 1743 3602 τοῦ
1764 3527 1939 3619 φόϐου⁷
1955 3527 2113 3619 ἐκτὸς

529 3619 802 3689 γενέσθαι,
858 3626 953 3678 καὶ
1014 3628 1227 3701 ἡμέρας
1275 3633 1598 3706 γενομένης,
1637 3638 1761 3692 τότε
1818 3641 2010 3711 μαθεῖν
2042 3643 2112 3699 τά

530 3710 836 3780 συμϐάντα.
887 3715 986 3770 Διά
1012 3718 1188 3773 ταῦτα
1217 3725 1374 3796 χαῖρε
1403 3726 1497 3779 καὶ
1525 3710 1843 3799 εὐφραίνου,
1873 3732 1987 3786 καὶ
2034 3732 2110 3807 μὴ

530 3800 715 3876 παύσῃ
735 3803 824 3859 τὸν
855 3805 988 3861 Θεὸν
1015 3812 1371 3882 παρακαλῶν,
1401 3814 1543 3871 ὥστε
1569 3820 1629 3872 ἐν
1658 3821 1931 3894 ἀσφαλείᾳ
1961 3800 2109 3898 ἡμᾶς

526 3892 869 3965 καταστῆσαι
899 3897 1068 3971 πάσῃ,
1101 3899 1197 3952 καὶ
1228 3903 1536 3971 ἀπαλλάξαι
1564 3909 1660 3963 καὶ
1697 3911 1797 3982 τῆς
1826 3892 2110 3987 ἐπικειμέ-

523 3998 622 4051 νης
643 3984 775 4053 ἡμῖν
803 3986 1133 4059 ἀρρωστίας.
1159 3992 1223 4045 EE
1250 3993 1360 4067 γάρ
1389 3997 1485 4051 καὶ
1513 3998 1606 4053 τοῦ
1651 4002 1933 4076 σφαλερῶς
1963 3984 2107 4077 ἔχειν

524 4069 971 4144 ἠλευθερώμεοα,
1006 4078 1121 4131 ἀλλ’
1148 4081 1299 4151 ὅμως
1327 4084 1478 4154 μένει
1511 4086 1592 4141 ἔτι
1628 4069 1854 4161 λείψανα
1881 4069 2106 4168 τῆς-ἀρ-

523 4162 760 4230 ῥωστίας
813 4165 967 4243 ἡμῖν,
1018 4171 1255 4241 συνεχῶς
1285 4174 1382 4245 τῆς
1416 4179 1731 4250 ἀρρωστίας
1786 4162 2101 4261 ἀναμὶμνῆ-
2142 4258 2143 4263 η

522 4266 743 4305 σκοντα.
767 4253 954 4308 Ταῦτα
978 4256 1036 4310 δὲ
1063 4260 1500 4337 ἐπεστάλκαμεν,
1522 4270 1620 4342 οὐχ
1644 4273 1729 4326 ἵνα
1744 4253 2097 4349 λυπήσωμεν,

519 4339 638 4394 ἀλλ’
666 4341 753 4396 ῖνα
785 4360 845 4399 σε
878 4348 1461 4427 σπουδαιότερονπρὸς
1485 4339 1744 4434 τάςύπὲρ
1766 4339 1924 4436 ἡμῶν
1945 4339 2096 4442 [θὸοῇ

516 4430 871 4516 διεγείρωμεν
915 4438 1102 4510 εὐχάς.
1159 4442 1261 4498 Τὸν
1302 4445 1491 4519 κύριόν
1518 4467 1619 4520 μου
1645 4430 1736 4507 τὸν
1767 4430 2096 4527 τιμιώτατοῦ

514 4509 609 4613 τδν
652 4509 1010 4600 ἀναγνώστην
1034 4530 1288 4590 Θεόδοτον
1336 4509 1851 4616 παρακατατίθεμαι

515 4604 794 4688 εὐλαϐείᾳ,
827 4616 967 4673 ὥστε
1000 4622 1143 4677 κατὰ
1159 4625 1221 4678 τὸ
1253 4604 1476 4683 δυνατόν
1504 4631 1563 4686 ἐν
1591 4604 1796 4689 ἅπασίν
1821 4638 1971 4712 αύτῷ
2002 4604 2094 4711 re:

515 4709 699 4764 νέσθαι
730 4711 942 4785 λιμένα.
974 4716 1156 4772 Πολλά
1180 4719 1290 4793 γάρ
1325 4722 1494 4791 ἐστιν,
1532 4725 1607 4791 ῶς
1635 4728 1901 4801 ἔγνωμεν,
1927 4709 2091 4791 αὐτὸν

511 4802 582 4858 τά
608 4803 901 4862 λυποῦντα.

826 4902 1020 4973 PAC.".
1047 4905 1310 4975 Θεοδότῳ
1327 4909 1686 4987 ἀναγνώστῃ
1711 4929 1734 4957 ο
1752 4958 1766 4973 .

581 4988 674 5062 Μὴ
706 4992 883 5065 κάμνε
917 4994 1096 5068 ζητῶν
1135 4997 1433 5072 ἀπολογίαν
1462 5002 1556 5058 τοῦ
1582 5007 1793 5080 ταχέως
1838 5011 2086 5069 ἐντεῦθεν

509 5077 887 5154 ἀποδημῆσαι,
922 5086 1016 5142 ἐπὶ
1052 5088 1153 5160 τὴν
1188 5091 1297 5147 τῶν
1325 5094 1616 5168 ὀφθαλμῶν
1654 5077 1957 5171 ἀσθένειαν,
1991 5109 2085 5162 καὶ

509 5169 602 5222 ἐπὶ
630 5170 722 5226 τὸν
747 5175 957 5247 κρυμὸν
978 5181 1359 5252 καταφεύγων,
1384 5186 1478 5241 καὶ
1502 5188 1712 5256 τούτοις
1737 5169 2083 5268 λογιζόμενός

508 5279 605 5317 σου
631 5264 728 5337 τὴν
751 5267 1078 5355 ἀποδημίαν.
1096 5272 1284 5344 Ἡμεῖς
1314 5275 1423 5349 γάρ
1451 5296 1512 5333 σε
1553 5281 1647 5335 καὶ
1679 5264 1952 5355 παρεῖναι,
1988 5291 2082 5343 καὶ

508 5353 628 5425 μεθ’
663 5356 820 5427 ἡμῶν
847 5354 988 5415 εἶναι
1017 5363 1118 5418 οὐκ
1148 5363 1368 5422 ἔλαττον
1397 5368 1429 5441 ἡ
1458 5371 1552 5425 καὶ
1584 5353 1890 5447 ἔμπροσθεν
1932 5379 2080 5450 λογι-

503 5443 709 5516 ζόμεθα
747 5450 888 5504 κατὰ
920 5451 1011 5507 τὸν
1045 5458 1147 5529 τῆς
1175 5459 1397 5533 ἀγάπης
1425 5462 1599 5534 λόγον,
1618 5443 1626 5445 ἡ
1646 5443 1739 5521 καὶ
1772 5443 2079 5542 προσδοκῶ-

504 5554 606 5609 μεν
630 5540 724 5594 καὶ
750 5541 850 5612 τῆς
877 5546 995 5597 κατ’
1018 5546 1140 5617 ὄψιν
1173 5551 1578 5612 ἀπολαύσεσοαί
1610 5577 1738 5614 ποτε
1766 5540 2072 5635 συντυχίας.

500 5622 685 5701 Μηδὲν
713 5627 804 5688 οῦν
832 5650 890 5687 σε
917 5636 1120 5692 τούτων
1151 5640 1467 5715 θορυϐείτω.
1495 5651 1557 5704 Et
1586 5650 1693 5723 γὰρ
1716 5652 1807 5707 καὶ
1827 5622 2070 5728 τῆςιζΑρ-

564 5723 590 5798 ς
609 5723 805 5798 (ἓοξθξξη.
980 5732 1215 5798 φανέντος.

795 5826 828 5855 .__
840 5788 1066 5855 Ἰσαύρων
1089 5793 1363 5846 διακοσίων.

509 5910 524 5923 ⁸
563 5849 588 5879 ⁸
614 5849 773 5966 ίῖίέίοχ
797 5849 997 5915 Regius}.
1025 5855 1245 5923 θεοδότῳ
1268 5860 1485 5926 διακόνῳ.
1515 5863 1624 5916 Mox
1647 5867 1840 5920 Coislin.
1866 5871 2068 5925 ἐντεῦθεν

509 5923 657 5966 along
695 5930 825 5966 ησαι.

500 5923 825 5976 “eruperint.

1922 6134 2129 6190 Α

1266 420 1325 476 s.
1364 420 1667 480 JOANNIS’
1687 424 2171 485 cnnvsosrom
2209 432 2529 492 ARCHIEP.
2571 412 3117 505 CONSTANTINOP.

3721 455 3831 515 604

2247 545 2438 614 μενίας
2482 549 2734 623 ἀπήγαγέ
2782 570 2841 607 σε
2883 556 2912 609 ό
2953 557 3181 628 χειμὼν,
3227 560 3363 618 ἀλλά
3403 567 3504 638 τῆς
3548 569 3823 645 ἡμετέρας

2243 636 2424 710 ψυχῆς
2452 641 2552 696 οὐκ
2583 644 2856 711 ἐξέϐαλεν,
2902 648 3016 702 ἀλλ’
3044 650 3140 705 ἐπὶ
3177 652 3412 722 διανοίας
3441 636 3501 712 σε
3529 636 3828 737 περιφέρο-

2247 745 2348 799 μεν
2385 730 2665 804 διηνεκῶς.
2696 738 2806 791 Καὶ
2852 740 2902 792 εί
2952 740 3027 812 μὴ
3072 743 3101 796 δ
3142 744 3253 798 τῶν
3286 747 3544 821 Ἰσαύρων

2245 823 2427 878 πᾶσαν
2460 825 2808 900 ἀποτειχίσας
2839 833 2978 900 ὁδὸν,
3012 836 3070 889 ἐν
3095 836 3288 891 σπάνει
3316 842 3651 915 κατέστησεν
3672 823 3826 917 ἡμᾶς

2243 911 2352 967 τῶν
2378 915 2681 988 γράμματα
2708 920 3146 995 διακομιζόντων,
3176 930 3280 984 κᾶν
3310 911 3550 1001 νιφάόας
3572 952 3656 989 σοι
3689 911 3825 992 πολ-

2242 1002 2398 1070 λάκις
2424 1006 2747 1082 ἐπέμψαμεν
2776 1015 3092 1073 ἐπιστολῶν.
3137 1018 3251 1073 Νῦν
3281 1020 3465 1091 μέντοι
3491 1027 3557 1095 τῇ
3601 1026 3827 1102 γλώττῃ

2238 1094 2330 1149 τὸν
2380 1100 2715 1170 παρελθόντα
2760 1109 3131 1181 σεσιγὴκαμεν
3157 1112 3368 1184 χρόνον,
3401 1117 3468 1187 τῇ
3516 1117 3715 1193 γνώμῃ
3759 1094 3822 1175 δξ

2239 1187 2518 1260 οὐδαμῶς·
2552 1192 2669 1248 ἀλλ’
2689 1196 2776 1249 ἀεί
2809 1214 2866 1251 σε
2895 1201 2990 1253 καὶ
3012 1202 3082 1256 τά
3113 1203 3182 1258 σά
3213 1207 3591 1278 μεριμνῶμεν,
3759 1213 3823 1266 τό

2239 1295 2305 1347 γε
2341 1282 2609 1355 ἡμέτερον
2660 1288 2847 1358 μέρος,
2895 1294 3134 1364 συνεχῶς
3185 1297 3618 1371 ἐπεστάλκαμεν.
3650 1302 3820 1357 Ταῦτ’

2237 1369 2331 1430 οῦν
2361 1376 2537 1443 είδὼς,
2573 1379 2692 1451 μεθ’
2718 1383 2881 1454 ἡμῶν
2908 1403 2967 1439 τε
3002 1385 3142 1443 εἶναι
3192 1391 3404 1461 νόμιζε,
3432 1369 3525 1448 καλ.
3555 1397 3653 1450 σὺν
3680 1400 3820 1470 ἡμῖν

2236 1465 2297 1521 ἐν
2333 1466 2595 1543 Ἀρμενίᾳ
2625 1472 2936 1547 διατρίϐειν.
2978 1480 3095 1535 Κάν
3136 1500 3219 1547 τις
3269 1485 3647 1542 ἐπιϐουλεύειν

2235 1560 2387 1630 χειρῇ
2429 1560 2523 1614 καὶ
2556 1563 2742 1629 κακῶς
2772 1570 2966 1634 ποιεῖν,
3002 1570 3329 1644 ὑψηλότερος
3375 1576 3527 1645 γίνου
3576 1578 3687 1632 τῶν
3730 1583 3815 1634 ἐν·

2233 1647 2419 1703 τεῦθεν
2448 1650 2615 1720 βελῶν
2629 1654 2679 1720 (1,,
2697 1657 2992 1732 ἐπειδήπερ
3012 1663 3074 1716 ού
3094 1663 3156 1717 τὺ
3188 1665 3415 1737 πάσχειν
3443 1670 3650 1735 κακῶς,
3676 1672 3818 1728 ἀλλὰ

2230 1739 2294 1792 τὸ
2317 1744 2487 1796 ποιεῖν
2503 1744 2708 1813 κακῶς,
2740 1747 2885 1802 τοῦτ’
2913 1749 3111 1806 ἔστιτὸ
3133 1754 3360 1827 πάσχειν
3391 1759 3599 1823 κακῶς.
3617 1761 3815 1833 Ἡμεῖς

2233 1831 2340 1903 γάρ
2379 1850 2439 1886 σε
2473 1835 2567 1888 καὶ
2598 1836 2686 1891 διά
2710 1838 2867 1894 τοῦτο
2892 1842 3161 1920 μειζόνως
3189 1845 3563 1919 θαυμάζομεν,
3585 1831 3815 1924 καὶήτὴν

2235 1925 2569 1999 στερρότητά
2602 1946 2696 1983 σου
2720 1931 2815 1984 καὶ
2839 1932 2937 2005 τὴν
2956 1935 3207 2007 ἀνδρείαν
3233 1938 3588 2012 ἐπαινοῦμεν,
3611 1943 3695 1995 ὅτι
3720 1947 3815 1998 καὶ

2229 2016 2497 2091 τοσαύτης
2522 2037 2581 2073 σε
2608 2020 2775 2094 ζάλης
2804 2027 3250 2100 περιαντλούσης,
3281 2030 3518 2103 ἕστηκας
3539 2033 3813 2106 ἀνῶτερος

2227 2108 2337 2163 τῶν
2369 2110 2617 2167 ἐντεῦθεν
2640 2113 2883 2187 θορύϐων
2913 2117 3221 2189 γενόμενος.
3245 2121 3390 2174 Μένε
3418 2122 3482 2194 δὴ
3518 2124 3662 2194 μετά
3684 2125 3815 2179 πολ-

2227 2199 2327 2271 λῆς
2377 2202 2478 2273 τῆς
2523 2203 2716 2275 ἡδονῆς
2756 2206 2817 2259 τὸ
2868 2207 3102 2280 γαληνὸν
3146 2210 3304 2263 τοῦτο
3356 2212 3450 2264 καὶ
3494 2212 3813 2283 ἀκύμαντον

2228 2289 2407 2345 πλέων
2461 2293 2713 2363 πέλαγος.
2746 2298 2858 2351 Καὶ
2916 2299 2991 2370 μὴ
3042 2300 3347 2373 θαυμάσῃς,
3383 2302 3437 2355 εί
3465 2320 3558 2357 σου
3597 2306 3812 2360 πολλῶν

2228 2383 2527 2439 ἐπιϐουλῶν
2573 2390 2919 2461 μεμνημένου
2947 2390 3059 2461 ἐγὼ
3077 2404 3100 2431 θ
3129 2393 3190 2446 τὸ
3226 2394 3463 2463 πέλαγος
3492 2398 3814 2470 ἀκύμαντον

2224 2473 2395 2530 καλῶ.
2425 2476 2499 2530 Οὐ
2537 2476 2647 2549 γάρ
2684 2481 2793 2534 ἀπὸ
2835 2482 2937 2553 τῆς
2980 2483 3089 2538 τῶν
3137 2487 3515 2559 ταραττόντων
3550 2490 3806 2563 γνώμης,

2223 2565 2338 2619 ἀλλ’
2364 2567 2472 2621 ἀπὸ
2502 2570 2602 2640 τῆς
2634 2573 2756 2625 κατ’
2790 2573 2993 2645 ἀρετὴν
3024 2577 3257 2648 ἡσυχίας
3285 2578 3490 2651 ταύτην
3516 2583 3671 2653 φέρω
3708 2584 3810 2656 τὴν

2220 2657 2418 2731 ψῆφον.
2448 2662 2513 2716 Τί
2544 2662 2602 2716 δέ
2631 2666 2777 2719 ἐστιν
2804 2666 2833 2720 ὅ
2859 2684 3033 2740 φημι;
3068 2671 3125 2724 '0
3155 2670 3326 2742 μέγας
3360 2667 3516 2737 οὗτος
3548 2675 3647 2728 καὶ
3672 2675 3812 2749 ὑψη-

2220 2749 2310 2815 λὸς
2337 2750 2471 2821 βίος,
2506 2756 2602 2809 καὶ
2644 2757 2780 2828 πρὸς
2824 2759 2917 2813 τὸν
2965 2760 3193 2831 οὐρανὸν
3234 2763 3548 2834 τεταμένος,
3589 2769 3660 2838 τῇ
3709 2769 3811 2838 μὲν

2222 2842 2383 2912 φύσει
2423 2843 2531 2900 τῶν
2576 2848 2918 2918 πραγμάτων
2943 2850 3208 2924 δυσχερής
3243 2871 3329 2919 τις
3363 2848 3503 2909 εἶναι
3529 2856 3701 2922 δοκεῖ,
3739 2863 3806 2931 τῇ

2218 2935 2277 2989 δὲ
2311 2935 2533 3009 ἀνδρείᾳ
2576 2938 2684 2993 τῶν
2718 2941 3014 3011 μετιόντων
3046 2944 3138 2998 καὶ
3165 2948 3233 3018 τῇ
3265 2947 3545 3019 προθυμίᾳ
3581 2948 3809 3015 εὕκολος

2221 3027 2424 3097 σφόδρα
2446 3028 2674 3098 γίνεται.
2707 3033 2817 3086 Καὶ
2838 3032 2899 3087 τὸ
2927 3033 2992 3106 δὴ
3022 3036 3334 3107 θαυμαστὸν
3359 3039 3456 3110 τῆς
3479 3041 3809 3111 φιλοσοφίας

2216 3120 2421 3191 ταύτης
2447 3122 2607 3176 τοῦτο
2637 3123 2874 3194 μάλιστά
2912 3127 3080 3193 ἐστιν,
3112 3128 3193 3182 ὅτι
3229 3128 3333 3200 τῆς
3371 3129 3647 3211 θαλάττης
3678 3151 3807 3203 μαι-

2216 3215 2468 3286 νομένης,
2500 3215 2749 3288 ἐξουρίας
2774 3217 2898 3272 πλεῖ
2920 3220 3013 3273 καὶ
3041 3221 3179 3292 μετὰ
3201 3221 3403 3293 πολλῆς
3429 3224 3531 3294 τῆς
3558 3225 3805 3296 γαλήνης

2216 3307 2245 3360 ὁ
2267 3307 2503 3379 γνησίως
2528 3309 2697 3380 αὐτὴν
2722 3308 2923 3381 μετιὼν
2951 3312 3046 3365 καὶ
3075 3312 3313 3385 θερμῶς,
3339 3313 3433 3367 καὶ
3458 3315 3562 3380 ὃτι,
3589 3315 3802 3369 πολλῶν

2216 3399 2552 3471 πανταχόθεν
2583 3400 2829 3472 θορύϐων
2868 3404 3251 3476 ἐγειρομένων,
3282 3406 3512 3476 ἡσυχίαν
3554 3408 3802 3478 καρποῦ-

2212 3505 2303 3542 ται
2340 3490 2608 3563 καθαράν,
2638 3493 2732 3546 καὶ
2783 3494 2992 3567 μυρίων
3039 3497 3379 3568 πανταχόθεν
3425 3500 3802 3571 πεμπομένων

2214 3578 2404 3650 βελῶν,
2433 3582 2663 3654 ἔστηκεν
2691 3583 2951 3657 ἄτρωτος,
2981 3586 3269 3658 δεχόμενος
3297 3588 3396 3659 μὲν
3432 3588 3502 3643 τὰ
3542 3589 3798 3654 ἀκόντια,

2213 3672 2438 3742 πάσχων
2483 3673 2540 3728 δέ
2585 3675 2832 3731 ἐντεῦθεν
2859 3677 3029 3732 οὐδέν.
3059 3677 3223 3733 Ταῦτ’
3249 3674 3343 3733 οὖν
3375 3679 3550 3745 είδὼς,
3578 3682 3676 3734 καὶ
3717 3682 3800 3735 δι-

2210 3764 2417 3837 ηνεκῶς
2444 3768 2503 3823 ἐν
2527 3768 2736 3834 τούτοις
2764 3770 3090 3842 φιλοσοφῶν,
3113 3772 3325 3844 καρποῦ
3350 3773 3448 3845 τὴν
3473 3774 3798 3847 ἀμάραντον

2207 3858 2425 3930 ἡδονὴν,
2458 3860 2744 3930 ἀναμένων
2777 3863 2901 3926 τοὺς
2936 3864 3075 3935 ὑπὲρ
3106 3864 3216 3918 τῶν
3249 3865 3429 3920 καλῶν
3457 3866 3641 3920 πόνων
3667 3869 3799 3921 τού-

2128 3971 2149 3978 -
2206 3967 2316 4004 των
2358 3951 2646 4022 κειμένους
2697 3970 2779 4007 σοι
2828 3953 2977 4025 παρά
3008 3955 3086 4025 τῷ
3128 3950 3247 4027 Θεῷ
3278 3957 3595 4026 στεφάνους.
3634 3958 3795 4031 [68ἔ]

2207 4041 2312 4096 Καὶ
2339 4045 2517 4115 γράφε
2550 4045 2787 4115 συνεχῶς
2815 4040 2970 4118 ἡμῖν,
3000 4046 3162 4118 ἡνίκα
3196 4049 3262 4103 ἂν
3293 4050 3408 4121 ἐξῇ,
3430 4050 3497 4103 τά
3533 4052 3661 4122 περὶ
3687 4052 3797 4123 τῆς

2207 4131 2392 4202 ὑγείας
2437 4151 2533 4188 σου
2574 4136 2748 4206 δηλῶν
2786 4138 2881 4191 καὶ
2921 4138 3020 4209 τῆς
3046 4137 3187 4193 κατά
3215 4139 3314 4212 τὴν
3336 4140 3533 4212 ψυχὴν,
3565 4143 3661 4195 καὶ
3687 4144 3795 4211 τῆς

2204 4226 2346 4279 κατά
2367 4226 2428 4280 τὸ
2462 4227 2621 4300 σῶμα
2639 4246 2654 4260 ·
2697 4229 2792 4283 καὶ
2836 4229 2935 4300 τὴν
2976 4230 3170 4302 σχολὴν
3200 4231 3415 4287 ἅπασαν
3439 4235 3521 4297 είς
3541 4232 3642 4304 τὴν
3669 4235 3791 4287 τῶν

2204 4318 2363 4373 θείων
2388 4320 2648 4375 ἀνάλισκε
2678 4323 2718 4375 Γ
2723 4322 2909 4394 ραφῶν
2937 4324 3259 4394 ἀνάγνωσιν,
3291 4324 3541 4379 τοσοῦτον
3588 4328 3788 4392 αὐταῖς

2198 4412 2423 4483 ὁμιλῶν,
2453 4415 2576 4469 ὅσον
2602 4416 2697 4471 καὶ
2742 4419 2776 4488 ἡ
2823 4416 2932 4471 τῶν
2959 4416 3251 4489 ὀφθαλμῶν
3277 4418 3528 4474 ἀσθένεια
3555 4420 3787 4490 ἐπιτρέο

2199 4522 2311 4571 πει,
2341 4506 2407 4559 ἶν’
2434 4506 2489 4558 εί
2512 4525 2645 4562 ποτε
2676 4508 2886 4578 γένοιτο
2915 4508 3105 4581 καιρὸς
3128 4511 3260 4582 ἡμῖν
3304 4511 3397 4565 καὶ
3426 4510 3494 4564 τά
3525 4512 3783 4582 νοήματα

2196 4599 2373 4653 αὐτῶν
2401 4599 2630 4654 ἐνθεῖναι
2667 4604 2732 4673 τῇ
2766 4602 3125 4675 εὐγενεστάτη
3164 4620 3259 4657 σου
3288 4603 3453 4675 ψυχῇ,
3482 4604 3622 4674 μετά
3642 4606 3783 4660 πολ-

2194 4689 2290 4761 λῆς
2336 4690 2493 4744 τοῦτο
2536 4692 2851 4763 ποιήσωμεν
2895 4693 2997 4763 τῆς
3027 4693 3295 4757 εὐκολίας.
3329 4694 3404 4746 Ού
3434 4692 3542 4765 γὰρ
3574 4693 3783 4765 μικρὸν

2192 4782 2273 4845 είς
2325 4779 2483 4834 τοῦτο
2533 4780 2822 4852 δυνήσεταί
2872 4799 2954 4836 σοι
3007 4782 3324 4836 συντελέσαι
3371 4783 3431 4837 τὸ
3483 4783 3675 4853 μαθεῖν
3702 4785 3781 4839 τὰ

2156 4868 2165 4879 ’
2191 4871 2485 4943 ἐγκείμενα
2517 4870 2844 4944 γράμματα,
2872 4872 3034 4945 ἡνίκα
3054 4871 3120 4927 ἂν
3148 4871 3345 4945 μέλλῃς
3365 4873 3434 4928 τά
3469 4874 3527 4929 ἐν
3555 4875 3776 4942 τούτοις

2189 4964 2433 5036 νοήματα
2470 4963 2842 5034 ὑποδέχεσθαι.

2574 5056 2735 5111 PAZ'
2743 5096 2757 5113 .
2799 5057 3064 5124 Θεοδότῳ
3099 5057 3374 5126 διακόνῳ.

2257 5147 2471 5202 Παῦσαι
2511 5148 2831 5221 κατηγορῶν
2874 5149 3035 5221 ἡμῶν
3061 5149 3410 5221 βραδυτῆτος,
3456 5149 3531 5221 μὴ
3568 5148 3771 5206 σαυτὸν

2185 5238 2448 5309 πρότερον
2477 5236 2606 5308 ἐλῃς
2628 5239 2706 5309 τῷ
2731 5237 3056 5309 ἐγκλήματι.
3088 5238 3367 5303 Τοσαύτας
3407 5238 3515 5310 γάρ
3544 5239 3770 5292 ἐπιστο-

2182 5328 2280 5391 λάς
2325 5328 2616 5399 δεξάμενος
2664 5334 2795 5402 παρ’
2820 5329 2997 5402 ἡμῶν,
3031 5331 3161 5395 ὅσας
3212 5329 3572 5394 ἐπέσταλκας,
3616 5329 3764 5402 πλὴν

2184 5422 2335 5493 μιᾶς,
2381 5421 2569 5495 ῶσπερ
2613 5423 2840 5493 νιφάδας
2887 5425 3123 5496 πέμπων
3173 5423 3537 5497 γραμμάτων,
3583 5422 3762 5488 οὕτως

2178 5514 2337 5586 ἔφης,
2376 5517 2442 5586 τῇ
2489 5516 2621 5585 γοῦν
2664 5518 2915 5590 συνεχείᾳ
2965 5519 3289 5588 ἀναστήσειν
3333 5518 3482 5588 ἡμᾶς
3525 5517 3660 5589 πρὸς
3691 5519 3759 5571 τὸ

2177 5609 2408 5680 γράφειν
2443 5610 2870 5681 οἰόμενος.Ἔστι
2920 5612 3020 5683 μὲν
3068 5608 3162 5668 οὖν
3204 5614 3297 5666 καὶ
3346 5612 3421 5682 μὴ
3469 5613 3757 5683 γράφοντα

2177 5701 2369 5769 φιλεῖν,
2394 5702 2533 5772 πλὴν
2575 5703 2689 5757 ἀλλ’
2723 5704 2835 5774 ἐγὼ
2886 5707 2977 5759 καὶ
3020 5705 3248 5776 γράφων
3275 5705 3336 5757 ού
3365 5703 3623 5769 διέλιπον,
3652 5707 3754 5758 καὶ

2236 5815 2263 5853 d
2283 5813 2481 5864 Coislin.
2505 5817 2599 5862 τῶν
2620 5814 2826 5893 ἐντεῦθεν
2847 5820 3041 5893 κακῷνσ,
3103 5881 3129 5893 Δ
3186 5881 3201 5893 ,
3222 5880 3246 5892 _
3501 5878 3514 5893 α
3640 5880 3652 5893 ν
3710 5877 3723 5889 ο

2236 5880 2259 5905 ο
2285 5878 2485 5942 Quidam
2508 5890 2620 5924 mss.
2649 5880 2690 5925 εἷ
2705 5896 2793 5927 σου
2813 5883 3001 5931 πολλῶν
3021 5880 3281 5930 ἐπιϐουλῶν
3301 5878 3618 5942 μεμνημένου,
3634 5878 3751 5938 ἐγώ.

2173 5938 2228 5989 In
2252 5939 2361 5989 aliis
2381 5942 2670 6002 μεμνημένον
2695 5942 2853 5992 deest.
