  <div class='ocr_page' id='page_1' title='image "/cluster/home/n/w/nwhite01/storage/ocr_20150623/52/hvd.32044073501918/314.png"; bbox 0 0 4064 6218; ppageno 0'>
   <div class='ocr_carea' id='block_1_1' title="bbox 230 103 338 160">
    <p class='ocr_par' dir='ltr' id='par_1_1' title="bbox 230 103 338 160">
     <span class='ocr_line' id='line_1_1' title="bbox 230 103 338 160; baseline 0 -3"><span class='ocrx_word' id='word_1_1' title='bbox 230 103 338 160; x_wconf 71' lang='lat'><strong>€93</strong></span> 
     </span>
    </p>
   </div>
   <div class='ocr_carea' id='block_1_2' title="bbox 225 222 1824 295">
    <p class='ocr_par' dir='ltr' id='par_1_2' title="bbox 225 222 1824 295">
     <span class='ocr_line' id='line_1_2' title="bbox 225 222 1824 295; baseline 0.015 -24"><span class='ocrx_word' id='word_1_2' title='bbox 225 222 368 274; x_wconf 80' lang='lat' dir='ltr'><strong>vallo</strong></span> <span class='ocrx_word' id='word_1_3' title='bbox 392 223 605 288; x_wconf 90' lang='lat' dir='ltr'><strong>semoti,</strong></span> <span class='ocrx_word' id='word_1_4' title='bbox 635 232 808 280; x_wconf 86' lang='lat' dir='ltr'><strong>tamen</strong></span> <span class='ocrx_word' id='word_1_5' title='bbox 835 225 1044 283; x_wconf 98' lang='lat' dir='ltr'><strong>dulcem</strong></span> <span class='ocrx_word' id='word_1_6' title='bbox 1066 243 1130 286; x_wconf 85' lang='lat' dir='ltr'><strong>ac</strong></span> <span class='ocrx_word' id='word_1_7' title='bbox 1159 230 1452 290; x_wconf 90' lang='lat' dir='ltr'><strong>ferventem</strong></span> <span class='ocrx_word' id='word_1_8' title='bbox 1480 243 1533 290; x_wconf 91' lang='lat' dir='ltr'><strong>et</strong></span> <span class='ocrx_word' id='word_1_9' title='bbox 1561 237 1824 295; x_wconf 81' lang='lat' dir='ltr'><strong>sinceram</strong></span> 
     </span>
    </p>
   </div>
   <div class='ocr_carea' id='block_1_3' title="bbox 224 315 1394 387">
    <p class='ocr_par' dir='ltr' id='par_1_3' title="bbox 224 315 1394 387">
     <span class='ocr_line' id='line_1_3' title="bbox 224 315 1394 387; baseline 0.01 -21"><span class='ocrx_word' id='word_1_10' title='bbox 224 322 369 366; x_wconf 86' lang='lat' dir='ltr'><strong>tuam</strong></span> <span class='ocrx_word' id='word_1_11' title='bbox 401 315 682 370; x_wconf 87' lang='lat' dir='ltr'><strong>caritatem</strong></span> <span class='ocrx_word' id='word_1_12' title='bbox 717 333 814 387; x_wconf 91' lang='lat' dir='ltr'><strong>pro</strong></span> <span class='ocrx_word' id='word_1_13' title='bbox 844 319 1048 376; x_wconf 85' lang='lat' dir='ltr'><strong>deliciis</strong></span> <span class='ocrx_word' id='word_1_14' title='bbox 1082 322 1394 382; x_wconf 81' lang='lat' dir='ltr'><strong>habeamus.</strong></span> 
     </span>
    </p>
   </div>
   <div class='ocr_carea' id='block_1_4' title="bbox 272 404 1784 495">
    <p class='ocr_par' dir='ltr' id='par_1_4' title="bbox 272 404 1784 495">
     <span class='ocr_line' id='line_1_4' title="bbox 272 404 1784 495; baseline 0.011 -36"><span class='ocrx_word' id='word_1_15' title='bbox 272 404 554 462; x_wconf 84' lang='lat' dir='ltr'><strong><em>CXXXV.</em></strong></span> <span class='ocrx_word' id='word_1_16' title='bbox 599 408 860 465; x_wconf 83' lang='lat' dir='ltr'><strong>Theodoto</strong></span> <span class='ocrx_word' id='word_1_17' title='bbox 885 413 1122 469; x_wconf 84' lang='lat' dir='ltr'><strong>diacono.</strong></span> <span class='ocrx_word' id='word_1_18' title='bbox 1165 416 1443 486; x_wconf 90' lang='lat' dir='ltr'><strong>(Arabisso</strong></span> <span class='ocrx_word' id='word_1_19' title='bbox 1468 435 1609 477; x_wconf 89' lang='lat' dir='ltr'><strong>anno</strong></span> <span class='ocrx_word' id='word_1_20' title='bbox 1633 422 1784 495; x_wconf 74' lang='grc'>406.)</span> 
     </span>
    </p>
   </div>
   <div class='ocr_carea' id='block_1_5' title="bbox 292 499 1824 580">
    <p class='ocr_par' dir='ltr' id='par_1_5' title="bbox 292 499 1824 580">
     <span class='ocr_line' id='line_1_5' title="bbox 292 499 1824 580; baseline 0.013 -27"><span class='ocrx_word' id='word_1_21' title='bbox 292 499 405 555; x_wconf 89' lang='lat' dir='ltr'><strong>Nec</strong></span> <span class='ocrx_word' id='word_1_22' title='bbox 435 517 517 554; x_wconf 88' lang='lat' dir='ltr'><strong>me</strong></span> <span class='ocrx_word' id='word_1_23' title='bbox 547 502 762 570; x_wconf 88' lang='lat' dir='ltr'><strong>quidem</strong></span> <span class='ocrx_word' id='word_1_24' title='bbox 793 504 895 560; x_wconf 92' lang='lat' dir='ltr'><strong>hoc</strong></span> <span class='ocrx_word' id='word_1_25' title='bbox 933 505 1099 577; x_wconf 91' lang='lat' dir='ltr'><strong>fugit,</strong></span> <span class='ocrx_word' id='word_1_26' title='bbox 1147 518 1199 564; x_wconf 91' lang='lat' dir='ltr'><strong>te</strong></span> <span class='ocrx_word' id='word_1_27' title='bbox 1237 511 1443 580; x_wconf 89' lang='lat' dir='ltr'><strong>pridem</strong></span> <span class='ocrx_word' id='word_1_28' title='bbox 1470 513 1538 568; x_wconf 87' lang='lat' dir='ltr'><strong>ad</strong></span> <span class='ocrx_word' id='word_1_29' title='bbox 1567 531 1664 571; x_wconf 91' lang='lat' dir='ltr'><strong>nos</strong></span> <span class='ocrx_word' id='word_1_30' title='bbox 1691 532 1824 572; x_wconf 86' lang='lat' dir='ltr'><strong>ven-</strong></span> 
     </span>
    </p>
   </div>
   <div class='ocr_carea' id='block_1_6' title="bbox 223 594 1822 679">
    <p class='ocr_par' dir='ltr' id='par_1_6' title="bbox 223 594 1822 679">
     <span class='ocr_line' id='line_1_6' title="bbox 223 594 1822 679; baseline 0.014 -35"><span class='ocrx_word' id='word_1_31' title='bbox 223 601 400 646; x_wconf 87' lang='lat' dir='ltr'><strong>turum</strong></span> <span class='ocrx_word' id='word_1_32' title='bbox 451 594 643 659; x_wconf 81' lang='lat' dir='ltr'><strong>fuisse,</strong></span> <span class='ocrx_word' id='word_1_33' title='bbox 689 598 790 651; x_wconf 89' lang='lat' dir='ltr'><strong>nisi</strong></span> <span class='ocrx_word' id='word_1_34' title='bbox 835 597 1135 655; x_wconf 81' lang='lat' dir='ltr'><strong>Isaurorum</strong></span> <span class='ocrx_word' id='word_1_35' title='bbox 1181 613 1356 660; x_wconf 88' lang='lat' dir='ltr'><strong>metus</strong></span> <span class='ocrx_word' id='word_1_36' title='bbox 1386 606 1497 661; x_wconf 84' lang='lat' dir='ltr'><strong>vias</strong></span> <span class='ocrx_word' id='word_1_37' title='bbox 1541 606 1634 662; x_wconf 91' lang='lat' dir='ltr'><strong>tibi</strong></span> <span class='ocrx_word' id='word_1_38' title='bbox 1682 625 1822 679; x_wconf 70' lang='lat' dir='ltr'><strong>prte-</strong></span> 
     </span>
    </p>
   </div>
   <div class='ocr_carea' id='block_1_7' title="bbox 218 685 1823 770">
    <p class='ocr_par' dir='ltr' id='par_1_7' title="bbox 218 685 1823 770">
     <span class='ocr_line' id='line_1_7' title="bbox 218 685 1823 770; baseline 0.011 -32"><span class='ocrx_word' id='word_1_39' title='bbox 218 685 492 740; x_wconf 81' lang='lat' dir='ltr'><strong>clusisset.</strong></span> <span class='ocrx_word' id='word_1_40' title='bbox 522 686 652 741; x_wconf 87' lang='lat' dir='ltr'><strong>Nam</strong></span> <span class='ocrx_word' id='word_1_41' title='bbox 681 703 802 743; x_wconf 91' lang='lat' dir='ltr'><strong>cum</strong></span> <span class='ocrx_word' id='word_1_42' title='bbox 826 692 1076 748; x_wconf 91' lang='lat' dir='ltr'><strong>omnibus</strong></span> <span class='ocrx_word' id='word_1_43' title='bbox 1103 691 1298 763; x_wconf 86' lang='lat' dir='ltr'><strong>frigore</strong></span> <span class='ocrx_word' id='word_1_44' title='bbox 1321 698 1635 767; x_wconf 84' lang='lat' dir='ltr'><strong>rigentibus,</strong></span> <span class='ocrx_word' id='word_1_45' title='bbox 1665 710 1823 770; x_wconf 89' lang='lat' dir='ltr'><strong>atque</strong></span> 
     </span>
    </p>
   </div>
   <div class='ocr_carea' id='block_1_8' title="bbox 219 777 1819 860">
    <p class='ocr_par' dir='ltr' id='par_1_8' title="bbox 219 777 1819 860">
     <span class='ocr_line' id='line_1_8' title="bbox 219 777 1819 860; baseline 0.012 -31"><span class='ocrx_word' id='word_1_46' title='bbox 219 777 274 830; x_wconf 93' lang='lat' dir='ltr'><strong>in</strong></span> <span class='ocrx_word' id='word_1_47' title='bbox 308 788 448 831; x_wconf 89' lang='lat' dir='ltr'><strong>tanta</strong></span> <span class='ocrx_word' id='word_1_48' title='bbox 490 779 691 834; x_wconf 83' lang='lat' dir='ltr'><strong>nivium</strong></span> <span class='ocrx_word' id='word_1_49' title='bbox 721 783 771 834; x_wconf 93' lang='lat' dir='ltr'><strong>vi</strong></span> <span class='ocrx_word' id='word_1_50' title='bbox 799 821 815 848; x_wconf 97' lang='lat'><strong>,</strong></span> <span class='ocrx_word' id='word_1_51' title='bbox 854 781 956 837; x_wconf 91' lang='lat' dir='ltr'><strong>huc</strong></span> <span class='ocrx_word' id='word_1_52' title='bbox 985 799 1265 841; x_wconf 88' lang='lat' dir='ltr'><strong>accurrere</strong></span> <span class='ocrx_word' id='word_1_53' title='bbox 1294 787 1512 844; x_wconf 92' lang='lat' dir='ltr'><strong>minime</strong></span> <span class='ocrx_word' id='word_1_54' title='bbox 1541 789 1819 860; x_wconf 87' lang='lat' dir='ltr'><strong>dubitaris,</strong></span> 
     </span>
    </p>
   </div>
   <div class='ocr_carea' id='block_1_9' title="bbox 185 868 1812 952">
    <p class='ocr_par' dir='ltr' id='par_1_9' title="bbox 185 868 1812 952">
     <span class='ocr_line' id='line_1_9' title="bbox 185 868 1812 952; baseline 0.011 -33"><span class='ocrx_word' id='word_1_55' title='bbox 185 885 193 952; x_wconf 54' lang='grc' dir='ltr'><strong>ι</strong></span> <span class='ocrx_word' id='word_1_56' title='bbox 218 868 390 920; x_wconf 83' lang='lat' dir='ltr'><strong>multo</strong></span> <span class='ocrx_word' id='word_1_57' title='bbox 420 883 548 923; x_wconf 88' lang='lat' dir='ltr'><strong>sane</strong></span> <span class='ocrx_word' id='word_1_58' title='bbox 577 870 775 936; x_wconf 90' lang='lat' dir='ltr'><strong>minus,</strong></span> <span class='ocrx_word' id='word_1_59' title='bbox 806 882 995 928; x_wconf 85' lang='lat' dir='ltr'><strong>exorto</strong></span> <span class='ocrx_word' id='word_1_60' title='bbox 1022 889 1168 940; x_wconf 86' lang='lat' dir='ltr'><strong>vere,</strong></span> <span class='ocrx_word' id='word_1_61' title='bbox 1191 891 1255 930; x_wconf 91' lang='lat' dir='ltr'><strong>ac</strong></span> <span class='ocrx_word' id='word_1_62' title='bbox 1275 878 1407 932; x_wconf 86' lang='lat' dir='ltr'><strong>caelo</strong></span> <span class='ocrx_word' id='word_1_63' title='bbox 1437 879 1634 950; x_wconf 89' lang='lat' dir='ltr'><strong>ingenti</strong></span> <span class='ocrx_word' id='word_1_64' title='bbox 1663 891 1812 937; x_wconf 89' lang='lat' dir='ltr'><strong>tran-</strong></span> 
     </span>
    </p>
   </div>
   <div class='ocr_carea' id='block_1_10' title="bbox 217 951 1819 1044">
    <p class='ocr_par' dir='ltr' id='par_1_10' title="bbox 217 951 1819 1044">
     <span class='ocr_line' id='line_1_10' title="bbox 217 951 1819 1044; baseline 0.012 -32"><span class='ocrx_word' id='word_1_65' title='bbox 217 951 485 1029; x_wconf 84' lang='lat' dir='ltr'><strong>quillitate</strong></span> <span class='ocrx_word' id='word_1_66' title='bbox 507 962 748 1030; x_wconf 76' lang='lat' dir='ltr'><strong>pnedito,</strong></span> <span class='ocrx_word' id='word_1_67' title='bbox 779 964 901 1019; x_wconf 90' lang='lat' dir='ltr'><strong>istic</strong></span> <span class='ocrx_word' id='word_1_68' title='bbox 921 979 1139 1022; x_wconf 89' lang='lat' dir='ltr'><strong>manere</strong></span> <span class='ocrx_word' id='word_1_69' title='bbox 1158 969 1523 1028; x_wconf 89' lang='lat' dir='ltr'><strong>sustinuisses.</strong></span> <span class='ocrx_word' id='word_1_70' title='bbox 1549 973 1819 1044; x_wconf 86' lang='lat' dir='ltr'><strong>Siquidem</strong></span> 
     </span>
    </p>
   </div>
   <div class='ocr_carea' id='block_1_11' title="bbox 218 1051 1820 1136">
    <p class='ocr_par' dir='ltr' id='par_1_11' title="bbox 218 1051 1820 1136">
     <span class='ocr_line' id='line_1_11' title="bbox 218 1051 1820 1136; baseline 0.012 -32"><span class='ocrx_word' id='word_1_71' title='bbox 218 1053 385 1107; x_wconf 87' lang='lat' dir='ltr'><strong>animi</strong></span> <span class='ocrx_word' id='word_1_72' title='bbox 430 1054 502 1108; x_wconf 92' lang='lat' dir='ltr'><strong>tui</strong></span> <span class='ocrx_word' id='word_1_73' title='bbox 533 1055 857 1110; x_wconf 81' lang='lat' dir='ltr'><strong>suavitatem</strong></span> <span class='ocrx_word' id='word_1_74' title='bbox 899 1065 954 1112; x_wconf 91' lang='lat' dir='ltr'><strong>et</strong></span> <span class='ocrx_word' id='word_1_75' title='bbox 982 1051 1326 1129; x_wconf 75' lang='lat' dir='ltr'><strong>comitatem,</strong></span> <span class='ocrx_word' id='word_1_76' title='bbox 1377 1065 1731 1136; x_wconf 88' lang='lat' dir='ltr'><strong>ardoremque</strong></span> <span class='ocrx_word' id='word_1_77' title='bbox 1756 1083 1820 1124; x_wconf 89' lang='lat' dir='ltr'><strong>ac</strong></span> 
     </span>
    </p>
   </div>
   <div class='ocr_carea' id='block_1_12' title="bbox 217 1146 1818 1229">
    <p class='ocr_par' dir='ltr' id='par_1_12' title="bbox 217 1146 1818 1229">
     <span class='ocr_line' id='line_1_12' title="bbox 217 1146 1818 1229; baseline 0.01 -31"><span class='ocrx_word' id='word_1_78' title='bbox 217 1146 582 1201; x_wconf 81' lang='lat' dir='ltr'><strong>sinceritatem</strong></span> <span class='ocrx_word' id='word_1_79' title='bbox 602 1188 618 1211; x_wconf 91' lang='lat'><strong>,</strong></span> <span class='ocrx_word' id='word_1_80' title='bbox 665 1163 926 1219; x_wconf 81' lang='lat' dir='ltr'><strong>eamque,</strong></span> <span class='ocrx_word' id='word_1_81' title='bbox 956 1166 1074 1221; x_wconf 84' lang='lat' dir='ltr'><strong>quae</strong></span> <span class='ocrx_word' id='word_1_82' title='bbox 1108 1152 1160 1206; x_wconf 92' lang='lat' dir='ltr'><strong>in</strong></span> <span class='ocrx_word' id='word_1_83' title='bbox 1193 1162 1244 1209; x_wconf 90' lang='lat' dir='ltr'><strong>te</strong></span> <span class='ocrx_word' id='word_1_84' title='bbox 1272 1168 1479 1210; x_wconf 89' lang='lat' dir='ltr'><strong>summa</strong></span> <span class='ocrx_word' id='word_1_85' title='bbox 1508 1169 1622 1223; x_wconf 91' lang='lat' dir='ltr'><strong>est,</strong></span> <span class='ocrx_word' id='word_1_86' title='bbox 1667 1159 1818 1229; x_wconf 86' lang='lat' dir='ltr'><strong>inge-</strong></span> 
     </span>
    </p>
   </div>
   <div class='ocr_carea' id='block_1_13' title="bbox 221 1237 1818 1316">
    <p class='ocr_par' dir='ltr' id='par_1_13' title="bbox 221 1237 1818 1316">
     <span class='ocr_line' id='line_1_13' title="bbox 221 1237 1818 1316; baseline 0.011 -28"><span class='ocrx_word' id='word_1_87' title='bbox 221 1237 480 1292; x_wconf 89' lang='lat' dir='ltr'><strong>nuitatem</strong></span> <span class='ocrx_word' id='word_1_88' title='bbox 516 1238 659 1293; x_wconf 91' lang='lat' dir='ltr'><strong>novi.</strong></span> <span class='ocrx_word' id='word_1_89' title='bbox 703 1239 884 1310; x_wconf 88' lang='lat' dir='ltr'><strong>anue</strong></span> <span class='ocrx_word' id='word_1_90' title='bbox 914 1241 981 1297; x_wconf 90' lang='lat' dir='ltr'><strong>de</strong></span> <span class='ocrx_word' id='word_1_91' title='bbox 1012 1257 1172 1298; x_wconf 88' lang='lat' dir='ltr'><strong>causa</strong></span> <span class='ocrx_word' id='word_1_92' title='bbox 1201 1259 1311 1299; x_wconf 92' lang='lat' dir='ltr'><strong>non</strong></span> <span class='ocrx_word' id='word_1_93' title='bbox 1340 1246 1544 1316; x_wconf 89' lang='lat' dir='ltr'><strong>vulgari</strong></span> <span class='ocrx_word' id='word_1_94' title='bbox 1586 1264 1818 1304; x_wconf 62' lang='lat' dir='ltr'><strong>maerore</strong></span> 
     </span>
    </p>
   </div>
   <div class='ocr_carea' id='block_1_14' title="bbox 219 1330 1816 1410">
    <p class='ocr_par' dir='ltr' id='par_1_14' title="bbox 219 1330 1816 1410">
     <span class='ocr_line' id='line_1_14' title="bbox 219 1330 1816 1410; baseline 0.009 -29"><span class='ocrx_word' id='word_1_95' title='bbox 219 1330 462 1394; x_wconf 83' lang='lat' dir='ltr'><strong>afﬁcior,</strong></span> <span class='ocrx_word' id='word_1_96' title='bbox 509 1338 560 1384; x_wconf 91' lang='lat' dir='ltr'><strong>te</strong></span> <span class='ocrx_word' id='word_1_97' title='bbox 602 1331 654 1386; x_wconf 87' lang='lat' dir='ltr'><strong>in</strong></span> <span class='ocrx_word' id='word_1_98' title='bbox 699 1341 804 1386; x_wconf 88' lang='lat' dir='ltr'><strong>tam</strong></span> <span class='ocrx_word' id='word_1_99' title='bbox 836 1334 983 1388; x_wconf 86' lang='lat' dir='ltr'><strong>suavi</strong></span> <span class='ocrx_word' id='word_1_100' title='bbox 1013 1344 1066 1389; x_wconf 94' lang='lat' dir='ltr'><strong>et</strong></span> <span class='ocrx_word' id='word_1_101' title='bbox 1100 1351 1311 1391; x_wconf 74' lang='lat' dir='ltr'><strong>amcena</strong></span> <span class='ocrx_word' id='word_1_102' title='bbox 1350 1340 1478 1393; x_wconf 90' lang='lat' dir='ltr'><strong>anni</strong></span> <span class='ocrx_word' id='word_1_103' title='bbox 1519 1351 1670 1410; x_wconf 90' lang='lat' dir='ltr'><strong>parte</strong></span> <span class='ocrx_word' id='word_1_104' title='bbox 1708 1357 1816 1396; x_wconf 89' lang='lat' dir='ltr'><strong>non</strong></span> 
     </span>
    </p>
   </div>
   <div class='ocr_carea' id='block_1_15' title="bbox 220 1419 1814 1498">
    <p class='ocr_par' dir='ltr' id='par_1_15' title="bbox 220 1419 1814 1498">
     <span class='ocr_line' id='line_1_15' title="bbox 220 1419 1814 1498; baseline 0.011 -28"><span class='ocrx_word' id='word_1_105' title='bbox 220 1434 438 1488; x_wconf 80' lang='lat' dir='ltr'><strong>parvam</strong></span> <span class='ocrx_word' id='word_1_106' title='bbox 469 1419 620 1474; x_wconf 86' lang='lat' dir='ltr'><strong>nobis</strong></span> <span class='ocrx_word' id='word_1_107' title='bbox 648 1423 918 1478; x_wconf 54' lang='lat' dir='ltr'><strong>maestitiae</strong></span> <span class='ocrx_word' id='word_1_108' title='bbox 948 1434 1320 1494; x_wconf 88' lang='lat' dir='ltr'><strong>tempestatem</strong></span> <span class='ocrx_word' id='word_1_109' title='bbox 1353 1443 1664 1498; x_wconf 86' lang='lat' dir='ltr'><strong>accersere,</strong></span> <span class='ocrx_word' id='word_1_110' title='bbox 1687 1431 1814 1487; x_wconf 88' lang='lat' dir='ltr'><strong>dum</strong></span> 
     </span>
    </p>
   </div>
   <div class='ocr_carea' id='block_1_16' title="bbox 222 1511 1818 1587">
    <p class='ocr_par' dir='ltr' id='par_1_16' title="bbox 222 1511 1818 1587">
     <span class='ocr_line' id='line_1_16' title="bbox 222 1511 1818 1587; baseline 0.01 -25"><span class='ocrx_word' id='word_1_111' title='bbox 222 1511 424 1565; x_wconf 83' lang='lat' dir='ltr'><strong>tamdiu</strong></span> <span class='ocrx_word' id='word_1_112' title='bbox 452 1527 480 1565; x_wconf 90' lang='lat' dir='ltr'><strong>a</strong></span> <span class='ocrx_word' id='word_1_113' title='bbox 510 1513 664 1567; x_wconf 82' lang='lat' dir='ltr'><strong>nobis</strong></span> <span class='ocrx_word' id='word_1_114' title='bbox 695 1513 845 1568; x_wconf 89' lang='lat' dir='ltr'><strong>abes.</strong></span> <span class='ocrx_word' id='word_1_115' title='bbox 895 1514 1056 1586; x_wconf 82' lang='lat' dir='ltr'><strong>quue</strong></span> <span class='ocrx_word' id='word_1_116' title='bbox 1097 1532 1201 1572; x_wconf 89' lang='lat' dir='ltr'><strong>non</strong></span> <span class='ocrx_word' id='word_1_117' title='bbox 1231 1533 1296 1574; x_wconf 92' lang='lat' dir='ltr'><strong>eo</strong></span> <span class='ocrx_word' id='word_1_118' title='bbox 1329 1533 1696 1576; x_wconf 92' lang='lat' dir='ltr'><strong>commemoro</strong></span> <span class='ocrx_word' id='word_1_119' title='bbox 1716 1563 1730 1587; x_wconf 96' lang='lat'><strong>,</strong></span> <span class='ocrx_word' id='word_1_120' title='bbox 1758 1532 1818 1578; x_wconf 90' lang='lat' dir='ltr'><strong>ut</strong></span> 
     </span>
    </p>
   </div>
   <div class='ocr_carea' id='block_1_17' title="bbox 222 1606 1815 1685">
    <p class='ocr_par' dir='ltr' id='par_1_17' title="bbox 222 1606 1815 1685">
     <span class='ocr_line' id='line_1_17' title="bbox 222 1606 1815 1685; baseline 0.009 -27"><span class='ocrx_word' id='word_1_121' title='bbox 222 1616 275 1659; x_wconf 90' lang='lat' dir='ltr'><strong>te</strong></span> <span class='ocrx_word' id='word_1_122' title='bbox 317 1606 422 1660; x_wconf 86' lang='lat' dir='ltr'><strong>huc</strong></span> <span class='ocrx_word' id='word_1_123' title='bbox 441 1647 457 1672; x_wconf 95' lang='lat'><strong>,</strong></span> <span class='ocrx_word' id='word_1_124' title='bbox 489 1607 696 1661; x_wconf 89' lang='lat' dir='ltr'><strong>etiamsi</strong></span> <span class='ocrx_word' id='word_1_125' title='bbox 725 1609 921 1663; x_wconf 78' lang='lat' dir='ltr'><strong>millies</strong></span> <span class='ocrx_word' id='word_1_126' title='bbox 950 1609 1000 1662; x_wconf 88' lang='lat' dir='ltr'><strong>id</strong></span> <span class='ocrx_word' id='word_1_127' title='bbox 1028 1610 1162 1664; x_wconf 86' lang='lat' dir='ltr'><strong>velis</strong></span> <span class='ocrx_word' id='word_1_128' title='bbox 1186 1651 1200 1676; x_wconf 93' lang='lat'><strong>,</strong></span> <span class='ocrx_word' id='word_1_129' title='bbox 1252 1612 1557 1681; x_wconf 89' lang='lat' dir='ltr'><strong>pertraham</strong></span> <span class='ocrx_word' id='word_1_130' title='bbox 1604 1614 1815 1685; x_wconf 88' lang='lat' dir='ltr'><strong>(multis</strong></span> 
     </span>
    </p>
   </div>
   <div class='ocr_carea' id='block_1_18' title="bbox 220 1698 1816 1776">
    <p class='ocr_par' dir='ltr' id='par_1_18' title="bbox 220 1698 1816 1776">
     <span class='ocr_line' id='line_1_18' title="bbox 220 1698 1816 1776; baseline 0.007 -25"><span class='ocrx_word' id='word_1_131' title='bbox 220 1699 364 1751; x_wconf 87' lang='lat' dir='ltr'><strong>enim</strong></span> <span class='ocrx_word' id='word_1_132' title='bbox 406 1698 561 1753; x_wconf 77' lang='lat' dir='ltr'><strong>bellis</strong></span> <span class='ocrx_word' id='word_1_133' title='bbox 588 1699 763 1752; x_wconf 86' lang='lat' dir='ltr'><strong>omnia</strong></span> <span class='ocrx_word' id='word_1_134' title='bbox 800 1699 885 1754; x_wconf 91' lang='lat' dir='ltr'><strong>hic</strong></span> <span class='ocrx_word' id='word_1_135' title='bbox 912 1701 1136 1771; x_wconf 86' lang='lat' dir='ltr'><strong>ﬂagrant</strong></span> <span class='ocrx_word' id='word_1_136' title='bbox 1159 1743 1174 1768; x_wconf 96' lang='lat'><strong>,</strong></span> <span class='ocrx_word' id='word_1_137' title='bbox 1207 1702 1365 1774; x_wconf 89' lang='lat' dir='ltr'><strong>idque</strong></span> <span class='ocrx_word' id='word_1_138' title='bbox 1393 1721 1457 1759; x_wconf 86' lang='lat' dir='ltr'><strong>ex</strong></span> <span class='ocrx_word' id='word_1_139' title='bbox 1501 1707 1599 1774; x_wconf 90' lang='lat' dir='ltr'><strong>iis,</strong></span> <span class='ocrx_word' id='word_1_140' title='bbox 1628 1708 1718 1776; x_wconf 90' lang='lat' dir='ltr'><strong>qui</strong></span> <span class='ocrx_word' id='word_1_141' title='bbox 1749 1724 1816 1763; x_wconf 83' lang='lat' dir='ltr'><strong>ex</strong></span> 
     </span>
    </p>
   </div>
   <div class='ocr_carea' id='block_1_19' title="bbox 220 1791 1816 1868">
    <p class='ocr_par' dir='ltr' id='par_1_19' title="bbox 220 1791 1816 1868">
     <span class='ocr_line' id='line_1_19' title="bbox 220 1791 1816 1868; baseline 0.006 -24"><span class='ocrx_word' id='word_1_142' title='bbox 220 1791 306 1845; x_wconf 89' lang='lat' dir='ltr'><strong>his</strong></span> <span class='ocrx_word' id='word_1_143' title='bbox 335 1792 464 1845; x_wconf 80' lang='lat' dir='ltr'><strong>locis</strong></span> <span class='ocrx_word' id='word_1_144' title='bbox 487 1793 620 1846; x_wconf 92' lang='lat' dir='ltr'><strong>istnc</strong></span> <span class='ocrx_word' id='word_1_145' title='bbox 645 1807 704 1847; x_wconf 91' lang='lat' dir='ltr'><strong>se</strong></span> <span class='ocrx_word' id='word_1_146' title='bbox 733 1792 1055 1858; x_wconf 89' lang='lat' dir='ltr'><strong>conferunt,</strong></span> <span class='ocrx_word' id='word_1_147' title='bbox 1090 1795 1228 1850; x_wconf 89' lang='lat' dir='ltr'><strong>scire</strong></span> <span class='ocrx_word' id='word_1_148' title='bbox 1257 1798 1506 1868; x_wconf 88' lang='lat' dir='ltr'><strong>poteris),</strong></span> <span class='ocrx_word' id='word_1_149' title='bbox 1543 1815 1726 1853; x_wconf 92' lang='lat' dir='ltr'><strong>verum</strong></span> <span class='ocrx_word' id='word_1_150' title='bbox 1757 1808 1816 1854; x_wconf 91' lang='lat' dir='ltr'><strong>ut</strong></span> 
     </span>
    </p>
   </div>
   <div class='ocr_carea' id='block_1_20' title="bbox 220 1884 1814 1961">
    <p class='ocr_par' dir='ltr' id='par_1_20' title="bbox 220 1884 1814 1961">
     <span class='ocr_line' id='line_1_20' title="bbox 220 1884 1814 1961; baseline 0.006 -24"><span class='ocrx_word' id='word_1_151' title='bbox 220 1884 520 1955; x_wconf 78' lang='lat' dir='ltr'><strong>intelligas,</strong></span> <span class='ocrx_word' id='word_1_152' title='bbox 551 1901 648 1940; x_wconf 82' lang='lat' dir='ltr'><strong>nos</strong></span> <span class='ocrx_word' id='word_1_153' title='bbox 673 1929 688 1952; x_wconf 95' lang='lat'><strong>,</strong></span> <span class='ocrx_word' id='word_1_154' title='bbox 719 1888 822 1941; x_wconf 89' lang='lat' dir='ltr'><strong>etsi</strong></span> <span class='ocrx_word' id='word_1_155' title='bbox 856 1888 1052 1958; x_wconf 84' lang='lat' dir='ltr'><strong>alioqui</strong></span> <span class='ocrx_word' id='word_1_156' title='bbox 1079 1904 1266 1958; x_wconf 88' lang='lat' dir='ltr'><strong>magna</strong></span> <span class='ocrx_word' id='word_1_157' title='bbox 1297 1891 1478 1960; x_wconf 92' lang='lat' dir='ltr'><strong>quiete</strong></span> <span class='ocrx_word' id='word_1_158' title='bbox 1503 1900 1663 1961; x_wconf 87' lang='lat' dir='ltr'><strong>atque</strong></span> <span class='ocrx_word' id='word_1_159' title='bbox 1705 1894 1814 1947; x_wconf 89' lang='lat' dir='ltr'><strong>otio</strong></span> 
     </span>
    </p>
   </div>
   <div class='ocr_carea' id='block_1_21' title="bbox 215 1976 1811 2053">
    <p class='ocr_par' dir='ltr' id='par_1_21' title="bbox 215 1976 1811 2053">
     <span class='ocr_line' id='line_1_21' title="bbox 215 1976 1811 2053; baseline 0.007 -23"><span class='ocrx_word' id='word_1_160' title='bbox 215 1976 493 2045; x_wconf 85' lang='lat' dir='ltr'><strong>fruimur,</strong></span> <span class='ocrx_word' id='word_1_161' title='bbox 539 1977 626 2033; x_wconf 92' lang='lat' dir='ltr'><strong>hic</strong></span> <span class='ocrx_word' id='word_1_162' title='bbox 669 1989 843 2034; x_wconf 90' lang='lat' dir='ltr'><strong>tamen</strong></span> <span class='ocrx_word' id='word_1_163' title='bbox 891 1981 1006 2036; x_wconf 91' lang='lat' dir='ltr'><strong>sine</strong></span> <span class='ocrx_word' id='word_1_164' title='bbox 1050 1996 1283 2036; x_wconf 83' lang='lat' dir='ltr'><strong>maerore</strong></span> <span class='ocrx_word' id='word_1_165' title='bbox 1327 1997 1446 2038; x_wconf 91' lang='lat' dir='ltr'><strong>esse</strong></span> <span class='ocrx_word' id='word_1_166' title='bbox 1488 1999 1591 2040; x_wconf 88' lang='lat' dir='ltr'><strong>non</strong></span> <span class='ocrx_word' id='word_1_167' title='bbox 1635 1999 1811 2053; x_wconf 90' lang='lat' dir='ltr'><strong>posse,</strong></span> 
     </span>
    </p>
   </div>
   <div class='ocr_carea' id='block_1_22' title="bbox 216 2070 1808 2147">
    <p class='ocr_par' dir='ltr' id='par_1_22' title="bbox 216 2070 1808 2147">
     <span class='ocr_line' id='line_1_22' title="bbox 216 2070 1808 2147; baseline 0.003 -23"><span class='ocrx_word' id='word_1_168' title='bbox 216 2070 347 2124; x_wconf 89' lang='lat' dir='ltr'><strong>dum</strong></span> <span class='ocrx_word' id='word_1_169' title='bbox 379 2086 409 2123; x_wconf 88' lang='lat' dir='ltr'><strong>a</strong></span> <span class='ocrx_word' id='word_1_170' title='bbox 453 2080 504 2126; x_wconf 91' lang='lat' dir='ltr'><strong>te</strong></span> <span class='ocrx_word' id='word_1_171' title='bbox 545 2071 792 2140; x_wconf 88' lang='lat' dir='ltr'><strong>disjuncti</strong></span> <span class='ocrx_word' id='word_1_172' title='bbox 833 2087 1017 2127; x_wconf 90' lang='lat' dir='ltr'><strong>sumus</strong></span> <span class='ocrx_word' id='word_1_173' title='bbox 1047 2091 1060 2127; x_wconf 88' lang='lat'><strong>:</strong></span> <span class='ocrx_word' id='word_1_174' title='bbox 1095 2072 1302 2143; x_wconf 90' lang='lat' dir='ltr'><strong>hocque</strong></span> <span class='ocrx_word' id='word_1_175' title='bbox 1341 2075 1456 2144; x_wconf 91' lang='lat' dir='ltr'><strong>ipse</strong></span> <span class='ocrx_word' id='word_1_176' title='bbox 1493 2076 1808 2147; x_wconf 72' lang='lat' dir='ltr'><strong>intelligens,</strong></span> 
     </span>
    </p>
   </div>
   <div class='ocr_carea' id='block_1_23' title="bbox 215 2163 1813 2237">
    <p class='ocr_par' dir='ltr' id='par_1_23' title="bbox 215 2163 1813 2237">
     <span class='ocr_line' id='line_1_23' title="bbox 215 2163 1813 2237; baseline 0.009 -27"><span class='ocrx_word' id='word_1_177' title='bbox 215 2175 378 2231; x_wconf 82' lang='lat' dir='ltr'><strong>quam</strong></span> <span class='ocrx_word' id='word_1_178' title='bbox 410 2163 704 2232; x_wconf 68' lang='lat' dir='ltr'><strong>smpissime</strong></span> <span class='ocrx_word' id='word_1_179' title='bbox 728 2164 794 2218; x_wconf 91' lang='lat' dir='ltr'><strong>ad</strong></span> <span class='ocrx_word' id='word_1_180' title='bbox 837 2180 935 2219; x_wconf 91' lang='lat' dir='ltr'><strong>nos</strong></span> <span class='ocrx_word' id='word_1_181' title='bbox 973 2166 1209 2233; x_wconf 85' lang='lat' dir='ltr'><strong>scribas,</strong></span> <span class='ocrx_word' id='word_1_182' title='bbox 1255 2182 1359 2221; x_wconf 92' lang='lat' dir='ltr'><strong>non</strong></span> <span class='ocrx_word' id='word_1_183' title='bbox 1390 2168 1548 2222; x_wconf 90' lang='lat' dir='ltr'><strong>modo</strong></span> <span class='ocrx_word' id='word_1_184' title='bbox 1583 2184 1680 2237; x_wconf 88' lang='lat' dir='ltr'><strong>per</strong></span> <span class='ocrx_word' id='word_1_185' title='bbox 1720 2185 1813 2224; x_wconf 91' lang='lat' dir='ltr'><strong>eos</strong></span> 
     </span>
    </p>
   </div>
   <div class='ocr_carea' id='block_1_24' title="bbox 217 2256 1812 2332">
    <p class='ocr_par' dir='ltr' id='par_1_24' title="bbox 217 2256 1812 2332">
     <span class='ocr_line' id='line_1_24' title="bbox 217 2256 1812 2332; baseline 0.003 -21"><span class='ocrx_word' id='word_1_186' title='bbox 217 2257 309 2325; x_wconf 92' lang='lat' dir='ltr'><strong>qui</strong></span> <span class='ocrx_word' id='word_1_187' title='bbox 340 2256 464 2312; x_wconf 91' lang='lat' dir='ltr'><strong>hinc</strong></span> <span class='ocrx_word' id='word_1_188' title='bbox 491 2258 556 2312; x_wconf 90' lang='lat' dir='ltr'><strong>ad</strong></span> <span class='ocrx_word' id='word_1_189' title='bbox 583 2274 677 2313; x_wconf 89' lang='lat' dir='ltr'><strong>vos</strong></span> <span class='ocrx_word' id='word_1_190' title='bbox 707 2258 1141 2327; x_wconf 90' lang='lat' dir='ltr'><strong>proﬁciscuntur,</strong></span> <span class='ocrx_word' id='word_1_191' title='bbox 1174 2260 1268 2315; x_wconf 88' lang='lat' dir='ltr'><strong>sed</strong></span> <span class='ocrx_word' id='word_1_192' title='bbox 1296 2261 1454 2316; x_wconf 90' lang='lat' dir='ltr'><strong>etiam</strong></span> <span class='ocrx_word' id='word_1_193' title='bbox 1484 2276 1579 2331; x_wconf 90' lang='lat' dir='ltr'><strong>per</strong></span> <span class='ocrx_word' id='word_1_194' title='bbox 1602 2277 1696 2317; x_wconf 92' lang='lat' dir='ltr'><strong>eos</strong></span> <span class='ocrx_word' id='word_1_195' title='bbox 1722 2263 1812 2332; x_wconf 89' lang='lat' dir='ltr'><strong>qui</strong></span> 
     </span>
    </p>
   </div>
   <div class='ocr_carea' id='block_1_25' title="bbox 220 2349 1810 2421">
    <p class='ocr_par' dir='ltr' id='par_1_25' title="bbox 220 2349 1810 2421">
     <span class='ocr_line' id='line_1_25' title="bbox 220 2349 1810 2421; baseline 0.001 -17"><span class='ocrx_word' id='word_1_196' title='bbox 220 2351 381 2404; x_wconf 88' lang='lat' dir='ltr'><strong>istinc</strong></span> <span class='ocrx_word' id='word_1_197' title='bbox 401 2349 469 2404; x_wconf 88' lang='lat' dir='ltr'><strong>ad</strong></span> <span class='ocrx_word' id='word_1_198' title='bbox 498 2365 595 2405; x_wconf 86' lang='lat' dir='ltr'><strong>nos</strong></span> <span class='ocrx_word' id='word_1_199' title='bbox 626 2350 863 2406; x_wconf 90' lang='lat' dir='ltr'><strong>veniunt.</strong></span> <span class='ocrx_word' id='word_1_200' title='bbox 910 2351 1151 2421; x_wconf 79' lang='lat' dir='ltr'><strong>Magnam</strong></span> <span class='ocrx_word' id='word_1_201' title='bbox 1178 2359 1356 2408; x_wconf 87' lang='lat' dir='ltr'><strong>autem</strong></span> <span class='ocrx_word' id='word_1_202' title='bbox 1385 2351 1510 2417; x_wconf 91' lang='lat' dir='ltr'><strong>tibi,</strong></span> <span class='ocrx_word' id='word_1_203' title='bbox 1555 2367 1810 2408; x_wconf 88' lang='lat' dir='ltr'><strong>reveren-</strong></span> 
     </span>
    </p>
   </div>
   <div class='ocr_carea' id='block_1_26' title="bbox 218 2440 1809 2511">
    <p class='ocr_par' dir='ltr' id='par_1_26' title="bbox 218 2440 1809 2511">
     <span class='ocr_line' id='line_1_26' title="bbox 218 2440 1809 2511; baseline 0.002 -17"><span class='ocrx_word' id='word_1_204' title='bbox 218 2441 441 2495; x_wconf 91' lang='lat' dir='ltr'><strong>dissime</strong></span> <span class='ocrx_word' id='word_1_205' title='bbox 468 2441 539 2495; x_wconf 91' lang='lat' dir='ltr'><strong>mi</strong></span> <span class='ocrx_word' id='word_1_206' title='bbox 564 2440 806 2507; x_wconf 87' lang='lat' dir='ltr'><strong>domine,</strong></span> <span class='ocrx_word' id='word_1_207' title='bbox 837 2441 908 2511; x_wconf 90' lang='lat' dir='ltr'><strong>ob</strong></span> <span class='ocrx_word' id='word_1_208' title='bbox 933 2457 1050 2496; x_wconf 89' lang='lat' dir='ltr'><strong>eam</strong></span> <span class='ocrx_word' id='word_1_209' title='bbox 1079 2457 1262 2498; x_wconf 90' lang='lat' dir='ltr'><strong>curam</strong></span> <span class='ocrx_word' id='word_1_210' title='bbox 1289 2451 1344 2498; x_wconf 92' lang='lat' dir='ltr'><strong>et</strong></span> <span class='ocrx_word' id='word_1_211' title='bbox 1375 2444 1809 2509; x_wconf 90' lang='lat' dir='ltr'><strong>sollicitudinem,</strong></span> 
     </span>
    </p>
   </div>
   <div class='ocr_carea' id='block_1_27' title="bbox 219 2531 1808 2604">
    <p class='ocr_par' dir='ltr' id='par_1_27' title="bbox 219 2531 1808 2604">
     <span class='ocr_line' id='line_1_27' title="bbox 219 2531 1808 2604; baseline 0.003 -18"><span class='ocrx_word' id='word_1_212' title='bbox 219 2531 273 2586; x_wconf 92' lang='lat' dir='ltr'><strong>in</strong></span> <span class='ocrx_word' id='word_1_213' title='bbox 305 2547 409 2601; x_wconf 89' lang='lat' dir='ltr'><strong>qua</strong></span> <span class='ocrx_word' id='word_1_214' title='bbox 453 2540 672 2602; x_wconf 89' lang='lat' dir='ltr'><strong>propter</strong></span> <span class='ocrx_word' id='word_1_215' title='bbox 717 2531 942 2602; x_wconf 83' lang='lat' dir='ltr'><strong>hujusce</strong></span> <span class='ocrx_word' id='word_1_216' title='bbox 983 2534 1215 2604; x_wconf 79' lang='lat' dir='ltr'><strong>regionis</strong></span> <span class='ocrx_word' id='word_1_217' title='bbox 1257 2535 1514 2590; x_wconf 88' lang='lat' dir='ltr'><strong>tumultus</strong></span> <span class='ocrx_word' id='word_1_218' title='bbox 1554 2535 1808 2601; x_wconf 87' lang='lat' dir='ltr'><strong>versaris,</strong></span> 
     </span>
    </p>
   </div>
   <div class='ocr_carea' id='block_1_28' title="bbox 215 2621 1810 2690">
    <p class='ocr_par' dir='ltr' id='par_1_28' title="bbox 215 2621 1810 2690">
     <span class='ocr_line' id='line_1_28' title="bbox 215 2621 1810 2690; baseline 0.004 -16"><span class='ocrx_word' id='word_1_219' title='bbox 215 2623 444 2690; x_wconf 76' lang='lat' dir='ltr'><strong>gratiam</strong></span> <span class='ocrx_word' id='word_1_220' title='bbox 475 2621 754 2676; x_wconf 88' lang='lat' dir='ltr'><strong>habemus.</strong></span> <span class='ocrx_word' id='word_1_221' title='bbox 808 2623 1018 2678; x_wconf 83' lang='lat' dir='ltr'><strong>Etenim</strong></span> <span class='ocrx_word' id='word_1_222' title='bbox 1053 2623 1262 2679; x_wconf 90' lang='lat' dir='ltr'><strong>obsidio</strong></span> <span class='ocrx_word' id='word_1_223' title='bbox 1292 2634 1476 2681; x_wconf 89' lang='lat' dir='ltr'><strong>nostra</strong></span> <span class='ocrx_word' id='word_1_224' title='bbox 1504 2626 1556 2680; x_wconf 94' lang='lat' dir='ltr'><strong>in</strong></span> <span class='ocrx_word' id='word_1_225' title='bbox 1582 2625 1697 2681; x_wconf 86' lang='lat' dir='ltr'><strong>dies</strong></span> <span class='ocrx_word' id='word_1_226' title='bbox 1727 2626 1810 2680; x_wconf 86' lang='lat' dir='ltr'><strong>in-</strong></span> 
     </span>
    </p>
   </div>
   <div class='ocr_carea' id='block_1_29' title="bbox 215 2714 1808 2788">
    <p class='ocr_par' dir='ltr' id='par_1_29' title="bbox 215 2714 1808 2788">
     <span class='ocr_line' id='line_1_29' title="bbox 215 2714 1808 2788; baseline 0.005 -22"><span class='ocrx_word' id='word_1_227' title='bbox 215 2715 507 2782; x_wconf 70' lang='lat' dir='ltr'><strong>gravescit,</strong></span> <span class='ocrx_word' id='word_1_228' title='bbox 536 2715 770 2785; x_wconf 88' lang='lat' dir='ltr'><strong>atquein</strong></span> <span class='ocrx_word' id='word_1_229' title='bbox 792 2714 892 2772; x_wconf 91' lang='lat' dir='ltr'><strong>hac</strong></span> <span class='ocrx_word' id='word_1_230' title='bbox 915 2731 1058 2781; x_wconf 88' lang='lat' dir='ltr'><strong>arce,</strong></span> <span class='ocrx_word' id='word_1_231' title='bbox 1090 2725 1358 2788; x_wconf 86' lang='lat' dir='ltr'><strong>tamquam</strong></span> <span class='ocrx_word' id='word_1_232' title='bbox 1391 2718 1444 2773; x_wconf 93' lang='lat' dir='ltr'><strong>in</strong></span> <span class='ocrx_word' id='word_1_233' title='bbox 1472 2717 1682 2788; x_wconf 88' lang='lat' dir='ltr'><strong>laqueo,</strong></span> <span class='ocrx_word' id='word_1_234' title='bbox 1711 2717 1808 2774; x_wconf 86' lang='lat' dir='ltr'><strong>de-</strong></span> 
     </span>
    </p>
   </div>
   <div class='ocr_carea' id='block_1_30' title="bbox 217 2807 1808 2881">
    <p class='ocr_par' dir='ltr' id='par_1_30' title="bbox 217 2807 1808 2881">
     <span class='ocr_line' id='line_1_30' title="bbox 217 2807 1808 2881; baseline 0.003 -21"><span class='ocrx_word' id='word_1_235' title='bbox 217 2808 482 2863; x_wconf 70' lang='lat' dir='ltr'><strong>sitlexuus.</strong></span> <span class='ocrx_word' id='word_1_236' title='bbox 510 2807 716 2878; x_wconf 88' lang='lat' dir='ltr'><strong>Quippe</strong></span> <span class='ocrx_word' id='word_1_237' title='bbox 732 2808 842 2878; x_wconf 87' lang='lat' dir='ltr'><strong>jam</strong></span> <span class='ocrx_word' id='word_1_238' title='bbox 873 2808 1033 2864; x_wconf 92' lang='lat' dir='ltr'><strong>etiam</strong></span> <span class='ocrx_word' id='word_1_239' title='bbox 1062 2809 1233 2864; x_wconf 90' lang='lat' dir='ltr'><strong>media</strong></span> <span class='ocrx_word' id='word_1_240' title='bbox 1259 2820 1415 2866; x_wconf 89' lang='lat' dir='ltr'><strong>nocte</strong></span> <span class='ocrx_word' id='word_1_241' title='bbox 1437 2821 1632 2880; x_wconf 65' lang='lat' dir='ltr'><strong>praeter</strong></span> <span class='ocrx_word' id='word_1_242' title='bbox 1655 2826 1808 2881; x_wconf 87' lang='lat' dir='ltr'><strong>spem</strong></span> 
     </span>
    </p>
   </div>
   <div class='ocr_carea' id='block_1_31' title="bbox 220 2903 1808 2971">
    <p class='ocr_par' dir='ltr' id='par_1_31' title="bbox 220 2903 1808 2971">
     <span class='ocr_line' id='line_1_31' title="bbox 220 2903 1808 2971; baseline 0.003 -18"><span class='ocrx_word' id='word_1_243' title='bbox 220 2917 438 2955; x_wconf 87' lang='lat' dir='ltr'><strong>omnem</strong></span> <span class='ocrx_word' id='word_1_244' title='bbox 469 2912 523 2956; x_wconf 93' lang='lat' dir='ltr'><strong>et</strong></span> <span class='ocrx_word' id='word_1_245' title='bbox 562 2904 1019 2971; x_wconf 80' lang='lat' dir='ltr'><strong>exspectationem</strong></span> <span class='ocrx_word' id='word_1_246' title='bbox 1067 2912 1430 2958; x_wconf 87' lang='lat' dir='ltr'><strong>trecentorum</strong></span> <span class='ocrx_word' id='word_1_247' title='bbox 1459 2905 1473 2935; x_wconf 83' lang='grc'>¹</span> <span class='ocrx_word' id='word_1_248' title='bbox 1505 2903 1808 2958; x_wconf 86' lang='lat' dir='ltr'><strong>Isaurorum</strong></span> 
     </span>
    </p>
   </div>
   <div class='ocr_carea' id='block_1_32' title="bbox 213 2995 1810 3066">
    <p class='ocr_par' dir='ltr' id='par_1_32' title="bbox 213 2995 1810 3066">
     <span class='ocr_line' id='line_1_32' title="bbox 213 2995 1810 3066; baseline 0.002 -18"><span class='ocrx_word' id='word_1_249' title='bbox 213 3011 408 3066; x_wconf 82' lang='lat' dir='ltr'><strong>agmen</strong></span> <span class='ocrx_word' id='word_1_250' title='bbox 435 2995 686 3065; x_wconf 88' lang='lat' dir='ltr'><strong>oppidum</strong></span> <span class='ocrx_word' id='word_1_251' title='bbox 713 2996 1073 3066; x_wconf 90' lang='lat' dir='ltr'><strong>percursavit,</strong></span> <span class='ocrx_word' id='word_1_252' title='bbox 1117 3011 1358 3066; x_wconf 89' lang='lat' dir='ltr'><strong>peneque</strong></span> <span class='ocrx_word' id='word_1_253' title='bbox 1382 3011 1480 3051; x_wconf 91' lang='lat' dir='ltr'><strong>nos</strong></span> <span class='ocrx_word' id='word_1_254' title='bbox 1501 2995 1663 3065; x_wconf 87' lang='lat' dir='ltr'><strong>cepit.</strong></span> <span class='ocrx_word' id='word_1_255' title='bbox 1700 2995 1810 3051; x_wconf 82' lang='lat' dir='ltr'><strong>Ve-</strong></span> 
     </span>
    </p>
   </div>
   <div class='ocr_carea' id='block_1_33' title="bbox 214 3087 1811 3155">
    <p class='ocr_par' dir='ltr' id='par_1_33' title="bbox 214 3087 1811 3155">
     <span class='ocr_line' id='line_1_33' title="bbox 214 3087 1811 3155; baseline 0.003 -15"><span class='ocrx_word' id='word_1_256' title='bbox 214 3102 337 3140; x_wconf 89' lang='lat' dir='ltr'><strong>rum</strong></span> <span class='ocrx_word' id='word_1_257' title='bbox 371 3087 462 3140; x_wconf 89' lang='lat' dir='ltr'><strong>Dei</strong></span> <span class='ocrx_word' id='word_1_258' title='bbox 485 3101 674 3141; x_wconf 90' lang='lat' dir='ltr'><strong>manus</strong></span> <span class='ocrx_word' id='word_1_259' title='bbox 700 3087 982 3142; x_wconf 81' lang='lat' dir='ltr'><strong>confestim</strong></span> <span class='ocrx_word' id='word_1_260' title='bbox 1014 3102 1140 3155; x_wconf 90' lang='lat' dir='ltr'><strong>eos,</strong></span> <span class='ocrx_word' id='word_1_261' title='bbox 1168 3087 1321 3155; x_wconf 86' lang='lat' dir='ltr'><strong>nobis</strong></span> <span class='ocrx_word' id='word_1_262' title='bbox 1346 3088 1508 3143; x_wconf 90' lang='lat' dir='ltr'><strong>etiam</strong></span> <span class='ocrx_word' id='word_1_263' title='bbox 1535 3087 1668 3142; x_wconf 89' lang='lat' dir='ltr'><strong>nihil</strong></span> <span class='ocrx_word' id='word_1_264' title='bbox 1706 3087 1811 3144; x_wconf 87' lang='lat' dir='ltr'><strong>tale</strong></span> 
     </span>
    </p>
   </div>
   <div class='ocr_carea' id='block_1_34' title="bbox 213 3178 1807 3248">
    <p class='ocr_par' dir='ltr' id='par_1_34' title="bbox 213 3178 1807 3248">
     <span class='ocr_line' id='line_1_34' title="bbox 213 3178 1807 3248; baseline 0 -16"><span class='ocrx_word' id='word_1_265' title='bbox 213 3178 596 3245; x_wconf 85' lang='lat' dir='ltr'><strong>sentientibus,</strong></span> <span class='ocrx_word' id='word_1_266' title='bbox 624 3178 749 3233; x_wconf 91' lang='lat' dir='ltr'><strong>hinc</strong></span> <span class='ocrx_word' id='word_1_267' title='bbox 777 3179 974 3234; x_wconf 81' lang='lat' dir='ltr'><strong>avertit</strong></span> <span class='ocrx_word' id='word_1_268' title='bbox 1004 3196 1019 3232; x_wconf 91' lang='lat'><strong>:</strong></span> <span class='ocrx_word' id='word_1_269' title='bbox 1052 3179 1123 3234; x_wconf 92' lang='lat' dir='ltr'><strong>ita</strong></span> <span class='ocrx_word' id='word_1_270' title='bbox 1150 3187 1208 3233; x_wconf 92' lang='lat' dir='ltr'><strong>ut</strong></span> <span class='ocrx_word' id='word_1_271' title='bbox 1234 3193 1340 3233; x_wconf 90' lang='lat' dir='ltr'><strong>non</strong></span> <span class='ocrx_word' id='word_1_272' title='bbox 1365 3178 1524 3233; x_wconf 89' lang='lat' dir='ltr'><strong>modo</strong></span> <span class='ocrx_word' id='word_1_273' title='bbox 1549 3179 1807 3248; x_wconf 90' lang='lat' dir='ltr'><strong>periculo,</strong></span> 
     </span>
    </p>
   </div>
   <div class='ocr_carea' id='block_1_35' title="bbox 213 3269 1810 3340">
    <p class='ocr_par' dir='ltr' id='par_1_35' title="bbox 213 3269 1810 3340">
     <span class='ocr_line' id='line_1_35' title="bbox 213 3269 1810 3340; baseline -0.001 -15"><span class='ocrx_word' id='word_1_274' title='bbox 213 3271 314 3325; x_wconf 88' lang='lat' dir='ltr'><strong>sed</strong></span> <span class='ocrx_word' id='word_1_275' title='bbox 345 3270 507 3325; x_wconf 91' lang='lat' dir='ltr'><strong>etiam</strong></span> <span class='ocrx_word' id='word_1_276' title='bbox 529 3279 673 3325; x_wconf 90' lang='lat' dir='ltr'><strong>metu</strong></span> <span class='ocrx_word' id='word_1_277' title='bbox 694 3270 847 3324; x_wconf 86' lang='lat' dir='ltr'><strong>vacui</strong></span> <span class='ocrx_word' id='word_1_278' title='bbox 871 3284 1133 3337; x_wconf 91' lang='lat' dir='ltr'><strong>essemus,</strong></span> <span class='ocrx_word' id='word_1_279' title='bbox 1156 3279 1383 3340; x_wconf 89' lang='lat' dir='ltr'><strong>ortoque</strong></span> <span class='ocrx_word' id='word_1_280' title='bbox 1409 3270 1496 3326; x_wconf 92' lang='lat' dir='ltr'><strong>die</strong></span> <span class='ocrx_word' id='word_1_281' title='bbox 1519 3280 1630 3325; x_wconf 91' lang='lat' dir='ltr'><strong>tum</strong></span> <span class='ocrx_word' id='word_1_282' title='bbox 1657 3269 1810 3324; x_wconf 82' lang='lat' dir='ltr'><strong>deni-</strong></span> 
     </span>
    </p>
   </div>
   <div class='ocr_carea' id='block_1_36' title="bbox 215 3361 1810 3432">
    <p class='ocr_par' dir='ltr' id='par_1_36' title="bbox 215 3361 1810 3432">
     <span class='ocr_line' id='line_1_36' title="bbox 215 3361 1810 3432; baseline 0.002 -20"><span class='ocrx_word' id='word_1_283' title='bbox 215 3377 355 3431; x_wconf 88' lang='lat' dir='ltr'><strong>que,</strong></span> <span class='ocrx_word' id='word_1_284' title='bbox 401 3361 544 3430; x_wconf 90' lang='lat' dir='ltr'><strong>quod</strong></span> <span class='ocrx_word' id='word_1_285' title='bbox 592 3363 922 3432; x_wconf 89' lang='lat' dir='ltr'><strong>contigerat,</strong></span> <span class='ocrx_word' id='word_1_286' title='bbox 963 3361 1357 3416; x_wconf 85' lang='lat' dir='ltr'><strong>resciverimus.</strong></span> <span class='ocrx_word' id='word_1_287' title='bbox 1409 3361 1540 3428; x_wconf 86' lang='lat' dir='ltr'><strong>Quae</strong></span> <span class='ocrx_word' id='word_1_288' title='bbox 1573 3376 1694 3416; x_wconf 90' lang='lat' dir='ltr'><strong>cum</strong></span> <span class='ocrx_word' id='word_1_289' title='bbox 1739 3361 1810 3415; x_wconf 91' lang='lat' dir='ltr'><strong>ita</strong></span> 
     </span>
    </p>
   </div>
   <div class='ocr_carea' id='block_1_37' title="bbox 215 3453 1812 3524">
    <p class='ocr_par' dir='ltr' id='par_1_37' title="bbox 215 3453 1812 3524">
     <span class='ocr_line' id='line_1_37' title="bbox 215 3453 1812 3524; baseline 0.001 -15"><span class='ocrx_word' id='word_1_290' title='bbox 215 3458 325 3509; x_wconf 79' lang='lat' dir='ltr'><strong>sint</strong></span> <span class='ocrx_word' id='word_1_291' title='bbox 345 3498 360 3520; x_wconf 94' lang='lat'><strong>,</strong></span> <span class='ocrx_word' id='word_1_292' title='bbox 391 3454 562 3524; x_wconf 87' lang='lat' dir='ltr'><strong>gaude</strong></span> <span class='ocrx_word' id='word_1_293' title='bbox 591 3469 654 3509; x_wconf 90' lang='lat' dir='ltr'><strong>ac</strong></span> <span class='ocrx_word' id='word_1_294' title='bbox 684 3455 887 3521; x_wconf 69' lang='lat' dir='ltr'><strong>lastare,</strong></span> <span class='ocrx_word' id='word_1_295' title='bbox 921 3455 1195 3524; x_wconf 89' lang='lat' dir='ltr'><strong>Deumque</strong></span> <span class='ocrx_word' id='word_1_296' title='bbox 1221 3453 1584 3509; x_wconf 89' lang='lat' dir='ltr'><strong>indesinenter</strong></span> <span class='ocrx_word' id='word_1_297' title='bbox 1605 3469 1719 3519; x_wconf 88' lang='lat' dir='ltr'><strong>ora,</strong></span> <span class='ocrx_word' id='word_1_298' title='bbox 1755 3464 1812 3510; x_wconf 80' lang='lat' dir='ltr'><strong>ut</strong></span> 
     </span>
    </p>
   </div>
   <div class='ocr_carea' id='block_1_38' title="bbox 216 3545 1812 3616">
    <p class='ocr_par' dir='ltr' id='par_1_38' title="bbox 216 3545 1812 3616">
     <span class='ocr_line' id='line_1_38' title="bbox 216 3545 1812 3616; baseline 0 -16"><span class='ocrx_word' id='word_1_299' title='bbox 216 3563 317 3600; x_wconf 86' lang='lat' dir='ltr'><strong>nos</strong></span> <span class='ocrx_word' id='word_1_300' title='bbox 340 3548 389 3600; x_wconf 92' lang='lat' dir='ltr'><strong>in</strong></span> <span class='ocrx_word' id='word_1_301' title='bbox 414 3547 560 3600; x_wconf 91' lang='lat' dir='ltr'><strong>omni</strong></span> <span class='ocrx_word' id='word_1_302' title='bbox 578 3547 862 3602; x_wconf 83' lang='lat' dir='ltr'><strong>securitate</strong></span> <span class='ocrx_word' id='word_1_303' title='bbox 877 3546 1183 3609; x_wconf 90' lang='lat' dir='ltr'><strong>constituat,</strong></span> <span class='ocrx_word' id='word_1_304' title='bbox 1207 3555 1364 3616; x_wconf 87' lang='lat' dir='ltr'><strong>atque</strong></span> <span class='ocrx_word' id='word_1_305' title='bbox 1385 3555 1609 3616; x_wconf 84' lang='lat' dir='ltr'><strong>urgente</strong></span> <span class='ocrx_word' id='word_1_306' title='bbox 1626 3545 1812 3600; x_wconf 86' lang='lat' dir='ltr'><strong>morbo</strong></span> 
     </span>
    </p>
   </div>
   <div class='ocr_carea' id='block_1_39' title="bbox 217 3637 1809 3708">
    <p class='ocr_par' dir='ltr' id='par_1_39' title="bbox 217 3637 1809 3708">
     <span class='ocr_line' id='line_1_39' title="bbox 217 3637 1809 3708; baseline 0.002 -17"><span class='ocrx_word' id='word_1_307' title='bbox 217 3639 432 3692; x_wconf 88' lang='lat' dir='ltr'><strong>liberet.</strong></span> <span class='ocrx_word' id='word_1_308' title='bbox 491 3639 743 3704; x_wconf 84' lang='lat' dir='ltr'><strong>Quamvis</strong></span> <span class='ocrx_word' id='word_1_309' title='bbox 781 3638 922 3692; x_wconf 89' lang='lat' dir='ltr'><strong>enim</strong></span> <span class='ocrx_word' id='word_1_310' title='bbox 947 3639 1056 3708; x_wconf 86' lang='lat' dir='ltr'><strong>jam</strong></span> <span class='ocrx_word' id='word_1_311' title='bbox 1096 3648 1247 3693; x_wconf 86' lang='lat' dir='ltr'><strong>extra</strong></span> <span class='ocrx_word' id='word_1_312' title='bbox 1285 3637 1579 3708; x_wconf 90' lang='lat' dir='ltr'><strong>periculum</strong></span> <span class='ocrx_word' id='word_1_313' title='bbox 1620 3639 1809 3704; x_wconf 89' lang='lat' dir='ltr'><strong>simus,</strong></span> 
     </span>
    </p>
   </div>
   <div class='ocr_carea' id='block_1_40' title="bbox 218 3730 1812 3801">
    <p class='ocr_par' dir='ltr' id='par_1_40' title="bbox 218 3730 1812 3801">
     <span class='ocr_line' id='line_1_40' title="bbox 218 3730 1812 3801; baseline 0.003 -19"><span class='ocrx_word' id='word_1_314' title='bbox 218 3739 402 3784; x_wconf 86' lang='lat' dir='ltr'><strong>tamen</strong></span> <span class='ocrx_word' id='word_1_315' title='bbox 430 3730 600 3785; x_wconf 89' lang='lat' dir='ltr'><strong>morbi</strong></span> <span class='ocrx_word' id='word_1_316' title='bbox 642 3731 879 3801; x_wconf 67' lang='lat' dir='ltr'><strong>reliquie</strong></span> <span class='ocrx_word' id='word_1_317' title='bbox 909 3730 1080 3786; x_wconf 90' lang='lat' dir='ltr'><strong>adhuc</strong></span> <span class='ocrx_word' id='word_1_318' title='bbox 1109 3730 1348 3797; x_wconf 77' lang='lat' dir='ltr'><strong>luerent,</strong></span> <span class='ocrx_word' id='word_1_319' title='bbox 1392 3731 1562 3786; x_wconf 89' lang='lat' dir='ltr'><strong>morbi</strong></span> <span class='ocrx_word' id='word_1_320' title='bbox 1605 3746 1812 3786; x_wconf 90' lang='lat' dir='ltr'><strong>memo-</strong></span> 
     </span>
    </p>
   </div>
   <div class='ocr_carea' id='block_1_41' title="bbox 217 3821 1813 3892">
    <p class='ocr_par' dir='ltr' id='par_1_41' title="bbox 217 3821 1813 3892">
     <span class='ocr_line' id='line_1_41' title="bbox 217 3821 1813 3892; baseline 0.003 -19"><span class='ocrx_word' id='word_1_321' title='bbox 217 3821 354 3874; x_wconf 81' lang='lat' dir='ltr'><strong>riam</strong></span> <span class='ocrx_word' id='word_1_322' title='bbox 401 3822 528 3874; x_wconf 89' lang='lat' dir='ltr'><strong>mihi</strong></span> <span class='ocrx_word' id='word_1_323' title='bbox 561 3831 818 3892; x_wconf 90' lang='lat' dir='ltr'><strong>perpetuo</strong></span> <span class='ocrx_word' id='word_1_324' title='bbox 856 3821 1189 3877; x_wconf 87' lang='lat' dir='ltr'><strong>refricantes.</strong></span> <span class='ocrx_word' id='word_1_325' title='bbox 1224 3822 1348 3877; x_wconf 72' lang='lat' dir='ltr'><strong>&quot;rec</strong></span> <span class='ocrx_word' id='word_1_326' title='bbox 1393 3833 1572 3878; x_wconf 91' lang='lat' dir='ltr'><strong>autem</strong></span> <span class='ocrx_word' id='word_1_327' title='bbox 1611 3838 1716 3877; x_wconf 91' lang='lat' dir='ltr'><strong>non</strong></span> <span class='ocrx_word' id='word_1_328' title='bbox 1748 3839 1813 3884; x_wconf 90' lang='lat' dir='ltr'><strong>eo</strong></span> 
     </span>
    </p>
   </div>
   <div class='ocr_carea' id='block_1_42' title="bbox 218 3913 1811 3984">
    <p class='ocr_par' dir='ltr' id='par_1_42' title="bbox 218 3913 1811 3984">
     <span class='ocr_line' id='line_1_42' title="bbox 218 3913 1811 3984; baseline 0.004 -18"><span class='ocrx_word' id='word_1_329' title='bbox 218 3913 401 3968; x_wconf 87' lang='lat' dir='ltr'><strong>animo</strong></span> <span class='ocrx_word' id='word_1_330' title='bbox 426 3915 738 3984; x_wconf 89' lang='lat' dir='ltr'><strong>scripsimus</strong></span> <span class='ocrx_word' id='word_1_331' title='bbox 760 3956 775 3983; x_wconf 95' lang='lat'><strong>,</strong></span> <span class='ocrx_word' id='word_1_332' title='bbox 811 3924 868 3969; x_wconf 95' lang='lat' dir='ltr'><strong>ut</strong></span> <span class='ocrx_word' id='word_1_333' title='bbox 897 3915 988 3969; x_wconf 90' lang='lat' dir='ltr'><strong>tibi</strong></span> <span class='ocrx_word' id='word_1_334' title='bbox 1031 3931 1314 3971; x_wconf 66' lang='lat' dir='ltr'><strong>maerorem</strong></span> <span class='ocrx_word' id='word_1_335' title='bbox 1354 3915 1638 3972; x_wconf 81' lang='lat' dir='ltr'><strong>aﬁeramus</strong></span> <span class='ocrx_word' id='word_1_336' title='bbox 1662 3959 1677 3984; x_wconf 94' lang='lat'><strong>,</strong></span> <span class='ocrx_word' id='word_1_337' title='bbox 1717 3918 1811 3972; x_wconf 85' lang='lat' dir='ltr'><strong>sed</strong></span> 
     </span>
    </p>
   </div>
   <div class='ocr_carea' id='block_1_43' title="bbox 218 4005 1812 4077">
    <p class='ocr_par' dir='ltr' id='par_1_43' title="bbox 218 4005 1812 4077">
     <span class='ocr_line' id='line_1_43' title="bbox 218 4005 1812 4077; baseline 0.004 -21"><span class='ocrx_word' id='word_1_338' title='bbox 218 4017 276 4060; x_wconf 91' lang='lat' dir='ltr'><strong>ut</strong></span> <span class='ocrx_word' id='word_1_339' title='bbox 307 4016 360 4060; x_wconf 90' lang='lat' dir='ltr'><strong>te</strong></span> <span class='ocrx_word' id='word_1_340' title='bbox 395 4005 462 4060; x_wconf 89' lang='lat' dir='ltr'><strong>ad</strong></span> <span class='ocrx_word' id='word_1_341' title='bbox 494 4021 680 4076; x_wconf 89' lang='lat' dir='ltr'><strong>preces</strong></span> <span class='ocrx_word' id='word_1_342' title='bbox 717 4005 1008 4061; x_wconf 88' lang='lat' dir='ltr'><strong>studiosius</strong></span> <span class='ocrx_word' id='word_1_343' title='bbox 1048 4022 1146 4077; x_wconf 92' lang='lat' dir='ltr'><strong>pro</strong></span> <span class='ocrx_word' id='word_1_344' title='bbox 1183 4007 1336 4062; x_wconf 90' lang='lat' dir='ltr'><strong>nobis</strong></span> <span class='ocrx_word' id='word_1_345' title='bbox 1364 4007 1430 4061; x_wconf 91' lang='lat' dir='ltr'><strong>ad</strong></span> <span class='ocrx_word' id='word_1_346' title='bbox 1463 4009 1628 4061; x_wconf 91' lang='lat' dir='ltr'><strong>Deum</strong></span> <span class='ocrx_word' id='word_1_347' title='bbox 1657 4008 1812 4062; x_wconf 89' lang='lat' dir='ltr'><strong>adhi-</strong></span> 
     </span>
    </p>
   </div>
   <div class='ocr_carea' id='block_1_44' title="bbox 217 4096 1811 4166">
    <p class='ocr_par' dir='ltr' id='par_1_44' title="bbox 217 4096 1811 4166">
     <span class='ocr_line' id='line_1_44' title="bbox 217 4096 1811 4166; baseline 0.003 -16"><span class='ocrx_word' id='word_1_348' title='bbox 217 4096 424 4151; x_wconf 83' lang='lat' dir='ltr'><strong>bendas</strong></span> <span class='ocrx_word' id='word_1_349' title='bbox 453 4097 770 4151; x_wconf 78' lang='lat' dir='ltr'><strong>excitemus.</strong></span> <span class='ocrx_word' id='word_1_350' title='bbox 800 4097 1083 4152; x_wconf 91' lang='lat' dir='ltr'><strong>Dominum</strong></span> <span class='ocrx_word' id='word_1_351' title='bbox 1116 4114 1295 4154; x_wconf 91' lang='lat' dir='ltr'><strong>meum</strong></span> <span class='ocrx_word' id='word_1_352' title='bbox 1319 4099 1811 4166; x_wconf 87' lang='lat' dir='ltr'><strong>honoratissimum</strong></span> 
     </span>
    </p>
   </div>
   <div class='ocr_carea' id='block_1_45' title="bbox 219 4188 1816 4260">
    <p class='ocr_par' dir='ltr' id='par_1_45' title="bbox 219 4188 1816 4260">
     <span class='ocr_line' id='line_1_45' title="bbox 219 4188 1816 4260; baseline 0.003 -18"><span class='ocrx_word' id='word_1_353' title='bbox 219 4189 477 4243; x_wconf 87' lang='lat' dir='ltr'><strong>lectorem</strong></span> <span class='ocrx_word' id='word_1_354' title='bbox 503 4188 840 4244; x_wconf 82' lang='lat' dir='ltr'><strong>Theodotum</strong></span> <span class='ocrx_word' id='word_1_355' title='bbox 872 4191 1053 4260; x_wconf 87' lang='lat' dir='ltr'><strong>pietati</strong></span> <span class='ocrx_word' id='word_1_356' title='bbox 1081 4200 1184 4247; x_wconf 85' lang='lat' dir='ltr'><strong>tuae</strong></span> <span class='ocrx_word' id='word_1_357' title='bbox 1210 4191 1651 4246; x_wconf 89' lang='lat' dir='ltr'><strong>commendamus</strong></span> <span class='ocrx_word' id='word_1_358' title='bbox 1682 4211 1696 4246; x_wconf 91' lang='lat'><strong>:</strong></span> <span class='ocrx_word' id='word_1_359' title='bbox 1735 4201 1816 4246; x_wconf 90' lang='lat' dir='ltr'><strong>at-</strong></span> 
     </span>
    </p>
   </div>
   <div class='ocr_carea' id='block_1_46' title="bbox 219 4279 1815 4351">
    <p class='ocr_par' dir='ltr' id='par_1_46' title="bbox 219 4279 1815 4351">
     <span class='ocr_line' id='line_1_46' title="bbox 219 4279 1815 4351; baseline 0.004 -19"><span class='ocrx_word' id='word_1_360' title='bbox 219 4294 326 4348; x_wconf 92' lang='lat' dir='ltr'><strong>que</strong></span> <span class='ocrx_word' id='word_1_361' title='bbox 355 4279 453 4333; x_wconf 90' lang='lat' dir='ltr'><strong>abs</strong></span> <span class='ocrx_word' id='word_1_362' title='bbox 479 4286 531 4333; x_wconf 90' lang='lat' dir='ltr'><strong>te</strong></span> <span class='ocrx_word' id='word_1_363' title='bbox 555 4279 807 4349; x_wconf 87' lang='lat' dir='ltr'><strong>petimus,</strong></span> <span class='ocrx_word' id='word_1_364' title='bbox 831 4290 888 4334; x_wconf 91' lang='lat' dir='ltr'><strong>ut</strong></span> <span class='ocrx_word' id='word_1_365' title='bbox 909 4297 1005 4351; x_wconf 92' lang='lat' dir='ltr'><strong>pro</strong></span> <span class='ocrx_word' id='word_1_366' title='bbox 1030 4283 1168 4336; x_wconf 85' lang='lat' dir='ltr'><strong>virili</strong></span> <span class='ocrx_word' id='word_1_367' title='bbox 1189 4292 1276 4338; x_wconf 91' lang='lat' dir='ltr'><strong>tua</strong></span> <span class='ocrx_word' id='word_1_368' title='bbox 1301 4283 1549 4338; x_wconf 92' lang='lat' dir='ltr'><strong>omnibus</strong></span> <span class='ocrx_word' id='word_1_369' title='bbox 1577 4284 1628 4338; x_wconf 93' lang='lat' dir='ltr'><strong>in</strong></span> <span class='ocrx_word' id='word_1_370' title='bbox 1653 4285 1815 4340; x_wconf 90' lang='lat' dir='ltr'><strong>rebus</strong></span> 
     </span>
    </p>
   </div>
   <div class='ocr_carea' id='block_1_47' title="bbox 220 4371 1816 4448">
    <p class='ocr_par' dir='ltr' id='par_1_47' title="bbox 220 4371 1816 4448">
     <span class='ocr_line' id='line_1_47' title="bbox 220 4371 1816 4448; baseline 0.005 -24"><span class='ocrx_word' id='word_1_371' title='bbox 220 4371 267 4424; x_wconf 91' lang='lat' dir='ltr'><strong>ei</strong></span> <span class='ocrx_word' id='word_1_372' title='bbox 298 4379 490 4441; x_wconf 90' lang='lat' dir='ltr'><strong>portus</strong></span> <span class='ocrx_word' id='word_1_373' title='bbox 512 4371 629 4426; x_wconf 93' lang='lat' dir='ltr'><strong>loco</strong></span> <span class='ocrx_word' id='word_1_374' title='bbox 654 4372 749 4427; x_wconf 90' lang='lat' dir='ltr'><strong>sis.</strong></span> <span class='ocrx_word' id='word_1_375' title='bbox 793 4372 954 4428; x_wconf 86' lang='lat' dir='ltr'><strong>Multa</strong></span> <span class='ocrx_word' id='word_1_376' title='bbox 981 4374 1125 4429; x_wconf 90' lang='lat' dir='ltr'><strong>enim</strong></span> <span class='ocrx_word' id='word_1_377' title='bbox 1148 4389 1269 4431; x_wconf 90' lang='lat' dir='ltr'><strong>esse</strong></span> <span class='ocrx_word' id='word_1_378' title='bbox 1293 4375 1664 4444; x_wconf 86' lang='lat' dir='ltr'><strong>animadverti,</strong></span> <span class='ocrx_word' id='word_1_379' title='bbox 1695 4393 1816 4448; x_wconf 83' lang='lat' dir='ltr'><strong>quae</strong></span> 
     </span>
    </p>
   </div>
   <div class='ocr_carea' id='block_1_48' title="bbox 219 4462 884 4519">
    <p class='ocr_par' dir='ltr' id='par_1_48' title="bbox 219 4462 884 4519">
     <span class='ocr_line' id='line_1_48' title="bbox 219 4462 884 4519; baseline 0.003 -3"><span class='ocrx_word' id='word_1_380' title='bbox 219 4479 342 4516; x_wconf 83' lang='lat' dir='ltr'><strong>eum</strong></span> <span class='ocrx_word' id='word_1_381' title='bbox 371 4477 604 4519; x_wconf 65' lang='lat' dir='ltr'><strong>maerore</strong></span> <span class='ocrx_word' id='word_1_382' title='bbox 630 4462 884 4518; x_wconf 90' lang='lat' dir='ltr'><strong>afﬁciant.</strong></span> 
     </span>
    </p>
   </div>
   <div class='ocr_carea' id='block_1_49' title="bbox 218 4595 1816 4681">
    <p class='ocr_par' dir='ltr' id='par_1_49' title="bbox 218 4595 1816 4681">
     <span class='ocr_line' id='line_1_49' title="bbox 218 4595 1816 4681; baseline 0.008 -31"><span class='ocrx_word' id='word_1_383' title='bbox 218 4595 425 4651; x_wconf 87' lang='lat' dir='ltr'><strong><em>CXXX</em></strong></span> <span class='ocrx_word' id='word_1_384' title='bbox 437 4596 532 4651; x_wconf 84' lang='grc' dir='ltr'><strong>γι.</strong></span> <span class='ocrx_word' id='word_1_385' title='bbox 580 4597 839 4654; x_wconf 82' lang='lat' dir='ltr'><strong>Theodoto</strong></span> <span class='ocrx_word' id='word_1_386' title='bbox 879 4600 1054 4655; x_wconf 84' lang='lat' dir='ltr'><strong>lectori</strong></span> <span class='ocrx_word' id='word_1_387' title='bbox 1082 4604 1123 4656; x_wconf 80' lang='lat'><strong>‘.</strong></span> <span class='ocrx_word' id='word_1_388' title='bbox 1157 4602 1176 4674; x_wconf 98' lang='lat'>(</span> <span class='ocrx_word' id='word_1_389' title='bbox 1199 4603 1448 4660; x_wconf 82' lang='lat' dir='ltr'><strong>Arabisso</strong></span> <span class='ocrx_word' id='word_1_390' title='bbox 1474 4620 1616 4661; x_wconf 89' lang='lat' dir='ltr'><strong>anno</strong></span> <span class='ocrx_word' id='word_1_391' title='bbox 1644 4606 1770 4662; x_wconf 75' lang='grc'>406.</span> <span class='ocrx_word' id='word_1_392' title='bbox 1794 4606 1816 4681; x_wconf 91' lang='grc'>)</span> 
     </span>
    </p>
   </div>
   <div class='ocr_carea' id='block_1_50' title="bbox 291 4732 1818 4808">
    <p class='ocr_par' dir='ltr' id='par_1_50' title="bbox 291 4732 1818 4808">
     <span class='ocr_line' id='line_1_50' title="bbox 291 4732 1818 4808; baseline 0.007 -21"><span class='ocrx_word' id='word_1_393' title='bbox 291 4732 433 4787; x_wconf 84' lang='lat' dir='ltr'><strong>Nihil</strong></span> <span class='ocrx_word' id='word_1_394' title='bbox 481 4743 582 4800; x_wconf 92' lang='lat' dir='ltr'><strong>est,</strong></span> <span class='ocrx_word' id='word_1_395' title='bbox 614 4737 962 4806; x_wconf 87' lang='lat' dir='ltr'><strong>quamobrem</strong></span> <span class='ocrx_word' id='word_1_396' title='bbox 1008 4752 1076 4793; x_wconf 89' lang='lat' dir='ltr'><strong>eo</strong></span> <span class='ocrx_word' id='word_1_397' title='bbox 1104 4739 1245 4808; x_wconf 89' lang='lat' dir='ltr'><strong>quod</strong></span> <span class='ocrx_word' id='word_1_398' title='bbox 1273 4741 1532 4797; x_wconf 89' lang='lat' dir='ltr'><strong>maturius</strong></span> <span class='ocrx_word' id='word_1_399' title='bbox 1569 4743 1693 4798; x_wconf 92' lang='lat' dir='ltr'><strong>hinc</strong></span> <span class='ocrx_word' id='word_1_400' title='bbox 1721 4744 1818 4798; x_wconf 91' lang='lat' dir='ltr'><strong>ab-</strong></span> 
     </span>
    </p>
   </div>
   <div class='ocr_carea' id='block_1_51' title="bbox 219 4826 1816 4900">
    <p class='ocr_par' dir='ltr' id='par_1_51' title="bbox 219 4826 1816 4900">
     <span class='ocr_line' id='line_1_51' title="bbox 219 4826 1816 4900; baseline 0.008 -22"><span class='ocrx_word' id='word_1_401' title='bbox 219 4826 501 4892; x_wconf 81' lang='lat' dir='ltr'><strong>scesseris,</strong></span> <span class='ocrx_word' id='word_1_402' title='bbox 525 4829 920 4884; x_wconf 80' lang='lat' dir='ltr'><strong>excusationem</strong></span> <span class='ocrx_word' id='word_1_403' title='bbox 952 4845 1184 4900; x_wconf 79' lang='lat' dir='ltr'><strong>quaeras,</strong></span> <span class='ocrx_word' id='word_1_404' title='bbox 1214 4846 1276 4886; x_wconf 91' lang='lat' dir='ltr'><strong>ac</strong></span> <span class='ocrx_word' id='word_1_405' title='bbox 1299 4838 1407 4886; x_wconf 91' lang='lat' dir='ltr'><strong>tum</strong></span> <span class='ocrx_word' id='word_1_406' title='bbox 1434 4832 1501 4886; x_wconf 90' lang='lat' dir='ltr'><strong>ad</strong></span> <span class='ocrx_word' id='word_1_407' title='bbox 1539 4833 1816 4890; x_wconf 92' lang='lat' dir='ltr'><strong>oculorum</strong></span> 
     </span>
    </p>
   </div>
   <div class='ocr_carea' id='block_1_52' title="bbox 217 4919 1819 4998">
    <p class='ocr_par' dir='ltr' id='par_1_52' title="bbox 217 4919 1819 4998">
     <span class='ocr_line' id='line_1_52' title="bbox 217 4919 1819 4998; baseline 0.009 -28"><span class='ocrx_word' id='word_1_408' title='bbox 217 4919 609 4985; x_wconf 85' lang='lat' dir='ltr'><strong>infirmitatem,</strong></span> <span class='ocrx_word' id='word_1_409' title='bbox 663 4929 774 4974; x_wconf 90' lang='lat' dir='ltr'><strong>tum</strong></span> <span class='ocrx_word' id='word_1_410' title='bbox 819 4922 885 4976; x_wconf 90' lang='lat' dir='ltr'><strong>ad</strong></span> <span class='ocrx_word' id='word_1_411' title='bbox 918 4923 1022 4977; x_wconf 86' lang='lat' dir='ltr'><strong>vim</strong></span> <span class='ocrx_word' id='word_1_412' title='bbox 1056 4922 1266 4994; x_wconf 83' lang='lat' dir='ltr'><strong>frigoris</strong></span> <span class='ocrx_word' id='word_1_413' title='bbox 1310 4925 1607 4996; x_wconf 78' lang='lat' dir='ltr'><strong>confugias,</strong></span> <span class='ocrx_word' id='word_1_414' title='bbox 1648 4928 1819 4998; x_wconf 86' lang='lat' dir='ltr'><strong>iisque</strong></span> 
     </span>
    </p>
   </div>
   <div class='ocr_carea' id='block_1_53' title="bbox 222 5009 1818 5083">
    <p class='ocr_par' dir='ltr' id='par_1_53' title="bbox 222 5009 1818 5083">
     <span class='ocr_line' id='line_1_53' title="bbox 222 5009 1818 5083; baseline 0.007 -20"><span class='ocrx_word' id='word_1_415' title='bbox 222 5009 525 5065; x_wconf 85' lang='lat' dir='ltr'><strong>discessum</strong></span> <span class='ocrx_word' id='word_1_416' title='bbox 570 5022 715 5066; x_wconf 91' lang='lat' dir='ltr'><strong>tuum</strong></span> <span class='ocrx_word' id='word_1_417' title='bbox 747 5013 1038 5069; x_wconf 84' lang='lat' dir='ltr'><strong>adscrihas.</strong></span> <span class='ocrx_word' id='word_1_418' title='bbox 1071 5013 1178 5070; x_wconf 92' lang='lat' dir='ltr'><strong>Nos</strong></span> <span class='ocrx_word' id='word_1_419' title='bbox 1207 5017 1348 5071; x_wconf 91' lang='lat' dir='ltr'><strong>enim</strong></span> <span class='ocrx_word' id='word_1_420' title='bbox 1391 5026 1460 5083; x_wconf 90' lang='lat' dir='ltr'><strong>te,</strong></span> <span class='ocrx_word' id='word_1_421' title='bbox 1507 5034 1610 5072; x_wconf 91' lang='lat' dir='ltr'><strong>non</strong></span> <span class='ocrx_word' id='word_1_422' title='bbox 1643 5019 1818 5076; x_wconf 91' lang='lat' dir='ltr'><strong>minus</strong></span> 
     </span>
    </p>
   </div>
   <div class='ocr_carea' id='block_1_54' title="bbox 220 5104 1816 5177">
    <p class='ocr_par' dir='ltr' id='par_1_54' title="bbox 220 5104 1816 5177">
     <span class='ocr_line' id='line_1_54' title="bbox 220 5104 1816 5177; baseline 0.008 -23"><span class='ocrx_word' id='word_1_423' title='bbox 220 5119 385 5173; x_wconf 90' lang='lat' dir='ltr'><strong>quam</strong></span> <span class='ocrx_word' id='word_1_424' title='bbox 407 5104 656 5170; x_wconf 89' lang='lat' dir='ltr'><strong>antehae,</strong></span> <span class='ocrx_word' id='word_1_425' title='bbox 686 5106 875 5161; x_wconf 88' lang='lat' dir='ltr'><strong>adesse</strong></span> <span class='ocrx_word' id='word_1_426' title='bbox 901 5123 964 5161; x_wconf 88' lang='lat' dir='ltr'><strong>ac</strong></span> <span class='ocrx_word' id='word_1_427' title='bbox 985 5109 1258 5176; x_wconf 84' lang='lat' dir='ltr'><strong>nobiscum</strong></span> <span class='ocrx_word' id='word_1_428' title='bbox 1289 5111 1488 5165; x_wconf 89' lang='lat' dir='ltr'><strong>versari</strong></span> <span class='ocrx_word' id='word_1_429' title='bbox 1515 5127 1816 5177; x_wconf 91' lang='lat' dir='ltr'><strong>censemus,</strong></span> 
     </span>
    </p>
   </div>
   <div class='ocr_carea' id='block_1_55' title="bbox 222 5195 1818 5274">
    <p class='ocr_par' dir='ltr' id='par_1_55' title="bbox 222 5195 1818 5274">
     <span class='ocr_line' id='line_1_55' title="bbox 222 5195 1818 5274; baseline 0.007 -26"><span class='ocrx_word' id='word_1_430' title='bbox 222 5209 289 5248; x_wconf 91' lang='lat' dir='ltr'><strong>ex</strong></span> <span class='ocrx_word' id='word_1_431' title='bbox 313 5195 534 5251; x_wconf 88' lang='lat' dir='ltr'><strong>caritate</strong></span> <span class='ocrx_word' id='word_1_432' title='bbox 551 5196 798 5252; x_wconf 82' lang='lat' dir='ltr'><strong>videlicet</strong></span> <span class='ocrx_word' id='word_1_433' title='bbox 828 5198 877 5252; x_wconf 91' lang='lat' dir='ltr'><strong>id</strong></span> <span class='ocrx_word' id='word_1_434' title='bbox 901 5201 1291 5270; x_wconf 89' lang='lat' dir='ltr'><strong>perpendentes</strong></span> <span class='ocrx_word' id='word_1_435' title='bbox 1317 5219 1328 5254; x_wconf 94' lang='lat'>:</span> <span class='ocrx_word' id='word_1_436' title='bbox 1363 5203 1651 5273; x_wconf 88' lang='lat' dir='ltr'><strong>quinetiam</strong></span> <span class='ocrx_word' id='word_1_437' title='bbox 1669 5220 1818 5274; x_wconf 89' lang='lat' dir='ltr'><strong>spem</strong></span> 
     </span>
    </p>
   </div>
   <div class='ocr_carea' id='block_1_56' title="bbox 225 5287 1815 5365">
    <p class='ocr_par' dir='ltr' id='par_1_56' title="bbox 225 5287 1815 5365">
     <span class='ocr_line' id='line_1_56' title="bbox 225 5287 1815 5365; baseline 0.008 -26"><span class='ocrx_word' id='word_1_438' title='bbox 225 5287 488 5344; x_wconf 85' lang='lat' dir='ltr'><strong>habemus</strong></span> <span class='ocrx_word' id='word_1_439' title='bbox 516 5289 648 5354; x_wconf 83' lang='lat' dir='ltr'><strong>fore,</strong></span> <span class='ocrx_word' id='word_1_440' title='bbox 681 5301 738 5345; x_wconf 92' lang='lat' dir='ltr'><strong>ut</strong></span> <span class='ocrx_word' id='word_1_441' title='bbox 777 5293 1062 5362; x_wconf 88' lang='lat' dir='ltr'><strong>aliquando</strong></span> <span class='ocrx_word' id='word_1_442' title='bbox 1101 5310 1389 5365; x_wconf 89' lang='lat' dir='ltr'><strong>congressu</strong></span> <span class='ocrx_word' id='word_1_443' title='bbox 1431 5305 1521 5350; x_wconf 89' lang='lat' dir='ltr'><strong>tuo</strong></span> <span class='ocrx_word' id='word_1_444' title='bbox 1560 5297 1815 5353; x_wconf 88' lang='lat' dir='ltr'><strong>fruamur.</strong></span> 
     </span>
    </p>
   </div>
   <div class='ocr_carea' id='block_1_57' title="bbox 225 5373 1819 5453">
    <p class='ocr_par' dir='ltr' id='par_1_57' title="bbox 225 5373 1819 5453">
     <span class='ocr_line' id='line_1_57' title="bbox 225 5373 1819 5453; baseline 0.006 -20"><span class='ocrx_word' id='word_1_445' title='bbox 225 5378 488 5444; x_wconf 83' lang='lat' dir='ltr'><strong>Quocirca</strong></span> <span class='ocrx_word' id='word_1_446' title='bbox 533 5381 664 5439; x_wconf 90' lang='lat' dir='ltr'><strong>nihil</strong></span> <span class='ocrx_word' id='word_1_447' title='bbox 713 5391 765 5438; x_wconf 89' lang='lat' dir='ltr'><strong>te</strong></span> <span class='ocrx_word' id='word_1_448' title='bbox 814 5383 1004 5440; x_wconf 91' lang='lat' dir='ltr'><strong>horum</strong></span> <span class='ocrx_word' id='word_1_449' title='bbox 1050 5379 1348 5442; x_wconf 83' lang='lat' dir='ltr'><strong>conturbet.</strong></span> <span class='ocrx_word' id='word_1_450' title='bbox 1397 5373 1649 5453; x_wconf 81' lang='lat' dir='ltr'><strong>Quamvis</strong></span> <span class='ocrx_word' id='word_1_451' title='bbox 1678 5389 1819 5444; x_wconf 88' lang='lat' dir='ltr'><strong>enim</strong></span> 
     </span>
    </p>
   </div>
   <div class='ocr_carea' id='block_1_58' title="bbox 295 5514 913 5576">
    <p class='ocr_par' dir='ltr' id='par_1_58' title="bbox 295 5514 913 5576">
     <span class='ocr_line' id='line_1_58' title="bbox 295 5514 913 5576; baseline 0.008 -13"><span class='ocrx_word' id='word_1_452' title='bbox 295 5517 312 5576; x_wconf 55' lang='grc' dir='ltr'>ξ</span> <span class='ocrx_word' id='word_1_453' title='bbox 344 5514 558 5576; x_wconf 78' lang='lat' dir='ltr'><strong>mislin.,</strong></span> <span class='ocrx_word' id='word_1_454' title='bbox 583 5519 913 5569; x_wconf 72' lang='lat' dir='ltr'><strong>ducentorum.</strong></span> 
     </span>
    </p>
   </div>
   <div class='ocr_carea' id='block_1_59' title="bbox 296 5574 962 5642">
    <p class='ocr_par' dir='ltr' id='par_1_59' title="bbox 296 5574 962 5642">
     <span class='ocr_line' id='line_1_59' title="bbox 296 5574 962 5642; baseline 0.009 -16"><span class='ocrx_word' id='word_1_455' title='bbox 296 5574 313 5606; x_wconf 74' lang='lat'>&#39;</span> <span class='ocrx_word' id='word_1_456' title='bbox 345 5581 504 5629; x_wconf 71' lang='lat' dir='ltr'><strong>Culex</strong></span> <span class='ocrx_word' id='word_1_457' title='bbox 531 5574 719 5642; x_wconf 61' lang='lat' dir='ltr'><strong>Regius,</strong></span> <span class='ocrx_word' id='word_1_458' title='bbox 746 5583 962 5634; x_wconf 67' lang='lat' dir='ltr'><strong>diacono.</strong></span> 
     </span>
    </p>
   </div>
   <div class='ocr_carea' id='block_1_60' title="bbox 1713 123 2082 185">
    <p class='ocr_par' dir='ltr' id='par_1_60' title="bbox 1713 123 2082 185">
     <span class='ocr_line' id='line_1_60' title="bbox 1713 123 2082 185; baseline 0.019 -7"><span class='ocrx_word' id='word_1_459' title='bbox 1713 123 2082 185; x_wconf 65' lang='grc' dir='ltr'><strong>ΕΡΙὸΤΟΙιᾸζ.</strong></span> 
     </span>
    </p>
   </div>
   <div class='ocr_carea' id='block_1_61' title="bbox 1929 338 3526 429">
    <p class='ocr_par' dir='ltr' id='par_1_61' title="bbox 1929 338 3526 429">
     <span class='ocr_line' id='line_1_61' title="bbox 1929 338 3526 429; baseline 0.018 -39"><span class='ocrx_word' id='word_1_460' title='bbox 1929 338 2108 394; x_wconf 82' lang='lat' dir='ltr'><strong>animo</strong></span> <span class='ocrx_word' id='word_1_461' title='bbox 2133 351 2317 399; x_wconf 89' lang='lat' dir='ltr'><strong>nostro</strong></span> <span class='ocrx_word' id='word_1_462' title='bbox 2343 346 2502 415; x_wconf 91' lang='lat' dir='ltr'><strong>ejecit</strong></span> <span class='ocrx_word' id='word_1_463' title='bbox 2522 390 2539 416; x_wconf 96' lang='lat'><strong>,</strong></span> <span class='ocrx_word' id='word_1_464' title='bbox 2571 355 2754 420; x_wconf 85' lang='lat' dir='ltr'><strong>utpOte</strong></span> <span class='ocrx_word' id='word_1_465' title='bbox 2783 368 2941 422; x_wconf 88' lang='lat' dir='ltr'><strong>quem</strong></span> <span class='ocrx_word' id='word_1_466' title='bbox 2963 367 3157 414; x_wconf 87' lang='lat' dir='ltr'><strong>mente</strong></span> <span class='ocrx_word' id='word_1_467' title='bbox 3183 373 3395 429; x_wconf 90' lang='lat' dir='ltr'><strong>semper</strong></span> <span class='ocrx_word' id='word_1_468' title='bbox 3423 379 3526 419; x_wconf 89' lang='lat' dir='ltr'><strong>no-</strong></span> 
     </span>
    </p>
   </div>
   <div class='ocr_carea' id='block_1_62' title="bbox 1927 427 3518 508">
    <p class='ocr_par' dir='ltr' id='par_1_62' title="bbox 1927 427 3518 508">
     <span class='ocr_line' id='line_1_62' title="bbox 1927 427 3518 508; baseline 0.017 -25"><span class='ocrx_word' id='word_1_469' title='bbox 1927 427 2131 484; x_wconf 92' lang='lat' dir='ltr'><strong>biscum</strong></span> <span class='ocrx_word' id='word_1_470' title='bbox 2157 433 2612 495; x_wconf 88' lang='lat' dir='ltr'><strong>circumferamus.</strong></span> <span class='ocrx_word' id='word_1_471' title='bbox 2645 444 2724 497; x_wconf 90' lang='lat' dir='ltr'><strong>Ac</strong></span> <span class='ocrx_word' id='word_1_472' title='bbox 2745 444 2845 499; x_wconf 91' lang='lat' dir='ltr'><strong>nisi</strong></span> <span class='ocrx_word' id='word_1_473' title='bbox 2873 445 3175 503; x_wconf 89' lang='lat' dir='ltr'><strong>Isaurorum</strong></span> <span class='ocrx_word' id='word_1_474' title='bbox 3206 427 3406 508; x_wconf 87' lang='lat' dir='ltr'><strong>bellum</strong></span> <span class='ocrx_word' id='word_1_475' title='bbox 3435 453 3518 508; x_wconf 89' lang='lat' dir='ltr'><strong>in-</strong></span> 
     </span>
    </p>
   </div>
   <div class='ocr_carea' id='block_1_63' title="bbox 1932 521 3524 613">
    <p class='ocr_par' dir='ltr' id='par_1_63' title="bbox 1932 521 3524 613">
     <span class='ocr_line' id='line_1_63' title="bbox 1932 521 3524 613; baseline 0.016 -40"><span class='ocrx_word' id='word_1_476' title='bbox 1932 521 2180 578; x_wconf 91' lang='lat' dir='ltr'><strong>terclusis</strong></span> <span class='ocrx_word' id='word_1_477' title='bbox 2223 527 2470 582; x_wconf 88' lang='lat' dir='ltr'><strong>omnibus</strong></span> <span class='ocrx_word' id='word_1_478' title='bbox 2511 530 2789 589; x_wconf 90' lang='lat' dir='ltr'><strong>itineribus</strong></span> <span class='ocrx_word' id='word_1_479' title='bbox 2824 535 2876 589; x_wconf 92' lang='lat' dir='ltr'><strong>in</strong></span> <span class='ocrx_word' id='word_1_480' title='bbox 2919 537 3315 596; x_wconf 87' lang='lat' dir='ltr'><strong>tabellariorum</strong></span> <span class='ocrx_word' id='word_1_481' title='bbox 3352 558 3524 613; x_wconf 86' lang='lat' dir='ltr'><strong>penn-</strong></span> 
     </span>
    </p>
   </div>
   <div class='ocr_carea' id='block_1_64' title="bbox 1927 613 3521 696">
    <p class='ocr_par' dir='ltr' id='par_1_64' title="bbox 1927 613 3521 696">
     <span class='ocr_line' id='line_1_64' title="bbox 1927 613 3521 696; baseline 0.014 -28"><span class='ocrx_word' id='word_1_482' title='bbox 1927 613 2062 669; x_wconf 87' lang='lat' dir='ltr'><strong>riam</strong></span> <span class='ocrx_word' id='word_1_483' title='bbox 2104 631 2200 671; x_wconf 90' lang='lat' dir='ltr'><strong>nos</strong></span> <span class='ocrx_word' id='word_1_484' title='bbox 2253 618 2579 688; x_wconf 83' lang='lat' dir='ltr'><strong>adduxisset,</strong></span> <span class='ocrx_word' id='word_1_485' title='bbox 2623 623 3085 696; x_wconf 83' lang='lat' dir='ltr'><strong>frequentissimas</strong></span> <span class='ocrx_word' id='word_1_486' title='bbox 3131 632 3199 686; x_wconf 87' lang='lat' dir='ltr'><strong>ad</strong></span> <span class='ocrx_word' id='word_1_487' title='bbox 3240 641 3292 688; x_wconf 93' lang='lat' dir='ltr'><strong>te</strong></span> <span class='ocrx_word' id='word_1_488' title='bbox 3340 634 3521 691; x_wconf 92' lang='lat' dir='ltr'><strong>literas</strong></span> 
     </span>
    </p>
   </div>
   <div class='ocr_carea' id='block_1_65' title="bbox 1929 705 3518 794">
    <p class='ocr_par' dir='ltr' id='par_1_65' title="bbox 1929 705 3518 794">
     <span class='ocr_line' id='line_1_65' title="bbox 1929 705 3518 794; baseline 0.014 -36"><span class='ocrx_word' id='word_1_489' title='bbox 1929 705 2280 765; x_wconf 90' lang='lat' dir='ltr'><strong>misissemus.</strong></span> <span class='ocrx_word' id='word_1_490' title='bbox 2338 710 2490 767; x_wconf 90' lang='lat' dir='ltr'><strong>Nune</strong></span> <span class='ocrx_word' id='word_1_491' title='bbox 2531 724 2706 770; x_wconf 90' lang='lat' dir='ltr'><strong>autem</strong></span> <span class='ocrx_word' id='word_1_492' title='bbox 2761 718 2937 789; x_wconf 85' lang='lat' dir='ltr'><strong>lingua</strong></span> <span class='ocrx_word' id='word_1_493' title='bbox 2990 722 3204 792; x_wconf 86' lang='lat' dir='ltr'><strong>quidem</strong></span> <span class='ocrx_word' id='word_1_494' title='bbox 3257 727 3518 794; x_wconf 89' lang='lat' dir='ltr'><strong>superiori</strong></span> 
     </span>
    </p>
   </div>
   <div class='ocr_carea' id='block_1_66' title="bbox 1929 800 3518 877">
    <p class='ocr_par' dir='ltr' id='par_1_66' title="bbox 1929 800 3518 877">
     <span class='ocr_line' id='line_1_66' title="bbox 1929 800 3518 877; baseline 0.014 -29"><span class='ocrx_word' id='word_1_495' title='bbox 1929 802 2169 866; x_wconf 90' lang='lat' dir='ltr'><strong>tempore</strong></span> <span class='ocrx_word' id='word_1_496' title='bbox 2210 800 2503 868; x_wconf 86' lang='lat' dir='ltr'><strong>tacuimus;</strong></span> <span class='ocrx_word' id='word_1_497' title='bbox 2533 806 2710 860; x_wconf 90' lang='lat' dir='ltr'><strong>animo</strong></span> <span class='ocrx_word' id='word_1_498' title='bbox 2741 818 2948 877; x_wconf 90' lang='lat' dir='ltr'><strong>autem,</strong></span> <span class='ocrx_word' id='word_1_499' title='bbox 2988 827 3092 865; x_wconf 89' lang='lat' dir='ltr'><strong>non</strong></span> <span class='ocrx_word' id='word_1_500' title='bbox 3126 813 3248 868; x_wconf 87' lang='lat' dir='ltr'><strong>item</strong></span> <span class='ocrx_word' id='word_1_501' title='bbox 3277 832 3290 867; x_wconf 87' lang='lat'><strong>:</strong></span> <span class='ocrx_word' id='word_1_502' title='bbox 3333 831 3518 871; x_wconf 85' lang='lat' dir='ltr'><strong>verum</strong></span> 
     </span>
    </p>
   </div>
   <div class='ocr_carea' id='block_1_67' title="bbox 1928 894 3517 976">
    <p class='ocr_par' dir='ltr' id='par_1_67' title="bbox 1928 894 3517 976">
     <span class='ocr_line' id='line_1_67' title="bbox 1928 894 3517 976; baseline 0.013 -37"><span class='ocrx_word' id='word_1_503' title='bbox 1928 894 1982 940; x_wconf 89' lang='lat' dir='ltr'><strong>te</strong></span> <span class='ocrx_word' id='word_1_504' title='bbox 2007 897 2224 959; x_wconf 89' lang='lat' dir='ltr'><strong>semper</strong></span> <span class='ocrx_word' id='word_1_505' title='bbox 2253 901 2477 962; x_wconf 89' lang='lat' dir='ltr'><strong>tuasque</strong></span> <span class='ocrx_word' id='word_1_506' title='bbox 2505 909 2594 950; x_wconf 89' lang='lat' dir='ltr'><strong>res</strong></span> <span class='ocrx_word' id='word_1_507' title='bbox 2618 897 2805 953; x_wconf 91' lang='lat' dir='ltr'><strong>sedulo</strong></span> <span class='ocrx_word' id='word_1_508' title='bbox 2847 915 3097 958; x_wconf 87' lang='lat' dir='ltr'><strong>curamus</strong></span> <span class='ocrx_word' id='word_1_509' title='bbox 3120 944 3134 969; x_wconf 93' lang='lat'><strong>,</strong></span> <span class='ocrx_word' id='word_1_510' title='bbox 3165 913 3220 959; x_wconf 94' lang='lat' dir='ltr'><strong>et</strong></span> <span class='ocrx_word' id='word_1_511' title='bbox 3261 917 3517 976; x_wconf 82' lang='lat' dir='ltr'><strong>quantum</strong></span> 
     </span>
    </p>
   </div>
   <div class='ocr_carea' id='block_1_68' title="bbox 1926 979 3516 1062">
    <p class='ocr_par' dir='ltr' id='par_1_68' title="bbox 1926 979 3516 1062">
     <span class='ocr_line' id='line_1_68' title="bbox 1926 979 3516 1062; baseline 0.013 -29"><span class='ocrx_word' id='word_1_512' title='bbox 1926 979 1978 1033; x_wconf 90' lang='lat' dir='ltr'><strong>in</strong></span> <span class='ocrx_word' id='word_1_513' title='bbox 2027 981 2181 1036; x_wconf 90' lang='lat' dir='ltr'><strong>nobis</strong></span> <span class='ocrx_word' id='word_1_514' title='bbox 2221 982 2340 1050; x_wconf 91' lang='lat' dir='ltr'><strong>fuit,</strong></span> <span class='ocrx_word' id='word_1_515' title='bbox 2384 987 2682 1056; x_wconf 82' lang='lat' dir='ltr'><strong>saepissime</strong></span> <span class='ocrx_word' id='word_1_516' title='bbox 2727 981 3058 1061; x_wconf 84' lang='lat' dir='ltr'><strong>scripsimus.</strong></span> <span class='ocrx_word' id='word_1_517' title='bbox 3103 995 3233 1062; x_wconf 76' lang='lat' dir='ltr'><strong>Quze</strong></span> <span class='ocrx_word' id='word_1_518' title='bbox 3279 1012 3398 1052; x_wconf 88' lang='lat' dir='ltr'><strong>cum</strong></span> <span class='ocrx_word' id='word_1_519' title='bbox 3446 1001 3516 1053; x_wconf 87' lang='lat' dir='ltr'><strong>ita</strong></span> 
     </span>
    </p>
   </div>
   <div class='ocr_carea' id='block_1_69' title="bbox 1924 1070 3506 1156">
    <p class='ocr_par' dir='ltr' id='par_1_69' title="bbox 1924 1070 3506 1156">
     <span class='ocr_line' id='line_1_69' title="bbox 1924 1070 3506 1156; baseline 0.011 -32"><span class='ocrx_word' id='word_1_520' title='bbox 1924 1070 2052 1136; x_wconf 85' lang='lat' dir='ltr'><strong>sint,</strong></span> <span class='ocrx_word' id='word_1_521' title='bbox 2075 1072 2236 1127; x_wconf 90' lang='lat' dir='ltr'><strong>velim</strong></span> <span class='ocrx_word' id='word_1_522' title='bbox 2263 1074 2335 1128; x_wconf 92' lang='lat' dir='ltr'><strong>ita</strong></span> <span class='ocrx_word' id='word_1_523' title='bbox 2361 1077 2634 1132; x_wconf 84' lang='lat' dir='ltr'><strong>existimes</strong></span> <span class='ocrx_word' id='word_1_524' title='bbox 2660 1087 2713 1133; x_wconf 92' lang='lat' dir='ltr'><strong>te</strong></span> <span class='ocrx_word' id='word_1_525' title='bbox 2739 1081 3014 1137; x_wconf 89' lang='lat' dir='ltr'><strong>nobiscum</strong></span> <span class='ocrx_word' id='word_1_526' title='bbox 3042 1099 3183 1151; x_wconf 90' lang='lat' dir='ltr'><strong>esse,</strong></span> <span class='ocrx_word' id='word_1_527' title='bbox 3217 1103 3427 1156; x_wconf 87' lang='lat' dir='ltr'><strong>unaque</strong></span> <span class='ocrx_word' id='word_1_528' title='bbox 3455 1088 3506 1142; x_wconf 91' lang='lat' dir='ltr'><strong>in</strong></span> 
     </span>
    </p>
   </div>
   <div class='ocr_carea' id='block_1_70' title="bbox 1923 1161 3512 1248">
    <p class='ocr_par' dir='ltr' id='par_1_70' title="bbox 1923 1161 3512 1248">
     <span class='ocr_line' id='line_1_70' title="bbox 1923 1161 3512 1248; baseline 0.013 -34"><span class='ocrx_word' id='word_1_529' title='bbox 1923 1161 2175 1218; x_wconf 83' lang='lat' dir='ltr'><strong>Armenia</strong></span> <span class='ocrx_word' id='word_1_530' title='bbox 2195 1169 2534 1222; x_wconf 90' lang='lat' dir='ltr'><strong>commorari.</strong></span> <span class='ocrx_word' id='word_1_531' title='bbox 2556 1168 2706 1237; x_wconf 90' lang='lat' dir='ltr'><strong>Quod</strong></span> <span class='ocrx_word' id='word_1_532' title='bbox 2729 1173 2773 1226; x_wconf 93' lang='lat' dir='ltr'><strong>si</strong></span> <span class='ocrx_word' id='word_1_533' title='bbox 2795 1175 2912 1242; x_wconf 90' lang='lat' dir='ltr'><strong>quis</strong></span> <span class='ocrx_word' id='word_1_534' title='bbox 2934 1175 3025 1230; x_wconf 92' lang='lat' dir='ltr'><strong>tibi</strong></span> <span class='ocrx_word' id='word_1_535' title='bbox 3044 1176 3261 1233; x_wconf 88' lang='lat' dir='ltr'><strong>insidias</strong></span> <span class='ocrx_word' id='word_1_536' title='bbox 3282 1189 3512 1248; x_wconf 89' lang='lat' dir='ltr'><strong>struere,</strong></span> 
     </span>
    </p>
   </div>
   <div class='ocr_carea' id='block_1_71' title="bbox 1924 1254 3507 1339">
    <p class='ocr_par' dir='ltr' id='par_1_71' title="bbox 1924 1254 3507 1339">
     <span class='ocr_line' id='line_1_71' title="bbox 1924 1254 3507 1339; baseline 0.013 -35"><span class='ocrx_word' id='word_1_537' title='bbox 1924 1258 2081 1321; x_wconf 86' lang='lat' dir='ltr'><strong>teque</strong></span> <span class='ocrx_word' id='word_1_538' title='bbox 2105 1254 2441 1312; x_wconf 90' lang='lat' dir='ltr'><strong>incommodo</strong></span> <span class='ocrx_word' id='word_1_539' title='bbox 2467 1258 2645 1330; x_wconf 86' lang='lat' dir='ltr'><strong>aliquo</strong></span> <span class='ocrx_word' id='word_1_540' title='bbox 2670 1261 2884 1319; x_wconf 78' lang='lat' dir='ltr'><strong>allicere</strong></span> <span class='ocrx_word' id='word_1_541' title='bbox 2903 1273 3146 1332; x_wconf 80' lang='lat' dir='ltr'><strong>conetur,</strong></span> <span class='ocrx_word' id='word_1_542' title='bbox 3171 1268 3236 1321; x_wconf 85' lang='lat' dir='ltr'><strong>da</strong></span> <span class='ocrx_word' id='word_1_543' title='bbox 3268 1283 3507 1339; x_wconf 90' lang='lat' dir='ltr'><strong>operam,</strong></span> 
     </span>
    </p>
   </div>
   <div class='ocr_carea' id='block_1_72' title="bbox 1925 1341 3516 1436">
    <p class='ocr_par' dir='ltr' id='par_1_72' title="bbox 1925 1341 3516 1436">
     <span class='ocr_line' id='line_1_72' title="bbox 1925 1341 3516 1436; baseline 0.014 -41"><span class='ocrx_word' id='word_1_544' title='bbox 1925 1349 1980 1396; x_wconf 92' lang='lat' dir='ltr'><strong>ut</strong></span> <span class='ocrx_word' id='word_1_545' title='bbox 2022 1341 2324 1412; x_wconf 88' lang='lat' dir='ltr'><strong>hujusmodi</strong></span> <span class='ocrx_word' id='word_1_546' title='bbox 2370 1349 2553 1404; x_wconf 90' lang='lat' dir='ltr'><strong>omnia</strong></span> <span class='ocrx_word' id='word_1_547' title='bbox 2601 1351 2703 1405; x_wconf 90' lang='lat' dir='ltr'><strong>tela</strong></span> <span class='ocrx_word' id='word_1_548' title='bbox 2738 1353 2756 1384; x_wconf 83' lang='grc'>¹</span> <span class='ocrx_word' id='word_1_549' title='bbox 2787 1368 3047 1424; x_wconf 89' lang='lat' dir='ltr'><strong>superes:</strong></span> <span class='ocrx_word' id='word_1_550' title='bbox 3089 1359 3516 1436; x_wconf 80' lang='lat' dir='ltr'><strong>quandoquidem</strong></span> 
     </span>
    </p>
   </div>
   <div class='ocr_carea' id='block_1_73' title="bbox 1923 1435 3520 1515">
    <p class='ocr_par' dir='ltr' id='par_1_73' title="bbox 1923 1435 3520 1515">
     <span class='ocr_line' id='line_1_73' title="bbox 1923 1435 3520 1515; baseline 0.013 -29"><span class='ocrx_word' id='word_1_551' title='bbox 1923 1448 2030 1487; x_wconf 91' lang='lat' dir='ltr'><strong>non</strong></span> <span class='ocrx_word' id='word_1_552' title='bbox 2069 1435 2258 1504; x_wconf 89' lang='lat' dir='ltr'><strong>injuria</strong></span> <span class='ocrx_word' id='word_1_553' title='bbox 2302 1437 2462 1506; x_wconf 86' lang='lat' dir='ltr'><strong>afﬁci,</strong></span> <span class='ocrx_word' id='word_1_554' title='bbox 2501 1439 2596 1495; x_wconf 91' lang='lat' dir='ltr'><strong>sed</strong></span> <span class='ocrx_word' id='word_1_555' title='bbox 2625 1441 2870 1512; x_wconf 89' lang='lat' dir='ltr'><strong>injuriam</strong></span> <span class='ocrx_word' id='word_1_556' title='bbox 2901 1446 3120 1515; x_wconf 91' lang='lat' dir='ltr'><strong>inferre,</strong></span> <span class='ocrx_word' id='word_1_557' title='bbox 3160 1435 3414 1505; x_wconf 89' lang='lat' dir='ltr'><strong>miserum</strong></span> <span class='ocrx_word' id='word_1_558' title='bbox 3455 1467 3520 1506; x_wconf 90' lang='lat' dir='ltr'><strong>ac</strong></span> 
     </span>
    </p>
   </div>
   <div class='ocr_carea' id='block_1_74' title="bbox 1923 1525 3518 1602">
    <p class='ocr_par' dir='ltr' id='par_1_74' title="bbox 1923 1525 3518 1602">
     <span class='ocr_line' id='line_1_74' title="bbox 1923 1525 3518 1602; baseline 0.011 -25"><span class='ocrx_word' id='word_1_559' title='bbox 1923 1525 2281 1593; x_wconf 88' lang='lat' dir='ltr'><strong>perniciosum</strong></span> <span class='ocrx_word' id='word_1_560' title='bbox 2321 1537 2422 1583; x_wconf 89' lang='lat' dir='ltr'><strong>est.</strong></span> <span class='ocrx_word' id='word_1_561' title='bbox 2458 1529 2568 1586; x_wconf 88' lang='lat' dir='ltr'><strong>Nos</strong></span> <span class='ocrx_word' id='word_1_562' title='bbox 2591 1533 2785 1602; x_wconf 90' lang='lat' dir='ltr'><strong>quippe</strong></span> <span class='ocrx_word' id='word_1_563' title='bbox 2825 1533 2927 1589; x_wconf 92' lang='lat' dir='ltr'><strong>hoc</strong></span> <span class='ocrx_word' id='word_1_564' title='bbox 2954 1535 3114 1590; x_wconf 89' lang='lat' dir='ltr'><strong>etiam</strong></span> <span class='ocrx_word' id='word_1_565' title='bbox 3159 1539 3375 1595; x_wconf 88' lang='lat' dir='ltr'><strong>nomine</strong></span> <span class='ocrx_word' id='word_1_566' title='bbox 3413 1541 3518 1595; x_wconf 90' lang='lat' dir='ltr'><strong>im-</strong></span> 
     </span>
    </p>
   </div>
   <div class='ocr_carea' id='block_1_75' title="bbox 1922 1615 3518 1694">
    <p class='ocr_par' dir='ltr' id='par_1_75' title="bbox 1922 1615 3518 1694">
     <span class='ocr_line' id='line_1_75' title="bbox 1922 1615 3518 1694; baseline 0.013 -27"><span class='ocrx_word' id='word_1_567' title='bbox 1922 1615 2136 1682; x_wconf 88' lang='lat' dir='ltr'><strong>pensius</strong></span> <span class='ocrx_word' id='word_1_568' title='bbox 2185 1625 2238 1671; x_wconf 90' lang='lat' dir='ltr'><strong>te</strong></span> <span class='ocrx_word' id='word_1_569' title='bbox 2282 1619 2629 1687; x_wconf 88' lang='lat' dir='ltr'><strong>admiramur,</strong></span> <span class='ocrx_word' id='word_1_570' title='bbox 2675 1624 2944 1694; x_wconf 90' lang='lat' dir='ltr'><strong>animique</strong></span> <span class='ocrx_word' id='word_1_571' title='bbox 2980 1628 3053 1681; x_wconf 92' lang='lat' dir='ltr'><strong>tui</strong></span> <span class='ocrx_word' id='word_1_572' title='bbox 3104 1629 3408 1686; x_wconf 88' lang='lat' dir='ltr'><strong>ﬁrmitatem</strong></span> <span class='ocrx_word' id='word_1_573' title='bbox 3454 1646 3518 1687; x_wconf 89' lang='lat' dir='ltr'><strong>ac</strong></span> 
     </span>
    </p>
   </div>
   <div class='ocr_carea' id='block_1_76' title="bbox 1922 1707 3513 1792">
    <p class='ocr_par' dir='ltr' id='par_1_76' title="bbox 1922 1707 3513 1792">
     <span class='ocr_line' id='line_1_76' title="bbox 1922 1707 3513 1792; baseline 0.011 -32"><span class='ocrx_word' id='word_1_574' title='bbox 1922 1707 2284 1766; x_wconf 87' lang='lat' dir='ltr'><strong>fortitudinem</strong></span> <span class='ocrx_word' id='word_1_575' title='bbox 2327 1712 2636 1780; x_wconf 89' lang='lat' dir='ltr'><strong>laudamus,</strong></span> <span class='ocrx_word' id='word_1_576' title='bbox 2667 1717 2806 1787; x_wconf 90' lang='lat' dir='ltr'><strong>quod</strong></span> <span class='ocrx_word' id='word_1_577' title='bbox 2867 1726 3010 1774; x_wconf 87' lang='lat' dir='ltr'><strong>tanta</strong></span> <span class='ocrx_word' id='word_1_578' title='bbox 3054 1729 3367 1792; x_wconf 90' lang='lat' dir='ltr'><strong>tempestate</strong></span> <span class='ocrx_word' id='word_1_579' title='bbox 3405 1725 3513 1778; x_wconf 91' lang='lat' dir='ltr'><strong>cir-</strong></span> 
     </span>
    </p>
   </div>
   <div class='ocr_carea' id='block_1_77' title="bbox 1920 1800 3514 1880">
    <p class='ocr_par' dir='ltr' id='par_1_77' title="bbox 1920 1800 3514 1880">
     <span class='ocr_line' id='line_1_77' title="bbox 1920 1800 3514 1880; baseline 0.009 -27"><span class='ocrx_word' id='word_1_580' title='bbox 1920 1800 2231 1869; x_wconf 90' lang='lat' dir='ltr'><strong>cumfusus,</strong></span> <span class='ocrx_word' id='word_1_581' title='bbox 2285 1805 2598 1861; x_wconf 90' lang='lat' dir='ltr'><strong>tumultibus</strong></span> <span class='ocrx_word' id='word_1_582' title='bbox 2648 1815 2828 1862; x_wconf 89' lang='lat' dir='ltr'><strong>tamen</strong></span> <span class='ocrx_word' id='word_1_583' title='bbox 2874 1809 2973 1875; x_wconf 91' lang='lat' dir='ltr'><strong>iis,</strong></span> <span class='ocrx_word' id='word_1_584' title='bbox 3025 1811 3116 1880; x_wconf 90' lang='lat' dir='ltr'><strong>qui</strong></span> <span class='ocrx_word' id='word_1_585' title='bbox 3167 1812 3290 1867; x_wconf 91' lang='lat' dir='ltr'><strong>hinc</strong></span> <span class='ocrx_word' id='word_1_586' title='bbox 3341 1815 3514 1869; x_wconf 83' lang='lat' dir='ltr'><strong>exorti</strong></span> 
     </span>
    </p>
   </div>
   <div class='ocr_carea' id='block_1_78' title="bbox 1920 1895 3508 1974">
    <p class='ocr_par' dir='ltr' id='par_1_78' title="bbox 1920 1895 3508 1974">
     <span class='ocr_line' id='line_1_78' title="bbox 1920 1895 3508 1974; baseline 0.009 -30"><span class='ocrx_word' id='word_1_587' title='bbox 1920 1900 2080 1959; x_wconf 89' lang='lat' dir='ltr'><strong>sunt,</strong></span> <span class='ocrx_word' id='word_1_588' title='bbox 2125 1895 2456 1962; x_wconf 89' lang='lat' dir='ltr'><strong>superiorem</strong></span> <span class='ocrx_word' id='word_1_589' title='bbox 2497 1904 2551 1951; x_wconf 91' lang='lat' dir='ltr'><strong>te</strong></span> <span class='ocrx_word' id='word_1_590' title='bbox 2589 1899 2880 1966; x_wconf 60' lang='lat' dir='ltr'><strong>pragbuisti.</strong></span> <span class='ocrx_word' id='word_1_591' title='bbox 2929 1901 3286 1966; x_wconf 89' lang='lat' dir='ltr'><strong>Quamobrem</strong></span> <span class='ocrx_word' id='word_1_592' title='bbox 3319 1919 3508 1974; x_wconf 83' lang='lat' dir='ltr'><strong>magna</strong></span> 
     </span>
    </p>
   </div>
   <div class='ocr_carea' id='block_1_79' title="bbox 1920 1984 3514 2065">
    <p class='ocr_par' dir='ltr' id='par_1_79' title="bbox 1920 1984 3514 2065">
     <span class='ocr_line' id='line_1_79' title="bbox 1920 1984 3514 2065; baseline 0.011 -30"><span class='ocrx_word' id='word_1_593' title='bbox 1920 1997 2040 2035; x_wconf 89' lang='lat' dir='ltr'><strong>cum</strong></span> <span class='ocrx_word' id='word_1_594' title='bbox 2071 1984 2341 2054; x_wconf 88' lang='lat' dir='ltr'><strong>voluptate</strong></span> <span class='ocrx_word' id='word_1_595' title='bbox 2372 1988 2718 2057; x_wconf 89' lang='lat' dir='ltr'><strong>tranquillum</strong></span> <span class='ocrx_word' id='word_1_596' title='bbox 2766 1989 2867 2044; x_wconf 87' lang='lat' dir='ltr'><strong>hoc</strong></span> <span class='ocrx_word' id='word_1_597' title='bbox 2901 1991 3270 2065; x_wconf 89' lang='lat' dir='ltr'><strong>placidumque</strong></span> <span class='ocrx_word' id='word_1_598' title='bbox 3299 1997 3514 2065; x_wconf 81' lang='lat' dir='ltr'><strong>pelagus</strong></span> 
     </span>
    </p>
   </div>
   <div class='ocr_carea' id='block_1_80' title="bbox 1921 2075 3514 2152">
    <p class='ocr_par' dir='ltr' id='par_1_80' title="bbox 1921 2075 3514 2152">
     <span class='ocr_line' id='line_1_80' title="bbox 1921 2075 3514 2152; baseline 0.01 -27"><span class='ocrx_word' id='word_1_599' title='bbox 1921 2075 2171 2144; x_wconf 86' lang='lat' dir='ltr'><strong>navigare</strong></span> <span class='ocrx_word' id='word_1_600' title='bbox 2199 2091 2380 2146; x_wconf 90' lang='lat' dir='ltr'><strong>perge.</strong></span> <span class='ocrx_word' id='word_1_601' title='bbox 2409 2076 2518 2132; x_wconf 87' lang='lat' dir='ltr'><strong>Nec</strong></span> <span class='ocrx_word' id='word_1_602' title='bbox 2543 2094 2672 2134; x_wconf 90' lang='lat' dir='ltr'><strong>vero</strong></span> <span class='ocrx_word' id='word_1_603' title='bbox 2697 2081 2929 2149; x_wconf 86' lang='lat' dir='ltr'><strong>mireris,</strong></span> <span class='ocrx_word' id='word_1_604' title='bbox 2963 2084 3127 2152; x_wconf 91' lang='lat' dir='ltr'><strong>quod,</strong></span> <span class='ocrx_word' id='word_1_605' title='bbox 3157 2099 3277 2139; x_wconf 90' lang='lat' dir='ltr'><strong>cum</strong></span> <span class='ocrx_word' id='word_1_606' title='bbox 3321 2091 3514 2141; x_wconf 86' lang='lat' dir='ltr'><strong>multas</strong></span> 
     </span>
    </p>
   </div>
   <div class='ocr_carea' id='block_1_81' title="bbox 1920 2166 3516 2248">
    <p class='ocr_par' dir='ltr' id='par_1_81' title="bbox 1920 2166 3516 2248">
     <span class='ocr_line' id='line_1_81' title="bbox 1920 2166 3516 2248; baseline 0.007 -29"><span class='ocrx_word' id='word_1_607' title='bbox 1920 2166 2142 2222; x_wconf 89' lang='lat' dir='ltr'><strong>insidias</strong></span> <span class='ocrx_word' id='word_1_608' title='bbox 2192 2183 2480 2235; x_wconf 90' lang='lat' dir='ltr'><strong>memores,</strong></span> <span class='ocrx_word' id='word_1_609' title='bbox 2529 2186 2628 2241; x_wconf 89' lang='lat' dir='ltr'><strong>ego</strong></span> <span class='ocrx_word' id='word_1_610' title='bbox 2677 2180 2851 2227; x_wconf 92' lang='lat' dir='ltr'><strong>tamen</strong></span> <span class='ocrx_word' id='word_1_611' title='bbox 2905 2175 3246 2245; x_wconf 87' lang='lat' dir='ltr'><strong>tranquillum</strong></span> <span class='ocrx_word' id='word_1_612' title='bbox 3295 2177 3516 2248; x_wconf 84' lang='lat' dir='ltr'><strong>pelagus</strong></span> 
     </span>
    </p>
   </div>
   <div class='ocr_carea' id='block_1_82' title="bbox 1917 2259 3514 2332">
    <p class='ocr_par' dir='ltr' id='par_1_82' title="bbox 1917 2259 3514 2332">
     <span class='ocr_line' id='line_1_82' title="bbox 1917 2259 3514 2332; baseline 0.007 -22"><span class='ocrx_word' id='word_1_613' title='bbox 1917 2259 2202 2328; x_wconf 82' lang='lat' dir='ltr'><strong>appellent.</strong></span> <span class='ocrx_word' id='word_1_614' title='bbox 2251 2259 2435 2330; x_wconf 83' lang='lat' dir='ltr'><strong>Neque</strong></span> <span class='ocrx_word' id='word_1_615' title='bbox 2485 2261 2626 2316; x_wconf 88' lang='lat' dir='ltr'><strong>enim</strong></span> <span class='ocrx_word' id='word_1_616' title='bbox 2679 2277 2709 2316; x_wconf 90' lang='lat' dir='ltr'><strong>a</strong></span> <span class='ocrx_word' id='word_1_617' title='bbox 2758 2265 3180 2332; x_wconf 89' lang='lat' dir='ltr'><strong>perturbantium</strong></span> <span class='ocrx_word' id='word_1_618' title='bbox 3229 2268 3410 2322; x_wconf 88' lang='lat' dir='ltr'><strong>animo</strong></span> <span class='ocrx_word' id='word_1_619' title='bbox 3459 2279 3514 2322; x_wconf 88' lang='lat' dir='ltr'><strong>et</strong></span> 
     </span>
    </p>
   </div>
   <div class='ocr_carea' id='block_1_83' title="bbox 1917 2347 3515 2426">
    <p class='ocr_par' dir='ltr' id='par_1_83' title="bbox 1917 2347 3515 2426">
     <span class='ocr_line' id='line_1_83' title="bbox 1917 2347 3515 2426; baseline 0.006 -24"><span class='ocrx_word' id='word_1_620' title='bbox 1917 2349 2114 2415; x_wconf 89' lang='lat' dir='ltr'><strong>studio,</strong></span> <span class='ocrx_word' id='word_1_621' title='bbox 2143 2347 2236 2406; x_wconf 86' lang='lat' dir='ltr'><strong>sed</strong></span> <span class='ocrx_word' id='word_1_622' title='bbox 2259 2351 2326 2406; x_wconf 90' lang='lat' dir='ltr'><strong>ab</strong></span> <span class='ocrx_word' id='word_1_623' title='bbox 2354 2366 2415 2406; x_wconf 92' lang='lat' dir='ltr'><strong>ea</strong></span> <span class='ocrx_word' id='word_1_624' title='bbox 2446 2352 2648 2422; x_wconf 91' lang='lat' dir='ltr'><strong>quiete,</strong></span> <span class='ocrx_word' id='word_1_625' title='bbox 2681 2369 2840 2424; x_wconf 90' lang='lat' dir='ltr'><strong>quam</strong></span> <span class='ocrx_word' id='word_1_626' title='bbox 2873 2355 2966 2409; x_wconf 90' lang='lat' dir='ltr'><strong>tibi</strong></span> <span class='ocrx_word' id='word_1_627' title='bbox 2992 2356 3160 2410; x_wconf 84' lang='lat' dir='ltr'><strong>virtus</strong></span> <span class='ocrx_word' id='word_1_628' title='bbox 3187 2358 3346 2426; x_wconf 85' lang='lat' dir='ltr'><strong>parit,</strong></span> <span class='ocrx_word' id='word_1_629' title='bbox 3377 2357 3515 2412; x_wconf 89' lang='lat' dir='ltr'><strong>hanc</strong></span> 
     </span>
    </p>
   </div>
   <div class='ocr_carea' id='block_1_84' title="bbox 1916 2441 3536 2518">
    <p class='ocr_par' dir='ltr' id='par_1_84' title="bbox 1916 2441 3536 2518">
     <span class='ocr_line' id='line_1_84' title="bbox 1916 2441 3536 2518; baseline 0.006 -23"><span class='ocrx_word' id='word_1_630' title='bbox 1916 2441 2233 2495; x_wconf 79' lang='lat' dir='ltr'><strong>sententiam</strong></span> <span class='ocrx_word' id='word_1_631' title='bbox 2257 2441 2386 2497; x_wconf 91' lang='lat' dir='ltr'><strong>fero.</strong></span> <span class='ocrx_word' id='word_1_632' title='bbox 2412 2441 2549 2509; x_wconf 87' lang='lat' dir='ltr'><strong>Quid</strong></span> <span class='ocrx_word' id='word_1_633' title='bbox 2574 2452 2749 2498; x_wconf 89' lang='lat' dir='ltr'><strong>autem</strong></span> <span class='ocrx_word' id='word_1_634' title='bbox 2772 2443 2873 2498; x_wconf 91' lang='lat' dir='ltr'><strong>sibi</strong></span> <span class='ocrx_word' id='word_1_635' title='bbox 2905 2445 3016 2500; x_wconf 91' lang='lat' dir='ltr'><strong>vult</strong></span> <span class='ocrx_word' id='word_1_636' title='bbox 3036 2445 3166 2501; x_wconf 91' lang='lat' dir='ltr'><strong>illud</strong></span> <span class='ocrx_word' id='word_1_637' title='bbox 3193 2447 3333 2518; x_wconf 90' lang='lat' dir='ltr'><strong>quod</strong></span> <span class='ocrx_word' id='word_1_638' title='bbox 3355 2448 3536 2504; x_wconf 79' lang='lat' dir='ltr'><strong>dico?’</strong></span> 
     </span>
    </p>
   </div>
   <div class='ocr_carea' id='block_1_85' title="bbox 1918 2533 3508 2610">
    <p class='ocr_par' dir='ltr' id='par_1_85' title="bbox 1918 2533 3508 2610">
     <span class='ocr_line' id='line_1_85' title="bbox 1918 2533 3508 2610; baseline 0.006 -23"><span class='ocrx_word' id='word_1_639' title='bbox 1918 2533 2102 2604; x_wconf 85' lang='lat' dir='ltr'><strong>Magna</strong></span> <span class='ocrx_word' id='word_1_640' title='bbox 2126 2533 2240 2590; x_wconf 61' lang='lat' dir='ltr'><strong>haec</strong></span> <span class='ocrx_word' id='word_1_641' title='bbox 2260 2545 2313 2590; x_wconf 92' lang='lat' dir='ltr'><strong>et</strong></span> <span class='ocrx_word' id='word_1_642' title='bbox 2338 2536 2585 2591; x_wconf 91' lang='lat' dir='ltr'><strong>sublimis</strong></span> <span class='ocrx_word' id='word_1_643' title='bbox 2603 2537 2732 2602; x_wconf 89' lang='lat' dir='ltr'><strong>vita,</strong></span> <span class='ocrx_word' id='word_1_644' title='bbox 2759 2547 2917 2609; x_wconf 88' lang='lat' dir='ltr'><strong>atque</strong></span> <span class='ocrx_word' id='word_1_645' title='bbox 2937 2538 3003 2594; x_wconf 90' lang='lat' dir='ltr'><strong>ad</strong></span> <span class='ocrx_word' id='word_1_646' title='bbox 3028 2539 3216 2594; x_wconf 79' lang='lat' dir='ltr'><strong>caelum</strong></span> <span class='ocrx_word' id='word_1_647' title='bbox 3243 2552 3508 2610; x_wconf 79' lang='lat' dir='ltr'><strong>porrecta,</strong></span> 
     </span>
    </p>
   </div>
   <div class='ocr_carea' id='block_1_86' title="bbox 1917 2627 3514 2701">
    <p class='ocr_par' dir='ltr' id='par_1_86' title="bbox 1917 2627 3514 2701">
     <span class='ocr_line' id='line_1_86' title="bbox 1917 2627 3514 2701; baseline 0.005 -21"><span class='ocrx_word' id='word_1_648' title='bbox 1917 2627 1961 2680; x_wconf 89' lang='lat' dir='ltr'><strong>si</strong></span> <span class='ocrx_word' id='word_1_649' title='bbox 1987 2642 2165 2682; x_wconf 88' lang='lat' dir='ltr'><strong>rerum</strong></span> <span class='ocrx_word' id='word_1_650' title='bbox 2195 2637 2381 2683; x_wconf 89' lang='lat' dir='ltr'><strong>natura</strong></span> <span class='ocrx_word' id='word_1_651' title='bbox 2409 2638 2698 2700; x_wconf 89' lang='lat' dir='ltr'><strong>spectetur,</strong></span> <span class='ocrx_word' id='word_1_652' title='bbox 2727 2629 2954 2685; x_wconf 74' lang='lat' dir='ltr'><strong>molesta</strong></span> <span class='ocrx_word' id='word_1_653' title='bbox 2979 2631 3372 2701; x_wconf 88' lang='lat' dir='ltr'><strong>quodammodo</strong></span> <span class='ocrx_word' id='word_1_654' title='bbox 3392 2647 3514 2688; x_wconf 86' lang='lat' dir='ltr'><strong>esse</strong></span> 
     </span>
    </p>
   </div>
   <div class='ocr_carea' id='block_1_87' title="bbox 1916 2718 3512 2793">
    <p class='ocr_par' dir='ltr' id='par_1_87' title="bbox 1916 2718 3512 2793">
     <span class='ocr_line' id='line_1_87' title="bbox 1916 2718 3512 2793; baseline 0.004 -21"><span class='ocrx_word' id='word_1_655' title='bbox 1916 2718 2157 2774; x_wconf 88' lang='lat' dir='ltr'><strong>videtur:</strong></span> <span class='ocrx_word' id='word_1_656' title='bbox 2190 2720 2234 2774; x_wconf 88' lang='lat' dir='ltr'><strong>si</strong></span> <span class='ocrx_word' id='word_1_657' title='bbox 2261 2729 2436 2774; x_wconf 88' lang='lat' dir='ltr'><strong>autem</strong></span> <span class='ocrx_word' id='word_1_658' title='bbox 2464 2735 2671 2788; x_wconf 91' lang='lat' dir='ltr'><strong>eorum,</strong></span> <span class='ocrx_word' id='word_1_659' title='bbox 2700 2721 2788 2792; x_wconf 87' lang='lat' dir='ltr'><strong>qui</strong></span> <span class='ocrx_word' id='word_1_660' title='bbox 2814 2736 2930 2776; x_wconf 88' lang='lat' dir='ltr'><strong>eam</strong></span> <span class='ocrx_word' id='word_1_661' title='bbox 2958 2731 3273 2793; x_wconf 88' lang='lat' dir='ltr'><strong>sequuntur,</strong></span> <span class='ocrx_word' id='word_1_662' title='bbox 3304 2725 3512 2779; x_wconf 92' lang='lat' dir='ltr'><strong>fortitu-</strong></span> 
     </span>
    </p>
   </div>
   <div class='ocr_carea' id='block_1_88' title="bbox 1917 2810 3512 2886">
    <p class='ocr_par' dir='ltr' id='par_1_88' title="bbox 1917 2810 3512 2886">
     <span class='ocr_line' id='line_1_88' title="bbox 1917 2810 3512 2886; baseline 0.004 -21"><span class='ocrx_word' id='word_1_663' title='bbox 1917 2810 2096 2866; x_wconf 88' lang='lat' dir='ltr'><strong>dinem</strong></span> <span class='ocrx_word' id='word_1_664' title='bbox 2133 2811 2402 2881; x_wconf 90' lang='lat' dir='ltr'><strong>animique</strong></span> <span class='ocrx_word' id='word_1_665' title='bbox 2437 2811 2768 2868; x_wconf 89' lang='lat' dir='ltr'><strong>alacritatem</strong></span> <span class='ocrx_word' id='word_1_666' title='bbox 2799 2823 3027 2883; x_wconf 92' lang='lat' dir='ltr'><strong>spectes,</strong></span> <span class='ocrx_word' id='word_1_667' title='bbox 3061 2830 3312 2886; x_wconf 88' lang='lat' dir='ltr'><strong>perquam</strong></span> <span class='ocrx_word' id='word_1_668' title='bbox 3345 2815 3512 2871; x_wconf 83' lang='lat' dir='ltr'><strong>facilis</strong></span> 
     </span>
    </p>
   </div>
   <div class='ocr_carea' id='block_1_89' title="bbox 1917 2900 3506 2973">
    <p class='ocr_par' dir='ltr' id='par_1_89' title="bbox 1917 2900 3506 2973">
     <span class='ocr_line' id='line_1_89' title="bbox 1917 2900 3506 2973; baseline 0.003 -17"><span class='ocrx_word' id='word_1_669' title='bbox 1917 2900 2163 2956; x_wconf 84' lang='lat' dir='ltr'><strong>efﬁcitur.</strong></span> <span class='ocrx_word' id='word_1_670' title='bbox 2197 2900 2454 2970; x_wconf 84' lang='lat' dir='ltr'><strong>Quodque</strong></span> <span class='ocrx_word' id='word_1_671' title='bbox 2500 2902 2552 2956; x_wconf 93' lang='lat' dir='ltr'><strong>in</strong></span> <span class='ocrx_word' id='word_1_672' title='bbox 2600 2901 2697 2956; x_wconf 89' lang='lat' dir='ltr'><strong>hac</strong></span> <span class='ocrx_word' id='word_1_673' title='bbox 2727 2901 3064 2973; x_wconf 90' lang='lat' dir='ltr'><strong>philosophia</strong></span> <span class='ocrx_word' id='word_1_674' title='bbox 3113 2905 3356 2960; x_wconf 89' lang='lat' dir='ltr'><strong>mirabile</strong></span> <span class='ocrx_word' id='word_1_675' title='bbox 3385 2915 3467 2960; x_wconf 89' lang='lat' dir='ltr'><strong>est</strong></span> <span class='ocrx_word' id='word_1_676' title='bbox 3490 2949 3506 2972; x_wconf 94' lang='lat'><strong>,</strong></span> 
     </span>
    </p>
   </div>
   <div class='ocr_carea' id='block_1_90' title="bbox 1919 2993 3512 3067">
    <p class='ocr_par' dir='ltr' id='par_1_90' title="bbox 1919 2993 3512 3067">
     <span class='ocr_line' id='line_1_90' title="bbox 1919 2993 3512 3067; baseline 0.002 -19"><span class='ocrx_word' id='word_1_677' title='bbox 1919 2993 2126 3048; x_wconf 92' lang='lat' dir='ltr'><strong>furente</strong></span> <span class='ocrx_word' id='word_1_678' title='bbox 2155 2993 2288 3048; x_wconf 90' lang='lat' dir='ltr'><strong>mari</strong></span> <span class='ocrx_word' id='word_1_679' title='bbox 2337 3006 2593 3063; x_wconf 86' lang='lat' dir='ltr'><strong>prospere</strong></span> <span class='ocrx_word' id='word_1_680' title='bbox 2630 3007 2927 3064; x_wconf 88' lang='lat' dir='ltr'><strong>magnaque</strong></span> <span class='ocrx_word' id='word_1_681' title='bbox 2966 3009 3086 3049; x_wconf 90' lang='lat' dir='ltr'><strong>eum</strong></span> <span class='ocrx_word' id='word_1_682' title='bbox 3132 2995 3512 3067; x_wconf 87' lang='lat' dir='ltr'><strong>tranquillitate</strong></span> 
     </span>
    </p>
   </div>
   <div class='ocr_carea' id='block_1_91' title="bbox 1917 3084 3510 3156">
    <p class='ocr_par' dir='ltr' id='par_1_91' title="bbox 1917 3084 3510 3156">
     <span class='ocr_line' id='line_1_91' title="bbox 1917 3084 3510 3156; baseline 0.003 -17"><span class='ocrx_word' id='word_1_683' title='bbox 1917 3085 2148 3155; x_wconf 86' lang='lat' dir='ltr'><strong>navigat,</strong></span> <span class='ocrx_word' id='word_1_684' title='bbox 2181 3084 2272 3156; x_wconf 92' lang='lat' dir='ltr'><strong>qui</strong></span> <span class='ocrx_word' id='word_1_685' title='bbox 2301 3084 2513 3139; x_wconf 90' lang='lat' dir='ltr'><strong>sincero</strong></span> <span class='ocrx_word' id='word_1_686' title='bbox 2539 3099 2603 3140; x_wconf 88' lang='lat' dir='ltr'><strong>ac</strong></span> <span class='ocrx_word' id='word_1_687' title='bbox 2628 3084 2850 3142; x_wconf 89' lang='lat' dir='ltr'><strong>ferventi</strong></span> <span class='ocrx_word' id='word_1_688' title='bbox 2882 3086 3061 3141; x_wconf 89' lang='lat' dir='ltr'><strong>animo</strong></span> <span class='ocrx_word' id='word_1_689' title='bbox 3084 3102 3202 3142; x_wconf 90' lang='lat' dir='ltr'><strong>eam</strong></span> <span class='ocrx_word' id='word_1_690' title='bbox 3230 3097 3510 3143; x_wconf 90' lang='lat' dir='ltr'><strong>consecta-</strong></span> 
     </span>
    </p>
   </div>
   <div class='ocr_carea' id='block_1_92' title="bbox 1919 3179 3508 3252">
    <p class='ocr_par' dir='ltr' id='par_1_92' title="bbox 1919 3179 3508 3252">
     <span class='ocr_line' id='line_1_92' title="bbox 1919 3179 3508 3252; baseline 0.002 -19"><span class='ocrx_word' id='word_1_691' title='bbox 1919 3187 2038 3234; x_wconf 90' lang='lat' dir='ltr'><strong>tur:</strong></span> <span class='ocrx_word' id='word_1_692' title='bbox 2084 3179 2369 3248; x_wconf 88' lang='lat' dir='ltr'><strong>multisque</strong></span> <span class='ocrx_word' id='word_1_693' title='bbox 2413 3179 2648 3250; x_wconf 91' lang='lat' dir='ltr'><strong>undique</strong></span> <span class='ocrx_word' id='word_1_694' title='bbox 2691 3181 3005 3236; x_wconf 91' lang='lat' dir='ltr'><strong>tumultibus</strong></span> <span class='ocrx_word' id='word_1_695' title='bbox 3033 3182 3278 3236; x_wconf 85' lang='lat' dir='ltr'><strong>excitatis</strong></span> <span class='ocrx_word' id='word_1_696' title='bbox 3323 3197 3508 3252; x_wconf 89' lang='lat' dir='ltr'><strong>puram</strong></span> 
     </span>
    </p>
   </div>
   <div class='ocr_carea' id='block_1_93' title="bbox 1916 3273 3510 3344">
    <p class='ocr_par' dir='ltr' id='par_1_93' title="bbox 1916 3273 3510 3344">
     <span class='ocr_line' id='line_1_93' title="bbox 1916 3273 3510 3344; baseline 0.002 -18"><span class='ocrx_word' id='word_1_697' title='bbox 1916 3273 2149 3342; x_wconf 86' lang='lat' dir='ltr'><strong>quietem</strong></span> <span class='ocrx_word' id='word_1_698' title='bbox 2189 3273 2382 3343; x_wconf 87' lang='lat' dir='ltr'><strong>carpit,</strong></span> <span class='ocrx_word' id='word_1_699' title='bbox 2411 3282 2569 3343; x_wconf 91' lang='lat' dir='ltr'><strong>atque</strong></span> <span class='ocrx_word' id='word_1_700' title='bbox 2598 3273 2894 3328; x_wconf 89' lang='lat' dir='ltr'><strong>innumeris</strong></span> <span class='ocrx_word' id='word_1_701' title='bbox 2922 3274 3065 3329; x_wconf 92' lang='lat' dir='ltr'><strong>omni</strong></span> <span class='ocrx_word' id='word_1_702' title='bbox 3097 3290 3161 3328; x_wconf 85' lang='lat' dir='ltr'><strong>ex</strong></span> <span class='ocrx_word' id='word_1_703' title='bbox 3193 3285 3340 3344; x_wconf 87' lang='lat' dir='ltr'><strong>parte</strong></span> <span class='ocrx_word' id='word_1_704' title='bbox 3376 3289 3510 3329; x_wconf 87' lang='lat' dir='ltr'><strong>con-</strong></span> 
     </span>
    </p>
   </div>
   <div class='ocr_carea' id='block_1_94' title="bbox 1911 3362 3507 3439">
    <p class='ocr_par' dir='ltr' id='par_1_94' title="bbox 1911 3362 3507 3439">
     <span class='ocr_line' id='line_1_94' title="bbox 1911 3362 3507 3439; baseline 0 -21"><span class='ocrx_word' id='word_1_705' title='bbox 1911 3362 2069 3433; x_wconf 90' lang='lat' dir='ltr'><strong>jectis</strong></span> <span class='ocrx_word' id='word_1_706' title='bbox 2101 3363 2220 3419; x_wconf 88' lang='lat' dir='ltr'><strong>telis</strong></span> <span class='ocrx_word' id='word_1_707' title='bbox 2247 3364 2444 3419; x_wconf 78' lang='lat' dir='ltr'><strong>illzesus</strong></span> <span class='ocrx_word' id='word_1_708' title='bbox 2471 3371 2597 3431; x_wconf 91' lang='lat' dir='ltr'><strong>stat,</strong></span> <span class='ocrx_word' id='word_1_709' title='bbox 2640 3363 2745 3418; x_wconf 89' lang='lat' dir='ltr'><strong>tela</strong></span> <span class='ocrx_word' id='word_1_710' title='bbox 2775 3363 3027 3419; x_wconf 90' lang='lat' dir='ltr'><strong>nimirum</strong></span> <span class='ocrx_word' id='word_1_711' title='bbox 3054 3365 3346 3439; x_wconf 80' lang='lat' dir='ltr'><strong>excipiens,</strong></span> <span class='ocrx_word' id='word_1_712' title='bbox 3376 3365 3507 3419; x_wconf 91' lang='lat' dir='ltr'><strong>nihil</strong></span> 
     </span>
    </p>
   </div>
   <div class='ocr_carea' id='block_1_95' title="bbox 1917 3455 3509 3529">
    <p class='ocr_par' dir='ltr' id='par_1_95' title="bbox 1917 3455 3509 3529">
     <span class='ocr_line' id='line_1_95' title="bbox 1917 3455 3509 3529; baseline 0.001 -19"><span class='ocrx_word' id='word_1_713' title='bbox 1917 3465 2093 3510; x_wconf 89' lang='lat' dir='ltr'><strong>autem</strong></span> <span class='ocrx_word' id='word_1_714' title='bbox 2143 3455 2266 3511; x_wconf 89' lang='lat' dir='ltr'><strong>hinc</strong></span> <span class='ocrx_word' id='word_1_715' title='bbox 2307 3455 2612 3512; x_wconf 90' lang='lat' dir='ltr'><strong>detrimenti</strong></span> <span class='ocrx_word' id='word_1_716' title='bbox 2657 3456 2854 3512; x_wconf 89' lang='lat' dir='ltr'><strong>ferens.</strong></span> <span class='ocrx_word' id='word_1_717' title='bbox 2903 3456 3031 3513; x_wconf 57' lang='lat' dir='ltr'><strong>Haec</strong></span> <span class='ocrx_word' id='word_1_718' title='bbox 3080 3457 3241 3529; x_wconf 90' lang='lat' dir='ltr'><strong>igitur</strong></span> <span class='ocrx_word' id='word_1_719' title='bbox 3265 3473 3384 3512; x_wconf 91' lang='lat' dir='ltr'><strong>eum</strong></span> <span class='ocrx_word' id='word_1_720' title='bbox 3417 3458 3509 3512; x_wconf 89' lang='lat' dir='ltr'><strong>tibi</strong></span> 
     </span>
    </p>
   </div>
   <div class='ocr_carea' id='block_1_96' title="bbox 1917 3548 3507 3618">
    <p class='ocr_par' dir='ltr' id='par_1_96' title="bbox 1917 3548 3507 3618">
     <span class='ocr_line' id='line_1_96' title="bbox 1917 3548 3507 3618; baseline -0.001 -14"><span class='ocrx_word' id='word_1_721' title='bbox 1917 3549 2188 3618; x_wconf 87' lang='lat' dir='ltr'><strong>explorata</strong></span> <span class='ocrx_word' id='word_1_722' title='bbox 2218 3551 2346 3616; x_wconf 88' lang='lat' dir='ltr'><strong>sint,</strong></span> <span class='ocrx_word' id='word_1_723' title='bbox 2374 3559 2429 3604; x_wconf 90' lang='lat' dir='ltr'><strong>et</strong></span> <span class='ocrx_word' id='word_1_724' title='bbox 2451 3548 2644 3606; x_wconf 67' lang='lat' dir='ltr'><strong>tit-haec</strong></span> <span class='ocrx_word' id='word_1_725' title='bbox 2667 3551 3016 3606; x_wconf 91' lang='lat' dir='ltr'><strong>commentari</strong></span> <span class='ocrx_word' id='word_1_726' title='bbox 3039 3565 3145 3606; x_wconf 91' lang='lat' dir='ltr'><strong>non</strong></span> <span class='ocrx_word' id='word_1_727' title='bbox 3169 3549 3507 3612; x_wconf 83' lang='lat' dir='ltr'><strong>intermittas,</strong></span> 
     </span>
    </p>
   </div>
   <div class='ocr_carea' id='block_1_97' title="bbox 1917 3639 3510 3714">
    <p class='ocr_par' dir='ltr' id='par_1_97' title="bbox 1917 3639 3510 3714">
     <span class='ocr_line' id='line_1_97' title="bbox 1917 3639 3510 3714; baseline -0.002 -18"><span class='ocrx_word' id='word_1_728' title='bbox 1917 3652 2228 3712; x_wconf 88' lang='lat' dir='ltr'><strong>perpetuam</strong></span> <span class='ocrx_word' id='word_1_729' title='bbox 2269 3643 2593 3713; x_wconf 90' lang='lat' dir='ltr'><strong>voluptatem</strong></span> <span class='ocrx_word' id='word_1_730' title='bbox 2637 3643 2874 3714; x_wconf 89' lang='lat' dir='ltr'><strong>percipe,</strong></span> <span class='ocrx_word' id='word_1_731' title='bbox 2914 3644 3227 3698; x_wconf 89' lang='lat' dir='ltr'><strong>constitutas</strong></span> <span class='ocrx_word' id='word_1_732' title='bbox 3279 3639 3370 3695; x_wconf 90' lang='lat' dir='ltr'><strong>tibi</strong></span> <span class='ocrx_word' id='word_1_733' title='bbox 3413 3655 3510 3709; x_wconf 88' lang='lat' dir='ltr'><strong>pro</strong></span> 
     </span>
    </p>
   </div>
   <div class='ocr_carea' id='block_1_98' title="bbox 1918 3732 3510 3804">
    <p class='ocr_par' dir='ltr' id='par_1_98' title="bbox 1918 3732 3510 3804">
     <span class='ocr_line' id='line_1_98' title="bbox 1918 3732 3510 3804; baseline -0.001 -17"><span class='ocrx_word' id='word_1_734' title='bbox 1918 3733 2188 3802; x_wconf 66' lang='lat' dir='ltr'><strong>praeclaris</strong></span> <span class='ocrx_word' id='word_1_735' title='bbox 2214 3732 2358 3788; x_wconf 90' lang='lat' dir='ltr'><strong>hisce</strong></span> <span class='ocrx_word' id='word_1_736' title='bbox 2385 3733 2653 3790; x_wconf 89' lang='lat' dir='ltr'><strong>laboribus</strong></span> <span class='ocrx_word' id='word_1_737' title='bbox 2677 3733 2816 3804; x_wconf 91' lang='lat' dir='ltr'><strong>apud</strong></span> <span class='ocrx_word' id='word_1_738' title='bbox 2844 3732 3011 3788; x_wconf 89' lang='lat' dir='ltr'><strong>Deum</strong></span> <span class='ocrx_word' id='word_1_739' title='bbox 3043 3746 3268 3786; x_wconf 90' lang='lat' dir='ltr'><strong>coronas</strong></span> <span class='ocrx_word' id='word_1_740' title='bbox 3315 3745 3510 3801; x_wconf 70' lang='lat' dir='ltr'><strong>eXSpe-</strong></span> 
     </span>
    </p>
   </div>
   <div class='ocr_carea' id='block_1_99' title="bbox 1917 3821 3509 3895">
    <p class='ocr_par' dir='ltr' id='par_1_99' title="bbox 1917 3821 3509 3895">
     <span class='ocr_line' id='line_1_99' title="bbox 1917 3821 3509 3895; baseline -0.003 -16"><span class='ocrx_word' id='word_1_741' title='bbox 1917 3834 2089 3879; x_wconf 89' lang='lat' dir='ltr'><strong>ctans.</strong></span> <span class='ocrx_word' id='word_1_742' title='bbox 2119 3826 2293 3894; x_wconf 81' lang='lat' dir='ltr'><strong>Atque</strong></span> <span class='ocrx_word' id='word_1_743' title='bbox 2313 3840 2470 3894; x_wconf 86' lang='lat' dir='ltr'><strong>quam</strong></span> <span class='ocrx_word' id='word_1_744' title='bbox 2502 3825 2796 3895; x_wconf 67' lang='lat' dir='ltr'><strong>smpissime</strong></span> <span class='ocrx_word' id='word_1_745' title='bbox 2825 3823 3063 3889; x_wconf 88' lang='lat' dir='ltr'><strong>licuerit,</strong></span> <span class='ocrx_word' id='word_1_746' title='bbox 3097 3821 3162 3876; x_wconf 94' lang='lat' dir='ltr'><strong>de</strong></span> <span class='ocrx_word' id='word_1_747' title='bbox 3187 3821 3349 3875; x_wconf 90' lang='lat' dir='ltr'><strong>animi</strong></span> <span class='ocrx_word' id='word_1_748' title='bbox 3382 3836 3509 3876; x_wconf 85' lang='lat' dir='ltr'><strong>cor-</strong></span> 
     </span>
    </p>
   </div>
   <div class='ocr_carea' id='block_1_100' title="bbox 1919 3911 3508 3984">
    <p class='ocr_par' dir='ltr' id='par_1_100' title="bbox 1919 3911 3508 3984">
     <span class='ocr_line' id='line_1_100' title="bbox 1919 3911 3508 3984; baseline -0.002 -15"><span class='ocrx_word' id='word_1_749' title='bbox 1919 3916 2168 3984; x_wconf 90' lang='lat' dir='ltr'><strong>porisque</strong></span> <span class='ocrx_word' id='word_1_750' title='bbox 2198 3915 2268 3969; x_wconf 95' lang='lat' dir='ltr'><strong>tui</strong></span> <span class='ocrx_word' id='word_1_751' title='bbox 2291 3915 2592 3970; x_wconf 90' lang='lat' dir='ltr'><strong>valetudine</strong></span> <span class='ocrx_word' id='word_1_752' title='bbox 2620 3929 2718 3969; x_wconf 90' lang='lat' dir='ltr'><strong>nos</strong></span> <span class='ocrx_word' id='word_1_753' title='bbox 2745 3914 2826 3968; x_wconf 88' lang='lat' dir='ltr'><strong>fac</strong></span> <span class='ocrx_word' id='word_1_754' title='bbox 2851 3913 3143 3968; x_wconf 89' lang='lat' dir='ltr'><strong>certiores:</strong></span> <span class='ocrx_word' id='word_1_755' title='bbox 3170 3911 3327 3982; x_wconf 89' lang='lat' dir='ltr'><strong>idque</strong></span> <span class='ocrx_word' id='word_1_756' title='bbox 3348 3927 3508 3966; x_wconf 88' lang='lat' dir='ltr'><strong>omne</strong></span> 
     </span>
    </p>
   </div>
   <div class='ocr_carea' id='block_1_101' title="bbox 1919 4003 3509 4075">
    <p class='ocr_par' dir='ltr' id='par_1_101' title="bbox 1919 4003 3509 4075">
     <span class='ocr_line' id='line_1_101' title="bbox 1919 4003 3509 4075; baseline -0.002 -16"><span class='ocrx_word' id='word_1_757' title='bbox 1919 4005 2105 4069; x_wconf 92' lang='lat' dir='ltr'><strong>otium,</strong></span> <span class='ocrx_word' id='word_1_758' title='bbox 2135 4004 2277 4075; x_wconf 91' lang='lat' dir='ltr'><strong>quod</strong></span> <span class='ocrx_word' id='word_1_759' title='bbox 2301 4005 2392 4060; x_wconf 93' lang='lat' dir='ltr'><strong>tibi</strong></span> <span class='ocrx_word' id='word_1_760' title='bbox 2423 4004 2676 4075; x_wconf 91' lang='lat' dir='ltr'><strong>suppetit,</strong></span> <span class='ocrx_word' id='word_1_761' title='bbox 2702 4005 2754 4058; x_wconf 94' lang='lat' dir='ltr'><strong>in</strong></span> <span class='ocrx_word' id='word_1_762' title='bbox 2780 4003 3085 4058; x_wconf 88' lang='lat' dir='ltr'><strong>divinarum</strong></span> <span class='ocrx_word' id='word_1_763' title='bbox 3115 4003 3509 4072; x_wconf 79' lang='lat' dir='ltr'><strong>Scriptum-um</strong></span> 
     </span>
    </p>
   </div>
   <div class='ocr_carea' id='block_1_102' title="bbox 1918 4095 3512 4167">
    <p class='ocr_par' dir='ltr' id='par_1_102' title="bbox 1918 4095 3512 4167">
     <span class='ocr_line' id='line_1_102' title="bbox 1918 4095 3512 4167; baseline -0.002 -16"><span class='ocrx_word' id='word_1_764' title='bbox 1918 4095 2147 4152; x_wconf 86' lang='lat' dir='ltr'><strong>lectione</strong></span> <span class='ocrx_word' id='word_1_765' title='bbox 2175 4111 2464 4162; x_wconf 91' lang='lat' dir='ltr'><strong>consume,</strong></span> <span class='ocrx_word' id='word_1_766' title='bbox 2510 4105 2714 4150; x_wconf 90' lang='lat' dir='ltr'><strong>tantum</strong></span> <span class='ocrx_word' id='word_1_767' title='bbox 2741 4097 2868 4166; x_wconf 76' lang='lat' dir='ltr'><strong>ipsis</strong></span> <span class='ocrx_word' id='word_1_768' title='bbox 2910 4095 3164 4167; x_wconf 92' lang='lat' dir='ltr'><strong>temporis</strong></span> <span class='ocrx_word' id='word_1_769' title='bbox 3202 4095 3512 4165; x_wconf 86' lang='lat' dir='ltr'><strong>impertiens</strong></span> 
     </span>
    </p>
   </div>
   <div class='ocr_carea' id='block_1_103' title="bbox 1919 4185 3510 4258">
    <p class='ocr_par' dir='ltr' id='par_1_103' title="bbox 1919 4185 3510 4258">
     <span class='ocr_line' id='line_1_103' title="bbox 1919 4185 3510 4258; baseline -0.001 -18"><span class='ocrx_word' id='word_1_770' title='bbox 1919 4196 2176 4256; x_wconf 89' lang='lat' dir='ltr'><strong>quantum</strong></span> <span class='ocrx_word' id='word_1_771' title='bbox 2216 4187 2494 4242; x_wconf 89' lang='lat' dir='ltr'><strong>oculorum</strong></span> <span class='ocrx_word' id='word_1_772' title='bbox 2525 4189 2864 4244; x_wconf 91' lang='lat' dir='ltr'><strong>imbecillitas</strong></span> <span class='ocrx_word' id='word_1_773' title='bbox 2893 4187 3150 4258; x_wconf 88' lang='lat' dir='ltr'><strong>permittit</strong></span> <span class='ocrx_word' id='word_1_774' title='bbox 3176 4202 3192 4241; x_wconf 86' lang='lat'><strong>:</strong></span> <span class='ocrx_word' id='word_1_775' title='bbox 3224 4201 3332 4257; x_wconf 91' lang='lat' dir='ltr'><strong>quo</strong></span> <span class='ocrx_word' id='word_1_776' title='bbox 3360 4185 3510 4240; x_wconf 86' lang='lat' dir='ltr'><strong>vide-</strong></span> 
     </span>
    </p>
   </div>
   <div class='ocr_carea' id='block_1_104' title="bbox 1921 4277 3511 4347">
    <p class='ocr_par' dir='ltr' id='par_1_104' title="bbox 1921 4277 3511 4347">
     <span class='ocr_line' id='line_1_104' title="bbox 1921 4277 3511 4347; baseline -0.001 -15"><span class='ocrx_word' id='word_1_777' title='bbox 1921 4277 2065 4341; x_wconf 85' lang='lat' dir='ltr'><strong>licet,</strong></span> <span class='ocrx_word' id='word_1_778' title='bbox 2091 4277 2134 4332; x_wconf 88' lang='lat' dir='ltr'><strong>si</strong></span> <span class='ocrx_word' id='word_1_779' title='bbox 2157 4277 2371 4347; x_wconf 90' lang='lat' dir='ltr'><strong>quando</strong></span> <span class='ocrx_word' id='word_1_780' title='bbox 2399 4279 2609 4334; x_wconf 88' lang='lat' dir='ltr'><strong>occasio</strong></span> <span class='ocrx_word' id='word_1_781' title='bbox 2624 4294 2746 4334; x_wconf 91' lang='lat' dir='ltr'><strong>sese</strong></span> <span class='ocrx_word' id='word_1_782' title='bbox 2774 4278 2982 4342; x_wconf 80' lang='lat' dir='ltr'><strong>offerat,</strong></span> <span class='ocrx_word' id='word_1_783' title='bbox 3013 4287 3072 4332; x_wconf 90' lang='lat' dir='ltr'><strong>ut</strong></span> <span class='ocrx_word' id='word_1_784' title='bbox 3093 4292 3277 4333; x_wconf 87' lang='lat' dir='ltr'><strong>earum</strong></span> <span class='ocrx_word' id='word_1_785' title='bbox 3299 4291 3511 4346; x_wconf 88' lang='lat' dir='ltr'><strong>quoque</strong></span> 
     </span>
    </p>
   </div>
   <div class='ocr_carea' id='block_1_105' title="bbox 1920 4369 3511 4439">
    <p class='ocr_par' dir='ltr' id='par_1_105' title="bbox 1920 4369 3511 4439">
     <span class='ocr_line' id='line_1_105' title="bbox 1920 4369 3511 4439; baseline -0.001 -15"><span class='ocrx_word' id='word_1_786' title='bbox 1920 4385 2077 4425; x_wconf 88' lang='lat' dir='ltr'><strong>sensa</strong></span> <span class='ocrx_word' id='word_1_787' title='bbox 2098 4369 2429 4426; x_wconf 84' lang='lat' dir='ltr'><strong>nobilissimo</strong></span> <span class='ocrx_word' id='word_1_788' title='bbox 2457 4372 2635 4426; x_wconf 91' lang='lat' dir='ltr'><strong>animo</strong></span> <span class='ocrx_word' id='word_1_789' title='bbox 2659 4379 2750 4426; x_wconf 90' lang='lat' dir='ltr'><strong>tuo</strong></span> <span class='ocrx_word' id='word_1_790' title='bbox 2770 4372 3008 4426; x_wconf 88' lang='lat' dir='ltr'><strong>inserere</strong></span> <span class='ocrx_word' id='word_1_791' title='bbox 3031 4369 3314 4426; x_wconf 90' lang='lat' dir='ltr'><strong>commode</strong></span> <span class='ocrx_word' id='word_1_792' title='bbox 3338 4369 3511 4439; x_wconf 88' lang='lat' dir='ltr'><strong>possi-</strong></span> 
     </span>
    </p>
   </div>
   <div class='ocr_carea' id='block_1_106' title="bbox 1921 4461 3510 4533">
    <p class='ocr_par' dir='ltr' id='par_1_106' title="bbox 1921 4461 3510 4533">
     <span class='ocr_line' id='line_1_106' title="bbox 1921 4461 3510 4533; baseline 0 -17"><span class='ocrx_word' id='word_1_793' title='bbox 1921 4477 2062 4529; x_wconf 91' lang='lat' dir='ltr'><strong>mus,</strong></span> <span class='ocrx_word' id='word_1_794' title='bbox 2096 4477 2285 4533; x_wconf 89' lang='lat' dir='ltr'><strong>magna</strong></span> <span class='ocrx_word' id='word_1_795' title='bbox 2312 4479 2433 4519; x_wconf 90' lang='lat' dir='ltr'><strong>cum</strong></span> <span class='ocrx_word' id='word_1_796' title='bbox 2475 4463 2727 4519; x_wconf 88' lang='lat' dir='ltr'><strong>facilitate</strong></span> <span class='ocrx_word' id='word_1_797' title='bbox 2760 4462 2810 4518; x_wconf 92' lang='lat' dir='ltr'><strong>id</strong></span> <span class='ocrx_word' id='word_1_798' title='bbox 2853 4463 3128 4517; x_wconf 88' lang='lat' dir='ltr'><strong>faciamus.</strong></span> <span class='ocrx_word' id='word_1_799' title='bbox 3159 4462 3341 4532; x_wconf 86' lang='lat' dir='ltr'><strong>Neque</strong></span> <span class='ocrx_word' id='word_1_800' title='bbox 3369 4461 3510 4516; x_wconf 88' lang='lat' dir='ltr'><strong>enim</strong></span> 
     </span>
    </p>
   </div>
   <div class='ocr_carea' id='block_1_107' title="bbox 1923 4554 3514 4628">
    <p class='ocr_par' dir='ltr' id='par_1_107' title="bbox 1923 4554 3514 4628">
     <span class='ocr_line' id='line_1_107' title="bbox 1923 4554 3514 4628; baseline 0 -19"><span class='ocrx_word' id='word_1_801' title='bbox 1923 4556 1989 4610; x_wconf 91' lang='lat' dir='ltr'><strong>ad</strong></span> <span class='ocrx_word' id='word_1_802' title='bbox 2027 4572 2146 4611; x_wconf 91' lang='lat' dir='ltr'><strong>eam</strong></span> <span class='ocrx_word' id='word_1_803' title='bbox 2191 4573 2303 4613; x_wconf 89' lang='lat' dir='ltr'><strong>rem</strong></span> <span class='ocrx_word' id='word_1_804' title='bbox 2351 4557 2446 4612; x_wconf 92' lang='lat' dir='ltr'><strong>tibi</strong></span> <span class='ocrx_word' id='word_1_805' title='bbox 2482 4571 2668 4628; x_wconf 89' lang='lat' dir='ltr'><strong>parum</strong></span> <span class='ocrx_word' id='word_1_806' title='bbox 2713 4555 3003 4626; x_wconf 87' lang='lat' dir='ltr'><strong>adjumenti</strong></span> <span class='ocrx_word' id='word_1_807' title='bbox 3042 4554 3233 4609; x_wconf 74' lang='lat' dir='ltr'><strong>afferre</strong></span> <span class='ocrx_word' id='word_1_808' title='bbox 3263 4562 3514 4624; x_wconf 87' lang='lat' dir='ltr'><strong>poterunt</strong></span> 
     </span>
    </p>
   </div>
   <div class='ocr_carea' id='block_1_108' title="bbox 1926 4645 3509 4719">
    <p class='ocr_par' dir='ltr' id='par_1_108' title="bbox 1926 4645 3509 4719">
     <span class='ocr_line' id='line_1_108' title="bbox 1926 4645 3509 4719; baseline 0 -19"><span class='ocrx_word' id='word_1_809' title='bbox 1926 4646 2055 4715; x_wconf 67' lang='lat' dir='ltr'><strong>ipsa:</strong></span> <span class='ocrx_word' id='word_1_810' title='bbox 2079 4648 2265 4713; x_wconf 56' lang='lat' dir='ltr'><strong>literae,</strong></span> <span class='ocrx_word' id='word_1_811' title='bbox 2294 4663 2414 4703; x_wconf 91' lang='lat' dir='ltr'><strong>cum</strong></span> <span class='ocrx_word' id='word_1_812' title='bbox 2441 4663 2619 4713; x_wconf 91' lang='lat' dir='ltr'><strong>sensa,</strong></span> <span class='ocrx_word' id='word_1_813' title='bbox 2646 4663 2765 4719; x_wconf 74' lang='lat' dir='ltr'><strong>qua:</strong></span> <span class='ocrx_word' id='word_1_814' title='bbox 2796 4648 2848 4702; x_wconf 93' lang='lat' dir='ltr'><strong>in</strong></span> <span class='ocrx_word' id='word_1_815' title='bbox 2871 4648 2935 4702; x_wconf 91' lang='lat' dir='ltr'><strong>iis</strong></span> <span class='ocrx_word' id='word_1_816' title='bbox 2963 4645 3302 4712; x_wconf 85' lang='lat' dir='ltr'><strong>delitescunt,</strong></span> <span class='ocrx_word' id='word_1_817' title='bbox 3333 4645 3509 4701; x_wconf 87' lang='lat' dir='ltr'><strong>susci-</strong></span> 
     </span>
    </p>
   </div>
   <div class='ocr_carea' id='block_1_109' title="bbox 1926 4742 2307 4810">
    <p class='ocr_par' dir='ltr' id='par_1_109' title="bbox 1926 4742 2307 4810">
     <span class='ocr_line' id='line_1_109' title="bbox 1926 4742 2307 4810; baseline 0.005 -16"><span class='ocrx_word' id='word_1_818' title='bbox 1926 4756 2052 4810; x_wconf 87' lang='lat' dir='ltr'><strong>pere</strong></span> <span class='ocrx_word' id='word_1_819' title='bbox 2075 4742 2307 4810; x_wconf 88' lang='lat' dir='ltr'><strong>parabis.</strong></span> 
     </span>
    </p>
   </div>
   <div class='ocr_carea' id='block_1_110' title="bbox 1925 4828 3514 4902">
    <p class='ocr_par' dir='ltr' id='par_1_110' title="bbox 1925 4828 3514 4902">
     <span class='ocr_line' id='line_1_110' title="bbox 1925 4828 3514 4902; baseline -0.002 -17"><span class='ocrx_word' id='word_1_820' title='bbox 1925 4830 2122 4886; x_wconf 83' lang='lat' dir='ltr'><strong><em>CXXX</em></strong></span> <span class='ocrx_word' id='word_1_821' title='bbox 2139 4831 2242 4886; x_wconf 82' lang='lat' dir='ltr'><strong>VII</strong></span> <span class='ocrx_word' id='word_1_822' title='bbox 2253 4875 2268 4889; x_wconf 91' lang='lat'><strong>.</strong></span> <span class='ocrx_word' id='word_1_823' title='bbox 2288 4831 2544 4888; x_wconf 80' lang='lat' dir='ltr'><strong>Theodoto</strong></span> <span class='ocrx_word' id='word_1_824' title='bbox 2561 4833 2790 4886; x_wconf 83' lang='lat' dir='ltr'><strong>diacono.</strong></span> <span class='ocrx_word' id='word_1_825' title='bbox 2820 4832 3021 4896; x_wconf 83' lang='lat' dir='ltr'><strong>(Anno,</strong></span> <span class='ocrx_word' id='word_1_826' title='bbox 3036 4839 3091 4886; x_wconf 89' lang='lat' dir='ltr'><strong>ut</strong></span> <span class='ocrx_word' id='word_1_827' title='bbox 3109 4839 3341 4902; x_wconf 87' lang='lat' dir='ltr'><strong>putatur,</strong></span> <span class='ocrx_word' id='word_1_828' title='bbox 3363 4828 3514 4901; x_wconf 67' lang='lat'><strong>406.)</strong></span> 
     </span>
    </p>
   </div>
   <div class='ocr_carea' id='block_1_111' title="bbox 1995 4921 3514 4994">
    <p class='ocr_par' dir='ltr' id='par_1_111' title="bbox 1995 4921 3514 4994">
     <span class='ocr_line' id='line_1_111' title="bbox 1995 4921 3514 4994; baseline -0.001 -18"><span class='ocrx_word' id='word_1_829' title='bbox 1995 4923 2281 4978; x_wconf 87' lang='lat' dir='ltr'><strong>Tarditatis</strong></span> <span class='ocrx_word' id='word_1_830' title='bbox 2306 4939 2368 4978; x_wconf 89' lang='lat' dir='ltr'><strong>ac</strong></span> <span class='ocrx_word' id='word_1_831' title='bbox 2395 4924 2730 4994; x_wconf 68' lang='lat' dir='ltr'><strong>negligentiae</strong></span> <span class='ocrx_word' id='word_1_832' title='bbox 2761 4937 2858 4977; x_wconf 89' lang='lat' dir='ltr'><strong>nos</strong></span> <span class='ocrx_word' id='word_1_833' title='bbox 2886 4936 3139 4977; x_wconf 90' lang='lat' dir='ltr'><strong>accusare</strong></span> <span class='ocrx_word' id='word_1_834' title='bbox 3177 4921 3362 4975; x_wconf 89' lang='lat' dir='ltr'><strong>desine</strong></span> <span class='ocrx_word' id='word_1_835' title='bbox 3385 4962 3400 4985; x_wconf 94' lang='lat'><strong>,</strong></span> <span class='ocrx_word' id='word_1_836' title='bbox 3446 4936 3514 4975; x_wconf 88' lang='lat' dir='ltr'><strong>ne</strong></span> 
     </span>
    </p>
   </div>
   <div class='ocr_carea' id='block_1_112' title="bbox 1925 5011 3512 5084">
    <p class='ocr_par' dir='ltr' id='par_1_112' title="bbox 1925 5011 3512 5084">
     <span class='ocr_line' id='line_1_112' title="bbox 1925 5011 3512 5084; baseline -0.002 -17"><span class='ocrx_word' id='word_1_837' title='bbox 1925 5021 1980 5068; x_wconf 91' lang='lat' dir='ltr'><strong>te</strong></span> <span class='ocrx_word' id='word_1_838' title='bbox 2000 5015 2171 5084; x_wconf 89' lang='lat' dir='ltr'><strong>ipsum</strong></span> <span class='ocrx_word' id='word_1_839' title='bbox 2203 5016 2348 5084; x_wconf 90' lang='lat' dir='ltr'><strong>prius</strong></span> <span class='ocrx_word' id='word_1_840' title='bbox 2395 5015 2632 5084; x_wconf 86' lang='lat' dir='ltr'><strong>ejusdem</strong></span> <span class='ocrx_word' id='word_1_841' title='bbox 2661 5013 2897 5070; x_wconf 89' lang='lat' dir='ltr'><strong>criminis</strong></span> <span class='ocrx_word' id='word_1_842' title='bbox 2938 5028 3088 5068; x_wconf 90' lang='lat' dir='ltr'><strong>reum</strong></span> <span class='ocrx_word' id='word_1_843' title='bbox 3117 5027 3356 5083; x_wconf 89' lang='lat' dir='ltr'><strong>peragas.</strong></span> <span class='ocrx_word' id='word_1_844' title='bbox 3381 5011 3512 5066; x_wconf 85' lang='lat' dir='ltr'><strong>Nam</strong></span> 
     </span>
    </p>
   </div>
   <div class='ocr_carea' id='block_1_113' title="bbox 1925 5104 3512 5176">
    <p class='ocr_par' dir='ltr' id='par_1_113' title="bbox 1925 5104 3512 5176">
     <span class='ocr_line' id='line_1_113' title="bbox 1925 5104 3512 5176; baseline -0.002 -16"><span class='ocrx_word' id='word_1_845' title='bbox 1925 5119 2047 5160; x_wconf 90' lang='lat' dir='ltr'><strong>cum</strong></span> <span class='ocrx_word' id='word_1_846' title='bbox 2079 5115 2154 5160; x_wconf 90' lang='lat' dir='ltr'><strong>tot</strong></span> <span class='ocrx_word' id='word_1_847' title='bbox 2195 5106 2468 5176; x_wconf 88' lang='lat' dir='ltr'><strong>epistolas,</strong></span> <span class='ocrx_word' id='word_1_848' title='bbox 2496 5115 2626 5176; x_wconf 92' lang='lat' dir='ltr'><strong>quot</strong></span> <span class='ocrx_word' id='word_1_849' title='bbox 2653 5105 2935 5176; x_wconf 91' lang='lat' dir='ltr'><strong>scripsisti,</strong></span> <span class='ocrx_word' id='word_1_850' title='bbox 2967 5119 2997 5159; x_wconf 87' lang='lat' dir='ltr'><strong>a</strong></span> <span class='ocrx_word' id='word_1_851' title='bbox 3027 5105 3179 5159; x_wconf 89' lang='lat' dir='ltr'><strong>nobis</strong></span> <span class='ocrx_word' id='word_1_852' title='bbox 3205 5104 3474 5174; x_wconf 89' lang='lat' dir='ltr'><strong>acceperis</strong></span> <span class='ocrx_word' id='word_1_853' title='bbox 3497 5146 3512 5168; x_wconf 93' lang='lat'><strong>,</strong></span> 
     </span>
    </p>
   </div>
   <div class='ocr_carea' id='block_1_114' title="bbox 1926 5197 3516 5270">
    <p class='ocr_par' dir='ltr' id='par_1_114' title="bbox 1926 5197 3516 5270">
     <span class='ocr_line' id='line_1_114' title="bbox 1926 5197 3516 5270; baseline 0 -18"><span class='ocrx_word' id='word_1_854' title='bbox 1926 5214 2029 5252; x_wconf 90' lang='lat' dir='ltr'><strong>una</strong></span> <span class='ocrx_word' id='word_1_855' title='bbox 2060 5198 2335 5253; x_wconf 84' lang='lat' dir='ltr'><strong>dumtaxat</strong></span> <span class='ocrx_word' id='word_1_856' title='bbox 2365 5207 2608 5268; x_wconf 86' lang='lat' dir='ltr'><strong>excepta,</strong></span> <span class='ocrx_word' id='word_1_857' title='bbox 2639 5207 2814 5254; x_wconf 90' lang='lat' dir='ltr'><strong>tamen</strong></span> <span class='ocrx_word' id='word_1_858' title='bbox 2856 5198 3074 5270; x_wconf 90' lang='lat' dir='ltr'><strong>perinde</strong></span> <span class='ocrx_word' id='word_1_859' title='bbox 3100 5213 3162 5254; x_wconf 92' lang='lat' dir='ltr'><strong>ac</strong></span> <span class='ocrx_word' id='word_1_860' title='bbox 3187 5199 3230 5253; x_wconf 91' lang='lat' dir='ltr'><strong>si</strong></span> <span class='ocrx_word' id='word_1_861' title='bbox 3259 5197 3516 5268; x_wconf 84' lang='lat' dir='ltr'><strong>plurimas</strong></span> 
     </span>
    </p>
   </div>
   <div class='ocr_carea' id='block_1_115' title="bbox 1929 5287 3514 5362">
    <p class='ocr_par' dir='ltr' id='par_1_115' title="bbox 1929 5287 3514 5362">
     <span class='ocr_line' id='line_1_115' title="bbox 1929 5287 3514 5362; baseline -0.001 -17"><span class='ocrx_word' id='word_1_862' title='bbox 1929 5307 1958 5346; x_wconf 87' lang='lat' dir='ltr'><strong>a</strong></span> <span class='ocrx_word' id='word_1_863' title='bbox 1992 5301 2043 5346; x_wconf 90' lang='lat' dir='ltr'><strong>te</strong></span> <span class='ocrx_word' id='word_1_864' title='bbox 2072 5292 2253 5346; x_wconf 87' lang='lat' dir='ltr'><strong>literas</strong></span> <span class='ocrx_word' id='word_1_865' title='bbox 2279 5291 2704 5362; x_wconf 89' lang='lat' dir='ltr'><strong>accepissemus,</strong></span> <span class='ocrx_word' id='word_1_866' title='bbox 2744 5291 2832 5348; x_wconf 89' lang='lat' dir='ltr'><strong>his</strong></span> <span class='ocrx_word' id='word_1_867' title='bbox 2857 5292 3035 5348; x_wconf 85' lang='lat' dir='ltr'><strong>verbis</strong></span> <span class='ocrx_word' id='word_1_868' title='bbox 3061 5306 3186 5346; x_wconf 90' lang='lat' dir='ltr'><strong>usus</strong></span> <span class='ocrx_word' id='word_1_869' title='bbox 3219 5305 3300 5358; x_wconf 89' lang='lat' dir='ltr'><strong>es,</strong></span> <span class='ocrx_word' id='word_1_870' title='bbox 3333 5300 3383 5344; x_wconf 91' lang='lat' dir='ltr'><strong>te</strong></span> <span class='ocrx_word' id='word_1_871' title='bbox 3404 5287 3514 5344; x_wconf 86' lang='lat' dir='ltr'><strong>fre-</strong></span> 
     </span>
    </p>
   </div>
   <div class='ocr_carea' id='block_1_116' title="bbox 1926 5384 3510 5454">
    <p class='ocr_par' dir='ltr' id='par_1_116' title="bbox 1926 5384 3510 5454">
     <span class='ocr_line' id='line_1_116' title="bbox 1926 5384 3510 5454; baseline -0.002 -16"><span class='ocrx_word' id='word_1_872' title='bbox 1926 5385 2211 5454; x_wconf 85' lang='lat' dir='ltr'><strong>quentibus</strong></span> <span class='ocrx_word' id='word_1_873' title='bbox 2260 5384 2425 5440; x_wconf 90' lang='lat' dir='ltr'><strong>literis</strong></span> <span class='ocrx_word' id='word_1_874' title='bbox 2477 5401 2576 5442; x_wconf 89' lang='lat' dir='ltr'><strong>nos</strong></span> <span class='ocrx_word' id='word_1_875' title='bbox 2622 5387 2687 5441; x_wconf 92' lang='lat' dir='ltr'><strong>ad</strong></span> <span class='ocrx_word' id='word_1_876' title='bbox 2743 5387 3084 5444; x_wconf 88' lang='lat' dir='ltr'><strong>scribendum</strong></span> <span class='ocrx_word' id='word_1_877' title='bbox 3137 5385 3510 5442; x_wconf 83' lang='lat' dir='ltr'><strong>excitaturum.</strong></span> 
     </span>
    </p>
   </div>
   <div class='ocr_carea' id='block_1_117' title="bbox 1928 5478 3508 5553">
    <p class='ocr_par' dir='ltr' id='par_1_117' title="bbox 1928 5478 3508 5553">
     <span class='ocr_line' id='line_1_117' title="bbox 1928 5478 3508 5553; baseline 0.007 -23"><span class='ocrx_word' id='word_1_878' title='bbox 1928 5478 2257 5547; x_wconf 84' lang='lat' dir='ltr'><strong>Quamquam</strong></span> <span class='ocrx_word' id='word_1_879' title='bbox 2303 5489 2482 5536; x_wconf 87' lang='lat' dir='ltr'><strong>autem</strong></span> <span class='ocrx_word' id='word_1_880' title='bbox 2531 5480 2645 5538; x_wconf 89' lang='lat' dir='ltr'><strong>ﬁeri</strong></span> <span class='ocrx_word' id='word_1_881' title='bbox 2689 5490 2892 5553; x_wconf 87' lang='lat' dir='ltr'><strong>potest,</strong></span> <span class='ocrx_word' id='word_1_882' title='bbox 2935 5491 2991 5538; x_wconf 90' lang='lat' dir='ltr'><strong>ut</strong></span> <span class='ocrx_word' id='word_1_883' title='bbox 3031 5481 3289 5552; x_wconf 61' lang='lat' dir='ltr'><strong>quispia&quot;</strong></span> <span class='ocrx_word' id='word_1_884' title='bbox 3491 5514 3508 5541; x_wconf 70' lang='grc' dir='ltr'><strong>ι</strong></span> 
     </span>
    </p>
   </div>
   <div class='ocr_carea' id='block_1_118' title="bbox 1996 5587 2423 5652">
    <p class='ocr_par' dir='ltr' id='par_1_118' title="bbox 1996 5587 2423 5652">
     <span class='ocr_line' id='line_1_118' title="bbox 1996 5587 2423 5652; baseline 0.016 -15"><span class='ocrx_word' id='word_1_885' title='bbox 1996 5590 2013 5622; x_wconf 73' lang='grc' dir='ltr'><strong>ι</strong></span> <span class='ocrx_word' id='word_1_886' title='bbox 2048 5587 2256 5652; x_wconf 80' lang='lat' dir='ltr'><strong>Coislin.,</strong></span> <span class='ocrx_word' id='word_1_887' title='bbox 2277 5589 2423 5644; x_wconf 83' lang='lat' dir='ltr'><strong>mala.</strong></span> 
     </span>
    </p>
   </div>
  </div>
