4064 6218
355 143 465 200 695

353 258 524 333 φιλῶν
555 259 616 314 οὐ
650 258 916 330 παύομαι.
935 256 1093 312 Ἀλλά
1119 256 1222 312 κᾶν
1255 255 1444 329 χρόνος
1472 253 1695 326 γένηται
1729 252 1936 325 μακρό-

351 369 514 426 τερος
545 353 574 406 ό
609 351 811 423 μεταξὺ
840 348 934 405 τοῦ
962 347 1245 421 χωρισμοῦ
1277 347 1372 402 τοῦ
1398 346 1688 418 ἡμετέρου,
1722 343 1824 398 κᾶν
1857 343 1937 405 είς

355 445 700 516 ἐρημότερον
745 442 1134 513 ἀπενεχθῶμεν
1164 441 1379 512 χωρίον,
1406 438 1529 492 οὐτε
1578 436 1828 491 ἐκϐαλεῖν
1877 451 1937 488 σε

300 555 303 564 ·
357 536 454 606 τῆς
479 534 661 606 ψυχῆς
696 533 992 606 δυνάμεθα,
1021 531 1144 587 οὕτε
1180 533 1254 603 μὴ
1298 529 1560 603 διηνεκῶς
1585 526 1938 598 ἀκμάζουσαν

301 677 306 684 .
356 627 632 697 διατηρεῖν
675 624 774 695 τὴν
821 624 949 695 περὶ
1004 623 1064 676 σὲ
1111 623 1370 677 διάθεσιν.
1413 619 1575 674 Ταῦτ’
1601 615 1694 672 οὖν
1742 617 1934 685 εἰδὼς,

303 723 306 726 ’
357 719 540 791 γράφε
589 715 831 787 συνεχῶς
880 717 1011 787 ἡμῖν
1055 715 1123 768 τά
1166 715 1293 787 περὶ
1338 716 1438 786 τῆς
1471 714 1659 782 ὑγείας
1684 714 1783 785 τῆς
1816 712 1935 783 σῆς.

358 811 570 865 Πλείων
594 810 704 879 γὰρ
734 810 863 879 ὑμῖν
891 809 924 879 ἡ
948 807 1166 862 εὐκολία
1203 807 1418 874 τούτου,
1448 809 1665 880 ἢλὴμίν.
1701 808 1764 861 Εἰ
1804 806 1861 860 δέ
1904 805 1938 875 ἡ

361 898 456 953 τοῦ
487 899 644 963 ἔτους
669 899 786 970 ῶρα
817 897 1124 961 διακωλύει,
1151 897 1246 952 καὶ
1266 897 1374 950 τῶν
1412 896 1730 968 Ἰσαυρικῶν
1755 895 1940 949 κακῶν

362 994 398 1064 ἡ
432 989 749 1060 σφοδρότης,
785 988 988 1052 εἰδότες
1015 1005 1108 1042 σου
1145 987 1244 1058 τὴν
1269 986 1492 1058 γνώμην
1518 987 1585 1059 ἡν
1626 987 1756 1058 περὶ
1793 988 1941 1058 ἡμᾶς

360 1082 526 1154 ἔχεις,
557 1079 836 1152 ἀρκοῦσαν
867 1079 967 1151 τῆς
1007 1080 1224 1151 μακρᾶς
1259 1077 1417 1149 σιγῆς
1448 1077 1643 1150 ἕξομεν
1682 1096 1942 1152 παραμυ-

358 1174 506 1230 θίαν.

712 1267 901 1320 ΡΛΗ’.
953 1265 1228 1333 Ἐλπιδίῳ
1259 1269 1587 1333 ἐπισκόπῳ.

439 1366 572 1427 Οἶδα
596 1372 678 1426 ὅτι
701 1372 946 1442 ὀλιγάκις
965 1375 1275 1432 ἐπέσταλκα
1300 1380 1364 1449 τῇ
1393 1378 1670 1449 τιμιότητί
1693 1395 1806 1441 σου,
1826 1379 1940 1432 ἀλλ’

361 1465 465 1536 οὐχ
493 1462 658 1529 ἐκὼν,
709 1462 824 1518 ἀλλ’
863 1465 967 1518 ὑπὸ
1012 1467 1110 1538 τῆς
1159 1468 1268 1522 τῶν
1318 1471 1656 1540 πραγμάτων
1697 1470 1942 1540 ἀνάγκης

359 1559 745 1628 κατεχόμενος.
776 1559 886 1612 Καὶ
929 1560 1037 1631 γὰρ
1081 1564 1113 1632 ἡ
1163 1561 1258 1616 τοῦ
1291 1562 1444 1627 ἐτους
1473 1562 1612 1633 ῶρα,
1642 1563 1738 1616 καὶ
1786 1566 1818 1635 ἡ
1848 1562 1941 1617 τοῦ

363 1649 566 1720 χωρίου
606 1648 810 1720 ἐρημία
838 1651 896 1703 ἐν
922 1644 966 1719 ᾧ
1000 1651 1372 1724 καθείργμεθα
1395 1654 1770 1726 δεσμωτηρίου
1792 1653 1946 1724 χαλε·-

360 1741 634 1813 πώτερον,
665 1743 760 1796 καὶ
790 1744 823 1814 ἡ
856 1743 965 1798 τῶν
991 1745 1224 1799 ἐνταῦθα
1255 1746 1702 1816 παραγινομένων
1725 1747 1941 1810 σπάνις,

358 1833 461 1889 καὶ
488 1834 546 1887 τὸ
581 1834 716 1906 μηδὲ
745 1834 925 1888 αὐτῶν
950 1835 1056 1890 τῶν
1081 1835 1275 1904 ὀλίγων
1311 1837 1527 1891 πάντων
1555 1837 1792 1908 γνησίων
1823 1837 1944 1890 ἐπι-

364 1927 677 1997 τυγχάνειν,
708 1926 868 1980 ἔτιδὲ
897 1929 993 1981 καὶ
1027 1929 1058 1998 ἡ
1088 1926 1181 1981 τοῦ
1211 1927 1460 2000 σώματος
1501 1928 1782 2001 ἀρρωστία
1811 1929 1943 1998 σφό⁴

357 2017 468 2090 δρα
500 2019 647 2090 ἡμᾶς
685 2019 1166 2090 κατεργασαμένη,
1203 2019 1298 2072 καὶ
1337 2020 1516 2073 πάντα
1559 2019 1651 2074 τὸν
1696 2019 1944 2092 χειμῶνα

359 2113 432 2183 τῇ
483 2111 639 2184 κλίνη
683 2111 1104 2186 προσηλώσασα,
1133 2113 1233 2185 τὴν
1278 2112 1495 2187 μακράν
1540 2111 1747 2182 ταύτην
1786 2111 1944 2184 σιγὴν

365 2203 645 2274 ἐποίησεν,
675 2205 792 2258 ἀλλ’
817 2205 878 2258 οὐ
923 2205 1022 2276 τὴν
1050 2205 1187 2271 ,ἀπὸ
1236 2204 1481 2276 γνώμης,
1511 2205 1646 2259 ἀλλά
1692 2204 1792 2278 τὴν
1837 2205 1945 2259 ἀπὸ

357 2291 638 2365 γλώσσης.
665 2295 818 2365 Μηδὲ
845 2295 1035 2365 νόμιζε
1063 2296 1330 2359 τοσαύτας
1362 2296 1609 2366 δέχεσθαι
1633 2295 1941 2360 ἐπιστολὰς,

359 2384 498 2448 ὅσας
544 2385 986 2456 διεπεμψάμεθα,
1019 2387 1154 2442 ἀλλά
1183 2387 1364 2458 πολλῷ
1392 2387 1629 2447 πλείους.
1646 2387 1859 2460 Ἡγήσῃ
1888 2387 1946 2440 δὲ

364 2474 546 2538 τοῦτο,
571 2475 636 2529 ἂν
665 2475 739 2547 μὴ
767 2477 864 2540 τάς
889 2477 977 2531 διὰ
1007 2477 1210 2549 χάρτου
1244 2479 1340 2532 καὶ
1361 2478 1591 2550 μέλανος
1612 2479 1793 2549 μόνον,
1811 2478 1947 2533 ἀλλά

366 2568 463 2621 καὶ
495 2567 592 2631 τὰς
626 2567 734 2620 ἀπὸ
753 2568 1052 2634 διαθέσεως
1085 2569 1346 2642 ἀριθμῇς,
1384 2572 1492 2624 Καὶ
1511 2570 1620 2642 γὰρ
1645 2573 1712 2643 τῇ
1738 2571 1946 2642 διανοίᾳ

364 2660 610 2730 συνεχῶς
657 2661 1093 2732 ἐπεστάλκαμεν,
1145 2662 1240 2716 καὶ
1286 2663 1373 2716 ἀεί
1423 2679 1507 2716 σοι
1557 2663 1945 2733 συγγινόμεθα,

364 2749 461 2803 καὶ
499 2750 648 2803 οὐδὲν
677 2751 797 2805 οὐδέ
833 2753 934 2823 τῆς
962 2752 1083 2806 ὀδοῦ
1116 2753 1178 2806 τὸ
1208 2754 1400 2825 μῆκος,
1439 2756 1501 2808 οὐ
1536 2754 1628 2808 τοῦ
1662 2755 1853 2825 χρόνου
1887 2757 1948 2809 τὸ

368 2840 595 2912 πλῆθος,
628 2841 752 2895 οὐτε
803 2844 859 2897 αί
913 2844 1025 2897 τῶν
1069 2847 1410 2916 πραγμάτων
1455 2846 1806 2917 περιστάσεις
1849 2846 1948 2917 τὴν

365 2935 502 3005 περὶ
539 2934 640 3006 τὴν
684 2933 781 3005 σὴν
824 2935 1112 3006 τιμιότητα
1140 2935 1378 2990 διάθεσιν
1405 2938 1536 3008 ἡμῖν
1567 2936 1950 3008 ἀμαυροτέραν

371 3028 656 3096 ἐποίησαν.
688 3028 849 3081 Ἀλλά
898 3028 1132 3100 μένομεν
1179 3027 1532 3098 ἀκμάζουσαν
1570 3028 1738 3100 αὑτὴν
1769 3027 1951 3099 διατη·

375 3117 615 3189 ροῦντες,
648 3119 742 3172 καὶ
773 3117 864 3172 τὸν
899 3119 1128 3188 σφοδρὸν
1157 3118 1312 3190 ἡμῶν
1340 3119 1433 3171 καὶ
1463 3117 1660 3188 θερμὸν
1693 3119 1949 3190 ἐραστὴν,

370 3209 478 3262 κᾶν
511 3208 591 3272 είς
619 3207 948 3280 ἐρημότερον
983 3209 1172 3262 τούτου
1211 3208 1410 3280 χωρίον
1441 3208 1784 3280 ἀπέλθωμεν,
1817 3225 1952 3263 παν-

371 3300 538 3372 ταχοῦ
588 3300 977 3372 περιφέροντες
1023 3302 1262 3373 ἄπιμεν,
1315 3299 1507 3373 [682]
1553 3301 1953 3371 ἐγκολάψαντες

369 3393 535 3464 ἡμῶν
562 3395 626 3464 τῇ
662 3392 885 3463 διανοίᾳ.
907 3393 1156 3447 Τοιοῦτον
1177 3393 1285 3465 γάρ
1311 3393 1371 3446 τὸ
1397 3394 1635 3465 γνησίως
1663 3394 1836 3464 φιλεῖν
1856 3411 1868 3422 ·
1892 3395 1951 3448 οὐ

373 3486 573 3556 χρόνῳ,
615 3485 674 3538 οὐ
727 3485 898 3556 τόπῳ,
943 3485 1041 3555 οὐχ
1093 3486 1213 3538 ὀδοῦ
1267 3485 1453 3556 μήκει,
1499 3487 1560 3539 οὐ
1614 3485 1954 3558 πραγμάτων

374 3579 699 3650 περιστάσει
738 3577 980 3649 ἐξίτηλον
1030 3578 1261 3647 γίνεται.
1311 3579 1422 3632 Καὶ
1459 3577 1618 3632 τοῦτο
1659 3575 1818 3633 οἶσθα
1861 3579 1955 3632 καὶ

374 3670 557 3736 αὐτὸς,
586 3670 774 3742 ἐπειδὴ
798 3671 896 3724 καὶ
918 3670 1157 3747 γνησίως
1188 3664 1345 3724 οἶσθα
1374 3669 1568 3740 φιλεῖν.

551 3787 733 3840 ΡΛΘ’.
778 3782 1052 3853 Θεοδώρῳ
1089 3784 1518 3853 Κονσουλαρίῳ
1539 3783 1779 3853 Συρίας.

447 3895 622 3959 Αὐτὸς
672 3895 771 3966 μὲν
814 3894 952 3966 ἔφης
991 3895 1217 3967 σημεῖον
1262 3892 1537 3949 ποιεῖσθαι
1575 3894 1828 3965 μέγιστον
1859 3893 1954 3948 τοῦ

376 3986 565 4060 μέλειν
589 3987 720 4058 ἡμῖν
753 3985 865 4040 τῶν
893 3985 1024 4052 σῶν,
1053 3988 1102 4042 εί
1130 3987 1396 4060 δευτέραι
1441 3986 1580 4058 μετά
1617 3987 1718 4058 τὴν
1762 3985 1958 4056 προτέ-

377 4096 484 4151 ραν
513 4078 772 4150 ἐπιστολὴ
803 4078 947 4132 ἐλθοι
979 4079 1118 4150 πρὸς
1155 4078 1252 4151 τὴν
1297 4079 1398 4150 σὴν
1439 4078 1800 4151 λαμπρότητα
1827 4077 1956 4149 παρ’

376 4169 559 4240 ἡμῶν.
589 4170 780 4241 Ἡμεῖς
819 4168 876 4224 δὲ
921 4171 971 4235 εί
1010 4169 1120 4225 τῶν
1167 4171 1250 4236 είς
1293 4169 1451 4224 τοῦτο
1491 4169 1958 4242 διακονησομένων

375 4263 514 4334 ἡμῖν
538 4260 901 4335 εὐποροῦμεν,
923 4262 1153 4332 νιφάδας
1172 4261 1240 4316 ἂν
1267 4261 1595 4334 ἐπέμψαμεν
1614 4262 1958 4333 γραμμάτων

376 4352 518 4424 πρὸς
547 4352 716 4424 ἄνδρα
743 4351 889 4406 οὕτω
924 4349 1182 4424 χρηστὸν,
1219 4352 1316 4408 καὶ
1342 4352 1582 4422 ἐπιεικῆ,
1615 4352 1704 4405 καὶ
1731 4351 1959 4421 σφοδρὸν

376 4438 539 4510 ἡμῶν
573 4438 830 4512 ἐραστὴν,
863 4439 961 4494 καὶ
995 4437 1136 4510 μετὰ
1176 4439 1448 4511 τοσαύτης
1491 4439 1784 4512 ἐπιθυμίας
1807 4440 1959 4512 δεχό-

382 4545 548 4600 μενον
577 4529 734 4602 ἡμῶν
777 4528 878 4595 τὰς
925 4530 1236 4595 ἐπιστολάς.
1266 4530 1406 4585 Ἀλλ’
1429 4531 1617 4603 ἐπειδὴ
1663 4530 1822 4585 τοῦτο
1861 4532 1961 4590 οὐκ

380 4622 486 4691 ἐνι,
507 4623 935 4696 παρακαλοῦμέν
963 4641 1058 4680 σου
1083 4625 1182 4698 τὴν
1207 4623 1587 4698 λαμπρότητα,
1623 4624 1698 4697 μὴ
1715 4625 1826 4680 τῶν
1847 4628 1963 4680 ἐπι-

381 4717 589 4773 στολῶν
609 4717 830 4790 ἀριθμῷ
857 4720 1077 4790 μετρεῖν
1106 4719 1266 4792 ἡμῶν
1291 4718 1390 4790 τὴν
1429 4720 1670 4792 ἀγάπην,
1703 4720 1838 4774 ἀλλά
1868 4721 1962 4774 καὶ

384 4809 664 4879 σιγώντων
691 4810 783 4864 καὶ
806 4809 1147 4881 γραφόντων,
1169 4809 1345 4881 ἤνπερ
1371 4810 1463 4864 καὶ
1488 4809 1796 4880 ἔμπροσθεν
1816 4805 1962 4880 εἶχες

382 4905 516 4975 περὶ
541 4904 711 4974 αὐτῆς
738 4904 938 4974 ψῆφον,
975 4901 1181 4974 ταύτην
1204 4903 1458 4972 ἀκίνητον
1492 4903 1789 4974 διατηρεῖν,
1811 4901 1962 4971 λογι-

329 5021 332 5023 λ
382 4997 623 5068 ζόμονον
655 4997 733 5061 ὡς
775 4997 876 5067 τὴν
919 4995 1077 5067 σιγὴν
1121 4997 1253 5068 ἡμῖν
1285 4995 1648 5067 μακροτέραν,
1676 4996 1777 5068 οὐχ
1802 4998 1836 5068 ἡ
1869 4997 1962 5051 τοῦ

383 5091 591 5160 τρόπω
623 5089 891 5162 ῥᾳθυμία,
913 5087 1028 5143 ἀλλ’
1051 5090 1086 5160 ἡ
1109 5087 1203 5143 τοῦ
1223 5087 1391 5142 τόπου
1416 5089 1813 5154 κατασκευάζει
1836 5091 1966 5162 ἐρη-

387 5197 508 5252 μια.

796 5275 936 5328 PM'.
982 5272 1245 5338 Θεοδότῳ
1274 5272 1550 5339 διακόνῳ.

463 5387 537 5442 Οὐ
571 5389 777 5458 μικρὰν
799 5387 1020 5458 εἴχομεν
1046 5385 1400 5459 παραμυθίαν
1420 5387 1480 5440 ἐν
1501 5385 1708 5458 ἐρημίᾳ
1728 5385 1964 5457 τοσαύτῃ

457 5495 484 5523 ⁸
509 5492 656 5544 Savil.
685 5495 914 5559 integto
933 5490 1021 5559 τοῦ
1044 5483 1232 5558 ἀμελεῖν
1273 5495 1399 5557 ἡμᾶς
1431 5495 1527 5544 τῶν
1549 5495 1667 5557 σῶν,
1691 5494 1732 5544 ει
1753 5494 1963 5559 δευτέρα.

385 5553 452 5608 ιη
473 5568 623 5620 marg.
646 5557 774 5619 conj.
799 5554 840 5605 εί
862 5557 927 5620 μή
949 5557 1074 5605 δευτ.

1805 131 2187 192 Εριετοιηε.

3498 138 3602 198 696
3629 211 3643 229 ι

2037 252 2100 306 τὸ
2129 253 2366 324 συνεχῶς
2396 253 2652 308 δύνασθαι
2679 253 3016 308 ἐπιστέλλειν
3050 271 3142 307 σου
3173 255 3239 326 τῇ
3273 252 3604 326 γλυκύτητιο

2039 340 2176 394 ἀλλά
2217 340 2492 395 καὶτοῦτο
2517 343 2662 412 ἡμᾶς
2690 342 2978 412 παρείλετο
3009 341 3116 395 τῶν
3150 342 3466 414 Ὶσαυρικῶν
3503 359 3606 396 κα-

2037 427 2150 480 κῶν
2180 429 2212 498 ἡ
2242 427 2580 498 περίστασις.
2599 428 2947 492 Ἐπιστάντος
2974 429 3083 500 γὰρ
3107 428 3200 482 τοῦ
3225 429 3384 500 ἔαρος
3407 428 3608 499 ἡνθησε

2041 517 2140 569 καὶ
2167 517 2234 570 τά
2266 518 2365 588 τῆς
2398 519 2623 571 ἐκείνων
2663 519 2873 587 ἐφόδου,
2906 519 3002 572 καὶ
3039 519 3308 589 πανταχοῦ
3335 517 3444 571 τῶν
3475 519 3612 572 ὁδῶν

2039 605 2178 657 εἰσιν
2222 605 2615 675 ἐκκεχυμένοι,
2667 609 2832 658 πᾶσιν
2884 605 3120 668 ἀϐάτους
3175 605 3453 669 ποιοῦντες
3511 606 3610 667 τάς

2039 690 2516 764 λεωφόρους.Ἤδη
2551 693 2682 762 γοῦν
2721 694 2815 748 καὶ
2857 696 3111 763 γυναῖκες
3139 693 3416 764 ἐλεύθεραι
3449 693 3614 746 ἐάλωο

2042 795 2161 841 σαν,
2203 780 2296 832 καὶ
2316 779 2507 851 ἄνδρες
2531 781 2867 852 ἐσφάγησαν.
2903 781 2993 833 Διὸ
3014 779 3315 852 παρακαλῶ
3345 777 3613 848 συγγινώ-

2042 883 2193 918 σκειν
2227 867 2358 938 ἡμῖν
2389 868 2463 938 μὴ
2493 867 2732 938 συνεχῶς
2761 869 3191 938 γεγραφηκόσιν.
3210 867 3428 938 Ἐπειδὴ
3468 866 3524 920 δέ
3550 862 3610 920 εὗ

2040 949 2176 1019 οἶδα,
2199 954 2283 1006 ὅτι
2320 953 2783 1024 περισπούδαστόν
2815 972 2896 1008 σοι
2932 955 3219 1022 μανθάνειν
3245 955 3314 1008 τὰ
3345 953 3473 1025 περὶ
3513 953 3613 1024 τῆς

2043 1039 2254 1109 ὑγιείας
2303 1040 2481 1111 ἡμῶν,
2510 1039 2998 1113 δεινοπαθήσαντες
3037 1042 3288 1112 χαλεπῶς
3336 1039 3478 1095 κατά
3520 1040 3616 1094 τὸν

2043 1128 2380 1199 παρελθόντα
2425 1130 2692 1202 χειμῶνα,
2719 1130 2899 1199 ὀλίγον
2943 1130 3323 1202 ἀνηνέγκαμεν
3369 1128 3485 1194 νῦν,
3520 1130 3616 1183 καὶ⁵

2041 1217 2492 1288 διαταραχθέντες
2525 1218 2688 1272 πάλιν
2727 1221 2798 1290 τῇ
2842 1218 3127 1290 ἀνωμαλίᾳ
3154 1217 3248 1272 τοῦ
3277 1218 3440 1289 ἀέρος
3479 1217 3618 1283 (καὶ

2042 1303 2152 1375 γάρ
2184 1306 2278 1358 καὶ
2307 1303 2402 1368 νῦν
2432 1306 2640 1377 χειμὼν
2670 1305 2906 1359 ἐνταῦθα
2941 1306 3252 1378 ἀκμάζων),
3277 1305 3425 1376 ὅμως
3450 1322 3620 1376 προσ-

2043 1388 2290 1459 δοκῶμεν
2326 1389 2393 1443 τὸι
2429 1390 2656 1460 λείψανα
2681 1392 2780 1461 τῆς
2819 1392 3129 1464 ἀρρωστίας
3155 1391 3474 1455 ἀποθέσθαι,
3519 1407 3628 1443 κα-

2045 1477 2214 1548 θαροῦ
2242 1477 2502 1546 φανέντος
2521 1478 2614 1532 τοῦ
2642 1479 2854 1550 θέρους.
2881 1479 3043 1532 Οὐδὲν
3061 1481 3169 1551 γὰρ
3196 1479 3351 1550 ἡμῶν
3373 1479 3436 1531 τὺ
3459 1477 3620 1547 σῶμα

2044 1565 2216 1631 οὕτως
2247 1566 2588 1638 λυμαίνεται,
2623 1568 2700 1631 ὡς
2725 1568 2958 1639 κρυμὸς,
2990 1567 3114 1621 οὐτε
3145 1569 3404 1640 ὀνίνησιν,
3427 1566 3502 1632 ὡς
3526 1565 3619 1620 θέ-

2047 1671 2160 1726 ρος,
2188 1655 2282 1709 καὶ
2307 1656 2340 1727 ἡ
2369 1653 2464 1709 τοῦ
2494 1654 2796 1709 θάλπεσθαι
2831 1654 3174 1726 παραμυθία.

2254 1791 2445 1843 PMA'.
2489 1787 2750 1850 Θεοδότῳ
2777 1786 2895 1842 ἀπὸ
2928 1785 3410 1854 Κονσουλαρίων.

2113 1877 2292 1932 Πολλά
2331 1895 2411 1931 σοι
2461 1876 2532 1930 τά
2581 1876 2762 1946 ἀγαθά
2807 1875 3036 1946 γένοιτο,
3070 1876 3150 1930 ὃτι
3193 1877 3284 1929 τὸν
3324 1875 3437 1930 υίδν
3482 1874 3622 1947 μετά

2044 1964 2311 2035 τοσαύτης
2335 1963 2578 2030 ὐπεδέξω
2605 1963 2794 2035 τιμῆς.
2827 1963 2998 2017 Τοῦτο
3025 1965 3132 2038 γάρ
3173 1963 3334 2027 αὐτὸς
3358 1965 3486 2035 ἡμῖν
3507 1963 3624 2035 ἐδή-

2044 2054 2206 2118 λωσε,
2243 2054 2338 2106 καὶ
2366 2053 2467 2106 οὐκ
2502 2051 2761 2124 ἔκρυψεν,
2787 2051 2923 2123 ὀμοῦ
2952 2069 3013 2105 τε
3031 2053 3130 2122 τὴν
3152 2053 3278 2123 περὶ
3297 2051 3388 2106 τὸν
3410 2051 3626 2123 πατέρα

2045 2139 2465 2211 εὐγνωμοσύνην
2499 2139 2963 2209 ἐπιδεικνύμενος,
2991 2139 3087 2193 καὶ
3117 2139 3263 2210 ἡμᾶς
3292 2137 3496 2209 πολλῆς
3519 2141 3623 2208 ἐμ-

2049 2230 2251 2300 πλῆσαι
2276 2227 2595 2300 βουλόμενος
2620 2227 2833 2298 ἡδονῆς.
2850 2227 3004 2281 Ἐπεὶ
3026 2228 3120 2281 καὶ
3142 2225 3415 2298 ἡμετέραν
3428 2225 3626 2296 διπλῆν

2046 2317 2328 2392 ἡγούμεθα
2358 2312 2498 2372 εἶναι
2532 2315 2630 2388 τὴν
2660 2316 2848 2388 τιμὴν,
2882 2315 2961 2386 τῷ
3009 2333 3068 2370 τε
3115 2317 3264 2387 ἡμᾶς
3317 2316 3517 2380 αὐτοὺς
3563 2309 3624 2370 εὖ

2045 2408 2375 2462 πεπονθέναι
2418 2406 2680 2478 νομίζειν,
2710 2407 2854 2477 άπερ
2902 2405 2968 2460 ἂν
3004 2407 3209 2470 ἐκεῖνος
3241 2401 3300 2460 εὖ
3335 2404 3504 2477 πάθῃ,
3545 2407 3626 2477 τῷ

2044 2515 2106 2551 τε
2137 2497 2232 2550 καὶ
2259 2496 2367 2550 ἀπὸ
2401 2495 2511 2548 τῶν
2538 2495 2929 2567 γραμμάτωνδ
2970 2493 3080 2548 τῶν
3109 2493 3394 2566 ἡμετέρων
3425 2492 3627 2565 πολλὴν

2047 2584 2196 2655 αὐτῷ
2237 2583 2494 2652 γενέσθαι
2519 2583 2616 2655 τὴν
2648 2581 2964 2653 προσθήκην
2992 2581 3224 2652 ταυτησὶ
3249 2581 3350 2649 τῆς
3390 2579 3622 2644 εὐνοίας.

2048 2673 2193 2727 Μένε
2225 2671 2312 2742 δὴ,
2344 2670 2581 2724 δέσποτά
2616 2685 2717 2740 μου
2752 2667 3146 2739 αἰδεσιμώτατε
3178 2667 3273 2721 καὶ
3302 2667 3629 2735 εὐγενέστα-

2047 2780 2129 2828 τε,
2159 2761 2475 2834 θεραπεύων
2506 2761 2566 2813 τὸ
2593 2759 2757 2813 καλὸν
2785 2759 2944 2813 τοῦτο
2976 2757 3162 2828 φυτόν.
3217 2756 3372 2829 [685}
3423 2757 3522 2821 Τίς
3568 2757 3626 2811 δὲ

2048 2850 2202 2904 ἔσται
2242 2850 2339 2919 τῆς
2383 2847 2681 2918 θεραπείας
2723 2848 2752 2900 ό
2790 2843 3029 2917 τρόποςς
3063 2846 3166 2898 Ἦν
3199 2845 3290 2900 τδν
3319 2845 3495 2916 ἔρωτα
3526 2845 3628 2914 τῆς

2048 2935 2344 3004 καλλίστης
2386 2933 2591 3004 ταύτης
2633 2933 2975 3002 φιλοσοφίας,
3014 2934 3082 3004 ἢν
3118 2932 3325 3002 μέτεισι
3359 2931 3474 2997 νῦν,
3503 2931 3629 3002 τρέ-

2051 3042 2157 3094 φῃς
2185 3024 2241 3076 ἐν
2263 3021 2410 3093 αὐτῷ
2437 3021 2719 3092 διηνεκῶς,
2745 3021 2840 3074 καὶ
2865 3021 3135 3090 ἀκμάζειν
3175 3019 3624 3090 παρασκευάζῃςο

2050 3111 2192 3164 οῦτω
2222 3109 2330 3181 γὰρ
2353 3111 2446 3162 καὶ
2463 3111 2649 3178 ταχεῖς
2675 3111 2805 3179 ἡμῖν
2830 3108 2966 3162 οἴσει
2991 3107 3116 3170 τοὺς
3141 3106 3405 3176 καρπούς.
3435 3109 3499 3160 Αἱ
3521 3106 3630 3177 γὰρ

2052 3201 2297 3268 γενναῖαι
2327 3196 2497 3267 ψυχαὶ
2523 3197 2583 3250 οὐ
2613 3195 2906 3266 μιμοῦνται
2934 3195 3033 3266 τὴν
3065 3193 3373 3266 βραδυτῆτα
3404 3194 3631 3246 τουτωνὶ

2052 3287 2159 3340 τῶν
2186 3285 2388 3354 φυτῶν,
2421 3285 2529 3338 τῶν
2559 3287 2671 3348 τοῖς
2697 3285 2917 3347 κόλποις
2941 3284 3042 3354 τῆς
3069 3284 3174 3353 γῆς
3201 3282 3632 3353 παρακατατιθε-
3739 3315 3746 3328 ι

2057 3374 2256 3445 μένων,
2287 3373 2400 3426 ἀλλ’
2432 3372 2566 3444 ὁμοῦ
2596 3389 2653 3426 τε
2683 3371 3005 3442 φυτεύονται
3034 3373 3091 3424 ἐν
3119 3373 3184 3442 τῇ
3224 3370 3486 3442 καλλίστῃ
3530 3370 3630 3440 τῆς

2053 3462 2254 3532 ἀρετῆς
2281 3459 2484 3532 ταύτης
2518 3459 2804 3530 ἐπιθυμίᾳ,
2838 3459 2935 3512 καὶ
2965 3457 3100 3530 πρὸς
3129 3459 3290 3511 αὐτὸν
3321 3457 3628 3511 ἀνατείνον-

2054 3567 2144 3603 ται
2192 3549 2282 3602 τὸν
2325 3547 2575 3618 οὐρανὸν,
2613 3548 2706 3600 καὶ
2757 3544 3026 3616 τοσαύτην
3075 3544 3474 3614 ἐπιδείκνυνται
3522 3542 3629 3595 τῶν

2056 3637 2284 3708 καρπῶν
2317 3636 2414 3706 τὴν
2444 3634 2636 3707 φορὰν,
2659 3635 2734 3698 ὡς
2766 3634 2982 3688 ἅπαντα
3005 3631 3378 3704 ἀποκρύπτειν
3405 3629 3632 3684 πλοῦτον

2057 3727 2151 3780 καὶ
2195 3729 2260 3798 τῇ
2311 3726 2558 3796 δαψιλείᾳ.
2605 3725 2699 3778 καὶ
2730 3726 2795 3794 τῇ
2828 3723 3006 3792 φύσει.
3036 3722 3111 3774 Οὐ
3150 3721 3258 3791 γὰρ
3299 3719 3378 3791 τῷ
3403 3719 3629 3792 παρόντι

2059 3813 2519 3884 συγκαταλύονται
2551 3812 2672 3882 βίῳ,
2703 3811 2841 3864 ἀλλά
2877 3811 3010 3881 πρὸς
3033 3809 3134 3880 τὴν
3172 3807 3473 3880 μέλλουσαν
3498 3808 3631 3881 ἡμῖν

2061 3903 2330 3972 συναποδη
2339 3899 2438 3972 μοῦ
2447 3918 2498 3953 σι
2524 3901 2690 3970 ζωήν.

2400 3994 2588 4045 PMB”.
2639 3988 2916 4057 Ἐλπιδίῳ
2949 3988 3278 4054 ἐπισκόπῳ.

2129 4084 2348 4155 Γλώττῃ
2381 4083 2478 4154 μὲν
2500 4082 2768 4150 ὀλιγάκις,
2790 4081 2902 4150 γνῶ
2910 4099 2984 4154 μῃ
3004 4081 3060 4134 δέ
3083 4081 3342 4145 πολλάκις
3369 4078 3635 4134 ἐπεστάλ-

2058 4177 2233 4248 καμέν
2270 4192 2362 4228 σου
2397 4177 2462 4245 τῇ
2492 4173 2773 4245 θεοσεϐείᾳ
2812 4173 2908 4228 καὶ
2955 4171 3074 4227 καθ’
3104 4171 3341 4242 ἑκάστην
3385 4169 3635 4240 συγγινό·

2063 4265 2202 4339 μεθα
2229 4265 2327 4337 τὴν
2356 4263 2592 4334 ἡμέραν,
2622 4262 2720 4318 κα)⁵
2750 4261 2953 4332 ταύτης
2985 4261 3084 4314 οὐκ
3111 4259 3286 4331 ίσχύει
3314 4259 3417 4329 τῆς
3441 4275 3634 4312 συνου-

2061 4359 2182 4423 σίας
2211 4359 2359 4428 ἡμᾶς
2381 4356 2755 4427 ἀποστερῆσαι
2794 4353 2856 4408 οὐ
2902 4353 3094 4425 χρόνου
3136 4351 3359 4423 πλῆθος,
3388 4350 3485 4420 οὐχ
3511 4347 3634 4403 ὀδοῦ

2064 4453 2256 4525 μῆκος,
2291 4451 2353 4504 οὐ
2395 4448 2738 4522 πραγμάτων
2769 4446 3106 4518 περίστασις.
3139 4442 3370 4515 Τοιαύτη
3398 4441 3508 4512 γὰρ
3531 4440 3636 4512 τῆς

2057 4545 2282 4616 ἀγάπης
2313 4544 2352 4610 ἡ
2380 4541 2542 4612 φύσις
2560 4559 2574 4572 ο
2599 4539 2775 4593 οὐδενὶ
2805 4537 3012 4592 τούτων
3037 4537 3196 4603 είκει,
3227 4535 3347 4589 οὐδέ
3372 4549 3635 4606 παραχωο

2063 4639 2164 4710 ρεῖ,
2201 4635 2317 4690 ἀλλ’
2342 4634 2541 4703 ἕστηκε
2587 4632 2806 4686 πάντων
2861 4628 3168 4702 ὑψηλοτέρα
3212 4625 3489 4696 γινομένη.
3539 4622 3637 4695 Μὴ

2060 4728 2241 4782 τοίνυν
2289 4726 2369 4798 τῷ
2398 4727 2505 4780 τῶν
2549 4722 2846 4777 ἐπιστολῶν
2873 4719 3111 4793 ἀριθμῷ,
3145 4717 3378 4772 δέσποτά
3413 4731 3514 4787 μου
3549 4730 3639 4767 τι-

2066 4820 2302 4892 μιώτατε
2333 4819 2426 4873 κα)⁵
2453 4817 2834 4879 εὐλαϐέστατε,
2866 4814 3052 4884 μέτρει
3083 4811 3144 4864 τὸ
3171 4810 3410 4880 φίλτρον,
3436 4808 3464 4860 ὃ
3505 4807 3640 4872 περὶ

2061 4913 2160 4984 τὴν
2185 4913 2286 4984 σὴν
2313 4911 2506 4982 ἔχομεν
2535 4908 2852 4980 ἐμμέλειαν,
2883 4903 2997 4959 ἀλλ’
3017 4902 3171 4966 εἰδὼς
3199 4900 3353 4973 ἡμῶν
3374 4898 3470 4971 τὴν
3496 4898 3636 4968 γνὼ-

2067 5023 2174 5077 μην
2221 5004 2316 5058 καὶ
2364 5002 2460 5074 τὴν
2510 5000 2768 5063 διάθεσιν,
2802 4998 2870 5069 ἡν
2915 4996 3001 5049 ἀεὶ
3037 4994 3166 5066 περὶ
3206 4993 3307 5065 τὴν
3346 4989 3640 5045 εὐλάϐειαν

2065 5093 2456 5166 ἐπεδειξάμεθα
2484 5092 2584 5164 τὴν
2619 5091 2737 5162 σὴν,
2782 5088 2948 5160 μηδὲν
2979 5086 3088 5140 ἀπὸ
3114 5088 3214 5157 τῆς
3261 5085 3475 5155 μακρᾶς
3501 5081 3639 5136 ταύ-

2062 5205 2162 5259 της
2201 5186 2360 5256 σιγῆς
2408 5183 2702 5237 ὑπόπτευε.
2720 5181 2871 5235 Ἐπεὶ
2899 5181 2993 5234 καὶ
3019 5179 3182 5249 ἡμεῖς
3210 5175 3455 5245 ὀλιγάκις
3482 5173 3642 5240 δεξα-

2129 5369 2157 5408 b
2177 5367 2379 5416 Codices
2420 5377 2592 5415 omnes
2617 5364 2772 5413 nostri
2813 5362 2910 5412 ἀπὸ
2940 5362 3036 5410 τῶν
3057 5359 3362 5424 γραμμάτων·
3379 5356 3455 5424 pic
3487 5353 3638 5424 ejiam

2067 5444 2194 5481 unus
2219 5443 2242 5477 a
2267 5429 2516 5477 Frontone
2559 5425 2738 5475 Ducao
2761 5417 3279 5484 memoratus';'né€1ue
3311 5419 3483 5484 dubito
3501 5417 3638 5484 ξιοῃτ

2067 5476 2184 5542 ἔξω
2200 5476 2364 5538 veram
2390 5489 2670 5549 lectionem.
2697 5484 2827 5536 Editi
2851 5486 2950 5534 ἀπὸ
2963 5476 3470 5549 τῶνγνωριμωτέρων.
3497 5476 3639 5528 sm-

2065 5555 2163 5604 lius
2177 5562 2374 5614 quoque
2398 5547 2546 5600 habet
2563 5548 2658 5599 ὰπό
2676 5547 3096 5612 τῶν-γραμμάτων.
