4064 6218
474 159 576 214 1,97

474 289 626 345 μενοι
657 271 960 343 γράμματα
993 269 1142 341 παρά
1173 270 1271 339 τῆς
1316 269 1413 338 σῆς
1449 265 1758 328 διαθέσεως,
1785 263 1907 316 οὐδὲ
1960 263 2046 313 ἐν-

473 365 664 420 τεῦθεν
689 363 1056 437 ῥᾳθυμότερόν
1088 379 1147 414 σε
1177 359 1305 432 περὶ
1333 361 1478 430 ἡμᾶς
1493 354 2051 427 γεγενῆσθαινομίζος-

478 474 602 527 μεν,
630 457 744 510 ἀλλ’
769 457 924 524 ῐσμεν
952 453 1134 522 σαφῶς
1155 451 1248 506 καὶ
1272 449 1732 520 πεπιστεύκαμεν,
1759 448 1840 501 ὅτι
1870 447 2051 516 μένεις

478 547 744 602 ἀνθοῦσαν
773 545 1040 616 διατηρῶν
1059 544 1158 616 τὴν
1185 545 1315 615 περὶ
1339 543 1486 613 ἡμᾶς
1515 541 1773 604 διάθεσιν,
1795 539 1855 593 οὑ
1890 539 2051 610 μόνον

478 640 579 692 οὑκ
623 636 940 691 ἀναπίπτων
983 637 1048 688 ἐκ
1087 635 1186 706 τῆς
1230 633 1509 704 συνεχείας
1547 631 1654 684 τῶν
1697 629 2050 700 ἐπαγομένων

476 727 689 790 δεινῶν,
722 726 856 779 ἀλλά
893 725 988 778 καὶ
1013 725 1366 797 σφοδρότερος
1398 723 1681 793 γινόμενος
1711 721 1839 792 περὶ
1867 721 2047 792 ἡμᾶς·

479 819 573 871 καὶ
597 816 784 870 τούτου
818 833 899 869 σοι
918 814 1076 886 χάριν
1102 816 1259 884 ῐσμεν
1287 813 1508 884 πολλήν.
1527 809 1743 882 Ἐπειδὴ
1776 809 1830 863 δὲ
1867 805 1926 863 εὑ
1952 803 2048 863 οἷδ’

477 908 560 960 ὅτι
606 907 702 960 καὶ
744 905 814 959 τά
851 905 1097 976 ἡμέτερα
1132 903 1310 974 βούλει
1341 901 1655 973 μανθάνειν,
1687 899 1875 968 ὑγείας
1917 899 2052 952 ἀποο

477 995 715 1066 λαύομεν
741 996 835 1048 καὶ
860 993 1292 1066 ἀπραγμοσύνης
1318 992 1542 1064 πολλῆς,
1567 992 1662 1046 καὶ
1686 989 1938 1061 ἡσυχίας,
1957 989 2052 1042 καλ⁵

477 1088 536 1139 ὲν
577 1086 847 1157 ἀσφαλείᾳ
889 1086 1170 1156 διάγομεν,
1201 1085 1311 1138 τῶν
1345 1083 1662 1155 ἰσαυρικῶν
1698 1083 1836 1145 τέως
1879 1081 2053 1151 ἀπηλ-

478 1175 738 1247 λαγμένοι
763 1175 1024 1248 θορύϐων.
1059 1175 1164 1229 Τὸν
1192 1173 1302 1245 γάρ
1323 1173 1568 1245 χειμῶνα
1587 1172 1772 1226 λοιπὸν
1800 1172 1900 1241 τῆς
1932 1171 2054 1240 ’Λρ-

483 1267 671 1338 μενίας
723 1266 908 1338 φέρειν
958 1266 1283 1337 ἐμελέτησα,
1317 1265 1686 1336 βλαπτόμενος
1731 1263 1830 1334 μὲν
1873 1263 2054 1334 ἡρέμα

482 1358 708 1429 βλάϐην,
743 1358 874 1427 ὅσην
906 1357 1050 1422 εἰκὸς
1082 1358 1255 1422 οὑτως
1287 1356 1504 1411 ἀσθενεῖ
1534 1356 1746 1426 σώματι
1778 1355 2056 1426 κεχρημέ-

482 1467 600 1504 νον·
650 1450 1071 1520 περιγενόμενος
1112 1450 1169 1504 δέ
1216 1450 1294 1520 τῷ
1344 1449 1605 1520 διηνεκῶς
1647 1450 1782 1501 οῐκοι
1823 1464 2058 1501 κατακε-

484 1541 745 1604 κλεῖσθαι,
776 1542 903 1594 ὅταν
949 1543 1222 1612 ἀφόρητος
1260 1544 1288 1596 ό
1317 1542 1564 1613 κρυμὸςο
1601 1537 1658 1615 ᾗ,
1693 1544 1788 1594 καὶ
1813 1539 2057 1608 ὀλιγάκις

482 1631 592 1684 τῶν
624 1633 908 1702 προθύρων
938 1633 1400 1704 προκύτπειν.Ὦς
1432 1633 1540 1687 τῶν
1582 1649 1646 1702 γε
1681 1632 1854 1685 ἀλλων
1897 1631 2057 1704 ὡρῶν

482 1722 574 1775 τοῦ
608 1723 759 1787 ἔτους
788 1725 992 1795 σφόδρα
1034 1725 1262 1794 ήδίοτων
1297 1724 1767 1795 ἀπολελαύκαμεν,
1803 1725 1878 1788 ὡς
1901 1723 2058 1794 δυνη-

483 1813 639 1883 θῆναι
681 1813 916 1878 εὐκόλως
949 1814 1042 1868 καὶ
1069 1815 1166 1886 τὴν
1196 1816 1261 1868 ἐκ
1287 1815 1379 1869 τοῦ
1409 1815 1673 1888 χειμῶνος
1704 1816 2057 1886 ἐγγινομένην

482 1907 615 1976 ἡμῖν
643 1905 1038 1980 διορθώσασθαι
1067 1907 1400 1978 ἀρρωστίαν·

1000 2044 1193 2097 PMI".
1235 2042 1527 2109 Πολυϐίῳ.

549 2155 657 2209 Τοῦ
698 2155 796 2226 μὲν
826 2155 1054 2225 ἐδάφους
1081 2156 1176 2209 καὶ
1219 2153 1328 2208 τῶν
1372 2155 1567 2225 τοίχων
1595 2153 1694 2225 τῆς
1736 2153 1942 2218 πόλεως
1967 2155 2058 2208 ἐκ·

481 2248 809 2320 ϐεϐλήμεθα,
839 2249 938 2320 τῆς
973 2249 1030 2302 δὲ
1064 2248 1268 2316 κυρίως
1297 2247 1505 2311 πόλεως
1527 2249 1586 2300 ού
1618 2246 2056 2318 μετῳκίσθημεν.

485 2339 545 2391 El
576 2340 684 2410 7&9
709 2341 867 2410 ὑμεῖς
891 2342 922 2410 ἡ
954 2339 1127 2404 πόλις,
1161 2338 1278 2409 μεθ’
1307 2338 1460 2410 ὑμῶν
1485 2338 1542 2392 δὲ
1576 2341 1737 2411 ἡμεῖς
1765 2339 1853 2391 ἀεὶ
1879 2340 1972 2391 καὶ
2001 2341 2060 2392 ἐν

483 2429 634 2499 ὑμῖν,
668 2428 891 2501 εὑδηλον
922 2431 1003 2484 ὅτι
1041 2432 1136 2485 καὶ
1182 2433 1416 2488 ἐνταῦθα
1439 2435 1735 2503 διάγοντες,
1775 2437 1874 2504 τὴν
1906 2435 2059 2490 πόλιν

480 2521 738 2591 οἰκοῦμεν
789 2523 1004 2594 ἐκείνην
1023 2539 1037 2554 ο
1085 2525 1179 2577 καὶ
1201 2525 1316 2599 _7&9
1344 2526 1729 2598 ἐνδωιτώμεθα
1758 2528 1911 2599 ὑμῶν
1941 2530 2060 2594 ταῖς

483 2612 635 2686 [6841
677 2613 899 2685 ψυχαῖς,
940 2611 1000 2668 εὖ
1033 2610 1130 2669 οἷδ’
1164 2597 1267 2682 ὅτι,
1303 2619 1396 2671 καὶ
1421 2597 1666 2690 ὅπουπερ
1694 2619 1761 2673 ἀν
1785 2597 2057 2692 ἀπίωμεν.

484 2707 580 2761 καὶ
612 2706 821 2771 πάντας
850 2702 995 2778 ὑμᾶς
1019 2708 1148 2773 τοὺς
1181 2709 1442 2780 σφοδροὺς
1486 2711 1643 2782 ἡμῶν
1686 2712 1922 2783 ἐραστάς
1967 2713 2062 2767 ἐπὶ

481 2799 722 2863 διανοίας
753 2801 1139 2872 περιφέροντες
1163 2800 1386 2872 ἄπιμεν.
1421 2802 1590 2856 Τοῦτο
1620 2804 1767 2874 ἡμᾶς
1803 2803 1926 2857 οὔτε
1963 2804 2060 2876 τὴν

486 2887 726 2959 ἐρημίαν
754 2889 852 2942 τοῦ
882 2890 1085 2960 χωρίου
1116 2891 1305 2946 τούτου
1339 2892 1359 2961 (
1375 2893 1468 2945 καὶ
1503 2892 1613 2964 γὰρ
1651 2893 1830 2964 πάσης
1854 2895 1953 2966 τῆς
1981 2895 2060 2947 οῑ-

391 3011 394 3014 ~
484 2979 757 3048 κουμένης
801 2980 949 3034 ἐστὶν
996 2981 1394 3052 ἐρημότατον),
1422 2981 1546 3036 οὑτε
1596 2983 1698 3054 τήν
1746 2984 2061 3058 πολιορκίαν

482 3069 590 3122 τῶν
613 3070 825 3142 λῃστῶν
858 3071 992 3141 (καὶ
1016 3072 1122 3142 γὰρ
1149 3073 1269 3126 καθ’
1298 3074 1535 3144 ἑκάστην
1565 3074 1931 3146 πολιορκεῖται
1960 3077 2062 3149 τὴν

483 3161 756 3232 ἡμέραν),
786 3162 846 3215 οὑ
890 3163 984 3216 τὸν
1013 3163 1259 3217 ἐντεῦθεν
1290 3165 1606 3236 τικτόμενον
1649 3165 1804 3237 λιμὸν
1835 3167 2060 3238 ἀφίησιν

483 3253 616 3322 όρᾷν
636 3269 650 3282 ο
690 3252 877 3324 ἐπειδὴ
905 3253 966 3307 τὸ
1000 3253 1100 3324 μὲν
1147 3254 1306 3325 σῶμα
1349 3256 1481 3327 ἡμῖν
1505 3255 1738 3310 ἐνταῦθα
1767 3256 1996 3328 ἵδρυται,
2023 3259 2058 3330 ἡ

483 3341 539 3394 δὲ
580 3341 727 3413 ψυχὴ
761 3345 890 3414 παρ’
923 3344 1052 3414 ὑμῖν
1082 3344 1365 3416 διηνεκῶς.
1384 3346 1526 3400 Ἀλλ’
1551 3347 1736 3418 ἐπειδὴ
1777 3351 1890 3412 τοῖς
1919 3348 2060 3403 οὑτω

485 3431 848 3500 διακειμένοις
885 3434 1108 3505 ποθεινὴ
1136 3436 1338 3509 σφόδρα
1365 3437 1457 3490 καὶ
1484 3437 1943 3509 πρισπούδαστος
1966 3441 2061 3495 καὶ

485 3525 520 3595 ἡ
554 3527 838 3596 σωματικὴ
866 3527 1158 3598 παρουσία,
1195 3528 1287 3581 καὶ
1308 3527 1466 3580 λυπεῖ
1494 3528 1568 3599 μή
1595 3530 1877 3602 γινομένη,
1904 3531 2062 3586 τοῦτο

484 3616 541 3668 δὲ
570 3616 709 3679 τέως
733 3617 985 3686 γενέσθαι
1014 3621 1114 3674 οὑκ
1139 3621 1240 3684 ἔνι,
1269 3621 1347 3673 ἔνι
1380 3621 1436 3673 δὲ
1468 3621 1603 3691 αὑτῇ
1640 3622 1929 3694 φάρμακον
1963 3623 2060 3693 μὲ-

485 3724 670 3775 γιστον
696 3710 728 3779 ἡ
767 3709 856 3762 διά
887 3708 996 3762 τῶν
1021 3711 1365 3782 γραμμάτων
1398 3711 1670 3774 συνουσία,
1702 3712 1906 3782 πάρεχε
1931 3711 2062 3764 ταύ-

483 3811 586 3864 την
620 3797 751 3866 ἡμῖν
789 3796 926 3867 μετὰ
951 3797 1228 3867 δαψιλείας
1260 3797 1478 3870 πολλῆς,
1515 3799 1608 3852 καὶ
1653 3800 1856 3870 ταύτης
1882 3801 2059 3871 ἀπηλ-

485 3887 734 3958 λάγμεθα
781 3889 883 3958 τῆς
925 3887 1184 3960 ἀθυμίας.
1201 3890 1405 3953 Ἱκανὸς
1437 3889 1544 3961 γάρ
1577 3891 1663 3955 σὺ,
1691 3891 1926 3945 δέσποτά
1957 3909 2057 3962 μου

488 3976 929 4048 θαυμασιώτατε,
959 3979 1052 4031 καὶ
1079 3978 1168 4032 διὰ
1197 3979 1543 4051 γραμμάτων
1577 3979 1888 4052 σοφίζεσθαι
1919 3998 2060 4053 παρ-

485 4068 674 4131 ουσίας
701 4067 914 4139 ἡδονήν.

1018 4198 1198 4252 ΡΜΔ’.
1251 4197 1525 4269 Διογένει.

561 4308 808 4380 Ἕρημου
832 4309 932 4380 μὲν
970 4311 1004 4381 ἡ
1025 4311 1329 4376 Κουκουσὸς
1350 4315 1378 4353 ι’
1409 4315 1626 4387 χωρίον,
1657 4318 1748 4371 καὶ
1777 4319 1950 4384 άλλως
1979 4321 2059 4384 εἰς

483 4396 697 4467 οἴκησιν
728 4398 1015 4471 σφαλερὸν,
1041 4400 1278 4471 διηνεκεῖ
1303 4403 1452 4474 φόϐῳ
1471 4404 1580 4457 τῶν
1607 4404 1817 4476 λῃστῶν
1841 4409 2060 4480 πολιορ-

488 4487 750 4558 κούμενον
771 4505 782 4517 ·
827 4491 890 4544 σὺ
931 4489 988 4543 δὲ
1036 4493 1208 4562 αὐτὴν
1240 4496 1332 4548 καὶ
1362 4493 1517 4547 ἀπὼν
1551 4497 1877 4566 παράδεισον
1917 4494 2058 4552 εἶναι

487 4580 988 4651 πεποίηκας.”οταν
1017 4581 1124 4653 γάρ
1155 4600 1247 4635 σου
1293 4583 1384 4638 τὸν
1431 4585 1592 4655 ζῆλον
1620 4585 1940 4658 ἀκούσωμεν
1965 4590 2057 4643 τὸν

488 4672 675 4737 πολὺν,
713 4672 811 4744 τήν
844 4673 1061 4743 ἀγάπην
1085 4674 1184 4746 τὴν
1217 4677 1343 4746 περὶ
1379 4678 1544 4746 ἡμᾶς,
1571 4678 1668 4748 τήν
1700 4680 1929 4750 γνησίαν
1962 4681 2058 4735 καὶ

488 4761 694 4836 θερμὴν
725 4764 914 4834 (οὐδὲν
960 4766 1069 4836 7&9
1115 4769 1263 4838 ἡμᾶς
1310 4767 1556 4822 λανθάνει
1592 4771 1684 4823 καὶ
1713 4772 1777 4825 ἐκ
1803 4772 2056 4826 τοσούτου

488 4855 829 4924 καθημένους
877 4858 1305 4931 διαστήματος),
1357 4861 1433 4924 ώς
1479 4861 1746 4934 θησαυρὸν
1804 4865 2058 4934 μέγιστον

487 4943 720 5012 ἔχοντες,
761 4949 853 5000 καὶ
897 4949 1124 5004 πλοῦτον
1154 4951 1380 5020 άφατον,
1415 4951 1511 5024 τὴν
1556 4953 1794 5008 διάθεσίν
1830 4973 1923 5010 σου
1956 4959 2058 5029 τῆς

487 5035 804 5104 ἐμμελείας,
848 5040 942 5091 καὶ
989 5041 1046 5093 ἐν
1097 5043 1518 5118 ἀσφαλεστάτῃο
1569 5046 1718 5100 πόλει
1763 5047 2056 5122 διατρίϐειν

486 5124 790 5194 ἡγούμεθα,
821 5129 924 5182 ὑπὸ
952 5132 1050 5201 τῆς
1077 5134 1341 5204 τοσαύτης
1372 5137 1709 5208 εὐφροσύνης
1752 5142 2057 5211 πτερούμε-

489 5231 590 5282 νοι,
615 5218 710 5270 καὶ
740 5221 1000 5294 μεγίστην
1025 5227 1366 5297 παράκλησιν
1387 5229 1636 5285 ἐντεῦθεν
1665 5232 2052 5304 καρπούμενοι.

551 5417 773 5488 ξςρίεμη
787 5455 798 5466 .
827 5423 1061 5485 ἀφόρητος
1081 5426 1108 5473 ό
1127 5426 1320 5488 χειμών.

553 5477 582 5547 ξ
608 5477 1082 5547 γαιίουηυεεὲοιροτ
1118 5477 1416 5543 Κοκκουσόςδ
1437 5491 1492 5535 ut
1511 5488 1610 5547 jam
1632 5492 1864 5539 diximus.

553 5538 573 5563 ι
601 5539 801 5592 Comm.
827 5550 878 5593 et
901 5538 1026 5594 διὶυέ
1050 5546 1097 5594 ιν
1116 5538 1446 5612 ἀσφαλεστάτη
1468 5538 1545 5597 κάξ
1579 5538 1908 5613 εὐθαλεστάτῃ.

1149 163 1203 218 S.
1247 161 1526 219 JOANNIS
1564 160 2050 216 CHRYSOSTOHI
2087 159 2400 217 ARCIIIEI’.
2439 161 2985 218 CONSTANTINOP.

3607 151 3714 209 693

2152 260 2248 313 'lv‘
2277 257 2370 314 οὖν
2423 263 2516 314 καὶ
2547 263 2708 334 ἐτέρα
2742 265 3025 337 προσθήκη
3055 263 3279 337 γένηται
3323 265 3458 336 ἡμῖν
3501 264 3725 336 ἡδονῆς,

2150 352 2470 423 παρακαλῶ,
2497 355 2592 407 καὶ
2619 355 2920 426 γράμματα
2939 357 3071 426 ἡμῖν
3104 355 3351 426 χαρίζου,
3375 356 3446 409 τά
3473 356 3604 427 περὶ⁵
3627 359 3727 426 τῆς

2150 441 2360 510 ὑγιείας
2395 443 2655 513 δηλοῦντα
2683 446 2782 517 τῆς
2814 447 2930 518 σῆς.
2947 447 3009 499 Εἰ
3031 446 3140 518 7&9
3163 447 3257 500 καὶ
3286 445 3524 517 ἐργῶδες
3542 445 3730 512 τοῦτο,

2147 530 2234 584 διὰ
2264 532 2323 584 τὸ
2343 535 2440 604 τῆς
2465 534 2584 587 όδοῦ
2615 535 2809 606 μῆκος,
2849 537 2945 590 καὶ
2971 536 3031 589 τὸ
3066 537 3268 608 σφόδρα
3293 536 3609 606 ἀπῳκίσθαι
3626 535 3729 605 τῆς

2148 621 2412 692 δημοσίας
2448 626 2598 678 τουτὶ
2638 626 2698 680 τὸ
2730 627 2928 699 χωρίον
2956 627 3099 692 ὁδοῦ,
3130 628 3267 682 ἀλλά
3293 627 3373 699 τῷ
3415 626 3591 690 οῦτως
3637 644 3730 695 φιν

2149 712 2351 779 λοῦντι,
2367 715 2442 778 ὡς
2466 717 2627 781 αὐτὸς
2654 711 2810 771 οἶσθα
2838 718 3033 787 φιλεῖν,
3052 720 3149 772 καὶ
3174 718 3242 772 τά
3264 718 3501 772 δύσκολα
3528 717 3729 771 εῦκολα

2151 806 2408 874 γίνονται.
2427 809 2712 880 Ἐννοήσαις
2737 810 2914 864 τοίνυν
2944 809 3138 880 ἡλίκην
3168 811 3300 880 ἡμῖν
3356 812 3522 880 χαριῇ
3568 809 3733 880 χάριν

2151 902 2218 970 τῇ
2245 899 2536 969 πυκνότητι
2586 901 2695 955 τῶν
2719 901 2974 954 τοιούτων
2998 901 3361 972 γραμμάτων,
3395 901 3607 970 πάρεχε
3636 900 3734 954 καὶ

2153 991 2354 1064 ταύτην
2405 994 2534 1062 ἡμῖν
2572 992 2672 1063 τὴν
2721 993 3088 1065 εὐφροσύνην
3119 995 3214 1047 καὶ
3254 993 3364 1064 γὰρ
3396 993 3605 1063 σφόδρα
3633 993 3734 1046 ἀλ·-

2153 1082 2377 1152 γοῦμεν,
2424 1083 2506 1136 ὅτι
2552 1083 2800 1156 δεύτερον
2831 1084 3223 1148 ἐπεσταλκότες
3263 1085 3388 1156 ήδη,
3415 1085 3537 1139 οὑδὲ
3584 1084 3738 1150 ἅπαξ

2155 1173 2455 1244 ἐδεξάμεθα
2479 1174 2782 1245 γράμματα
2811 1175 2911 1245 τῆς
2947 1177 3046 1247 σῆς
3078 1175 3394 1248 ἐμμελείας.

2469 1314 2658 1366 PMB”.
2707 1313 2979 1376 Νικολάῳ
3012 1313 3410 1382 πρεσϐυτέρῳ.

2155 1473 2162 1480 ,
2239 1422 2566 1495 Ἐϐουλόμην
2624 1424 2717 1478 καὶ
2770 1424 2967 1489 αὑτὸς,
3014 1425 3110 1478 καὶ
3164 1425 3370 1497 σφόδρα
3425 1423 3739 1496 ἐπεθύμουν

2161 1515 2286 1569 ἰδεῖν
2329 1533 2421 1569 σου
2454 1517 2554 1588 τὴν
2591 1517 2928 1588 ἐμμέλειαν,
2978 1518 3072 1571 καὶ¹
3115 1517 3550 1588 περιπτύξασθαι
3591 1534 3606 1548 ο
3641 1520 3740 1570 καὶ

2155 1608 2316 1660 τοῦτο
2366 1603 2524 1662 οἶσθα
2577 1609 2671 1662 καὶ
2720 1608 2827 1679 πρὸ
2876 1607 2986 1662 τῶν
3036 1607 3318 1680 ἡμετέρων
3366 1609 3738 1679 γραμμάτων.

2155 1700 2331 1754 ⁴Ιιιλεῖν
2355 1701 2455 1771 γὰρ
2474 1700 2628 1764 εἰδὼς
2650 1701 2890 1771 γνησίως
2918 1702 3012 1754 καὶ
3042 1701 3169 1764 τοὺς
3191 1702 3430 1772 γνησίως
3446 1701 3741 1771 φιλοῦντας

2157 1792 2536 1860 διαγινώσκειν
2561 1792 2876 1846 ἐπίστασαι.
2920 1791 3062 1845 Ἀλλ’
3100 1793 3292 1862 ἐπειδὴ
3322 1791 3482 1846 τοῦτο
3503 1793 3606 1846 οὑκ
3632 1793 3738 1857 ἔνι,

2161 1888 2300 1958 ὅπερ
2319 1885 2396 1939 ἔνι
2416 1883 2588 1939 ποιῶ(1
2599 1925 2614 1950 ,
2631 1885 2769 1948 τέως
2784 1885 3001 1956 γράφω,
3013 1884 3418 1957 προσαγορεύω,
3432 1885 3741 1956 γράμματα

2158 1976 2394 2043 ἀπαιτῶ,
2424 1977 2493 2030 τὰ
2526 1977 2654 2047 περὶ
2685 1975 2784 2045 τῆς
2818 1976 3005 2044 ὑγείας
3037 1977 3137 2047 τῆς
3168 1977 3270 2047 σῆς
3304 1977 3430 2046 ὑμῖν
3463 1976 3742 2030 πυκνότε-

2162 2089 2254 2142 ρον
2276 2069 2560 2142 δηλοῦντα.
2593 2069 2834 2141 Χαρίζου
2867 2069 2930 2140 δὴ
2966 2069 3171 2138 ταύτην
3195 2071 3327 2140 ἡμῖν
3345 2068 3443 2140 τὴν
3469 2069 3654 2140 χάριν.
3675 2070 3745 2122 El

2160 2161 2269 2232 7&9
2306 2160 2401 2215 καὶ
2434 2161 2510 2232 μὴ
2533 2162 2614 2215 δεῖ
2640 2178 2724 2214 σοι
2752 2161 3153 2232 παρακλήσεως
3175 2163 3257 2225 είς
3289 2161 3466 2225 τοῦτο,
3497 2163 3557 2215 ού
3595 2180 3741 2218 παυ-

2163 2253 2368 2324 σόμεθά
2403 2270 2462 2306 σε
2493 2254 3003 2324 ἀναμιμνήσκοντες
3026 2253 3166 2324 ὑπὲρ
3198 2253 3408 2312 τούτου.
3439 2253 3458 2325 Ῐ
3464 2252 3595 2327 685]
3662 2255 3743 2308 Οὑ

2159 2340 2267 2410 γὰρ
2327 2339 2496 2410 μικρά
2538 2339 2884 2410 παράκλησις
2933 2342 3064 2410 ἡμῖν
3110 2339 3204 2394 καὶ
3250 2341 3576 2412 παραμυθία
3645 2345 3746 2397 καὶ

2157 2429 2258 2499 τῆς
2279 2429 2516 2500 ἐρημίας
2551 2428 2780 2483 καὶτῶν
2813 2429 2995 2499 φόϐων
3021 2431 3128 2485 τῶν
3162 2431 3550 2504 καθημερινῶν
3571 2473 3590 2498 ,
3629 2435 3746 2489 τῶν

2158 2523 2268 2578 ἀπὸ
2299 2523 2396 2593 τῆς
2443 2522 2634 2592 ἐφόδου
2668 2523 2969 2594 γινομένων
3007 2525 3106 2596 τῆς
3134 2525 3465 2598 λῃστρικῆς,
3516 2527 3611 2581 καὶ
3640 2534 3744 2602 τῆς

2159 2613 2250 2666 τοῦ
2282 2612 2533 2682 σώματος
2566 2615 2916 2685 ἀρρωστίας,
2958 2617 3055 2668 καὶ
3097 2615 3206 2672 τῶν
3246 2617 3420 2672 ἄλλων
3472 2623 3745 2689 περιστά-

2162 2718 2320 2766 σεων,
2352 2701 2413 2755 τὸ
2439 2702 2730 2773 μανθάνειν
2754 2703 2883 2774 περὶ
2903 2703 3011 2758 τῶν
3033 2703 3372 2772 ἀγαπώντων
3390 2706 3537 2776 ἡμᾶς
3562 2705 3748 2775 ὑμῶν,

2159 2794 2240 2848 ὅτι
2268 2811 2329 2848 τε
2354 2793 2597 2866 ἔρρωσθε
2639 2805 2685 2860 ο,
2713 2796 2808 2848 καὶ⁵
2836 2795 3130 2864 ὑγιαίνετε,
3162 2798 3257 2850 καὶ
3290 2795 3431 2850 κατά
3458 2797 3588 2867 ῥοῦν
3610 2799 3748 2867 ὑμῖν

2161 2885 2379 2940 ἅπαντα
2410 2885 2658 2956 φέρεται,
2691 2885 2794 2940 κάν
2831 2886 3058 2959 μυρίους
3082 2889 3213 2958 ήμῖν
3248 2888 3412 2962 λέγῃς
3439 2889 3687 2960 χειμῶνα
3699 2910 3746 2953 ς.
3847 2900 3853 2906 ’

2160 2975 2284 3041 Πῶς
2341 2977 2436 3030 καὶ
2473 2977 2581 3032 τίνι
2629 2975 2852 3050 τρόπῳ;
2885 2979 3010 3033 Ὅτι
3062 2978 3142 3033 ἐνι
3185 2979 3276 3034 τὸν
3327 2983 3594 3049 γενναῖον,
3647 2983 3748 3035 καὶ

2160 3067 2519 3140 ἐγρηγορότα,
2548 3069 2643 3123 καὶ
2674 3071 2914 3142 νήφοντα
2954 3070 3048 3126 καὶ
3081 3071 3139 3124 ἐν
3167 3061 3559 3143 ταραττομένῳ
3598 3089 3747 3144 πραο

2161 3158 2386 3228 γμάτων
2446 3158 2672 3228 πελάγει
2720 3159 2972 3230 ἐξουρίας
3021 3160 3176 3215 πλεῖν
3200 3202 3216 3226 ,
3269 3161 3456 3234 ῶσπερ
3506 3164 3603 3216 καὶ
3648 3164 3744 3218 τὼ

2160 3248 2357 3319 χαῦνον
2389 3251 2483 3305 καὶ
2510 3251 2944 3306 ἀναπεπτωκότα
2981 3253 3076 3305 καὶ
3103 3253 3354 3324 κείμενον
3394 3253 3607 3322 ῦπτιον,
3642 3257 3744 3308 καὶ

2160 3341 2220 3394 ἐν
2246 3341 2459 3415 γαλήνῃ
2481 3343 2940 3413 διαταράττεσθαι
2965 3344 3060 3398 καὶ
3086 3343 3452 3414 θορυϐεῖσθαι.

2159 3473 2360 3542 PMq”.
2418 3474 2698 3542 Θεοδότῳ,
2725 3476 3030 3551 Νικολάῳ,
3045 3480 3279 3548 Χαιρέᾳ,
3314 3480 3743 3551 πρεσϐυτέροις

2703 3547 2800 3600 καὶ
2831 3547 3176 3616 μονάζουσι.

2243 3656 2432 3728 Ὑμεῖς
2466 3658 2564 3728 μὲν
2609 3657 2716 3711 τῶν
2761 3659 3023 3731 Ἰσαύρων
3063 3661 3306 3715 αἱτιᾶσθε
3340 3662 3436 3734 τὴν
3475 3665 3740 3736 καταδρο-

2163 3745 2268 3817 μὴν
2301 3746 2401 3816 τῆς
2433 3747 2700 3811 ἀπουσίας
2731 3747 2832 3818 τῆς
2858 3748 3125 3819 ὑμετέρας
3159 3766 3172 3780 ·
3216 3749 3327 3818 ἐγὼ
3357 3751 3414 3803 δὲ
3455 3753 3601 3823 ὑμᾶς
3643 3755 3742 3808 καὶ

2162 3837 2415 3907 παρεῖναί
2444 3855 2618 3908 φημι,
2664 3839 2758 3892 καὶ
2787 3839 2883 3892 σὺν
2928 3841 3059 3910 ἡμῖν
3079 3835 3252 3906 εἶναι,
3301 3842 3394 3896 καὶ
3428 3843 3579 3897 οὐδὲν
3613 3841 3737 3898 οὑδὲ

2161 3928 2410 3982 ἐντεῦθεν
2464 3929 2717 3998 γενέσθαι
2758 3930 2985 4002 κώλυμα
3020 3933 3155 4003 πρὸς
3193 3933 3291 4004 τὴν
3331 3933 3516 4002 ἄφιξιν
3554 3935 3737 4006 ὑμῶν.

2161 4015 2397 4071 Τοιαῦτα
2422 4017 2530 4089 γὰρ
2558 4018 2659 4088 τῆς
2686 4019 2906 4092 ἀγάπης
2933 4023 3002 4075 τὰ
3031 4023 3204 4092 πτερά
3224 4039 3237 4052 ·
3256 4022 3450 4094 ἀθρόον
3475 4023 3569 4077 καὶ
3595 4026 3742 4096 μετὰ

2159 4108 2362 4181 πολλῆς
2396 4111 2496 4181 τῆς
2552 4111 2803 4174 εὐκολίας
2855 4112 3134 4185 πανταχοῦ
3191 4116 3588 4184 παραγίνεται,
3628 4117 3741 4172 κᾶν

2162 4201 2332 4272 μυρία
2375 4202 2443 4256 τὰ
2495 4201 2795 4273 κωλύματα
2927 4205 2990 4258 El
3017 4205 3076 4258 δὲ
3105 4205 3205 4276 τῆς
3242 4207 3555 4278 σωματικῆς
3576 4208 3739 4278 ὑμῶν

2158 4292 2580 4363 ἀπεστερήμεθα
2615 4294 2916 4366 παρουσίας
2939 4335 2954 4360 ,
2998 4295 3073 4368 μὴ
3102 4296 3383 4368 διαλίπητε
3413 4299 3695 4369 εὐχόμενοι
3717 4344 3733 4366 ,

2159 4383 2252 4436 καὶ
2302 4381 2461 4436 δώσει
2509 4384 2680 4438 ταῦτα
2727 4387 2756 4439 ό
2806 4386 3181 4459 φιλάνθρωπος
3224 4389 3376 4452 Θεός.
3440 4390 3594 4443 Ἐπεὶ
3639 4393 3738 4446 καὶ

2158 4473 2325 4536 αὐτὸς
2351 4473 2612 4544 διηνεκῶς
2645 4476 2791 4546 ὑμᾶς
2817 4479 2875 4531 ἐν
2915 4477 3121 4551 διανοίᾳ
3153 4481 3497 4552 περιφέρων,
3527 4482 3628 4552 οὑχ
3656 4486 3739 4548 ὡς

2157 4564 2315 4638 ἔτυχε
2342 4567 2436 4621 καὶ
2461 4565 2562 4638 τῆς
2592 4570 2713 4622 κατ’
2743 4569 2864 4639 ϐψιν
2896 4571 3006 4641 ἐρῶ
3034 4573 3354 4644 συντυχίας,
3403 4575 3497 4628 καὶ
3541 4571 3602 4629 εὖ
3635 4573 3736 4629 οἷδ’

2156 4658 2238 4712 ὃτι
2281 4659 2374 4713 καὶ
2415 4660 2552 4732 αὑτὴ
2597 4660 2780 4727 ἔσται,
2814 4661 2954 4732 μετά
2980 4664 3255 4729 ἐκτενείας
3287 4663 3440 4737 ὑμῶν
3477 4684 3739 4738 παρακαο

2158 4745 2391 4801 λούντων
2440 4747 2532 4802 τὸν
2569 4749 2864 4821 δυνάμενον
2907 4752 3085 4806 πάντα
3126 4754 3283 4808 λῦσαι
3319 4757 3562 4827 χειμῶνα
3583 4800 3600 4823 ,
3638 4760 3739 4813 καὶ

2157 4836 2237 4900 εἰς
2271 4838 2510 4911 γαλήνην
2544 4838 2743 4912 λευκὴν
2771 4842 2988 4899 ἅπαντα
3013 4847 3258 4916 ἀγαγεῖν.
3293 4847 3407 4901 Ἵνα
3434 4848 3490 4900 δὲ
3528 4849 3624 4902 καὶ
3663 4852 3737 4906 τὰ

2157 4929 2399 5002 ἡμέτερα
2431 4931 2693 5001 μαθόντες
2725 4935 3087 5006 εὐφραίνησθε
3110 4977 3126 5001 ,
3157 4938 3356 5010 πολλῆς
3383 4939 3736 5013 ἀπολαύομεν

2157 5023 2386 5092 ἡσυχίας
2426 5025 2522 5078 καὶ
2568 5026 3032 5100 ἀπραγμοσύνης,
3066 5030 3124 5084 τὸ
3166 5031 3326 5100 σῶμα
3353 5032 3513 5102 ἡμῖν,
3552 5033 3735 5086 καίτοι

2157 5113 2370 5167 πολλῶν
2413 5116 2581 5171 ὄντων
2620 5118 2727 5172 τῶν
2765 5119 3174 5192 λυμαινομένων
3205 5122 3369 5176 αὑτοῦ
3395 5123 3494 5194 τήν
3517 5124 3732 5192 ὑγείαν·

2157 5206 2384 5294 καὶγὰρ
2429 5209 2630 5278 ἰατρῶν
2663 5213 2876 5279 σπάνις,
2907 5215 3000 5267 καὶ
3029 5216 3341 5282 ἀναγκαίων
3373 5216 3577 5288 ἀπορία
3616 5216 3734 5294 (οξ-

2155 5293 2242 5347 δὲν
2266 5295 2373 5360 γάρ
2407 5297 2553 5350 ἐστιν
2577 5297 2736 5355 ὤνιον
2762 5303 3012 5368 ἐνταῦθα,
3037 5306 3095 5358 οὑ
3125 5306 3431 5377 φαρμάκων
3453 5293 3734 5384 εὑπορία),

2218 5494 2243 5564 cf
2264 5493 2411 5564 gavil.
2435 5500 2599 5564 ποιῶν.
2626 5499 2896 5564 Utrumque
2914 5509 3138 5564 quadrat.
3167 5510 3299 5560 Ευιτ.

2223 5560 2246 5587 ⁸
2269 5557 2391 5607 Tres
2423 5571 2539 5608 mss.
2565 5562 2634 5609 ὅτι
2659 5564 2714 5620 δὴ
2741 5557 2828 5611 καῖ’
2844 5557 3066 5628 ἑῤῥιυσθε.
