4064 6218
368 265 462 319 (397

364 377 628 436 redditum
671 375 836 435 fuisse
861 377 1230 434 existimamus
1261 393 1276 433 :
1303 391 1490 432 verum
1521 373 1650 431 illud
1681 388 1776 444 pro
1799 381 1948 430 certo

370 470 648 533 habemus.
697 471 955 540 nobisque
993 469 1376 539 persuademus
1399 510 1415 535 ,
1445 477 1496 523 te
1522 465 1948 523 benevolentiam

367 578 478 617 eam
502 605 518 628 ,
554 579 659 633 qua
686 577 784 616 nos
815 563 1070 617 hactenus
1099 566 1410 631 complexus
1433 575 1491 614 es
1517 558 1794 614 ﬂorentem
1825 556 1952 612 reti-

370 674 493 711 nere
512 697 529 722 ,
556 667 718 727 atque
751 656 822 710 ob
847 658 1178 711 calamitates
1203 697 1218 719 ,
1249 671 1368 724 qua:
1395 653 1547 708 nobis
1571 652 1782 707 assidue
1814 648 1950 705 infe-

371 758 555 802 runtur
575 786 590 812 ,
622 764 728 802 non
761 747 920 802 modo
944 763 1049 801 non
1076 744 1409 800 consternari
1427 786 1440 807 ,
1473 743 1567 798 sed
1596 743 1758 798 etiam
1786 741 1947 795 vehe-

372 839 632 894 mentiore
660 853 784 908 erga
815 853 913 892 nos
959 852 1142 891 amore
1186 836 1324 890 aftici
1354 854 1366 889 :
1403 834 1522 889 ideo
1563 834 1827 902 ingentem
1860 830 1950 886 tibi

373 929 594 997 gratiam
625 927 903 982 habemus.
937 927 1070 994 Quia
1109 937 1285 981 autem
1317 925 1481 995 probe
1512 924 1621 978 scio
1653 932 1704 977 te
1742 935 1954 993 quoque

370 1019 434 1074 de
482 1019 644 1074 rebus
681 1019 879 1073 nostris
907 1019 1190 1072 certiorem
1235 1016 1348 1070 ῆιτί
1397 1030 1632 1086 cupere,
1674 1011 1952 1068 commoda

371 1110 668 1165 valetudine
698 1125 884 1164 sumus
904 1150 920 1174 ,
954 1110 1258 1178 ingentique
1286 1109 1396 1160 otio
1422 1117 1476 1162 et
1500 1107 1678 1176 quiete
1710 1103 1951 1168 fruimur,

369 1211 527 1272 atque
571 1205 623 1255 in
659 1203 946 1256 securitate
983 1201 1258 1269 degimus.
1306 1195 1826 1276 lsaurieisnimirnm
1869 1203 1953 1247 tn-

372 1293 627 1347 multibus
674 1291 904 1346 liberati.
951 1290 1084 1345 Nam
1125 1289 1266 1359 quod
1308 1289 1374 1342 ad
1418 1286 1681 1342 Armenia:
1727 1285 1954 1339 hiemem

369 1384 577 1447 attinet,
612 1398 730 1437 eam
775 1381 885 1450 jam
919 1396 1016 1434 usu
1063 1381 1179 1449 ipso
1216 1379 1355 1434 ferre
1398 1378 1578 1432 didici.
1624 1378 1954 1444 Quamquam

369 1476 509 1530 enim
542 1475 739 1545 frigore
769 1491 873 1528 non
920 1474 1051 1528 nihil
1093 1472 1368 1534 offendor,
1399 1481 1456 1526 ut
1495 1471 1632 1526 solet
1662 1471 1704 1525 is
1731 1468 1823 1539 qui
1850 1478 1954 1521 tant

373 1566 621 1621 imbecilli
669 1580 896 1634 corpore
943 1563 1194 1634 praeditus
1221 1564 1296 1619 sit
1325 1580 1338 1616 :
1371 1561 1615 1632 superior
1643 1569 1819 1614 tamen
1859 1573 1956 1612 ex-

371 1659 522 1721 sisto,
572 1657 699 1710 dum
739 1656 884 1710 domi
932 1671 1019 1709 me
1071 1663 1361 1724 perpetuo,
1413 1668 1532 1706 cum
1578 1651 1743 1720 frigus
1785 1649 1956 1714 saevit,

373 1749 606 1811 includo,
630 1763 863 1818 raroque
890 1763 921 1803 e
950 1748 1133 1802 limine
1161 1745 1348 1817 pedem
1371 1745 1554 1799 cﬂ‘ero.
1584 1743 1717 1798 Nam
1738 1753 1959 1798 crateras

370 1842 582 1911 quidem
613 1841 736 1894 anni
785 1849 962 1909 partes
1005 1841 1075 1893 ita
1113 1838 1379 1908 jucundas
1423 1852 1486 1891 ac
1526 1851 1717 1891 suaves
1762 1835 1956 1900 sentio,

373 1945 428 1986 ut
458 1948 579 1986 eum
611 1933 770 1986 etiam
820 1932 1083 1994 morbum,
1118 1946 1276 2000 quem
1323 1945 1390 1984 ex
1438 1928 1629 1983 hiemis
1673 1928 1960 1998 asperitate

371 2023 633 2086 contraxi,
666 2023 917 2091 perfacile
948 2023 1219 2092 depellere
1245 2037 1456 2092 quemn.

583 2113 844 2170 CXLIII.
881 2114 1116 2186 Polybio.
1153 2113 1396 2187 (Cucuso
1417 2129 1558 2170 anno
1585 2113 1748 2184 40L)

443 2205 605 2262 Urbis
640 2205 854 2276 quidem
899 2206 1039 2272 solo,
1086 2221 1151 2261 ac
1177 2206 1345 2258 muris
1384 2214 1438 2259 et
1478 2205 1766 2274 parietibus
1806 2201 1961 2272 ejecli

371 2314 602 2352 sumus:
635 2314 819 2352 verum
865 2314 931 2352 ex
983 2297 1135 2360 urbe,
1183 2312 1301 2367 qua:
1343 2298 1556 2367 proprie
1598 2295 1702 2350 hoc
1747 2296 1962 2350 nomine

370 2389 597 2460 gaudet,
627 2391 847 2445 minime
876 2389 1241 2460 migravimus.
1287 2388 1418 2443 Nam
1451 2389 1495 2442 si
1528 2403 1624 2443 vos
1655 2388 1782 2442 urbs
1809 2388 1958 2452 estis,

371 2499 500 2539 sane
526 2499 646 2538 cum
680 2485 957 2538 vobisutm
1001 2493 1162 2554 atque
1208 2484 1258 2537 in
1291 2482 1441 2536 vobis
1470 2489 1727 2552 perpetuo
1770 2480 1958 2545 simus,

370 2572 496 2630 illud
545 2575 883 2645 perspicuum
931 2584 1054 2642 est,
1104 2591 1199 2628 nos
1229 2575 1386 2628 etiam
1419 2574 1502 2628 hic
1543 2581 1957 2638 commorantes,

369 2669 559 2720 urbem
611 2667 755 2720 illam
801 2667 1063 2722 habitare.
1111 2666 1295 2737 Neque
1337 2666 1480 2721 enim
1527 2665 1710 2719 dubito
1739 2665 1864 2735 quin
1907 2663 1960 2718 in

369 2760 564 2812 animis
604 2759 796 2813 vestris
842 2759 1142 2813 habitamus
1186 2776 1199 2812 :
1241 2773 1304 2812 ac
1346 2758 1576 2813 vicissim
1624 2751 1963 2828 quocumque

367 2849 659 2902 abieritnus
681 2889 694 2912 ,
744 2865 840 2902 vos
883 2864 1074 2903 omnes
1097 2890 1112 2915 ,
1159 2849 1249 2918 qui
1280 2849 1445 2904 nostri
1476 2863 1660 2902 amore
1700 2845 1959 2916 flagratis,

367 2941 548 2994 animo
577 2941 1018 2995 circumferimus.
1065 2941 1177 2994 lloc
1216 2955 1372 3009 porro
1402 2954 1500 2993 nos
1526 2953 1624 2992 nec
1655 2936 1812 3007 hujus
1856 2935 1961 2990 loci

369 3032 716 3086 solitudinem
743 3033 760 3101 (
783 3039 866 3085 est
896 3041 1074 3086 autem
1103 3031 1263 3085 totius
1295 3029 1441 3084 orbis
1471 3040 1628 3084 terrae
1653 3027 1961 3083 desertissi-

369 3127 536 3193 mus),
585 3139 684 3178 nec
712 3124 1021 3193 praedonum
1050 3124 1384 3178 obsidionem
1414 3123 1574 3194 (nam
1603 3121 1838 3192 quotidie
1865 3121 1961 3176 ob-

369 3214 625 3284 sidetur),
659 3231 757 3270 nec
783 3215 1013 3283 denique
1041 3213 1255 3279 famem,
1283 3228 1402 3285 qua:
1425 3213 1548 3268 hinc
1572 3223 1748 3267 ortum
1777 3211 1957 3278 trahit,

369 3306 677 3373 perspicere
703 3305 868 3359 sinit:
895 3303 1326 3374 quandoquidem
1369 3319 1564 3374 corpus
1605 3303 1690 3358 hic
1729 3303 1958 3358 defixum

369 3406 484 3457 est,
532 3395 710 3448 anima
751 3409 880 3449 vero
925 3395 1064 3463 apud
1107 3410 1201 3450 vos
1245 3395 1448 3450 versari
1490 3408 1598 3449 non
1637 3393 1852 3449 desinit.
1890 3394 1961 3448 At

368 3487 624 3557 quoniam
657 3487 740 3552 iis,
788 3488 876 3557 qui
929 3486 1031 3542 hoc
1057 3487 1238 3542 animo
1283 3487 1488 3557 prtediti
1532 3496 1674 3550 sunt,
1717 3485 1961 3556 corporis

367 3595 584 3651 quoque
626 3581 912 3649 prmsentia
937 3595 1263 3651 magnopere
1291 3595 1414 3634 cara
1451 3588 1505 3634 et
1533 3579 1828 3649 expetenda
1854 3588 1956 3645 est,

367 3687 679 3742 rnasrorque
704 3673 877 3739 adest,
904 3689 1028 3729 cum
1054 3689 1116 3729 ea
1158 3681 1400 3743 negatur,
1447 3673 1498 3728 id
1539 3687 1700 3744 porro
1739 3672 1961 3729 minime

368 3763 488 3819 ﬁeri
532 3774 729 3833 potest,
757 3763 884 3818 huic
905 3766 982 3820 rei
1009 3765 1299 3819 maximum
1325 3763 1623 3820 remedium
1650 3763 1806 3819 affert
1831 3779 1961 3820 con-

367 3873 590 3927 gressus
633 3858 742 3925 ille,
787 3859 879 3929 qui
921 3858 1126 3912 mutuis
1166 3857 1408 3927 epistolis
1447 3866 1960 3928 comparaturzquo

366 3951 414 4003 si
458 3949 617 4004 nobis
656 3965 754 4019 per
778 3964 874 4004 vos
898 3950 1117 4020 copiose
1154 3949 1256 4004 frui
1289 3949 1580 4018 contingat,
1623 3948 1724 4004 hac
1749 3963 1960 4020 quoque

368 4040 626 4095 nunstitia
657 4041 910 4096 liberatos
952 4056 1052 4096 nos
1091 4037 1406 4096 sentiemus.
1449 4039 1609 4096 Potes
1637 4038 1779 4095 enim
1822 4040 1956 4111 ipse,

365 4132 588 4190 domine
631 4135 701 4189 mi
739 4131 1056 4203 cumprimis
1104 4131 1450 4202 admirande,
1480 4133 1780 4203 praesentia:
1809 4131 1962 4188 volu-

364 4234 570 4296 ptatem
603 4239 698 4294 per
722 4225 903 4279 literas
925 4223 1266 4280 adumbrare.
1781 4299 1784 4302 ῃ

586 4315 833 4372 CXLIV.
867 4317 1102 4388 Diogeni.
1140 4317 1385 4389 (Scripta
1414 4331 1554 4372 anno
1584 4316 1746 4388 404.)

445 4410 700 4464 Desertus
727 4409 942 4480 quidem
987 4411 1136 4464 locus
1164 4419 1247 4464 est
1283 4407 1554 4477 Cucusus,
1586 4419 1640 4465 et
1666 4409 1862 4480 alioqui
1892 4409 1959 4464 ad

361 4499 716 4554 habitandum
761 4501 1091 4570 periculosus
1115 4543 1130 4567 ,
1163 4509 1220 4555 ut
1259 4501 1348 4572 qui
1387 4510 1645 4571 perpetuo
1689 4502 1956 4556 latronum

362 4602 517 4646 metu
545 4591 768 4648 infestus
792 4593 861 4647 sit
892 4609 906 4646 :
939 4601 994 4647 tu
1026 4606 1176 4656 vero,
1207 4593 1365 4647 etiam
1395 4593 1588 4648 absens
1607 4635 1621 4659 ,
1653 4609 1775 4649 eum
1806 4594 1959 4649 nobis

362 4682 419 4736 in
456 4678 878 4736 ammnissimum
925 4682 1100 4737 locum
1145 4683 1506 4740 commutasti.
1551 4681 1682 4738 Nam
1713 4699 1832 4738 cum
1873 4686 1956 4739 in-

357 4786 583 4846 gentem
610 4786 756 4830 tuum
782 4777 954 4831 zelum
977 4818 992 4840 ,
1018 4777 1385 4847 sinceramque
1422 4792 1484 4832 ac
1509 4775 1803 4833 ferventem
1833 4788 1956 4848 erga

360 4881 469 4922 nos
509 4867 785 4922 caritatem
829 4868 1074 4922 audimus
1104 4867 1279 4938 (nihil
1319 4869 1462 4923 enim
1501 4867 1688 4934 nobis,
1715 4869 1956 4938 quamvis

360 4971 478 5014 tam
510 4960 669 5030 longe
710 4961 913 5018 dissitis
933 5003 947 5028 ,
977 4959 1302 5031 incognitum
1343 4960 1459 5021 est)
1484 5001 1500 5028 ,
1532 4960 1954 5018 benevolentiam

357 5060 548 5117 suam,
594 5062 861 5124 tamquam
907 5052 1220 5123 amplissimi
1265 5050 1541 5123 cujusdam
1585 5052 1858 5120 thesauri,
1892 5069 1956 5110 ac

354 5142 802 5201 inenarrabilium
831 5144 1132 5201 divitiarum
1176 5145 1343 5199 instar
1369 5145 1655 5213 habentes,
1689 5147 1758 5202 ita
1782 5147 1954 5204 afﬁci-

355 5252 510 5298 mur.
535 5245 590 5290 ut
615 5236 768 5292 nobis
792 5238 891 5307 ipsi
914 5240 965 5292 in
997 5238 1258 5310 tutissima
1283 5237 1417 5293 urbe
1434 5239 1632 5294 versari
1658 5234 1952 5307 videamur,

353 5335 510 5380 tanta
540 5325 786 5382 videlicet
810 5327 989 5383 latitia
1022 5329 1207 5395 erecti,
1239 5329 1636 5400 maximumque
1663 5329 1786 5387 hinc
1808 5327 1952 5387 sola-

353 5417 495 5470 tium
527 5417 822 5486 capientes.
853 5418 969 5487 Quo
999 5414 1159 5490 igitur
1196 5420 1336 5476 alter
1361 5421 1580 5492 insuper
1619 5413 1774 5478 nobis
1799 5423 1950 5478 volu-

351 5508 523 5576 ptatis
571 5509 815 5564 cumulus
867 5509 1121 5577 accedat,
1178 5510 1338 5566 velim
1390 5507 1558 5568 literis
1599 5528 1809 5584 quoque
1855 5528 1954 5570 nos

352 5610 598 5663 recrees,
624 5598 816 5668 quibus
836 5599 902 5654 de
927 5609 1014 5656 tua
1035 5600 1337 5657 valetudine
1356 5603 1615 5659 certiores
1634 5602 1949 5660 efficiamur.

348 5688 491 5748 Nam
519 5693 622 5749 etsi
652 5691 868 5748 difﬁcile
909 5692 1049 5748 istud
1080 5703 1160 5748 est
1179 5733 1194 5761 ,
1230 5703 1340 5751 tum
1371 5695 1440 5752 ob
1466 5696 1562 5752 via:
1591 5694 1951 5768 longinquita-

699 5800 970 5862 Pn'noc.
1018 5801 1134 5861 Gn.
1183 5801 1310 5862 LII.

1809 259 2190 322 εριδτοωε.

3543 251 3649 318 698

2059 383 2190 440 tem,
2221 381 2330 429 tum
2358 373 2502 444 quod
2533 373 2620 430 hic
2650 373 2799 430 locus
2827 388 2857 428 a
2887 372 3097 443 publica
3125 372 3210 427 via
3235 370 3386 426 valde
3410 380 3646 425 semotus

2057 465 2147 529 sit,
2181 473 2356 519 tamen
2403 464 2604 518 homini
2638 464 2706 518 ita
2749 464 2970 538 amanti,
3015 473 3070 517 ut
3106 463 3219 533 ipse
3258 477 3440 516 amare
3484 460 3644 526 ausu,

2057 555 2217 608 etiam
2248 570 2366 624 quae
2395 554 2562 610 ardua
2601 563 2726 610 sunt
2763 553 2940 610 facilia
2979 554 3292 609 redduntur.
3326 552 3456 606 (lunt
3490 552 3647 622 igitur

2059 645 2472 709 animadvertas,
2496 655 2745 714 quantam
2773 645 3073 716 huiusmodi
3101 645 3369 699 literarum
3399 643 3644 712 frequen.

2060 739 2128 792 tia
2159 740 2382 808 gratiam
2409 754 2440 793 a
2469 739 2621 793 nobis
2643 738 2870 793 initurus
2890 738 2986 805 sis,
3012 737 3147 793 hanc
3173 751 3382 805 quoque
3409 733 3646 788 lmtitiam

2060 830 2212 883 nobis
2255 829 2433 897 praebe
2461 845 2475 881 :
2504 827 2764 897 siquidem
2797 827 2927 882 illud
2969 826 3191 881 moleste
3223 824 3473 891 ferimus,
3505 821 3647 892 quod

2058 937 2180 976 cum
2209 923 2398 976 iterum
2425 921 2532 993 jam
2563 920 2628 974 ad
2664 928 2717 976 te
2742 919 3114 989 scripserimus
3133 959 3148 985 ,
3180 929 3356 973 tamen
3384 933 3450 971 ne
3479 913 3647 971 semel

2060 1014 2272 1086 quidem
2306 1013 2484 1068 iiteras
2511 1028 2542 1067 a
2572 1022 2624 1069 te
2652 1012 2975 1082 accepimus.

2131 1143 2341 1203 CXLV.
2368 1143 2584 1204 Nicolao
2621 1147 2926 1220 presbytero.
2983 1145 3001 1219 (
3025 1147 3176 1200 Anno
3202 1143 3412 1201 circiter
3440 1141 3546 1198 403

2712 1261 2794 1315 vel
2826 1260 2982 1332 406.)

2131 1393 2395 1466 Cuperem
2418 1396 2630 1468 quidem
2659 1397 2774 1467 ipse
2790 1411 3019 1466 quoque,
3049 1403 3102 1450 et
3126 1390 3338 1463 quidem
3355 1386 3646 1445 vehemen-

2064 1496 2144 1544 ter
2175 1503 2426 1558 cuperem
2483 1499 2534 1543 te
2565 1488 2748 1543 videre
2777 1497 2935 1557 atque
2975 1484 3296 1555 complecti:
3336 1482 3493 1552 idque
3537 1481 3651 1548 ipse

2062 1579 2222 1632 etiam
2254 1588 2378 1634 ante
2427 1588 2636 1633 nostras
2664 1587 2911 1648 acceptas
2938 1577 3119 1631 literas
3148 1573 3367 1630 minime
3415 1573 3650 1642 ignoras.

2061 1669 2192 1725 Nam
2219 1685 2340 1726 cum
2371 1671 2580 1726 sincero
2609 1671 2788 1726 animo
2818 1686 2998 1726 amare
3050 1670 3196 1725 noris
3220 1711 3234 1732 ,
3291 1682 3387 1723 eos
3431 1678 3645 1737 quoque

2063 1762 2150 1831 qui
2183 1759 2626 1818 sincero‘animo
2653 1771 2854 1831 amant,
2903 1776 3194 1832 agnoscere
3241 1759 3401 1814 nosti.
3455 1757 3651 1811 Verum

2065 1855 2186 1924 quia
2212 1855 2262 1908 id
2292 1871 2396 1909 non
2426 1855 2569 1922 licet,
2604 1856 2840 1922 interim,
2873 1854 3013 1926 quod
3046 1855 3185 1917 licet,
3220 1852 3358 1908 facio
3387 1868 3401 1905 :
3426 1849 3604 1906 scribo
3631 1887 3651 1914 ,

2065 1946 2259 2011 saluto,
2310 1946 2512 2014 literas,
2561 1961 2679 2016 qua:
2729 1947 2882 2002 nobis
2937 1944 3253 2000 valetudinis
3302 1954 3403 1998 tum
3452 1949 3650 1996 statum

2065 2037 2259 2092 crebro
2283 2048 2572 2109 exponant,
2629 2038 2856 2107 postulo.
2908 2035 3267 2105 Quamobrem
3312 2035 3449 2089 hanc
3499 2029 3652 2086 nobis

2062 2130 2284 2198 gratiam
2309 2129 2564 2184 concede.
2589 2128 2720 2183 Nam
2743 2143 3062 2198 quamquam
3097 2126 3163 2182 ad
3211 2140 3328 2181 eam
3373 2138 3486 2179 rem
3529 2123 3652 2176 hor-

2065 2229 2235 2276 tatore
2264 2222 2393 2276 nihil
2420 2221 2643 2292 indiges,
2677 2231 2855 2276 tamen
2884 2220 2952 2275 de
3001 2219 3100 2274 hac
3148 2233 3206 2272 re
3254 2226 3308 2272 te
3330 2215 3652 2271 submonere

2065 2314 2283 2369 minime
2313 2312 2653 2368 desistemus.
2686 2312 2871 2382 Neque
2901 2311 3042 2366 enim
3073 2310 3317 2380 exiguam
3370 2307 3534 2362 animi
3562 2308 3644 2364 ιε-

2067 2403 2358 2468 rationem,
2384 2413 2546 2472 atque
2576 2413 2684 2456 tum
2719 2401 3046 2466 sizlitudinis,
3077 2411 3186 2454 tum
3218 2399 3650 2470 quotidianorum

2067 2504 2356 2561 terrorum,
2404 2496 2492 2565 qui
2525 2508 2590 2551 ex
2624 2494 2932 2564 pra-donum
2965 2493 3269 2548 incursione
3295 2491 3448 2545 nobis
3472 2491 3654 2545 oriun-

2068 2598 2173 2654 tur,
2199 2595 2308 2641 tum
2340 2585 2514 2641 morbi
2540 2586 2802 2656 corporis,
2827 2585 3280 2654 adversarumque
3302 2582 3526 2636 aliarum
3562 2595 3651 2635 re—

2065 2694 2181 2733 ru'n
2213 2678 2638 2734 consolationem
2666 2677 2798 2730 illud
2827 2676 2982 2730 nobis
3008 2675 3291 2730 allaturum
3313 2682 3392 2728 est
3418 2711 3433 2736 ,
3490 2671 3536 2727 si
3580 2686 3650 2726 es

2065 2769 2234 2835 vobis,
2258 2769 2449 2838 quibus
2476 2769 2584 2823 cari
2607 2782 2809 2831 sumus,
2835 2766 2936 2821 hoc
2967 2765 3343 2835 intelligamus,
3371 2775 3466 2818 vos
3491 2761 3645 2826 firma

2065 2861 2368 2916 valetudine
2393 2875 2532 2928 esse,
2563 2861 2848 2931 omniaque
2868 2860 3019 2915 vobis
3067 2874 3133 2913 ex
3181 2858 3344 2913 animi
3387 2857 3648 2912 sententia

2064 2954 2310 3020 evenire,
2345 2953 2554 3008 etiamsi
2580 2953 2776 3023 alioqui
2819 2962 3098 3007 sescentas
3127 2947 3280 3005 nobis
3306 2957 3651 3018 tempestates

2063 3058 2478 3100 commemores.
2504 3043 2603 3112 Qui
2633 3043 2845 3099 tandem
2876 3043 3054 3098 istud?
3079 3042 3340 3110 Quoniam
3387 3041 3518 3095 nihil
3545 3039 3651 3094 im-

2064 3135 2229 3205 pedit,
2261 3135 2567 3205 quominus,
2597 3135 2692 3206 qui
2741 3134 2990 3205 generosi
3033 3143 3090 3190 et
3138 3133 3437 3202 experrecti
3489 3141 3652 3202 atque

2062 3225 2251 3282 attenti
2277 3226 2440 3282 animi
2493 3236 2607 3292 est,
2655 3227 2816 3282 etiam
2859 3226 2915 3281 in
2962 3226 3274 3297 perturbato
3315 3223 3649 3294 negotiorum

2061 3318 2197 3372 mari
2230 3317 2454 3373 feliciter
2492 3319 2740 3388 naviget:
2773 3317 3224 3389 quemadmodum
3269 3325 3452 3372 contra
3483 3353 3498 3384 ,
3555 3316 3650 3386 qui

2065 3407 2240 3477 ignavi
2267 3423 2332 3462 ac
2351 3408 2675 3463 consternati
2703 3409 2984 3478 supinique
3008 3408 3173 3463 animi
3197 3417 3302 3473 est,
3363 3408 3652 3478 tranquillo

2062 3513 2274 3569 quoque
2309 3499 2442 3553 mari
2487 3499 2824 3569 perturbetur
2847 3501 3078 3570 atquein
3118 3500 3349 3555 tumultu
3387 3508 3649 3554 versetur.

3249 1339 3286 1365 ὀ

2135 3631 2272 3690 CXL
2287 3635 2380 3691 VI.
2409 3629 2695 3712 Theodoto,
2724 3631 2964 3706 Nicolao,
2993 3633 3248 3704 Chreme,
3282 3635 3579 3708 presbyteris

2373 3737 2419 3784 et
2448 3729 2726 3784 monachis.
2759 3727 2990 3800 (Cucuso
3011 3745 3151 3784 anno
3179 3724 3332 3800 405.)

2140 3862 2248 3917 Vos
2273 3861 2487 3933 quidem
2508 3861 2807 3919 lsaurorum
2830 3863 3190 3920 incursionem
3211 3871 3371 3933 atque
3389 3861 3646 3934 impetum

2063 3955 2322 4011 absentia:
2350 3965 2542 4011 vestra:
2567 3971 2781 4011 causam
2809 3971 2931 4012 esse
2966 3955 3142 4011 dicitis
3167 3974 3182 4012 :
3227 3964 3285 4010 at
3319 3970 3417 4026 ego
3443 3969 3538 4011 vos
3589 3966 3647 4011 et

2064 4045 2276 4112 adesse,
2304 4055 2360 4102 et
2381 4045 2654 4100 nobiscum
2684 4047 2887 4102 versari
2922 4045 3044 4101 dico
3065 4087 3082 4111 ,
3133 4061 3308 4117 neque
3341 4045 3646 4116 hujusmodi

2062 4152 2200 4202 rem,
2220 4137 2347 4208 quin
2361 4136 2429 4191 ad
2447 4136 2835 4205 nosveneritis,
2871 4137 3252 4208 impedimento
3278 4137 3430 4194 vobis
3461 4137 3645 4194 fuisse.

2062 4228 2196 4284 Nam
2227 4243 2306 4284 eae
2329 4229 2569 4283 caritatis
2595 4244 2785 4298 penna:
2829 4239 2995 4295 sunt,
3049 4239 3108 4284 ut
3135 4230 3342 4287 etiamsi
3397 4241 3648 4287 sexcenta

2062 4319 2439 4390 impedimenta
2458 4335 2517 4375 se
2551 4320 2826 4390 objieiant,
2866 4329 3087 4390 repente
3127 4330 3303 4376 tamen
3347 4336 3411 4376 ac
3453 4337 3645 4391 magna

2062 4425 2184 4466 cum
2216 4409 2469 4465 facilitate
2498 4409 2696 4481 ubique
2719 4410 2878 4465 adsit.
2908 4410 3059 4479 Quod
3089 4410 3134 4465 si
3182 4425 3439 4482 corporea
3469 4420 3645 4465 vestra

2063 4501 2349 4571 praesentia
2373 4516 2640 4567 caremus,
2663 4501 2870 4572 precari
2897 4515 2965 4556 ne
2985 4500 3316 4556 intermittite
3344 4516 3359 4554 :
3392 4514 3456 4555 ac
3507 4500 3648 4556 Deus

2062 4603 2179 4645 eam
2205 4606 2301 4662 pro
2352 4606 2447 4646 sua
2474 4591 2802 4661 benignitate
2847 4589 3014 4646 dabit.
3043 4589 3480 4662 Quandoquidem
3532 4590 3646 4663 ipse

2061 4701 2274 4756 quoque
2325 4686 2506 4740 animo
2533 4696 2628 4740 vos
2655 4683 2868 4741 assidue
2895 4695 3108 4756 gerens,
3159 4694 3501 4755 congressum
3549 4699 3644 4738 ve-

2061 4787 2231 4831 strum
2264 4776 2406 4832 haud
2439 4777 2714 4848 vulgarem
2741 4777 2792 4832 in
2812 4777 3028 4832 modum
3055 4776 3303 4832 desidero
3323 4793 3336 4829 ι
3355 4791 3527 4846 neque
3542 4775 3646 4830 du-

2061 4866 2191 4932 bito,
2214 4867 2341 4936 quin
2373 4867 2510 4922 istud
2543 4867 2674 4923 mihi
2699 4869 2994 4939 contingat,
3023 4865 3312 4922 dummodo
3339 4881 3462 4922 eum
3485 4909 3501 4931 ,
3553 4867 3644 4937 qui

2061 4967 2432 5030 tempestatem
2451 4973 2664 5015 omnem
2683 4958 2971 5026 discutere,
2999 4967 3296 5030 cunctaque
3322 4959 3374 5014 in
3397 4972 3642 5028 magnam

2061 5051 2497 5124 tranquillitatem
2525 5051 2790 5108 adducere
2813 5061 3011 5123 potest,
3062 5053 3258 5109 obnixe
3282 5052 3448 5107 oretis
3467 5061 3520 5106 et
3543 5053 3643 5106 obo

2060 5141 2307 5200 secretis.
2339 5141 2413 5200 Ut
2440 5153 2618 5201 autem
2669 5151 2850 5198 rerum
2893 5152 3104 5214 (ιυοφιο
3154 5151 3455 5199 nostrarum
3505 5151 3644 5200 statu

2058 5236 2274 5306 cognito
2302 5235 2575 5302 laetemini,
2609 5234 2806 5305 ingenti
2835 5237 3014 5306 quiete
3039 5244 3199 5306 atque
3227 5237 3339 5291 otio
3375 5235 3599 5290 fruimur
3627 5277 3639 5302 ,

2059 5342 2358 5399 corpusque
2380 5337 2643 5394 nostrum,
2674 5329 2772 5384 etsi
2803 5328 2999 5399 alioqui
3032 5328 3198 5384 multa
3219 5329 3328 5384 sint
3341 5343 3459 5399 quae
3481 5329 3646 5397 ipsius

2061 5425 2419 5481 valetudinem
2446 5424 2784 5491 labefactent,
2837 5426 2969 5480 satis
3023 5423 3305 5482 commode
3353 5439 3414 5480 se
3463 5422 3643 5479 habet.

2059 5515 2390 5587 Quamquam
2441 5515 2583 5571 enim
2631 5522 2686 5570 et
2721 5515 3050 5572 medicorum
3105 5515 3316 5585 inopia,
3366 5521 3421 5568 et
3464 5527 3646 5568 rerum

2061 5606 2483 5663 necessariarum
2528 5606 2749 5678 penuria
2801 5605 2978 5678 (nihil
3014 5607 3157 5662 enim
3189 5606 3275 5661 hic
3303 5606 3492 5660 venale
3516 5617 3644 5665 est,

2065 5712 2163 5754 nec
2179 5697 2563 5757 medicamenta
2581 5700 2689 5756 ulla
2708 5700 3060 5772 suppetunt),
3088 5705 3143 5755 et
3167 5697 3281 5754 caeli
3299 5695 3643 5767 intemperies

3213 5815 3291 5875 20
