4064 6218
410 213 518 272 699

405 330 501 384 καὶ
535 328 697 399 ἀέρος
740 326 1042 400 δυσκρασία
1073 325 1187 400 (τοῦ
1225 327 1440 400 κρυμοῦ
1482 327 1590 399 γὰρ
1628 329 1729 382 οὑκ
1763 326 1984 381 ἔλαττον

403 432 553 505 ἡμᾶς
576 431 638 485 τὸ
662 430 820 504 θέρος
855 435 1033 500 λυπεῖ,
1054 432 1382 495 ἀπεναντίας
1404 430 1500 485 τοῦ
1535 430 1749 503 κρυμοῦ
1781 431 1984 504 μιμού-

405 554 567 610 μενον
607 536 707 610 τὴν
754 536 1147 609 σφοδρότητα),
1188 535 1284 591 καὶ
1318 536 1601 609 πολιορκία
1637 536 1847 609 χαλεπὴ
1888 535 1983 589 καὶ

399 639 680 712 διηνεκὴς,
732 638 827 692 καὶ
882 643 1126 710 συνεχεῖς
1168 639 1263 693 καὶ
1313 638 1606 709 ἐπάλληλοι
1655 638 1811 708 φόϐοι
1872 638 1981 694 τῶν

414 740 730 812 Ἰσαυρικῶν
759 742 964 811 ἐφόδων
988 758 1003 775 ·
1028 741 1233 795 τούτων
1258 742 1435 796 τοίνυν
1459 744 1554 796 καὶ
1585 742 1785 815 ἐτέρων
1813 742 1983 796 πλειό-

402 864 509 901 νων
535 846 705 900 δντων
735 846 843 900 τῶν
877 847 1301 920 διαφθειρόντων
1326 849 1425 920 τὴν
1457 846 1623 921 ρῶσιν
1649 849 1812 919 ἡμῖν,
1841 848 1981 912 τέως

399 950 494 1007 τοῦ
512 953 609 1024 μὲν
626 952 869 1006 κινδύνου
893 952 987 1007 τοῦ
1018 951 1278 1023 χαλεποῦ,
1297 952 1506 1023 καὶτῆς
1521 952 1773 1024 τοιαύτης
1802 951 1980 1024 ἀπηλ-

404 1053 651 1127 λάγμεθα
671 1054 983 1127 ἀρρωστίας
1005 1069 1054 1121 ι,
1077 1055 1392 1127 ὑγιαίνομεν
1409 1056 1465 1110 δέ
1484 1072 1607 1109 τινα
1623 1056 1810 1125 ὑγείαν
1837 1056 1978 1129 σύμ-

404 1175 621 1232 μετρον.
663 1157 751 1230 Μὴ
785 1158 850 1229 δὴ
900 1158 1183 1229 διαλίπητε
1232 1161 1327 1215 καὶ
1369 1161 1522 1213 αὑτοὶ
1564 1160 1801 1232 συνεχῶς
1845 1162 1977 1233 ἡμῖν

399 1261 824 1326 ἐπιστέλλοντες,
852 1262 947 1316 καὶ⁹
972 1262 1041 1316 τά
1064 1264 1192 1335 περὶ
1222 1265 1320 1335 τῆς
1347 1263 1533 1332 ὑγείας
1574 1261 1676 1334 τῆς
1703 1263 1976 1336 ὑμετέρας

400 1366 898 1438 εὐαγγελιζόμενοι.
936 1368 1045 1421 Καὶ
1070 1367 1179 1439 γάρ
1200 1368 1546 1440 παράκλησιν
1574 1369 1856 1441 μεγίστην,
1883 1369 1978 1424 καὶ

402 1468 775 1543 παραμυθίαν,
804 1470 898 1523 καὶ
931 1469 1204 1543 θησαυρὸν
1238 1471 1446 1526 πολλῶν
1470 1471 1708 1543 γέμοντα
1733 1470 1971 1540 ἀγαθῶν,

398 1577 496 1649 τὴν
525 1575 798 1647 ὑμετέραν
820 1574 1042 1645 ἀγάπην
1072 1571 1212 1630 εἶναι
1245 1575 1538 1647 νομίζομεν
1558 1591 1572 1606 ·
1601 1575 1694 1628 καὶ
1720 1574 1846 1629 ὅταν
1876 1575 1975 1647 τὴν

398 1680 635 1736 διάθεσιν
665 1678 819 1751 ὑμῶν
845 1678 945 1750 τὴν,
971 1679 1230 1750 γνησίαν,
1254 1678 1429 1733 καὶτὸ
1454 1677 1853 1750 ἀπερίτρεπτον
1876 1677 1975 1747 τῆς

399 1785 624 1856 γνώμης
640 1824 656 1850 ,
692 1784 786 1839 καὶ
807 1784 906 1853 τὴν
930 1781 1125 1850 ἀκλινῆ
1153 1783 1248 1837 καὶ
1269 1783 1505 1855 στερρὰν
1537 1780 1690 1854 ὑμῶν
1711 1782 1976 1855 ἐννοήσω-

401 1905 502 1960 μεν
564 1887 788 1957 ἀγάπην
842 1886 951 1957 (ἀεὶ
999 1886 1055 1940 δὲ
1105 1885 1276 1957 αὑτὴν
1335 1886 1645 1951 ἐννοοῦντες
1699 1883 1849 1958 [686]
1911 1885 1972 1938 οὐ

398 1994 730 2065 παυόμεθα),
775 1993 968 2065 ὥσπερ
1008 1993 1087 2057 εῐς
1121 2011 1244 2048 τινα
1273 1992 1468 2064 λιμένα
1507 1994 1673 2064 εὑρὺν
1712 1993 1809 2048 καὶ
1848 1990 1979 2047 ἀκύ-

402 2118 601 2173 μαντον
620 2101 729 2154 ἀπὸ
748 2100 856 2153 τῶν
876 2097 1086 2151 πολλῶν
1113 2097 1490 2169 καταπλέομεν
1522 2096 1774 2169 θλίψεων.

928 2212 1115 2265 PMZ'.
1159 2210 1461 2279 ’Δνθεμ[ῳ.

468 2328 651 2383 ’Δλλοι
683 2326 783 2398 μέν
818 2342 912 2379 σου
934 2328 999 2397 τῇ
1028 2324 1423 2395 θαυμασιότητι
1454 2323 1548 2378 καὶ
1576 2322 1678 2394 τῆς
1710 2323 1975 2387 ὑπατείας

389 2434 489 2488 καὶ
533 2433 634 2504 τῆς
689 2429 1060 2502 ὲπαρχότητος
1121 2427 1485 2498 συνήδονται·
1526 2426 1638 2497 ἐγὼ
1676 2426 1734 2481 δὲ
1784 2427 1974 2491 αὑταῖς

389 2542 513 2605 ταῖς
540 2540 738 2612 ἀρχαῖς
756 2537 856 2609 τῆς
883 2536 984 2607 σῆς
1010 2535 1197 2589 ’ἐνεκεν
1225 2533 1723 2605 μεγαλοπρεπείας.
1754 2532 1829 2586 Οὒ
1868 2533 1975 2604 γάρ

394 2647 456 2700 σὲ
510 2642 967 2713 κατεκόσμησαν,
1033 2638 1149 2693 ἀλλ’
1209 2636 1594 2709 έκοσμήθησαν
1646 2634 1799 2717 παρά
1855 2634 1972 2688 σοῦ.

404 2750 623 2820 Ἐπειδὴ
648 2747 743 2802 καὶ
768 2745 1008 2800 τοιοῦτον
1031 2745 1063 2815 ἠ
1086 2745 1254 2817 ἀρετή
1280 2757 1294 2772 ⁸
1321 2742 1420 2796 οὑκ
1441 2741 1640 2807 ἔξωθεν
1661 2738 1971 2805 δανείζεται

388 2858 490 2920 τὰς
532 2854 720 2925 τιμὰς,
766 2851 881 2905 ἀλλ’
917 2850 1059 2921 αὑτὴ
1104 2852 1164 2903 ὲν
1209 2849 1377 2919 ἑαυτῇ
1415 2847 1704 2919 περιφέρει
1746 2844 1972 2909 ταύτας,

387 2959 557 3032 τιμὴν
581 2961 693 3023 τοῖς
736 2955 1010 3028 ἀξιώμασι
1051 2954 1264 3017 τούτοις
1303 2952 1657 3025 παρέχουσα,
1698 2950 1800 3004 οὑκ
1832 2950 1972 3020 αὑτὴ

390 3067 522 3138 παρ’
551 3063 774 3117 ἐκείνων
799 3060 1175 3132 λαμϐάνουσα.
1208 3057 1308 3113 Διά
1340 3056 1406 3129 δὴ
1453 3055 1609 3111 τοῦτο
1645 3054 1765 3109 οὑδὲ
1801 3070 1972 3128 προσ-

387 3170 669 3241 ιθὴκαμεν
701 3164 780 3235 τῷ
815 3164 1023 3236 φίλτρῳ
1054 3161 1150 3218 νῦν
1172 3160 1250 3233 τῷ
1281 3160 1410 3233 περὶ
1443 3160 1523 3214 σέ.
1556 3159 1717 3214 Οὑδὲν
1754 3156 1863 3230 γάρ
1891 3174 1974 3212 σοι

389 3270 728 3348 προσγέγονε
767 3266 929 3322 πλέον
968 3283 982 3297 ·
1030 3265 1152 3320 οὐδὲ
1197 3265 1290 3320 τὸν
1341 3264 1584 3337 ὕπαρχον
1629 3264 1724 3319 καὶ
1769 3262 1974 3318 ὕπατον

390 3378 553 3447 ἡμεῖς
582 3372 844 3444 φιλοῦμεν
863 3412 881 3439 ,
907 3370 1045 3425 ἀλλά
1067 3370 1158 3424 τὸν
1184 3369 1453 3440 δεσπότην
1490 3386 1592 3440 μου
1627 3369 1719 3423 τὸν
1757 3371 1862 3441 ήμε
1872 3368 1976 3440 ρώ.

388 3497 553 3535 τατον
599 3476 900 3546 ’Δνθέμιον,
932 3475 1025 3527 τὸν
1053 3472 1254 3544 πολλῆς
1288 3473 1384 3544 μὲν
1419 3471 1685 3536 συνέσεως
1708 3512 1723 3537 ,
1772 3471 1974 3543 πολλῆς

389 3586 451 3639 δὲ
477 3585 716 3655 γέμοντα
738 3579 1078 3653 φιλοσοφίας.
1107 3577 1199 3632 Διὸ
1221 3595 1281 3632 σε
1304 3577 1398 3632 καὶ
1430 3577 1805 3650 μακαρίζομεν
1825 3619 1841 3646 ,
1873 3579 1973 3654 οὑκ

390 3687 584 3760 ἐπειδὴ
605 3686 743 3759 πρὸς
784 3684 877 3740 τὸν
913 3683 1103 3756 θρόνον
1138 3681 1340 3753 ἀνέϐης
1372 3682 1562 3737 τοῦτον
1583 3723 1599 3749 ,
1632 3681 1749 3737 ἀλλ’
1786 3683 1972 3754 ἐπειδὴ

387 3790 789 3862 δαψιλεστέραν
832 3785 1021 3851 έλαεες
1058 3784 1192 3858 ὓλην
1219 3824 1236 3851 ,
1274 3786 1356 3850 είς
1394 3784 1458 3839 τὸ
1483 3785 1583 3857 τὴν
1616 3784 1831 3839 σύνεσίν
1876 3802 1971 3840 σου

388 3900 490 3954 καὶ
523 3899 623 3971 τὴν
669 3894 1082 3965 φιλανθρωπίαν
1123 3884 1515 3958 ἐπιδείξασθαι.
1555 3892 1666 3947 Καὶ
1712 3896 1828 3957 τοῖς
1856 3893 1973 3947 ἀδι-

392 4000 683 4072 κουμένοις
711 3999 846 4052 πᾶσι
872 3994 1212 4067 συνηδόμεθα
1234 4032 1251 4061 ,
1278 3993 1373 4050 τὸν
1407 3993 1614 4049 πλατύν
1645 4011 1740 4048 σου
1775 3995 1972 4066 λιμένα

387 4105 491 4176 τῆς
519 4103 699 4175 ψυχῆς
720 4100 976 4173 ὁρῶντες,
1009 4099 1180 4171 μυρία
1209 4097 1507 4171 δυνάμενον
1529 4098 1687 4152 λῦσαι
1713 4098 1969 4168 ναυάγια,

390 4209 489 4262 καὶ
515 4206 640 4267 τοὺς
673 4205 753 4266 είς
775 4204 1001 4273 ἔσχατον
1023 4201 1315 4257 κλυδωνίου
1338 4201 1759 4273 κατενεχθέντος
1790 4218 1969 4274 παρα-

392 4309 661 4363 σκευάσαι
683 4307 933 4379 ὲεουρίας
971 4305 1144 4361 πλεῖν.
1195 4305 1295 4361 Διά
1321 4306 1493 4362 ταῦτα
1522 4307 1852 4380 σκιρτῶμεν,
1882 4307 1973 4363 διὰ

391 4415 567 4471 ταῦτα
605 4412 871 4484 χαίρομεν
895 4450 914 4475 ,
955 4409 1054 4481 τὴν
1084 4411 1184 4481 σὴν
1209 4410 1387 4485 ἀρχὴν
1412 4412 1597 4483 κοινὴν
1637 4412 1834 4486 ἑορτὴν
1860 4411 1970 4467 τῶν

392 4519 854 4593 ἀπηρεαζομένων
893 4512 1035 4572 εἶναι
1063 4512 1396 4588 νομίζοντες.
1428 4512 1539 4583 Ἧς
1567 4520 1660 4573 καὶ
1691 4518 1845 4575 αὑτοὶ
1875 4516 1971 4572 νῦν

392 4625 763 4695 ἀπολαύομεν,
794 4622 1002 4676 οἰκείαν
1031 4621 1223 4695 ἡδονὴν
1252 4617 1392 4679 εἶναι
1425 4623 1698 4696 τιθέμενοι
1722 4623 1830 4679 τῶν
1860 4622 1970 4679 σῶν

393 4729 834 4801 κατορθωμάτων
867 4726 929 4780 τὺ
964 4727 1212 4797 μέγεθος.

392 4842 584 4895 PMH'.
613 4836 909 4908 Κυρωκῷ,
936 4839 1263 4907 Δημητρίῳ,
1294 4838 1635 4908 Παλλαδίῳ,
1661 4839 1968 4907 Εὺλυσίῳ,

972 4930 1349 4996 ἐπισκόποις.

462 5044 743 5117 Μακάριοι
780 5048 877 5101 καὶ
908 5046 1336 5120 τρισμακάριοι,
1384 5044 1481 5098 καὶ
1513 5040 1771 5108 πολλάκις
1813 5043 1971 5098 τοῦτο

393 5146 550 5217 ὑμεῖς
573 5149 683 5201 τῶν
711 5151 892 5204 καλῶν
926 5149 1133 5203 τούτων
1171 5148 1411 5220 ἱδρώτων
1441 5149 1533 5201 καὶ
1565 5147 1794 5217 ἀγώνων
1812 5188 1829 5214 ,
1862 5147 1971 5201 τῶν

399 5254 633 5325 μόχθων,
656 5257 751 5309 καὶ
786 5257 961 5310 πόνων
985 5296 1000 5321 ,
1032 5255 1256 5310 καὶτῶν
1282 5253 1563 5318 κινδύνων,
1584 5253 1678 5317 οὓς
1705 5255 1844 5325 ὑπὲρ
1863 5253 1972 5309 τῶν

408 5357 743 5431 Ἑκκλησιῶν
762 5361 871 5414 τῶν
897 5363 1038 5416 κατά
1067 5361 1165 5432 τὴν
1191 5360 1513 5432 οἰκουμένην
1538 5359 1809 5432 κειμένων
1838 5360 1972 5415 ὑπο-

404 5465 763 5536 μεμενήκατε,
790 5466 1034 5539 λαμπροὶ
1058 5467 1157 5536 μὲν
1174 5467 1231 5519 ὲν
1261 5468 1355 5541 γῇ,
1375 5466 1620 5539 λαμπροὶ
1650 5465 1706 5521 δὶ
1730 5466 1788 5521 ὲν
1807 5466 1972 5537 οὑρα-

460 5597 489 5632 ⁸
514 5598 702 5652 Ρὼτὶε.
725 5602 1061 5663 ἀπηλλάγμεθα
1077 5601 1291 5661 ἀπορίας.

1860 208 2243 266 EPISTULA.

3557 220 3661 277 700

2091 332 2201 393 νοῖς
2219 329 2307 384 διὰ
2336 330 2544 385 τούτων
2574 329 2872 402 γενόμενοι.
2904 329 3010 384 Καὶ
3030 329 3140 403 γὰρ
3166 329 3441 401 ἄνθρωποι
3464 333 3662 397 πάντες

2088 436 2138 489 οί
2167 436 2292 490 νοῦν
2315 436 2529 509 ἔχοντες
2551 434 3018 507 ἀνακηρύττουσιν
3047 438 3211 509 ὑμᾷς,
3247 438 3342 492 καὶ
3372 439 3659 509 στεφανοῦ·

2089 556 2194 604 σιν,
2231 538 2657 610 ἐκπληττόμενοι
2679 536 2777 609 τὴν
2797 537 3043 592 εὑτονίαν
3067 540 3096 592 ὑ
3104 538 3242 610 μῶν,
3270 540 3368 611 τὴν
3389 539 3660 613 ἀνδρείαν,

2088 644 2185 717 τὴν
2215 643 2533 716 καρτερίαν,
2568 643 2667 714 τὴν
2699 641 3079 713 προσεδρείαν.
3110 642 3181 695 ’Ὀ
3200 660 3259 696 τε
3284 642 3664 718 φιλάνθρωπος

2087 750 2219 815 Θεὸς
2241 792 2257 817 ,
2287 751 2316 804 ὁ
2350 749 2601 821 μείζονας
2630 750 2694 831 ὲκ
2724 748 2918 802 πολλοῦ
2951 745 3045 801 τοῦ
3073 747 3352 820 περιόντος
3377 749 3544 814 τιθεὶς
3577 751 3665 805 ἀεὶ

2087 854 2196 908 τῶν
2218 855 2395 908 πόνων
2416 854 2515 919 τὰς
2535 852 2789 926 ἀμοιϐἀς,
2808 851 3082 916 τοσούτοις
3100 850 3394 923 ἀμείψεται
3416 853 3662 923 ἀγαθοῖς.

2086 959 2233 1024 ὅσοις
2263 959 2586 1034 ἀμείϐεσθαι
2630 959 2750 1030 Θεῷ
2802 958 3011 1032 πρέπον
3052 960 3179 1024 τοὺς
3221 958 3364 1014 οὑτω
3400 962 3665 1031 γενναίως

2088 1063 2522 1136 ἀγωνιζομένους
2541 1064 2679 1137 ὑπὲρ
2694 1067 2793 1136 τῆς
2815 1066 2955 1119 κατά
2971 1065 3069 1137 τὴν
3096 1065 3423 1137 οίκουμένην
3446 1067 3665 1123 ἃπασαν

2088 1172 2327 1244 εἰρήνης.
2369 1171 2469 1225 Διά
2506 1171 2662 1225 τοῦτο
2701 1171 2795 1225 καὶ
2832 1173 2994 1242 ἡμεῖς
3019 1173 3081 1226 οὑ
3116 1172 3399 1245 παυόμεθα
3427 1173 3664 1245 μακαρία

2087 1273 2271 1340 ζοντες
2299 1274 2464 1346 ὑμᾶς,
2494 1275 2868 1347 ἐντρυφῶντες
2897 1276 3051 1347 ὑμῶν
3071 1277 3136 1348 τῇ
3163 1277 3352 1349 μνήμῃ
3374 1275 3660 1349 διηνεκῶς.

2085 1379 2177 1432 ἐπὶ
2214 1377 2449 1444 διανοίας
2472 1381 2885 1453 περιφέροντες,
2915 1384 2964 1436 εί
2994 1382 3089 1437 καὶ
3119 1378 3298 1454 πολλῷ
3324 1382 3662 1453 διῳκίσμεθα

2088 1481 2239 1556 [687]
2255 1482 2333 1553 τῷ
2356 1483 2594 1555 τῆςζὸδοῦ
2616 1490 2799 1556 μήκει.
2818 1486 2877 1537 ’0
2900 1486 2997 1556 μὲν
3012 1482 3107 1540 οῦν
3119 1484 3443 1556 τιμιώτατος
3461 1488 3662 1558 Κυρια-

2084 1586 2179 1651 κδς
2223 1588 2251 1640 ό
2282 1587 2526 1652 διάκονος
2573 1588 2674 1642 οὑκ
2702 1588 2943 1661 ἠδυνήθη
2972 1590 3068 1645 νῦν
3100 1589 3397 1644 ἐκπλεῦσαι
3421 1630 3436 1656 ,
3478 1590 3568 1646 διὰ
3598 1591 3660 1645 τδ

2085 1691 2264 1763 πολλῷ
2292 1693 2687 1765 κατειργάσθαι
2726 1693 2894 1765 πόνῳ.
2927 1694 2993 1748 Οί
3025 1693 3206 1765 μέντοι
3240 1693 3419 1768 κύριοί
3460 1712 3583 1767 μου,
3629 1697 3660 1752 ό

2084 1796 2475 1860 εὑλαϐέστατος
2502 1796 2868 1869 πρεσϐύτερος
2908 1799 3160 1870 Ἰωάννης
3182 1841 3196 1865 ,
3234 1798 3328 1853 καὶ
3346 1801 3376 1853 ό
3398 1798 3660 1871 τιμιώταο

2085 1919 2178 1966 τος
2207 1901 2421 1964 Παῦλος
2448 1903 2478 1956 ό
2507 1902 2773 1966 διάκονος,
2808 1902 3157 1972 ἐλαυνόμενοι
3183 1903 3537 1975 πανταχόθεν,
3564 1902 3659 1964 καὶ

2085 2003 2334 2078 μηδαμοῦ
2366 2003 2598 2075 στῆναι,
2643 2003 2776 2075 μηδὲ
2829 2003 3014 2060 λαθεῖν
3056 2005 3306 2076 ἔχοντες,
3362 2006 3662 2076 ἀναγκαῖον

2081 2110 2340 2181 ἐνόμισαν
2356 2109 2692 2163 ’καταλαϐεῖν
2730 2108 2886 2181 ὑμῶν
2917 2110 3018 2181 τὴν
3045 2110 3267 2182 ἀγάπην
3290 2153 3307 2179 ,
3336 2112 3431 2165 καὶ
3470 2110 3657 2169 αὐτόθι

2084 2215 2203 2287 μεθ’
2231 2214 2387 2286 ὑμῶν
2415 2210 2576 2268 εῖναι.
2605 2213 2897 2285 Δεξάμενοι
2926 2213 3104 2267 τοίνυν
3127 2216 3324 2281 αὑτοὺς
3353 2214 3488 2288 μετά
3522 2215 3660 2286 ἀγάρ
3772 2276 3781 2285 δ

2082 2337 2212 2393 πης,
2246 2320 2346 2391 τὴν
2373 2319 2690 2395 πρέπουσαν
2720 2319 2849 2391 ὑμῖν
2883 2316 3093 2374 εὔνοιαν
3140 2319 3265 2393 περὶ
3301 2319 3497 2385 αὐτοὺς
3536 2319 3658 2375 ἑπι-

2080 2423 2348 2490 δείξασθε.

2220 2541 2409 2594 PMB’.
2448 2538 2723 2608 Αὐρηλίῳ
2761 2537 3071 2607 ἐπισκόπῳ
3117 2537 3518 2608 Καρθαγένης.

2151 2646 2326 2700 Βαϐαὶ
2348 2682 2366 2711 ,
2419 2644 2604 2717 ἡλίκον
2651 2644 2769 2698 ἐστὶ
2822 2643 3045 2713 γενναία
3099 2644 3245 2715 ψυχὴ
3266 2686 3280 2709 ,
3335 2645 3430 2697 καὶ
3479 2642 3659 2715 πολλῷ

2081 2750 2320 2822 βρύουσα
2371 2748 2452 2819 τῷ
2506 2748 2607 2816 τῆς
2658 2748 2881 2818 ἀγάπης
2935 2747 3031 2802 καὶ
3092 2746 3172 2818 τῷ
3221 2747 3321 2819 τῆς
3372 2746 3659 2812 εὐλαϐείας

2079 2853 2278 2926 καρπῷ
2298 2894 2313 2918 ,
2350 2853 2485 2908 ὅπου
2533 2868 2615 2922 γε⁸
2644 2852 2739 2907 καὶ
2782 2852 2948 2917 αὑτὸς
2983 2850 3235 2908 τοσοῦτον
3265 2852 3420 2924 ἡμῶν
3448 2854 3660 2925 ἀπῳκι-

2081 2959 2275 3031 σμένος
2305 2956 2426 3012 ὀδοῦ
2454 2958 2628 3030 μῆκος
2654 2999 2670 3024 ,
2720 2957 2797 3021 ὡς
2835 2955 3027 3029 παρὼν
3067 2954 3162 3010 καὶ
3201 2944 3322 3023 μεθἰ
3362 2956 3521 3029 ημῶν
3559 2954 3656 3024 ῶν,

2083 3062 2265 3128 οὑτως
2301 3064 2448 3136 ἡμᾶς
2474 3060 2640 3128 εἷλες,
2672 3063 2765 3117 καὶ
2796 3060 3091 3133 ὲχειρώσω.
3139 3060 3253 3133 Τῆς
3294 3062 3402 3134 γάρ
3439 3062 3659 3132 ἀγάπης

2080 3188 2173 3225 σου
2194 3171 2255 3226 τὸ
2275 3169 2476 3243 θερμὸν
2492 3211 2506 3235 ,
2542 3170 2636 3224 καὶ
2666 3170 2766 3241 τῆς
2792 3167 3106 3243 παρρησίας
3130 3168 3224 3224 καὶ
3247 3168 3344 3240 τῆς
3373 3166 3661 3232 εὐλαϐείας

2077 3277 2111 3345 ἡ
2148 3274 2349 3328 εὑωδία
2380 3274 2541 3347 μέχρι
2569 3274 2639 3328 τά
2673 3274 2832 3345 ἡμῶν
2859 3272 2968 3327 τῶν
3000 3275 3058 3328 έν
3090 3274 3315 3344 ἐσχατιᾷ
3352 3274 3450 3351 τῆς
3476 3275 3659 3329 οίκου-

2085 3380 2255 3452 μένης
2286 3379 2608 3451 καθημένων
2650 3378 2903 3448 ἔφθασεν.
2951 3378 3051 3432 Διά
3093 3378 3263 3434 ταῦτά
3307 3396 3387 3434 σοι
3430 3380 3659 3451 χάριτας

2078 3471 2279 3536 πολλὰς
2308 3473 2486 3542 ἴσμεν,
2515 3470 2604 3526 διὰ
2641 3470 2815 3526 ταῦτά
2856 3487 2949 3525 σου
2982 3471 3359 3543 μακαρίζομεν
3377 3471 3473 3543 τὴν
3495 3471 3657 3525 εὑλά-

2078 3559 2252 3642 ϐειαν,
2267 3577 2348 3632 ὅτι
2363 3576 2524 3631 πόνον
2551 3576 2715 3631 πολὺν
2736 3576 2831 3630 καὶ
2861 3575 3060 3647 ἱδρῶτα
3089 3575 3229 3649 ὑπὲρ
3252 3575 3362 3631 τῶν
3392 3575 3535 3629 κατά
3562 3576 3658 3647 τῇν

2077 3681 2405 3754 οἰκουμένην
2465 3679 2803 3752 Ἐκκλησιῶν
2858 3680 3252 3752 ἀναδεχόμενος
3276 3719 3292 3743 ,
3370 3678 3657 3749 μεγίστους

2080 3785 2260 3856 ἑαυτῷ
2300 3784 2455 3858 παρὰ
2491 3784 2570 3857 τῷ
2612 3782 2978 3855 φιλανθρώπῳ
3012 3782 3131 3854 Θεῴ
3177 3782 3489 3857 προαπέθου
3532 3783 3660 3846 τοὺς

2084 3890 2402 3959 στεφάνους.
2426 3889 2535 3943 Καί
2584 3905 2642 3942 σε
2685 3887 3112 3959 παρακαλοῦμεν
3157 3889 3337 3960 μεῖναι
3365 3889 3457 3941 τὸν
3493 3888 3659 3943 καλὸν

2082 3993 2271 4046 τοῦτον
2314 3991 2502 4059 ἀγῶνα
2530 3990 2928 4061 ἀγωνιζόμενον
2953 4008 2967 4022 ·
2995 3985 3153 4045 οἶσθα
3182 3990 3291 4061 γάρ
3314 3989 3382 4045 τά
3410 3988 3658 4055 ἐντεῦθεν

2083 4099 2327 4172 βραδεῖα.
2376 4100 2441 4156 Εἰ
2469 4098 2579 4171 γὰρ
2618 4099 2716 4155 ἕνα
2753 4116 2839 4163 τις
2879 4097 3234 4168 ἀδικούμενον
3276 4098 3369 4154 καὶ
3418 4112 3657 4169 παρανο-

2083 4202 2183 4277 μού
2191 4220 2351 4275 μενον
2391 4202 2599 4274 ἀνέχων
2640 4202 2847 4272 ἄφατον
2892 4202 3008 4273 ἔχει
3050 4202 3201 4273 παρά
3247 4200 3340 4257 τοῦ
3390 4200 3528 4255 Θεοῦ
3566 4199 3658 4253 τὸν

2082 4305 2276 4376 μισθὸν
2300 4345 2316 4371 ,
2356 4304 2609 4375 ἐννόησον
2653 4303 2788 4375 ὅσην
2836 4302 3001 4366 αὑτὸς
3045 4301 3190 4375 λήψῃ
3232 4299 3334 4372 τὴν
3388 4298 3654 4370 ἀμοιϐὴν,

2090 4406 2419 4480 Ἐκκλησίας
2455 4405 2724 4470 τοσαύτας
2765 4404 3177 4477 ταρασσομένας
3220 4401 3308 4459 διά
3345 4403 3447 4473 τῆς
3486 4400 3659 4470 καλῆς

2079 4513 2285 4585 ταύτης
2324 4513 2561 4584 σπουδῆς
2589 4510 2948 4566 ἀπαλλάττων
2981 4510 3081 4583 μὲν
3102 4509 3347 4582 θορύϐων
3372 4510 3466 4563 καὶ
3489 4526 3658 4581 ταρα-

2079 4618 2201 4689 χῆς,
2233 4620 2313 4681 εἰς
2333 4617 2389 4674 δὲ
2409 4616 2643 4690 γαληνὸν
2673 4616 2871 4687 λιμένα
2899 4616 3121 4689 εἰρήνης
3152 4615 3379 4688 ὁρμίσαι
3405 4614 3433 4657 b
3463 4614 3652 4668 tan-ou.

2076 4720 2273 4785 δακώς.

2465 4836 2602 4889 PN.
2641 4833 2891 4903 Μαξίμῳ
2934 4833 3264 4899 ἐπισκόπει).

2154 4941 2323 4997 ὀταν
2353 4943 2593 5014 ὲννοὴσω
2620 4943 2750 5007 τοὺς
2780 4942 2974 5007 πόνους
3003 4942 3180 5015 ὑμῶν,
3214 4944 3307 4997 καὶ
3340 4944 3465 5008 τοὺς
3499 4942 3655 5015 ίδρῶ-

2076 5067 2196 5115 τας,
2235 5049 2363 5112 τοὺς
2398 5048 2491 5100 ἐπὶ
2538 5046 2736 5121 μακρῷ
2776 5048 2953 5125 χρόνῳ
2996 5049 3393 5120 γεγενημένους
3416 5086 3432 5113 ,
3469 5048 3531 5103 οὑ
3557 5048 3660 5121 τὴν

2077 5151 2365 5226 τυχοῦσαν,
2392 5150 2533 5207 ἀλλά
2557 5152 2649 5206 καὶ
2668 5153 2931 5224 μεγίστην
2957 5152 3272 5225 καρποῦμαι
3292 5152 3656 5226 παράκλησιν,

2079 5258 2163 5330 ἐφ’
2196 5252 2278 5323 οἷς
2320 5256 2479 5320 αὑτὸς
2522 5254 2767 5310 πέπονθα
2819 5256 3149 5329 παρανόμως
3173 5297 3188 5323 ,
3241 5259 3341 5329 τὴν
3382 5257 3655 5331 ὑμετέραν

2078 5362 2300 5433 ἀγάπην
2325 5360 2424 5431 τὴν
2453 5360 2595 5414 οὕτω
2620 5359 2829 5432 θερμὴν
2856 5361 2951 5415 καὶ
2982 5361 3212 5435 γνησίαν
3233 5403 3247 5427 ,
3272 5362 3373 5435 τὴν
3399 5362 3658 5434 πρόνοιαν

2076 5467 2179 5540 τὴν
2210 5465 2500 5537 εἰλικρινῆ,
2531 5464 2630 5537 τὴν
2662 5464 2970 5538 ἀγρυπνίαν
3000 5464 3103 5538 τὴν
3132 5464 3275 5539 ὑπὲρ
3304 5465 3400 5541 τῆς
3435 5457 3663 5534 διορθῶ-

2143 5603 2175 5647 b
2198 5601 2333 5652 Unus
2355 5600 2577 5651 ὀοιιῖησαι.
