4064 6218
360 281 457 341 7N

359 410 503 462 σεως
526 392 635 449 τῶν
662 389 1063 464 γεγενημένων,
1088 386 1189 457 τὴν
1216 378 1629 451 ἐπιτεταμένην,
1667 371 1930 464 μεγίστην

365 457 503 560 έχων
547 457 923 557 παράμυθίάν.
969 480 1081 532 Καὶ
1124 476 1232 546 7&9
1272 474 1372 543 οὐχ
1399 473 1434 542 ἡ
1471 465 1711 560 τυχοῦσα
1743 457 1934 560 γέγονέ

1042 258 1105 316 S.
1148 258 1431 317 JOANNIS
1467 257 1955 316 CHRYSOSTOMI
2005 256 2327 316 ARCHIEP.
2369 251 2917 313 CONSTANTINOP.

3507 239 3614 291 702

2530 359 2715 416 ΡΝΓ.
2755 357 2881 425 Τοῖς
2906 354 3128 422 αὐτοῖς.

2117 478 2192 531 Οὐ
2226 475 2657 547 διαλιμπάνομεν
2679 472 2839 545 χάριν
2865 471 2993 541 ύμῖν
3031 463 3420 540 ὁμολογοῦντες
3448 464 3619 537 διηνια

369 549 813 650 μῐιπαραὶῖίνλὴν
851 571 912 623 τδ
942 564 1249 637 λογίζεσθαι
1277 563 1360 618 δτι
1405 563 1469 613 ὲκ
1504 555 1758 612 τοσούτου
1803 549 1937 655 παρ’
2043 570 2177 633 κῶς.
2216 569 2280 622 Εί
2307 567 2416 638 γάρ
2446 567 2540 621 καὶ
2585 564 2754 618 πολλά
2795 560 3288 635 παρανεωμὴμεθα
3327 557 3479 628 παρὰ
3512 556 3624 609 τῶν

365 654 557 741 ἡμενοι
583 666 972 736 διαστήματος.
1010 660 1109 729 οὐχ
1146 655 1450 729 ἑωρακότες
1480 651 1626 723 ἡμᾶς
1656 662 1805 711 ποτε,
1839 641 1941 697 οὐκ

366 740 621 829 ϐιρθέντες
643 757 773 813 παρ’
806 753 983 826 ἡμῶν,
1019 752 1079 805 οὐ
1111 750 1286 815 λόγων
1309 747 1443 816 ἡμῖν
1469 740 1897 808 κοινωνήσαντες
1921 772 1937 796 ,

370 850 564 921 ἀθρόον
593 847 700 902 ὑπὸ
743 846 845 917 τῆς
875 841 1221 917 παρανομίας
1245 838 1355 893 τῶν
1383 833 1757 905 τολμηθέντων
1786 845 1941 921 κινη-

372 920 574 1004 θέντες,
621 936 890 1008 τοσαύτην
941 928 1291 996 ἐπεδείξασθε
1332 928 1463 998 περὶ
1502 925 1649 995 ἡμεῖς
1699 920 1942 990 ἀγάπην,

369 1031 502 1103 ὅσην
528 1029 764 1100 πατέρες
795 1028 926 1100 περὶ
968 1025 1163 1086 παῖδας
1183 1063 1199 1087 ,
1245 1019 1445 1092 μᾶλλον
1479 1016 1536 1069 δέ
1574 1016 1668 1069 καὶ
1706 1013 1947 1084 πατέρας

356 1121 726 1192 ,άπεκρύψατε
755 1123 822 1191 τῇ
843 1118 1078 1191 τοσαύτῃ
1107 1111 1422 1187 κηδεμονία.
1455 1110 1553 1163 Διά
1584 1106 1756 1160 ταῦτα
1794 1109 1950 1176 χάρι-

371 1228 471 1276 τας
501 1211 655 1284 ὐμῶν
686 1211 843 1283 ῐσμεν
872 1213 939 1282 τῇ
970 1210 1227 1281 εὐλαϐείᾳ⁵
1252 1250 1266 1273 ,
1292 1206 1645 1282 θαυμάζομεν
1664 1243 1678 1267 ,
1717 1198 1953 1273 μακαρί-

376 1301 565 1375 ζομεν,
607 1302 1032 1375 παρακαλοῦμεν
1061 1303 1205 1374 ὑμᾶς
1236 1303 1435 1366 αὐτοὺς
1459 1301 1526 1354 τά
1546 1295 1752 1352 ἑαυτῶν
1781 1291 1953 1364 μιμή-

379 1395 594 1461 σασθαι,
615 1395 710 1448 καὶ
724 1394 789 1465 ἡν
813 1394 870 1461 ἐξ
890 1395 1064 1465 ἀρχῆς
1084 1392 1430 1459 ἐπεδείξασθε
1455 1389 1782 1464 προθυμίαν,
1799 1381 1951 1457 [688]

376 1487 583 1559 ταύτην
616 1487 697 1552 είς
734 1487 888 1550 τέλος
921 1487 1167 1555 ἀγαγεῖν.
1210 1485 1327 1539 Κάν
1372 1485 1482 1554 γάρ
1531 1481 1695 1553 μηδὲν
1736 1479 1954 1549 γίνηται

378 1577 544 1632 πλέον
571 1580 651 1642 είς
682 1576 968 1649 διόρθωσιν
993 1576 1101 1630 τῶν
1130 1574 1531 1646 γεγενημένων,
1553 1573 1613 1626 οὐ
1647 1569 1818 1641 μικρά
1853 1584 1958 1619 πα-

382 1668 651 1742 ράοιλησις
677 1670 832 1740 ἡμῖν,
866 1669 1004 1739 ὅπερ
1033 1668 1206 1740 ἔφθην
1239 1667 1430 1732 είπὼν,
1464 1663 1734 1733 τοσαύτης
1758 1660 1956 1714 ἀπολε-

376 1756 606 1811 λαυκόσι
646 1756 743 1811 καὶ
792 1757 1127 1813 ἀπολαύουσι
1178 1757 1331 1829 παρά
1371 1757 1468 1828 τῆς
1512 1754 1824 1826 τιμιότητος
1859 1750 1959 1820 τῆς

384 1849 657 1921 ὑμετέρας
682 1848 922 1920 ἀγάπης.

737 1984 917 2041 PNA'.
971 1984 1229 2051 Ἇσέλλφ
1281 1982 1609 2049 ἐπισκόπῳ.

372 2136 378 2143 -
454 2098 588 2157 Οἶδα
616 2102 715 2175 μὲν
742 2103 825 2157 ὅτι
846 2102 999 2158 οὐδὲν
1023 2102 1152 2173 ύμῖν
1180 2100 1264 2154 δεῖ
1281 2099 1626 2172 γραμμάτων
1659 2098 1737 2161 εἰς
1764 2096 1826 2150 τὸ
1852 2095 1967 2149 δια-

372 2195 671 2264 ναστῆναι,
702 2196 795 2249 καλ⁸
826 2193 1211 2248 ἀντιλαϐέσθαι
1236 2191 1335 2264 τῆς
1363 2191 1701 2262 διορθώσεως
1731 2188 1838 2241 τῶν
1866 2186 1967 2249 τὰς

402 2285 728 2357 Ἐκκλησίας
743 2286 845 2355 τῆς
882 2284 1172 2354 ’Δνατολῆς
1197 2283 1602 2354 κατειληφότων
1627 2280 1833 2336 κακῶν.
1858 2279 1969 2334 Καὶ

389 2375 550 2430 τοῦτο
578 2376 645 2429 δι’
670 2370 747 2430 ὧν
773 2376 1129 2446 πεποιήκατε,
1153 2372 1523 2441 ἐπεδείξασθε,
1555 2370 1969 2443 αὐτοπαράκλη-

390 2482 476 2521 τοι
507 2465 775 2535 τοσαύτην
807 2466 1182 2538 παρασχόντες
1225 2477 1248 2506 ⁸
1297 2464 1550 2536 σπουδήν.
1596 2464 1736 2517 Ἀλλ’
1781 2462 1971 2534 ἐπειδὴ

391 2561 463 2616 τά
489 2559 635 2615 κακά
656 2559 737 2614 ἐτι
771 2558 920 2631 μένει
942 2557 1263 2630 ἀδιόρθωτα,
1294 2557 1382 2611 διά
1410 2555 1509 2628 τὴν
1533 2556 1719 2610 ἀνοιαν
1745 2555 1853 2609 τῶν
1881 2571 1971 2609 το-

396 2651 570 2706 σαῦτα
600 2651 1124 2724 παρανομησάντων,
1159 2650 1454 2718 ἀναγκαῖον
1480 2642 1616 2701 εἶναι
1644 2646 1975 2718 ἐνομίσαμεν

396 2742 780 2817 παρακαλέσαι
812 2742 965 2814 ὑμῶν
988 2742 1088 2814 τὴν
1114 2740 1431 2806 εὐλάϐειαν,
1469 2738 1608 2793 ῶστε
1647 2738 1722 2811 μὴ
1769 2739 1977 2792 άποκα-

374 2837 544 2906 .μεῖν,
572 2834 708 2906 μηδέ
742 2836 1132 2906 πρικακῆσαι,
1169 2832 1283 2887 ἀλλ’
1313 2829 1636 2902 άκμαζούσῃ
1670 2826 1977 2901 χρήσασθαι

398 2928 468 2998 τῇ
511 2924 809 2999 προθυμίᾳ,
839 2926 933 2979 καὶ
957 2924 1029 2978 τά
1050 2926 1181 2998 παρ’
1215 2922 1424 2978 ἐαυτῶν
1445 2921 1607 2976 πάλιν
1637 2920 1852 2976 ἅπαντα
1874 2922 1981 2974 είσ-

401 3020 667 3087 ενεγκεῖν.
705 3020 854 3088 Ὀσῳ
881 3017 988 3089 γάρ
1016 3017 1082 3071 ἂν
1122 3017 1315 3071 ἀνίατα
1342 3015 1570 3070 νοσῶσιν
1612 3016 1663 3069 οί
1704 3014 1842 3088 πρὸς
1878 3013 1981 3085 τὴν

402 3109 512 3164 τῶν
557 3108 895 3179 Ἑκκλησιῶν
920 3108 1257 3163 κατάστασιν
1287 3107 1700 3173 στασιάζοντες,
1741 3105 1982 3176 τοσούτῳ

405 3199 678 3257 κάκείνων
703 3199 733 3241 ι)
761 3199 922 3254 πλέον
948 3198 1100 3253 ἐσται
1129 3199 1191 3253 τὺ
1228 3201 1402 3270 κρῖμα
1425 3238 1439 3262 ,
1474 3197 1569 3251 καὶ
1595 3198 1722 3269 ὑμῖν
1752 3199 1866 3261 τοῖς
1906 3197 1981 3268 μὴ

404 3290 785 3363 άποκάμνουσι
810 3290 1192 3363 λαμπρότερος
1232 3293 1260 3345 ὸ
1294 3288 1483 3361 μισθὸς
1508 3331 1525 3359 ,
1552 3288 1646 3343 καὶ
1679 3289 1897 3361 μείζους
1931 3290 1981 3342 οί

409 3384 685 3454 στέφανοι.

872 3522 1055 3576 PNB'.
1107 3520 1512 3588 Ἐπισκόποις.

481 3632 596 3689 Καὶ
632 3632 739 3706 ίδίξι⁸
766 3632 1004 3704 ἑκάστῳ,
1039 3634 1135 3688 καὶ
1167 3635 1322 3704 κοινῇ
1348 3634 1516 3686 πᾶσιν
1546 3631 1673 3702 ύμῖν
1699 3627 1987 3700 ὀφείλομεν

410 3725 659 3799 χάριτας,
680 3727 780 3798 οὐχ
802 3728 964 3799 ἡμεῖς
985 3726 1043 3779 δέ
1066 3726 1247 3797 μόνον,
1264 3723 1403 3779 ἀλλὰ
1425 3724 1520 3779 καὶ
1547 3724 1746 3786 πάντες
1767 3723 1819 3775 οί
1847 3720 1988 3775 κατά

378 3888 386 3895 ο
411 3816 510 3889 τὴν
541 3817 831 3890 Ἀνατολὴν
858 3818 1165 3885 ἐπίσκοποι,
1190 3816 1443 3889 κληρικοὶ
1465 3814 1735 3885 διαφόρων
1758 3812 1987 3879 πόλεων,

411 3907 532 3963 λαοὶ
565 3908 824 3974 ποικίλως
872 3909 1241 3982 ἐλαυνόμενοι,
1285 3909 1369 3964 ὅτι
1422 3910 1665 3980 πατρικά
1709 3905 1992 3976 σπλάγχνα

413 3998 850 4073 ἐπιδειξάμενοι,
895 4001 1270 4074 συνηλγὴσατε
1296 4042 1311 4065 ,
1349 4000 1541 4071 ἔστητε
1586 3998 1876 4069 γενναίως,
1920 3996 1993 4051 τά

414 4092 548 4163 παρ’
569 4093 723 4164 ὑμῶν
742 4094 922 4148 αὐτῶν
944 4095 1122 4149 πάντα
1152 4093 1524 4165 είσηνέγκατε.
1539 4092 1637 4145 Διά
1660 4090 1834 4145 ταῦτα
1860 4090 1995 4145 πάν-

380 4176 511 4247 Ϊτες
538 4182 685 4253 ὑμᾶς
712 4183 1171 4254 ἀνακηρύττουσι,
1207 4183 1581 4255 στεφανοῦσιν,
1604 4182 1697 4236 ἐπὶ⁵
1726 4181 1994 4252 στόματος

383 4319 391 4329 .
412 4273 678 4347 φέρουσιν
707 4274 864 4345 ὐμῶν
884 4274 952 4328 τά
975 4274 1394 4346 κατορθώματα.
1439 4274 1502 4328 El
1528 4274 1584 4328 δέ
1608 4273 1761 4344 παρὰ
1785 4268 1995 4344 ἀνθρώ-

387 4382 541 4435 ,πων
569 4365 814 4421 τοιαῦται
855 4367 912 4420 αἱ
957 4366 1149 4437 τιμαὶ,
1180 4366 1466 4439 ἐννοήσατε
1499 4364 1651 4437 παρὰ
1679 4364 1776 4418 τοῦ
1809 4364 1996 4433 φιλαν-

413 4458 640 4533 θρώπου
667 4458 804 4514 Θεοῦ
849 4458 1015 4513 πόσαι
1060 4458 1190 4529 ύμῖν
1232 4443 1292 4511 αί
1334 4457 1629 4520 ἀντιδόσεις
1690 4455 1855 4511 Ταῦτ’
1900 4453 1995 4510 οὖν

417 4552 652 4616 ειδότες,
682 4550 1002 4623 τιμιώτατοι
1044 4548 1300 4604 δέσποταί
1332 4565 1432 4620 μου
1465 4549 1559 4602 καὶ
1590 4547 1993 4613 εὐλαϐέστατοι,

419 4642 525 4697 κᾶν
553 4643 603 4696 οί
637 4638 993 4713 θορυϐοῦντες
1028 4640 1129 4704 τάς
1169 4638 1495 4707 Ἐκκλησίας
1532 4637 1725 4692 ἀνίατα
1765 4638 1994 4707 νοσῶσι,

392 4730 501 4807 ’μὴ
528 4735 808 4806 παύσησθε
842 4733 945 4806 τὴν
988 4735 1117 4806 παρ’
1145 4733 1300 4804 ὐμῶν
1330 4731 1508 4787 αὐτῶν
1547 4732 1888 4805 εἰσφέροντες
1911 4734 1999 4788 θε-

418 4828 679 4898 ραπείαν.
713 4828 861 4897 Ὀσῳ
898 4825 1004 4897 7&9
1048 4826 1115 4881 ἂν
1157 4823 1377 4879 πλείονα
1408 4823 1474 4878 τά
1503 4824 1801 4896 κωλύματα
1829 4821 1863 4898 ᾖ
1904 4825 2000 4880 καὶ

421 4918 681 4991 πλείωνὴ
710 4919 965 4973 δυσκολία
989 4958 1004 4984 ,
1044 4918 1282 4990 τοσούτῳ
1321 4918 1416 4972 καὶ
1451 4915 1653 4989 μείζων
1681 4919 1809 4988 ὐμῖν
1839 4919 1868 4972 ό
1909 4937 1997 4991 μι-

396 5006 573 5071 ,σθός.
592 5009 656 5062 Εἰ
675 5009 784 5080 7&9
810 5010 971 5077 ποτόν
1001 5026 1085 5073 τις
1111 5008 1318 5080 ψυχρὸν
1341 5018 1363 5047 ο
1388 5008 1625 5073 ἐπιδοὺς,
1652 5009 1750 5062 οὐκ
1770 5009 2002 5079 ἄμισθον

388 5160 395 5175 κ
425 5095 537 5161 δξει
558 5096 656 5168 τὴν
680 5097 937 5169 βραχεῖαν
953 5098 1351 5172 φιλοφροσύνην
1371 5116 1384 5129 ·
1403 5100 1452 5153 οί
1475 5099 1714 5154 τοσαῦτα
1737 5101 1833 5156 καὶ
1850 5101 2004 5172 ποιῆ-

426 5204 521 5243 σαι
544 5190 638 5243 καὶ
670 5189 863 5245 παθεῖν
892 5188 1137 5262 ἑλόμενοι
1174 5192 1315 5263 ὑπὲρ
1360 5192 1698 5264 Ἐκκλησιῶν
1734 5212 2003 5265 ταρασσο-

430 5278 641 5347 μένων,
674 5281 963 5352 ἐννοήσατε
989 5281 1182 5353 ἡλίκην
1214 5282 1448 5353 λὴψεσθε
1478 5283 1577 5352 τὴν
1600 5284 1836 5356 ἀμοιϐὴν
1858 5324 1873 5348 ,
1910 5286 2005 5339 καὶ

427 5367 571 5423 πόσα
595 5369 740 5440 ὑμᾶς
766 5371 1026 5442 ἀναμένει
1058 5371 1167 5425 τῶν
1212 5373 1394 5427 καλῶν
1432 5373 1609 5428 πόνων
1639 5376 1708 5430 τά
1754 5376 2001 5449 βραϐεῖα.

478 5532 521 5560 -α
543 5527 668 5578 Tres
687 5541 802 5578 mss.
824 5530 1123 5588 παρέχοντες.
1150 5554 1153 5559 <

480 5590 525 5632 *5
561 5589 744 5641 Omnes
766 5589 1152 5650 πιςεξκάῖκείνοις.
1176 5592 1307 5644 Edit.
1336 5595 1583 5644 κάκείνων.

483 5654 522 5686 ⁸
550 5655 732 5706 Omnes
762 5652 880 5704 editi
904 5655 942 5703 εί
964 5656 1053 5718 γάρ
1074 5655 1298 5718 ποτήριόν
1321 5673 1390 5713 τις
1420 5656 1623 5722 ἠωγροῦ.

2047 661 2280 732 ἐχθρῶν,
2309 660 2422 714 ἀλλ’
2456 661 2604 731 ὅμως
2637 656 2835 727 πολλῆς
2866 654 3000 726 παρ’
3035 653 3189 724 ὐμῶν
3225 649 3627 721 ἀπηλαύσαμεν

2050 752 2205 826 [(589]
2236 753 2335 822 τῆς
2367 749 2703 820 συμμαχίας,
2730 745 2987 817 δαψιλοῦς
3006 741 3106 813 τῆς
3131 741 3368 812 ἀγάπης,
3401 740 3627 808 γνησίας

2052 842 2485 915 φιλοφροσύνης,
2523 839 2860 911 θερμοτάτης
2904 835 3145 906 σπουδῆς
3174 852 3188 865 ·
3221 835 3314 888 καὶ
3353 834 3525 887 ταῦτα
3563 834 3626 886 οὐ

2056 938 2258 1007 μικράν
2281 934 2626 1006 παράκλησιν
2655 933 2746 985 καὶ
2774 932 2872 1001 τῆς
2898 928 3288 1001 χαλεπωτάτης
3313 925 3548 999 ἐξορίας,
3571 927 3631 979 ἐν

2052 1022 2089 1099 ᾖ
2138 1026 2501 1098 κατεχόμεθα,
2549 1027 2643 1079 καὶ
2687 1024 2795 1077 τῶν
2844 1023 3019 1077 ἄλλων
3071 1022 3180 1074 τῶν
3232 1019 3633 1089 ἐπενεχθέντων

2055 1122 2188 1190 ἡμῖν
2229 1119 2452 1181 δεινῶν,
2488 1118 2706 1188 ἔχομεν.
2745 1116 2837 1170 Διὸ
2878 1113 3301 1186 παρακαλοῦμεν
3347 1113 3501 1183 ὑμῶν
3534 1112 3634 1183 τὴν

2057 1212 2339 1268 εὐλάϐειαν
2365 1212 2641 1281 ἐπιμεῖναι
2662 1210 2761 1281 τὴν
2789 1209 2960 1280 αὐτὴν
2990 1207 3119 1278 περὶ
3157 1209 3303 1278 ἡμᾶς
3327 1205 3537 1259 ἐπιδεικ
3549 1222 3637 1258 δυ-

2063 1306 2260 1377 μένους
2289 1303 2526 1358 διάθεσίν
2555 1320 2611 1356 τε
2660 1301 2757 1356 καὶ
2798 1300 3052 1372 σπουδήν.
3085 1300 3218 1353 Οὐδέ
3244 1299 3353 1370 γάρ
3380 1300 3459 1359 είς
3488 1298 3637 1369 ἡμᾶς

2062 1396 2319 1466 στήσεται
2338 1394 2399 1447 τὸ
2420 1394 2704 1465 γινόμενον
2738 1393 2919 1463 μόνον,
2946 1389 3085 1445 ἀλλά
3112 1389 3205 1441 καὶ
3228 1390 3307 1453 είς
3329 1388 3390 1441 το
3408 1387 3433 1427 δ
3459 1386 3638 1440 κοινὸν

2058 1489 2168 1542 τῶν
2206 1486 2538 1558 Ἐκκλησιῶν
2566 1485 2903 1556 διαϐήσεται.
2959 1484 3033 1536 Οὐ
3064 1482 3172 1553 γάρ
3205 1480 3304 1552 μία
3329 1522 3344 1545 ,
3382 1482 3474 1535 καὶ
3511 1477 3638 1544 δύο,

2062 1580 2157 1634 καὶ
2194 1582 2343 1652 τρεῖς
2371 1578 2556 1641 πόλεις
2580 1619 2595 1645 ,
2626 1576 2742 1631 ἀλλ’
2771 1576 3040 1646 ὁλόκληρα
3061 1574 3186 1645 ἔθνη
3224 1573 3498 1644 πανταχοῦ
3534 1571 3641 1644 τῆς

2061 1671 2167 1742 γῆς
2194 1672 2540 1743 ταράττεται.
2567 1670 2677 1723 Καὶ
2698 1668 2966 1738 τοσαύτην
2987 1666 3114 1737 παρ’
3152 1665 3307 1737 ὑμῶν
3333 1664 3641 1736 ἐπιδειχθῆ-

2063 1779 2151 1814 ναι
2171 1761 2377 1815 δίκαιον
2401 1760 2656 1831 σπουδὴν,
2680 1759 2810 1831 ὅσην
2833 1759 2978 1822 είκδς
3006 1759 3146 1829 ὐπέρ
3171 1758 3438 1811 τοσούτων
3452 1757 3642 1828 ψυχῶν

2065 1852 2466 1916 ἐσπουδακότας
2512 1852 2607 1906 καὶ
2652 1851 2958 1922 κάμνοντας
3019 1849 3411 1915 ἐπιδείξασθαι.
3468 1851 3530 1903 Εἰ
3584 1850 3644 1904 δὲ

2067 1944 2240 1999 πολλὰ
2265 1946 2633 2015 πεπονήκατε,
2670 1943 2764 1995 καὶ
2789 1942 2856 1995 τά
2887 1944 3016 2013 παρ’
3035 1940 3249 2005 ἑαυτῶν
3266 1940 3647 2011 εἰσηνέγκατε,

2070 2038 2230 2110 ἴσμεν
2271 2038 2429 2091 τοῦτο
2471 2038 2566 2091 καὶ
2606 2038 2788 2108 ἡμεῖς,
2816 2035 2914 2088 καὶ
2945 2033 3392 2106 εὐχαριστοῦντες
3421 2035 3550 2105 ὑμῖν
3582 2034 3646 2087 οὐ

2071 2129 2357 2200 παυόμεθα
2376 2146 2390 2160 ·
2406 2127 2664 2199 ἀξιοῦμεν
2680 2128 2735 2182 δέ
2764 2127 2838 2199 μὴ
2858 2127 3123 2180 διαλιπεῖν
3152 2126 3307 2179 τοῦτο
3336 2124 3645 2190 ποιοῦντας.

2082 2222 2147 2275 Ἦ
2188 2206 2299 2293 γάρ
2345 2220 2610 2293 καρτερία
2654 2219 2806 2291 ὐμῶν
2831 2263 2847 2286 ,
2877 2220 2973 2272 καὶ
3002 2217 3247 2289 ὑπομονὴ
3273 2257 3287 2281 ,
3315 2218 3410 2271 καὶ
3435 2220 3470 2288 ἡ
3499 2217 3653 2272 εῦτο-

2072 2330 2162 2377 νος
2180 2313 2374 2384 γνώμη
2394 2312 2683 2383 δυνήσεται
2703 2311 2796 2365 καί
2822 2312 2945 2375 τοὺς
2980 2309 3178 2381 σφόδρα
3208 2309 3524 2380 φιλονείκως
3537 2309 3653 2363 δ.α-

2074 2403 2363 2473 κειμένους
2394 2404 2488 2457 καὶ
2509 2403 2705 2457 ἀνίατα
2733 2402 3023 2466 νοσοῦντας
3045 2401 3352 2471 ἀποστῆσαι
3386 2401 3487 2472 τῆς
3521 2418 3657 2453 κατ-

2076 2497 2307 2569 εχούσης
2337 2498 2531 2562 αὐτοὺς
2560 2497 2678 2551 νυνὶ
2706 2497 3150 2570 παραφροσύνης.
3171 2498 3232 2549 Et
3261 2495 3318 2549 δέ
3346 2494 3659 2565 ἐπιμένοιεν

2077 2590 2175 2643 καὶ
2200 2589 2374 2653 οὕτως
2399 2591 2635 2650 ἀνιάτως
2666 2589 2901 2661 ἔχοντες,
2937 2589 3050 2643 ἀλλ’
3090 2590 3219 2659 ὑμῖν
3248 2586 3661 2659 άπηρτισμένος

2079 2682 2107 2735 ό
2131 2681 2319 2753 μισθὸς
2350 2681 2523 2745 ἔσται,
2555 2682 2649 2735 καὶ⁸
2687 2682 2866 2753 πλήρη
2895 2680 2964 2735 τά
2990 2680 3089 2751 τῆς
3116 2678 3349 2749 ἀμοιϐῆς
3370 2718 3388 2744 ,
3415 2678 3513 2733 καὶ
3544 2678 3666 2734 ὁλό-

2082 2772 2283 2846 κληρος
2312 2771 2421 2827 τῶν
2455 2772 2636 2827 καλῶν
2667 2772 2872 2826 τούτων
2905 2773 2932 2826 ὁ
2958 2772 3221 2843 στέφανος
3254 2782 3302 2826 ο.

2561 2926 2736 2978 PA'A'.
2765 2924 2896 2990 Τοῖς
2926 2924 3146 2992 αὐτοῖς.

2167 3058 2358 3130 Ἡμεῖς
2389 3056 2489 3128 μὲν
2512 3056 2707 3111 ἐποθοῦ
2716 3074 2814 3129 μεν
2842 3057 2862 3096 τ
2888 3058 2981 3112 καὶ
3013 3061 3127 3123 ταῖς
3154 3058 3246 3113 τοῦ
3273 3058 3523 3131 σώματος
3548 3061 3675 3131 ὄψεσ-

2088 3177 2173 3216 σιν
2196 3161 2343 3232 ὑμᾶς
2378 3158 2707 3213 θεάσασθαι·
2739 3160 2924 3235 ἐπειδὴ
2950 3162 3006 3217 δέ
3034 3161 3191 3216 τοῦτο
3214 3162 3313 3216 οὐκ
3341 3162 3441 3225 ἐνι,
3467 3162 3547 3234 τῷ
3568 3164 3673 3234 τῆς

2085 3257 2301 3331 ἐξορίας
2337 3257 2521 3329 δεσμῷ
2573 3259 2955 3329 κατεχομένων
2993 3259 3183 3330 ἡμῶν,
3227 3262 3339 3324 τοῖς
3370 3259 3673 3332 ὀφθαλμοῖς

2086 3361 2189 3431 τῆς
2243 3360 2462 3432 ἀγάπης
2494 3360 2641 3432 ὑμᾶς
2694 3359 2816 3414 καθ’
2849 3359 3087 3430 ἑκάστην
3137 3359 3517 3431 φανταζόμεθα
3566 3362 3671 3433 τὴν

2092 3460 2306 3532 ἡμέραν
2328 3500 2343 3524 ,
2374 3460 2468 3514 καὶ
2496 3460 2977 3532 περιπτυσσόμεθα
2998 3501 3013 3527 ,
3063 3462 3158 3515 καὶ
3200 3462 3521 3535 κροτοῦντες
3575 3466 3676 3518 καὶ

2091 3560 2463 3633 θαυμάζοντες
2490 3562 2549 3615 οὐ
2583 3561 3031 3634 διαλιμπάνομεν,
3059 3563 3141 3617 δτι
3169 3564 3435 3636 τοσαύτην
3472 3565 3678 3636 προθύε-

2096 3661 2224 3731 μίαν
2270 3661 2366 3713 καὶ
2416 3659 2651 3731 σπουδὴν
2700 3660 2759 3727 ἐξ
2789 3660 2964 3732 ἀρχῆς
2995 3661 3154 3737 μέχρι
3192 3661 3289 3715 νῦν
3328 3663 3674 3732 μεμενήκατε

2094 3759 2525 3832 ἐπιδεικνύμενοι
2554 3762 2695 3834 ὐπέρ
2719 3759 2828 3815 τῶν
2849 3760 2948 3833 τῆς
2962 3761 3249 3833 ’Λνατολὴς
3289 3763 3628 3833 Ἐκκλησιῶν
3653 3779 3674 3796 ο

2096 3865 2191 3919 καὶ
2219 3863 2642 3936 παρακαλοῦμεν
2666 3863 2810 3930 ἀξιον
2840 3864 2949 3918 τῶν
2975 3864 3274 3937 προοιμίων
3305 3865 3680 3931 ἐπιδείξασθαι

2094 3964 2159 4018 τδ
2189 3964 2359 4028 τέλος.
2392 3963 2456 4017 Εί
2484 3964 2594 4035 γάρ
2617 3965 2670 4017 οί
2700 3965 2877 4018 πάντα
2898 3965 3233 4036 ταράξαντες
3252 4005 3266 4030 ,
3310 3967 3403 4019 καὶ
3428 3965 3682 4035 θορύϐων

2099 4066 2483 4139 ἐμπλήσαντες
2509 4104 2526 4130 ,
2573 4063 2810 4140 τοσαύτῃ
2873 4066 3168 4139 κέχρηνται
3216 4070 3283 4139 τῇ
3353 4067 3682 4141 φιλονεικίᾳ,

2099 4168 2279 4241 πολλῷ
2304 4168 2502 4242 μᾶλλον
2528 4169 2700 4241 ὑμᾶς,
2723 4171 2849 4234 τούς
2869 4169 2937 4225 τά
2967 4171 3155 4236 κακῶς
3178 4172 3519 4244 γεγενημένα
3542 4172 3687 4245 διορ-

2101 4271 2227 4327 θοῦν
2256 4271 2677 4337 ἐσπουδακότας,
2700 4271 2868 4345 πολλῇ
2891 4272 3098 4328 δίκαιον
3128 4274 3429 4345 κεχρῆσθαι
3454 4278 3520 4346 τῇ
3545 4275 3687 4328 ύποο

2105 4374 2239 4444 μονῇ
2257 4414 2275 4438 ,
2301 4374 2395 4427 καὶ
2427 4372 2691 4445 καρτερίᾳ
2720 4375 2787 4445 τῇ
2822 4374 2951 4445 περὶ
2996 4374 3094 4446 τὴν
3123 4374 3379 4446 τοιαύτην
3416 4377 3682 4448 σπουδήν.

2103 4470 2260 4530 οὕτω
2284 4472 2395 4544 γὰρ
2427 4471 2627 4526 πλείων
2673 4473 2801 4544 ὑμῖν
2828 4472 2981 4527 ἔσται
3013 4474 3043 4526 ὁ
3071 4472 3258 4544 μισθὸς
3281 4513 3297 4537 ,
3328 4473 3425 4527 καὶ
3479 4474 3687 4543 μείζων

2101 4574 2136 4643 ἡ
2164 4570 2395 4643 ἀμοιϐὴ,
2443 4572 2577 4627 ὅταν
2609 4572 2706 4627 καὶ
2747 4572 2957 4626 πολλῶν
2988 4572 3324 4643 κωλυμάτων
3358 4574 3685 4644 γινομένων,

2076 4718 2079 4721 ,
2108 4669 2183 4743 μὴ
2213 4658 2587 4745 ἀνακῳύησθε
2610 4712 2625 4737 ,
2677 4672 2814 4727 ἀλλὰ
2848 4674 3043 4746 μένητε
3074 4674 3173 4746 τὴν
3200 4673 3310 4726 τῶν
3339 4674 3691 4747 πραγμάτων

2105 4771 2388 4826 δυσκολίαν
2420 4776 2486 4844 τῇ
2536 4775 2666 4846 παρ’
2706 4774 2913 4828 ἑαυτῶν
2949 4775 3381 4848 άποτειχίζοντες
3407 4776 3695 4851 ἀγρυπνίᾳ⁵

2107 4892 2164 4928 τε
2193 4875 2287 4929 καὶ
2325 4875 2549 4948 σπουδῇ.

2281 5039 2463 5093 ΡΝΕ¹.
2500 5037 2812 5107 Χρωματῖῳ
2836 5036 3145 5101 ἐπισκόπῳ
3184 5037 3511 5107 Ἀκυλητιις.

2182 5178 2393 5249 ’ῐίχησε
2424 5180 2518 5232 καὶ
2557 5178 2748 5250 μέχρις
2782 5179 2933 5253 ἡμῶν
2959 5180 2991 5251 ἡ
3029 5178 3409 5250 μεγαλόφωνος
3436 5182 3537 5252 τῆς
3569 5182 3697 5254 θερ-

2076 5357 2085 5364 ,
2114 5278 2221 5349 μῆς
2246 5295 2340 5332 σου
2368 5280 2461 5333 καὶ
2486 5279 2714 5352 γνησίας
2745 5280 2965 5352 ἀγάπης
2995 5280 3227 5351 σάλπιγξ
3251 5322 3266 5346 ,
3303 5281 3450 5351 μέγα,
3499 5298 3553 5336 τι
3597 5280 3695 5337 καὶ

2110 5467 2409 5583 “$93209?
2456 5485 2571 5521 mss.
2613 5472 2723 5522 οῦδέ
2744 5472 2834 5536 γὰρ
2877 5473 2925 5521 ἐν
2974 5473 3040 5522 ένῖ
3083 5474 3307 5533 «ﬁdem
3352 5472 3409 5523 τὸ
3435 5472 3694 5536 γινόμενον⁸

2159 5596 2205 5654 ἐ
2236 5570 2340 5645 Ιὶῖιο
2367 5608 2478 5644 mss.
2505 5595 2685 5644 τούτων
2706 5594 2864 5645 πόνων
2886 5598 2913 5645 δ
2932 5597 3177 5654 στέφανος.

2183 5653 2202 5697 ί
2234 5658 2342 5710 Duo
2363 5670 2475 5707 mss.
2498 5658 2633 5721 ἡμεῖς
2655 5657 2985 5725 ἐπιθυμοῦμεν.
3026 5654 3035 5663 ’
