4064 6218
435 366 529 425 τοι

424 483 521 552 iis,
540 496 660 555 qua:
679 479 1037 552 contigerunt,
1069 476 1400 550 corrigendis
1418 469 1764 546 vigilantiam,
1798 467 2015 524 maximi

429 574 609 633 solatii
645 573 767 634 loco
808 572 1033 629 ducens.
1079 570 1354 643 Siquidem
1383 568 1437 624 id
1465 582 1570 623 non
1600 561 1857 620 mediocri
1885 560 2016 615 mihi

429 665 783 726 consolationi
814 666 933 732 fuit,
966 680 1089 721 cum
1126 664 1252 720 illud
1278 678 1488 718 mecum
1527 656 1835 730 reputarem
1857 697 1872 722 ,
1921 670 2020 711 vos

434 765 583 813 tanto
608 756 891 813 intervallo
918 771 951 812 a
982 754 1399 827 medisjunctos,
1429 767 1552 808 cum
1609 765 1709 807 nec
1760 763 1848 804 me
1898 761 2020 801 um-

431 863 591 921 quam
616 848 906 915 vidissetis,
934 862 1035 904 nec
1082 862 1113 903 a
1162 862 1252 903 me
1296 844 1397 901 visi
1437 843 1628 899 essetis
1653 883 1672 912 ,
1704 856 1803 897 nec
1854 839 2021 895 ullum

434 953 684 1010 umquam
720 953 1022 995 sermonem
1062 953 1270 994 mecum
1310 934 1629 991 habuissetis
1651 974 1666 998 ,
1696 940 2024 1004 perpetrato-

435 1045 553 1085 rum
575 1028 869 1084 faciuorum
898 1029 1174 1100 iniquitate
1208 1032 1754 1099 repentecommotos,
1773 1031 2023 1094 quantam

436 1129 616 1193 patres
628 1135 751 1192 erga
764 1120 984 1190 liberos,
999 1128 1197 1176 tantam
1211 1135 1335 1191 erga
1352 1134 1439 1176 me
1465 1118 1739 1174 caritatem
1765 1115 2027 1172 ostendis-

436 1227 518 1281 se,
532 1212 640 1268 imo
660 1213 825 1285 etiam
838 1227 980 1268 cura:
1000 1227 1063 1268 ac
1085 1211 1453 1269 sollicitudinis
1472 1209 1832 1282 magnitudine
1854 1217 2031 1280 pater.

438 1319 565 1359 num
591 1288 828 1361 amorem
857 1317 1158 1375 superasse.
1188 1305 1268 1360 Ae
1308 1312 1590 1374 propterea
1629 1301 1811 1373 pietati
1835 1309 2026 1356 vestra:

436 1396 665 1466 gratiam
698 1395 895 1464 habeo,
921 1410 1121 1468 vosque
1163 1395 1407 1452 miriﬁcis
1448 1395 1693 1452 laudibus
1733 1395 1786 1450 in
1837 1394 2027 1449 caelum

441 1488 578 1556 fero,
607 1497 835 1560 petoque
853 1505 885 1545 a
910 1489 1083 1557 vobis,
1113 1497 1171 1545 ut
1190 1488 1289 1560 ipsi
1302 1486 1818 1554 vosmetimitemini,
1841 1502 2031 1557 quam-

442 1596 548 1652 que
570 1583 801 1637 antehac
829 1596 1044 1653 semper
1071 1581 1235 1636 animi
1260 1579 1729 1652 promptitndinem
1756 1577 2029 1634 exhibuis-

445 1673 534 1741 tis,
558 1688 679 1728 eam
707 1672 774 1729 ad
806 1681 1104 1730 extremum
1136 1672 1460 1744 perducatis.
1514 1671 1585 1728 Ut
1631 1672 1775 1728 enim
1813 1670 1881 1726 ad
1923 1684 1985 1727 ea
2012 1710 2031 1736 ,

445 1781 566 1836 qua:
589 1764 919 1835 acciderunt,
954 1764 1231 1822 sarcienda
1259 1764 1393 1821 nihil
1443 1764 1568 1820 hinc
1620 1763 1859 1819 utilitatis
1910 1777 2032 1833 pro-

443 1858 734 1928 grediatur,
793 1873 898 1915 non
928 1873 1091 1930 parva
1118 1866 1320 1925 tamen,
1349 1866 1404 1913 ut
1421 1857 1532 1927 jam
1557 1856 1687 1921 dixi,
1735 1854 1889 1911 nobis
1918 1855 2034 1911 haec

445 1950 742 2006 consolatio
771 1950 947 2006 futura
975 1959 1078 2016 est,
1106 1948 1249 2021 quod
1280 1957 1478 2003 tantam
1502 1962 1533 2002 a
1558 1947 1710 2004 vobis
1755 1948 2030 2003 caritatem

448 2043 794 2112 obtinuerim,
821 2053 981 2116 atque
1000 2043 1292 2099 etiamnum
1317 2041 1610 2098 obtineam.

748 2174 864 2233 CLI
870 2213 887 2231 .
914 2176 1083 2233 Asello
1103 2174 1356 2248 episwpa.
1390 2173 1568 2248 (Anno
1591 2173 1749 2246 £06.)j

517 2303 644 2360 Scio
689 2316 790 2359 vos
817 2301 988 2359 literis
1014 2300 1144 2357 nihil
1173 2300 1414 2372 indigere
1432 2340 1447 2363 ,
1474 2299 1667 2371 quibus
1691 2297 1996 2355 excitemini
2014 2337 2032 2367 ,

448 2404 607 2468 atque
639 2410 701 2451 ea
730 2394 871 2452 mala
889 2435 906 2461 ,
936 2410 1054 2465 qua:
1081 2392 1369 2450 orientales
1398 2391 1663 2447 Ecclesias
1690 2391 2031 2457 invaserunt,

449 2486 729 2544 sarcienda
763 2486 1082 2558 suscipiatis.
1116 2486 1279 2558 quue
1302 2500 1400 2557 per
1427 2499 1489 2540 ca
1514 2526 1529 2551 ,
1562 2500 1680 2556 qua:
1704 2499 1736 2539 a
1766 2483 1914 2539 vobis
1937 2498 2039 2554 ge-

447 2587 530 2633 sta
571 2588 729 2645 sunt,
773 2578 986 2649 planum
1027 2577 1227 2634 fecistis
1258 2595 1272 2631 :
1301 2577 1496 2648 quippe
1523 2576 1613 2646 qui
1641 2586 1816 2631 vestra
1843 2585 2036 2646 Sponte

452 2678 655 2726 tantum
700 2670 862 2726 studii
908 2686 972 2727 ac
1009 2670 1296 2740 diligentize
1337 2669 1637 2739 praebeatis.
1671 2668 1865 2738 Verum
1896 2682 2034 2737 quo-

452 2762 591 2817 niam
636 2763 935 2832 hujusmodi
965 2763 1104 2818 mala
1123 2806 1138 2830 ,
1171 2773 1388 2833 propter
1415 2777 1603 2817 eorum
1630 2761 1718 2832 qui
1746 2776 1808 2817 ca
1840 2775 2033 2830 perpe-

454 2862 661 2908 trarunt
684 2854 968 2909 amentiant
991 2897 1005 2918 ,
1029 2871 1134 2908 non
1161 2853 1334 2908 adhuc
1355 2852 1635 2907 emendata
1658 2859 1815 2915 sunt,
1840 2849 2039 2907 idcirco

455 2948 812 3002 necessarium
864 2947 1112 3003 duximus
1163 2963 1256 3002 vos
1303 2947 1536 3012 hortari,
1587 2953 1644 3001 ut
1683 2961 1751 3001 ne
1778 2944 2038 3015 defatige—

456 3037 591 3094 miu't
607 3077 621 3101 ,
655 3053 837 3092 verum
866 3046 1138 3092 strenuam
1165 3036 1325 3092 animi
1353 3037 1680 3093 alacritatem
1701 3034 1996 3091 adhibentis
2017 3074 2035 3101 ,

454 3140 613 3199 atque
641 3146 672 3184 a
700 3130 846 3186 vobis
870 3132 997 3199 ipsis
1024 3147 1209 3187 rursus
1233 3131 1410 3187 omnia
1437 3131 1744 3186 conferatis.
1776 3130 1906 3186 Nam
1933 3144 2040 3201 quo

456 3221 839 3289 periculosiore
892 3238 956 3276 ac
1006 3222 1377 3278 ineurahiliore
1426 3221 1615 3278 morbo
1661 3222 1904 3277 laborant
1950 3223 2039 3293 qui

456 3309 720 3365 adversus
759 3312 1115 3368 Ecclesiarum
1153 3324 1349 3369 statum
1393 3313 1686 3370 seditiones
1715 3316 1948 3384 agitant,
1977 3328 2044 3369 co

458 3418 669 3475 quoque
689 3407 901 3476 gravius
923 3408 1156 3478 ipsorum
1178 3407 1435 3476 judicium
1462 3409 1564 3462 erit
1592 3424 1607 3462 :
1636 3423 1698 3463 ac
1722 3407 1892 3474 vobis,
1916 3423 2045 3462 con-

461 3503 571 3560 tra,
614 3512 840 3566 quorum
880 3500 1041 3554 animi
1085 3500 1303 3555 minime
1349 3500 1687 3571 franguntur,
1732 3500 2047 3556 luculentior

460 3601 670 3641 suemus
698 3598 752 3643 et
775 3589 1004 3661 majores
1028 3607 1264 3647 ceroma.

620 3747 796 3805 CLII.
831 3746 1119 3819 Episcopis.
1152 3744 1350 3819 (Anno,
1380 3753 1438 3800 ut
1464 3753 1699 3816 putatur,
1730 3744 1881 3815 406.)

534 3883 598 3938 Et
643 3883 889 3953 privatim
932 3882 1188 3951 singulis,
1219 3890 1275 3936 et
1303 3882 1591 3936 universim
1623 3880 1871 3935 omnibus
1899 3879 2049 3934 vobis

462 3973 662 4043 gratias
708 3972 912 4028 referre
959 3973 1252 4039 debemus,
1300 3986 1405 4025 non
1454 3985 1551 4025 nos
1597 3971 1907 4035 dumtaxat,
1955 3968 2049 4024 sed

462 4067 625 4118 etiam
657 4078 846 4119 omnes
864 4062 1152 4120 orientales
1179 4063 1450 4134 episcopi,
1478 4063 1809 4118 diversarum
1840 4062 2051 4116 urbium

469 4154 690 4219 clerici,
737 4169 801 4211 ac
840 4154 958 4209 laici
988 4155 1137 4210 vario
1165 4153 1324 4210 modo
1355 4153 1526 4224 pulsi,
1556 4153 1696 4220 quod
1726 4161 1946 4222 paterna
1972 4154 2054 4207 vi-

465 4262 617 4302 scera
646 4246 981 4313 exhibentes,
1010 4247 1179 4302 vicem
1209 4254 1444 4301 nostram
1457 4244 1719 4310 doluistis,
1741 4245 2056 4316 fortiterque

465 4336 713 4393 stetistis.
739 4336 870 4392 Nam
897 4337 1153 4408 quidquid
1177 4346 1475 4393 vestrarum
1505 4337 1730 4407 partium
1752 4346 1887 4399 erat,
1916 4352 2055 4408 pne-

467 4428 701 4485 stitistis.
744 4430 823 4483 Ac
860 4438 1139 4498 propterea
1169 4428 1345 4484 cuncti
1376 4443 1472 4483 vos
1498 4428 1824 4499 praedicant,
1856 4443 2056 4484 corona

468 4517 705 4585 donant,
749 4528 1033 4590 vestraque
1077 4519 1286 4590 egregia
1329 4517 1564 4576 facinora
1603 4518 1658 4573 in
1697 4535 1793 4575 ore
1837 4518 2053 4575 habent.

470 4610 623 4680 Quod
659 4611 704 4666 si
733 4613 863 4667 tanti
893 4610 1125 4667 honores
1149 4611 1301 4667 vobis
1330 4612 1398 4666 ab
1429 4611 1732 4667 hominibus
1760 4612 2059 4682 habentur,

469 4704 702 4773 cogitate
740 4713 933 4774 quanta
973 4703 1126 4759 vobis
1165 4718 1195 4758 a
1225 4704 1457 4774 benigno
1486 4703 1593 4757 Deo
1623 4701 1839 4773 praemia
1865 4718 2059 4773 cxspe»

472 4796 664 4849 ctamla
694 4796 821 4850 sint.
850 4796 981 4862 Quae
1009 4810 1130 4850 cum
1161 4794 1259 4864 ipsi
1289 4810 1392 4849 non
1414 4793 1696 4864 ignoretis,
1723 4794 2061 4851 revereudis-

474 4886 596 4941 simi
626 4901 689 4942 ac
716 4886 1102 4958 religiosissimi
1128 4886 1327 4941 domini
1352 4887 1487 4953 mei,
1513 4886 1722 4942 etiamsi
1751 4887 1821 4954 ii,
1844 4887 1933 4957 qui
1964 4887 2063 4943 Ec-

475 4978 672 5035 clesias
721 4979 1062 5049 perturbant,
1110 4979 1387 5034 incurabili
1428 4978 1617 5034 morbo
1652 4990 1966 5050 teneantur,
1997 4997 2065 5038 ne

478 5081 692 5137 tamen,
737 5072 881 5143 quod
929 5073 1183 5143 potestis,
1226 5072 1522 5128 remedium
1570 5072 1763 5129 afferre
1790 5074 2067 5131 desintis.

477 5163 611 5220 Nam
652 5180 762 5236 quo
809 5165 955 5235 plura
996 5164 1371 5234 impedimenta
1413 5165 1540 5230 hac
1574 5168 1745 5235 major
1781 5166 2068 5222 difficultas

481 5256 677 5320 fuerit,
717 5271 784 5311 eo
824 5270 1037 5327 quoque
1080 5256 1251 5325 major
1288 5256 1442 5312 vobis
1475 5271 1681 5312 merces
1710 5259 1832 5313 erit.
1863 5256 1995 5313 Nam
2022 5258 2068 5313 si

482 5347 572 5417 qui
607 5348 854 5417 poculum
883 5362 1035 5417 aqua:
1062 5346 1265 5416 frigidae
1290 5346 1416 5412 dat,
1450 5361 1556 5401 non
1583 5348 1698 5402 sine
1727 5347 1972 5404 mercede
1999 5347 2070 5404 ob

481 5440 870 5494 humanitatem
894 5438 1006 5493 abit
1027 5437 1242 5511 (Matth.
1275 5438 1362 5494 10.
1383 5439 1498 5511 42);
1514 5439 1844 5511 perpendite,
1866 5456 2071 5512 quaeso,

553 5636 569 5667 ί
597 5629 795 5705 omnes
810 5631 1119 5705 Μξξκῃοςιιιί.
1138 5644 1236 5705 quo
1255 5633 1419 5703 plurgs
1437 5636 1733 5705 tempestates
1750 5634 1854 5705 (gr.
1875 5635 2070 5705 gentm

488 5698 550 5743 τὰ
590 5696 819 5761 κύματα).
868 5694 1017 5754 Edit.,
1061 5691 1160 5761 quo
1180 5691 1327 5761 plura
1364 5691 1705 5761 ὺηρεάὶηιῃιια
1744 5691 2067 5761 (iunipero),

492 5759 949 5827 {piamdceuonem
994 5756 1324 5827 praeferebant
1348 5756 1857 5827 _atiquot_l~‘ronlonis
1897 5756 2065 5811 Dttcaai

493 5817 607 5872 ihs.
637 5822 790 5869 Statil.
820 5817 970 5870 etiam
993 5817 1040 5869 in
1067 5825 1210 5870 textu
1235 5819 1493 5882 κωλύματα
1512 5817 1678 5870 habet.
2050 5838 2057 5847 “

1879 338 2253 407 ΕΡΙΞΤΟΙΛΞ.
2316 360 2319 363 ’

3599 355 3708 411 702

2126 471 2378 535 quantam
2421 476 2553 531 vos,
2604 463 2693 534 qui
2744 476 2840 534 pro
2878 462 3198 534 perturbatis
3237 465 3492 524 Eccleslis
3538 478 3616 524 tot
3647 485 3710 528 ac

2125 563 2270 609 tanta
2295 563 2352 611 et
2379 557 2552 609 facere
2577 564 2631 609 et
2659 555 2859 626 perpeti
2890 556 2942 610 in
2965 556 3200 611 animum
3229 557 3533 627 induxistis,
3564 577 3708 617 mer-

2123 646 2310 701 cedem
2341 645 2610 716 accepturi
2637 646 2755 701 sitis
2773 688 2787 711 ,
2815 656 3118 719 quantaque
3147 663 3240 705 vos
3268 650 3605 724 egregiorum
3633 654 3714 710 la-

2125 737 2315 793 borum
2344 738 2560 806 praemia
2585 748 2855 793 maneant.

2303 827 2513 884 CLIII.
2539 827 2753 885 Iisdem.
2781 830 2982 901 (Anno,
3009 842 3067 888 ut
3088 842 3322 904 putatur,
3350 835 3502 907 106.)

2198 918 2497 989 Numquam
2526 920 2678 976 vobis
2703 921 2901 992 gratias
2930 920 3128 979 habere
3156 924 3571 984 intermittimus.
3601 930 3713 987 Etsi

2128 1012 2270 1069 enim
2310 1012 2505 1068 multas
2541 1012 2611 1067 ab
2654 1012 2894 1069 hostibus
2919 1014 3142 1084 injurias
3166 1018 3502 1088 accepimus,
3535 1030 3712 1078 tamen

2130 1104 2414 1175 plurimum
2458 1106 2639 1162 auxilii
2682 1114 2843 1176 atque
2879 1106 3103 1162 subsidii
3146 1123 3177 1162 a
3218 1109 3397 1179 vobis,
3439 1110 3711 1183 ingentem

2129 1194 2405 1251 caritatem
2431 1235 2450 1264 ,
2488 1196 2751 1252 sinceram
2783 1196 3166 1255 humanitatem
3187 1239 3204 1267 ,
3231 1199 3716 1260 ferventissimum-

2131 1302 2235 1357 quc
2262 1288 2497 1343 studium
2526 1289 2791 1344 sensimus
2820 1306 2835 1344 :
2860 1304 2924 1345 ex
2951 1289 3120 1360 iisque
3146 1291 3306 1347 rebus
3329 1308 3434 1349 non
3463 1295 3715 1365 exiguum

2133 1387 2244 1435 tum
2278 1382 2577 1452 gravissimi
2616 1382 2819 1447 exsilii,
2849 1397 2958 1452 quo
2984 1382 3319 1452 detinemur,
3350 1393 3461 1441 tum
3490 1386 3716 1443 aliorum

2133 1470 2392 1525 malorum
2411 1509 2430 1537 ,
2464 1486 2584 1542 qua:
2618 1470 2772 1526 nobis
2801 1470 2945 1527 illata
2969 1481 3128 1538 sunt,
3159 1474 3407 1529 solatium
3435 1475 3717 1534 habemus.

2135 1562 2260 1618 ldeo
2293 1578 2388 1619 vos
2430 1579 2718 1634 rogamus.
2757 1572 2817 1619 ut
2843 1566 3086 1622 eamdem
3114 1566 3270 1623 nobis
3294 1568 3723 1630 benevolentiam

2136 1653 2386 1725 idemque
2411 1655 2643 1710 studium
2671 1655 2922 1712 exhibere
2948 1658 3202 1728 pergatis.
3227 1658 3411 1731 Neque
3433 1662 3575 1717 enim
3596 1663 3719 1719 offl~

2135 1747 2278 1802 cium
2304 1747 2457 1802 nobis
2479 1756 2683 1802 tantum
2711 1747 3070 1818 praestabitur,
3093 1764 3277 1805 verum
3299 1752 3459 1808 etiam
3482 1754 3549 1809 ad
3570 1770 3720 1810 com-

2135 1852 2352 1893 munem
2384 1837 2743 1893 Ecclesiarum
2775 1839 3057 1895 utilitatem
3086 1840 3400 1898 dimanabit.
3430 1842 3545 1899 Non
3574 1847 3719 1902 enim

2141 1943 2277 1995 una,
2306 1936 2399 1982 aut
2426 1929 2591 1983 altera
2611 1969 2626 1995 ,
2658 1937 2754 1983 aut
2780 1937 2888 1985 tres
2908 1930 3097 1997 urbes,
3129 1946 3311 1989 verum
3343 1933 3564 2006 integra:
3588 1951 3723 2007 gen-

2139 2028 2222 2076 tes
2240 2020 2434 2091 ubique
2457 2029 2715 2075 terrarum
2740 2020 3137 2089 perturbantur.
3163 2022 3243 2079 Ac
3265 2025 3489 2092 proinde
3516 2034 3720 2083 tantum

2137 2126 2170 2167 a
2220 2112 2372 2168 vobis
2427 2112 2660 2168 studium
2715 2112 2959 2170 adhiberi
3013 2117 3299 2180 convenit,
3346 2127 3602 2188 quantum
3652 2122 3722 2177 ab

2138 2203 2203 2259 iis
2244 2203 2483 2259 adhiberi
2531 2219 2627 2274 par
2670 2214 2785 2271 est,
2810 2205 2901 2275 qui
2955 2221 3051 2275 pro
3092 2215 3170 2261 tot
3219 2207 3512 2264 animarum
3555 2211 3726 2268 saluto

2140 2295 2376 2351 laborem
2434 2296 2750 2366 suscipiunt.
2804 2296 2957 2366 Quod
3006 2299 3050 2352 si
3104 2298 3301 2355 inultos
3352 2301 3464 2371 jam
3517 2302 3729 2361 labores

2142 2388 2466 2459 pertulistis,
2526 2390 2826 2458 vestrisque
2888 2391 3127 2459 partibus
3189 2394 3352 2449 functi
3412 2396 3577 2465 estis,
3630 2396 3729 2453 nos

2140 2496 2352 2552 quoque
2401 2481 2451 2537 id
2494 2481 2826 2552 cXploratum
2858 2483 3145 2552 habemus,
3176 2500 3347 2556 eoque
3372 2490 3587 2546 nomine
3612 2492 3729 2548 sine

2140 2574 2246 2630 ulla
2293 2575 2687 2631 intermissione
2731 2576 2884 2632 vobis
2937 2577 3135 2649 gratias
3189 2580 3395 2650 agimus
3440 2598 3454 2635 :
3500 2584 3731 2653 petimus

2140 2677 2321 2724 autem
2353 2682 2384 2723 a
2414 2668 2595 2734 vobis,
2628 2683 2695 2723 ne
2723 2667 2823 2723 hoc
2847 2669 3027 2726 facere
3046 2670 3322 2726 desinatis.
3349 2672 3624 2744 Siquidem
3650 2684 3733 2731 to-

2136 2759 2364 2815 lerantia
2384 2800 2399 2828 ,
2432 2760 2682 2828 patientia
2703 2800 2719 2827 ,
2751 2768 2807 2815 et
2830 2771 3082 2817 constans
3109 2765 3369 2820 sententia
3399 2776 3605 2836 vestra,
3636 2784 3731 2825 eos

2141 2850 2303 2905 etiam
2342 2850 2434 2921 qui
2477 2851 2742 2920 pervicaci
2779 2852 2963 2907 animo
2998 2862 3156 2921 sunt,
3200 2869 3265 2911 ac
3293 2871 3428 2926 pene
3452 2857 3732 2916 incurabiii

2134 2941 2334 2996 morbo
2364 2950 2613 2997 tenentur
2639 2984 2653 3008 ,
2681 2942 2747 2998 ab
2775 2958 2870 3008 ea,
2898 2960 3001 3015 qua
3033 2961 3173 3001 nunc
3198 2946 3443 3003 laborant
3461 2991 3477 3017 ,
3509 2950 3735 3006 demen-

2147 3032 2216 3087 tia
2243 3032 2509 3089 abdncere
2541 3034 2756 3103 poterit.
2789 3033 2847 3089 Si
2875 3050 3003 3090 vero
3033 3035 3404 3093 itnmedicahili
3437 3039 3623 3095 morbo
3655 3042 3735 3096 la-

2146 3123 2339 3180 borent
2362 3167 2376 3190 ,
2422 3134 2477 3180 at
2508 3124 2662 3182 vobis
2700 3136 2849 3183 certe
2884 3129 3149 3184 cumulata
3177 3145 3415 3200 merces,
3446 3132 3751 3190 bonorum;

2146 3231 2251 3288 que
2282 3217 2474 3274 horum
2502 3220 2517 3251 ¹
2546 3234 2743 3275 corona
2769 3220 2972 3293 integra
3002 3222 3127 3278 erit.
3412 3226 3420 3236 ‘

2361 3328 2481 3386 CLI
2497 3329 2555 3384 V.
2580 3330 2788 3387 Iisdem.
2807 3308 3008 3405 (Anno,
3034 3344 3089 3390 ut
3114 3344 3348 3408 putatur,
3371 3339 3535 3413 406.)

2221 3442 2330 3499 Nos
2360 3443 2577 3516 quidem
2607 3447 2849 3517 corporis
2873 3449 3032 3503 etiam
3064 3451 3232 3508 oculis
3258 3468 3351 3509 vos
3377 3454 3558 3512 videre
3579 3471 3744 3528 cupe-

2153 3552 2373 3604 remus;
2415 3539 2663 3608 quoniam
2693 3549 2873 3596 autem
2903 3541 2953 3597 id
2979 3542 3200 3600 minime
3224 3544 3384 3609 licet,
3416 3548 3538 3617 quia
3565 3551 3739 3606 exsilii

2152 3629 2377 3684 vinculis
2418 3630 2693 3686 constricti
2726 3640 2969 3687 tenemur
2989 3675 3003 3697 ,
3033 3635 3270 3690 caritatis
3295 3637 3464 3692 oculis
3490 3654 3584 3693 vos
3611 3657 3747 3710 quo-

2154 3719 2285 3775 tidie
2323 3720 2592 3776 cernimus
2625 3732 2785 3792 atque
2814 3723 3220 3793 amplectimur,
3254 3725 3545 3798 plausuque
3570 3738 3623 3784 et
3650 3732 3746 3786 ad.-

2156 3811 2441 3867 miratione
2473 3814 2721 3882 prosequi
2746 3829 2850 3868 non
2874 3814 3186 3879 desinimus,
3206 3816 3347 3885 quod
3366 3827 3564 3874 tantam
3582 3822 3745 3877 animi

2156 3900 2483 3956 alacritatem
2509 3917 2572 3957 ac
2594 3902 2824 3957 studium
2854 3918 2951 3973 pro
2970 3903 3202 3961 Orientis
3229 3905 3484 3965 Ecclesiis
3503 3909 3571 3965 ab
3596 3910 3747 3969 initio

2156 3993 2223 4049 ad
2247 3993 2350 4049 hoc
2386 4009 2555 4065 usque
2584 4004 2792 4064 tempus
2818 4006 3125 4054 constanter
3153 3998 3471 4058 cxhibuistis
3502 4022 3517 4059 :
3547 4019 3749 4075 vosque

2158 4101 2410 4158 rogamus
2429 4128 2444 4152 ,
2486 4096 2542 4141 ut
2571 4101 2752 4156 parem
2777 4087 2940 4143 initiis
2970 4089 3135 4146 ﬁnem
3156 4094 3439 4161 prmsretis.
3469 4095 3600 4151 Nam
3626 4113 3748 4153 cum

2161 4178 2194 4234 ii
2220 4179 2307 4251 qui
2338 4180 2515 4235 omnia
2544 4179 2924 4251 perturbarunt
2942 4198 3005 4237 ac
3030 4186 3343 4244 tumultibus
3365 4188 3750 4259 impleverunt,

2164 4281 2305 4328 tanta
2334 4273 2677 4329 contentione
2701 4289 2765 4330 ac
2781 4276 3075 4344 pervicacia
3102 4279 3181 4332 ttsi
3210 4280 3318 4335 sint
3336 4320 3351 4344 ,
3382 4281 3549 4337 multo
3568 4284 3751 4352 utique

2164 4364 2424 4433 majorem
2466 4379 2558 4420 vos
2578 4404 2594 4429 ,
2623 4366 2712 4436 qui
2757 4366 3110 4423 incommodis
3153 4371 3385 4438 acceptis
3414 4372 3612 4427 mederi
3639 4383 3756 4428 stu-

2163 4455 2338 4522 detis,
2388 4457 2694 4526 patientiam
2746 4472 2813 4513 ac
2853 4458 3186 4515 tolerantiam
3233 4461 3282 4515 in
3329 4461 3630 4533 hujusmodi
3659 4444 3755 4518 eo?

2164 4556 2293 4602 natu
2318 4546 2573 4607 adhibere
2592 4549 2861 4603 convenit.
2888 4548 2998 4605 Hac
3021 4550 3160 4606 enim
3185 4553 3390 4607 ratione
3412 4555 3582 4625 major
3602 4557 3774 4613 vobis.

2168 4653 2378 4696 merces
2429 4639 2707 4710 majusque
2756 4640 3033 4710 praemium
3087 4642 3321 4710 erit,si,
3364 4645 3487 4701 licet
3530 4648 3759 4717 impedi-

2168 4741 2345 4787 menta
2389 4730 2553 4785 multa
2591 4746 2711 4787 sese
2741 4732 2891 4788 vobis
2926 4732 3337 4803 objiciaut,_vos
3352 4745 3540 4793 tamen
3571 4740 3759 4809 pedem

2170 4826 2391 4880 minime
2437 4824 2712 4890 referatis,
2760 4840 2947 4880 verum
2992 4841 3174 4881 rerum
3216 4826 3584 4887 difficultatem
3629 4832 3762 4904 vigi-

2170 4916 2335 4973 lantia
2363 4928 2540 4972 vestra
2567 4926 2623 4973 et
2636 4916 2812 4972 studio
2836 4927 3149 4973 constanter
3176 4919 3563 4980 intcrcludatis.

2174 5029 2334 5086 CLV.
2378 5027 2671 5086 Chromatio
2704 5028 2783 5101 (a)
2809 5029 3053 5101 Aquileia
3094 5031 3354 5105 episwpo.
3384 5033 3566 5105 (Anno
3602 5036 3766 5107 400.)

2246 5141 2554 5200 Clarissima
2597 5139 2857 5196 ferventis
2898 5148 3002 5197 tua:
3037 5156 3100 5198 ac.
3127 5142 3350 5200 sincera
3377 5146 3615 5202 caritatis
3639 5149 3783 5205 tuba.

2175 5234 2243 5290 ad
2269 5248 2367 5290 nos
2395 5247 2562 5304 usque
2586 5248 2776 5288 sonum
2803 5248 2957 5289 suum
2981 5232 3219 5302 diffudit,
3238 5251 3489 5308 magnum
3513 5240 3764 5311 quiddam

2242 5328 2259 5360 ι
2292 5334 2395 5376 Duo
2416 5332 2525 5375 Mss.
2549 5324 2732 5375 addunt
2748 5363 2762 5384 ,
2788 5322 3023 5375 laborum.

2242 5389 2317 5454 (α)
2351 5390 2434 5437 Hic
2453 5388 2752 5458 Chromatius
2768 5388 2833 5458 ad
2853 5395 3089 5458 Joannem
3111 5388 3515 5458 phrysostomum
3548 5395 3769 5458 scripsit,

2179 5445 2602 5521 ut_c6tnmeuiorat
2617 5445 2859 5521 palladius
2881 5451 2931 5498 in
2956 5450 3056 5521 )ita
3068 5445 3396 5521 .qbrysostomi
3419 5466 3524 5521 cap.
3551 5455 3599 5521 ιτ
3623 5445 3773 5521 Hujus

2183 5515 2330 5565 etiam
2350 5512 2532 5583 mentio
2555 5511 2762 5583 habetur
2784 5524 2932 5583 supra
2954 5512 3005 5561 in
3030 5511 3243 5583 epistula
3257 5511 3519 5583 Innocentii
3541 5517 3601 5566 ad
3624 5511 3769 5583 chi-y.

2181 5584 2463 5646 sestomum.
2489 5574 2817 5646 Eumdemque
2850 5573 3177 5646 Chromatium
3216 5575 3289 5646 .Aq
3302 5575 3585 5646 nileieosem
3624 5573 3770 5646 boni)-

2182 5637 2319 5689 riflce
2335 5642 2681 5699 commemorat
2702 5636 3022 5699 Hieronymus
3053 5636 3289 5699 Praefatior'
3304 5650 3334 5687 e
3359 5640 3405 5688 in
3429 5640 3578 5690 libros
3601 5640 3773 5690 Parali-

2185 5712 2430 5768 pomenon
2455 5698 2574 5749 etin
2599 5696 2803 5760 Epistula
2818 5696 2901 5749 .661
2917 5699 3039 5768 lluic
3058 5698 3287 5768 epistolae.
3302 5700 3501 5768 alteram
3525 5704 3775 5768 subiunxit

2186 5759 2421 5821 Savilius,
2444 5772 2556 5823 qua:
2581 5759 2744 5812 tamen
2782 5759 2971 5823 nonnisi
2997 5759 3213 5822 pauculis
3250 5763 3411 5823 verbis
3446 5765 3507 5810 ab
3546 5759 3680 5814 initio
3714 5767 3772 5814 ab

2189 5826 2279 5878 hac
2301 5822 2495 5888 differt.
2523 5833 2574 5876 et
2599 5823 2826 5877 eumdem
2849 5822 3045 5874 omnino
3076 5835 3278 5875 sensum
3305 5822 3523 5875 exhibet.
