4064 6218
1787 286 1805 310 I

386 403 491 458 703

386 535 448 572 ac
491 515 789 572 diutissime
818 513 1021 569 durans
1048 527 1113 567 ex
1146 518 1294 566 tanto
1326 507 1532 587 itineris
1563 503 1844 560 intervallo
1867 501 1975 572 spi-

387 626 534 676 rans,
554 617 714 678 atque
741 603 807 660 ad
836 611 1104 659 extremos
1129 616 1298 673 usque
1319 609 1477 656 terra:
1498 600 1630 655 lines
1650 597 1979 667 pertingens.

385 700 495 758 Nec
541 715 674 764 nos,
720 699 841 754 licet
887 695 1086 767 alioqui
1132 705 1237 751 tam
1278 695 1434 764 longe
1473 691 1761 763 disjuncti,
1802 689 1979 744 minus

386 809 549 864 quam
596 792 630 845 ii
669 782 775 861 qui
815 789 1046 856 adsunt,
1092 785 1613 842 vehementissimam
1651 793 1811 852 atque
1856 780 1976 851 igne

387 888 598 955 plenam
642 876 952 947 caritatem,
1000 881 1374 951 sinceramque
1409 888 1463 934 et
1505 877 1705 947 ingenti
1732 876 1981 932 libertate

384 991 450 1033 ac
507 962 699 1031 ﬁducia
745 973 1013 1045 perfusam
1051 972 1334 1044 linguam,
1381 981 1545 1041 atque
1585 967 1979 1024 adamantinam

388 1069 789 1125 contentionem
815 1066 1146 1138 exploratam
1175 1063 1451 1120 habemus.
1478 1062 1601 1118 ldco
1621 1071 1800 1117 vestro
1821 1058 1980 1116 etiam

386 1172 677 1234 conspectu
743 1169 904 1231 atque
963 1172 1254 1229 congressu
1300 1156 1402 1213 l‘rui
1455 1168 1778 1227 magnopere
1829 1152 1983 1209 nobis

390 1258 445 1315 in
509 1257 649 1312 votis
698 1263 860 1311 esset.
912 1254 1175 1323 Quoniam
1229 1261 1409 1307 autem
1461 1250 1515 1306 id
1563 1264 1776 1321 quoque
1829 1246 1982 1302 nobis

387 1365 450 1404 ea
521 1347 790 1413 solitudo,
852 1361 956 1417 qua
1005 1359 1147 1400 nunc
1208 1353 1459 1415 tanquam
1504 1339 1984 1417 eompedibusrre-

386 1441 557 1511 stricti
623 1453 809 1495 sumus
842 1416 877 1503 ,ν
924 1437 1123 1507 eripuit
1171 1454 1186 1490 :
1237 1434 1437 1490 idcirco
1481 1432 1757 1488 dominum
1802 1416 1983 1485 meum

392 1530 896 1588 revereudissimum
918 1544 982 1584 ac
1004 1527 1465 1597 religiOsissimum
1492 1523 1862 1596 presbyterum
1888 1536 1984 1576 na-

387 1623 500 1690 cti,
551 1621 890 1693 cupiditatem
926 1628 1200 1687 nostram,
1252 1627 1308 1673 ut
1334 1610 1494 1685 licet,
1520 1612 1986 1687 explemus,scri—

388 1715 576 1773 bentes
620 1723 675 1769 et
716 1713 1009 1768 salutantes
1030 1752 1046 1779 ,
1101 1711 1359 1781 vobisque
1396 1725 1493 1781 pro
1515 1723 1581 1765 eo
1605 1706 1781 1764 studio
1801 1746 1818 1775 ,
1839 1704 1983 1775 quod

390 1816 505 1863 toto
548 1805 650 1861 hoc
694 1816 800 1860 tam
839 1803 1092 1860 diuturno
1130 1812 1372 1872 tempore
1410 1815 1598 1872 magna
1648 1814 1771 1854 eum
1820 1796 1983 1852 animi

393 1898 740 1955 contentione
769 1897 1108 1969 praestitistis,
1140 1896 1497 1967 amplissimas
1523 1896 1718 1965 gratias
1743 1900 1982 1965 agentes.

387 1994 472 2048 Ac
492 2005 587 2047 vos
615 2005 865 2060 rogamus
884 1998 940 2047 et
966 1988 1312 2045 obsecramus
1329 2031 1343 2053 ,
1374 1997 1431 2042 ut
1459 2004 1580 2043 cum
1610 1988 1723 2058 ipse
1748 1993 1987 2042 reverte-

394 2093 514 2147 tur,
560 2082 880 2153 insnperque
905 2081 1064 2137 etiam
1083 2121 1100 2147 ,
1131 2080 1178 2136 si
1203 2080 1463 2136 tabellarii
1489 2087 1772 2135 occurrant
1799 2079 1886 2150 qui
1917 2074 1984 2131 ad

389 2173 530 2229 lianc
576 2173 918 2229 solitudinem
963 2173 1212 2240 veniant,
1257 2172 1324 2228 de
1358 2180 1533 2227 vestra
1572 2171 1879 2229 valetudine
1917 2171 1985 2228 ad

391 2281 493 2323 nos
531 2265 800 2322 scribatis.
849 2266 969 2321 Scis
1011 2266 1153 2320 enim
1201 2272 1452 2335 quantam
1496 2264 1619 2320 hinc
1660 2265 1985 2335 voluptatem

397 2356 700 2427 percepturi
748 2355 956 2421 simus,
996 2372 1118 2411 cum
1156 2356 1224 2412 de
1269 2357 1543 2411 hominum
1590 2366 1698 2411 tam
1734 2356 1987 2412 ardenter

392 2461 492 2507 nos
536 2447 827 2502 amantium
868 2461 1127 2518 prospera
1160 2447 1463 2503 valetudine
1506 2448 1750 2504 crebrius
1791 2447 1859 2503 ad
1886 2463 1985 2504 nos

392 2540 595 2612 aliquid
621 2539 897 2596 afferetur.

535 2671 621 2730 CL
638 2670 731 2728 VI.
761 2669 1053 2746 Episwpis.
1087 2673 1287 2745 (Anno,
1312 2680 1369 2728 ut
1398 2680 1633 2743 putatur,
1664 2669 1818 2744 406.)

467 2807 675 2863 Clamat
704 2806 919 2877 quidem
948 2805 1145 2877 ubique
1170 2805 1286 2876 ipsa
1312 2821 1525 2877 quoque
1555 2822 1731 2863 rerum
1762 2816 1946 2863 natura
1966 2846 1985 2878 ,

393 2899 582 2969 quavis
630 2899 753 2953 tuba
793 2897 1197 2953 luculentiorem
1238 2912 1421 2952 vocem
1447 2898 1731 2966 emittcns,
1760 2899 1987 2970 praecla-

395 2991 665 3045 rissimum
705 2999 945 3045 vestrum
986 2991 1184 3056 zelum,
1213 2990 1485 3061 animique
1510 3006 1608 3061 pro
1634 2991 1870 3046 veritatis
1894 2990 1989 3046 de-

390 3058 646 3152 .lcttsione
686 3080 1054 3148 alacritatem,
1105 3096 1264 3152 quam
1307 3097 1412 3136 non
1444 3083 1650 3137 itineris
1674 3081 1985 3151 longitudo,

400 3189 508 3228 non
548 3173 804 3243 temporis
844 3173 1163 3227 diuturnitas
1187 3213 1202 3238 ,
1244 3190 1353 3230 non
1399 3174 1673 3229 hominum
1703 3175 1985 3229 insanabili

399 3263 585 3320 morbo
632 3264 987 3318 laborantium
1032 3279 1228 3319 Vesana
1272 3266 1579 3332 contentio,
1627 3281 1734 3321 non
1759 3266 1989 3336 denique

395 3353 538 3409 aliud
563 3353 849 3425 quidquam
880 3355 1184 3424 hujusnmdi
1213 3358 1478 3426 oppreSsit
1497 3398 1512 3425 ,
1538 3366 1630 3412 aut
1649 3358 1808 3413 etiam
1833 3357 1986 3413 debi-

400 3447 593 3502 litavit.
621 3449 698 3502 Ac
720 3463 815 3502 nos
837 3448 961 3502 item
990 3463 1210 3519 magnas
1234 3448 1384 3506 vobis
1411 3452 1608 3520 gratias
1633 3466 1810 3522 agere,
1829 3460 1989 3521 atque

397 3555 717 3595 coronarum
763 3556 946 3597 earum
992 3543 1246 3610 nomine,
1288 3560 1408 3613 quae
1448 3543 1596 3598 vobis
1636 3543 1707 3598 ob
1735 3546 1987 3613 praeclara

399 3632 516 3688 lucc
537 3634 833 3689 certamina
869 3649 899 3688 a
929 3634 1157 3704 benigno
1187 3636 1295 3689 Deo
1324 3636 1704 3699 reconduntur,
1733 3637 1987 3707 gratulari

400 3738 506 3776 non
546 3722 858 3778 desinimus.
912 3723 981 3779 Et
1005 3725 1216 3794 quidem
1246 3741 1426 3780 coram
1455 3726 1616 3781 etiam
1646 3743 1740 3781 vos
1765 3743 1989 3787 cernere

396 3829 737 3884 caperemus.
784 3815 1044 3883 Quoniam
1090 3828 1267 3873 autem
1312 3818 1361 3872 id
1390 3821 1606 3873 tntnime
1636 3819 1745 3875 ﬁeri
1779 3828 1985 3889 potest,

397 3908 538 3978 quod
582 3909 755 3964 exsilii
797 3911 1022 3965 vinculis
1048 3910 1286 3966 adstricti
1317 3921 1626 3980 teneamur;
1661 3914 1860 3969 idcirco
1887 3915 1986 3970 do-

399 4000 598 4054 minqu
652 4018 827 4056 meum
875 4004 1372 4059 reverendissimum
1424 4021 1488 4061 ac
1530 4006 1986 4077 religiosissimum

397 4095 764 4167 lll'Cnbyh‘l'UIII
797 4096 933 4152 nacti
954 4139 968 4162 ,
999 4113 1095 4167 per
1110 4114 1229 4151 eum
1258 4099 1537 4154 scribimus
1558 4141 1572 4165 ,
1606 4100 1865 4171 vobisque
1891 4100 1985 4156 de-

401 4190 564 4243 bitqu
609 4190 942 4244 salutationis
990 4206 1184 4245 munus
1227 4192 1579 4261 persolvimus
1623 4211 1637 4247 :
1680 4194 1804 4247 illud
1837 4193 1988 4249 vobis

396 4280 757 4350 signiﬁcantes
776 4321 791 4345 ,
818 4296 912 4334 vos
939 4280 1245 4335 universum
1276 4280 1547 4336 Orientem
1579 4283 1741 4337 vestri
1771 4283 1985 4339 deside-

394 4377 480 4430 rio
503 4375 878 4437 inllammassc,
906 4374 1277 4449 ingentemque
1307 4375 1467 4429 vestri
1495 4390 1731 4429 amorem
1756 4376 1883 4445 ipsis
1902 4387 1985 4430 at-

399 4470 611 4533 ιιιΙὶδκο,
656 4476 815 4537 atpte
855 4484 1104 4524 numeros
1146 4469 1388 4524 homines
1426 4468 1581 4538 jttstte
1620 4468 1875 4539 hujusce.
1916 4469 1987 4525 ob

396 4579 457 4615 ea
502 4561 693 4626 ﬂagitia
735 4576 852 4629 qua:
896 4570 1193 4629 perpetrata
1220 4570 1380 4625 sunt,
1413 4558 1783 4630 indignationis
1813 4562 1985 4617 socios

397 4650 616 4704 habere.
666 4649 767 4701 \‘os
813 4652 988 4718 itaque
1033 4648 1342 4712 hortamur,
1392 4661 1446 4703 ttt
1490 4651 1626 4703 idem
1656 4650 1886 4704 studium
1918 4652 1983 4706 ad

395 4749 691 4793 extremum
738 4756 905 4811 usque
945 4741 1225 4810 ιιτωειθιίδ.
1270 4740 1427 4796 Scitis
1464 4740 1607 4794 cnitn
1649 4752 1874 4812 quantas
1914 4744 1985 4797 ob

398 4830 591 4886 breves
633 4833 730 4885 bos
760 4833 966 4887 labores
994 4848 1219 4888 coronas
1247 4833 1516 4902 accepturi
1546 4834 1662 4888 sitis
1686 4876 1701 4900 ,
1735 4835 1981 4891 nimirum

400 4922 719 4976 innuortalia
760 4925 910 4978 vobis
950 4935 1107 4993 atque
1149 4925 1364 4996 copiosa
1410 4926 1625 4996 prmmia
1666 4926 1805 4998 apud
1838 4928 1987 4984 beni-

394 5027 557 5083 gnum
594 5015 756 5068 Deum
791 5017 1159 5073 recondentes.

482 5104 708 5161 CLVII.
738 5106 1026 5180 Epist-opis,
1049 5113 1133 5183 qui
1157 5113 1219 5166 ub
1246 5111 1517 5168 Occidente
1538 5124 1774 5170 venerant
1796 5115 1894 5188 (a).

827 5221 1028 5294 (Anno,
1057 5234 1114 5280 ut
1143 5234 1374 5297 putatur,
1404 5228 1558 5299 406.)

472 5331 539 5388 Et
561 5330 773 5403 quidem
806 5338 952 5407 prius
974 5354 1184 5410 quoque
1209 5341 1439 5397 studium
1469 5354 1700 5399 vestrum
1721 5387 1737 5412 ,
1769 5356 1823 5401 et
1846 5345 1980 5401 all'e-

462 5446 550 5523 |(n)_
572 5453 681 5523 Hice
705 5455 757 5499 et
786 5456 1058 5523 sequentes
1083 5453 1304 5516 eristolae
1338 5457 1397 5505 ad
1421 5458 1688 5523 episcopos
1708 5460 1791 5523 qui
1816 5460 1879 5510 ab
1901 5470 1988 5512 0c-

395 5508 589 5580 cideutc
607 5519 847 5580 venerant
864 5508 1048 5571 missae,
1073 5508 1284 5577 eicejto
1304 5508 1512 5580 quoduin
1537 5508 1798 5570 verborum
1815 5508 1985 5573 discri-

395 5573 547 5648 mine,
574 5571 795 5648 ejusdem
817 5586 947 5648 pene
974 5588 1137 5648 turma:
1160 5571 1273 5648 sunt
1289 5618 1303 5637 ,
1322 5571 1382 5648 ἐς
1412 5584 1473 5628 ab
1499 5582 1671 5632 eodem
1696 5571 2002 5648 presbytero.

395 5631 680 5704 deferendae
710 5631 955 5686 dicuntur.
987 5638 1063 5704 sic
1097 5647 1260 5704 autem
1284 5631 1312 5689 ὁ
1333 5631 1667 5704 cbrysostomo
1687 5631 1983 5698 etuicititiata:

399 5692 551 5745 tuisse
588 5696 841 5765 videntur,
880 5704 933 5746 ut
972 5700 1064 5747 etsi
1104 5700 1165 5747 ad
1202 5692 1456 5765 episeOpo's
1492 5692 1983 5763 occidentale—ssimul

397 5769 561 5806 nosse
582 5757 833 5869 ineantur,
865 5772 1010 5809 suum
1044 5768 1205 5810 tamen
1236 5757 1419 5824 cuique
1455 5765 1681 5830 episeopo
1709 5757 1985 5825 traderetur

400 5832 579 5870 exemn
600 5832 667 5870 ar.

549 5836 667 5885 [ηπ.

1128 394 1185 451 S.
1223 390 1501 451 JOANNlS
1537 381 2011 445 CHRYSOSTOMI
2057 381 2369 439 ARCHIEP.
2391 381 2925 441 CONSTANTINOP.

3567 394 3677 450 τοι

2085 506 2227 552 ctum
2252 537 2268 565 ,
2311 513 2469 569 quem
2510 498 2577 553 ad
2626 498 2986 556 Ecclesiarum
3031 499 3352 559 detrimenta
3394 508 3673 565 sarciendis

2083 591 2444 660 praestitistis,
2495 592 2700 650 firmam
2746 595 2906 649 etiam
2946 609 3010 650 ac
3050 596 3315 653 sinceram
3351 597 3676 657 benevolen-

2085 683 2243 747 tiam,
2288 681 2681 749 fortitudinem,
2729 686 2892 741 animi
2933 689 3287 746 constantiam
3330 707 3396 748 ac
3438 695 3671 752 toleran-

2090 776 2257 843 tiam,
2294 791 2453 847 quam
2496 778 2692 833 tamdiu
2721 794 2832 849 prae
2873 779 3024 836 vobis
3064 783 3294 849 tulistis,
3336 788 3593 858 majorem
3622 791 3673 847 in

2086 868 2304 923 modum
2333 868 2659 927 admirabar.
2688 871 2839 933 Nunc
2865 882 3041 929 autem
3072 890 3137 931 ex
3165 879 3364 947 ingenti
3390 882 3554 935 animi
3581 898 3675 939 ve-

2085 960 2182 1016 stri
2206 960 2387 1031 vigore
2413 970 2630 1032 stupore
2655 961 2875 1019 allectus
2903 979 3056 1021 sum:
3087 967 3282 1039 quippe
3308 971 3399 1040 qui
3429 982 3533 1025 tam
3563 975 3677 1030 lon-

2084 1067 2206 1123 gam
2251 1068 2315 1109 ac
2362 1055 2657 1123 marinam,
2704 1057 3053 1131 laborumque
3094 1069 3150 1117 et
3176 1063 3432 1119 sudorum
3464 1066 3675 1136 plenam

2087 1145 2572 1216 peregrinationem
2615 1149 2767 1206 vobis
2785 1191 2800 1215 ,
2848 1160 2905 1205 ttt
2934 1152 3188 1208 Ecclesia:
3217 1156 3512 1211 commodis
3540 1174 3677 1212 cou-

2085 1236 2331 1293 sulcretis
2351 1280 2367 1306 ,
2408 1239 2799 1308 suscipiendam
2826 1241 3102 1298 duxeritis.
3134 1246 3213 1299 Ac
3236 1246 3425 1301 vellem
3456 1248 3674 1318 quidem

2087 1327 2216 1382 tnilti
2257 1344 2470 1399 quoque
2514 1344 2659 1400 smpe
2687 1332 2922 1388 scribere
2941 1374 2957 1401 ,
2988 1333 3328 1407 debitamque
3353 1339 3503 1393 vobis
3529 1341 3677 1396 salu-

2088 1417 2341 1473 tationem
2389 1421 2694 1489 persolvere
2739 1422 2941 1479 liceret.
2983 1423 3248 1493 Quoniam
3277 1438 3457 1483 autem
3486 1430 3537 1484 id
3569 1433 3673 1485 tui-

2087 1510 2233 1565 nime
2271 1511 2430 1579 licet,
2458 1512 2598 1583 quod
2624 1512 2678 1569 in
2708 1530 2774 1570 eo
2800 1515 2918 1571 loco
2948 1516 3182 1574 habitem
3204 1560 3222 1584 ,
3254 1521 3344 1590 qui
3375 1537 3510 1590 pene
3528 1526 3677 1580 omni

2087 1603 2233 1659 aditu
2273 1613 2457 1672 caret,
2497 1615 2551 1661 et
2592 1607 2877 1665 solitudine
2915 1609 3180 1682 undique,
3230 1620 3479 1684 tanquam
3519 1631 3673 1674 muro

2087 1697 2358 1767 quodam,
2389 1699 2712 1770 interceptus
2739 1713 2853 1769 est,
2885 1703 3085 1759 ideirco
3112 1720 3256 1762 nunc
3284 1709 3677 1764 revereudissi-

2088 1805 2234 1845 mum
2279 1806 2343 1847 ac
2382 1792 2838 1863 religiosissimum
2883 1796 3157 1852 dominum
3202 1812 3378 1855 meum
3406 1802 3679 1874 presbyte-

2088 1897 2205 1938 rum
2252 1893 2441 1940 nactus
2462 1925 2481 1953 ,
2520 1886 2796 1945 caritatem
2836 1898 3065 1944 vestram
3093 1892 3268 1947 saluto
3289 1934 3306 1959 ,
3335 1908 3535 1965 vosque
3563 1910 3682 1950 mo-

2089 1989 2192 2029 neo
2217 1989 2281 2031 ac
2303 1990 2432 2046 rogo
2453 2016 2470 2044 ,
2500 1985 2558 2031 ut
2583 1978 2743 2032 linem
2768 1979 3042 2050 principiis
3066 1993 3480 2040 consentaneum
3507 1986 3682 2057 impo-

2088 2066 2249 2121 natis.
2292 2066 2452 2123 Scitis
2492 2070 2633 2124 cnim
2660 2080 2857 2139 quanta
2885 2072 3035 2129 vobis
3065 2075 3333 2144 patientiae
3357 2091 3567 2132 merces
3592 2077 3683 2133 [η-

2090 2165 2207 2212 tura
2228 2158 2326 2225 sit,
2356 2171 2656 2231 quantaque
2684 2162 2748 2216 iis
2775 2177 2806 2217 a
2833 2163 3063 2235 benigno
3094 2165 3203 2221 Deo
3227 2169 3444 2236 praemia
3469 2170 3678 2226 consti-

2090 2258 2203 2304 tuta
2225 2292 2240 2317 ,
2263 2250 2353 2321 qui
2377 2265 2472 2321 pro
2494 2252 2699 2322 publica
2721 2269 2851 2323 pace
2874 2254 3084 2311 labores
3109 2254 3359 2325 subeunt,
3386 2275 3450 2315 ac
3471 2270 3681 2319 tantum

2087 2350 2359 2397 certamen
2387 2344 2702 2412 suscipiunt.

2255 2474 2516 2531 CLVIII.
2547 2476 2755 2533 Iisdem.
2791 2478 2991 2553 (Anno,
3019 2491 3077 2539 ttt
3099 2492 3332 2555 putatur,
3364 2486 3519 2561 ωδ.)

2161 2613 2277 2672 Νοη
2308 2631 2523 2686 parvam
2555 2627 2607 2673 et
2634 2619 2787 2675 vobis
2817 2619 2945 2691 ipsis
2969 2637 3290 2679 coronarum
3320 2638 3553 2695 segetem
3580 2670 3596 2693 ,
3625 2635 3685 2684 et

2092 2707 2248 2763 nobis
2273 2709 2707 2766 consolationum
2740 2715 3017 2770 materiam
3046 2756 3062 2780 ,
3109 2717 3522 2786 pra-clarissimo
3572 2720 3681 2777 hoc

2090 2810 2272 2856 vestro
2323 2801 2500 2857 studio
2552 2803 2928 2876 laboribusque
2992 2812 3361 2879 comparastis.
3416 2812 3681 2882 Quocirca

2093 2900 2241 2946 tanto
2293 2892 2455 2948 etiam
2494 2894 2700 2951 itineris
2729 2895 3008 2953 intervallo
3027 2915 3057 2953 a
3080 2902 3230 2957 vobis
3256 2902 3428 2958 dissiti
3447 2946 3464 2967 ,
3494 2906 3683 2964 laudes

2092 2994 2299 3040 vestras
2320 2985 2690 3056 praedicamus,
2715 2988 2867 3044 vobis
2894 2993 3091 3060 gratias
3126 2994 3355 3064 agimus,
3396 3013 3492 3052 vos
3530 2998 3682 3056 deni-

2091 3093 2196 3147 que
2215 3093 2412 3134 corona
2445 3080 2725 3144 donamus,
2761 3097 2824 3138 ac
2874 3083 3057 3140 beatos
3082 3101 3383 3143 censemus.
3412 3092 3489 3145 Ac
3518 3094 3682 3151 vello-

2091 3183 2213 3223 ntus
2247 3168 2461 3239 quidem
2484 3169 2814 3242 frequentius
2839 3175 2998 3229 etiam
3037 3177 3102 3231 ad
3128 3193 3221 3233 vos
3248 3181 3483 3237 scribere
3521 3187 3681 3242 nobis

2091 3262 2310 3329 liceret;
2337 3280 2459 3318 nam
2492 3265 2613 3320 hinc
2637 3281 2847 3338 quoque
2872 3269 3158 3324 maximum
3182 3274 3424 3328 solatium
3451 3291 3678 3344 capere-

2090 3369 2249 3420 mus;
2281 3355 2325 3409 si
2346 3355 2557 3426 quidem
2575 3357 2663 3427 qui
2691 3358 2870 3413 literas
2889 3359 3089 3415 l'errent
3118 3364 3349 3419 nancisci
3374 3381 3675 3435 possemus.

2091 3447 2352 3514 Quoniam
2396 3460 2575 3503 autem
2604 3451 2774 3516 nobis,
2806 3453 2896 3522 qui
2926 3454 2991 3507 ad
3019 3465 3292 3511 extremos
3334 3473 3506 3529 usque
3529 3463 3680 3518 orbis

2092 3542 2226 3596 lines
2252 3542 2469 3611 relegati
2498 3559 2703 3609 sumus,
2736 3544 2787 3598 id
2830 3547 3048 3602 minime
3066 3547 3221 3604 facile
3250 3560 3354 3615 est,
3381 3568 3503 3607 cum
3534 3569 3679 3623 pra:-

2093 3631 2277 3685 sertim
2308 3630 2449 3686 haud
2478 3632 2631 3701 facile
2650 3637 2929 3706 quisquam
2945 3639 3011 3692 ad
3038 3653 3136 3694 nos
3174 3641 3431 3698 accedere
3470 3653 3676 3715 queat,

2093 3721 2293 3777 idcirco
2330 3738 2472 3778 nunc
2495 3764 2510 3791 ,
2561 3740 2681 3780 cum
2712 3728 3219 3787 rcverendissimum
3251 3748 3314 3788 ac
3337 3735 3680 3807 religiosissi-

2092 3829 2237 3869 mum
2262 3815 2536 3871 dominmn
2569 3833 2745 3875 meum
2797 3820 3163 3893 presbyterum
3195 3828 3330 3881 nacti
3364 3829 3554 3898 simus,
3584 3832 3682 3888 de-

2092 3902 2253 3959 bitam
2270 3904 2639 3963 salutationem
2665 3910 2813 3965 vobis
2844 3912 3153 3982 pendimus;
3179 3932 3376 3988 vosque
3404 3934 3677 3991 rogamus,

2092 4007 2151 4053 ut
2176 3999 2273 4063 rei,
2305 4003 2348 4053 si
2378 4000 2650 4066 succedat,
2706 4005 3125 4074 magnitudinem
3155 4009 3336 4064 animo
3363 4010 3636 4068 intuentes
3659 4054 3677 4080 ,

2091 4089 2299 4144 etiamsi
2325 4091 2519 4162 alioqui
2551 4093 2838 4162 plurimum
2864 4096 2974 4164 jam
3007 4100 3263 4167 temporis
3283 4101 3333 4153 in
3360 4116 3423 4156 ea
3455 4117 3517 4156 re
3539 4118 3667 4158 con-

2092 4193 2362 4250 Snmptum
2390 4193 2496 4251 est,
2522 4194 2683 4254 atque
2707 4186 3131 4242 adversariorum
3168 4191 3459 4260 pervicacia
3490 4194 3674 4264 ingra-

2090 4274 2276 4335 vescit,
2306 4288 2405 4328 nec
2431 4275 2759 4331 curationem
2789 4277 2947 4331 ullam
2978 4279 3268 4334 etiamnum
3293 4281 3557 4349 admittit;
3594 4295 3677 4339 ta-

2091 4378 2253 4429 men,
2300 4378 2420 4433 qua:
2466 4374 2760 4421 vestrarum
2810 4369 3042 4437 partium
3089 4380 3234 4435 sunt,
3264 4373 3328 4425 ad
3356 4372 3677 4430 detrimenta

2090 4456 2366 4510 sarcienda
2394 4457 2639 4513 conferre
2664 4475 2731 4514 ne
2753 4459 3042 4515 desistatis.
3074 4462 3192 4528 Quo
3220 4464 3363 4519 enim
3394 4467 3563 4535 major
3577 4468 3680 4522 dif-

2092 4548 2298 4604 ficultas
2325 4559 2428 4614 est,
2479 4566 2544 4605 eo
2573 4566 2783 4623 quoque
2812 4555 2981 4623 tnajor
3015 4564 3070 4609 et
3099 4556 3315 4612 uberior
3340 4561 3675 4629 egregiorum

2092 4639 2277 4696 horum
2308 4642 2658 4697 certaminum
2691 4660 2896 4701 merces
2925 4662 2955 4701 a
2982 4648 3210 4719 benigno
3242 4651 3350 4706 Deo
3379 4653 3529 4706 vobis
3543 4667 3681 4709 con-

2090 4735 2362 4790 stituetur.

2283 4869 2473 4926 CLIX.
2509 4869 2717 4926 Iisdem.
2744 4874 2941 4945 (Anno,
2972 4886 3028 4931 ut
3058 4886 3291 4948 putatur,
3322 4879 3475 4950 406.)

2163 5007 2277 5063 Non
2298 5010 2539 5078 exiguam
2584 5010 2843 5065 malorum
2887 5027 3072 5067 eorum
3092 5054 3108 5078 ,
3158 5030 3276 5083 quae
3307 5014 3402 5070 has
3430 5016 3681 5086 regiones

2090 5097 2421 5165 invaserunt,
2449 5100 2869 5156 consolationem
2891 5118 2953 5156 ex
2983 5104 3141 5157 studii
3169 5107 3330 5158 vestri
3358 5120 3421 5160 ac
3445 5106 3676 5176 diligen-

2092 5190 2178 5244 tia:
2199 5189 2562 5259 magnitudine
2582 5194 2840 5261 capimus.
2869 5200 2945 5248 Ae
2972 5194 3209 5263 proiecto
3234 5211 3295 5249 ea
3321 5212 3534 5266 quoque
3557 5214 3681 5267 quze

2092 5280 2238 5348 prius
2267 5294 2296 5332 a
2330 5280 2479 5333 vobis
2508 5279 2645 5339 facta
2675 5292 2802 5338 sunt
2824 5324 2840 5350 ,
2872 5294 3157 5355 vestraque
3195 5288 3459 5358 vigilantia
3488 5298 3540 5344 et
3568 5299 3684 5343 stu-

2088 5371 2257 5436 dium,
2285 5379 2534 5442 tantaque
2561 5389 2688 5429 cura
2738 5390 2800 5430 ac
2850 5377 3153 5431 sollicitudo
3179 5417 3195 5444 ,
3231 5379 3298 5434 ad
3335 5380 3521 5448 ingens
3548 5383 3681 5435 sola-

2092 5464 2221 5517 tium
2268 5463 2422 5519 nobis
2470 5463 2794 5522 aﬂ'crendum
2848 5467 3065 5524 abunde
3114 5469 3496 5525 sufﬁciebant:
3537 5473 3678 5540 cured

2090 5568 2266 5610 autem
2336 5571 2478 5612 nunc
2529 5559 2838 5628 adjecistis,
2890 5571 2947 5615 ut
3001 5578 3096 5632 pro
3141 5564 3393 5618 Ecclesim
3442 5580 3684 5620 commo-

2090 5646 2173 5702 dis
2202 5657 2307 5700 tam
2336 5648 2549 5719 longum
2580 5652 2680 5705 iter
2707 5652 3071 5722 susciperetis,
3097 5669 3193 5709 nos
3213 5670 3399 5710 omnes
3419 5656 3680 5725 majorem

2093 5738 2145 5793 in
2171 5738 2385 5796 modum
2418 5742 2693 5797 recreavit.
2742 5742 2922 5813 Itaque
2962 5746 3337 5801 communibus
3363 5748 3556 5800 animis
3605 5747 3681 5802 in-

2095 5840 2281 5897 gentes
2312 5846 2404 5901 pro
2449 5840 2526 5887 tot
2556 5833 2826 5891 laboribus
2867 5848 2928 5891 ac
2961 5835 3244 5893 sudoribus
3295 5838 3678 5909 prata-arisque
