4064 6218
438 333 545 389 703

428 445 713 517 διωλύγιον
754 446 821 502 ἐκ
870 448 1126 503 τοσούτου
1177 453 1457 510 πνεύσασα
1502 456 1597 512 τοῦ
1628 459 2013 532 διαστήματος,

429 542 524 596 καὶ
555 540 691 613 πρὸς
733 541 875 597 αὑτά
917 543 1222 618 ἀφικομένη
1253 546 1352 620 τῆς
1396 548 1502 620 γῆς
1541 549 1611 604 τά
1656 552 1888 624 πέρατα.
1910 554 2020 608 Καὶ

427 631 539 686 τῶν
565 630 851 703 παρόντων
883 632 983 687 οὑκ
1020 633 1242 691 ἔλαττον
1272 637 1432 709 ἴσμεν
1459 640 1623 710 ἡμεῖς
1644 680 1660 705 ,
1692 642 1742 694 οί
1768 642 2020 697 τοσοῦτον

427 721 806 791 ἀπῳκισμένοι
853 722 1033 794 μῆκος
1059 724 1180 779 ὀδοῦ
1200 766 1215 791 ,
1268 727 1365 800 τὴν
1396 730 1765 803 σφοδροτάτην
1806 750 1899 787 σου
1928 736 2023 788 καὶ

424 807 582 882 [690]
613 810 787 883 πυρὸς
840 812 1118 883 γέμουσαν
1162 816 1425 889 ἀγάπην,
1471 818 1569 892 τὴν
1621 822 1886 895 εἰλικρινῆ
1926 824 2023 880 καὶ

426 900 740 972 ἐλευθερίας
788 902 993 975 πολλῆς
1051 905 1147 959 καὶ
1190 910 1502 980 παρρησίας
1553 912 2021 989 ἐμπεπλησμένην

428 994 697 1062 γλῶτταν,
743 993 842 1066 τὴν
872 995 1123 1052 ἔνστασιν
1174 1000 1274 1073 τὴν
1333 1002 1618 1073 ἀδάμαντα
1653 1009 2017 1081 μιμουμένην.

424 1085 520 1141 Διδ
546 1086 643 1141 καὶ
672 1086 878 1160 σφόδρα
902 1088 1278 1162 ἐπιθυμοῦμεν
1306 1093 1396 1147 καὶ
1421 1094 1519 1165 τῆς
1559 1096 1702 1152 κατά
1729 1099 2020 1166 πρόσωπον

427 1176 735 1232 ἀπολαῦσαί
787 1196 882 1233 σου
915 1182 1227 1252 συντυχίας.
1292 1183 1431 1237 Ἀλλ’
1486 1187 1670 1261 ἐπειδὴ
1716 1191 1810 1244 καὶ
1863 1191 2020 1247 τοῦτο

428 1268 576 1341 ἡμᾶς
604 1270 638 1341 ἡ
694 1271 900 1343 ἐρημία
931 1271 1073 1345 αῦτη
1106 1274 1416 1345 παρείλετο,
1521 1278 1616 1333 νῦν
1654 1281 1822 1351 ἐσμεν
1851 1301 2021 1338 πεπε-

426 1361 690 1433 δημένοι,
752 1362 1005 1435 εὑρόντες
1054 1364 1147 1419 τὸν
1184 1365 1373 1437 κύριόν
1431 1386 1531 1441 μου
1565 1371 1891 1442 τιμιώτατον
1926 1375 2020 1429 καὶ

428 1450 820 1507 εὐλαϐέστατον
845 1453 1233 1528 πρεσϐύτερον,
1264 1459 1449 1525 καθὼς
1473 1460 1571 1528 ἔνι,
1598 1463 1697 1535 τὴν
1724 1463 2019 1538 ἐπιθυμίαν

428 1540 743 1613 πληροῦμεν
765 1542 864 1616 τὴν
883 1546 1115 1614 ἑαυτῶν,
1139 1547 1444 1621 γράφοντες
1468 1557 1564 1609 καὶ
1583 1560 2017 1631 προσαγορεύον-

426 1634 843 1726 τες,ῗχάριτας
896 1638 1285 1710 ὁμολογοῦντες
1317 1642 1446 1715 ὑμῖν
1495 1646 1696 1713 πολλάς
1728 1651 1867 1725 ὑπὲρ
1917 1655 2018 1726 τῆς

430 1725 667 1797 σπουδῆς
689 1766 705 1792 ,
739 1727 807 1798 ῆν
827 1727 916 1782 διά
942 1730 1145 1795 παντδς
1174 1731 1270 1785 τοῦ
1303 1734 1515 1807 μακροῦ
1535 1737 1725 1793 τούτου
1759 1725 2014 1813 χρόνουά,

432 1816 570 1888 μετά
586 1817 789 1888 πολλῆς
813 1819 1157 1886 ἐπεδείξασθε
1185 1824 1285 1895 τῆς
1322 1825 1587 1891 εὐτονίας.
1620 1831 1731 1884 Kal
1764 1851 2017 1906 παρακα-

426 1911 625 1985 λοῦμεν
645 1914 811 1983 ἡνίκα
832 1916 899 1969 ἂν
926 1916 1125 1991 ἐπανίῃ
1144 1956 1160 1981 ,
1198 1920 1292 1972 καὶ
1331 1919 1521 1974 τούτου
1556 1925 1754 1996 χωρὶς,
1786 1927 1875 1982 διά
1906 1930 2017 1985 τῶν

425 2005 809 2076 ἐμπιπτόντων
838 2008 1345 2081 γραμματηφόρων,
1370 2010 1424 2063 εἰ
1444 2012 1508 2081 γέ
1556 2030 1703 2079 τινες
1744 2015 2015 2088 εὑρεθεῖεν

423 2097 479 2151 οί
509 2096 648 2169 πρὸς
669 2096 768 2169 τὴν
813 2098 1052 2169 ἐρημίαν
1100 2101 1306 2172 ταύτην
1333 2102 1759 2177 ἀφικνούμενοι,
1788 2109 1858 2163 τὰ
1887 2112 2016 2185 περὶ

422 2185 526 2257 τῆς
558 2186 746 2255 ὑγείας
776 2189 910 2258 ἡμῖν
963 2189 1300 2245 ἐπιστέλλειν
1350 2195 1452 2264 τῆς
1497 2194 1786 2267 ὑμετέρας.
1844 2195 2015 2254 Οἶσθα

424 2275 536 2348 γάρ
575 2278 708 2349 ὅσην
757 2276 1007 2332 ἐντεῦθεν
1064 2280 1471 2353 καρπωσόμεθα
1503 2283 1601 2355 τὴν
1652 2286 1872 2357 ἡδονὴν,
1906 2290 2015 2344 τῶν

424 2367 570 2422 οὑτω
610 2368 832 2441 θερμῶς
869 2370 999 2443 περὶ
1050 2373 1201 2443 ἡμᾶς
1263 2374 1620 2447 διακειμένων
1668 2375 1771 2445 τὴν
1825 2380 2014 2451 ὑγείαν

424 2461 775 2532 πυκνοτέρως
802 2462 1303 2536 εὐαγγελιζόμενοι.

896 2599 1089 2666 PNG’.
1130 2599 1536 2669 Ἐπισκόποις.

498 2706 608 2780 Βοᾷ
662 2706 763 2780 μὲν
809 2709 1086 2781 πανταχοῦ
1136 2710 1229 2765 καὶ
1256 2712 1395 2784 αὑτὴ
1438 2714 1548 2767 τῶν
1597 2719 1938 2796 πραγμάτων
1977 2722 2012 2794 ή

425 2800 589 2871 φύσις
611 2842 629 2866 ,
663 2802 963 2872 σάλπιγγος
992 2803 1379 2877 λαμπροτέραν
1413 2807 1632 2876 ἀφιεῖσα
1664 2811 1881 2881 φωνὴν,
1921 2813 2013 2867 τὸν

425 2893 710 2948 κάλλιστον
744 2894 900 2966 ὑμῶν
947 2893 1110 2966 ζῆλον
1130 2936 1145 2961 ,
1177 2897 1272 2950 καὶ
1291 2896 1388 2969 τὴν
1423 2897 1565 2970 ὑπὲρ
1608 2899 1708 2970 τῆς
1753 2900 2013 2972 ἀληθείας

424 2983 734 3056 προθυμίαν
758 3024 774 3050 ,
801 2985 868 3056 ἢν
894 2985 993 3056 οὑχ
1020 2984 1143 3039 ὀδοῦ
1179 2987 1352 3058 μῆκος
1371 3026 1385 3051 ,
1432 2987 1494 3040 οὑ
1541 2988 1735 3059 χρόνου
1783 2991 2008 3064 πλῆθος,

421 3077 486 3129 οὑ
519 3075 628 3129 τῶν
660 3077 854 3130 ἀνίατα
900 3076 1199 3132 νοσούντων
1253 3080 1287 3150 ἡ
1346 3079 1656 3150 παράλογος
1689 3082 2008 3152 φιλονεικία,

420 3171 527 3225 οὐκ
553 3170 682 3225 ἀλλο
698 3170 807 3224 τῶν
833 3172 1091 3225 τοιούτων
1116 3171 1269 3225 οὑδέν
1292 3173 1607 3240 κατέλυσεν,
1629 3176 1750 3230 οὑδὲ
1774 3176 1803 3216 Ι)
1832 3177 2012 3249 ἀμαυ-

426 3264 656 3335 ροτέραν
702 3264 946 3335 ἐποίησε.
998 3265 1106 3318 Καὶ
1143 3266 1305 3336 ἡμεῖς
1344 3265 1402 3319 δὲ
1454 3267 1515 3320 οὑ
1577 3267 2011 3342 διαλιμπάνομεν

423 3352 626 3417 πολλάς
648 3353 777 3424 ὑμῖν
799 3352 1011 3425 ἔχοντες
1044 3354 1295 3425 χάριτας,
1323 3357 1418 3409 καὶ
1444 3359 1835 3431 μακαρίζοντες
1866 3361 2012 3431 ὑμᾶς

421 3446 485 3500 οὑ
514 3444 799 3516 παυόμεθα
825 3485 841 3510 ,
894 3445 1003 3498 τῶν
1036 3446 1130 3499 ἐπὶ
1165 3450 1278 3510 τοῖς
1328 3448 1512 3513 καλοῖς
1560 3450 1771 3516 τούτοις
1803 3453 2010 3523 ἀγῶσιν

424 3536 804 3604 ἀποκειμένων
833 3536 961 3607 ὑμῖν
992 3536 1271 3605 στεφάνων
1300 3538 1452 3610 παρά
1494 3539 1588 3593 τοῦ
1626 3540 2008 3614 φιλανθρώπου

424 3627 583 3685 Θεοῦ.
620 3629 730 3680 Kal
767 3625 1142 3697 ἐπιθυμοῦμεν
1189 3628 1334 3697 ὑμᾶς
1380 3630 1474 3681 καὶ
1524 3631 1645 3683 κατ’
1688 3630 1810 3701 ὄψιν
1860 3633 2006 3688 ίδείν.

437 3718 657 3789 Ἐπειδὴ
689 3716 745 3771 δέ
788 3716 947 3771 τοῦτο
986 3718 1086 3770 οὑκ
1144 3717 1222 3771 ένι
1253 3717 1475 3772 δυνατὸν
1523 3721 1601 3792 τῷ
1648 3723 1745 3794 τῆς
1795 3725 2010 3797 ἐξορίας

419 3809 605 3881 δεσμῷ
652 3808 1086 3880 πεπεδημένοις,
1126 3808 1507 3883 ἐπιλαϐόμενοι
1551 3811 1648 3867 τοῦ
1684 3810 1871 3887 κυρίου
1907 3834 2008 3887 μου

421 3902 517 3956 τοῦ
544 3902 874 3973 τιμιωτάτου
923 3903 1017 3955 καὶ
1061 3901 1455 3956 εὑλαϐεστάτου
1503 3904 1872 3980 πρεσϐυτέρου
1893 3948 1909 3974 ,
1940 3908 2009 3963 δι’

421 3992 588 4049 αὑτοῦ
621 3992 946 4066 γράφομεν,
1006 3992 1102 4046 καὶ
1147 3994 1248 4065 τὴν
1297 3993 1653 4068 ὀφειλομένην
1706 4000 2010 4070 πρόσρησιν

417 4086 780 4157 ἀποδιδόαμεν
806 4086 935 4156 ὑμῖν
964 4083 1248 4156 δηλοῦντες
1276 4084 1352 4151 ὼς
1380 4086 1600 4142 ἃπασαν
1625 4089 2007 4161 ἀνηρτήσασθε

416 4177 500 4250 τῷ
525 4176 674 4248 πόθῳ
699 4175 799 4247 τὴν
831 4175 1117 4247 ἀνατολὴν,
1147 4177 1242 4229 καὶ
1268 4176 1530 4246 σφοδροὺς
1557 4178 1712 4249 ὑμῶν
1746 4183 2010 4255 κατεστή-

420 4285 554 4323 σατε
609 4266 878 4339 ἐραστὰς,
940 4267 1035 4320 καὶ
1096 4267 1325 4338 μυρίους
1383 4267 1536 4338 ἔχετε
1596 4269 1723 4333 τοὺς
1776 4287 2009 4341 συναγα-

418 4354 751 4419 νακτοῦντας
807 4356 936 4426 ὑμῖν
973 4354 1072 4426 τὴν
1103 4355 1320 4410 δικαίαν
1371 4356 1575 4429 ταύτην
1633 4359 2008 4433 ἀγανάκτησιν

419 4449 515 4503 ἐπὶ
545 4450 664 4512 ταῖς
691 4447 1084 4518 γεγενημέναις
1113 4448 1499 4520 παρανομίαις.
1527 4450 1636 4505 Καὶ
1664 4452 2009 4525 παρακαλοῦ-

422 4557 526 4611 μεν
551 4540 650 4611 τὴν
674 4539 846 4611 αὐτὴν
867 4538 1235 4604 ἐπιδείξασθαι
1263 4539 1425 4612 μέχρι
1455 4540 1644 4605 τέλους
1674 4543 2005 4615 προθυμίαν.

422 4634 569 4687 ’Ῑστε
589 4631 697 4705 γάρ
721 4633 876 4696 ὅσους
890 4629 1249 4703 καρπώσεσθε
1269 4633 1564 4702 στεφάνους
1583 4634 1693 4688 ἀπὸ
1706 4634 1814 4689 τῶν
1838 4653 2008 4707 προσ-

426 4727 634 4798 καίρων
686 4726 891 4780 τούτων
928 4727 1104 4781 πόνων
1126 4767 1144 4793 ,
1200 4726 1298 4789 τὰς
1345 4726 1646 4790 ἀθανάτους
1692 4728 1821 4799 ὑμῖν
1869 4728 2008 4799 μετά

421 4820 626 4892 πολλῆς
681 4818 960 4889 δαψιλείας
994 4818 1480 4892 προαποτιθέμενοι
1530 4817 1683 4891 παρὰ
1711 4819 1789 4891 τῷ
1818 4819 2008 4891 φιλαν-

426 4913 630 4986 ορώπῳ
666 4911 786 4984 Θεῷ
817 4911 1073 4983 ἀμοιϐάς.

460 5028 642 5083 PNZ’.
685 5025 1075 5092 Ἐπισκόποις
1111 5023 1401 5079 ἐλθοῦσιν
1424 5024 1544 5080 ἀπὸ
1576 5024 1687 5094 τῆς
1707 5026 1968 5095 Δὺσεως.

494 5135 603 5188 Kal
625 5131 930 5205 ἔμπροσθεν
957 5134 1058 5204 μὲν
1078 5132 1516 5205 ὲξεπληττόμεθα
1539 5134 1693 5206 ὑμῶν
1715 5138 1814 5207 τὴν
1840 5154 2008 5192 σπου-

417 5224 552 5296 δὴν,
582 5222 680 5295 τὴν
707 5224 1017 5298 προθυμίαν
1061 5225 1160 5297 τὴν
1200 5226 1341 5298 ὑπὲρ
1380 5228 1479 5298 τῆς
1532 5225 1870 5299 διορθώσεως
1897 5230 2006 5284 τῶν

434 5314 770 5387 Ἐκκλησιῶν
799 5316 1194 5389 γεγενημένην,
1249 5318 1347 5390 τὴν
1381 5318 1619 5390 στερρὰν
1650 5321 1745 5374 καὶ
1777 5322 2007 5392 γνησίαν

420 5407 659 5462 διάθεσιν
685 5449 702 5474 ,
745 5408 847 5480 τὴν
902 5408 1153 5481 ἀνδρείαν
1183 5410 1277 5463 καὶ
1322 5410 1718 5482 ἀπερίτρεπτον
1755 5413 2002 5484 γνώμην,

421 5499 522 5572 τὴν
558 5499 853 5572 καρτερίαν
877 5543 894 5565 ,
935 5501 1002 5572 ἢν
1044 5501 1139 5556 ἐπὶ
1183 5500 1436 5555 τοσοῦτον
1482 5502 1827 5569 ἐπεδείξασθε
1854 5502 2002 5577 [691]

482 5674 512 5755 ξς
762 5678 1030 5755 διὲπαντός
1053 5676 1226 5755 μικρρῦ
1251 5677 1347 5755 δεῖτε
1368 5675 1455 5753 τοῦ
1476 5676 1667 5755 χρόνου.
1684 5739 1733 5755 η
1764 5740 1778 5755 ¹
1845 5743 1883 5755 η
1940 5744 1950 5754 .

480 5733 508 5773 ³⁵
541 5733 740 5788 (ἰδίειιιιι.
767 5740 901 5789 οὐδὲν
921 5733 1301 5797 κατασϐεσθῆναι
1327 5733 1525 5800 ἐποίησὲ
1546 5740 1626 5789 καὶ
1649 5739 1817 5799 οὐδείς.
1845 5743 2008 5798 Valic.

429 5807 481 5849 el
504 5800 621 5865 Reg.
644 5802 780 5851 οὐδὲν
798 5801 1113 5868 ῥᾳθυμοτέραν
1137 5801 1349 5861 ἐποίησε.

1888 345 2268 406 ΕΡΙΞΤΟΙιιΕ.

3600 375 3710 434 7N

2122 467 2333 537 χρόνον.
2358 471 2609 529 Μάλιστα
2635 474 2692 531 δὲ
2722 466 3097 553 ἐξεπλάγημεν
3122 483 3215 538 νῦν
3244 486 3334 541 τὸν
3363 489 3526 544 πολὺν
3555 494 3706 564 ὑμῶν

2121 571 2272 628 τόνον
2294 613 2310 639 ,
2352 575 2496 632 οὕτω
2527 581 2743 653 μακράν
2773 585 2868 637 καὶ
2917 586 3220 643 διαπόντιον
3252 592 3558 667 ἀποδημίαν
3590 598 3705 652 ἐλο-

2124 678 2321 748 μένων,
2364 682 2457 735 καὶ
2493 683 2670 741 πόνων
2700 688 2791 741 καὶ
2822 688 3059 761 ἱδρώτων
3093 693 3386 765 γέμουσαν,
3421 698 3561 772 ὑπὲρ
3597 702 3706 755 τῶν

2121 788 2241 851 ταῖς
2274 787 2620 861 Ἐκκλησίαις
2649 794 3054 866 συμφερόντων.
3090 799 3199 853 Kal
3233 800 3563 874 ἐϐουλόμεθα
3605 808 3705 878 μὲν

2122 892 2218 947 xal
2254 894 2589 951 ἐπιστέλλειν
2628 900 2867 971 συνεχῶς
2890 943 2906 968 ,
2954 903 3048 957 καὶ
3082 904 3181 978 τὴν
3231 908 3587 982 ὀφειλομένην
3637 916 3704 984 τῇ

2119 997 2375 1072 εὐλαϐείᾳ
2424 1000 2579 1071 ὑμῶν
2609 1004 2916 1060 ἀποδιδόναι
2965 1008 3288 1082 πρόσρησιν.
3341 1013 3481 1068 Ἀλλ’
3514 1015 3702 1088 ἐπειδὴ

2119 1100 2277 1156 τοῦτο
2302 1102 2402 1157 οὑκ
2434 1103 2512 1158 ἔνι
2542 1107 2751 1177 (σχεδὸν
2783 1110 2893 1183 γάρ
2924 1111 3124 1167 ἄϐατον
3152 1118 3262 1180 τοῖς
3284 1115 3496 1180 πολλοῖς
3522 1120 3702 1173 οίκοῦ-

2123 1226 2222 1280 μεν
2249 1210 2466 1282 χωρίον,
2505 1211 2710 1287 ἐρημίᾳ
2732 1215 2994 1271 πάντοθεν
3020 1220 3583 1295 ἀποτετειχισμένον),
3606 1222 3703 1277 νῦν

2120 1318 2501 1390 ἐπιλαϐόμενοι
2546 1319 2640 1374 τοῦ
2698 1322 2886 1393 κυρίου
2937 1340 3038 1394 μου
3088 1323 3182 1378 τοῦ
3234 1325 3563 1396 τιμιωτάτου
3608 1327 3703 1380 καὶ

2119 1412 2512 1480 εὑλαϐεστάτου
2570 1426 2979 1498 πρεσϐυτέρου,
3025 1428 3503 1501 προσαγορεύομεν
3545 1429 3701 1502 ὑμῶν

2117 1528 2214 1601 τὴν
2243 1531 2485 1601 ἀγάπην,
2510 1531 2603 1584 καὶ
2634 1532 3060 1605 παρακαλοῦμεν
3095 1537 3206 1598 τοῖς
3236 1534 3541 1606 προοιμίοις
3569 1552 3701 1609 συμ-

2119 1633 2298 1688 ϐαῖνον
2320 1634 2585 1690 ἐπιθεῖναι
2606 1636 2778 1703 τέλος.
2818 1638 2962 1691 Ἰστε
2990 1637 3100 1709 γάρ
3119 1640 3243 1703 ὅσος
3275 1639 3403 1709 ὑμῖν
3423 1639 3572 1693 ἔσται
3599 1642 3703 1711 τῆς

2119 1739 2395 1810 ὑπομονῆς
2421 1741 2450 1793 ό
2483 1739 2675 1811 μισθὸς
2696 1781 2711 1805 ,
2748 1742 2841 1794 καὶ
2868 1741 2991 1794 ὅσαι
3016 1741 3165 1813 παρὰ
3195 1742 3288 1796 τοῦ
3316 1742 3700 1814 φιλανθρώπου

2118 1846 2255 1903 Θεοῦ
2302 1848 2356 1901 αἱ
2389 1847 2681 1911 ἀντιδόσεις
2710 1848 2848 1919 ὑπὲρ
2880 1848 2979 1920 τῆς
3027 1852 3211 1921 κοινῆς
3257 1850 3479 1921 είρήνης
3508 1866 3700 1904 πονου-

2121 1951 2330 2023 μένοις,
2356 1951 2452 2007 ml
2477 1952 2729 2006 τοσοῦτον
2754 1952 3166 2024 ἀναδεχομένοις
3192 1953 3401 2023 ἀγῶνα.

2606 2069 2792 2125 PNII'.
2831 2069 2960 2135 Τοῖς
2985 2070 3208 2138 αὐτοῖς.

2187 2181 2262 2235 Οὑ
2312 2180 2516 2253 μικρὰν
2568 2180 2665 2235 καὶ
2697 2181 2824 2252 ὑμῖν
2869 2180 3053 2242 αὑτοῖς
3105 2178 3388 2249 στεφάνων
3415 2178 3697 2244 ὑπόθεσιν,

2115 2284 2210 2338 καὶ
2238 2285 2368 2354 ἡμῖν
2395 2281 2791 2355 παρακλήσεως
2837 2279 3089 2354 ἀφορμὴν
3137 2280 3244 2334 ἀπὺ
3279 2284 3379 2353 τῆς
3404 2281 3699 2352 καλλίστης

2115 2388 2272 2459 ὑμῶν
2298 2387 2503 2458 ταύτης
2528 2386 2782 2457 σπουδῆς,
2818 2387 2913 2439 καὶ
2939 2384 3046 2438 τῶν
3067 2384 3265 2451 πόνων,
3287 2386 3381 2440 καὶ
3406 2386 3512 2439 τῶν
3537 2384 3698 2458 ἱδρώ-

2113 2510 2223 2546 των
2254 2491 2716 2551 κατεσκευάσατε.
2745 2491 2837 2544 Διὸ
2869 2490 2963 2544 καὶ
3013 2491 3078 2544 ἐκ
3112 2489 3364 2544 τοσούτου
3394 2489 3691 2561 καθήμενοι

2113 2599 2479 2670 διαστήματος
2501 2637 2516 2660 ,
2550 2595 2995 2669 ἀνακηρύττομεν
3027 2596 3205 2666 ὑμᾶς,
3248 2595 3474 2666 χάριτας
3505 2593 3699 2664 ὀμολο-

2113 2702 2357 2774 γοῦμεν,
2404 2702 2500 2757 καὶ
2551 2698 2959 2773 στεφανοῦμεν,
3010 2699 3107 2753 καὶ
3151 2697 3546 2769 μακαρίζομεν.
3582 2696 3699 2751 Kal

2113 2806 2449 2878 ἐϐουλόμεθα
2485 2806 2584 2877 μὲν
2631 2803 2727 2857 καὶ
2761 2802 3144 2873 συνεχέστερον
3176 2800 3509 2855 ἐπιστέλλειν
3535 2815 3548 2829 ⁸
3597 2800 3699 2854 καὶ

2112 2908 2222 2982 γάρ
2247 2908 2507 2980 μεγίστην
2550 2905 2798 2961 ἐντεῦθεν
2824 2906 2889 2961 ἀν
2916 2903 3359 2977 ἐκαρπωσάμεθα
3393 2915 3416 2944 ι
3447 2903 3544 2976 τὴν
3581 2921 3684 2957 na-

2116 3011 2407 3085 ραμυθίαν,
2463 3010 2518 3063 εί
2558 3027 2622 3080 γε
2664 3009 2773 3063 τῶν
2821 3008 2891 3063 τά
2920 3008 3225 3081 γράμματα
3270 3003 3702 3079 διακομιζόντων.

2111 3116 2574 3188 ἐπετυγχάνομεν.
2601 3114 2820 3185 Ἐπειδὴ
2842 3114 2899 3167 δὲ
2923 3112 2984 3167 οὑ
3015 3114 3195 3186 ῥᾴδιον
3220 3113 3352 3183 ἡμῖν
3375 3111 3532 3165 τοῦτο
3555 3110 3701 3185 πρὸς

2110 3224 2281 3288 αὑτὰς
2314 3222 2414 3286 τάς
2455 3218 2712 3292 ἐσχατιὰς
2759 3220 2861 3290 τῆς
2909 3218 3234 3291 οίκουμένης
3269 3214 3695 3289 ἀπῳκισμένοις,

2112 3330 2206 3385 καὶ
2241 3326 2454 3392 οὑδενδς
2504 3328 2635 3397 ἡμῖν
2688 3324 2899 3395 ταχέως
2944 3323 3328 3395 ἐπιχωριάζειν
3373 3323 3694 3395 δυναμένου,

2111 3434 2207 3488 νῦν
2231 3434 2320 3487 ὅτε
2355 3428 2692 3501 ἐπετύχομεν
2732 3426 2829 3482 τοῦ
2859 3426 3049 3497 κυρίου
3097 3442 3197 3498 μου
3225 3426 3320 3481 τοῦ
3366 3426 3693 3498 τιμιωτάτου

2110 3536 2207 3591 καὶ
2265 3533 2661 3589 εὑλαϐεστάτου
2719 3530 3092 3605 πρεσϐυτέρου
3117 3572 3132 3600 ,
3181 3532 3282 3601 τὴν
3337 3529 3698 3601 ὀφειλομένην

2109 3636 2530 3715 ἀποδεδώκαμεν
2572 3641 2911 3714 πρόσρησιν,
2953 3641 3049 3695 καὶ
3090 3639 3514 3713 παρακαλοῦμεν
3537 3638 3700 3709 ὑμῶν

2108 3746 2534 3821 τὴνεεὺλάϐειαν,
2568 3745 2883 3808 ἐννοοῦντας
2912 3744 3006 3799 τοῦ
3048 3743 3471 3816 κατορθώματος
3495 3743 3557 3797 τὸ
3590 3744 3701 3814 μέση

2109 3853 2268 3923 γεθος
2288 3893 2304 3918 ,
2334 3855 2383 3906 εί
2410 3853 2505 3906 καὶ
2530 3850 2694 3915 πολὺς
2716 3853 2745 3904 ὅ
2769 3849 3054 3922 παρελθὼν
3081 3849 3331 3923 ἀνηλώθη
3360 3851 3571 3921 χρόνος,
3596 3852 3697 3906 καὶ

2109 3960 2204 4015 ἐπὶ
2243 3961 2304 4013 τὸ
2331 3961 2513 4031 χεῖρον
2533 3956 2641 4011 τῶν
2667 3955 3092 4027 ἐναντιουμένων
3131 3954 3353 4023 αὒξεται
3379 3958 3413 4029 ἡ
3456 3957 3690 4026 φιλονει-

2108 4064 2204 4118 κία
2228 4103 2243 4127 ,
2283 4062 2377 4117 καὶ
2428 4061 2647 4134 μένουσι
2684 4058 2965 4125 νοσοῦντες
3015 4059 3229 4125 ἀνίατα,
3268 4061 3336 4116 τά
3383 4060 3513 4132 γοῦν
3559 4062 3690 4136 παρ’

2109 4167 2264 4237 ὑμῶν
2295 4166 2370 4238 μὴ
2424 4165 2690 4219 διαλιπεῖν
2726 4165 2807 4229 είς
2857 4163 3143 4237 διόρθωσιν
3173 4165 3282 4221 τῶν
3309 4169 3695 4243 γεγενημένων

2109 4270 2481 4341 είσφέροντας.
2516 4266 2670 4339 Ὀσῳ
2701 4266 2811 4339 γὰρ
2844 4268 3044 4322 πλείων
3077 4271 3109 4341 ἡ
3137 4268 3425 4339 δυσκολία,
3451 4273 3690 4343 τοσούτῳ

2112 4373 2313 4446 μείζων
2346 4372 2440 4427 καὶ
2492 4370 2852 4442 δαψιλεστέρα
2900 4371 3055 4426 ἔσται
3103 4371 3213 4426 τῶν
3261 4374 3439 4428 καλῶν
3485 4375 3700 4432 τούτων.

2109 4477 2333 4549 ἀγώνων
2359 4478 2489 4549 ὑμῖν
2518 4477 2552 4549 η
2580 4474 2783 4548 ἀμοιϐὴ
2811 4475 2963 4545 παρά
3000 4474 3103 4552 τοῦ,
3123 4476 3502 4550 φιλανθρώπου
3527 4477 3689 4539 Θεοῦ.

2606 4596 2787 4650 mea
2818 4580 2947 4661 Τοῖς
2975 4593 3200 4661 αὐτοῖς.

2178 4707 2254 4764 Οὐ
2297 4704 2499 4780 μικράν
2522 4705 2717 4779 ἔχομεν
2752 4704 3106 4777 παραμυθίαν
3143 4704 3252 4758 τῶν
3284 4705 3690 4778 κατειληφότων

2106 4813 2175 4869 τά
2200 4813 2431 4868 ἐνταῦθα
2457 4813 2663 4876 κακῶν,
2690 4814 2789 4884 τῆς
2812 4810 3081 4883 ὑμετέρας
3106 4811 3339 4883 σπουδῆς
3356 4813 3415 4865 τὸ
3437 4812 3685 4885 μέγεθος.

2120 4919 2304 4973 Ἱκανά
2331 4919 2427 4989 μὲν
2454 4918 2563 4990 γὰρ
2590 4919 2685 4972 καὶ
2705 4917 2772 4970 τά
2796 4916 3106 4988 ἔμπροσθεν
3135 4918 3266 4989 παρ’
3291 4919 3444 4989 ὑμῶν
3469 4935 3690 4992 γεγενη-

2111 5025 2281 5096 μένα,
2325 5026 2358 5095 ή
2406 5022 2715 5095 ἀγρυπνία,
2744 5023 2840 5077 καὶ
2874 5024 2907 5093 ἡ
2948 5022 3189 5091 σπουδὴ,
3235 5024 3329 5078 καὶ
3366 5026 3399 5096 ἡ
3450 5024 3687 5099 τοσαύτη

2108 5126 2362 5197 φροντὶς,
2400 5125 2602 5196 πολλὴν
2639 5127 2772 5196 ἡμῖν
2807 5127 3111 5197 παρασχεῖν
3159 5125 3261 5196 τὴν
3306 5099 3687 5198 παράκλησινο

2105 5233 2136 5286 ὅ
2162 5233 2217 5286 δέ
2253 5230 2349 5286 νῦν
2381 5228 2790 5302 προσεθήκατε,
2823 5229 2887 5282 τὸ
2934 5228 3153 5301 μακρὰν
3179 5228 3353 5295 οὕτως
3381 5230 3691 5304 ἀποδημίαν

2109 5334 2460 5399 στείλασθαι,
2505 5333 2645 5404 ὑπὲρ
2676 5332 2786 5386 τῶν
2833 5334 2954 5396 ταῖς
2996 5331 3345 5404 Ἐκκλησίαις
3386 5335 3695 5404 συμφερόν-

2107 5458 2234 5505 των,
2260 5440 2463 5511 σφόδρα
2496 5439 2699 5503 πάντας
2729 5441 2879 5511 ἡμᾶς
2906 5436 3246 5493 ἀναπνεῦσαι
3275 5438 3558 5509 πεποίηκε.
3583 5437 3693 5491 Kal

2105 5550 2259 5619 κοινῇ
2291 5547 2489 5610 πάντες
2529 5545 2656 5613 ὑμῖν
2687 5543 2842 5618 [699.]
2892 5547 3120 5618 χάριτας
3150 5544 3519 5618 ὁμολογοῦμεν
3563 5542 3691 5599 πολ·

2106 5654 2204 5720 λάς
2241 5652 2382 5725 ὑπὲρ
2426 5651 2537 5705 τῶν
2574 5650 2845 5706 τοσούτων
2895 5651 3109 5713 πόνων,
3154 5652 3249 5704 καὶ
3282 5650 3388 5704 τῶν
3426 5647 3697 5721 ἱδρώτων,

2171 5810 2195 5842 ⁸
2216 5809 2324 5861 Duo
2345 5821 2456 5857 mss.
2477 5808 2700 5871 μεγίστην
2724 5807 2929 5858 ἐντεῦθεν
2950 5807 3316 5885 καρπωσόιχιεθα.
