4064 6218
299 309 402 373 705

301 422 384 474 his
409 416 792 474 certaminibus
829 413 1028 485 gratias
1050 410 1204 466 vobis
1230 409 1456 481 agimus,
1480 421 1577 460 nec
1614 419 1709 474 pro
1743 417 1886 472 egre-

298 512 389 583 gio
419 510 521 564 hoc
541 507 704 562 animi
731 505 907 562 studio
931 504 1115 558 beatos
1131 516 1231 556 vos
1259 498 1548 570 prtedicare
1568 495 1884 552 desinimus.

301 602 530 671 Ideoque
550 600 827 654 dominum
855 611 1030 652 meum
1057 591 1565 650 reverendissimum
1593 595 1650 643 et
1685 586 1888 656 religio-

303 692 576 748 tissimum
604 687 996 760 presbyterum,
1029 694 1087 740 ut
1114 683 1182 738 ad
1213 697 1308 738 vos
1338 695 1505 751 usque
1533 684 1843 735 excurreret
1869 716 1886 742 ,

301 781 719 838 obsecravimus.
748 781 824 834 Eo
860 779 1018 848 igitur
1044 778 1115 832 ita
1145 787 1200 831 ut
1220 775 1446 832 comitas
1469 781 1645 827 vestra
1675 769 1882 840 poscit,

301 884 548 944 excepto.
593 872 749 927 velim
777 885 995 940 operam
1021 868 1179 932 detis,
1223 877 1280 921 ut
1306 865 1466 920 ﬁnem
1489 861 1764 934 principiis
1803 859 1891 918 d't-

300 980 463 1034 gnum
517 963 820 1033 imponatis.
852 959 986 1015 Nam
1015 975 1137 1014 cum
1169 954 1447 1013 incurabili
1495 954 1673 1013 adhuc
1701 955 1892 1012 morbo

301 1055 551 1110 laborent
577 1093 594 1121 ,
619 1053 711 1123 qui
740 1061 817 1107 tot
843 1059 1188 1121 tempestates
1207 1063 1270 1103 ac
1298 1046 1440 1106 bella
1460 1050 1715 1106 Ecclesiis
1754 1056 1893 1102 attu-

305 1148 503 1212 lcrmll.
547 1162 640 1203 00$
669 1146 883 1218 Quidem
918 1143 1020 1198 hoc
1049 1151 1265 1204 nomine
1291 1146 1517 1201 miseros
1547 1145 1854 1200 existimare
1873 1180 1890 1205 ,

303 1240 663 1312 lacrymisque
713 1238 965 1308 prosequi
995 1255 1095 1311 par
1143 1248 1244 1304 est,
1272 1254 1367 1294 vos
1417 1245 1595 1291 autem
1640 1233 1893 1289 admirari

306 1347 368 1388 ac
399 1328 727 1400 praedicare,
776 1330 917 1402 quod
967 1331 1126 1386 etiam
1178 1327 1665 1398 ingravescentibus
1709 1326 1891 1388 malis,

305 1428 482 1498 majus
512 1437 726 1496 semper
753 1425 817 1479 ad
845 1439 908 1480 ea
938 1421 1251 1494 depellenda
1279 1419 1511 1474 studium
1531 1419 1894 1488 majoremque

309 1517 635 1588 diligentiam
664 1531 947 1586 progressu
979 1513 1232 1584 temporis
1256 1511 1538 1566 adhibetis.

311 1649 472 1705 CLX.
513 1648 791 1722 Episcopo,
842 1649 929 1721 qui
957 1649 1018 1702 ab
1048 1647 1318 1702 Occidente
1359 1655 1578 1700 venerat.
1609 1645 1809 1717 (Anno,
1841 1655 1898 1700 ut

689 1757 692 1762 ·
889 1751 1122 1813 putatur,
1145 1739 1295 1811 406.)

383 1876 515 1933 Cum
544 1875 770 1932 sudores
796 1890 910 1942 eos,
964 1889 1098 1945 quos
1124 1882 1179 1929 et
1207 1873 1377 1940 domi,
1409 1881 1464 1926 et
1493 1871 1544 1926 in
1599 1881 1704 1926 tam
1742 1872 1897 1940 longa

310 1983 378 2025 ac
399 1970 602 2024 marina
632 1968 1061 2040 peregrinatione
1091 1981 1186 2036 pro
1213 1965 1468 2020 Ecclesia:
1498 1962 1791 2018 commodis
1819 1977 1902 2016 su-

310 2061 481 2128 biisti,
518 2076 729 2115 mecum
783 2058 1079 2129 perpendo,
1119 2057 1279 2112 etiam
1331 2064 1456 2110 ante
1503 2055 1665 2109 ﬁnem
1713 2052 1899 2108 laudes

313 2161 431 2209 tuas
466 2154 794 2224 pra-dicare,
837 2163 994 2222 teque
1038 2166 1236 2206 corona
1276 2148 1547 2216 redimire,
1576 2162 1639 2201 ac
1684 2145 1900 2201 beatum

311 2250 494 2305 dicere
517 2264 624 2304 non
653 2249 859 2304 desino.
882 2248 1014 2302 Nam
1042 2248 1155 2303 sive
1184 2256 1276 2300 tuo
1301 2244 1479 2299 studio
1522 2258 1586 2297 ac
1627 2241 1900 2314 diligentia

311 2342 511 2413 aliquid
536 2341 865 2413 perﬁciatur,
898 2339 1114 2394 domine
1153 2337 1225 2392 mi
1274 2334 1720 2391 reverendissime
1743 2376 1758 2399 ,
1788 2335 1902 2387 sive

316 2434 372 2488 in
401 2433 587 2488 eadem
611 2432 773 2485 animi
798 2429 1088 2500 pertinacia
1113 2428 1190 2483 illi
1214 2429 1470 2492 haereant,
1493 2442 1555 2480 ac
1583 2424 1900 2480 medicinam

316 2540 531 2579 omnem
558 2533 929 2594 aspernentur,
961 2523 1048 2592 qui
1083 2521 1182 2576 hos
1221 2529 1397 2574 motus
1444 2519 1670 2590 primum
1707 2517 1904 2588 injece-

316 2625 462 2680 runt,
491 2615 584 2669 tibi
612 2626 757 2670 certe
784 2615 854 2668 ob
881 2614 1023 2669 hunc
1067 2614 1301 2668 animum
1330 2653 1344 2677 ,
1369 2623 1422 2668 et
1471 2610 1612 2682 quod
1636 2627 1696 2666 ea
1725 2611 1901 2665 omnia

315 2723 436 2779 qua:
468 2707 542 2761 tui
567 2705 803 2761 muneris
839 2715 990 2760 erant
1017 2705 1308 2760 contuleris
1331 2744 1346 2770 ,
1375 2701 1532 2774 plena
1558 2711 1611 2757 et
1635 2702 1903 2756 cumulata

317 2814 524 2855 merces
565 2799 684 2852 erit.
712 2801 788 2852 Ac
811 2808 1091 2869 propterea
1122 2798 1237 2851 sine
1265 2796 1369 2849 ulla
1417 2795 1812 2850 intermissione
1853 2803 1904 2848 te

317 2893 531 2946 beatum
562 2890 792 2961 prmdico
829 2905 892 2944 ac
924 2887 1181 2959 suspicio,
1214 2885 1519 2959 gratiasque
1542 2886 1631 2939 tibi
1656 2901 1772 2954 ago.
1805 2886 1904 2938 At-

316 2999 421 3054 que
441 2986 600 3038 etiam
629 2983 818 3038 vellem
847 2983 1084 3037 crebrius
1116 2981 1243 3035 mihi
1267 2979 1499 3036 scribere
1523 2981 1703 3034 liceret
1732 2998 1746 3035 :
1775 2993 1908 3048 quo-

318 3077 459 3130 niam
480 3084 656 3130 autetn
684 3075 843 3143 hujus
869 3075 968 3130 loci
996 3117 1011 3140 ,
1043 3089 1149 3144 quo
1171 3074 1453 3128 conclusus
1484 3083 1686 3138 teneor,
1717 3071 1906 3125 SoILtu-

317 3167 388 3221 do
410 3167 538 3221 mihi
573 3167 673 3222 hoe
699 3168 928 3232 ademit,
975 3167 1173 3222 idcirco
1226 3181 1398 3233 nunc,
1427 3181 1548 3221 cum
1592 3166 1721 3220 mihi
1753 3180 1909 3220 reve-

320 3259 624 3314 rendissimi
685 3275 746 3313 ac
784 3257 1173 3329 religiosissimi
1211 3257 1412 3312 domini
1457 3257 1563 3311 mei
1613 3255 1910 3328 presbyteri

319 3359 558 3421 potestas
587 3351 722 3404 facta
751 3359 862 3413 est.
910 3359 965 3404 et
1001 3350 1198 3414 scribo,
1227 3357 1280 3403 et
1309 3363 1468 3419 quam
1510 3347 1680 3402 debeo
1706 3347 1908 3401 saluta-

323 3443 524 3497 tionem
552 3443 644 3496 tibi
680 3442 942 3512 persolvo.
971 3440 1103 3496 Nam
1122 3441 1301 3495 animo
1315 3440 1523 3511 quidem
1550 3455 1613 3494 ac
1642 3439 1910 3493 voluntate

322 3549 563 3605 persaepe
584 3535 770 3604 scripsi
795 3553 807 3590 :
828 3535 1028 3589 charta:
1052 3543 1229 3589 autem
1260 3543 1418 3603 atque
1443 3531 1722 3587 atramenti
1748 3544 1910 3600 opera

322 3641 465 3681 nunc
500 3627 767 3696 primunt:
795 3627 1046 3696 quoniam
1072 3627 1276 3681 scilicet
1304 3640 1443 3679 nunc
1481 3625 1639 3680 etiam
1677 3623 1910 3693 primum

325 3716 637 3784 hominem,
683 3717 771 3788 qui
799 3717 866 3771 ad
910 3733 1006 3773 vos
1035 3717 1477 3785 proficisceretur,
1535 3726 1721 3770 nactus
1770 3731 1909 3769 sum.

323 3810 456 3864 Cum
479 3811 636 3880 igitur
656 3809 816 3876 hunc,
841 3821 896 3864 ιιι
926 3810 1226 3864 humanitas
1254 3819 1340 3863 tua
1392 3810 1583 3878 poscit,
1614 3801 1910 3876 eaeeperis,

323 3919 571 3974 eamque,
600 3919 758 3973 quam
781 3905 1050 3968 convenit,
1079 3917 1204 3972 erga
1230 3916 1351 3954 eum
1373 3899 1649 3954 cnritatem
1692 3899 1916 3952 demon—

327 3994 602 4056 straveris,
637 3993 738 4049 hoc
764 3994 811 4049 ei
835 3994 950 4059 des,
1001 4009 1204 4064 quaeso,
1229 4002 1286 4046 ut
1331 4007 1396 4046 ex
1429 4000 1516 4044 tua
1545 3989 1914 4044 benevolentia

325 4087 532 4156 ingenti
561 4087 830 4155 voluptate
877 4085 1158 4139 afficiatur.
1201 4083 1317 4137 Non
1353 4083 1494 4137 enim
1527 4096 1732 4150 magna:
1760 4079 1916 4149 hujus

325 4193 604 4243 atrutnnaa,
647 4193 804 4247 quam
859 4177 912 4231 in
954 4177 1144 4230 itinere
1188 4175 1460 4229 subiturus
1513 4180 1596 4226 est
1623 4213 1638 4238 ,
1671 4171 1914 4240 exiguam

325 4268 752 4321 consolationem
804 4266 1052 4332 habebit,
1087 4265 1210 4320 sici
1265 4273 1351 4318 tua
1399 4262 1770 4318 benevolentia
1817 4261 1916 4314 frui

325 4359 622 4428 contingat.
651 4357 782 4412 Nam
809 4357 949 4426 quod
978 4356 1105 4410 nihil
1133 4371 1352 4411 necesse
1371 4355 1440 4409 sit
1463 4353 1738 4410 admoneri
1766 4368 1862 4408 vos
1887 4367 1918 4406 a

330 4452 488 4504 nobis
514 4491 530 4516 ,
581 4460 638 4502 ut
665 4449 730 4502 ad
760 4437 1120 4503 Ecclesiarutn
1174 4448 1454 4501 utilitatem
1501 4443 1916 4515 promovendam

330 4557 604 4597 summum
651 4542 884 4596 studium
929 4555 992 4596 ac
1041 4541 1370 4611 diligentiam
1415 4539 1732 4604 adhibentis,
1761 4538 1922 4592 rebus

331 4637 464 4706 ipsis
494 4637 711 4706 planum
737 4635 958 4691 fecistis.

334 4769 529 4824 CLXI.
562 4768 806 4824 Romanis
835 4769 1136 4840 presbyteris
1160 4811 1176 4836 ,
1221 4769 1308 4839 qui
1333 4785 1448 4822 cum
1497 4768 1747 4839 episcOpis
1777 4783 1925 4822 vene-

673 4872 811 4917 rant.
835 4861 854 4934 (
880 4865 1056 4928 Anno,
1087 4871 1142 4916 ut
1170 4870 1399 4931 putatur,
1421 4860 1541 4916 406.
1565 4862 1584 4932 )

409 5000 706 5056 Plurimum
737 4998 937 5054 laboris
969 5013 1033 5053 ac
1083 4997 1294 5053 sudoris
1343 4997 1600 5066 subiistis,
1635 5007 1739 5053 tam
1771 4999 1926 5068 longa

340 5103 390 5148 et
421 5093 626 5146 marina
671 5090 1097 5162 peregrinatione
1117 5099 1357 5160 suscepta
1395 5107 1623 5146 :verum
1679 5107 1782 5146 non
1832 5108 1928 5163 pro

339 5185 558 5241 caducis
601 5199 664 5240 ac
697 5183 970 5253 lragilibus
1019 5183 1245 5254 hujusce
1292 5185 1415 5258 vita:
1465 5185 1656 5251 rebus,
1689 5185 1784 5241 sed
1833 5202 1928 5256 pro

345 5277 704 5332 l'leclesiarum
735 5276 963 5330 utilitate
987 5315 1002 5342 ,
1025 5291 1123 5346 pro
1149 5291 1250 5346 qua
1300 5275 1512 5345 prtetnia
1541 5293 1752 5348 quoque
1778 5293 1804 5330 a
1839 5278 1930 5334 be-

345 5371 511 5438 nigno
565 5367 677 5423 Deo
727 5367 998 5422 laboribus
1034 5370 1202 5423 multo
1235 5369 1436 5440 majora
1481 5381 1640 5440 atque
1668 5375 1924 5442 ampliora

347 5460 609 5516 referetis.
643 5459 999 5526 Quamobrem
1030 5470 1082 5515 et
1133 5461 1282 5516 vobis
1329 5471 1384 5517 et
1437 5463 1592 5517 nobis
1641 5474 1818 5519 vester
1848 5466 1934 5521 hic

351 5555 522 5614 labor.
545 5563 888 5623 vestrumque
917 5554 1147 5608 studium
1198 5571 1303 5609 non
1359 5571 1536 5626 parva:
1576 5558 1934 5615 consolationi

350 5661 431 5702 est
455 5665 468 5700 :
496 5646 645 5700 vobis
674 5643 959 5711 nimirum,
983 5645 1124 5716 quod
1170 5662 1266 5716 pro
1297 5657 1374 5703 tot
1405 5649 1760 5707 Ecelesiarum
1806 5667 1934 5721 pace

357 5740 664 5814 praedarum
697 5739 795 5794 hoc
818 5746 1086 5796 certamen
1113 5741 1440 5813 suscepistis,
1472 5743 1744 5818 multoque
1766 5744 1934 5817 majo-

1721 284 2091 342 EPISTOLE.

3477 298 3582 355 706

1999 416 2086 456 res
2107 416 2338 458 coronas
2372 409 2644 476 accepturi
2672 411 2839 465 estis:
2871 411 3024 466 nobis
3046 421 3244 478 autem,
3279 412 3421 483 quod
3462 423 3583 469 tan-

1999 499 2105 546 tam
2153 508 2184 547 a
2213 495 2367 550 vobis
2413 501 2688 555 caritatem
2714 503 3027 571 consequuti
3055 518 3257 568 sumus,
3290 504 3584 574 ingensque

1997 592 2075 640 tot
2102 596 2156 640 et
2184 594 2452 646 tantorum
2475 593 2711 648 virorum
2733 594 2964 648 studium
2991 594 3349 650 obtinuimus:
3380 614 3585 667 nosque

1995 677 2116 742 etsi,
2143 691 2404 751 quantum
2431 683 2497 737 ad
2524 699 2718 754 corpus
2743 686 2935 739 attinet
2953 728 2968 750 ,
3002 695 3148 740 tanto
3179 687 3383 742 itineris
3414 690 3582 743 inter-

1998 768 2188 827 valloa
2215 773 2368 828 vobis
2395 775 2711 843 disjunctos,
2758 778 3070 832 arctissimis
3094 780 3330 834 caritatis
3359 781 3584 838 vinculis

1997 863 2276 918 vobiscum
2318 865 2702 922 adstrinxistis.
2751 869 3089 940 Quapropter
3137 873 3378 942 ingentes
3432 876 3584 932 vobis

1997 958 2195 1025 gratias
2243 957 2536 1026 habemus,
2593 971 2928 1033 vestramque
2979 980 3103 1034 erga
3135 981 3232 1020 nos
3263 966 3584 1023 benevolen-

1999 1047 2124 1102 tiam
2151 1049 2446 1119 praédicare
2467 1067 2570 1106 non
2593 1053 2906 1110 desinimus.
2929 1055 3258 1127 Quamquam
3291 1059 3430 1114 enim
3464 1076 3581 1116 eam

1999 1138 2112 1209 ipsa
2136 1157 2346 1212 quoque
2368 1158 2548 1198 rerum
2581 1159 2680 1200 vox
2711 1146 2907 1200 clamat
2937 1165 2950 1201 :
2977 1157 3151 1204 tamen
3201 1166 3298 1205 nos
3330 1152 3452 1205 item
3476 1154 3576 1207 litt-

1999 1243 2097 1297 gua
2127 1241 2307 1285 nostra
2339 1232 2480 1288 idem
2511 1234 2724 1290 efﬁcere
2752 1252 2859 1290 non
2907 1237 3322 1294 intermittimus.
3348 1241 3498 1308 Quod
3538 1243 3582 1298 si

2000 1335 2140 1374 nunc
2172 1321 2396 1390 primam
2424 1324 2488 1378 ad
2533 1340 2626 1379 vos
2654 1328 2983 1396 scripsimus,
3018 1329 3120 1383 hoc
3169 1347 3274 1385 non
3306 1333 3580 1403 negligeu-

2002 1413 2092 1478 tia,
2115 1415 2207 1468 sed
2231 1415 2332 1468 loci
2354 1416 2566 1470 solitudi
2595 1434 2639 1472 :e
2665 1419 2855 1472 factmn
2879 1428 2978 1474 est.
3004 1421 3152 1475 Nune
3181 1423 3396 1491 quippe,
3430 1433 3576 1494 post-

2000 1518 2223 1572 eaquam
2261 1507 2764 1561 reveretulissimum
2808 1523 2870 1562 ac
2912 1511 3369 1579 religiosissimum
3407 1513 3582 1569 domi.-

2003 1611 2128 1649 num
2175 1612 2351 1650 meum
2386 1600 2752 1669 presbyterum
2785 1615 2850 1654 eo
2882 1600 2968 1655 ubi
3008 1603 3198 1673 degitis
3245 1606 3588 1672 proﬁciscen-

2004 1693 2109 1740 tem
2141 1688 2278 1741 nacti
2309 1704 2514 1754 sumus,
2572 1700 2678 1743 tum
2733 1705 2874 1758 eam,
2923 1709 3081 1762 quam
3116 1694 3264 1750 vobis
3289 1695 3545 1753 debemus
3569 1739 3584 1764 ,

2001 1776 2376 1831 salutationem
2425 1779 2804 1846 persolvimus,
2841 1791 2948 1834 tum
3002 1798 3094 1836 vos
3130 1800 3369 1850 oramus,
3423 1797 3479 1841 ιιι
3523 1806 3584 1843 ea

2001 1869 2224 1923 caritate
2254 1911 2270 1936 ,
2326 1886 2445 1940 qua:
2488 1872 2638 1925 vobis
2691 1872 2847 1942 digna
2879 1882 2997 1938 est,
3053 1875 3224 1944 ipsum
3271 1879 3584 1948 excipiatis:

2001 1974 2231 2029 cumque
2255 1972 2572 2024 revertetur.
2601 1964 2668 2018 de
2699 1977 2872 2020 veStra
2895 1968 3218 2035 valetudine,
3244 1969 3312 2024 de
3335 1987 3436 2041 qua
3486 1974 3588 2027 ali-

2002 2049 2128 2119 quid
2162 2051 2463 2122 intelligere
2493 2069 2834 2126 summopere
2877 2058 3120 2126 cupimus
3147 2099 3161 2122 ,
3208 2062 3465 2117 certiores
3493 2080 3590 2120 nos

2003 2139 2230 2196 faciatis.
2263 2143 2527 2200 Utantem
2554 2161 2692 2209 eam,
2726 2164 2883 2218 quam
2907 2150 3156 2204 convenit
3187 2151 3498 2207 industriam
3528 2171 3592 2210 ac

2005 2232 2335 2305 diligentiam
2376 2238 2443 2292 ad
2467 2255 2584 2292 eam
2628 2255 2761 2304 rem,
2788 2239 2858 2294 ob
2882 2256 3040 2310 quam
3069 2244 3309 2309 venistis,
3341 2247 3594 2300 adhibea-

2007 2324 2094 2388 tis,
2128 2327 2324 2382 nullius
2349 2330 2745 2386 submonitinne
2775 2332 2927 2388 vobis
2974 2351 3109 2404 opus
3154 2351 3273 2391 esse
3300 2339 3548 2392 existimo
3576 2356 3592 2392 :

2005 2416 2164 2486 idque
2193 2435 2286 2487 per
2312 2420 2362 2473 id
2393 2421 2650 2490 studium,
2679 2423 2822 2494 quod
2853 2435 3109 2497 perpetuo
3139 2443 3247 2496 prae
3276 2429 3426 2482 vobis
3470 2429 3593 2483 tuli-

2005 2509 2122 2575 stis,
2157 2512 2434 2580 perSpicue
2461 2513 2790 2568 declat-ustis.

2009 2622 2234 2678 CLXII.
2266 2627 2456 2696 Anysio
2509 2625 2945 2682 Tltessolonicensi
2985 2630 3239 2701 episcOpo.
3287 2630 3515 2703 (Anno.
3539 2643 3595 2688 ut

2596 2727 2831 2787 punitur,
2847 2719 3002 2789 406.)

2080 2829 2214 2884 Sero
2238 2828 2451 2899 quidem
2491 2845 2553 2884 ae
2584 2829 2735 2885 tarde
2789 2830 2855 2885 ad
2903 2841 2954 2886 te
3002 2832 3319 2903 scripsimus
3351 2843 3443 2889 :at
3488 2852 3595 2890 non

2010 2931 2203 2990 sponte
2231 2933 2410 2974 nostra
2457 2923 2709 2985 diuturno
2737 2923 2841 2978 hoc
2879 2925 3095 2978 silentio
3142 2925 3224 2979 usi
3249 2941 3456 2994 sumus,
3506 2943 3598 2981 ve-

2011 3030 2125 3067 rum
2152 3015 2222 3067 ob
2252 3014 2352 3066 loci
2373 3057 2387 3079 ,
2431 3030 2539 3084 quo
2567 3015 2755 3069 inclusi
2784 3023 3052 3082 tenemur,
3085 3017 3454 3084 solitudinem,
3488 3033 3595 3073 non

2010 3115 2187 3160 autem
2234 3107 2302 3160 ob
2346 3107 2644 3160 socordiam
2688 3107 2738 3160 in
2785 3117 2834 3161 te
2886 3108 3050 3161 ullam
3102 3123 3165 3164 ac
3205 3109 3597 3179 negligentiam.

2011 3195 2162 3250 Nunc
2214 3197 2411 3266 quippe
2472 3197 2975 3250 reverendissimum
3029 3212 3093 3252 ac
3140 3199 3599 3268 religiosissimum

2012 3287 2286 3341 dominum
2310 3304 2490 3342 meum
2517 3290 2887 3358 presbyterum
2915 3290 3076 3352 nacti,
3103 3306 3260 3361 quam
3279 3292 3600 3361 jampridem

2012 3377 2271 3433 debemus
2301 3379 2673 3432 salutationem
2709 3379 2798 3432 tibi
2831 3381 3182 3448 persolvimus
3209 3423 3223 3447 ,
3254 3381 3603 3453 ingentesque

2013 3485 2110 3541 pro
2131 3485 2190 3524 ea
2221 3469 2568 3525 contentione
2595 3485 2658 3524 ac
2686 3470 3018 3534 fortitudine,
3051 3488 3208 3542 quam
3244 3473 3602 3528 Ecclesiaruut

2013 3579 2173 3619 causa
2207 3563 2499 3634 przestitiSIi
2529 3605 2544 3630 ,
2591 3565 2788 3633 gratias
2829 3567 3055 3635 agimus.
3101 3566 3231 3622 Cum
3276 3569 3432 3638 igitur
3459 3585 3600 3634 eum,

2015 3653 2463 3709 reverendissime
2491 3656 2559 3708 mi
2583 3654 2816 3721 domine,
2857 3665 2912 3710 ut
2938 3657 3239 3711 humanitas
3269 3669 3352 3711 tua
3385 3662 3556 3726 poscit
3583 3702 3598 3724 ,

2015 3745 2330 3816 exceperis,
2381 3761 2605 3814 eamque
2629 3788 2643 3810 ,
2694 3762 2852 3816 quam
2897 3747 3172 3813 convenit,
3206 3750 3511 3804 comitatem
3550 3761 3607 3806 et

2019 3835 2404 3890 humanitatem
2457 3851 2582 3905 erga
2635 3851 2756 3890 eum
2807 3836 3149 3903 ostenderis,
3201 3855 3268 3894 ne
3323 3840 3504 3896 labore
3553 3854 3605 3897 te

2017 3927 2188 3998 frangi
2219 3945 2280 3982 ac
2303 3929 2566 3982 debilitari
2589 3928 2756 3996 sinas,
2788 3938 2948 3998 atque
2969 3931 3255 3998 quominus
3283 3949 3368 3997 ea,
3397 3951 3514 4005 qua-
3538 3936 3602 3990 ad

2019 4035 2358 4074 communem
2391 4020 2749 4074 Ecclesiarum
2783 4022 3171 4076 correctionem
3210 4025 3455 4091 attinent,
3487 4029 3608 4080 effi-

2019 4111 2130 4166 cias
2151 4126 2212 4166 ac
2235 4111 2489 4175 moliar-is,
2517 4110 2785 4180 itnpediri.
2833 4109 2951 4166 Scis
2976 4113 3118 4166 enim
3166 4124 3359 4183 quanta
3390 4116 3610 4186 hujusce

2023 4203 2120 4267 rei,
2154 4202 2196 4255 si
2220 4201 2472 4256 succedat
2506 4243 2522 4267 ,
2562 4200 2872 4271 magnitudo
2902 4203 3009 4266 sit,
3033 4219 3297 4274 quamque
3328 4208 3608 4262 multarunt

2025 4293 2384 4348 Ecclesiarum
2412 4307 2571 4347 causa
2597 4293 2913 4362 praeclarum
2941 4293 3042 4347 hoc
3071 4305 3342 4350 certamen
3375 4312 3402 4349 a
3431 4307 3481 4351 te
3521 4315 3610 4350 stt-

2023 4397 2262 4452 seeptum
2296 4385 2396 4437 sit:
2423 4399 2484 4436 ac
2507 4382 2735 4453 denique
2760 4395 2971 4452 quanta:
2999 4398 3095 4452 pro
3138 4385 3409 4442 laboribus
3440 4389 3612 4456 publi-

2023 4492 2102 4530 ca:
2135 4476 2280 4545 pacis
2299 4491 2458 4528 causa
2513 4474 2708 4532 subitis
2751 4489 2966 4530 corona:
2996 4475 3090 4530 tibi
3138 4493 3169 4530 a
3221 4477 3453 4548 benigno
3500 4479 3608 4535 Deo

2026 4566 2405 4622 recondantur.

2027 4685 2290 4740 CLXIII.
2332 4685 2520 4755 Anysio
2548 4727 2564 4751 ,
2619 4683 2865 4739 Numer-io
2885 4726 2900 4748 ,
2949 4684 3230 4740 Theodosio
3249 4729 3264 4753 ,
3319 4687 3565 4760 Eutrapio
3597 4733 3613 4756 ,

2099 4778 2392 4842 Eustathio,
2428 4777 2673 4830 Marcello
2698 4817 2714 4840 ,
2767 4775 3006 4844 Eusebio,
3066 4777 3381 4834 Maximiano
3403 4823 3416 4844 ,
3442 4781 3616 4853 Euge-

2100 4871 2207 4934 nio,
2237 4868 2476 4924 Gerontio
2509 4869 2550 4934 ¹,
2575 4878 2618 4920 et
2645 4866 2862 4937 Thyna,
2907 4877 3059 4937 atque
3105 4869 3337 4925 omnibus
3368 4870 3614 4929 Macedo-

2101 4962 2200 5016 nia:
2223 4960 2519 5014 orthodoxi:
2542 4958 2787 5028 episcopis
2813 4971 2836 5012 :
2856 4958 3047 5024 (Anno.
3067 4972 3114 5013 nt
3146 4969 3379 5028 putator,
3395 4963 3546 5036 406.)

2106 5076 2298 5145 lugens
2326 5082 2474 5128 certe
2498 5071 2779 5140 pristinum
2807 5086 3018 5141 quoque
3049 5081 3241 5127 vestra:
3263 5076 3499 5132 caritatis
3520 5088 3624 5133 stu-

2035 5171 2180 5224 dittm
2218 5168 2442 5224 exstitit.
2472 5165 2655 5237 quue
2680 5167 2897 5219 nomine
2921 5167 3116 5236 gratias
3145 5166 3294 5222 vobis
3319 5168 3576 5226 habemus
3604 5212 3620 5237 ,

2035 5263 2175 5333 quod
2201 5272 2306 5316 tam
2350 5259 2604 5314 diuturno
2651 5268 2914 5326 tempore,
2965 5273 3090 5312 cum
3147 5274 3239 5326 ea,
3268 5276 3384 5328 qua:
3413 5277 3442 5316 a
3473 5265 3624 5320 vobis

2039 5357 2429 5427 postulabatur,
2483 5351 2797 5406 fortitudine
2849 5351 3094 5416 stetistis,
3149 5353 3348 5407 nentini
3407 5372 3618 5423 eorum,

2038 5448 2128 5521 qui
2157 5465 2252 5504 vos
2273 5447 2337 5502 ad
2369 5462 2427 5500 se.
2457 5445 2697 5514 arripere
2733 5442 3088 5507 conabantur,
3120 5445 3395 5500 cedentes.
3441 5446 3624 5518 Itaque

2039 5558 2138 5598 vos
2168 5541 2466 5602 hortamur,
2511 5548 2568 5592 ut
2597 5553 2720 5592 eum
2772 5537 2931 5592 etiam
2959 5578 2972 5600 ,
3005 5552 3163 5607 quem
3198 5553 3291 5608 par
3320 5549 3422 5604 est,
3467 5539 3623 5593 ﬁnem

2042 5633 2345 5706 imponatis.
2379 5631 2510 5686 Nam
2539 5644 2644 5702 quo
2673 5630 2854 5700 plures
2877 5631 3037 5684 vestri
3079 5629 3291 5686 labores
3321 5628 3535 5696 fuerint,
3556 5645 3622 5686 eo

2103 5758 2117 5787 ¹
2147 5753 2366 5816 Cuisiin,
2395 5753 2602 5820 Georgio
2625 5753 2887 5820 (Γιωργῖῳὶ
