4064 6218
480 362 582 421 707

479 482 639 535 etiam
663 472 835 544 major
863 484 1074 528 merces
1099 476 1261 541 alque
1300 467 1565 539 ampliora
1597 466 1816 538 prmmia
1847 482 1876 521 a
1915 467 2068 522 beni-

481 583 587 640 gno
618 569 728 623 Deo
762 565 1082 621 referentur.
1113 562 1193 618 Ac
1230 560 1424 616 vellem
1447 560 1663 630 quidem
1695 557 1853 616 nobis
1887 568 2069 617 vestro

481 674 689 730 quoque
714 664 1005 727 coxiSpectu
1027 652 1129 709 frui
1154 653 1392 709 daretur.
1423 652 1688 721 Quoniam
1715 662 1892 708 autem
1915 653 2061 708 exsi-

480 753 535 806 lii
557 749 771 806 vincula
800 748 905 803 hoc
926 745 1081 801 nobis
1119 744 1456 799 abstulerunt
1476 786 1490 811 ,
1522 753 1683 814 atque
1714 744 1766 797 in
1794 758 1900 798 uno
1940 743 2062 799 loco

479 843 884 907 concluserunt,
916 839 1425 896 rcverendissimum
1449 853 1513 893 ac
1545 837 1938 909 pientissimum
1966 836 2070 893 do-

480 936 681 991 minum
714 949 892 990 meum
934 932 1303 1004 presbyterum
1333 930 1595 996 misimus,
1626 943 1690 986 ac
1730 943 1828 999 per
1854 930 2025 1000 ipsum
2050 968 2067 996 ,

478 1042 642 1098 quam
672 1024 953 1088 debemus,
980 1023 1358 1079 salutationem
1388 1020 1540 1077 vobis
1569 1020 1928 1092 persolvimus
1960 1038 1974 1074 :
2000 1020 2069 1074 il-

480 1119 679 1190 ludque
716 1117 869 1171 vobis
905 1115 1288 1186 significamus,
1320 1128 1419 1170 nos
1465 1112 1721 1185 plurimas
1775 1120 1936 1183 atque
1983 1111 2070 1167 in-

482 1218 671 1280 gentes
712 1208 830 1263 sine
872 1206 980 1262 ulla
1019 1206 1419 1262 intermissione
1444 1204 1595 1264 vobis
1644 1203 1847 1275 gratias
1872 1218 2068 1275 agere:

481 1310 645 1373 atque
669 1317 698 1355 a
728 1300 879 1355 vobis
908 1308 1111 1370 petere,
1150 1308 1211 1354 ut
1254 1314 1351 1368 pro
1391 1297 1643 1353 diuturno
1687 1298 1902 1353 silentio
1923 1338 1939 1361 ,
1966 1312 2073 1367 quo

481 1391 712 1447 antehac
740 1390 823 1445 usi
857 1406 1042 1447 sumus
1066 1430 1082 1455 ,
1131 1392 1339 1445 veniam
1397 1388 1551 1444 nobis
1597 1388 1864 1444 tribuatis.
1892 1387 2074 1459 Neque

482 1485 628 1539 enim
661 1482 824 1537 vestri
872 1490 1182 1551 contemptu
1223 1490 1383 1550 atque
1423 1480 1745 1550 negligentia
1769 1478 1967 1533 tamdiu
1994 1480 2073 1533 sio

480 1574 676 1629 luimus
705 1591 718 1627 :
747 1571 842 1628 sed
870 1572 992 1643 quia
1023 1587 1164 1626 nunc
1194 1571 1421 1640 primum
1447 1569 1719 1625 hominem
1747 1570 1836 1640 qui
1868 1585 1955 1637 eo,
1984 1570 2073 1625 tibi

483 1679 630 1719 nunc
656 1663 807 1718 vobis
833 1662 990 1718 sedes
1017 1669 1122 1724 est,
1160 1661 1612 1730 proiicisceretur,
1641 1670 1959 1731 nostrasque
2004 1660 2075 1715 li-

484 1766 631 1810 teras
655 1752 794 1809 ferre
822 1760 1026 1822 posset,
1056 1755 1194 1806 nacti
1225 1767 1432 1818 sumus,
1465 1751 1677 1806 tandem
1722 1750 1790 1806 ad
1818 1766 1914 1805 vos
1943 1751 2075 1805 scri-

485 1843 683 1910 bimus,
715 1843 952 1914 quidque
981 1858 1164 1897 rcrum
1192 1855 1464 1912 geramus,
1489 1841 1827 1911 exponimus.
1856 1841 2076 1896 Postea-

484 1951 643 2007 quam
668 1936 829 2006 igitur
854 1949 977 1990 eum
1023 1934 1237 1989 sincero
1278 1933 1442 1988 animi
1482 1932 1676 1989 ali'ectu
1709 1934 2028 2004 cxceperitis
2056 1974 2074 2000 ,

484 2027 643 2081 velim
668 2026 737 2082 de
766 2025 1071 2081 valetudine
1106 2037 1284 2082 vestra
1312 2041 1409 2081 nos
1435 2026 1694 2081 certiores
1726 2025 1953 2081 faciatis.
1994 2026 2078 2082 Si-

484 2118 700 2187 quidem
731 2134 798 2173 ex
838 2117 1145 2188 iiujusmodi
1176 2118 1368 2183 literis,
1396 2118 1555 2174 etiam
1585 2119 1637 2173 in
1670 2109 1770 2175 li‘ac
1790 2119 2077 2175 solitudine

486 2209 787 2280 constituti,
819 2210 1106 2265 maximam
1155 2209 1579 2266 consolationem
1602 2210 1836 2266 habituri
1867 2225 2075 2268 sumus.

555 2345 691 2399 CLX
699 2345 724 2399 1
739 2344 800 2400 γ.
830 2346 1121 2403 Alexandro
1137 2346 1365 2403 Corinthi
1382 2348 1635 2421 episcopo.
1653 2348 1831 2423 (Anno
1850 2348 2003 2422 406.)

558 2477 703 2532 Nosti
734 2494 892 2550 quam
918 2496 1042 2551 erga
1084 2489 1136 2536 te
1177 2482 1452 2537 caritatem
1500 2498 1609 2553 pra:
1638 2498 1724 2540 me
1759 2485 1995 2550 tulerim,
2023 2492 2080 2540 et

486 2584 593 2636 quo
642 2579 817 2638 pacto,
866 2571 1073 2624 etiamsi
1127 2572 1261 2638 milii
1299 2573 1485 2642 exigua
1533 2583 1706 2630 tecum
1749 2577 2078 2632 consuetudo

488 2660 665 2727 fuerit,
700 2663 770 2716 ιιιί
802 2671 976 2717 tamen
1022 2680 1205 2718 amore
1233 2673 1480 2736 tanquam
1508 2668 1729 2722 vinculis
1757 2669 2076 2738 quibusdam

485 2755 772 2812 adstrictus
796 2756 915 2810 sim.
951 2757 1131 2828 anue
1160 2757 1225 2813 de
1246 2774 1404 2814 causa
1427 2761 1717 2830 permirum
1748 2762 1877 2815 mihi
1906 2762 2076 2817 visum

484 2854 588 2911 est,
620 2854 673 2901 te
699 2857 803 2901 tam
838 2847 995 2917 longo
1027 2858 1270 2919 tempore
1316 2864 1383 2905 ne
1430 2851 1600 2906 semel
1646 2851 1861 2922 quidem
1893 2852 1958 2907 ad
1989 2868 2077 2908 me

484 2938 721 2993 scribere
748 2939 1085 2996 sustinuisse.
1116 2940 1194 2996 Ac
1224 2951 1277 2996 tu
1307 2940 1540 3012 quidem,
1566 2954 1648 2997 sat
1689 2943 1822 3010 scio,
1858 2943 2077 2999 tabella-

486 3028 684 3082 riorum
712 3028 986 3097 penuriam
1017 3032 1342 3096 eansaberis,
1390 3048 1566 3102 neque
1616 3034 1666 3088 id
1707 3035 1940 3090 alienum
1971 3043 2071 3090 est.

484 3116 616 3172 Nam
658 3119 757 3172 etsi
806 3120 955 3174 multi
1002 3120 1160 3175 istinc
1203 3122 1443 3187 veniunt,
1486 3138 1643 3177 nemo
1673 3133 1847 3180 tamen
1887 3141 2075 3179 eorum

486 3209 610 3269 huc,
643 3209 728 3263 ubi
758 3225 900 3266 nunc
928 3210 1171 3280 degimus
1203 3213 1242 3276 ⁸,
1274 3212 1425 3268 facile
1454 3214 1710 3270 accedere
1740 3225 1929 3285 potest.
1955 3216 2077 3271 Cm-

482 3308 680 3367 ternm,
708 3316 828 3354 cum
861 3317 927 3355 ne
961 3301 1127 3358 semel
1155 3303 1374 3373 quidem
1415 3303 1596 3359 literas
1630 3306 1724 3361 abs
1763 3315 1813 3361 te
1854 3322 2076 3377 accepe-

483 3393 606 3454 rim,
638 3392 737 3447 hac
765 3395 1108 3450 excusatione
1149 3396 1368 3451 minime
1393 3390 1511 3451 sum
1552 3407 1856 3453 contentus.
1892 3398 2074 3470 Neque

482 3485 624 3539 enim
657 3485 788 3554 ipse,
820 3499 941 3540 enm
973 3486 1039 3540 ad
1069 3487 1314 3541 eamdem
1342 3488 1743 3543 excusationem
1773 3489 1900 3543 milii
1945 3505 2076 3545 con-

482 3573 666 3644 fugi-re
692 3573 897 3643 liceret,
927 3577 1096 3641 tacui;
1121 3593 1301 3631 verum
1330 3578 1834 3633 rcverendissimum
1858 3596 1920 3633 ac
1948 3580 2076 3651 piis-

478 3667 673 3720 simum
703 3668 895 3734 virum,
923 3667 1195 3723 dominum
1227 3686 1402 3724 meum
1432 3672 1798 3742 presbyterum
1824 3673 2071 3741 excitavi,

478 3767 533 3810 et
559 3757 624 3809 ad
654 3768 704 3812 te
748 3759 889 3824 misi,
923 3770 978 3813 ut
1010 3768 1060 3814 te
1103 3761 1432 3828 conveniret,
1463 3773 1621 3832 atque
1666 3761 1800 3816 lianc
1836 3773 2071 3817 nostram

477 3849 849 3903 salutationem
889 3850 1188 3918 perferret,
1239 3851 1665 3922 valetudinisque
1707 3863 1830 3918 tute,
1874 3852 1939 3907 de
1969 3868 2071 3923 qua

476 3937 673 4006 aliluid
720 3939 1016 4010 intelligere
1055 3955 1396 4010 summopere
1436 3944 1612 4012 cupio,
1644 3950 1838 3997 statum
1876 3958 2074 4014 cogno-

476 4038 668 4081 sceret.
712 4028 1061 4099 Posteaquam
1093 4031 1252 4100 igitur
1292 4047 1413 4086 cum
1458 4032 1630 4087 amico
1670 4033 1871 4100 animo,
1902 4050 2073 4105 eaque

475 4133 580 4188 qua
610 4124 860 4174 convenit
891 4121 1238 4187 immanitate,
1270 4131 1519 4193 tanquam
1558 4124 1859 4179 membrum
1889 4140 2067 4179 memu

475 4212 841 4279 conspexeris,
861 4225 982 4266 cum
1013 4213 1077 4266 ad
1110 4228 1195 4268 me
1222 4229 1281 4268 se
1306 4215 1523 4280 referet,
1556 4214 1623 4269 de
1651 4223 1738 4269 tua
1768 4216 2070 4272 valetudine

474 4304 757 4355 certiorem
803 4318 888 4357 me
927 4302 1103 4358 facere
1133 4319 1221 4370 ne,
1250 4319 1453 4374 qumso,
1490 4305 1752 4375 graveris.
1792 4303 2066 4376 Siquidem

473 4394 645 4450 literae
681 4402 785 4448 tute
830 4396 1115 4450 maximam
1148 4395 1297 4461 mihi,
1330 4396 1490 4452 etiam
1521 4395 1577 4451 in
1616 4398 1904 4453 solitudine
1939 4413 2069 4453 con-

472 4486 679 4552 stituto,
711 4488 1131 4543 consolationem
1158 4488 1398 4544 allatum
1424 4498 1568 4544 sunt.

473 4619 615 4676 CLX
630 4619 692 4675 γ.
724 4620 989 4693 Ερὶδσορίε
1013 4625 1226 4693 quicum
1242 4623 1635 4679 occidentalibus
1656 4635 1911 4682 venerant.
1938 4625 2065 4695 (An-

964 4730 1054 4779 no,
1085 4723 1138 4767 ut
1168 4723 1406 4783 putatur,
1432 4714 1589 4785 406.)

545 4848 829 4905 Pristinam
861 4848 1076 4919 quidem
1100 4860 1331 4904 vestram
1361 4848 1523 4904 animi
1564 4849 2057 4920 promptitudinem,

473 4951 634 5011 atque
657 4943 911 5008 studium,
942 4943 1083 5012 quod
1116 4958 1209 5010 pro
1242 4942 1596 4997 Ecelesiarum
1625 4942 1923 4998 commodis
1952 4959 2064 5014 pra:

472 5032 626 5087 vobis
648 5034 861 5099 tuliwtis,
885 5034 1130 5089 admirati
1151 5049 1356 5089 sumus.
1378 5034 1730 5105 Posteaquam
1753 5044 1930 5090 autem
1954 5045 2060 5090 tam

471 5124 682 5192 longam
712 5126 1190 5194 peregrinationem
1234 5126 1450 5196 insuper
1485 5126 1777 5197 adjecistis,
1807 5127 2061 5197 omnique

467 5216 811 5270 cunctatione
840 5215 1068 5286 abjecta,
1100 5216 1241 5281 forti,
1270 5228 1325 5270 ut
1349 5232 1443 5271 vos
1471 5216 1713 5283 decebat,
1745 5218 1924 5271 animo
1952 5228 2058 5272 tam

468 5304 686 5374 longum
733 5307 833 5362 iter
877 5308 1210 5378 suscepistis,
1258 5324 1362 5363 non
1400 5309 1687 5379 vulgariter
1717 5309 1820 5365 hoc
1845 5325 2060 5380 quoque

472 5413 685 5451 tuumne
722 5414 815 5450 vos
842 5401 1160 5468 suspicimus
1184 5418 1196 5455 :
1222 5417 1320 5455 nec
1350 5401 1522 5464 vobis,
1568 5411 1677 5455 tum
1708 5418 1848 5456 nunc
1873 5418 1967 5471 per
1993 5402 2059 5455 li-

468 5497 628 5553 teras,
660 5500 770 5541 tum
797 5491 926 5542 citra
958 5491 1157 5554 literas,
1186 5492 1383 5560 gratias
1417 5508 1574 5562 agere
1606 5491 1919 5546 desinimus.
1950 5491 2059 5545 Nec

467 5592 592 5632 vero
624 5595 720 5632 nos
748 5578 1044 5645 dumtaxat,
1088 5581 1182 5635 sed
1221 5583 1380 5636 etiam
1428 5584 1718 5637 orientales
1746 5597 1932 5637 omnes
1957 5581 2056 5638 ad-

476 5672 759 5730 tniratione
800 5681 1052 5728 tenentur
1080 5686 1377 5744 veSIrzeque
1420 5676 1682 5731 firmitatis
1734 5686 1895 5747 atque
1924 5692 2056 5732 con-

531 5804 548 5844 λ
579 5805 800 5873 Coisiin.,
827 5806 906 5860 ubi
929 5819 1053 5860 nunc
1078 5806 1423 5859 concludiinnr.

1291 354 1348 410 S.
1379 352 1660 411 JOANNIS
1694 351 2071 410 CHRYSOST.
2111 353 2434 411 ARCHIEP.
2474 355 3016 413 CONSTANTINOP.

3663 366 3776 423 708

2176 469 2406 537 stantia,
2437 469 2803 542 ferventisque
2837 471 3080 528 caritatis
3124 481 3181 529 et
3222 472 3462 532 immota
3489 479 3779 538 sententia:

2174 579 2450 635 pulmones
2474 576 2615 621 sunt.
2648 567 2726 622 Ac
2768 582 2869 624 nec
2910 567 3118 623 itineris
3163 568 3625 641 longinquitatem,
3670 589 3778 629 nec

2177 655 2619 726 peregrinationis
2660 668 2955 712 aerumnam
2984 659 3095 714 uiio
3122 660 3284 716 modo
3307 675 3523 732 gravem
3556 672 3613 719 et
3651 680 3779 721 mo-

2133 787 2141 794 .
2177 745 2365 801 lestam
2392 762 2513 803 esse
2540 748 2759 812 ducunt,
2784 759 2849 803 ut
2872 750 2939 805 ad
2966 765 3062 806 vos
3090 762 3380 809 excurrant
3403 770 3467 811 ac
3494 765 3572 811 tot
3594 764 3774 813 vestra

2177 838 2432 908 praeclara
2471 837 2610 893 facta
2636 840 2990 910 conspiciant.
3035 842 3267 913 ideoque
3289 846 3780 906 reverendissimus

2175 937 2231 984 et
2262 928 2536 1000 piissimus
2560 929 2810 986 dominus
2832 945 2984 988 meus
3008 935 3306 1006 presbyter,
3333 937 3546 993 etiamsi
3573 940 3775 1011 alioqui

2178 1034 2363 1090 parum
2397 1021 2551 1077 firmo
2575 1036 2803 1093 corpore
2842 1023 3119 1094 praeditus,
3150 1026 3283 1081 nihil
3311 1042 3418 1083 non
3463 1030 3564 1087 sibi
3596 1030 3779 1102 perfe—

2177 1111 2404 1167 rendum
2447 1114 2684 1183 putavit,
2724 1123 2785 1170 ut
2825 1117 2894 1173 ad
2923 1132 3018 1172 vos
3047 1132 3107 1174 se
3148 1117 3441 1187 conferret,
3487 1132 3784 1196 vestroque

2177 1215 2468 1275 conspectu
2520 1216 2681 1278 atque
2724 1221 3018 1280 congressu
3068 1208 3361 1267 frueretur.
3419 1211 3783 1286 Posteaquam

2180 1296 2340 1366 igitur
2364 1297 2560 1367 ipsum,
2598 1307 2659 1354 ut
2683 1308 2864 1355 vestra
2908 1302 3104 1357 caritas
3149 1303 3402 1372 postulat,
3431 1308 3783 1376 exceperitis,

2179 1387 2311 1443 illud
2332 1403 2362 1441 a
2392 1389 2545 1443 vobis
2574 1390 2825 1460 petimus,
2849 1403 2908 1446 ut
2946 1394 3158 1448 etiamsi
3203 1395 3341 1450 mala
3381 1395 3781 1467 ingravescant,

2183 1497 2279 1538 vos
2309 1492 2484 1555 tamen
2511 1483 2577 1538 iis
2604 1483 2926 1540 medicinam
2945 1484 3140 1541 ali‘erre
3159 1502 3229 1542 ne
3252 1490 3569 1558 gravemini,
3587 1505 3783 1547 verum

2183 1588 2364 1643 parem
2395 1574 2563 1628 initiis
2607 1574 2766 1629 linem
2795 1575 3100 1647 imponatis.
3151 1577 3311 1634 Scitis
3339 1581 3482 1635 enim
3522 1590 3783 1651 quantam

2183 1664 2333 1719 vobis
2359 1664 2620 1737 benignus
2669 1667 2807 1722 Deus
2832 1668 3136 1724 mercedem
3174 1671 3439 1727 relaturus
3472 1673 3562 1739 sit,
3592 1674 3639 1729 si
3683 1691 3787 1744 pro

2185 1764 2263 1810 tot
2291 1754 2545 1812 Ecclesiis
2571 1759 2894 1828 perturbatis
2927 1760 3207 1829 laborctis,
3236 1762 3476 1833 nihilque
3494 1766 3782 1832 omittatis,

2183 1864 2291 1920 quo
2319 1864 2411 1905 eas
2436 1849 2502 1904 ad
2535 1840 2880 1922 tranquillum
2911 1860 3123 1923 portum
3146 1854 3446 1924 appellatis.

2184 2003 2324 2061 CLX
2339 2004 2433 2060 Vl.
2476 2005 2765 2078 Episcopis,
2819 2009 2909 2080 qui
2952 2024 3066 2063 cum
3095 2009 3486 2065 occidentalibus
3530 2013 3787 2084 episcopis

2432 2108 2672 2154 venerant
2698 2100 2735 2154 ¹.
2774 2097 2976 2172 (Anno,
3006 2109 3061 2155 ut
3091 2104 3324 2171 putatur,
3353 2101 3508 2169 406.)

2256 2250 2443 2323 Magna
2474 2251 2692 2325 quidem
2732 2268 2795 2310 ac
2835 2255 3088 2325 prmciara
3125 2270 3189 2310 ea
3220 2272 3431 2327 quoque
3461 2268 3605 2322 sunt,
3659 2276 3786 2329 qum

2184 2345 2333 2416 prius
2361 2346 2582 2410 fecistis,
2614 2362 2809 2418 nempe
2839 2348 2982 2419 quod
3019 2347 3217 2419 justam
3257 2351 3543 2421 virtutique
3586 2363 3788 2408 vestra:

2184 2444 2620 2505 consentaneum,
2652 2438 2723 2493 ob
2746 2454 2810 2494 ea
2855 2440 2992 2493 mala
3028 2456 3149 2510 quae
3194 2449 3272 2495 tot
3312 2440 3581 2497 Ecclesias
3615 2459 3787 2497 occu-

2185 2538 2398 2600 parunt,
2456 2530 2876 2602 indignationem
2921 2534 3245 2602 concepislis
3284 2550 3575 2604 carumque
3610 2537 3787 2591 vicem

2183 2620 2431 2677 doluistis
2472 2640 2486 2678 :
2520 2638 2695 2693 neque
2730 2622 2815 2677 liic
2863 2623 3085 2694 gradum
3138 2623 3347 2691 fixistis,
3393 2641 3578 2679 verum
3619 2628 3786 2682 etiam

2158 2728 2304 2783 ,qnai
2329 2713 2565 2768 muneris
2585 2714 2749 2769 vestri
2774 2716 2909 2768 ratio
2938 2713 3260 2784 postulabat,
3295 2715 3391 2784 ipsi
3424 2717 3783 2785 prastitistis.

2184 2805 2315 2861 Illud
2344 2816 2522 2861 autem
2551 2806 2708 2878 longe
2729 2808 3016 2862 maximum
3039 2823 3101 2862 ac
3123 2809 3612 2877 pratciarissimum,
3639 2811 3787 2880 quod

2185 2912 2327 2953 nunc
2352 2913 2380 2951 a
2410 2898 2560 2953 vobis
2591 2898 2787 2954 factum
2819 2909 2920 2965 est,
2954 2900 3205 2953 nimirum
3235 2900 3376 2969 quod
3404 2901 3782 2971 unusquisque

2183 2997 2419 3044 vestrum
2445 2989 2754 3045 domesticis
2783 2990 3003 3045 sedibus
3034 2990 3230 3045 relictis
3255 3002 3358 3045 tam
3387 2992 3599 3061 longam
3627 3009 3786 3061 pere-

2183 3082 2543 3152 grinationem
2574 3083 2709 3147 iniit,
2743 3090 2907 3152 atque
2938 3083 2989 3136 in
3017 3092 3198 3137 extera
3229 3085 3446 3153 regione
3470 3099 3785 3138 commora-

2185 3180 2290 3237 tur,
2320 3187 2385 3228 ac
2428 3188 2523 3242 pro
2555 3172 2912 3229 Ecclesiarum
2953 3174 3178 3230 utilitate
3219 3176 3486 3230 diuturutc
3535 3178 3784 3247 peregri-

2184 3266 2416 3321 nationis
2460 3265 2670 3321 labores
2709 3266 2916 3322 suil‘crt.
2971 3268 3048 3322 Ac
3079 3279 3357 3337 propterea
3401 3268 3556 3321 vobis
3583 3270 3785 3339 gratias

2182 3371 2362 3428 agere,
2385 3371 2583 3428 vosque
2609 3357 2678 3413 ob
2709 3367 2787 3413 tot
2812 3373 2875 3413 ac
2906 3368 3048 3413 tanta
3088 3360 3326 3430 przcmia,
3371 3376 3492 3428 qum
3534 3358 3639 3414 hoc
3685 3376 3782 3414 no-

2183 3447 2327 3503 mine
2354 3450 2491 3504 Deus
2516 3448 2667 3505 vobis
2692 3465 2790 3520 pro
2829 3465 2924 3505 sna
2956 3450 3279 3520 benignitate
3308 3451 3576 3516 l'L‘Ctillllll,
3602 3452 3782 3507 admi-

2181 3540 2291 3594 rari
2315 3554 2379 3594 ac
2404 3539 2590 3595 beatos
2621 3541 2914 3610 pra-dicare
2941 3558 3044 3595 non
3071 3541 3384 3596 desinimus.
3416 3543 3494 3596 Ac
3521 3545 3781 3613 quoniam

2181 3646 2282 3686 nos
2312 3648 2411 3687 nec
2438 3633 2506 3686 ob
2532 3634 2798 3700 exsilium,
2825 3650 2930 3704 quo
2957 3650 3097 3688 nunc
3136 3650 3469 3698 coercenmr,
3497 3635 3779 3689 vobiscum

2181 3725 2404 3789 versari,
2439 3740 2541 3779 nec
2569 3726 2717 3791 itetn,
2746 3726 2909 3794 quod,
2952 3727 3036 3780 cui
3065 3727 3245 3781 literas
3273 3725 3483 3787 dcnms,
3518 3727 3664 3780 haud
3701 3728 3779 3781 fa-

2180 3814 2282 3869 cile
2322 3816 2702 3879 nanciscimur,
2743 3817 2957 3872 assidue
2986 3818 3052 3871 ad
3082 3833 3179 3871 vos
3222 3819 3457 3872 SCl'lbt'l'C
3489 3834 3781 3888 pessumus

2183 3904 2327 3975 (nam
2354 3905 2548 3975 alioqui
2589 3907 2858 3960 literarum
2892 3906 3185 3977 frequentia
3217 3924 3307 3961 vos
3335 3907 3733 3981 obruissemus)
3762 3928 3777 3963 :

2180 3996 2381 4051 idcirco
2403 3998 2914 4054 rcverendissimum
2933 4016 2995 4053 ac
3019 3999 3473 4068 religiosissimum
3494 4000 3778 4053 dominum

2179 4103 2356 4144 meum
2391 4089 2781 4161 presbyterum,
2814 4089 3093 4160 quietiam
3133 4091 3246 4158 ipse
3275 4100 3464 4158 Sponte
3505 4108 3604 4144 sua
3652 4108 3777 4160 pm-

2176 4181 2340 4236 licisci
2368 4196 2431 4236 ac
2464 4196 2559 4236 vos
2587 4181 2772 4237 videre
2819 4181 3088 4251 cupiebat,
3133 4182 3556 4244 obsecravimus,
3611 4194 3670 4236 ut
3717 4185 3776 4238 li-

2179 4282 2320 4327 teras
2348 4289 2376 4327 a
2422 4273 2574 4330 vobis
2603 4271 2671 4327 ad
2721 4289 2818 4328 nos
2847 4273 3132 4339 obtineret,
3186 4283 3347 4343 atque
3396 4274 3508 4342 ipse
3547 4278 3777 4330 caritate

2175 4374 2351 4419 vestra
2378 4379 2559 4419 coram
2590 4362 2877 4420 frueretur.
2923 4360 3276 4434 Posteaquam
3311 4364 3470 4434 igitur
3494 4380 3644 4428 enm,
3677 4383 3778 4437 pro

2174 4469 2240 4509 eo
2261 4462 2420 4521 atque
2445 4469 2540 4508 vos
2568 4452 2742 4518 decet,
2774 4455 3112 4525 exceperitis,
3143 4448 3210 4508 de
3233 4466 3407 4508 vestra
3437 4454 3764 4522 ναιειυιιίηη,

2173 4560 2293 4599 cum
2321 4544 2547 4611 licuerit,
2576 4545 2834 4600 certiores
2878 4561 2975 4600 nos
3019 4544 3216 4612 facere,
3247 4560 3452 4615 quaeso,
3484 4560 3553 4599 ne
3580 4562 3770 4617 grave.

2173 4637 2325 4691 mini.
2353 4636 2626 4707 Siquidem
2658 4637 2813 4691 nobis
2842 4636 2890 4691 id
2917 4638 3054 4691 scire
3083 4651 3294 4691 summo
3318 4635 3493 4690 studio
3515 4646 3603 4690 est
3632 4656 3647 4691 :
3681 4652 3774 4693 ne-

2172 4743 2276 4798 que
2301 4743 2517 4797 parvam
2543 4728 2848 4782 solitudinis
2880 4728 3053 4797 liujns,
3105 4728 3156 4782 in
3184 4744 3288 4800 qua
3317 4744 3620 4795 versamur,
3642 4745 3778 4784 eon-

2172 4822 2488 4878 solationem
2516 4822 2639 4876 hinc
2658 4822 2926 4891 accepturi
2955 4836 3158 4876 smnus.

2486 4976 2768 5034 CLXVII.
2802 4975 2993 5031 Iisdem
3018 4977 3059 5032 t.
3096 4977 3274 5050 (Anno
3300 4977 3455 5049 too.)

2242 5126 2612 5196 Amplissiuias
2638 5125 2788 5180 vobis
2816 5126 2886 5180 ob
2917 5131 3114 5179 tantam
3143 5124 3306 5179 animi
3335 5124 3666 5188 iirmitatem,
3703 5140 3770 5180 ac

2171 5216 2421 5279 studium,
2451 5227 2502 5269 et
2523 5234 2725 5282 curam,
2757 5216 3071 5286 laboresque
3098 5224 3152 5269 et
3174 5214 3420 5282 sudores,
3443 5230 3507 5269 ac
3529 5215 3771 5285 denique

2170 5311 2240 5366 ob
2266 5311 2474 5379 longam
2504 5311 2639 5366 hanc
2668 5311 3166 5381 peregrinationem,
3200 5325 3359 5378 quain
3392 5309 3634 5362 utilitatis
3659 5310 3769 5362 lic-

2169 5402 2449 5457 clesiaruin
2478 5418 2636 5457 causa
2678 5402 3010 5472 suscepistis,
3055 5401 3253 5471 gratias
3283 5400 3512 5470 agimus.
3546 5399 3766 5454 Etenim

2233 5618 2474 5684 l__(‘.oislin.
2499 5619 2571 5684 sic
2602 5618 2795 5668 titulum
2826 5617 2978 5668 habet
3003 5616 3269 5684 περὶπορο
3290 5616 3374 5682 qui
3402 5628 3513 5666 cum
3534 5617 3775 5667 “adcu-

2168 5679 2339 5733 talibns
2360 5680 2597 5747 cpiscopis
2620 5686 2832 5747 venerat.
2976 5743 2986 5747 _
3074 5679 3084 5684 ⁷
3120 5742 3132 5747 Α
3303 5679 3311 5682 ⁷
3370 5739 3382 5747 _
3626 5740 3635 5747 ν

2231 5739 2607 5808 ’,ιιιιῖιιξριῐίιηι
2635 5742 2817 5808 titulus
2858 5750 2936 5791 est
2976 5743 3023 5791 in
3055 5740 3266 5793 Coislin.:
3294 5739 3526 5808 Episcopo
3548 5740 3635 5806 qui
3654 5751 3775 5793 eum

2169 5803 2543 5869 occidentalibus
2566 5803 2796 5870 episcopis
2821 5813 3029 5856 reuertit.
