4064 6218
312 285 417 342 707

309 401 409 455 καὶ
439 399 549 454 τῶν
572 399 816 469 ἀμοιϐῶν
848 400 998 472 παρὰ
1034 402 1130 455 τοῦ
1173 402 1553 477 φιλανθρώπου
1579 405 1736 460 Θεου.
1765 407 1878 461 Καὶ

311 493 692 564 ἐπεθυμοῦμεν
730 493 871 547 κατά
907 494 1196 565 πρόσωπον
1244 495 1398 559 ὑμῶν
1446 496 1743 551 θεάσασθαι
1782 497 1882 569 τὴν

307 584 619 657 τιμιότητα.
666 582 884 654 Ἐπειδὴ
913 583 971 637 δὲ
998 583 1067 638 τά
1094 584 1195 655 τῆς
1239 585 1454 658 ἐξορίας
1500 587 1675 659 δεσμά
1724 587 1883 641 τοῦτο

309 679 458 750 ἡμᾶς
482 676 789 749 παρείλετο,
815 676 909 728 καὶ⁸
945 677 1002 728 ἐν
1031 676 1111 730 ἐνὶ
1136 676 1387 749 καθεῖρξε
1418 679 1602 751 χωρίῳ
1619 720 1632 742 ,
1665 679 1756 733 τὸν
1781 679 1882 732 κύ-

310 771 427 842 ριόν
464 788 568 841 μου
612 769 703 822 τὸν
727 766 1053 839 τιμιώτατον
1090 768 1184 822 καὶ
1220 768 1609 824 εὐλαϐέστατον
1642 770 1881 842 πρεσϐύ-

305 880 467 934 τερον
495 860 938 932 ἀπεστάλκαμεν,
975 860 1068 913 καὶ
1090 860 1158 914 δι’
1186 860 1351 914 αὐτοῦ
1383 864 1483 932 τήν
1518 878 1577 915 τε
1602 862 1883 933 ὀφειλομέ-

305 972 406 1026 νην
434 956 738 1027 πρόσρησιν
766 952 1148 1023 ἀποδιδόαμεν,
1178 952 1272 1006 καὶ⁵
1315 951 1599 1023 δηλοῦμεν,
1625 954 1707 1007 ὅτι
1732 954 1883 1026 χάρι-

304 1064 408 1110 τας
431 1046 633 1109 πολλάς
663 1045 759 1098 καὶ
804 1044 1044 1115 μεγάλας
1078 1043 1463 1115 ὁμολογοῦντες
1488 1044 1643 1115 ὑμῶν
1667 1049 1733 1117 τῇ
1766 1045 1883 1099 θεο-

307 1139 496 1209 σεϐείᾳ
536 1138 597 1192 οὐ
644 1135 1109 1207 διαλιμπάνομεν,
1153 1135 1249 1189 καὶ
1288 1135 1562 1201 ἀξιοῦντες
1603 1136 1743 1207 ὑπὲρ
1781 1137 1882 1208 τῆς

310 1229 529 1300 μακρᾶς
553 1226 708 1297 σιγῆς
722 1225 821 1298 τῆς
838 1225 1144 1297 ἔμπροσθεν
1172 1225 1498 1298 συγγνώμην
1522 1226 1651 1297 ἡμῖν
1676 1230 1877 1297 νεῖμαι.

305 1321 382 1374 Οὐ
403 1319 514 1391 γάρ
531 1317 595 1390 δὴ
622 1316 1010 1390 ῥᾳθυμοῦντες,
1035 1317 1154 1371 οὐδὲ
1182 1318 1678 1391 κατολιγωροῦντες
1704 1318 1877 1390 ὑμῶν,

303 1411 557 1466 τοσοῦτον
588 1411 925 1481 ἐσιγήσαμεν
958 1408 1176 1481 χρόνονο
1229 1409 1344 1463 ἀλλ’
1384 1411 1571 1481 ἐπειδὴ
1602 1410 1697 1464 νῦν
1726 1410 1879 1481 πρῶ-

303 1520 396 1557 τον
421 1502 656 1575 εὕρομεν
691 1500 782 1555 τὸν
800 1500 1098 1572 δυνάμενον
1119 1501 1296 1555 ἐκεῖσε
1319 1502 1589 1573 διαϐῆναι,
1616 1503 1742 1557 ἔνθα
1769 1504 1879 1558 δια-

302 1594 517 1666 τρίϐετε
538 1592 760 1657 νῦν,καὶ
781 1591 850 1646 τὰ
879 1592 1008 1663 παρ’
1030 1594 1063 1662 ἡ
1073 1591 1188 1663 μῶν
1214 1593 1527 1664 διακομίσαι
1548 1594 1874 1665 γράμματα,

301 1687 586 1759 γράφομεν
615 1685 744 1756 ὑμῖν
778 1683 1084 1756 δηλοῦντες,
1129 1686 1187 1738 ἐν
1225 1678 1308 1748 οἷς
1345 1687 1532 1755 ἐσμεν.
1585 1685 1875 1757 Δεξάμενοι

301 1776 481 1831 τοίνυν
508 1775 668 1829 αὐτὸν
695 1774 813 1845 μετ’
850 1774 1060 1837 εὐνοίας
1083 1774 1178 1827 καὶ
1210 1772 1503 1838 διαθέσεως
1531 1774 1779 1846 γνησίας,
1807 1774 1875 1829 τά

301 1868 430 1938 περὶ
472 1867 575 1937 τῆς
620 1865 809 1934 ὑγείας
870 1865 1023 1935 ὑμῶν
1052 1863 1245 1935 δηλοῦν
1294 1866 1425 1936 ήμῖν
1463 1865 1871 1939 παρακλήθητε.

299 1957 580 2028 Μεγίστην
613 1956 724 2027 γάρ
772 1954 883 2010 ἀπὸ
927 1955 1037 2008 τῶν
1081 1954 1337 2009 τοιούτων
1366 1956 1731 2027 γραμμάτων.
1779 1957 1875 2012 καὶ

297 2048 359 2102 ἐν
387 2046 593 2118 ἐρημίᾳ
620 2045 937 2117 καθήμενοι,
965 2044 1161 2116 ἕξομεν
1196 2045 1568 2117 παραμυθίαν.

457 2201 629 2258 ΡΞΔ’.
678 2200 1040 2274 Ἀλεξάνδρῳ
1064 2203 1373 2269 ἐπισκόπῳ
1400 2205 1711 2274 Κορίνθου.

369 2357 540 2415 Οῐσθα
565 2358 665 2432 τὴν
687 2358 931 2432 ἀγάπην,
960 2358 1026 2431 ἦν
1063 2360 1463 2434 ἐπεδειξάμεθα
1497 2364 1623 2436 περὶ
1643 2364 1741 2437 τὴν
1770 2366 1870 2437 σήν

295 2452 610 2523 τιμιότητα,
643 2451 738 2505 καὶ
767 2452 883 2515 πῶς
915 2451 1070 2519 ὀλίγα
1102 2469 1183 2505 σοι
1210 2454 1617 2527 συγγενόμενοι,
1652 2456 1868 2510 συνεδέ-

295 2543 474 2615 θημέν
509 2561 604 2598 σου
641 2544 721 2616 τῷ
750 2545 918 2618 πόθῳ.
959 2546 1049 2600 Διὸ
1081 2548 1175 2601 καί⁷
1214 2550 1420 2622 σφόδρα
1461 2551 1871 2624 ἐθαυμάσαμεν,

294 2637 382 2689 δτι
402 2636 460 2687 ἐν
489 2635 630 2689 οὕτω
653 2636 829 2708 χρόνῳ
859 2638 1053 2710 μακρῷ
1079 2640 1201 2693 οὐδὲ
1237 2641 1380 2707 ἅπαξ
1408 2644 1543 2713 ἡμῖν
1572 2645 1871 2720 ἐπιστεῖλαι

296 2725 588 2791 κατεδέξω.
615 2728 726 2781 Καὶ
746 2725 861 2781 οἶδα
885 2728 982 2799 μὲν
1006 2728 1086 2783 ὃτι
1107 2733 1594 2804 γραμματηφόρων
1625 2736 1869 2807 προϐαλῇ

297 2817 515 2880 σπάνιν,
562 2818 657 2871 καὶ
708 2817 859 2872 οὐδὲν
919 2820 1165 2885 ἀπεικός.
1209 2822 1271 2875 El
1312 2822 1421 2894 γάρ
1465 2823 1560 2877 καὶ
1597 2824 1781 2878 πολλοὶ
1820 2827 1870 2878 οί

295 2909 509 2962 ἐκεῖθεν
534 2909 936 2982 ἀφικνούμενοι,
953 2911 1065 2965 ἀλλ’
1083 2913 1211 2968 ἔνθα
1235 2915 1519 2986 καθήμεθα
1538 2929 1564 2957 ι
1583 2917 1677 2972 νῦν
1698 2918 1872 2982 οὐδεὶς

294 2997 365 3053 ἂν
385 2998 592 3069 ταχέως
622 3000 977 3070 παραγένοιτο
1002 3002 1111 3055 τῶν
1134 3004 1339 3059 ἐκεῖθεν
1366 3006 1692 3078 ἐρχομένων.
1724 3008 1871 3080 Πλὴν

294 3090 414 3144 ἀλλ’
440 3093 542 3145 οὑκ
562 3092 720 3163 ἀρκεῖ
740 3093 895 3147 τοῦτο
923 3095 1053 3165 ἡμῖν
1080 3097 1160 3160 εἰς
1188 3096 1248 3149 τὸ
1280 3098 1415 3168 μηδὲ
1449 3099 1597 3166 ἅπαξ
1615 3100 1869 3164 δέξασθαι

293 3182 620 3253 γράμματα.
680 3184 845 3238 Ἐπεὶ
887 3186 982 3239 καὶ
1039 3189 1198 3257 ἡμεῖς
1254 3189 1333 3253 είς
1402 3190 1603 3260 ταύτην
1657 3190 1871 3262 ἔχοντες

293 3277 651 3349 ἀναχωρῆσαι
692 3275 792 3348 τὴν
831 3277 1122 3349 πρόφασιν,
1160 3278 1279 3333 οὐδέ
1314 3278 1485 3344 οὕτως
1512 3283 1867 3353 ἐσιγήσαμεν,

295 3366 435 3419 ἀλλά
455 3366 546 3420 τὸν
567 3366 754 3438 κύριόν
781 3384 882 3439 μου
902 3367 992 3421 τὸν
1018 3367 1340 3440 τιμιώτατον
1362 3370 1456 3424 καὶ
1479 3371 1869 3427 εὐλαϐέστατον

294 3457 669 3530 πρεσϐύτερον
720 3459 1144 3529 ἀναστήσαντες,
1212 3460 1463 3517 ἐντεῦθεν
1522 3464 1866 3535 ἐπέμψαμεν,

291 3547 441 3602 ὥστε
483 3550 578 3603 καὶ
621 3550 686 3621 τῇ
731 3551 799 3621 σῇ
845 3552 1123 3619 συντυχεῖν
1183 3551 1477 3623 τιμιότητι,
1527 3555 1621 3608 καὶ
1667 3554 1868 3625 ταύτην

292 3639 453 3710 ἡμῶν
487 3640 585 3712 τὴν
614 3640 982 3713 προσηγορίαν
1014 3642 1364 3712 ἀποκομίσαι,
1396 3644 1487 3698 καὶ
1523 3644 1713 3716 μαθεῖν
1741 3647 1869 3719 περὶ

293 3729 397 3798 τῆς
422 3730 607 3797 ὑγείας
631 3731 729 3802 τῆς
755 3732 874 3800 σῆς,
914 3731 1040 3803 περὶ
1068 3726 1135 3802 ἧς
1175 3734 1375 3805 σφόδρα
1408 3736 1867 3807 περισπούδαστον

293 3823 431 3892 ἡμῖν
458 3822 767 3893 μανθάνειν.
800 3821 945 3877 Ἰδὼν
978 3824 1152 3879 τοίνυν
1179 3826 1340 3880 αὐτὸν
1370 3830 1488 3898 μετ’
1517 3829 1748 3896 εὐνοίας,
1774 3832 1867 3885 καὶ

293 3914 536 3983 ἀγάπης,
596 3913 688 3967 καὶ.
730 3913 834 3984 τῆς
885 3915 1266 3987 προσηκούσης
1319 3918 1737 3992 φιλοφροσύνης,
1790 3922 1868 3987 ὼς

296 4004 460 4074 μέλος
487 4005 773 4077 ἡμέτερον,
806 4006 967 4076 ήνίκα
994 4006 1060 4060 ἂν
1092 4008 1310 4080 ἐπανίῃ,
1338 4009 1406 4064 τά
1440 4012 1567 4084 περὶ
1593 4014 1691 4080 τῆς
1718 4013 1866 4088 [695]

295 4094 515 4163 ρςὺσεώς
548 4112 640 4148 σου
664 4095 900 4167 δηλῶσαι
931 4099 1060 4170 ἡμῖν
1099 4100 1174 4171 μή
1200 4104 1560 4177 κατοκνήσῃς.
1588 4107 1867 4179 Μεγίστην

292 4186 402 4255 γὰρ
459 4188 591 4256 ἡμῖν
639 4186 746 4240 ἀπὺ
800 4188 908 4242 τῶν
968 4191 1326 4261 γραμμάτων,
1386 4195 1481 4247 καὶ
1540 4196 1599 4249 ἐν
1661 4198 1868 4272 ἐρημίᾳ

293 4276 701 4348 καθεζομένοις,
728 4279 983 4352 παρέξεις
1011 4279 1110 4353 τὴν
1138 4284 1501 4357 παράκλησιν.

293 4433 472 4488 ΡΞΕ.
528 4433 941 4515 ’δρακόντοιςῇ
963 4436 1211 4515 ἐλθοῦσι
1255 4440 1404 4515 μετὰ
1445 4440 1564 4515 τῶν
1606 4443 1723 4499 ἀπὸ
1758 4444 1864 4515 τῆς

576 4506 813 4572 Δύσεως
833 4506 1132 4562 ἐλθόντων
1156 4506 1503 4566 ἐπισκόπων
1532 4513 1581 4567 δ.

379 4654 796 4727 Ἐθαυμάσαμεν
816 4658 969 4730 ὑμῶν
993 4660 1086 4714 καὶ
1110 4661 1208 4733 τὴν
1230 4662 1536 4736 ἔμπροσθεν
1559 4669 1866 4740 προθυμίαν

292 4763 353 4798 τε
391 4746 482 4800 καὶ
518 4747 772 4819 σπουδὴν,
800 4750 865 4820 ῆν
898 4749 1038 4822 ὐπέρ
1065 4752 1172 4805 τῶν
1196 4758 1314 4819 ταῖς
1353 4757 1699 4829 Ἐκκλησίαις
1729 4780 1868 4835 συμ-

291 4837 569 4907 φερόντων
603 4840 972 4906 ἐπεδείξασθε.
1019 4844 1170 4898 Ἐπεὶ
1216 4846 1271 4899 δὲ
1303 4846 1397 4900 καὶ
1440 4852 1656 4922 μακράν
1692 4852 1865 4919 οὕτως

290 4927 602 4997 ἀποδημίαν
635 4930 1027 5002 προσεθήκατε,
1076 4935 1169 4987 καὶ
1204 4935 1377 4989 πάντα
1417 4937 1573 4993 ὄκνον
1609 4940 1866 4996 ἐκϐαλόν-

290 5032 402 5078 τες,
438 5017 577 5086 μετά
617 5022 715 5090 τῆς
747 5022 1127 5094 προσηκούσης
1154 5025 1285 5095 ὑμῖν
1317 5027 1567 5099 ἀνδρείας
1598 5033 1864 5106 τοσαύτην

287 5107 408 5161 ὁδὸν
432 5109 761 5177 ἐστείλασθε,
788 5112 887 5184 οὐχ
905 5113 979 5179 ὡς
1002 5114 1158 5185 ἔτυχε
1188 5117 1282 5171 καὶ
1305 5117 1393 5171 διὰ
1420 5119 1577 5174 τοῦτο
1610 5123 1751 5192 ὑμᾶς
1774 5126 1864 5179 ἐκ·

291 5196 659 5269 πληττόμεθα,
700 5202 794 5256 καὶ
835 5204 1278 5276 εὐχαριστοῦντες
1307 5210 1369 5263 οὐ
1407 5211 1858 5285 διαλιμπάνομεν,

291 5290 386 5341 καὶ
437 5290 524 5344 δια
582 5295 924 5365 γραμμάτων
972 5296 1087 5359 νῦν,
1148 5298 1240 5351 καὶ
1287 5300 1454 5369 χωρὶς
1496 5305 1858 5374 γραμμάτων.

290 5380 406 5452 Οὐχ
446 5384 605 5454 ἡμεῖς
651 5385 707 5438 δὲ
753 5387 932 5458 μόνον,
975 5390 1109 5443 ἀλλὰ
1150 5392 1242 5445 καὶ
1286 5395 1480 5457 πάντες
1507 5394 1557 5446 οἱ
1599 5395 1740 5448 κατά
1765 5396 1861 5469 τὴν

352 5575 375 5644 _'
401 5576 597 5644 ()oisgin.
622 5580 725 5644 ἔνθα
744 5583 1062 5644 καθείργμεθα.

290 5635 620 5746 ιὶλιοιζοὶςιιυ,
666 5635 1127 5709 έπισκὸπᾴῖὶλθοντι
1153 5650 1268 5710 μετά
1313 5652 1406 5701 τῶν
1430 5651 1521 5703 ἀπὸ
1563 5658 1642 5712 τῆς
1681 5654 1860 5715 δύσεως

321 5712 363 5743 δ..
397 5715 533 5747 uno».

1725 274 2112 334 ειίςῐοωι.

3448 291 3553 350 708

1990 404 2278 474 ’Δνατολὴν
2296 402 2687 474 θαυμάζονται,
2721 402 2815 457 καὶ
2850 403 3092 475 κήρυκες
3125 401 3279 474 ὑμῶν
3315 402 3555 472 γίνονται

1982 494 2271 558 διαπαντὸς
2290 494 2389 564 τῆς
2413 494 2767 567 στερρότητος
2796 494 2896 565 τῆς
2921 493 3190 558 ἀκλινοῦς,
3221 493 3315 547 καὶ
3345 493 3557 568 θερμῆς

1983 585 2221 655 ἀγάπης,
2262 586 2355 638 καὶ
2395 585 2496 656 τῆς
2540 586 2940 657 ἀπεριτρέπτου
2991 588 3235 657 γνώμης.
3285 587 3395 640 Καὶ
3429 584 3556 639 οὐτε

1982 675 2103 729 ὁδοῦ
2148 678 2339 748 μῆκος,
2370 676 2495 731 οὔτε
2539 676 2913 747 ταλαιπωρίαν
2953 674 3264 748 ἀποδημίας
3298 677 3556 749 ἡγοῦνταί

1980 784 2035 820 τι
2073 767 2211 839 βαρὺ
2253 767 2439 822 λοιπὸν
2474 768 2568 822 καὶ
2597 767 2854 839 ἐπαχθὲς,
2887 767 3027 839 ὑπὲρ
3056 768 3151 822 τοῦ
3180 768 3424 840 δραμεῖν,
3459 770 3555 823 καὶ

1986 858 2114 913 ίδεῖν
2143 859 2296 931 ὑμῶν
2328 859 2397 913 τά
2433 857 2669 912 τοσαῦτα
2710 859 3130 932 κατορθώματα.
3168 859 3261 913 Διὸ
3298 859 3361 932 δὴ
3395 861 3493 913 καλ⁸
3525 863 3555 915 ό

1981 948 2170 1018 κύριός
2198 966 2300 1020 μου
2333 952 2362 1003 ό
2382 948 2707 1020 τιμιώτατος
2726 950 2821 1003 καὶ
2841 949 3231 1013 εὐλαϐέστατος
3255 949 3555 1023 πρεσϐύτε-

1984 1056 2098 1111 ρος,
2144 1039 2321 1094 καίτοι
2362 1057 2425 1110 γε
2468 1040 2683 1095 ἀσθενεῖ
2720 1042 3058 1113 κεχρημένος
3104 1042 3340 1113 σώματι,
3376 1043 3558 1101 πάντα

1981 1130 2157 1183 εἵλετο
2206 1133 2395 1186 παθεῖν
2435 1133 2577 1204 ὑπὲρ
2627 1133 2818 1187 τούτου
2855 1136 3297 1208 παραγενόμενος
3334 1137 3558 1209 καὶτῆς

1983 1224 2101 1275 κατ’
2130 1222 2251 1293 ὄψιν
2298 1224 2605 1279 ἀπολαῦσαι
2646 1225 2931 1290 συνουσίας
2985 1226 3139 1298 ὑμῶν
3161 1239 3208 1283 ο.
3261 1229 3554 1302 Δεξάμενοι

1977 1312 2156 1366 τοίνυν
2188 1314 2353 1367 αὐτὸν
2393 1315 2531 1385 μετά
2554 1316 2653 1387 τῆς
2678 1316 2993 1390 πρεπούσης
3019 1319 3148 1391 ὑμῖν
3172 1317 3413 1392 ἀγάπης,
3447 1321 3553 1375 κᾶν

1982 1404 2075 1456 ἐπὶ
2136 1405 2322 1475 μεῖζον
2381 1408 2605 1479 αἶρηται
2652 1408 2721 1462 τά
2777 1410 2945 1471 δεινά,
3005 1410 3428 1482 παρακαλοῦμεν
3476 1412 3552 1483 μὴ

1980 1496 2314 1567 κατοκνῆσαι
2372 1498 2786 1571 διορθουμένους
2846 1499 3005 1565 αὐτὰ,
3034 1569 3040 1575 φ
3069 1499 3183 1553 ἀλλ’
3244 1499 3393 1566 ἀξιον
3445 1501 3555 1555 τῶν

1981 1586 2277 1657 προοιμίων
2316 1588 2583 1642 ἐπιθεῖναι
2621 1590 2684 1643 τὺ
2706 1590 2875 1654 τέλος.
2914 1591 3057 1644 Ἴστε
3076 1589 3185 1664 γάρ
3211 1591 3399 1663 ήλίκος
3423 1592 3555 1663 ὑμῖν

1977 1675 2130 1731 ἔσται
2166 1680 2196 1732 ό
2236 1679 2424 1749 μισθὸς
2472 1680 2625 1751 παρά
2662 1680 2758 1735 τοῦ
2801 1682 3181 1755 φιλανθρώπου
3211 1683 3368 1751 Θεοῦ,
3410 1682 3553 1755 ὑπὲρ

1974 1769 2242 1825 τοσούτων
2273 1771 2608 1842 Ἐκκλησιῶν
2627 1773 3043 1844 ταραττομένων
3066 1773 3438 1846 πονουμένοις,
3458 1775 3553 1830 καὶ

1975 1862 2153 1916 πάντα
2168 1863 2529 1934 ποιουμένοις,
2541 1862 2681 1918 ὥστε
2705 1866 2786 1930 είς
2803 1865 3058 1920 εὐδιεινδν
3085 1866 3113 1907 δ
3131 1866 3304 1932 αὐτάς
3324 1869 3550 1941 ὁρμίσαι

1973 1951 2195 2024 λιμένα.

1972 2106 2160 2177 ΡΞΕΓ.
2214 2105 2603 2182 Ἐπισκόποις
2645 2108 2895 2182 ἐλθοῦσι
2934 2109 3085 2180 μετὰ
3129 2109 3248 2166 τῶν
3289 2112 3408 2168 ἀπὸ
3438 2112 3550 2182 τῆς

2438 2179 2675 2245 Δύσεως
2700 2178 3069 2235 ἐπισκόπων.

2042 2313 2154 2369 Καὶ
2201 2314 2273 2370 τά
2323 2313 2630 2387 ἔμπροσθεν
2680 2315 2834 2385 παρά
2877 2314 2980 2386 τῆς
3023 2317 3334 2388 τιμιότητος
3393 2317 3550 2388 ὑμῶν

1972 2406 2314 2476 γεγενημένα
2344 2406 2573 2479 μεγάλα,
2609 2406 2672 2460 τὸ
2703 2406 2918 2461 δικαίαν
2944 2407 3041 2462 καὶ
3070 2407 3386 2479 πρέπουσαν
3418 2411 3549 2481 ὑμῖν

1971 2496 2344 2569 ἀγανάκτησιν
2386 2498 2528 2567 ὑπὲρ
2569 2496 2680 2552 τῶν
2721 2499 2988 2563 τοσαύτας
3044 2499 3369 2569 Ἐκκλησίας
3410 2516 3549 2553 κατ-

1973 2588 2272 2660 ειληφότων
2322 2590 2510 2645 κακῶν
2548 2588 2950 2660 ἀγανακτῆσαι,
2988 2590 3051 2644 τὺ
3086 2591 3438 2662 συναλγῆσαι,
3485 2592 3548 2645 τὸ

1976 2680 2052 2751 μὴ
2103 2682 2267 2753 μέχρι
2302 2682 2491 2735 τούτου
2546 2681 2740 2753 στῆναι
2792 2682 2970 2753 μόνον,
3009 2682 3144 2737 άλλά
3184 2685 3275 2737 καὶ
3317 2683 3386 2737 τά
3416 2683 3547 2755 παρ’

1973 2772 2179 2826 ἑαυτῶν
2227 2774 2575 2842 εἰσενεγκεῖν.
2628 2774 2771 2828 Πολὺ
2818 2773 2878 2829 δὲ
2929 2773 3181 2845 μέγιστον
3228 2776 3327 2829 καὶ¹
3369 2776 3431 2829 τὺ
3451 2776 3546 2830 νῦν

1970 2865 2333 2935 γεγενημένον
2377 2865 2527 2937 παρά
2562 2864 2664 2936 τῆς
2694 2865 2918 2938 ἀγάπης
2950 2865 3125 2937 ὑμῶν,
3150 2867 3212 2921 τὸ
3242 2868 3542 2941 ἀναστῆναι

1970 2954 2200 3009 ἕκαστον
2244 2956 2397 3026 ὑμῶν
2425 2956 2655 3020 οίκοθεν,
2690 2957 2750 3011 τὸ
2780 2957 2998 3028 μακράν
3030 2956 3203 3022 οὕτως
3232 2957 3541 3032 ἀποδημίαν

1971 3047 2302 3111 στείλασθαι,
2323 3047 2383 3100 τὸ
2411 3047 2707 3120 διατρίϐειν
2728 3050 2815 3104 ἐπ’
2840 3047 3143 3122 ἀλλοτρίας,
3173 3050 3266 3105 καὶ
3288 3055 3413 3119 τοὺς
3436 3056 3545 3110 ἀπὸ

1967 3142 2070 3211 τῆς
2115 3144 2331 3214 μακρᾶς
2370 3142 2681 3214 ἀποδημίας
2729 3144 3021 3215 ὑπομένειν
3054 3149 3353 3218 καμάτους,
3400 3150 3543 3223 ὑπὲρ

1967 3235 2078 3287 τῶν
2106 3237 2224 3297 ταῖς
2262 3234 2608 3307 Ἐκκλησίαις
2632 3238 3040 3311 συμφερόντων.
3080 3241 3179 3294 Διά
3206 3241 3381 3297 ταῦτα
3412 3244 3543 3315 ὑμῖν

1969 3324 2414 3395 εὐχαριστοῦντες
2453 3327 2512 3379 οὐ
2552 3326 2855 3398 παυόμεθα,
2883 3330 3273 3400 θαυμάζοντες,
3307 3336 3543 3407 μακαρίσ-

1968 3416 2170 3481 ζοντες,
2212 3416 2370 3479 ὅσους
2418 3418 2630 3481 ἑαυτοῖς
2681 3420 2821 3491 ὑπὲρ
2868 3422 3075 3475 τούτων
3111 3424 3256 3494 παρά
3291 3411 3387 3479 τοῦ
3421 3427 3546 3494 φιλ-

1967 3507 2254 3578 ανθρώπου
2302 3508 2436 3562 Θεοῦ
2479 3511 2910 3581 προαποτίθεσθε
2954 3514 3081 3579 τοὺς
3141 3516 3385 3586 μισθούς.
3430 3519 3542 3572 Καὶ

1967 3598 2153 3671 ἐπειδὴ
2174 3598 2295 3653 οὐτε
2319 3601 2674 3669 συγγενέσθαι
2696 3604 2822 3674 ὑμῖν
2846 3604 3069 3660 δυνατὸν
3086 3607 3179 3661 νῦν
3201 3608 3305 3660 ὑπὸ
3328 3606 3541 3680 ἐξορίας

1967 3692 2335 3763 κατεχομένῳ,
2358 3692 2480 3746 οὐτε
2499 3693 2735 3765 συνεχῶς
2764 3697 3115 3763 ἐπιστέλλειν,
3142 3698 3217 3770 τῷ
3238 3699 3313 3771 μὴ
3327 3702 3540 3771 ταχέως

1968 3781 2219 3851 εὐπορεῖν
2280 3788 2760 3856 γραμματοφόρων
2801 3783 2855 3858 (ἦ
2886 3787 2995 3859 γάρ
3034 3771 3099 3842 ἂν
3132 3791 3358 3859 νιφάδας
3386 3790 3537 3865 [696]

1967 3873 2294 3944 ἐπέμψαμεν
2330 3876 2714 3947 γραμμάτων),
2753 3877 2844 3931 τὸν
2887 3879 3074 3948 κύριόν
3104 3894 3204 3951 μου
3235 3882 3327 3936 τὸν
3354 3884 3543 3956 τιμιώ-

1964 3980 2127 4017 τατον
2166 3966 2260 4018 καὶ
2292 3965 2682 4021 εὐλαϐέστατον
2712 3969 3100 4045 πρεσϐύτερον,
3139 3974 3236 4027 καὶ
3272 3974 3431 4029 αὑτὸν
3462 3973 3540 4028 οῖ-

1966 4055 2125 4109 κοθεν
2140 4056 2459 4128 ὁρμώμενον
2480 4058 2672 4125 ἐλθεῖν,
2700 4062 2795 4115 καὶ
2816 4062 3113 4119 θεάσασθαι
3137 4066 3234 4138 τὴν
3254 4068 3540 4123 εὐλάϐειαν

1965 4144 2065 4216 τὴν
2092 4146 2380 4219 ὑμετέραν,
2424 4151 2898 4224 παρεκαλέσαμεν,
2931 4154 3069 4210 ὥστε
3104 4159 3361 4232 καὶπρὸς
3394 4159 3541 4231 ἡμᾶς

1960 4238 2309 4309 γραμμάτων
2332 4241 2627 4311 ἐπιτυχεῖν,
2659 4244 2753 4298 καὶ
2784 4246 2945 4299 αὐτὸν
2975 4248 3066 4301 καὶ
3091 4250 3232 4303 κατά
3252 4253 3542 4323 πρόσωπον

1966 4330 2272 4384 ἀπολαῦσαι
2323 4332 2421 4402 τῆς
2468 4334 2689 4407 ἀγάπης
2744 4338 2843 4409 τῆς
2891 4339 3179 4412 ὑμετέρας.
3246 4343 3541 4413 Δεξάμενοι

1962 4420 2142 4473 τοίνυν
2167 4422 2328 4475 αὐτὸν
2357 4424 2432 4487 ὡς
2461 4425 2591 4496 ὑμῖν
2612 4427 2818 4498 πρέπον
2841 4430 3007 4495 ἐστὶν,
3037 4432 3196 4502 ἡνίκα
3221 4433 3285 4487 ἀν
3306 4434 3421 4507 ἐξῇ,
3447 4435 3544 4491 καὶ

1964 4512 2100 4582 ἡμῖν
2144 4512 2335 4582 δηλοῦν
2373 4514 2446 4587 μὴ
2474 4521 2783 4572 κατοκνεῖτε
2817 4521 2888 4575 τά
2932 4524 3059 4594 περὶ
3098 4525 3196 4595 τῆς
3227 4525 3413 4594 ὑγείας
3440 4528 3542 4598 τῆς

1969 4602 2261 4674 ὑμετέρας.
2301 4606 2511 4677 Σφόδρα
2557 4611 2665 4681 γὰρ
2704 4613 2835 4683 ήμῖν
2877 4615 3338 4689 περισπούδαστον
3384 4619 3543 4675 τοῦτο

1969 4692 2276 4784 μανθάνειν,
2307 4697 2403 4749 καὶ
2426 4698 2487 4749 οὐ
2528 4701 2700 4772 μικρά
2736 4705 2833 4773 τῆς
2862 4705 3119 4777 ἐρημίας,
3155 4710 3212 4761 ἐν
3298 4710 3540 4784 καθήμε·

1965 4781 2053 4849 θα,
2074 4784 2232 4839 τοῦτο
2261 4788 2390 4859 ἡμῖν
2412 4787 2567 4844 ἐσται
2601 4794 2967 4867 παράκλησις.

2415 4937 2588 4993 ΡΞΖ’.
2635 4941 2762 5009 Τοῖς
2784 4945 2987 5013 αὐτοῖς
3019 4959 3062 5004 ο.

2034 5087 2209 5159 Χάριν
2250 5091 2379 5161 ὑμῖν
2427 5092 2585 5164 ἴσμεν
2611 5097 2809 5170 πολλὴν
2837 5101 2934 5173 τῆς
2974 5105 3239 5178 τοσαύτης
3272 5108 3514 5177 εὐτονίας

1966 5179 2059 5230 καὶ
2084 5182 2337 5253 σπουδῆς,
2375 5186 2469 5239 καὶ
2496 5190 2790 5258 φροντίδος,
2826 5195 2919 5247 καὶ
2941 5195 3050 5251 τῶν
3089 5199 3287 5265 πόνων,
3310 5205 3403 5257 καὶ
3428 5205 3538 5261 τῶν

1968 5268 2205 5338 ἱδρώτων
2258 5274 2348 5327 καὶ
2369 5276 2469 5345 τῆς
2494 5282 2709 5349 μακρᾶς
2732 5283 2935 5354 ταύτης
2959 5289 3282 5361 ἀποδημίας,
3306 5295 3371 5366 ἣν
3397 5298 3538 5370 ὑπὲρ

1962 5359 2071 5411 τῶν
2121 5367 2503 5437 συμφερόντων
2560 5373 2627 5441 τῇ
2680 5373 2974 5449 Ἐκκλησία
3025 5359 3342 5454 πεποίησθε.
3388 5359 3538 5460 Ὀσω

2025 5537 2050 5621 2
2073 5536 2614 5621 ΡΒὲἐὶξεεοςὲτξθὶαυσοέε
2650 5562 2899 5621 ww
2919 5551 3070 5613 (δμωνο

2024 5595 2051 5634 τι
2074 5600 2271 5649 l'oislin.
2297 5602 2361 5656 είς
2384 5604 2553 5654 εὐδιον.
2577 5608 2727 5659 Savil.
2755 5595 2951 5659 εόξιὲῶᾀ.

2029 5670 2050 5695 ε
2073 5660 2274 5735 (ᾇυίξιίη.
2321 5664 2520 5735 ﬂetum,
2562 5669 2809 5735 ἐπισκοπῳ
2856 5675 3032 5726 ἐλθόντι
3057 5677 3174 5740 μετὰ
3205 5681 3299 5731 τῶν
3328 5680 3419 5728 ἀπὸ
3462 5680 3542 5730 τῆς

2173 5724 2184 5735 ν

1965 5721 2141 5777 δύσεως
2167 5724 2456 5778 ἐπισκόπων.
