  <div class='ocr_page' id='page_1' title='image "/cluster/home/n/w/nwhite01/storage/ocr_20150623/52/hvd.32044073501918/329.png"; bbox 0 0 4064 6218; ppageno 0'>
   <div class='ocr_carea' id='block_1_1' title="bbox 525 311 632 369">
    <p class='ocr_par' dir='ltr' id='par_1_1' title="bbox 525 311 632 369">
     <span class='ocr_line' id='line_1_1' title="bbox 525 311 632 369; baseline 0.019 -2"><span class='ocrx_word' id='word_1_1' title='bbox 525 311 632 369; x_wconf 78' lang='grc'>709</span> 
     </span>
    </p>
   </div>
   <div class='ocr_carea' id='block_1_2' title="bbox 522 417 2087 500">
    <p class='ocr_par' dir='ltr' id='par_1_2' title="bbox 522 417 2087 500">
     <span class='ocr_line' id='line_1_2' title="bbox 522 417 2087 500; baseline -0.007 -18"><span class='ocrx_word' id='word_1_2' title='bbox 522 428 631 500; x_wconf 80' lang='grc' dir='ltr'>γάρ</span> <span class='ocrx_word' id='word_1_3' title='bbox 699 426 809 489; x_wconf 88' lang='grc' dir='ltr'>τοῖς</span> <span class='ocrx_word' id='word_1_4' title='bbox 864 421 1219 492; x_wconf 78' lang='grc' dir='ltr'>ταράττουσιν</span> <span class='ocrx_word' id='word_1_5' title='bbox 1283 419 1498 473; x_wconf 75' lang='grc' dir='ltr'>ἅπαντα</span> <span class='ocrx_word' id='word_1_6' title='bbox 1555 418 1738 488; x_wconf 79' lang='grc' dir='ltr'>μεῖζον</span> <span class='ocrx_word' id='word_1_7' title='bbox 1789 417 1852 470; x_wconf 75' lang='grc' dir='ltr'>τὸ</span> <span class='ocrx_word' id='word_1_8' title='bbox 1895 420 2087 489; x_wconf 87' lang='grc' dir='ltr'>κρῖμα,</span> 
     </span>
    </p>
   </div>
   <div class='ocr_carea' id='block_1_3' title="bbox 518 508 2096 586">
    <p class='ocr_par' dir='ltr' id='par_1_3' title="bbox 518 508 2096 586">
     <span class='ocr_line' id='line_1_3' title="bbox 518 508 2096 586; baseline -0.009 -12"><span class='ocrx_word' id='word_1_9' title='bbox 518 517 758 586; x_wconf 81' lang='grc' dir='ltr'>τοσούτῳ</span> <span class='ocrx_word' id='word_1_10' title='bbox 782 514 875 569; x_wconf 75' lang='grc' dir='ltr'>καὶ</span> <span class='ocrx_word' id='word_1_11' title='bbox 895 515 1021 585; x_wconf 89' lang='grc' dir='ltr'>ὑμῖν</span> <span class='ocrx_word' id='word_1_12' title='bbox 1053 511 1252 564; x_wconf 89' lang='grc' dir='ltr'>πλείων</span> <span class='ocrx_word' id='word_1_13' title='bbox 1274 511 1303 562; x_wconf 91' lang='lat'>6</span> <span class='ocrx_word' id='word_1_14' title='bbox 1324 510 1535 580; x_wconf 86' lang='grc' dir='ltr'>μισθὸς,</span> <span class='ocrx_word' id='word_1_15' title='bbox 1561 508 1797 580; x_wconf 75' lang='grc' dir='ltr'>τοσαύτῃ</span> <span class='ocrx_word' id='word_1_16' title='bbox 1820 525 1990 580; x_wconf 86' lang='grc' dir='ltr'>κεχρη</span> <span class='ocrx_word' id='word_1_17' title='bbox 2000 509 2096 579; x_wconf 85' lang='grc' dir='ltr'>μέ-</span> 
     </span>
    </p>
   </div>
   <div class='ocr_carea' id='block_1_4' title="bbox 521 599 2095 675">
    <p class='ocr_par' dir='ltr' id='par_1_4' title="bbox 521 599 2095 675">
     <span class='ocr_line' id='line_1_4' title="bbox 521 599 2095 675; baseline -0.006 -13"><span class='ocrx_word' id='word_1_18' title='bbox 521 625 632 671; x_wconf 97' lang='grc' dir='ltr'>νοις</span> <span class='ocrx_word' id='word_1_19' title='bbox 665 606 908 675; x_wconf 78' lang='grc' dir='ltr'>ὑπομονῇ</span> <span class='ocrx_word' id='word_1_20' title='bbox 948 604 1042 656; x_wconf 70' lang='grc' dir='ltr'>καὶ</span> <span class='ocrx_word' id='word_1_21' title='bbox 1085 601 1286 673; x_wconf 78' lang='grc' dir='ltr'>σπουδῇ</span> <span class='ocrx_word' id='word_1_22' title='bbox 1322 603 1402 664; x_wconf 86' lang='grc' dir='ltr'>είς</span> <span class='ocrx_word' id='word_1_23' title='bbox 1435 600 1720 671; x_wconf 79' lang='grc' dir='ltr'>διόρθωσιν</span> <span class='ocrx_word' id='word_1_24' title='bbox 1765 600 1875 653; x_wconf 84' lang='grc' dir='ltr'>τῶν</span> <span class='ocrx_word' id='word_1_25' title='bbox 1911 599 2095 664; x_wconf 80' lang='grc' dir='ltr'>κακῶς</span> 
     </span>
    </p>
   </div>
   <div class='ocr_carea' id='block_1_5' title="bbox 521 693 2096 769">
    <p class='ocr_par' dir='ltr' id='par_1_5' title="bbox 521 693 2096 769">
     <span class='ocr_line' id='line_1_5' title="bbox 521 693 2096 769; baseline -0.004 -15"><span class='ocrx_word' id='word_1_26' title='bbox 521 701 652 768; x_wconf 82' lang='grc' dir='ltr'>παρ’</span> <span class='ocrx_word' id='word_1_27' title='bbox 683 698 885 769; x_wconf 74' lang='grc' dir='ltr'>ἐτέρων</span> <span class='ocrx_word' id='word_1_28' title='bbox 913 695 1313 767; x_wconf 82' lang='grc' dir='ltr'>γεγενημένων.</span> <span class='ocrx_word' id='word_1_29' title='bbox 1345 695 1455 748; x_wconf 75' lang='grc' dir='ltr'>Καὶ</span> <span class='ocrx_word' id='word_1_30' title='bbox 1491 693 1828 765; x_wconf 77' lang='grc' dir='ltr'>ἐϐουλόμεθα</span> <span class='ocrx_word' id='word_1_31' title='bbox 1876 694 1973 765; x_wconf 78' lang='grc' dir='ltr'>μὲν</span> <span class='ocrx_word' id='word_1_32' title='bbox 2002 694 2096 748; x_wconf 79' lang='grc' dir='ltr'>καὶ</span> 
     </span>
    </p>
   </div>
   <div class='ocr_carea' id='block_1_6' title="bbox 522 785 2093 862">
    <p class='ocr_par' dir='ltr' id='par_1_6' title="bbox 522 785 2093 862">
     <span class='ocr_line' id='line_1_6' title="bbox 522 785 2093 862; baseline -0.003 -18"><span class='ocrx_word' id='word_1_33' title='bbox 522 790 784 862; x_wconf 85' lang='grc' dir='ltr'>παρόντες</span> <span class='ocrx_word' id='word_1_34' title='bbox 811 787 952 843; x_wconf 86' lang='grc' dir='ltr'>κατά</span> <span class='ocrx_word' id='word_1_35' title='bbox 979 787 1270 859; x_wconf 89' lang='grc' dir='ltr'>πρόσωπον</span> <span class='ocrx_word' id='word_1_36' title='bbox 1309 789 1588 857; x_wconf 83' lang='grc' dir='ltr'>συντυχεῖν</span> <span class='ocrx_word' id='word_1_37' title='bbox 1633 786 1789 857; x_wconf 83' lang='grc' dir='ltr'>ὑμῶν</span> <span class='ocrx_word' id='word_1_38' title='bbox 1830 789 1896 857; x_wconf 77' lang='grc' dir='ltr'>τῇ</span> <span class='ocrx_word' id='word_1_39' title='bbox 1933 785 2093 839; x_wconf 85' lang='grc' dir='ltr'>εὐλα-</span> 
     </span>
    </p>
   </div>
   <div class='ocr_carea' id='block_1_7' title="bbox 522 877 2095 953">
    <p class='ocr_par' dir='ltr' id='par_1_7' title="bbox 522 877 2095 953">
     <span class='ocr_line' id='line_1_7' title="bbox 522 877 2095 953; baseline -0.003 -18"><span class='ocrx_word' id='word_1_40' title='bbox 522 881 659 953; x_wconf 75' lang='grc' dir='ltr'>ϐείᾳ·</span> <span class='ocrx_word' id='word_1_41' title='bbox 690 879 876 950; x_wconf 85' lang='grc' dir='ltr'>ἐπειδὴ</span> <span class='ocrx_word' id='word_1_42' title='bbox 897 880 954 933; x_wconf 80' lang='grc' dir='ltr'>δὲ</span> <span class='ocrx_word' id='word_1_43' title='bbox 988 879 1145 934; x_wconf 84' lang='grc' dir='ltr'>τοῦτο</span> <span class='ocrx_word' id='word_1_44' title='bbox 1169 878 1504 952; x_wconf 77' lang='grc' dir='ltr'>ἀφῃρήμεθα</span> <span class='ocrx_word' id='word_1_45' title='bbox 1548 878 1657 932; x_wconf 76' lang='grc' dir='ltr'>ἀπὸ</span> <span class='ocrx_word' id='word_1_46' title='bbox 1685 879 1785 950; x_wconf 81' lang='grc' dir='ltr'>τῆς</span> <span class='ocrx_word' id='word_1_47' title='bbox 1829 877 1969 933; x_wconf 87' lang='grc' dir='ltr'>κατά</span> <span class='ocrx_word' id='word_1_48' title='bbox 1995 877 2095 949; x_wconf 80' lang='grc' dir='ltr'>τὴν</span> 
     </span>
    </p>
   </div>
   <div class='ocr_carea' id='block_1_8' title="bbox 518 969 2092 1044">
    <p class='ocr_par' dir='ltr' id='par_1_8' title="bbox 518 969 2092 1044">
     <span class='ocr_line' id='line_1_8' title="bbox 518 969 2092 1044; baseline -0.003 -16"><span class='ocrx_word' id='word_1_49' title='bbox 518 972 735 1042; x_wconf 76' lang='grc' dir='ltr'>ἐξορίαν</span> <span class='ocrx_word' id='word_1_50' title='bbox 762 972 1033 1044; x_wconf 79' lang='grc' dir='ltr'>ἀνάγκης,</span> <span class='ocrx_word' id='word_1_51' title='bbox 1063 972 1161 1042; x_wconf 81' lang='grc' dir='ltr'>ὀψέ</span> <span class='ocrx_word' id='word_1_52' title='bbox 1184 988 1316 1024; x_wconf 89' lang='grc' dir='ltr'>ποτε</span> <span class='ocrx_word' id='word_1_53' title='bbox 1341 970 1437 1026; x_wconf 76' lang='grc' dir='ltr'>καὶ</span> <span class='ocrx_word' id='word_1_54' title='bbox 1463 970 1614 1041; x_wconf 83' lang='grc' dir='ltr'>μόλις</span> <span class='ocrx_word' id='word_1_55' title='bbox 1635 970 1982 1038; x_wconf 75' lang='grc' dir='ltr'>ἐπιτυχόντες</span> <span class='ocrx_word' id='word_1_56' title='bbox 1997 969 2092 1023; x_wconf 92' lang='grc' dir='ltr'>τοῦ</span> 
     </span>
    </p>
   </div>
   <div class='ocr_carea' id='block_1_9' title="bbox 519 1060 2095 1138">
    <p class='ocr_par' dir='ltr' id='par_1_9' title="bbox 519 1060 2095 1138">
     <span class='ocr_line' id='line_1_9' title="bbox 519 1060 2095 1138; baseline -0.005 -18"><span class='ocrx_word' id='word_1_57' title='bbox 519 1066 656 1138; x_wconf 78' lang='grc' dir='ltr'>πρὸς</span> <span class='ocrx_word' id='word_1_58' title='bbox 690 1067 832 1137; x_wconf 81' lang='grc' dir='ltr'>ὑμᾶς</span> <span class='ocrx_word' id='word_1_59' title='bbox 859 1063 1280 1135; x_wconf 83' lang='grc' dir='ltr'>ἀφικνουμένου,</span> <span class='ocrx_word' id='word_1_60' title='bbox 1309 1061 1402 1116; x_wconf 89' lang='grc' dir='ltr'>τοῦ</span> <span class='ocrx_word' id='word_1_61' title='bbox 1429 1061 1618 1133; x_wconf 78' lang='grc' dir='ltr'>κυρίου</span> <span class='ocrx_word' id='word_1_62' title='bbox 1648 1078 1750 1131; x_wconf 91' lang='grc' dir='ltr'>μου</span> <span class='ocrx_word' id='word_1_63' title='bbox 1778 1060 1873 1114; x_wconf 88' lang='grc' dir='ltr'>τοῦ</span> <span class='ocrx_word' id='word_1_64' title='bbox 1903 1076 2095 1131; x_wconf 84' lang='grc' dir='ltr'>τιμιω-</span> 
     </span>
    </p>
   </div>
   <div class='ocr_carea' id='block_1_10' title="bbox 517 1150 2095 1225">
    <p class='ocr_par' dir='ltr' id='par_1_10' title="bbox 517 1150 2095 1225">
     <span class='ocr_line' id='line_1_10' title="bbox 517 1150 2095 1225; baseline -0.005 -14"><span class='ocrx_word' id='word_1_65' title='bbox 517 1158 680 1211; x_wconf 87' lang='grc' dir='ltr'>τάτου</span> <span class='ocrx_word' id='word_1_66' title='bbox 710 1157 803 1210; x_wconf 77' lang='grc' dir='ltr'>καὶ</span> <span class='ocrx_word' id='word_1_67' title='bbox 836 1153 1228 1209; x_wconf 78' lang='grc' dir='ltr'>εὐλαϐεστάτου</span> <span class='ocrx_word' id='word_1_68' title='bbox 1255 1151 1649 1225; x_wconf 77' lang='grc' dir='ltr'>πρεσϐυτέρου,</span> <span class='ocrx_word' id='word_1_69' title='bbox 1677 1150 2095 1221; x_wconf 63' lang='grc' dir='ltr'>διεπμψάμεθα</span> 
     </span>
    </p>
   </div>
   <div class='ocr_carea' id='block_1_11' title="bbox 518 1241 2096 1317">
    <p class='ocr_par' dir='ltr' id='par_1_11' title="bbox 518 1241 2096 1317">
     <span class='ocr_line' id='line_1_11' title="bbox 518 1241 2096 1317; baseline -0.005 -16"><span class='ocrx_word' id='word_1_70' title='bbox 518 1247 681 1301; x_wconf 80' lang='grc' dir='ltr'>ταυτὶ</span> <span class='ocrx_word' id='word_1_71' title='bbox 714 1246 784 1300; x_wconf 91' lang='grc' dir='ltr'>τά</span> <span class='ocrx_word' id='word_1_72' title='bbox 808 1245 1133 1317; x_wconf 86' lang='grc' dir='ltr'>γράμματα,</span> <span class='ocrx_word' id='word_1_73' title='bbox 1154 1246 1256 1316; x_wconf 90' lang='grc' dir='ltr'>τήν</span> <span class='ocrx_word' id='word_1_74' title='bbox 1276 1261 1337 1297; x_wconf 88' lang='grc' dir='ltr'>τε</span> <span class='ocrx_word' id='word_1_75' title='bbox 1375 1242 1729 1314; x_wconf 82' lang='grc' dir='ltr'>ὀφειλομένην</span> <span class='ocrx_word' id='word_1_76' title='bbox 1757 1241 2096 1304; x_wconf 80' lang='grc' dir='ltr'>ἀποδιδόντες</span> 
     </span>
    </p>
   </div>
   <div class='ocr_carea' id='block_1_12' title="bbox 519 1331 2093 1412">
    <p class='ocr_par' dir='ltr' id='par_1_12' title="bbox 519 1331 2093 1412">
     <span class='ocr_line' id='line_1_12' title="bbox 519 1331 2093 1412; baseline -0.006 -19"><span class='ocrx_word' id='word_1_77' title='bbox 519 1339 843 1412; x_wconf 85' lang='grc' dir='ltr'>πρόσρησιν,</span> <span class='ocrx_word' id='word_1_78' title='bbox 870 1338 965 1392; x_wconf 73' lang='grc' dir='ltr'>καὶ</span> <span class='ocrx_word' id='word_1_79' title='bbox 991 1335 1440 1408; x_wconf 77' lang='grc' dir='ltr'>εὐχαριστοῦντες</span> <span class='ocrx_word' id='word_1_80' title='bbox 1472 1334 1613 1406; x_wconf 89' lang='grc' dir='ltr'>ὑπέρ</span> <span class='ocrx_word' id='word_1_81' title='bbox 1647 1350 1707 1386; x_wconf 89' lang='grc' dir='ltr'>τε</span> <span class='ocrx_word' id='word_1_82' title='bbox 1742 1332 1850 1385; x_wconf 82' lang='grc' dir='ltr'>τῶν</span> <span class='ocrx_word' id='word_1_83' title='bbox 1889 1331 2093 1403; x_wconf 86' lang='grc' dir='ltr'>παρελ-</span> 
     </span>
    </p>
   </div>
   <div class='ocr_carea' id='block_1_13' title="bbox 519 1422 2097 1500">
    <p class='ocr_par' dir='ltr' id='par_1_13' title="bbox 519 1422 2097 1500">
     <span class='ocr_line' id='line_1_13' title="bbox 519 1422 2097 1500; baseline -0.004 -16"><span class='ocrx_word' id='word_1_84' title='bbox 519 1430 742 1492; x_wconf 86' lang='grc' dir='ltr'>θόντων,</span> <span class='ocrx_word' id='word_1_85' title='bbox 777 1428 920 1500; x_wconf 90' lang='grc' dir='ltr'>ὑπέρ</span> <span class='ocrx_word' id='word_1_86' title='bbox 951 1445 1011 1481; x_wconf 90' lang='grc' dir='ltr'>τε</span> <span class='ocrx_word' id='word_1_87' title='bbox 1040 1427 1148 1480; x_wconf 85' lang='grc' dir='ltr'>τῶν</span> <span class='ocrx_word' id='word_1_88' title='bbox 1171 1426 1292 1490; x_wconf 72' lang='grc' dir='ltr'>νῦν,</span> <span class='ocrx_word' id='word_1_89' title='bbox 1317 1425 1459 1497; x_wconf 90' lang='grc' dir='ltr'>ὑπέρ</span> <span class='ocrx_word' id='word_1_90' title='bbox 1485 1442 1545 1479; x_wconf 91' lang='grc' dir='ltr'>τε</span> <span class='ocrx_word' id='word_1_91' title='bbox 1577 1423 1874 1495; x_wconf 79' lang='grc' dir='ltr'>ὁλοκλήρου</span> <span class='ocrx_word' id='word_1_92' title='bbox 1898 1422 1999 1493; x_wconf 83' lang='grc' dir='ltr'>τῆς</span> <span class='ocrx_word' id='word_1_93' title='bbox 2017 1423 2097 1478; x_wconf 88' lang='grc' dir='ltr'>δι-</span> 
     </span>
    </p>
   </div>
   <div class='ocr_carea' id='block_1_14' title="bbox 517 1513 2092 1592">
    <p class='ocr_par' dir='ltr' id='par_1_14' title="bbox 517 1513 2092 1592">
     <span class='ocr_line' id='line_1_14' title="bbox 517 1513 2092 1592; baseline -0.005 -18"><span class='ocrx_word' id='word_1_94' title='bbox 517 1520 802 1592; x_wconf 83' lang='grc' dir='ltr'>ορθώσεως</span> <span class='ocrx_word' id='word_1_95' title='bbox 823 1518 932 1572; x_wconf 84' lang='grc' dir='ltr'>τῶν</span> <span class='ocrx_word' id='word_1_96' title='bbox 960 1518 1163 1572; x_wconf 82' lang='grc' dir='ltr'>κακῶν.</span> <span class='ocrx_word' id='word_1_97' title='bbox 1189 1516 1309 1572; x_wconf 85' lang='grc' dir='ltr'>Κᾶν</span> <span class='ocrx_word' id='word_1_98' title='bbox 1336 1517 1444 1588; x_wconf 80' lang='grc' dir='ltr'>γάρ</span> <span class='ocrx_word' id='word_1_99' title='bbox 1476 1516 1640 1587; x_wconf 79' lang='grc' dir='ltr'>μηδὲν</span> <span class='ocrx_word' id='word_1_100' title='bbox 1656 1515 1882 1585; x_wconf 89' lang='grc' dir='ltr'>γένηται</span> <span class='ocrx_word' id='word_1_101' title='bbox 1911 1513 2092 1578; x_wconf 83' lang='grc' dir='ltr'>πλέον,</span> 
     </span>
    </p>
   </div>
   <div class='ocr_carea' id='block_1_15' title="bbox 520 1608 2095 1684">
    <p class='ocr_par' dir='ltr' id='par_1_15' title="bbox 520 1608 2095 1684">
     <span class='ocr_line' id='line_1_15' title="bbox 520 1608 2095 1684; baseline -0.003 -17"><span class='ocrx_word' id='word_1_102' title='bbox 520 1614 679 1683; x_wconf 81' lang='grc' dir='ltr'>ὑμεῖς</span> <span class='ocrx_word' id='word_1_103' title='bbox 703 1612 763 1666; x_wconf 85' lang='lat'>1:6</span> <span class='ocrx_word' id='word_1_104' title='bbox 786 1611 1048 1684; x_wconf 89' lang='grc' dir='ltr'>ὑμέτερον</span> <span class='ocrx_word' id='word_1_105' title='bbox 1076 1612 1433 1681; x_wconf 79' lang='grc' dir='ltr'>πεποιήκατε.</span> <span class='ocrx_word' id='word_1_106' title='bbox 1465 1610 1556 1663; x_wconf 75' lang='grc' dir='ltr'>Διὸ</span> <span class='ocrx_word' id='word_1_107' title='bbox 1577 1610 1671 1663; x_wconf 72' lang='grc' dir='ltr'>καὶ</span> <span class='ocrx_word' id='word_1_108' title='bbox 1691 1608 2095 1680; x_wconf 79' lang='grc' dir='ltr'>ἀπηρτισμένον</span> 
     </span>
    </p>
   </div>
   <div class='ocr_carea' id='block_1_16' title="bbox 519 1700 2097 1776">
    <p class='ocr_par' dir='ltr' id='par_1_16' title="bbox 519 1700 2097 1776">
     <span class='ocr_line' id='line_1_16' title="bbox 519 1700 2097 1776; baseline -0.001 -18"><span class='ocrx_word' id='word_1_109' title='bbox 519 1704 671 1776; x_wconf 69' lang='grc' dir='ltr'>ἔχετε</span> <span class='ocrx_word' id='word_1_110' title='bbox 702 1703 854 1775; x_wconf 88' lang='grc' dir='ltr'>παρά</span> <span class='ocrx_word' id='word_1_111' title='bbox 874 1703 969 1757; x_wconf 91' lang='grc' dir='ltr'>τοῦ</span> <span class='ocrx_word' id='word_1_112' title='bbox 992 1700 1375 1774; x_wconf 82' lang='grc' dir='ltr'>φιλανθρώπου</span> <span class='ocrx_word' id='word_1_113' title='bbox 1398 1702 1533 1755; x_wconf 89' lang='grc' dir='ltr'>Θεοῦ</span> <span class='ocrx_word' id='word_1_114' title='bbox 1552 1702 1641 1755; x_wconf 79' lang='grc' dir='ltr'>τὸν</span> <span class='ocrx_word' id='word_1_115' title='bbox 1669 1702 1880 1773; x_wconf 86' lang='grc' dir='ltr'>μισθὸν,</span> <span class='ocrx_word' id='word_1_116' title='bbox 1901 1702 2097 1757; x_wconf 83' lang='grc' dir='ltr'>τοσαύ-</span> 
     </span>
    </p>
   </div>
   <div class='ocr_carea' id='block_1_17' title="bbox 519 1793 2095 1870">
    <p class='ocr_par' dir='ltr' id='par_1_17' title="bbox 519 1793 2095 1870">
     <span class='ocr_line' id='line_1_17' title="bbox 519 1793 2095 1870; baseline 0 -22"><span class='ocrx_word' id='word_1_117' title='bbox 519 1811 589 1870; x_wconf 84' lang='grc' dir='ltr'>τῃ</span> <span class='ocrx_word' id='word_1_118' title='bbox 650 1796 744 1850; x_wconf 75' lang='grc' dir='ltr'>καὶ</span> <span class='ocrx_word' id='word_1_119' title='bbox 809 1794 1013 1865; x_wconf 79' lang='grc' dir='ltr'>σπουδῇ</span> <span class='ocrx_word' id='word_1_120' title='bbox 1071 1794 1166 1847; x_wconf 75' lang='grc' dir='ltr'>καὶ</span> <span class='ocrx_word' id='word_1_121' title='bbox 1214 1794 1494 1865; x_wconf 74' lang='grc' dir='ltr'>προθυμίᾳ</span> <span class='ocrx_word' id='word_1_122' title='bbox 1541 1793 1676 1865; x_wconf 78' lang='grc' dir='ltr'>πρὸς</span> <span class='ocrx_word' id='word_1_123' title='bbox 1712 1794 1774 1846; x_wconf 78' lang='grc' dir='ltr'>τὸ</span> <span class='ocrx_word' id='word_1_124' title='bbox 1808 1796 1876 1848; x_wconf 84' lang='grc' dir='ltr'>τά</span> <span class='ocrx_word' id='word_1_125' title='bbox 1909 1796 2095 1859; x_wconf 87' lang='grc' dir='ltr'>κακῶς</span> 
     </span>
    </p>
   </div>
   <div class='ocr_carea' id='block_1_18' title="bbox 518 1884 2092 1962">
    <p class='ocr_par' dir='ltr' id='par_1_18' title="bbox 518 1884 2092 1962">
     <span class='ocr_line' id='line_1_18' title="bbox 518 1884 2092 1962; baseline 0.001 -21"><span class='ocrx_word' id='word_1_126' title='bbox 518 1885 860 1959; x_wconf 78' lang='grc' dir='ltr'>γεγενημένα</span> <span class='ocrx_word' id='word_1_127' title='bbox 910 1884 1165 1941; x_wconf 81' lang='grc' dir='ltr'>ἰάσασθαι</span> <span class='ocrx_word' id='word_1_128' title='bbox 1210 1885 1299 1940; x_wconf 82' lang='grc' dir='ltr'>διὰ</span> <span class='ocrx_word' id='word_1_129' title='bbox 1357 1886 1557 1950; x_wconf 77' lang='grc' dir='ltr'>παντὸς</span> <span class='ocrx_word' id='word_1_130' title='bbox 1619 1886 1954 1962; x_wconf 76' lang='grc' dir='ltr'>χρησάμενα</span> <span class='ocrx_word' id='word_1_131' title='bbox 1997 1887 2092 1942; x_wconf 85' lang='grc' dir='ltr'>τοῦ</span> 
     </span>
    </p>
   </div>
   <div class='ocr_carea' id='block_1_19' title="bbox 518 1996 1846 2051">
    <p class='ocr_par' dir='ltr' id='par_1_19' title="bbox 518 1996 1846 2051">
     <span class='ocr_line' id='line_1_19' title="bbox 518 1996 1846 2051; baseline 0.006 -20"><span class='ocrx_word' id='word_1_132' title='bbox 518 1996 732 2051; x_wconf 92' lang='grc' dir='ltr'>χρονου.</span> <span class='ocrx_word' id='word_1_133' title='bbox 1840 2031 1846 2039; x_wconf 93' lang='grc'>.</span> 
     </span>
    </p>
   </div>
   <div class='ocr_carea' id='block_1_20' title="bbox 757 2064 1845 2139">
    <p class='ocr_par' dir='ltr' id='par_1_20' title="bbox 757 2064 1845 2139">
     <span class='ocr_line' id='line_1_20' title="bbox 757 2064 1845 2139; baseline 0 -15"><span class='ocrx_word' id='word_1_134' title='bbox 757 2068 935 2124; x_wconf 71' lang='grc' dir='ltr'><strong><em>ΡΞῙΓ.</em></strong></span> <span class='ocrx_word' id='word_1_135' title='bbox 968 2068 1162 2138; x_wconf 75' lang='grc' dir='ltr'>Πρόϐῃ</span> <span class='ocrx_word' id='word_1_136' title='bbox 1198 2066 1500 2139; x_wconf 73' lang='grc' dir='ltr'>ἐλευθέρᾳ,</span> <span class='ocrx_word' id='word_1_137' title='bbox 1532 2066 1605 2123; x_wconf 66' lang='grc' dir='ltr'>ἐν</span> <span class='ocrx_word' id='word_1_138' title='bbox 1641 2064 1845 2139; x_wconf 75' lang='grc' dir='ltr'>Ῥώμῃ.</span> 
     </span>
    </p>
   </div>
   <div class='ocr_carea' id='block_1_21' title="bbox 586 2159 2094 2232">
    <p class='ocr_par' dir='ltr' id='par_1_21' title="bbox 586 2159 2094 2232">
     <span class='ocr_line' id='line_1_21' title="bbox 586 2159 2094 2232; baseline -0.002 -16"><span class='ocrx_word' id='word_1_139' title='bbox 586 2161 653 2216; x_wconf 78' lang='lat' dir='ltr'>El</span> <span class='ocrx_word' id='word_1_140' title='bbox 678 2161 774 2215; x_wconf 69' lang='grc' dir='ltr'>καὶ</span> <span class='ocrx_word' id='word_1_141' title='bbox 801 2159 982 2231; x_wconf 83' lang='grc' dir='ltr'>πολλῷ</span> <span class='ocrx_word' id='word_1_142' title='bbox 1011 2160 1350 2232; x_wconf 79' lang='grc' dir='ltr'>διῳκίσμεθα</span> <span class='ocrx_word' id='word_1_143' title='bbox 1371 2160 1450 2231; x_wconf 83' lang='grc' dir='ltr'>τῷ</span> <span class='ocrx_word' id='word_1_144' title='bbox 1485 2161 1634 2231; x_wconf 84' lang='grc' dir='ltr'>μέσῳ</span> <span class='ocrx_word' id='word_1_145' title='bbox 1671 2160 1769 2232; x_wconf 84' lang='grc' dir='ltr'>τῆς</span> <span class='ocrx_word' id='word_1_146' title='bbox 1790 2160 1931 2226; x_wconf 77' lang='grc' dir='ltr'>ὁδοῦ,</span> <span class='ocrx_word' id='word_1_147' title='bbox 1958 2159 2094 2214; x_wconf 83' lang='grc' dir='ltr'>ἀλλὰ</span> 
     </span>
    </p>
   </div>
   <div class='ocr_carea' id='block_1_22' title="bbox 517 2250 2089 2323">
    <p class='ocr_par' dir='ltr' id='par_1_22' title="bbox 517 2250 2089 2323">
     <span class='ocr_line' id='line_1_22' title="bbox 517 2250 2089 2323; baseline 0 -18"><span class='ocrx_word' id='word_1_148' title='bbox 517 2254 616 2321; x_wconf 86' lang='grc' dir='ltr'>τῆς</span> <span class='ocrx_word' id='word_1_149' title='bbox 650 2252 881 2323; x_wconf 89' lang='grc' dir='ltr'>γνησίας</span> <span class='ocrx_word' id='word_1_150' title='bbox 906 2268 1001 2305; x_wconf 91' lang='grc' dir='ltr'>σου</span> <span class='ocrx_word' id='word_1_151' title='bbox 1049 2252 1142 2304; x_wconf 75' lang='grc' dir='ltr'>καὶ</span> <span class='ocrx_word' id='word_1_152' title='bbox 1172 2250 1381 2323; x_wconf 84' lang='grc' dir='ltr'>θερμῆς</span> <span class='ocrx_word' id='word_1_153' title='bbox 1416 2253 1655 2323; x_wconf 78' lang='grc' dir='ltr'>ἀγάπης,</span> <span class='ocrx_word' id='word_1_154' title='bbox 1692 2251 1769 2316; x_wconf 84' lang='grc' dir='ltr'>ὡς</span> <span class='ocrx_word' id='word_1_155' title='bbox 1801 2254 2089 2323; x_wconf 81' lang='grc' dir='ltr'>παρόντες,</span> 
     </span>
    </p>
   </div>
   <div class='ocr_carea' id='block_1_23' title="bbox 518 2341 2093 2416">
    <p class='ocr_par' dir='ltr' id='par_1_23' title="bbox 518 2341 2093 2416">
     <span class='ocr_line' id='line_1_23' title="bbox 518 2341 2093 2416; baseline 0.001 -20"><span class='ocrx_word' id='word_1_156' title='bbox 518 2343 615 2396; x_wconf 72' lang='grc' dir='ltr'>καὶ</span> <span class='ocrx_word' id='word_1_157' title='bbox 645 2343 823 2397; x_wconf 88' lang='grc' dir='ltr'>πάντα</span> <span class='ocrx_word' id='word_1_158' title='bbox 841 2342 913 2397; x_wconf 82' lang='grc' dir='ltr'>τά</span> <span class='ocrx_word' id='word_1_159' title='bbox 942 2341 1010 2396; x_wconf 89' lang='grc' dir='ltr'>σά</span> <span class='ocrx_word' id='word_1_160' title='bbox 1036 2342 1289 2413; x_wconf 85' lang='grc' dir='ltr'>ὁρῶντες,</span> <span class='ocrx_word' id='word_1_161' title='bbox 1311 2342 1484 2406; x_wconf 79' lang='grc' dir='ltr'>οὔτως</span> <span class='ocrx_word' id='word_1_162' title='bbox 1503 2344 1703 2415; x_wconf 74' lang='grc' dir='ltr'>ἀκριϐῆ</span> <span class='ocrx_word' id='word_1_163' title='bbox 1728 2346 1922 2414; x_wconf 82' lang='grc' dir='ltr'>πεῖραν</span> <span class='ocrx_word' id='word_1_164' title='bbox 1947 2344 2093 2416; x_wconf 85' lang='grc' dir='ltr'>είλή-</span> 
     </span>
    </p>
   </div>
   <div class='ocr_carea' id='block_1_24' title="bbox 519 2431 2093 2505">
    <p class='ocr_par' dir='ltr' id='par_1_24' title="bbox 519 2431 2093 2505">
     <span class='ocr_line' id='line_1_24' title="bbox 519 2431 2093 2505; baseline -0.001 -16"><span class='ocrx_word' id='word_1_165' title='bbox 519 2449 719 2505; x_wconf 84' lang='grc' dir='ltr'>φαμεν,</span> <span class='ocrx_word' id='word_1_166' title='bbox 755 2431 864 2485; x_wconf 85' lang='grc' dir='ltr'>τῶν</span> <span class='ocrx_word' id='word_1_167' title='bbox 896 2432 1106 2485; x_wconf 86' lang='grc' dir='ltr'>ἐκεῖθεν</span> <span class='ocrx_word' id='word_1_168' title='bbox 1129 2431 1542 2502; x_wconf 79' lang='grc' dir='ltr'>ἀφικνουμένων</span> <span class='ocrx_word' id='word_1_169' title='bbox 1572 2432 1709 2504; x_wconf 81' lang='grc' dir='ltr'>πρὸς</span> <span class='ocrx_word' id='word_1_170' title='bbox 1737 2434 1884 2504; x_wconf 81' lang='grc' dir='ltr'>ἡμᾶς</span> <span class='ocrx_word' id='word_1_171' title='bbox 1908 2434 2093 2503; x_wconf 86' lang='grc' dir='ltr'>ἀπαγ-</span> 
     </span>
    </p>
   </div>
   <div class='ocr_carea' id='block_1_25' title="bbox 518 2520 2093 2595">
    <p class='ocr_par' dir='ltr' id='par_1_25' title="bbox 518 2520 2093 2595">
     <span class='ocr_line' id='line_1_25' title="bbox 518 2520 2093 2595; baseline 0.001 -18"><span class='ocrx_word' id='word_1_172' title='bbox 518 2524 817 2594; x_wconf 87' lang='grc' dir='ltr'>γελλόντων</span> <span class='ocrx_word' id='word_1_173' title='bbox 878 2522 1005 2593; x_wconf 76' lang='grc' dir='ltr'>περὶ</span> <span class='ocrx_word' id='word_1_174' title='bbox 1068 2521 1167 2592; x_wconf 79' lang='grc' dir='ltr'>τῆς</span> <span class='ocrx_word' id='word_1_175' title='bbox 1222 2525 1321 2593; x_wconf 77' lang='grc' dir='ltr'>σῆς</span> <span class='ocrx_word' id='word_1_176' title='bbox 1381 2520 1678 2592; x_wconf 76' lang='grc' dir='ltr'>ἐμμελείας</span> <span class='ocrx_word' id='word_1_177' title='bbox 1715 2522 1908 2590; x_wconf 84' lang='grc' dir='ltr'>ταῦτα,</span> <span class='ocrx_word' id='word_1_178' title='bbox 1949 2523 2093 2595; x_wconf 75' lang='grc' dir='ltr'>άπερ</span> 
     </span>
    </p>
   </div>
   <div class='ocr_carea' id='block_1_26' title="bbox 518 2610 2093 2685">
    <p class='ocr_par' dir='ltr' id='par_1_26' title="bbox 518 2610 2093 2685">
     <span class='ocr_line' id='line_1_26' title="bbox 518 2610 2093 2685; baseline -0.003 -15"><span class='ocrx_word' id='word_1_179' title='bbox 518 2612 898 2685; x_wconf 72' lang='grc' dir='ltr'>ἐπεθυμοῦμεν</span> <span class='ocrx_word' id='word_1_180' title='bbox 929 2611 1238 2682; x_wconf 87' lang='grc' dir='ltr'>μανθάνειν.</span> <span class='ocrx_word' id='word_1_181' title='bbox 1258 2610 1357 2665; x_wconf 86' lang='grc' dir='ltr'>Διά</span> <span class='ocrx_word' id='word_1_182' title='bbox 1380 2610 1537 2665; x_wconf 89' lang='grc' dir='ltr'>τοῦτό</span> <span class='ocrx_word' id='word_1_183' title='bbox 1564 2628 1644 2665; x_wconf 91' lang='grc' dir='ltr'>σοι</span> <span class='ocrx_word' id='word_1_184' title='bbox 1678 2610 1906 2683; x_wconf 88' lang='grc' dir='ltr'>χάριτας</span> <span class='ocrx_word' id='word_1_185' title='bbox 1935 2612 2093 2683; x_wconf 72' lang='grc' dir='ltr'>ἴσμεν</span> 
     </span>
    </p>
   </div>
   <div class='ocr_carea' id='block_1_27' title="bbox 519 2700 2091 2775">
    <p class='ocr_par' dir='ltr' id='par_1_27' title="bbox 519 2700 2091 2775">
     <span class='ocr_line' id='line_1_27' title="bbox 519 2700 2091 2775; baseline -0.002 -14"><span class='ocrx_word' id='word_1_186' title='bbox 519 2704 722 2768; x_wconf 80' lang='grc' dir='ltr'>πολλάς</span> <span class='ocrx_word' id='word_1_187' title='bbox 739 2704 834 2758; x_wconf 75' lang='grc' dir='ltr'>καὶ</span> <span class='ocrx_word' id='word_1_188' title='bbox 852 2702 1113 2775; x_wconf 82' lang='grc' dir='ltr'>μεγάλας,</span> <span class='ocrx_word' id='word_1_189' title='bbox 1144 2701 1237 2756; x_wconf 77' lang='grc' dir='ltr'>καὶ</span> <span class='ocrx_word' id='word_1_190' title='bbox 1266 2700 1692 2775; x_wconf 75' lang='grc' dir='ltr'>ἐναϐρυνόμεθα,</span> <span class='ocrx_word' id='word_1_191' title='bbox 1710 2703 1804 2757; x_wconf 78' lang='grc' dir='ltr'>καὶ</span> <span class='ocrx_word' id='word_1_192' title='bbox 1821 2703 2091 2759; x_wconf 85' lang='grc' dir='ltr'>καλλωπι-</span> 
     </span>
    </p>
   </div>
   <div class='ocr_carea' id='block_1_28' title="bbox 519 2793 2094 2867">
    <p class='ocr_par' dir='ltr' id='par_1_28' title="bbox 519 2793 2094 2867">
     <span class='ocr_line' id='line_1_28' title="bbox 519 2793 2094 2867; baseline -0.001 -16"><span class='ocrx_word' id='word_1_193' title='bbox 519 2794 725 2867; x_wconf 74' lang='grc' dir='ltr'>ζόμεθα</span> <span class='ocrx_word' id='word_1_194' title='bbox 751 2794 844 2848; x_wconf 73' lang='grc' dir='ltr'>ἐπὶ</span> <span class='ocrx_word' id='word_1_195' title='bbox 869 2798 935 2866; x_wconf 84' lang='grc' dir='ltr'>τῇ</span> <span class='ocrx_word' id='word_1_196' title='bbox 980 2794 1217 2849; x_wconf 86' lang='grc' dir='ltr'>διαθέσει</span> <span class='ocrx_word' id='word_1_197' title='bbox 1258 2794 1360 2864; x_wconf 80' lang='grc' dir='ltr'>τῆς</span> <span class='ocrx_word' id='word_1_198' title='bbox 1409 2793 1689 2863; x_wconf 81' lang='grc' dir='ltr'>εὐγενείας</span> <span class='ocrx_word' id='word_1_199' title='bbox 1714 2810 1826 2849; x_wconf 82' lang='grc' dir='ltr'>σου’</span> <span class='ocrx_word' id='word_1_200' title='bbox 1852 2796 1945 2850; x_wconf 79' lang='grc' dir='ltr'>καὶ</span> <span class='ocrx_word' id='word_1_201' title='bbox 1967 2798 2094 2860; x_wconf 82' lang='grc' dir='ltr'>τοὺς</span> 
     </span>
    </p>
   </div>
   <div class='ocr_carea' id='block_1_29' title="bbox 519 2885 2091 2961">
    <p class='ocr_par' dir='ltr' id='par_1_29' title="bbox 519 2885 2091 2961">
     <span class='ocr_line' id='line_1_29' title="bbox 519 2885 2091 2961; baseline -0.002 -15"><span class='ocrx_word' id='word_1_202' title='bbox 519 2889 859 2959; x_wconf 79' lang='grc' dir='ltr'>ἀγαπητοὺς,</span> <span class='ocrx_word' id='word_1_203' title='bbox 883 2886 975 2940; x_wconf 87' lang='grc' dir='ltr'>τὸν</span> <span class='ocrx_word' id='word_1_204' title='bbox 995 2885 1389 2940; x_wconf 76' lang='grc' dir='ltr'>εὐλαϐέστατον</span> <span class='ocrx_word' id='word_1_205' title='bbox 1422 2886 1791 2960; x_wconf 73' lang='grc' dir='ltr'>πρεσϐύτερον</span> <span class='ocrx_word' id='word_1_206' title='bbox 1818 2888 2091 2961; x_wconf 86' lang='grc' dir='ltr'>Ἰωάννην,</span> 
     </span>
    </p>
   </div>
   <div class='ocr_carea' id='block_1_30' title="bbox 518 2976 2093 3051">
    <p class='ocr_par' dir='ltr' id='par_1_30' title="bbox 518 2976 2093 3051">
     <span class='ocr_line' id='line_1_30' title="bbox 518 2976 2093 3051; baseline 0.001 -16"><span class='ocrx_word' id='word_1_207' title='bbox 518 2979 616 3035; x_wconf 71' lang='grc' dir='ltr'>καὶ</span> <span class='ocrx_word' id='word_1_208' title='bbox 643 2980 733 3033; x_wconf 78' lang='grc' dir='ltr'>τὸν</span> <span class='ocrx_word' id='word_1_209' title='bbox 764 2976 1088 3048; x_wconf 82' lang='grc' dir='ltr'>τιμιώτατον</span> <span class='ocrx_word' id='word_1_210' title='bbox 1125 2977 1369 3032; x_wconf 87' lang='grc' dir='ltr'>διάκονον</span> <span class='ocrx_word' id='word_1_211' title='bbox 1401 2978 1613 3034; x_wconf 89' lang='grc' dir='ltr'>Παῦλον</span> <span class='ocrx_word' id='word_1_212' title='bbox 1650 2980 2093 3051; x_wconf 88' lang='grc' dir='ltr'>παρακατατιθέ-</span> 
     </span>
    </p>
   </div>
   <div class='ocr_carea' id='block_1_31' title="bbox 522 3068 2096 3142">
    <p class='ocr_par' dir='ltr' id='par_1_31' title="bbox 522 3068 2096 3142">
     <span class='ocr_line' id='line_1_31' title="bbox 522 3068 2096 3142; baseline -0.004 -18"><span class='ocrx_word' id='word_1_213' title='bbox 522 3070 663 3142; x_wconf 90' lang='grc' dir='ltr'>μεθά</span> <span class='ocrx_word' id='word_1_214' title='bbox 700 3087 794 3124; x_wconf 88' lang='grc' dir='ltr'>σου</span> <span class='ocrx_word' id='word_1_215' title='bbox 824 3071 891 3140; x_wconf 82' lang='grc' dir='ltr'>τῇ</span> <span class='ocrx_word' id='word_1_216' title='bbox 928 3068 1267 3139; x_wconf 85' lang='grc' dir='ltr'>κοσμιότητι,</span> <span class='ocrx_word' id='word_1_217' title='bbox 1295 3068 1371 3132; x_wconf 87' lang='grc' dir='ltr'>ὡς</span> <span class='ocrx_word' id='word_1_218' title='bbox 1406 3071 1486 3132; x_wconf 87' lang='grc' dir='ltr'>είς</span> <span class='ocrx_word' id='word_1_219' title='bbox 1514 3069 1708 3140; x_wconf 80' lang='grc' dir='ltr'>λιμένα</span> <span class='ocrx_word' id='word_1_220' title='bbox 1735 3069 1834 3135; x_wconf 83' lang='grc' dir='ltr'>τάς</span> <span class='ocrx_word' id='word_1_221' title='bbox 1867 3071 1966 3135; x_wconf 82' lang='grc' dir='ltr'>σάς</span> <span class='ocrx_word' id='word_1_222' title='bbox 1998 3073 2096 3127; x_wconf 85' lang='grc' dir='ltr'>αὑ.</span> 
     </span>
    </p>
   </div>
   <div class='ocr_carea' id='block_1_32' title="bbox 518 3161 2095 3233">
    <p class='ocr_par' dir='ltr' id='par_1_32' title="bbox 518 3161 2095 3233">
     <span class='ocr_line' id='line_1_32' title="bbox 518 3161 2095 3233; baseline -0.001 -16"><span class='ocrx_word' id='word_1_223' title='bbox 518 3163 646 3226; x_wconf 84' lang='grc' dir='ltr'>τούς</span> <span class='ocrx_word' id='word_1_224' title='bbox 678 3161 1141 3233; x_wconf 80' lang='grc' dir='ltr'>παραπέμποντες</span> <span class='ocrx_word' id='word_1_225' title='bbox 1173 3163 1380 3231; x_wconf 89' lang='grc' dir='ltr'>χεῖρας.</span> <span class='ocrx_word' id='word_1_226' title='bbox 1422 3161 1574 3215; x_wconf 80' lang='grc' dir='ltr'>’ἰδεῖν</span> <span class='ocrx_word' id='word_1_227' title='bbox 1598 3162 1774 3216; x_wconf 78' lang='grc' dir='ltr'>τοίνυν</span> <span class='ocrx_word' id='word_1_228' title='bbox 1795 3163 1992 3227; x_wconf 78' lang='grc' dir='ltr'>αὐτοὺς</span> <span class='ocrx_word' id='word_1_229' title='bbox 2018 3162 2095 3227; x_wconf 84' lang='grc' dir='ltr'>ὥς</span> 
     </span>
    </p>
   </div>
   <div class='ocr_carea' id='block_1_33' title="bbox 521 3252 2094 3326">
    <p class='ocr_par' dir='ltr' id='par_1_33' title="bbox 521 3252 2094 3326">
     <span class='ocr_line' id='line_1_33' title="bbox 521 3252 2094 3326; baseline -0.003 -14"><span class='ocrx_word' id='word_1_230' title='bbox 521 3272 605 3312; x_wconf 85' lang='grc' dir='ltr'>σοι</span> <span class='ocrx_word' id='word_1_231' title='bbox 643 3254 853 3324; x_wconf 83' lang='grc' dir='ltr'>πρέπον</span> <span class='ocrx_word' id='word_1_232' title='bbox 901 3252 1036 3316; x_wconf 72' lang='grc' dir='ltr'>ἐστὶ,</span> <span class='ocrx_word' id='word_1_233' title='bbox 1081 3254 1339 3309; x_wconf 88' lang='grc' dir='ltr'>δέσποινά</span> <span class='ocrx_word' id='word_1_234' title='bbox 1384 3271 1483 3324; x_wconf 90' lang='grc' dir='ltr'>μου</span> <span class='ocrx_word' id='word_1_235' title='bbox 1525 3254 1826 3326; x_wconf 81' lang='grc' dir='ltr'>τιμιωτάτη</span> <span class='ocrx_word' id='word_1_236' title='bbox 1864 3256 1960 3309; x_wconf 79' lang='grc' dir='ltr'>καὶ</span> <span class='ocrx_word' id='word_1_237' title='bbox 2001 3255 2094 3309; x_wconf 87' lang='grc' dir='ltr'>εὐ-</span> 
     </span>
    </p>
   </div>
   <div class='ocr_carea' id='block_1_34' title="bbox 518 3339 2093 3417">
    <p class='ocr_par' dir='ltr' id='par_1_34' title="bbox 518 3339 2093 3417">
     <span class='ocr_line' id='line_1_34' title="bbox 518 3339 2093 3417; baseline 0 -17"><span class='ocrx_word' id='word_1_238' title='bbox 518 3344 837 3416; x_wconf 89' lang='grc' dir='ltr'>γενεστάτη,</span> <span class='ocrx_word' id='word_1_239' title='bbox 874 3343 1279 3416; x_wconf 90' lang='grc' dir='ltr'>παρακλήθητι.</span> <span class='ocrx_word' id='word_1_240' title='bbox 1312 3339 1484 3401; x_wconf 86' lang='grc' dir='ltr'>Οἶσθα</span> <span class='ocrx_word' id='word_1_241' title='bbox 1522 3343 1651 3417; x_wconf 83' lang='grc' dir='ltr'>γὰρ,</span> <span class='ocrx_word' id='word_1_242' title='bbox 1681 3345 1804 3409; x_wconf 78' lang='grc' dir='ltr'>ὅσος</span> <span class='ocrx_word' id='word_1_243' title='bbox 1828 3345 1980 3400; x_wconf 78' lang='grc' dir='ltr'>ἔσται</span> <span class='ocrx_word' id='word_1_244' title='bbox 2011 3363 2093 3400; x_wconf 92' lang='grc' dir='ltr'>σοι</span> 
     </span>
    </p>
   </div>
   <div class='ocr_carea' id='block_1_35' title="bbox 517 3435 2094 3510">
    <p class='ocr_par' dir='ltr' id='par_1_35' title="bbox 517 3435 2094 3510">
     <span class='ocr_line' id='line_1_35' title="bbox 517 3435 2094 3510; baseline 0.001 -18"><span class='ocrx_word' id='word_1_245' title='bbox 517 3439 618 3510; x_wconf 84' lang='grc' dir='ltr'>τῆς</span> <span class='ocrx_word' id='word_1_246' title='bbox 663 3435 1060 3508; x_wconf 75' lang='grc' dir='ltr'>φιλοφροσύνης</span> <span class='ocrx_word' id='word_1_247' title='bbox 1104 3435 1305 3509; x_wconf 89' lang='grc' dir='ltr'>ταύτης</span> <span class='ocrx_word' id='word_1_248' title='bbox 1352 3438 1381 3490; x_wconf 94' lang='lat'>6</span> <span class='ocrx_word' id='word_1_249' title='bbox 1428 3437 1635 3509; x_wconf 87' lang='grc' dir='ltr'>μισθός.</span> <span class='ocrx_word' id='word_1_250' title='bbox 1685 3439 1796 3492; x_wconf 77' lang='grc' dir='ltr'>Καὶ</span> <span class='ocrx_word' id='word_1_251' title='bbox 1827 3438 1990 3510; x_wconf 81' lang='grc' dir='ltr'>ἡνίκα</span> <span class='ocrx_word' id='word_1_252' title='bbox 2027 3439 2094 3494; x_wconf 83' lang='grc' dir='ltr'>ἂν</span> 
     </span>
    </p>
   </div>
   <div class='ocr_carea' id='block_1_36' title="bbox 520 3528 2094 3604">
    <p class='ocr_par' dir='ltr' id='par_1_36' title="bbox 520 3528 2094 3604">
     <span class='ocr_line' id='line_1_36' title="bbox 520 3528 2094 3604; baseline 0.013 -29"><span class='ocrx_word' id='word_1_253' title='bbox 520 3529 671 3604; x_wconf 67' lang='grc'>[697]</span> <span class='ocrx_word' id='word_1_254' title='bbox 719 3529 836 3602; x_wconf 78' lang='grc' dir='ltr'>ἐξῇ,</span> <span class='ocrx_word' id='word_1_255' title='bbox 877 3528 1259 3601; x_wconf 82' lang='grc' dir='ltr'>συνεχέστερον</span> <span class='ocrx_word' id='word_1_256' title='bbox 1316 3530 1446 3601; x_wconf 80' lang='grc' dir='ltr'>ἡμῖν</span> <span class='ocrx_word' id='word_1_257' title='bbox 1507 3529 1666 3602; x_wconf 80' lang='grc' dir='ltr'>δήλου</span> <span class='ocrx_word' id='word_1_258' title='bbox 1714 3530 1783 3585; x_wconf 85' lang='grc' dir='ltr'>τὰ</span> <span class='ocrx_word' id='word_1_259' title='bbox 1826 3530 2094 3604; x_wconf 72' lang='grc' dir='ltr'>περὶτῆς</span> 
     </span>
    </p>
   </div>
   <div class='ocr_carea' id='block_1_37' title="bbox 520 3616 2094 3693">
    <p class='ocr_par' dir='ltr' id='par_1_37' title="bbox 520 3616 2094 3693">
     <span class='ocr_line' id='line_1_37' title="bbox 520 3616 2094 3693; baseline -0.001 -16"><span class='ocrx_word' id='word_1_260' title='bbox 520 3623 711 3692; x_wconf 80' lang='grc' dir='ltr'>ὑγείας</span> <span class='ocrx_word' id='word_1_261' title='bbox 754 3621 856 3693; x_wconf 80' lang='grc' dir='ltr'>τῆς</span> <span class='ocrx_word' id='word_1_262' title='bbox 906 3621 1026 3692; x_wconf 81' lang='grc' dir='ltr'>σῆς,</span> <span class='ocrx_word' id='word_1_263' title='bbox 1078 3621 1205 3692; x_wconf 59' lang='grc' dir='ltr'>’περί⁵</span> <span class='ocrx_word' id='word_1_264' title='bbox 1247 3616 1316 3692; x_wconf 74' lang='grc' dir='ltr'>ἧς</span> <span class='ocrx_word' id='word_1_265' title='bbox 1371 3620 1575 3692; x_wconf 83' lang='grc' dir='ltr'>σφόδρα</span> <span class='ocrx_word' id='word_1_266' title='bbox 1633 3622 2094 3691; x_wconf 87' lang='grc' dir='ltr'>περισπούδαστον</span> 
     </span>
    </p>
   </div>
   <div class='ocr_carea' id='block_1_38' title="bbox 519 3709 2094 3787">
    <p class='ocr_par' dir='ltr' id='par_1_38' title="bbox 519 3709 2094 3787">
     <span class='ocr_line' id='line_1_38' title="bbox 519 3709 2094 3787; baseline 0 -22"><span class='ocrx_word' id='word_1_267' title='bbox 519 3715 649 3787; x_wconf 87' lang='grc' dir='ltr'>ήμῖν</span> <span class='ocrx_word' id='word_1_268' title='bbox 704 3711 1017 3784; x_wconf 81' lang='grc' dir='ltr'>μανθάνειν,</span> <span class='ocrx_word' id='word_1_269' title='bbox 1066 3710 1361 3782; x_wconf 78' lang='grc' dir='ltr'>ἐπειδήπερ</span> <span class='ocrx_word' id='word_1_270' title='bbox 1410 3709 1614 3781; x_wconf 84' lang='grc' dir='ltr'>σφόδρα</span> <span class='ocrx_word' id='word_1_271' title='bbox 1654 3710 1822 3782; x_wconf 83' lang='grc' dir='ltr'>αὐτῆς</span> <span class='ocrx_word' id='word_1_272' title='bbox 1873 3711 2094 3782; x_wconf 83' lang='grc' dir='ltr'>ἀντεχό-</span> 
     </span>
    </p>
   </div>
   <div class='ocr_carea' id='block_1_39' title="bbox 564 3805 965 3861">
    <p class='ocr_par' dir='ltr' id='par_1_39' title="bbox 564 3805 965 3861">
     <span class='ocr_line' id='line_1_39' title="bbox 564 3805 965 3861; baseline -0.007 0"><span class='ocrx_word' id='word_1_273' title='bbox 564 3805 682 3861; x_wconf 87' lang='grc' dir='ltr'>εθα.</span> <span class='ocrx_word' id='word_1_274' title='bbox 959 3815 965 3821; x_wconf 91' lang='grc'>·</span> 
     </span>
    </p>
   </div>
   <div class='ocr_carea' id='block_1_40' title="bbox 522 3823 1878 3965">
    <p class='ocr_par' dir='ltr' id='par_1_40' title="bbox 522 3823 1878 3965">
     <span class='ocr_line' id='line_1_40' title="bbox 564 3823 1403 3861; baseline -0.007 -2"><span class='ocrx_word' id='word_1_275' title='bbox 564 3823 682 3861; x_wconf 86' lang='grc' dir='ltr'>ευα.</span> <span class='ocrx_word' id='word_1_276' title='bbox 1396 3846 1403 3853; x_wconf 95' lang='grc'>.</span> 
     </span>
     <span class='ocr_line' id='line_1_41' title="bbox 522 3823 1878 3965; baseline -0.001 -16"><span class='ocrx_word' id='word_1_277' title='bbox 522 3823 561 3878; x_wconf 73' lang='grc' dir='ltr'><strong>μ</strong></span> <span class='ocrx_word' id='word_1_278' title='bbox 722 3894 897 3949; x_wconf 71' lang='grc' dir='ltr'>ΡΞΘν.</span> <span class='ocrx_word' id='word_1_279' title='bbox 939 3891 1253 3962; x_wconf 74' lang='grc' dir='ltr'>Ἰουλιανῆ,</span> <span class='ocrx_word' id='word_1_280' title='bbox 1280 3893 1378 3948; x_wconf 82' lang='grc' dir='ltr'>καί</span> <span class='ocrx_word' id='word_1_281' title='bbox 1403 3893 1532 3960; x_wconf 83' lang='grc' dir='ltr'>ταῖς</span> <span class='ocrx_word' id='word_1_282' title='bbox 1557 3893 1680 3949; x_wconf 83' lang='grc' dir='ltr'>σὺν</span> <span class='ocrx_word' id='word_1_283' title='bbox 1703 3892 1878 3965; x_wconf 78' lang='grc' dir='ltr'>αὐτῇ.</span> 
     </span>
    </p>
   </div>
   <div class='ocr_carea' id='block_1_41' title="bbox 590 3984 2093 4057">
    <p class='ocr_par' dir='ltr' id='par_1_41' title="bbox 590 3984 2093 4057">
     <span class='ocr_line' id='line_1_42' title="bbox 590 3984 2093 4057; baseline 0.001 -18"><span class='ocrx_word' id='word_1_284' title='bbox 590 3985 743 4056; x_wconf 84' lang='grc' dir='ltr'>Ὀσῳ</span> <span class='ocrx_word' id='word_1_285' title='bbox 783 3984 1162 4056; x_wconf 83' lang='grc' dir='ltr'>χαλεπώτερον</span> <span class='ocrx_word' id='word_1_286' title='bbox 1208 3984 1269 4038; x_wconf 78' lang='grc' dir='ltr'>τὸ</span> <span class='ocrx_word' id='word_1_287' title='bbox 1309 3986 1484 4055; x_wconf 86' lang='grc' dir='ltr'>κρῖμα</span> <span class='ocrx_word' id='word_1_288' title='bbox 1531 3985 1823 4057; x_wconf 88' lang='grc' dir='ltr'>γεγένηται</span> <span class='ocrx_word' id='word_1_289' title='bbox 1865 3986 1976 4050; x_wconf 85' lang='grc' dir='ltr'>τοῖς</span> <span class='ocrx_word' id='word_1_290' title='bbox 2023 3985 2093 4041; x_wconf 84' lang='grc' dir='ltr'>τὰ</span> 
     </span>
    </p>
   </div>
   <div class='ocr_carea' id='block_1_42' title="bbox 520 4077 2092 4149">
    <p class='ocr_par' dir='ltr' id='par_1_42' title="bbox 520 4077 2092 4149">
     <span class='ocr_line' id='line_1_43' title="bbox 520 4077 2092 4149; baseline 0.001 -18"><span class='ocrx_word' id='word_1_291' title='bbox 520 4077 743 4131; x_wconf 88' lang='grc' dir='ltr'>τοιαῦτα</span> <span class='ocrx_word' id='word_1_292' title='bbox 785 4079 1228 4149; x_wconf 88' lang='grc' dir='ltr'>παρανομήσασι,</span> <span class='ocrx_word' id='word_1_293' title='bbox 1261 4077 1502 4149; x_wconf 84' lang='grc' dir='ltr'>τοσούτῳ</span> <span class='ocrx_word' id='word_1_294' title='bbox 1530 4078 1729 4133; x_wconf 89' lang='grc' dir='ltr'>πλείων</span> <span class='ocrx_word' id='word_1_295' title='bbox 1768 4080 1897 4148; x_wconf 87' lang='grc' dir='ltr'>ὑμῖν</span> <span class='ocrx_word' id='word_1_296' title='bbox 1940 4078 2092 4133; x_wconf 77' lang='grc' dir='ltr'>ἔσται</span> 
     </span>
    </p>
   </div>
   <div class='ocr_carea' id='block_1_43' title="bbox 518 4166 2094 4242">
    <p class='ocr_par' dir='ltr' id='par_1_43' title="bbox 518 4166 2094 4242">
     <span class='ocr_line' id='line_1_44' title="bbox 518 4166 2094 4242; baseline 0.003 -20"><span class='ocrx_word' id='word_1_297' title='bbox 518 4170 549 4222; x_wconf 97' lang='lat'>6</span> <span class='ocrx_word' id='word_1_298' title='bbox 587 4166 796 4239; x_wconf 77' lang='grc' dir='ltr'>μισθὸς,</span> <span class='ocrx_word' id='word_1_299' title='bbox 831 4171 942 4232; x_wconf 87' lang='grc' dir='ltr'>τοῖς</span> <span class='ocrx_word' id='word_1_300' title='bbox 972 4169 1240 4233; x_wconf 82' lang='grc' dir='ltr'>τοσαύτας</span> <span class='ocrx_word' id='word_1_301' title='bbox 1275 4170 1619 4242; x_wconf 86' lang='grc' dir='ltr'>παρανομίας</span> <span class='ocrx_word' id='word_1_302' title='bbox 1645 4170 1792 4225; x_wconf 85' lang='grc' dir='ltr'>λύειν</span> <span class='ocrx_word' id='word_1_303' title='bbox 1829 4172 2094 4227; x_wconf 84' lang='grc' dir='ltr'>ἐσπουδα-</span> 
     </span>
    </p>
   </div>
   <div class='ocr_carea' id='block_1_44' title="bbox 521 4260 2094 4336">
    <p class='ocr_par' dir='ltr' id='par_1_44' title="bbox 521 4260 2094 4336">
     <span class='ocr_line' id='line_1_45' title="bbox 521 4260 2094 4336; baseline 0.002 -21"><span class='ocrx_word' id='word_1_304' title='bbox 521 4261 662 4325; x_wconf 87' lang='grc' dir='ltr'>κόσι,</span> <span class='ocrx_word' id='word_1_305' title='bbox 693 4262 787 4314; x_wconf 80' lang='grc' dir='ltr'>καὶ</span> <span class='ocrx_word' id='word_1_306' title='bbox 815 4260 1065 4314; x_wconf 89' lang='grc' dir='ltr'>τοσοῦτον</span> <span class='ocrx_word' id='word_1_307' title='bbox 1105 4260 1571 4332; x_wconf 80' lang='grc' dir='ltr'>ἐπιδεικνυμένοις</span> <span class='ocrx_word' id='word_1_308' title='bbox 1600 4263 1761 4317; x_wconf 87' lang='grc' dir='ltr'>πόνον</span> <span class='ocrx_word' id='word_1_309' title='bbox 1788 4264 1879 4317; x_wconf 75' lang='grc' dir='ltr'>καὶ</span> <span class='ocrx_word' id='word_1_310' title='bbox 1914 4264 2094 4336; x_wconf 81' lang='grc' dir='ltr'>κάμα-</span> 
     </span>
    </p>
   </div>
   <div class='ocr_carea' id='block_1_45' title="bbox 517 4350 2094 4423">
    <p class='ocr_par' dir='ltr' id='par_1_45' title="bbox 517 4350 2094 4423">
     <span class='ocr_line' id='line_1_46' title="bbox 517 4350 2094 4423; baseline 0 -17"><span class='ocrx_word' id='word_1_311' title='bbox 517 4369 629 4406; x_wconf 89' lang='grc' dir='ltr'>τον.</span> <span class='ocrx_word' id='word_1_312' title='bbox 662 4351 798 4407; x_wconf 82' lang='grc' dir='ltr'>Οὐδὲ</span> <span class='ocrx_word' id='word_1_313' title='bbox 830 4350 939 4423; x_wconf 85' lang='grc' dir='ltr'>γάρ</span> <span class='ocrx_word' id='word_1_314' title='bbox 971 4350 1157 4404; x_wconf 72' lang='grc' dir='ltr'>ἔλαθεν</span> <span class='ocrx_word' id='word_1_315' title='bbox 1182 4353 1329 4422; x_wconf 76' lang='grc' dir='ltr'>ἡμᾶς</span> <span class='ocrx_word' id='word_1_316' title='bbox 1365 4352 1468 4421; x_wconf 84' lang='grc' dir='ltr'>τῆς</span> <span class='ocrx_word' id='word_1_317' title='bbox 1501 4352 1773 4423; x_wconf 82' lang='grc' dir='ltr'>ὑμετέρας</span> <span class='ocrx_word' id='word_1_318' title='bbox 1804 4353 2094 4418; x_wconf 84' lang='grc' dir='ltr'>διαθέσεως</span> 
     </span>
    </p>
   </div>
   <div class='ocr_carea' id='block_1_46' title="bbox 515 4443 2093 4518">
    <p class='ocr_par' dir='ltr' id='par_1_46' title="bbox 515 4443 2093 4518">
     <span class='ocr_line' id='line_1_47' title="bbox 515 4443 2093 4518; baseline 0.001 -20"><span class='ocrx_word' id='word_1_319' title='bbox 515 4445 552 4518; x_wconf 76' lang='grc' dir='ltr'>ἡ</span> <span class='ocrx_word' id='word_1_320' title='bbox 588 4443 823 4509; x_wconf 88' lang='grc' dir='ltr'>εὐποιία,</span> <span class='ocrx_word' id='word_1_321' title='bbox 849 4443 997 4515; x_wconf 79' lang='grc' dir='ltr'>καὶὴ</span> <span class='ocrx_word' id='word_1_322' title='bbox 1030 4443 1254 4515; x_wconf 81' lang='grc' dir='ltr'>σπουδὴ,</span> <span class='ocrx_word' id='word_1_323' title='bbox 1278 4443 1344 4515; x_wconf 79' lang='grc' dir='ltr'>ἣν</span> <span class='ocrx_word' id='word_1_324' title='bbox 1377 4445 1470 4498; x_wconf 81' lang='grc' dir='ltr'>καὶ</span> <span class='ocrx_word' id='word_1_325' title='bbox 1495 4445 1576 4507; x_wconf 88' lang='grc' dir='ltr'>είς</span> <span class='ocrx_word' id='word_1_326' title='bbox 1603 4445 1702 4517; x_wconf 80' lang='grc' dir='ltr'>τήν</span> <span class='ocrx_word' id='word_1_327' title='bbox 1729 4446 2093 4517; x_wconf 87' lang='grc' dir='ltr'>προκειμένην</span> 
     </span>
    </p>
   </div>
   <div class='ocr_carea' id='block_1_47' title="bbox 518 4530 2092 4606">
    <p class='ocr_par' dir='ltr' id='par_1_47' title="bbox 518 4530 2092 4606">
     <span class='ocr_line' id='line_1_48' title="bbox 518 4530 2092 4606; baseline 0.001 -18"><span class='ocrx_word' id='word_1_328' title='bbox 518 4533 774 4590; x_wconf 85' lang='grc' dir='ltr'>ὑπόθεσιν</span> <span class='ocrx_word' id='word_1_329' title='bbox 801 4530 1171 4597; x_wconf 77' lang='grc' dir='ltr'>ἐπεδείξασθε,</span> <span class='ocrx_word' id='word_1_330' title='bbox 1204 4533 1298 4586; x_wconf 81' lang='grc' dir='ltr'>καὶ</span> <span class='ocrx_word' id='word_1_331' title='bbox 1326 4535 1405 4597; x_wconf 89' lang='grc' dir='ltr'>είς</span> <span class='ocrx_word' id='word_1_332' title='bbox 1426 4532 1524 4604; x_wconf 77' lang='grc' dir='ltr'>τήν</span> <span class='ocrx_word' id='word_1_333' title='bbox 1557 4534 1951 4606; x_wconf 79' lang='grc' dir='ltr'>φιλοφροσύνην</span> <span class='ocrx_word' id='word_1_334' title='bbox 1985 4537 2092 4589; x_wconf 85' lang='grc' dir='ltr'>τῶν</span> 
     </span>
    </p>
   </div>
   <div class='ocr_carea' id='block_1_48' title="bbox 518 4620 2091 4695">
    <p class='ocr_par' dir='ltr' id='par_1_48' title="bbox 518 4620 2091 4695">
     <span class='ocr_line' id='line_1_49' title="bbox 518 4620 2091 4695; baseline 0 -18"><span class='ocrx_word' id='word_1_335' title='bbox 518 4622 827 4695; x_wconf 78' lang='grc' dir='ltr'>παρ’ήμῶν</span> <span class='ocrx_word' id='word_1_336' title='bbox 858 4622 1036 4674; x_wconf 81' lang='grc' dir='ltr'>ἐκεῖσε</span> <span class='ocrx_word' id='word_1_337' title='bbox 1066 4620 1403 4691; x_wconf 84' lang='grc' dir='ltr'>ἀφιγμένων.</span> <span class='ocrx_word' id='word_1_338' title='bbox 1443 4621 1535 4675; x_wconf 72' lang='grc' dir='ltr'>Διὸ</span> <span class='ocrx_word' id='word_1_339' title='bbox 1569 4623 1662 4675; x_wconf 82' lang='grc' dir='ltr'>καὶ</span> <span class='ocrx_word' id='word_1_340' title='bbox 1699 4625 1926 4694; x_wconf 85' lang='grc' dir='ltr'>χάριτας</span> <span class='ocrx_word' id='word_1_341' title='bbox 1966 4626 2091 4695; x_wconf 87' lang='grc' dir='ltr'>ὑμῖν</span> 
     </span>
    </p>
   </div>
   <div class='ocr_carea' id='block_1_49' title="bbox 516 4710 2093 4787">
    <p class='ocr_par' dir='ltr' id='par_1_49' title="bbox 516 4710 2093 4787">
     <span class='ocr_line' id='line_1_50' title="bbox 516 4710 2093 4787; baseline 0.003 -20"><span class='ocrx_word' id='word_1_342' title='bbox 516 4716 733 4787; x_wconf 78' lang='grc' dir='ltr'>ἔχομεν,</span> <span class='ocrx_word' id='word_1_343' title='bbox 762 4713 857 4768; x_wconf 71' lang='grc' dir='ltr'>καὶ</span> <span class='ocrx_word' id='word_1_344' title='bbox 894 4710 1319 4784; x_wconf 82' lang='grc' dir='ltr'>παρακαλοῦμεν</span> <span class='ocrx_word' id='word_1_345' title='bbox 1362 4715 1429 4784; x_wconf 82' lang='grc' dir='ltr'>τῇ</span> <span class='ocrx_word' id='word_1_346' title='bbox 1472 4714 1608 4785; x_wconf 81' lang='grc' dir='ltr'>αὐτῇ</span> <span class='ocrx_word' id='word_1_347' title='bbox 1642 4715 1919 4785; x_wconf 82' lang='grc' dir='ltr'>ἐπιμένειν</span> <span class='ocrx_word' id='word_1_348' title='bbox 1956 4734 2093 4787; x_wconf 89' lang='grc' dir='ltr'>προ-</span> 
     </span>
    </p>
   </div>
   <div class='ocr_carea' id='block_1_50' title="bbox 517 4804 2090 4877">
    <p class='ocr_par' dir='ltr' id='par_1_50' title="bbox 517 4804 2090 4877">
     <span class='ocr_line' id='line_1_51' title="bbox 517 4804 2090 4877; baseline 0.003 -18"><span class='ocrx_word' id='word_1_349' title='bbox 517 4806 709 4877; x_wconf 72' lang='grc' dir='ltr'>θυμίᾳ,</span> <span class='ocrx_word' id='word_1_350' title='bbox 737 4805 833 4859; x_wconf 72' lang='grc' dir='ltr'>καὶ</span> <span class='ocrx_word' id='word_1_351' title='bbox 861 4804 1344 4876; x_wconf 70' lang='grc' dir='ltr'>ἐρρωμενεστέραν</span> <span class='ocrx_word' id='word_1_352' title='bbox 1372 4805 1736 4873; x_wconf 81' lang='grc' dir='ltr'>ἐπιδείξασθαι</span> <span class='ocrx_word' id='word_1_353' title='bbox 1759 4807 2002 4861; x_wconf 89' lang='grc' dir='ltr'>εὐτονίαν</span> <span class='ocrx_word' id='word_1_354' title='bbox 2030 4826 2090 4863; x_wconf 86' lang='grc' dir='ltr'>τε</span> 
     </span>
    </p>
   </div>
   <div class='ocr_carea' id='block_1_51' title="bbox 517 4896 2092 4970">
    <p class='ocr_par' dir='ltr' id='par_1_51' title="bbox 517 4896 2092 4970">
     <span class='ocr_line' id='line_1_52' title="bbox 517 4896 2092 4970; baseline 0.003 -19"><span class='ocrx_word' id='word_1_355' title='bbox 517 4899 611 4951; x_wconf 75' lang='grc' dir='ltr'>καὶ</span> <span class='ocrx_word' id='word_1_356' title='bbox 639 4899 908 4970; x_wconf 75' lang='grc' dir='ltr'>ἀνδρείαν.</span> <span class='ocrx_word' id='word_1_357' title='bbox 945 4898 1090 4951; x_wconf 85' lang='grc' dir='ltr'>Ἴστε</span> <span class='ocrx_word' id='word_1_358' title='bbox 1124 4896 1233 4969; x_wconf 87' lang='grc' dir='ltr'>γάρ</span> <span class='ocrx_word' id='word_1_359' title='bbox 1256 4896 1440 4969; x_wconf 83' lang='grc' dir='ltr'>ήλίκον</span> <span class='ocrx_word' id='word_1_360' title='bbox 1464 4896 1558 4953; x_wconf 85' lang='grc' dir='ltr'>τοῦ</span> <span class='ocrx_word' id='word_1_361' title='bbox 1586 4898 2006 4969; x_wconf 83' lang='grc' dir='ltr'>κατορθώματος</span> <span class='ocrx_word' id='word_1_362' title='bbox 2029 4902 2092 4956; x_wconf 87' lang='grc' dir='ltr'>τὸ</span> 
     </span>
    </p>
   </div>
   <div class='ocr_carea' id='block_1_52' title="bbox 519 4991 2092 5066">
    <p class='ocr_par' dir='ltr' id='par_1_52' title="bbox 519 4991 2092 5066">
     <span class='ocr_line' id='line_1_53' title="bbox 519 4991 2092 5066; baseline 0.001 -19"><span class='ocrx_word' id='word_1_363' title='bbox 519 4994 769 5063; x_wconf 87' lang='grc' dir='ltr'>μέγεθος,</span> <span class='ocrx_word' id='word_1_364' title='bbox 797 4994 892 5048; x_wconf 77' lang='grc' dir='ltr'>καὶ</span> <span class='ocrx_word' id='word_1_365' title='bbox 927 4995 1052 5049; x_wconf 81' lang='grc' dir='ltr'>ὅσον</span> <span class='ocrx_word' id='word_1_366' title='bbox 1078 4991 1317 5065; x_wconf 74' lang='grc' dir='ltr'>λήψεσθε</span> <span class='ocrx_word' id='word_1_367' title='bbox 1345 4992 1436 5046; x_wconf 82' lang='grc' dir='ltr'>τὸν</span> <span class='ocrx_word' id='word_1_368' title='bbox 1467 4993 1677 5064; x_wconf 80' lang='grc' dir='ltr'>μισθὸν,</span> <span class='ocrx_word' id='word_1_369' title='bbox 1704 4993 1971 5066; x_wconf 87' lang='grc' dir='ltr'>τοσαύτην</span> <span class='ocrx_word' id='word_1_370' title='bbox 2000 5013 2092 5049; x_wconf 89' lang='grc' dir='ltr'>τα-</span> 
     </span>
    </p>
   </div>
   <div class='ocr_carea' id='block_1_53' title="bbox 519 5083 2087 5159">
    <p class='ocr_par' dir='ltr' id='par_1_53' title="bbox 519 5083 2087 5159">
     <span class='ocr_line' id='line_1_54' title="bbox 519 5083 2087 5159; baseline 0.001 -21"><span class='ocrx_word' id='word_1_371' title='bbox 519 5086 713 5155; x_wconf 76' lang='grc' dir='ltr'>ραχὴν,</span> <span class='ocrx_word' id='word_1_372' title='bbox 738 5086 832 5138; x_wconf 75' lang='grc' dir='ltr'>καὶ</span> <span class='ocrx_word' id='word_1_373' title='bbox 852 5084 993 5138; x_wconf 84' lang='grc' dir='ltr'>οὑτω</span> <span class='ocrx_word' id='word_1_374' title='bbox 1016 5085 1238 5155; x_wconf 84' lang='grc' dir='ltr'>κύματα</span> <span class='ocrx_word' id='word_1_375' title='bbox 1266 5084 1453 5156; x_wconf 87' lang='grc' dir='ltr'>ἀγρια,</span> <span class='ocrx_word' id='word_1_376' title='bbox 1482 5084 1545 5138; x_wconf 90' lang='grc' dir='ltr'>τό</span> <span class='ocrx_word' id='word_1_377' title='bbox 1569 5102 1632 5154; x_wconf 92' lang='grc' dir='ltr'>γε</span> <span class='ocrx_word' id='word_1_378' title='bbox 1656 5088 1735 5150; x_wconf 87' lang='grc' dir='ltr'>είς</span> <span class='ocrx_word' id='word_1_379' title='bbox 1758 5087 1903 5157; x_wconf 80' lang='grc' dir='ltr'>ὐμᾶς</span> <span class='ocrx_word' id='word_1_380' title='bbox 1931 5083 2087 5159; x_wconf 76' lang='grc' dir='ltr'>ἧκον,</span> 
     </span>
    </p>
   </div>
   <div class='ocr_carea' id='block_1_54' title="bbox 515 5175 2091 5249">
    <p class='ocr_par' dir='ltr' id='par_1_54' title="bbox 515 5175 2091 5249">
     <span class='ocr_line' id='line_1_55' title="bbox 515 5175 2091 5249; baseline 0.002 -21"><span class='ocrx_word' id='word_1_381' title='bbox 515 5175 996 5239; x_wconf 88' lang='grc' dir='ltr'>καταστέλλουσαι,</span> <span class='ocrx_word' id='word_1_382' title='bbox 1040 5175 1136 5230; x_wconf 74' lang='grc' dir='ltr'>καὶ</span> <span class='ocrx_word' id='word_1_383' title='bbox 1170 5175 1271 5246; x_wconf 85' lang='grc' dir='ltr'>τήν</span> <span class='ocrx_word' id='word_1_384' title='bbox 1310 5175 1690 5247; x_wconf 88' lang='grc' dir='ltr'>προσήκουσαν</span> <span class='ocrx_word' id='word_1_385' title='bbox 1733 5179 1813 5241; x_wconf 88' lang='grc' dir='ltr'>είς</span> <span class='ocrx_word' id='word_1_386' title='bbox 1854 5176 1951 5249; x_wconf 80' lang='grc' dir='ltr'>τὴν</span> <span class='ocrx_word' id='word_1_387' title='bbox 1985 5177 2091 5232; x_wconf 84' lang='grc' dir='ltr'>τῶν</span> 
     </span>
    </p>
   </div>
   <div class='ocr_carea' id='block_1_55' title="bbox 511 5265 1823 5340">
    <p class='ocr_par' dir='ltr' id='par_1_55' title="bbox 511 5265 1823 5340">
     <span class='ocr_line' id='line_1_56' title="bbox 511 5265 1823 5340; baseline 0.003 -21"><span class='ocrx_word' id='word_1_388' title='bbox 511 5265 896 5339; x_wconf 85' lang='grc' dir='ltr'>γεγενημένων</span> <span class='ocrx_word' id='word_1_389' title='bbox 928 5267 1116 5323; x_wconf 84' lang='grc' dir='ltr'>κακῶν</span> <span class='ocrx_word' id='word_1_390' title='bbox 1148 5267 1497 5339; x_wconf 84' lang='grc' dir='ltr'>εἰσφέρουσαι</span> <span class='ocrx_word' id='word_1_391' title='bbox 1519 5267 1823 5340; x_wconf 88' lang='grc' dir='ltr'>διόρθωσιν.</span> 
     </span>
    </p>
   </div>
   <div class='ocr_carea' id='block_1_56' title="bbox 1083 5355 1525 5425">
    <p class='ocr_par' dir='ltr' id='par_1_56' title="bbox 1083 5355 1525 5425">
     <span class='ocr_line' id='line_1_57' title="bbox 1083 5355 1525 5425; baseline 0.002 -15"><span class='ocrx_word' id='word_1_392' title='bbox 1083 5355 1213 5410; x_wconf 85' lang='grc' dir='ltr'>ΡΟ’.</span> <span class='ocrx_word' id='word_1_393' title='bbox 1252 5355 1525 5425; x_wconf 58' lang='grc' dir='ltr'>Ἰταλικῇ.</span> 
     </span>
    </p>
   </div>
   <div class='ocr_carea' id='block_1_57' title="bbox 599 5445 2088 5521">
    <p class='ocr_par' dir='ltr' id='par_1_57' title="bbox 599 5445 2088 5521">
     <span class='ocr_line' id='line_1_58' title="bbox 599 5445 2088 5521; baseline 0.002 -20"><span class='ocrx_word' id='word_1_394' title='bbox 599 5446 723 5501; x_wconf 73' lang='grc' dir='ltr'>Ἐπὶ</span> <span class='ocrx_word' id='word_1_395' title='bbox 744 5446 841 5516; x_wconf 75' lang='grc' dir='ltr'>μὲν</span> <span class='ocrx_word' id='word_1_396' title='bbox 866 5445 975 5500; x_wconf 85' lang='grc' dir='ltr'>τῶν</span> <span class='ocrx_word' id='word_1_397' title='bbox 998 5445 1196 5512; x_wconf 75' lang='grc' dir='ltr'>ἔξωθεν</span> <span class='ocrx_word' id='word_1_398' title='bbox 1216 5448 1577 5518; x_wconf 83' lang='grc' dir='ltr'>πραγμάτων,</span> <span class='ocrx_word' id='word_1_399' title='bbox 1607 5447 1796 5520; x_wconf 82' lang='grc' dir='ltr'>ὥσπερ</span> <span class='ocrx_word' id='word_1_400' title='bbox 1821 5451 1885 5521; x_wconf 81' lang='grc' dir='ltr'>τῇ</span> <span class='ocrx_word' id='word_1_401' title='bbox 1909 5450 2088 5519; x_wconf 85' lang='grc' dir='ltr'>φύσει,</span> 
     </span>
    </p>
   </div>
   <div class='ocr_carea' id='block_1_58' title="bbox 513 5537 2090 5614">
    <p class='ocr_par' dir='ltr' id='par_1_58' title="bbox 513 5537 2090 5614">
     <span class='ocr_line' id='line_1_59' title="bbox 513 5537 2090 5614; baseline 0.005 -25"><span class='ocrx_word' id='word_1_402' title='bbox 513 5540 657 5595; x_wconf 80' lang='grc' dir='ltr'>οὑτω</span> <span class='ocrx_word' id='word_1_403' title='bbox 708 5539 803 5593; x_wconf 73' lang='grc' dir='ltr'>καὶ</span> <span class='ocrx_word' id='word_1_404' title='bbox 850 5540 918 5609; x_wconf 78' lang='grc' dir='ltr'>τῇ</span> <span class='ocrx_word' id='word_1_405' title='bbox 957 5537 1154 5610; x_wconf 79' lang='grc' dir='ltr'>πράξει</span> <span class='ocrx_word' id='word_1_406' title='bbox 1195 5538 1289 5592; x_wconf 78' lang='grc' dir='ltr'>καὶ</span> <span class='ocrx_word' id='word_1_407' title='bbox 1328 5542 1396 5611; x_wconf 74' lang='grc' dir='ltr'>τῇ</span> <span class='ocrx_word' id='word_1_408' title='bbox 1431 5542 1799 5612; x_wconf 88' lang='grc' dir='ltr'>μεταχειρίσει</span> <span class='ocrx_word' id='word_1_409' title='bbox 1839 5542 2090 5614; x_wconf 76' lang='grc' dir='ltr'>διῄρηται</span> 
     </span>
    </p>
   </div>
   <div class='ocr_carea' id='block_1_59' title="bbox 517 5628 2089 5704">
    <p class='ocr_par' dir='ltr' id='par_1_59' title="bbox 517 5628 2089 5704">
     <span class='ocr_line' id='line_1_60' title="bbox 517 5628 2089 5704; baseline 0.001 -18"><span class='ocrx_word' id='word_1_410' title='bbox 517 5631 688 5687; x_wconf 79' lang='grc' dir='ltr'>ταῦτα</span> <span class='ocrx_word' id='word_1_411' title='bbox 728 5630 796 5684; x_wconf 83' lang='grc' dir='ltr'>τά</span> <span class='ocrx_word' id='word_1_412' title='bbox 824 5629 984 5702; x_wconf 88' lang='grc' dir='ltr'>γένη,</span> <span class='ocrx_word' id='word_1_413' title='bbox 1028 5628 1168 5700; x_wconf 82' lang='grc' dir='ltr'>ἀνὴρ</span> <span class='ocrx_word' id='word_1_414' title='bbox 1222 5628 1366 5699; x_wconf 91' lang='grc' dir='ltr'>λέγω</span> <span class='ocrx_word' id='word_1_415' title='bbox 1403 5630 1497 5683; x_wconf 79' lang='grc' dir='ltr'>καὶ</span> <span class='ocrx_word' id='word_1_416' title='bbox 1541 5632 1698 5703; x_wconf 85' lang='grc' dir='ltr'>γυνή.</span> <span class='ocrx_word' id='word_1_417' title='bbox 1729 5632 1807 5704; x_wconf 82' lang='grc' dir='ltr'>Τῇ</span> <span class='ocrx_word' id='word_1_418' title='bbox 1847 5632 1948 5704; x_wconf 84' lang='grc' dir='ltr'>μὲν</span> <span class='ocrx_word' id='word_1_419' title='bbox 1977 5634 2089 5704; x_wconf 74' lang='grc' dir='ltr'>γάρ</span> 
     </span>
    </p>
   </div>
   <div class='ocr_carea' id='block_1_60' title="bbox 515 5716 2083 5790">
    <p class='ocr_par' dir='ltr' id='par_1_60' title="bbox 515 5716 2083 5790">
     <span class='ocr_line' id='line_1_61' title="bbox 515 5716 2083 5790; baseline 0.003 -16"><span class='ocrx_word' id='word_1_420' title='bbox 515 5718 784 5790; x_wconf 73' lang='grc' dir='ltr'>οἰκουρεῖν</span> <span class='ocrx_word' id='word_1_421' title='bbox 822 5716 1148 5789; x_wconf 70' lang='grc' dir='ltr'>νενόμισται,</span> <span class='ocrx_word' id='word_1_422' title='bbox 1177 5716 1255 5788; x_wconf 79' lang='grc' dir='ltr'>τῷ</span> <span class='ocrx_word' id='word_1_423' title='bbox 1290 5717 1345 5770; x_wconf 82' lang='grc' dir='ltr'>δὲ</span> <span class='ocrx_word' id='word_1_424' title='bbox 1386 5718 1494 5774; x_wconf 85' lang='grc' dir='ltr'>τῶν</span> <span class='ocrx_word' id='word_1_425' title='bbox 1533 5720 1821 5777; x_wconf 74' lang='grc' dir='ltr'>πολιτικῶν</span> <span class='ocrx_word' id='word_1_426' title='bbox 1852 5724 1944 5778; x_wconf 70' lang='grc' dir='ltr'>καὶ</span> <span class='ocrx_word' id='word_1_427' title='bbox 1976 5725 2083 5780; x_wconf 82' lang='grc' dir='ltr'>τῶν</span> 
     </span>
    </p>
   </div>
   <div class='ocr_carea' id='block_1_61' title="bbox 1240 291 3095 361">
    <p class='ocr_par' dir='ltr' id='par_1_61' title="bbox 1240 291 3095 361">
     <span class='ocr_line' id='line_1_62' title="bbox 1240 291 3095 361; baseline -0.007 0"><span class='ocrx_word' id='word_1_428' title='bbox 1240 303 1298 361; x_wconf 90' lang='lat' dir='ltr'>S.</span> <span class='ocrx_word' id='word_1_429' title='bbox 1337 303 1619 360; x_wconf 74' lang='lat' dir='ltr'>JOANNIS</span> <span class='ocrx_word' id='word_1_430' title='bbox 1657 300 2147 360; x_wconf 72' lang='lat' dir='ltr'>CHRYSOSTOMI</span> <span class='ocrx_word' id='word_1_431' title='bbox 2187 297 2515 356; x_wconf 61' lang='lat' dir='ltr'>ARCHIEP.</span> <span class='ocrx_word' id='word_1_432' title='bbox 2548 291 3095 352; x_wconf 70' lang='lat' dir='ltr'>CONSTA’NTINOP.</span> 
     </span>
    </p>
   </div>
   <div class='ocr_carea' id='block_1_62' title="bbox 3654 313 3771 370">
    <p class='ocr_par' dir='ltr' id='par_1_62' title="bbox 3654 313 3771 370">
     <span class='ocr_line' id='line_1_63' title="bbox 3654 313 3771 370; baseline -0.026 0"><span class='ocrx_word' id='word_1_433' title='bbox 3654 313 3771 370; x_wconf 77' lang='grc' dir='ltr'>’ἴεο</span> 
     </span>
    </p>
   </div>
   <div class='ocr_carea' id='block_1_63' title="bbox 2198 419 3771 491">
    <p class='ocr_par' dir='ltr' id='par_1_63' title="bbox 2198 419 3771 491">
     <span class='ocr_line' id='line_1_64' title="bbox 2198 419 3771 491; baseline 0.005 -20"><span class='ocrx_word' id='word_1_434' title='bbox 2198 419 2257 472; x_wconf 84' lang='grc' dir='ltr'>ἐν</span> <span class='ocrx_word' id='word_1_435' title='bbox 2278 419 2449 491; x_wconf 82' lang='grc' dir='ltr'>ἀγορᾷ</span> <span class='ocrx_word' id='word_1_436' title='bbox 2468 422 2804 491; x_wconf 75' lang='grc' dir='ltr'>πραγμάτιον</span> <span class='ocrx_word' id='word_1_437' title='bbox 2832 421 3118 477; x_wconf 69' lang='grc' dir='ltr'>ἅπτεσθαι.</span> <span class='ocrx_word' id='word_1_438' title='bbox 3147 423 3274 479; x_wconf 81' lang='grc' dir='ltr'>Ἐπὶ</span> <span class='ocrx_word' id='word_1_439' title='bbox 3301 425 3357 479; x_wconf 78' lang='grc' dir='ltr'>δέ</span> <span class='ocrx_word' id='word_1_440' title='bbox 3384 425 3492 480; x_wconf 85' lang='grc' dir='ltr'>τῶν</span> <span class='ocrx_word' id='word_1_441' title='bbox 3513 425 3606 479; x_wconf 85' lang='grc' dir='ltr'>τοῦ</span> <span class='ocrx_word' id='word_1_442' title='bbox 3624 425 3771 481; x_wconf 78' lang='grc' dir='ltr'>θεοῦ</span> 
     </span>
    </p>
   </div>
   <div class='ocr_carea' id='block_1_64' title="bbox 2193 507 3773 584">
    <p class='ocr_par' dir='ltr' id='par_1_64' title="bbox 2193 507 3773 584">
     <span class='ocr_line' id='line_1_65' title="bbox 2193 507 3773 584; baseline 0.008 -24"><span class='ocrx_word' id='word_1_443' title='bbox 2193 507 2439 574; x_wconf 83' lang='grc' dir='ltr'>ἀγώνων,</span> <span class='ocrx_word' id='word_1_444' title='bbox 2468 512 2561 563; x_wconf 73' lang='grc' dir='ltr'>καὶ</span> <span class='ocrx_word' id='word_1_445' title='bbox 2590 511 2699 563; x_wconf 82' lang='grc' dir='ltr'>τῶν</span> <span class='ocrx_word' id='word_1_446' title='bbox 2731 512 2869 582; x_wconf 83' lang='grc' dir='ltr'>ὑπὲρ</span> <span class='ocrx_word' id='word_1_447' title='bbox 2889 513 2991 581; x_wconf 84' lang='grc' dir='ltr'>τῆς</span> <span class='ocrx_word' id='word_1_448' title='bbox 3015 512 3339 584; x_wconf 80' lang='grc' dir='ltr'>Ἑκκλησίας</span> <span class='ocrx_word' id='word_1_449' title='bbox 3366 516 3545 570; x_wconf 85' lang='grc' dir='ltr'>πόνων</span> <span class='ocrx_word' id='word_1_450' title='bbox 3562 518 3662 571; x_wconf 84' lang='grc' dir='ltr'>οὐκ</span> <span class='ocrx_word' id='word_1_451' title='bbox 3682 518 3773 573; x_wconf 77' lang='grc' dir='ltr'>ἔνι</span> 
     </span>
    </p>
   </div>
   <div class='ocr_carea' id='block_1_65' title="bbox 2191 601 3771 683">
    <p class='ocr_par' dir='ltr' id='par_1_65' title="bbox 2191 601 3771 683">
     <span class='ocr_line' id='line_1_66' title="bbox 2191 601 3771 683; baseline 0.006 -29"><span class='ocrx_word' id='word_1_452' title='bbox 2191 601 2370 666; x_wconf 89' lang='grc' dir='ltr'>τοῦτο,</span> <span class='ocrx_word' id='word_1_453' title='bbox 2407 602 2522 656; x_wconf 78' lang='grc' dir='ltr'>ἀλλ’</span> <span class='ocrx_word' id='word_1_454' title='bbox 2545 602 2660 656; x_wconf 79' lang='grc' dir='ltr'>εστι</span> <span class='ocrx_word' id='word_1_455' title='bbox 2690 605 2784 658; x_wconf 72' lang='grc' dir='ltr'>καὶ</span> <span class='ocrx_word' id='word_1_456' title='bbox 2814 606 3048 671; x_wconf 86' lang='grc' dir='ltr'>γυναῖκα</span> <span class='ocrx_word' id='word_1_457' title='bbox 3068 605 3263 673; x_wconf 83' lang='grc' dir='ltr'>ἀνδρὸς</span> <span class='ocrx_word' id='word_1_458' title='bbox 3288 608 3771 683; x_wconf 71' lang='grc' dir='ltr'>ἐρρωμενέστερον</span> 
     </span>
    </p>
   </div>
   <div class='ocr_carea' id='block_1_66' title="bbox 2193 692 3766 766">
    <p class='ocr_par' dir='ltr' id='par_1_66' title="bbox 2193 692 3766 766">
     <span class='ocr_line' id='line_1_67' title="bbox 2193 692 3766 766; baseline 0.006 -20"><span class='ocrx_word' id='word_1_459' title='bbox 2193 692 2301 747; x_wconf 84' lang='grc' dir='ltr'>τῶν</span> <span class='ocrx_word' id='word_1_460' title='bbox 2340 693 2520 747; x_wconf 84' lang='grc' dir='ltr'>καλῶν</span> <span class='ocrx_word' id='word_1_461' title='bbox 2560 693 2763 748; x_wconf 88' lang='grc' dir='ltr'>τούτων</span> <span class='ocrx_word' id='word_1_462' title='bbox 2805 695 3126 765; x_wconf 82' lang='grc' dir='ltr'>ἀντέχεσθαι</span> <span class='ocrx_word' id='word_1_463' title='bbox 3178 696 3403 766; x_wconf 83' lang='grc' dir='ltr'>ἀγώνων</span> <span class='ocrx_word' id='word_1_464' title='bbox 3437 700 3532 753; x_wconf 71' lang='grc' dir='ltr'>καὶ</span> <span class='ocrx_word' id='word_1_465' title='bbox 3563 701 3766 756; x_wconf 83' lang='grc' dir='ltr'>πόνων.</span> 
     </span>
    </p>
   </div>
   <div class='ocr_carea' id='block_1_67' title="bbox 2194 784 3774 863">
    <p class='ocr_par' dir='ltr' id='par_1_67' title="bbox 2194 784 3774 863">
     <span class='ocr_line' id='line_1_68' title="bbox 2194 784 3774 863; baseline 0.005 -24"><span class='ocrx_word' id='word_1_466' title='bbox 2194 785 2304 845; x_wconf 73' lang='grc' dir='ltr'>Καὶ</span> <span class='ocrx_word' id='word_1_467' title='bbox 2330 784 2488 840; x_wconf 85' lang='grc' dir='ltr'>τοῦτο</span> <span class='ocrx_word' id='word_1_468' title='bbox 2513 785 2686 857; x_wconf 86' lang='grc' dir='ltr'>δηλῶν</span> <span class='ocrx_word' id='word_1_469' title='bbox 2721 788 2751 840; x_wconf 91' lang='lat'>6</span> <span class='ocrx_word' id='word_1_470' title='bbox 2791 786 3004 851; x_wconf 86' lang='grc' dir='ltr'>Παῦλος</span> <span class='ocrx_word' id='word_1_471' title='bbox 3035 790 3094 843; x_wconf 88' lang='grc' dir='ltr'>ἐν</span> <span class='ocrx_word' id='word_1_472' title='bbox 3128 792 3193 860; x_wconf 81' lang='grc' dir='ltr'>τῇ</span> <span class='ocrx_word' id='word_1_473' title='bbox 3227 790 3364 861; x_wconf 79' lang='grc' dir='ltr'>πρὸς</span> <span class='ocrx_word' id='word_1_474' title='bbox 3400 790 3498 860; x_wconf 77' lang='grc' dir='ltr'>τὴν</span> <span class='ocrx_word' id='word_1_475' title='bbox 3530 793 3774 863; x_wconf 78' lang='grc' dir='ltr'>πατρίδα</span> 
     </span>
    </p>
   </div>
   <div class='ocr_carea' id='block_1_68' title="bbox 2192 877 3774 953">
    <p class='ocr_par' dir='ltr' id='par_1_68' title="bbox 2192 877 3774 953">
     <span class='ocr_line' id='line_1_69' title="bbox 2192 877 3774 953; baseline 0.004 -22"><span class='ocrx_word' id='word_1_476' title='bbox 2192 877 2290 950; x_wconf 78' lang='grc' dir='ltr'>τὴν</span> <span class='ocrx_word' id='word_1_477' title='bbox 2318 877 2593 950; x_wconf 86' lang='grc' dir='ltr'>ὑμετέραν</span> <span class='ocrx_word' id='word_1_478' title='bbox 2629 878 2906 951; x_wconf 80' lang='grc' dir='ltr'>ἐπιστολῇ,</span> <span class='ocrx_word' id='word_1_479' title='bbox 2952 880 3155 944; x_wconf 84' lang='grc' dir='ltr'>πολλάς</span> <span class='ocrx_word' id='word_1_480' title='bbox 3185 882 3549 953; x_wconf 88' lang='grc' dir='ltr'>ἀνακηρύττει</span> <span class='ocrx_word' id='word_1_481' title='bbox 3578 887 3774 953; x_wconf 82' lang='grc' dir='ltr'>γυναῖ-</span> 
     </span>
    </p>
   </div>
   <div class='ocr_carea' id='block_1_69' title="bbox 2192 970 3774 1047">
    <p class='ocr_par' dir='ltr' id='par_1_69' title="bbox 2192 970 3774 1047">
     <span class='ocr_line' id='line_1_70' title="bbox 2192 970 3774 1047; baseline 0.003 -22"><span class='ocrx_word' id='word_1_482' title='bbox 2192 987 2316 1035; x_wconf 84' lang='grc' dir='ltr'>κας,</span> <span class='ocrx_word' id='word_1_483' title='bbox 2332 970 2508 1039; x_wconf 83' lang='grc' dir='ltr'>λέγων</span> <span class='ocrx_word' id='word_1_484' title='bbox 2529 970 2699 1035; x_wconf 82' lang='grc' dir='ltr'>αὑτάς</span> <span class='ocrx_word' id='word_1_485' title='bbox 2719 973 2781 1025; x_wconf 88' lang='grc' dir='ltr'>οὐ</span> <span class='ocrx_word' id='word_1_486' title='bbox 2803 971 2974 1043; x_wconf 81' lang='grc' dir='ltr'>μικρὰ</span> <span class='ocrx_word' id='word_1_487' title='bbox 2998 973 3362 1043; x_wconf 78' lang='grc' dir='ltr'>πεπονηκέναι</span> <span class='ocrx_word' id='word_1_488' title='bbox 3393 975 3541 1046; x_wconf 81' lang='grc' dir='ltr'>ἐντῷ</span> <span class='ocrx_word' id='word_1_489' title='bbox 3564 976 3774 1047; x_wconf 83' lang='grc' dir='ltr'>ἄνδρας</span> 
     </span>
    </p>
   </div>
   <div class='ocr_carea' id='block_1_70' title="bbox 2191 1061 3774 1135">
    <p class='ocr_par' dir='ltr' id='par_1_70' title="bbox 2191 1061 3774 1135">
     <span class='ocr_line' id='line_1_71' title="bbox 2191 1061 3774 1135; baseline 0.003 -19"><span class='ocrx_word' id='word_1_490' title='bbox 2191 1061 2457 1132; x_wconf 85' lang='grc' dir='ltr'>διορθοῦν,</span> <span class='ocrx_word' id='word_1_491' title='bbox 2486 1063 2584 1117; x_wconf 77' lang='grc' dir='ltr'>καὶ</span> <span class='ocrx_word' id='word_1_492' title='bbox 2608 1065 2821 1132; x_wconf 72' lang='grc' dir='ltr'>ἐνάγειν</span> <span class='ocrx_word' id='word_1_493' title='bbox 2848 1065 2942 1117; x_wconf 75' lang='grc' dir='ltr'>ἐπὶ</span> <span class='ocrx_word' id='word_1_494' title='bbox 2971 1063 3040 1118; x_wconf 87' lang='grc' dir='ltr'>τά</span> <span class='ocrx_word' id='word_1_495' title='bbox 3067 1065 3434 1135; x_wconf 83' lang='grc' dir='ltr'>προσήκοντα.</span> <span class='ocrx_word' id='word_1_496' title='bbox 3473 1065 3632 1131; x_wconf 84' lang='grc' dir='ltr'>Τίνος</span> <span class='ocrx_word' id='word_1_497' title='bbox 3657 1067 3774 1120; x_wconf 76' lang='grc' dir='ltr'>ἐνε-</span> 
     </span>
    </p>
   </div>
   <div class='ocr_carea' id='block_1_71' title="bbox 2192 1154 3773 1229">
    <p class='ocr_par' dir='ltr' id='par_1_71' title="bbox 2192 1154 3773 1229">
     <span class='ocr_line' id='line_1_72' title="bbox 2192 1154 3773 1229; baseline 0.004 -22"><span class='ocrx_word' id='word_1_498' title='bbox 2192 1170 2289 1207; x_wconf 89' lang='grc' dir='ltr'>κεν</span> <span class='ocrx_word' id='word_1_499' title='bbox 2331 1154 2506 1208; x_wconf 87' lang='grc' dir='ltr'>ταῦτά</span> <span class='ocrx_word' id='word_1_500' title='bbox 2539 1172 2714 1225; x_wconf 76' lang='grc' dir='ltr'>φημις</span> <span class='ocrx_word' id='word_1_501' title='bbox 2747 1155 2865 1209; x_wconf 87' lang='grc' dir='ltr'>’Ὶνα</span> <span class='ocrx_word' id='word_1_502' title='bbox 2902 1154 2976 1227; x_wconf 82' lang='grc' dir='ltr'>μὴ</span> <span class='ocrx_word' id='word_1_503' title='bbox 3009 1156 3269 1228; x_wconf 81' lang='grc' dir='ltr'>νομίσητε</span> <span class='ocrx_word' id='word_1_504' title='bbox 3298 1157 3577 1228; x_wconf 83' lang='grc' dir='ltr'>ἀλλότριον</span> <span class='ocrx_word' id='word_1_505' title='bbox 3611 1158 3773 1229; x_wconf 74' lang='grc' dir='ltr'>ὑμῶν</span> 
     </span>
    </p>
   </div>
   <div class='ocr_carea' id='block_1_72' title="bbox 2193 1240 3772 1318">
    <p class='ocr_par' dir='ltr' id='par_1_72' title="bbox 2193 1240 3772 1318">
     <span class='ocr_line' id='line_1_73' title="bbox 2193 1240 3772 1318; baseline 0.004 -20"><span class='ocrx_word' id='word_1_506' title='bbox 2193 1240 2332 1299; x_wconf 79' lang='grc' dir='ltr'>εἶναι</span> <span class='ocrx_word' id='word_1_507' title='bbox 2363 1245 2428 1299; x_wconf 82' lang='grc' dir='ltr'>τὸ</span> <span class='ocrx_word' id='word_1_508' title='bbox 2455 1246 2555 1315; x_wconf 77' lang='grc' dir='ltr'>τῆς</span> <span class='ocrx_word' id='word_1_509' title='bbox 2582 1246 2816 1318; x_wconf 82' lang='grc' dir='ltr'>σπουδῆς</span> <span class='ocrx_word' id='word_1_510' title='bbox 2851 1247 3136 1309; x_wconf 77' lang='grc' dir='ltr'>ἅπτεσθαι,</span> <span class='ocrx_word' id='word_1_511' title='bbox 3174 1246 3269 1301; x_wconf 73' lang='grc' dir='ltr'>καὶ</span> <span class='ocrx_word' id='word_1_512' title='bbox 3298 1247 3409 1302; x_wconf 83' lang='grc' dir='ltr'>τῶν</span> <span class='ocrx_word' id='word_1_513' title='bbox 3434 1247 3615 1302; x_wconf 87' lang='grc' dir='ltr'>πόνων</span> <span class='ocrx_word' id='word_1_514' title='bbox 3656 1249 3772 1304; x_wconf 84' lang='grc' dir='ltr'>τῶν</span> 
     </span>
    </p>
   </div>
   <div class='ocr_carea' id='block_1_73' title="bbox 2194 1335 3769 1410">
    <p class='ocr_par' dir='ltr' id='par_1_73' title="bbox 2194 1335 3769 1410">
     <span class='ocr_line' id='line_1_74' title="bbox 2194 1335 3769 1410; baseline 0.003 -21"><span class='ocrx_word' id='word_1_515' title='bbox 2194 1337 2275 1401; x_wconf 86' lang='grc' dir='ltr'>είς</span> <span class='ocrx_word' id='word_1_516' title='bbox 2332 1335 2430 1407; x_wconf 81' lang='grc' dir='ltr'>τὴν</span> <span class='ocrx_word' id='word_1_517' title='bbox 2489 1337 2949 1408; x_wconf 84' lang='grc' dir='ltr'>ὲκκλησιαστικὴν</span> <span class='ocrx_word' id='word_1_518' title='bbox 2998 1337 3282 1410; x_wconf 87' lang='grc' dir='ltr'>διόρθωσιν</span> <span class='ocrx_word' id='word_1_519' title='bbox 3345 1339 3769 1404; x_wconf 88' lang='grc' dir='ltr'>συντελούντων,</span> 
     </span>
    </p>
   </div>
   <div class='ocr_carea' id='block_1_74' title="bbox 2193 1427 3775 1500">
    <p class='ocr_par' dir='ltr' id='par_1_74' title="bbox 2193 1427 3775 1500">
     <span class='ocr_line' id='line_1_75' title="bbox 2193 1427 3775 1500; baseline 0.003 -19"><span class='ocrx_word' id='word_1_520' title='bbox 2193 1427 2309 1482; x_wconf 80' lang='grc' dir='ltr'>ἀλλ’</span> <span class='ocrx_word' id='word_1_521' title='bbox 2332 1428 2408 1491; x_wconf 82' lang='grc' dir='ltr'>ὡς</span> <span class='ocrx_word' id='word_1_522' title='bbox 2430 1428 2638 1499; x_wconf 91' lang='grc' dir='ltr'>πρέπον</span> <span class='ocrx_word' id='word_1_523' title='bbox 2662 1430 2789 1500; x_wconf 86' lang='grc' dir='ltr'>ὑμῖν</span> <span class='ocrx_word' id='word_1_524' title='bbox 2817 1432 2954 1493; x_wconf 84' lang='grc' dir='ltr'>ἐστι,</span> <span class='ocrx_word' id='word_1_525' title='bbox 2973 1429 3067 1483; x_wconf 74' lang='grc' dir='ltr'>καὶ</span> <span class='ocrx_word' id='word_1_526' title='bbox 3091 1430 3160 1483; x_wconf 79' lang='grc' dir='ltr'>δι’</span> <span class='ocrx_word' id='word_1_527' title='bbox 3189 1429 3417 1495; x_wconf 68' lang='grc' dir='ltr'>ἑαυτῶν,</span> <span class='ocrx_word' id='word_1_528' title='bbox 3447 1431 3541 1485; x_wconf 80' lang='grc' dir='ltr'>καὶ</span> <span class='ocrx_word' id='word_1_529' title='bbox 3562 1431 3631 1485; x_wconf 78' lang='grc' dir='ltr'>δι’</span> <span class='ocrx_word' id='word_1_530' title='bbox 3657 1433 3775 1486; x_wconf 73' lang='grc' dir='ltr'>ἐτέ-</span> 
     </span>
    </p>
   </div>
   <div class='ocr_carea' id='block_1_75' title="bbox 2196 1515 3771 1593">
    <p class='ocr_par' dir='ltr' id='par_1_75' title="bbox 2196 1515 3771 1593">
     <span class='ocr_line' id='line_1_76' title="bbox 2196 1515 3771 1593; baseline 0.001 -18"><span class='ocrx_word' id='word_1_531' title='bbox 2196 1537 2326 1590; x_wconf 88' lang='grc' dir='ltr'>ρων,</span> <span class='ocrx_word' id='word_1_532' title='bbox 2350 1515 2425 1574; x_wconf 83' lang='grc' dir='ltr'>ὧν</span> <span class='ocrx_word' id='word_1_533' title='bbox 2449 1520 2518 1574; x_wconf 81' lang='grc' dir='ltr'>ἂν</span> <span class='ocrx_word' id='word_1_534' title='bbox 2546 1515 2656 1574; x_wconf 78' lang='grc' dir='ltr'>οἷόν</span> <span class='ocrx_word' id='word_1_535' title='bbox 2680 1538 2740 1574; x_wconf 90' lang='grc' dir='ltr'>τε</span> <span class='ocrx_word' id='word_1_536' title='bbox 2768 1517 2828 1593; x_wconf 78' lang='grc' dir='ltr'>ᾗ,</span> <span class='ocrx_word' id='word_1_537' title='bbox 2861 1522 2961 1591; x_wconf 84' lang='grc' dir='ltr'>τὴν</span> <span class='ocrx_word' id='word_1_538' title='bbox 2997 1522 3384 1593; x_wconf 85' lang='grc' dir='ltr'>προσήκουσαν</span> <span class='ocrx_word' id='word_1_539' title='bbox 3416 1523 3771 1593; x_wconf 82' lang='grc' dir='ltr'>είσενέγκητε</span> 
     </span>
    </p>
   </div>
   <div class='ocr_carea' id='block_1_76' title="bbox 2196 1609 3771 1683">
    <p class='ocr_par' dir='ltr' id='par_1_76' title="bbox 2196 1609 3771 1683">
     <span class='ocr_line' id='line_1_77' title="bbox 2196 1609 3771 1683; baseline 0.001 -20"><span class='ocrx_word' id='word_1_540' title='bbox 2196 1609 2452 1679; x_wconf 83' lang='grc' dir='ltr'>σπουδήν,</span> <span class='ocrx_word' id='word_1_541' title='bbox 2480 1612 2559 1672; x_wconf 88' lang='grc' dir='ltr'>είς</span> <span class='ocrx_word' id='word_1_542' title='bbox 2594 1610 2653 1664; x_wconf 81' lang='grc' dir='ltr'>τὸ</span> <span class='ocrx_word' id='word_1_543' title='bbox 2676 1609 2834 1664; x_wconf 89' lang='grc' dir='ltr'>λῦσαι</span> <span class='ocrx_word' id='word_1_544' title='bbox 2869 1609 2967 1679; x_wconf 78' lang='grc' dir='ltr'>τὴν</span> <span class='ocrx_word' id='word_1_545' title='bbox 2994 1610 3177 1681; x_wconf 77' lang='grc' dir='ltr'>κοινὴν</span> <span class='ocrx_word' id='word_1_546' title='bbox 3210 1609 3378 1683; x_wconf 75' lang='grc' dir='ltr'>ζάλην</span> <span class='ocrx_word' id='word_1_547' title='bbox 3404 1612 3497 1665; x_wconf 72' lang='grc' dir='ltr'>καὶ</span> <span class='ocrx_word' id='word_1_548' title='bbox 3517 1613 3771 1683; x_wconf 78' lang='grc' dir='ltr'>ταραχὴν</span> 
     </span>
    </p>
   </div>
   <div class='ocr_carea' id='block_1_77' title="bbox 2194 1697 3772 1771">
    <p class='ocr_par' dir='ltr' id='par_1_77' title="bbox 2194 1697 3772 1771">
     <span class='ocr_line' id='line_1_78' title="bbox 2194 1697 3772 1771; baseline 0.004 -20"><span class='ocrx_word' id='word_1_549' title='bbox 2194 1697 2292 1769; x_wconf 81' lang='grc' dir='ltr'>τὴν</span> <span class='ocrx_word' id='word_1_550' title='bbox 2340 1698 2440 1763; x_wconf 89' lang='grc' dir='ltr'>τάς</span> <span class='ocrx_word' id='word_1_551' title='bbox 2486 1698 2810 1769; x_wconf 86' lang='grc' dir='ltr'>Ἐκκλησίας</span> <span class='ocrx_word' id='word_1_552' title='bbox 2854 1702 2954 1770; x_wconf 82' lang='grc' dir='ltr'>τῆς</span> <span class='ocrx_word' id='word_1_553' title='bbox 3000 1700 3290 1771; x_wconf 78' lang='grc' dir='ltr'>Ἀνατολῆς</span> <span class='ocrx_word' id='word_1_554' title='bbox 3332 1701 3772 1758; x_wconf 71' lang='grc' dir='ltr'>καταλαϐοῦσαν.</span> 
     </span>
    </p>
   </div>
   <div class='ocr_carea' id='block_1_78' title="bbox 2196 1789 3774 1866">
    <p class='ocr_par' dir='ltr' id='par_1_78' title="bbox 2196 1789 3774 1866">
     <span class='ocr_line' id='line_1_79' title="bbox 2196 1789 3774 1866; baseline 0.002 -23"><span class='ocrx_word' id='word_1_555' title='bbox 2196 1790 2345 1860; x_wconf 85' lang='grc' dir='ltr'>Ὀσῳ</span> <span class='ocrx_word' id='word_1_556' title='bbox 2371 1789 2480 1859; x_wconf 83' lang='grc' dir='ltr'>γάρ</span> <span class='ocrx_word' id='word_1_557' title='bbox 2505 1790 2858 1861; x_wconf 84' lang='grc' dir='ltr'>χαλεπωτέρα</span> <span class='ocrx_word' id='word_1_558' title='bbox 2888 1792 3109 1858; x_wconf 81' lang='grc' dir='ltr'>γέγονεν</span> <span class='ocrx_word' id='word_1_559' title='bbox 3137 1793 3170 1863; x_wconf 88' lang='grc' dir='ltr'>ή</span> <span class='ocrx_word' id='word_1_560' title='bbox 3211 1791 3370 1863; x_wconf 81' lang='grc' dir='ltr'>ζάλη,</span> <span class='ocrx_word' id='word_1_561' title='bbox 3400 1793 3495 1846; x_wconf 75' lang='grc' dir='ltr'>καὶ</span> <span class='ocrx_word' id='word_1_562' title='bbox 3537 1793 3774 1866; x_wconf 79' lang='grc' dir='ltr'>βαρύτε⁴</span> 
     </span>
    </p>
   </div>
   <div class='ocr_carea' id='block_1_79' title="bbox 2197 1879 3774 1955">
    <p class='ocr_par' dir='ltr' id='par_1_79' title="bbox 2197 1879 3774 1955">
     <span class='ocr_line' id='line_1_80' title="bbox 2197 1879 3774 1955; baseline 0.008 -26"><span class='ocrx_word' id='word_1_563' title='bbox 2197 1899 2288 1955; x_wconf 80' lang='grc' dir='ltr'>ρος</span> <span class='ocrx_word' id='word_1_564' title='bbox 2346 1885 2375 1935; x_wconf 86' lang='grc' dir='ltr'>ὁ</span> <span class='ocrx_word' id='word_1_565' title='bbox 2433 1879 2660 1953; x_wconf 87' lang='grc' dir='ltr'>χειμὼν,</span> <span class='ocrx_word' id='word_1_566' title='bbox 2717 1882 2954 1952; x_wconf 83' lang='grc' dir='ltr'>τοσούτῳ</span> <span class='ocrx_word' id='word_1_567' title='bbox 3007 1884 3100 1937; x_wconf 80' lang='grc' dir='ltr'>καὶ</span> <span class='ocrx_word' id='word_1_568' title='bbox 3143 1884 3271 1954; x_wconf 90' lang='grc' dir='ltr'>ὑμῖν</span> <span class='ocrx_word' id='word_1_569' title='bbox 3321 1884 3519 1938; x_wconf 86' lang='grc' dir='ltr'>πλείων</span> <span class='ocrx_word' id='word_1_570' title='bbox 3549 1885 3707 1940; x_wconf 78' lang='grc' dir='ltr'>ἔσται</span> <span class='ocrx_word' id='word_1_571' title='bbox 3741 1888 3774 1941; x_wconf 87' lang='lat'>6</span> 
     </span>
    </p>
   </div>
   <div class='ocr_carea' id='block_1_80' title="bbox 2196 1969 3774 2047">
    <p class='ocr_par' dir='ltr' id='par_1_80' title="bbox 2196 1969 3774 2047">
     <span class='ocr_line' id='line_1_81' title="bbox 2196 1969 3774 2047; baseline 0.004 -24"><span class='ocrx_word' id='word_1_572' title='bbox 2196 1969 2408 2042; x_wconf 81' lang='grc' dir='ltr'>μισθὸς,</span> <span class='ocrx_word' id='word_1_573' title='bbox 2429 1975 2548 2035; x_wconf 85' lang='grc' dir='ltr'>ταῖς</span> <span class='ocrx_word' id='word_1_574' title='bbox 2579 1972 2758 2025; x_wconf 84' lang='grc' dir='ltr'>πάντα</span> <span class='ocrx_word' id='word_1_575' title='bbox 2786 1972 2988 2043; x_wconf 79' lang='grc' dir='ltr'>πρᾶξαι</span> <span class='ocrx_word' id='word_1_576' title='bbox 3014 1974 3109 2027; x_wconf 71' lang='grc' dir='ltr'>καὶ</span> <span class='ocrx_word' id='word_1_577' title='bbox 3136 1974 3327 2027; x_wconf 87' lang='grc' dir='ltr'>παθεῖν</span> <span class='ocrx_word' id='word_1_578' title='bbox 3351 1975 3774 2047; x_wconf 76' lang='grc' dir='ltr'>αἱρουμέναιςι,</span> 
     </span>
    </p>
   </div>
   <div class='ocr_carea' id='block_1_81' title="bbox 2194 2062 3770 2137">
    <p class='ocr_par' dir='ltr' id='par_1_81' title="bbox 2194 2062 3770 2137">
     <span class='ocr_line' id='line_1_82' title="bbox 2194 2062 3770 2137; baseline 0.003 -21"><span class='ocrx_word' id='word_1_579' title='bbox 2194 2062 2335 2135; x_wconf 84' lang='grc' dir='ltr'>ὑπὲρ</span> <span class='ocrx_word' id='word_1_580' title='bbox 2362 2062 2584 2131; x_wconf 73' lang='grc' dir='ltr'>τοῦτὴν</span> <span class='ocrx_word' id='word_1_581' title='bbox 2612 2063 3064 2134; x_wconf 86' lang='grc' dir='ltr'>διαταραχθεῖσαν</span> <span class='ocrx_word' id='word_1_582' title='bbox 3103 2066 3327 2136; x_wconf 89' lang='grc' dir='ltr'>είρήνην</span> <span class='ocrx_word' id='word_1_583' title='bbox 3372 2069 3770 2137; x_wconf 84' lang='grc' dir='ltr'>ἐπαναγαγεῖν,</span> 
     </span>
    </p>
   </div>
   <div class='ocr_carea' id='block_1_82' title="bbox 2194 2154 3770 2231">
    <p class='ocr_par' dir='ltr' id='par_1_82' title="bbox 2194 2154 3770 2231">
     <span class='ocr_line' id='line_1_83' title="bbox 2194 2154 3770 2231; baseline 0.003 -22"><span class='ocrx_word' id='word_1_584' title='bbox 2194 2155 2288 2209; x_wconf 70' lang='grc' dir='ltr'>καὶ</span> <span class='ocrx_word' id='word_1_585' title='bbox 2317 2156 2374 2207; x_wconf 83' lang='grc' dir='ltr'>ἐν</span> <span class='ocrx_word' id='word_1_586' title='bbox 2408 2154 2737 2208; x_wconf 89' lang='grc' dir='ltr'>καταστάσει</span> <span class='ocrx_word' id='word_1_587' title='bbox 2779 2159 2843 2226; x_wconf 83' lang='grc' dir='ltr'>τῇ</span> <span class='ocrx_word' id='word_1_588' title='bbox 2870 2156 3219 2231; x_wconf 78' lang='grc' dir='ltr'>προσηκούσῃ</span> <span class='ocrx_word' id='word_1_589' title='bbox 3255 2157 3552 2211; x_wconf 83' lang='grc' dir='ltr'>σπουδάσαι</span> <span class='ocrx_word' id='word_1_590' title='bbox 3590 2177 3770 2213; x_wconf 60' lang='grc' dir='ltr'>κατα-</span> 
     </span>
    </p>
   </div>
   <div class='ocr_carea' id='block_1_83' title="bbox 2196 2232 3348 2317">
    <p class='ocr_par' dir='ltr' id='par_1_83' title="bbox 2196 2232 3348 2317">
     <span class='ocr_line' id='line_1_84' title="bbox 2196 2232 3348 2317; baseline 0.002 -18"><span class='ocrx_word' id='word_1_591' title='bbox 2196 2245 2389 2316; x_wconf 77' lang='grc' dir='ltr'>στῆσαι</span> <span class='ocrx_word' id='word_1_592' title='bbox 2419 2244 2841 2317; x_wconf 85' lang='grc' dir='ltr'>διαταραχθέντα</span> <span class='ocrx_word' id='word_1_593' title='bbox 2867 2247 3097 2301; x_wconf 70' lang='grc' dir='ltr'>ἅπαντα.</span> <span class='ocrx_word' id='word_1_594' title='bbox 3344 2232 3348 2234; x_wconf 13' lang='grc' dir='ltr'><strong>Ἴ</strong></span> 
     </span>
    </p>
   </div>
   <div class='ocr_carea' id='block_1_84' title="bbox 2744 2338 3201 2404">
    <p class='ocr_par' dir='ltr' id='par_1_84' title="bbox 2744 2338 3201 2404">
     <span class='ocr_line' id='line_1_85' title="bbox 2744 2338 3201 2404; baseline 0.009 -13"><span class='ocrx_word' id='word_1_595' title='bbox 2744 2340 2921 2396; x_wconf 83' lang='lat' dir='ltr'>POA&#39;.</span> <span class='ocrx_word' id='word_1_596' title='bbox 2950 2338 3201 2404; x_wconf 75' lang='grc' dir='ltr'>Μοντίφ.</span> 
     </span>
    </p>
   </div>
   <div class='ocr_carea' id='block_1_85' title="bbox 2265 2427 3775 2504">
    <p class='ocr_par' dir='ltr' id='par_1_85' title="bbox 2265 2427 3775 2504">
     <span class='ocr_line' id='line_1_86' title="bbox 2265 2427 3775 2504; baseline 0.004 -23"><span class='ocrx_word' id='word_1_597' title='bbox 2265 2427 2461 2501; x_wconf 80' lang='grc' dir='ltr'>Πόρρω</span> <span class='ocrx_word' id='word_1_598' title='bbox 2487 2429 2585 2497; x_wconf 86' lang='grc' dir='ltr'>μέν</span> <span class='ocrx_word' id='word_1_599' title='bbox 2614 2446 2708 2482; x_wconf 88' lang='grc' dir='ltr'>σου</span> <span class='ocrx_word' id='word_1_600' title='bbox 2733 2428 3019 2500; x_wconf 86' lang='grc' dir='ltr'>καθήμεθα</span> <span class='ocrx_word' id='word_1_601' title='bbox 3045 2433 3110 2502; x_wconf 74' lang='grc' dir='ltr'>τῇ</span> <span class='ocrx_word' id='word_1_602' title='bbox 3141 2431 3409 2503; x_wconf 75' lang='grc' dir='ltr'>παρουσία</span> <span class='ocrx_word' id='word_1_603' title='bbox 3442 2432 3538 2485; x_wconf 86' lang='grc' dir='ltr'>τοῦ</span> <span class='ocrx_word' id='word_1_604' title='bbox 3580 2432 3775 2504; x_wconf 85' lang='grc' dir='ltr'>σώμα-</span> 
     </span>
    </p>
   </div>
   <div class='ocr_carea' id='block_1_86' title="bbox 2191 2519 3771 2595">
    <p class='ocr_par' dir='ltr' id='par_1_86' title="bbox 2191 2519 3771 2595">
     <span class='ocr_line' id='line_1_87' title="bbox 2191 2519 3771 2595; baseline 0.003 -22"><span class='ocrx_word' id='word_1_605' title='bbox 2191 2536 2303 2584; x_wconf 79' lang='grc' dir='ltr'>τος,</span> <span class='ocrx_word' id='word_1_606' title='bbox 2334 2520 2500 2589; x_wconf 76' lang='grc' dir='ltr'>ἐγγὺς</span> <span class='ocrx_word' id='word_1_607' title='bbox 2537 2519 2594 2573; x_wconf 81' lang='grc' dir='ltr'>δὲ</span> <span class='ocrx_word' id='word_1_608' title='bbox 2631 2522 2695 2591; x_wconf 78' lang='grc' dir='ltr'>τῇ</span> <span class='ocrx_word' id='word_1_609' title='bbox 2722 2519 2959 2573; x_wconf 84' lang='grc' dir='ltr'>διαθέσει</span> <span class='ocrx_word' id='word_1_610' title='bbox 2998 2521 3097 2592; x_wconf 85' lang='grc' dir='ltr'>τῆς</span> <span class='ocrx_word' id='word_1_611' title='bbox 3135 2520 3333 2592; x_wconf 68' lang='grc' dir='ltr'>ψυχῆς,</span> <span class='ocrx_word' id='word_1_612' title='bbox 3369 2523 3463 2575; x_wconf 80' lang='grc' dir='ltr'>καὶ</span> <span class='ocrx_word' id='word_1_613' title='bbox 3497 2523 3771 2595; x_wconf 79' lang='grc' dir='ltr'>σύνεσμέν</span> 
     </span>
    </p>
   </div>
   <div class='ocr_carea' id='block_1_87' title="bbox 2194 2608 3772 2687">
    <p class='ocr_par' dir='ltr' id='par_1_87' title="bbox 2194 2608 3772 2687">
     <span class='ocr_line' id='line_1_88' title="bbox 2194 2608 3772 2687; baseline 0.001 -23"><span class='ocrx_word' id='word_1_614' title='bbox 2194 2626 2296 2677; x_wconf 89' lang='grc' dir='ltr'>σοι,</span> <span class='ocrx_word' id='word_1_615' title='bbox 2322 2608 2474 2683; x_wconf 68' lang='grc'>[698]</span> <span class='ocrx_word' id='word_1_616' title='bbox 2507 2613 2601 2664; x_wconf 70' lang='grc' dir='ltr'>καὶ</span> <span class='ocrx_word' id='word_1_617' title='bbox 2630 2612 3095 2682; x_wconf 83' lang='grc' dir='ltr'>συμπεπλέγμεθα</span> <span class='ocrx_word' id='word_1_618' title='bbox 3124 2612 3245 2665; x_wconf 87' lang='grc' dir='ltr'>καθ’</span> <span class='ocrx_word' id='word_1_619' title='bbox 3270 2614 3503 2685; x_wconf 79' lang='grc' dir='ltr'>ἑκάστην</span> <span class='ocrx_word' id='word_1_620' title='bbox 3530 2615 3772 2687; x_wconf 78' lang='grc' dir='ltr'>ἡμέραν,</span> 
     </span>
    </p>
   </div>
   <div class='ocr_carea' id='block_1_88' title="bbox 2191 2703 3775 2779">
    <p class='ocr_par' dir='ltr' id='par_1_88' title="bbox 2191 2703 3775 2779">
     <span class='ocr_line' id='line_1_89' title="bbox 2191 2703 3775 2779; baseline 0.003 -22"><span class='ocrx_word' id='word_1_621' title='bbox 2191 2703 2283 2757; x_wconf 81' lang='grc' dir='ltr'>τὸν</span> <span class='ocrx_word' id='word_1_622' title='bbox 2311 2703 2510 2775; x_wconf 84' lang='grc' dir='ltr'>θερμόν</span> <span class='ocrx_word' id='word_1_623' title='bbox 2533 2721 2626 2757; x_wconf 91' lang='grc' dir='ltr'>σου</span> <span class='ocrx_word' id='word_1_624' title='bbox 2659 2704 2787 2775; x_wconf 77' lang='grc' dir='ltr'>περὶ</span> <span class='ocrx_word' id='word_1_625' title='bbox 2814 2705 2960 2776; x_wconf 78' lang='grc' dir='ltr'>ἡμᾶς</span> <span class='ocrx_word' id='word_1_626' title='bbox 2979 2704 3175 2777; x_wconf 79' lang='grc' dir='ltr'>ἔρωτα,</span> <span class='ocrx_word' id='word_1_627' title='bbox 3199 2706 3298 2778; x_wconf 80' lang='grc' dir='ltr'>τὴν</span> <span class='ocrx_word' id='word_1_628' title='bbox 3320 2707 3648 2776; x_wconf 79' lang='grc' dir='ltr'>φιλοξενίαν,</span> <span class='ocrx_word' id='word_1_629' title='bbox 3673 2708 3775 2779; x_wconf 71' lang='grc' dir='ltr'>τὴν</span> 
     </span>
    </p>
   </div>
   <div class='ocr_carea' id='block_1_89' title="bbox 2195 2791 3774 2871">
    <p class='ocr_par' dir='ltr' id='par_1_89' title="bbox 2195 2791 3774 2871">
     <span class='ocr_line' id='line_1_90' title="bbox 2195 2791 3774 2871; baseline 0.006 -27"><span class='ocrx_word' id='word_1_630' title='bbox 2195 2791 2608 2865; x_wconf 88' lang='grc' dir='ltr'>φιλοφροσύνην,</span> <span class='ocrx_word' id='word_1_631' title='bbox 2643 2792 2740 2865; x_wconf 78' lang='grc' dir='ltr'>τὴν</span> <span class='ocrx_word' id='word_1_632' title='bbox 2762 2794 3030 2866; x_wconf 88' lang='grc' dir='ltr'>τοσαύτην</span> <span class='ocrx_word' id='word_1_633' title='bbox 3061 2796 3355 2869; x_wconf 87' lang='grc' dir='ltr'>θεραπείαν</span> <span class='ocrx_word' id='word_1_634' title='bbox 3384 2798 3476 2851; x_wconf 74' lang='grc' dir='ltr'>καὶ</span> <span class='ocrx_word' id='word_1_635' title='bbox 3507 2800 3774 2871; x_wconf 72' lang='grc' dir='ltr'>σπουδὴν⁹</span> 
     </span>
    </p>
   </div>
   <div class='ocr_carea' id='block_1_90' title="bbox 2194 2884 3777 2963">
    <p class='ocr_par' dir='ltr' id='par_1_90' title="bbox 2194 2884 3777 2963">
     <span class='ocr_line' id='line_1_91' title="bbox 2194 2884 3777 2963; baseline 0.006 -26"><span class='ocrx_word' id='word_1_636' title='bbox 2194 2884 2261 2956; x_wconf 82' lang='grc' dir='ltr'>ήν</span> <span class='ocrx_word' id='word_1_637' title='bbox 2286 2884 2374 2938; x_wconf 80' lang='grc' dir='ltr'>διὰ</span> <span class='ocrx_word' id='word_1_638' title='bbox 2413 2884 2627 2938; x_wconf 85' lang='grc' dir='ltr'>πάντων</span> <span class='ocrx_word' id='word_1_639' title='bbox 2659 2886 2938 2951; x_wconf 79' lang='grc' dir='ltr'>ἐπεδείξω,</span> <span class='ocrx_word' id='word_1_640' title='bbox 2973 2886 3094 2940; x_wconf 85' lang='grc' dir='ltr'>καθ’</span> <span class='ocrx_word' id='word_1_641' title='bbox 3127 2890 3352 2953; x_wconf 75' lang='grc' dir='ltr'>ἑαυτοὺς</span> <span class='ocrx_word' id='word_1_642' title='bbox 3381 2890 3777 2963; x_wconf 79' lang='grc' dir='ltr'>ἀναλογιζόμε-</span> 
     </span>
    </p>
   </div>
   <div class='ocr_carea' id='block_1_91' title="bbox 2193 2974 3774 3054">
    <p class='ocr_par' dir='ltr' id='par_1_91' title="bbox 2193 2974 3774 3054">
     <span class='ocr_line' id='line_1_92' title="bbox 2193 2974 3774 3054; baseline 0.005 -26"><span class='ocrx_word' id='word_1_643' title='bbox 2193 2991 2294 3036; x_wconf 90' lang='grc' dir='ltr'>νοι,</span> <span class='ocrx_word' id='word_1_644' title='bbox 2332 2974 2427 3028; x_wconf 81' lang='grc' dir='ltr'>καὶ</span> <span class='ocrx_word' id='word_1_645' title='bbox 2458 2974 2829 3046; x_wconf 81' lang='grc' dir='ltr'>ἐντρυφῶντες</span> <span class='ocrx_word' id='word_1_646' title='bbox 2866 2979 2931 3047; x_wconf 81' lang='grc' dir='ltr'>τῇ</span> <span class='ocrx_word' id='word_1_647' title='bbox 2983 2978 3171 3049; x_wconf 79' lang='grc' dir='ltr'>μνήμῃ</span> <span class='ocrx_word' id='word_1_648' title='bbox 3219 2979 3319 3049; x_wconf 81' lang='grc' dir='ltr'>τῆς</span> <span class='ocrx_word' id='word_1_649' title='bbox 3348 2981 3629 3049; x_wconf 81' lang='grc' dir='ltr'>εὐγενείας</span> <span class='ocrx_word' id='word_1_650' title='bbox 3671 2984 3774 3054; x_wconf 84' lang='grc' dir='ltr'>τῆς</span> 
     </span>
    </p>
   </div>
   <div class='ocr_carea' id='block_1_92' title="bbox 2172 3066 3777 3145">
    <p class='ocr_par' dir='ltr' id='par_1_92' title="bbox 2172 3066 3777 3145">
     <span class='ocr_line' id='line_1_93' title="bbox 2172 3066 3777 3145; baseline 0.006 -27"><span class='ocrx_word' id='word_1_651' title='bbox 2172 3066 2315 3137; x_wconf 80' lang='grc' dir='ltr'>-σῆς,</span> <span class='ocrx_word' id='word_1_652' title='bbox 2355 3066 2449 3119; x_wconf 75' lang='grc' dir='ltr'>καὶ</span> <span class='ocrx_word' id='word_1_653' title='bbox 2478 3068 2612 3138; x_wconf 76' lang='grc' dir='ltr'>πρὸς</span> <span class='ocrx_word' id='word_1_654' title='bbox 2635 3067 2879 3132; x_wconf 72' lang='grc' dir='ltr'>ἅπαντας</span> <span class='ocrx_word' id='word_1_655' title='bbox 2906 3069 3368 3141; x_wconf 82' lang='grc' dir='ltr'>άνακηρύττοντές</span> <span class='ocrx_word' id='word_1_656' title='bbox 3396 3089 3489 3125; x_wconf 88' lang='grc' dir='ltr'>σου</span> <span class='ocrx_word' id='word_1_657' title='bbox 3510 3074 3611 3145; x_wconf 81' lang='grc' dir='ltr'>τὴν</span> <span class='ocrx_word' id='word_1_658' title='bbox 3637 3076 3777 3128; x_wconf 86' lang='grc' dir='ltr'>είλι-</span> 
     </span>
    </p>
   </div>
   <div class='ocr_carea' id='block_1_93' title="bbox 2194 3156 3774 3239">
    <p class='ocr_par' dir='ltr' id='par_1_93' title="bbox 2194 3156 3774 3239">
     <span class='ocr_line' id='line_1_94' title="bbox 2194 3156 3774 3239; baseline 0.007 -29"><span class='ocrx_word' id='word_1_659' title='bbox 2194 3156 2354 3228; x_wconf 84' lang='grc' dir='ltr'>κρινῆ</span> <span class='ocrx_word' id='word_1_660' title='bbox 2376 3157 2635 3221; x_wconf 84' lang='grc' dir='ltr'>διάθεσιν,</span> <span class='ocrx_word' id='word_1_661' title='bbox 2660 3159 2754 3212; x_wconf 68' lang='grc' dir='ltr'>καὶ</span> <span class='ocrx_word' id='word_1_662' title='bbox 2779 3160 2926 3214; x_wconf 88' lang='grc' dir='ltr'>δόλον</span> <span class='ocrx_word' id='word_1_663' title='bbox 2945 3162 3045 3215; x_wconf 89' lang='grc' dir='ltr'>οὐκ</span> <span class='ocrx_word' id='word_1_664' title='bbox 3065 3162 3311 3235; x_wconf 77' lang='grc' dir='ltr'>ἔχουσαν.</span> <span class='ocrx_word' id='word_1_665' title='bbox 3347 3164 3437 3218; x_wconf 80' lang='grc' dir='ltr'>Διὸ</span> <span class='ocrx_word' id='word_1_666' title='bbox 3461 3166 3557 3219; x_wconf 63' lang='grc' dir='ltr'>καλ⁵</span> <span class='ocrx_word' id='word_1_667' title='bbox 3584 3183 3774 3239; x_wconf 79' lang='grc' dir='ltr'>γραμ-</span> 
     </span>
    </p>
   </div>
   <div class='ocr_carea' id='block_1_94' title="bbox 2198 3246 3770 3327">
    <p class='ocr_par' dir='ltr' id='par_1_94' title="bbox 2198 3246 3770 3327">
     <span class='ocr_line' id='line_1_95' title="bbox 2198 3246 3770 3327; baseline 0.008 -29"><span class='ocrx_word' id='word_1_668' title='bbox 2198 3248 2386 3317; x_wconf 89' lang='grc' dir='ltr'>μάτων</span> <span class='ocrx_word' id='word_1_669' title='bbox 2435 3246 2807 3319; x_wconf 81' lang='grc' dir='ltr'>ἐπιθυμοῦμεν</span> <span class='ocrx_word' id='word_1_670' title='bbox 2840 3250 2939 3315; x_wconf 84' lang='grc' dir='ltr'>τῆς</span> <span class='ocrx_word' id='word_1_671' title='bbox 2980 3252 3256 3320; x_wconf 78' lang='grc' dir='ltr'>εὐγενείας</span> <span class='ocrx_word' id='word_1_672' title='bbox 3292 3256 3390 3326; x_wconf 82' lang='grc' dir='ltr'>τῆς</span> <span class='ocrx_word' id='word_1_673' title='bbox 3419 3255 3539 3327; x_wconf 83' lang='grc' dir='ltr'>σῆς,</span> <span class='ocrx_word' id='word_1_674' title='bbox 3576 3258 3675 3309; x_wconf 87' lang='grc' dir='ltr'>καί</span> <span class='ocrx_word' id='word_1_675' title='bbox 3711 3274 3770 3310; x_wconf 83' lang='grc' dir='ltr'>σε</span> 
     </span>
    </p>
   </div>
   <div class='ocr_carea' id='block_1_95' title="bbox 2195 3337 3771 3412">
    <p class='ocr_par' dir='ltr' id='par_1_95' title="bbox 2195 3337 3771 3412">
     <span class='ocr_line' id='line_1_96' title="bbox 2195 3337 3771 3412; baseline 0.008 -23"><span class='ocrx_word' id='word_1_676' title='bbox 2195 3337 2614 3410; x_wconf 85' lang='grc' dir='ltr'>παρακαλοῦμεν</span> <span class='ocrx_word' id='word_1_677' title='bbox 2660 3340 2898 3410; x_wconf 83' lang='grc' dir='ltr'>συνεχῶς</span> <span class='ocrx_word' id='word_1_678' title='bbox 2946 3344 3079 3412; x_wconf 80' lang='grc' dir='ltr'>ἡμῖν</span> <span class='ocrx_word' id='word_1_679' title='bbox 3136 3344 3488 3409; x_wconf 79' lang='grc' dir='ltr'>ἐπιστέλλειν,</span> <span class='ocrx_word' id='word_1_680' title='bbox 3554 3350 3651 3400; x_wconf 72' lang='grc' dir='ltr'>καὶ</span> <span class='ocrx_word' id='word_1_681' title='bbox 3704 3349 3771 3402; x_wconf 67' lang='grc' dir='ltr'>τά</span> 
     </span>
    </p>
   </div>
   <div class='ocr_carea' id='block_1_96' title="bbox 2194 3430 3771 3503">
    <p class='ocr_par' dir='ltr' id='par_1_96' title="bbox 2194 3430 3771 3503">
     <span class='ocr_line' id='line_1_97' title="bbox 2194 3430 3771 3503; baseline 0.007 -21"><span class='ocrx_word' id='word_1_682' title='bbox 2194 3430 2323 3503; x_wconf 72' lang='grc' dir='ltr'>περὶ</span> <span class='ocrx_word' id='word_1_683' title='bbox 2354 3431 2454 3500; x_wconf 80' lang='grc' dir='ltr'>τῆς</span> <span class='ocrx_word' id='word_1_684' title='bbox 2477 3430 2666 3498; x_wconf 81' lang='grc' dir='ltr'>ὑγείας</span> <span class='ocrx_word' id='word_1_685' title='bbox 2699 3434 2798 3502; x_wconf 79' lang='grc' dir='ltr'>τῆς</span> <span class='ocrx_word' id='word_1_686' title='bbox 2823 3431 2921 3502; x_wconf 81' lang='grc' dir='ltr'>σῆς</span> <span class='ocrx_word' id='word_1_687' title='bbox 2946 3434 3409 3503; x_wconf 78' lang='grc' dir='ltr'>εὐαγγελίζεσθαι,</span> <span class='ocrx_word' id='word_1_688' title='bbox 3446 3437 3534 3491; x_wconf 74' lang='grc' dir='ltr'>ἵνα</span> <span class='ocrx_word' id='word_1_689' title='bbox 3573 3439 3673 3491; x_wconf 82' lang='grc' dir='ltr'>καὶ</span> <span class='ocrx_word' id='word_1_690' title='bbox 3708 3443 3771 3493; x_wconf 83' lang='grc' dir='ltr'>ἐκ</span> 
     </span>
    </p>
   </div>
   <div class='ocr_carea' id='block_1_97' title="bbox 2191 3520 3772 3599">
    <p class='ocr_par' dir='ltr' id='par_1_97' title="bbox 2191 3520 3772 3599">
     <span class='ocr_line' id='line_1_98' title="bbox 2191 3520 3772 3599; baseline 0.005 -25"><span class='ocrx_word' id='word_1_691' title='bbox 2191 3520 2379 3574; x_wconf 87' lang='grc' dir='ltr'>τούτου</span> <span class='ocrx_word' id='word_1_692' title='bbox 2416 3520 2615 3591; x_wconf 78' lang='grc' dir='ltr'>πολλὴν</span> <span class='ocrx_word' id='word_1_693' title='bbox 2643 3523 3063 3594; x_wconf 78' lang='grc' dir='ltr'>καρπωσώμεθα</span> <span class='ocrx_word' id='word_1_694' title='bbox 3088 3525 3187 3595; x_wconf 82' lang='grc' dir='ltr'>τὴν</span> <span class='ocrx_word' id='word_1_695' title='bbox 3222 3527 3588 3599; x_wconf 82' lang='grc' dir='ltr'>παράκλησιν,</span> <span class='ocrx_word' id='word_1_696' title='bbox 3634 3546 3772 3599; x_wconf 81' lang='grc' dir='ltr'>μαν-</span> 
     </span>
    </p>
   </div>
   <div class='ocr_carea' id='block_1_98' title="bbox 2193 3612 3771 3695">
    <p class='ocr_par' dir='ltr' id='par_1_98' title="bbox 2193 3612 3771 3695">
     <span class='ocr_line' id='line_1_99' title="bbox 2193 3612 3771 3695; baseline 0.006 -29"><span class='ocrx_word' id='word_1_697' title='bbox 2193 3612 2444 3675; x_wconf 82' lang='grc' dir='ltr'>θάνοντες</span> <span class='ocrx_word' id='word_1_698' title='bbox 2489 3612 2557 3666; x_wconf 80' lang='grc' dir='ltr'>τὰ</span> <span class='ocrx_word' id='word_1_699' title='bbox 2604 3614 2730 3684; x_wconf 77' lang='grc' dir='ltr'>περὶ</span> <span class='ocrx_word' id='word_1_700' title='bbox 2775 3612 2875 3683; x_wconf 76' lang='grc' dir='ltr'>τῆς</span> <span class='ocrx_word' id='word_1_701' title='bbox 2934 3614 3154 3687; x_wconf 77' lang='grc' dir='ltr'>ῥώσεως</span> <span class='ocrx_word' id='word_1_702' title='bbox 3195 3620 3295 3690; x_wconf 79' lang='grc' dir='ltr'>τῆς</span> <span class='ocrx_word' id='word_1_703' title='bbox 3320 3620 3438 3691; x_wconf 81' lang='grc' dir='ltr'>σῆς.</span> <span class='ocrx_word' id='word_1_704' title='bbox 3482 3621 3633 3675; x_wconf 83' lang='grc' dir='ltr'>Πάνυ</span> <span class='ocrx_word' id='word_1_705' title='bbox 3659 3622 3771 3695; x_wconf 78' lang='grc' dir='ltr'>γάρ</span> 
     </span>
    </p>
   </div>
   <div class='ocr_carea' id='block_1_99' title="bbox 2192 3703 3773 3782">
    <p class='ocr_par' dir='ltr' id='par_1_99' title="bbox 2192 3703 3773 3782">
     <span class='ocr_line' id='line_1_100' title="bbox 2192 3703 3773 3782; baseline 0.007 -26"><span class='ocrx_word' id='word_1_706' title='bbox 2192 3705 2324 3775; x_wconf 84' lang='grc' dir='ltr'>ἡμῖν</span> <span class='ocrx_word' id='word_1_707' title='bbox 2356 3703 2512 3757; x_wconf 86' lang='grc' dir='ltr'>τοῦτο</span> <span class='ocrx_word' id='word_1_708' title='bbox 2542 3704 3007 3775; x_wconf 88' lang='grc' dir='ltr'>περισπούδαστον</span> <span class='ocrx_word' id='word_1_709' title='bbox 3047 3708 3263 3763; x_wconf 77' lang='grc' dir='ltr'>εἰδέναι.</span> <span class='ocrx_word' id='word_1_710' title='bbox 3298 3710 3389 3782; x_wconf 78' lang='grc' dir='ltr'>Μὴ</span> <span class='ocrx_word' id='word_1_711' title='bbox 3416 3714 3597 3767; x_wconf 88' lang='grc' dir='ltr'>τοίνυν</span> <span class='ocrx_word' id='word_1_712' title='bbox 3629 3715 3773 3767; x_wconf 85' lang='grc' dir='ltr'>ἀπο-</span> 
     </span>
    </p>
   </div>
   <div class='ocr_carea' id='block_1_100' title="bbox 2194 3794 3772 3874">
    <p class='ocr_par' dir='ltr' id='par_1_100' title="bbox 2194 3794 3772 3874">
     <span class='ocr_line' id='line_1_101' title="bbox 2194 3794 3772 3874; baseline 0.008 -26"><span class='ocrx_word' id='word_1_713' title='bbox 2194 3796 2462 3866; x_wconf 75' lang='grc' dir='ltr'>στερήσῃς</span> <span class='ocrx_word' id='word_1_714' title='bbox 2501 3796 2646 3865; x_wconf 81' lang='grc' dir='ltr'>ήμᾶς</span> <span class='ocrx_word' id='word_1_715' title='bbox 2677 3794 2883 3868; x_wconf 79' lang='grc' dir='ltr'>ταύτης</span> <span class='ocrx_word' id='word_1_716' title='bbox 2907 3798 3004 3868; x_wconf 84' lang='grc' dir='ltr'>τῆς</span> <span class='ocrx_word' id='word_1_717' title='bbox 3029 3800 3382 3874; x_wconf 83' lang='grc' dir='ltr'>εὐφροσύνης·</span> <span class='ocrx_word' id='word_1_718' title='bbox 3434 3804 3549 3858; x_wconf 75' lang='grc' dir='ltr'>ἀλλ’</span> <span class='ocrx_word' id='word_1_719' title='bbox 3576 3806 3772 3869; x_wconf 76' lang='grc' dir='ltr'>ὁσάκις</span> 
     </span>
    </p>
   </div>
   <div class='ocr_carea' id='block_1_101' title="bbox 2178 3886 3397 3962">
    <p class='ocr_par' dir='ltr' id='par_1_101' title="bbox 2178 3886 3397 3962">
     <span class='ocr_line' id='line_1_102' title="bbox 2178 3886 3397 3962; baseline 0.011 -27"><span class='ocrx_word' id='word_1_720' title='bbox 2178 3887 2260 3942; x_wconf 81' lang='grc' dir='ltr'>,ἂν</span> <span class='ocrx_word' id='word_1_721' title='bbox 2292 3886 2386 3958; x_wconf 81' lang='grc' dir='ltr'>ἐξῇ</span> <span class='ocrx_word' id='word_1_722' title='bbox 2414 3886 2612 3960; x_wconf 84' lang='grc' dir='ltr'>γράφε,</span> <span class='ocrx_word' id='word_1_723' title='bbox 2651 3886 2820 3941; x_wconf 77' lang='grc' dir='ltr'>ταῦτα</span> <span class='ocrx_word' id='word_1_724' title='bbox 2848 3889 3328 3962; x_wconf 79' lang='grc' dir='ltr'>εὐαγγελιζόμενος</span> <span class='ocrx_word' id='word_1_725' title='bbox 3348 3895 3397 3948; x_wconf 75' lang='lat' dir='ltr'>b.</span> 
     </span>
    </p>
   </div>
   <div class='ocr_carea' id='block_1_102' title="bbox 2711 3978 3238 4048">
    <p class='ocr_par' dir='ltr' id='par_1_102' title="bbox 2711 3978 3238 4048">
     <span class='ocr_line' id='line_1_103' title="bbox 2711 3978 3238 4048; baseline 0.011 -15"><span class='ocrx_word' id='word_1_726' title='bbox 2711 3978 2885 4035; x_wconf 75' lang='lat' dir='ltr'><em>POB&#39;.</em></span> <span class='ocrx_word' id='word_1_727' title='bbox 2925 3982 3238 4048; x_wconf 61' lang='lat' dir='ltr'>&#39;EJJaka.</span> 
     </span>
    </p>
   </div>
   <div class='ocr_carea' id='block_1_103' title="bbox 2277 4069 3773 4148">
    <p class='ocr_par' dir='ltr' id='par_1_103' title="bbox 2277 4069 3773 4148">
     <span class='ocr_line' id='line_1_104' title="bbox 2277 4069 3773 4148; baseline 0.006 -26"><span class='ocrx_word' id='word_1_728' title='bbox 2277 4069 2463 4139; x_wconf 84' lang='grc' dir='ltr'>Ὀλίγα</span> <span class='ocrx_word' id='word_1_729' title='bbox 2496 4070 2594 4139; x_wconf 86' lang='grc' dir='ltr'>μέν</span> <span class='ocrx_word' id='word_1_730' title='bbox 2627 4088 2708 4125; x_wconf 92' lang='grc' dir='ltr'>σοι</span> <span class='ocrx_word' id='word_1_731' title='bbox 2736 4074 3154 4144; x_wconf 86' lang='grc' dir='ltr'>συνεγενόμεθα,</span> <span class='ocrx_word' id='word_1_732' title='bbox 3183 4075 3382 4146; x_wconf 77' lang='grc' dir='ltr'>πολλὴν</span> <span class='ocrx_word' id='word_1_733' title='bbox 3412 4075 3470 4129; x_wconf 82' lang='grc' dir='ltr'>δὲ</span> <span class='ocrx_word' id='word_1_734' title='bbox 3510 4077 3614 4148; x_wconf 78' lang='grc' dir='ltr'>τὴν</span> <span class='ocrx_word' id='word_1_735' title='bbox 3649 4082 3773 4132; x_wconf 76' lang='grc' dir='ltr'>πεῖ·</span> 
     </span>
    </p>
   </div>
   <div class='ocr_carea' id='block_1_104' title="bbox 2198 4160 3770 4239">
    <p class='ocr_par' dir='ltr' id='par_1_104' title="bbox 2198 4160 3770 4239">
     <span class='ocr_line' id='line_1_105' title="bbox 2198 4160 3770 4239; baseline 0.007 -26"><span class='ocrx_word' id='word_1_736' title='bbox 2198 4160 2297 4232; x_wconf 89' lang='grc' dir='ltr'>ράν</span> <span class='ocrx_word' id='word_1_737' title='bbox 2332 4179 2424 4215; x_wconf 88' lang='grc' dir='ltr'>σου</span> <span class='ocrx_word' id='word_1_738' title='bbox 2458 4162 2558 4231; x_wconf 79' lang='grc' dir='ltr'>τῆς</span> <span class='ocrx_word' id='word_1_739' title='bbox 2587 4163 2816 4233; x_wconf 74' lang='grc' dir='ltr'>γνησίας</span> <span class='ocrx_word' id='word_1_740' title='bbox 2848 4165 2940 4217; x_wconf 69' lang='grc' dir='ltr'>καὶ</span> <span class='ocrx_word' id='word_1_741' title='bbox 2968 4164 3171 4238; x_wconf 81' lang='grc' dir='ltr'>θερμῆς</span> <span class='ocrx_word' id='word_1_742' title='bbox 3198 4167 3495 4239; x_wconf 85' lang='grc' dir='ltr'>εἰλήφαμεν</span> <span class='ocrx_word' id='word_1_743' title='bbox 3519 4170 3770 4239; x_wconf 81' lang='grc' dir='ltr'>ἀγάπης.</span> 
     </span>
    </p>
   </div>
   <div class='ocr_carea' id='block_1_105' title="bbox 2194 4251 3771 4330">
    <p class='ocr_par' dir='ltr' id='par_1_105' title="bbox 2194 4251 3771 4330">
     <span class='ocr_line' id='line_1_106' title="bbox 2194 4251 3771 4330; baseline 0.006 -25"><span class='ocrx_word' id='word_1_744' title='bbox 2194 4252 2305 4305; x_wconf 74' lang='grc' dir='ltr'>Καὶ</span> <span class='ocrx_word' id='word_1_745' title='bbox 2327 4251 2436 4323; x_wconf 84' lang='grc' dir='ltr'>γάρ</span> <span class='ocrx_word' id='word_1_746' title='bbox 2462 4255 2516 4307; x_wconf 86' lang='grc' dir='ltr'>αἱ</span> <span class='ocrx_word' id='word_1_747' title='bbox 2538 4256 2779 4321; x_wconf 82' lang='grc' dir='ltr'>γενναῖαι</span> <span class='ocrx_word' id='word_1_748' title='bbox 2808 4253 2977 4326; x_wconf 71' lang='grc' dir='ltr'>ψυχαὶ</span> <span class='ocrx_word' id='word_1_749' title='bbox 3008 4257 3065 4307; x_wconf 81' lang='grc' dir='ltr'>ἐν</span> <span class='ocrx_word' id='word_1_750' title='bbox 3097 4256 3288 4327; x_wconf 74' lang='grc' dir='ltr'>βραχεῖ</span> <span class='ocrx_word' id='word_1_751' title='bbox 3316 4258 3491 4330; x_wconf 80' lang='grc' dir='ltr'>καιρῷ</span> <span class='ocrx_word' id='word_1_752' title='bbox 3517 4262 3644 4322; x_wconf 75' lang='grc' dir='ltr'>τοὺς</span> <span class='ocrx_word' id='word_1_753' title='bbox 3679 4263 3771 4313; x_wconf 81' lang='grc' dir='ltr'>ἐν·</span> 
     </span>
    </p>
   </div>
   <div class='ocr_carea' id='block_1_106' title="bbox 2192 4344 3773 4422">
    <p class='ocr_par' dir='ltr' id='par_1_106' title="bbox 2192 4344 3773 4422">
     <span class='ocr_line' id='line_1_107' title="bbox 2192 4344 3773 4422; baseline 0.006 -27"><span class='ocrx_word' id='word_1_754' title='bbox 2192 4344 2558 4413; x_wconf 85' lang='grc' dir='ltr'>τυγχάνοντας</span> <span class='ocrx_word' id='word_1_755' title='bbox 2594 4345 2922 4416; x_wconf 82' lang='grc' dir='ltr'>χειροῦνται.</span> <span class='ocrx_word' id='word_1_756' title='bbox 2958 4348 3022 4398; x_wconf 88' lang='grc' dir='ltr'><strong>Ὅ</strong></span> <span class='ocrx_word' id='word_1_757' title='bbox 3054 4347 3118 4418; x_wconf 75' lang='grc' dir='ltr'>δὴ</span> <span class='ocrx_word' id='word_1_758' title='bbox 3143 4348 3237 4400; x_wconf 73' lang='grc' dir='ltr'>καὶ</span> <span class='ocrx_word' id='word_1_759' title='bbox 3274 4350 3433 4412; x_wconf 78' lang='grc' dir='ltr'>αὐτὸς</span> <span class='ocrx_word' id='word_1_760' title='bbox 3460 4352 3773 4422; x_wconf 77' lang='grc' dir='ltr'>πεποίηκας</span> 
     </span>
    </p>
   </div>
   <div class='ocr_carea' id='block_1_107' title="bbox 2193 4434 3771 4512">
    <p class='ocr_par' dir='ltr' id='par_1_107' title="bbox 2193 4434 3771 4512">
     <span class='ocr_line' id='line_1_108' title="bbox 2193 4434 3771 4512; baseline 0.008 -27"><span class='ocrx_word' id='word_1_761' title='bbox 2193 4434 2252 4486; x_wconf 85' lang='grc' dir='ltr'>ἐν</span> <span class='ocrx_word' id='word_1_762' title='bbox 2278 4434 2442 4504; x_wconf 84' lang='grc' dir='ltr'>ὀλίγῳ</span> <span class='ocrx_word' id='word_1_763' title='bbox 2478 4436 2740 4507; x_wconf 68' lang='grc' dir='ltr'>σφοδροὺς</span> <span class='ocrx_word' id='word_1_764' title='bbox 2775 4438 2925 4508; x_wconf 78' lang='grc' dir='ltr'>ήμᾶς</span> <span class='ocrx_word' id='word_1_765' title='bbox 2961 4440 3190 4509; x_wconf 78' lang='grc' dir='ltr'>ποιήσας</span> <span class='ocrx_word' id='word_1_766' title='bbox 3221 4440 3457 4510; x_wconf 76' lang='grc' dir='ltr'>ἐραστάς</span> <span class='ocrx_word' id='word_1_767' title='bbox 3482 4441 3582 4512; x_wconf 75' lang='grc' dir='ltr'>τῆς</span> <span class='ocrx_word' id='word_1_768' title='bbox 3611 4445 3771 4512; x_wconf 80' lang='grc' dir='ltr'>εὐγε-</span> 
     </span>
    </p>
   </div>
   <div class='ocr_carea' id='block_1_108' title="bbox 2192 4526 3772 4601">
    <p class='ocr_par' dir='ltr' id='par_1_108' title="bbox 2192 4526 3772 4601">
     <span class='ocr_line' id='line_1_109' title="bbox 2192 4526 3772 4601; baseline 0.006 -22"><span class='ocrx_word' id='word_1_769' title='bbox 2192 4526 2340 4591; x_wconf 85' lang='grc' dir='ltr'>νείας</span> <span class='ocrx_word' id='word_1_770' title='bbox 2386 4528 2484 4599; x_wconf 83' lang='grc' dir='ltr'>τῆς</span> <span class='ocrx_word' id='word_1_771' title='bbox 2536 4528 2654 4598; x_wconf 78' lang='grc' dir='ltr'>σῆς.</span> <span class='ocrx_word' id='word_1_772' title='bbox 2707 4528 2798 4581; x_wconf 80' lang='grc' dir='ltr'>Διὸ</span> <span class='ocrx_word' id='word_1_773' title='bbox 2831 4530 2924 4582; x_wconf 67' lang='grc' dir='ltr'>κα)⁵</span> <span class='ocrx_word' id='word_1_774' title='bbox 2957 4530 3361 4601; x_wconf 85' lang='grc' dir='ltr'>ἐπιστέλλομεν,</span> <span class='ocrx_word' id='word_1_775' title='bbox 3398 4533 3492 4585; x_wconf 68' lang='grc' dir='ltr'>καὶ</span> <span class='ocrx_word' id='word_1_776' title='bbox 3529 4533 3602 4586; x_wconf 76' lang='grc' dir='ltr'>τὰ</span> <span class='ocrx_word' id='word_1_777' title='bbox 3644 4535 3772 4589; x_wconf 84' lang='grc' dir='ltr'>καθ’</span> 
     </span>
    </p>
   </div>
   <div class='ocr_carea' id='block_1_109' title="bbox 2192 4619 3778 4697">
    <p class='ocr_par' dir='ltr' id='par_1_109' title="bbox 2192 4619 3778 4697">
     <span class='ocr_line' id='line_1_110' title="bbox 2192 4619 3778 4697; baseline 0.007 -28"><span class='ocrx_word' id='word_1_778' title='bbox 2192 4619 2338 4688; x_wconf 74' lang='grc' dir='ltr'>ἡμᾶς</span> <span class='ocrx_word' id='word_1_779' title='bbox 2370 4619 2567 4683; x_wconf 75' lang='grc' dir='ltr'>αὐτοὺς</span> <span class='ocrx_word' id='word_1_780' title='bbox 2595 4619 2885 4691; x_wconf 83' lang='grc' dir='ltr'>δηλοῦμεν,</span> <span class='ocrx_word' id='word_1_781' title='bbox 2918 4621 3000 4675; x_wconf 81' lang='grc' dir='ltr'>ὅτι</span> <span class='ocrx_word' id='word_1_782' title='bbox 3036 4623 3093 4676; x_wconf 88' lang='grc' dir='ltr'>ἐν</span> <span class='ocrx_word' id='word_1_783' title='bbox 3122 4622 3321 4695; x_wconf 69' lang='grc' dir='ltr'>ήσυχία</span> <span class='ocrx_word' id='word_1_784' title='bbox 3355 4624 3446 4677; x_wconf 74' lang='grc' dir='ltr'>καὶ</span> <span class='ocrx_word' id='word_1_785' title='bbox 3475 4626 3778 4697; x_wconf 83' lang='grc' dir='ltr'>ἀπραγμο-</span> 
     </span>
    </p>
   </div>
   <div class='ocr_carea' id='block_1_110' title="bbox 2194 4709 3780 4790">
    <p class='ocr_par' dir='ltr' id='par_1_110' title="bbox 2194 4709 3780 4790">
     <span class='ocr_line' id='line_1_111' title="bbox 2194 4709 3780 4790; baseline 0.008 -28"><span class='ocrx_word' id='word_1_786' title='bbox 2194 4709 2329 4780; x_wconf 81' lang='grc' dir='ltr'>σύνῃ</span> <span class='ocrx_word' id='word_1_787' title='bbox 2359 4710 2620 4781; x_wconf 87' lang='grc' dir='ltr'>διάγομεν</span> <span class='ocrx_word' id='word_1_788' title='bbox 2664 4712 2851 4785; x_wconf 77' lang='grc' dir='ltr'>πολλῇ,</span> <span class='ocrx_word' id='word_1_789' title='bbox 2898 4715 3115 4768; x_wconf 89' lang='grc' dir='ltr'>πάντων</span> <span class='ocrx_word' id='word_1_790' title='bbox 3152 4715 3298 4785; x_wconf 78' lang='grc' dir='ltr'>ἡμᾶς</span> <span class='ocrx_word' id='word_1_791' title='bbox 3337 4716 3573 4771; x_wconf 83' lang='grc' dir='ltr'>ἐνταῦθα</span> <span class='ocrx_word' id='word_1_792' title='bbox 3604 4719 3780 4790; x_wconf 83' lang='grc' dir='ltr'>θερα-</span> 
     </span>
    </p>
   </div>
   <div class='ocr_carea' id='block_1_111' title="bbox 2193 4803 3776 4881">
    <p class='ocr_par' dir='ltr' id='par_1_111' title="bbox 2193 4803 3776 4881">
     <span class='ocr_line' id='line_1_112' title="bbox 2193 4803 3776 4881; baseline 0.006 -25"><span class='ocrx_word' id='word_1_793' title='bbox 2193 4803 2467 4858; x_wconf 86' lang='grc' dir='ltr'>πευόντων</span> <span class='ocrx_word' id='word_1_794' title='bbox 2501 4803 2638 4874; x_wconf 85' lang='grc' dir='ltr'>μετὰ</span> <span class='ocrx_word' id='word_1_795' title='bbox 2675 4806 2931 4877; x_wconf 81' lang='grc' dir='ltr'>σπουδῆς,</span> <span class='ocrx_word' id='word_1_796' title='bbox 2970 4808 3065 4861; x_wconf 82' lang='grc' dir='ltr'>καὶ</span> <span class='ocrx_word' id='word_1_797' title='bbox 3108 4809 3247 4878; x_wconf 74' lang='grc' dir='ltr'>μετὰ</span> <span class='ocrx_word' id='word_1_798' title='bbox 3273 4809 3474 4880; x_wconf 80' lang='grc' dir='ltr'>πολλῆς</span> <span class='ocrx_word' id='word_1_799' title='bbox 3511 4811 3776 4881; x_wconf 80' lang='grc' dir='ltr'>δρώντων</span> 
     </span>
    </p>
   </div>
   <div class='ocr_carea' id='block_1_112' title="bbox 2190 4891 3778 4970">
    <p class='ocr_par' dir='ltr' id='par_1_112' title="bbox 2190 4891 3778 4970">
     <span class='ocr_line' id='line_1_113' title="bbox 2190 4891 3778 4970; baseline 0.007 -24"><span class='ocrx_word' id='word_1_800' title='bbox 2190 4892 2293 4964; x_wconf 82' lang='grc' dir='ltr'>τῆς</span> <span class='ocrx_word' id='word_1_801' title='bbox 2336 4893 2565 4957; x_wconf 84' lang='grc' dir='ltr'>εὐνοίας.</span> <span class='ocrx_word' id='word_1_802' title='bbox 2599 4895 2693 4947; x_wconf 81' lang='grc' dir='ltr'>Ἰν⁹</span> <span class='ocrx_word' id='word_1_803' title='bbox 2726 4891 2818 4948; x_wconf 82' lang='grc' dir='ltr'>οὖν</span> <span class='ocrx_word' id='word_1_804' title='bbox 2871 4897 2964 4950; x_wconf 77' lang='grc' dir='ltr'>καὶ</span> <span class='ocrx_word' id='word_1_805' title='bbox 3000 4896 3070 4950; x_wconf 88' lang='grc' dir='ltr'>τά</span> <span class='ocrx_word' id='word_1_806' title='bbox 3118 4898 3356 4970; x_wconf 84' lang='grc' dir='ltr'>ὑμέτερα</span> <span class='ocrx_word' id='word_1_807' title='bbox 3400 4900 3778 4970; x_wconf 89' lang='grc' dir='ltr'>μανθάνοντες</span> 
     </span>
    </p>
   </div>
   <div class='ocr_carea' id='block_1_113' title="bbox 2191 4986 3777 5067">
    <p class='ocr_par' dir='ltr' id='par_1_113' title="bbox 2191 4986 3777 5067">
     <span class='ocr_line' id='line_1_114' title="bbox 2191 4986 3777 5067; baseline 0.008 -28"><span class='ocrx_word' id='word_1_808' title='bbox 2191 4986 2629 5060; x_wconf 84' lang='grc' dir='ltr'>εὐφραινώμεθα,</span> <span class='ocrx_word' id='word_1_809' title='bbox 2682 4989 2918 5060; x_wconf 82' lang='grc' dir='ltr'>συνεχῶς</span> <span class='ocrx_word' id='word_1_810' title='bbox 2962 4992 3092 5062; x_wconf 83' lang='grc' dir='ltr'>ήμῖν</span> <span class='ocrx_word' id='word_1_811' title='bbox 3140 4993 3471 5047; x_wconf 82' lang='grc' dir='ltr'>ἐπιστέλλειν</span> <span class='ocrx_word' id='word_1_812' title='bbox 3515 4994 3593 5067; x_wconf 74' lang='grc' dir='ltr'>μὴ</span> <span class='ocrx_word' id='word_1_813' title='bbox 3634 5014 3777 5050; x_wconf 85' lang='grc' dir='ltr'>κατ-</span> 
     </span>
    </p>
   </div>
   <div class='ocr_carea' id='block_1_114' title="bbox 2191 5079 3775 5158">
    <p class='ocr_par' dir='ltr' id='par_1_114' title="bbox 2191 5079 3775 5158">
     <span class='ocr_line' id='line_1_115' title="bbox 2191 5079 3775 5158; baseline 0.008 -27"><span class='ocrx_word' id='word_1_814' title='bbox 2191 5079 2358 5143; x_wconf 87' lang='grc' dir='ltr'>όκνει,</span> <span class='ocrx_word' id='word_1_815' title='bbox 2397 5081 2489 5133; x_wconf 81' lang='grc' dir='ltr'>καὶ</span> <span class='ocrx_word' id='word_1_816' title='bbox 2531 5080 2599 5134; x_wconf 88' lang='grc' dir='ltr'>τά</span> <span class='ocrx_word' id='word_1_817' title='bbox 2629 5082 2759 5152; x_wconf 74' lang='grc' dir='ltr'>περὶ</span> <span class='ocrx_word' id='word_1_818' title='bbox 2796 5082 2895 5153; x_wconf 83' lang='grc' dir='ltr'>τῆς</span> <span class='ocrx_word' id='word_1_819' title='bbox 2924 5084 3108 5152; x_wconf 86' lang='grc' dir='ltr'>ὑγείας</span> <span class='ocrx_word' id='word_1_820' title='bbox 3136 5085 3235 5156; x_wconf 81' lang='grc' dir='ltr'>τῆς</span> <span class='ocrx_word' id='word_1_821' title='bbox 3282 5086 3383 5158; x_wconf 85' lang='grc' dir='ltr'>σῆς</span> <span class='ocrx_word' id='word_1_822' title='bbox 3419 5087 3775 5156; x_wconf 73' lang='grc' dir='ltr'>εὐαγγελίζε-</span> 
     </span>
    </p>
   </div>
   <div class='ocr_carea' id='block_1_115' title="bbox 2193 5170 3772 5249">
    <p class='ocr_par' dir='ltr' id='par_1_115' title="bbox 2193 5170 3772 5249">
     <span class='ocr_line' id='line_1_116' title="bbox 2193 5170 3772 5249; baseline 0.008 -28"><span class='ocrx_word' id='word_1_823' title='bbox 2193 5170 2335 5235; x_wconf 86' lang='grc' dir='ltr'>σθαι,</span> <span class='ocrx_word' id='word_1_824' title='bbox 2378 5170 2464 5223; x_wconf 82' lang='grc' dir='ltr'>ἴνα</span> <span class='ocrx_word' id='word_1_825' title='bbox 2500 5171 2595 5223; x_wconf 75' lang='grc' dir='ltr'>καὶ</span> <span class='ocrx_word' id='word_1_826' title='bbox 2632 5174 2696 5225; x_wconf 87' lang='grc' dir='ltr'>ἐκ</span> <span class='ocrx_word' id='word_1_827' title='bbox 2734 5172 2925 5226; x_wconf 90' lang='grc' dir='ltr'>τούτου</span> <span class='ocrx_word' id='word_1_828' title='bbox 2964 5174 3163 5247; x_wconf 83' lang='grc' dir='ltr'>πολλὴν</span> <span class='ocrx_word' id='word_1_829' title='bbox 3212 5176 3636 5248; x_wconf 86' lang='grc' dir='ltr'>καρπωσὼμεθα</span> <span class='ocrx_word' id='word_1_830' title='bbox 3664 5181 3772 5249; x_wconf 77' lang='grc' dir='ltr'>τὴν</span> 
     </span>
    </p>
   </div>
   <div class='ocr_carea' id='block_1_116' title="bbox 2191 5261 3774 5341">
    <p class='ocr_par' dir='ltr' id='par_1_116' title="bbox 2191 5261 3774 5341">
     <span class='ocr_line' id='line_1_117' title="bbox 2191 5261 3774 5341; baseline 0.006 -27"><span class='ocrx_word' id='word_1_831' title='bbox 2191 5261 2556 5333; x_wconf 83' lang='grc' dir='ltr'>παράκλησιν,</span> <span class='ocrx_word' id='word_1_832' title='bbox 2598 5264 2824 5319; x_wconf 88' lang='grc' dir='ltr'>τοιαῦτα</span> <span class='ocrx_word' id='word_1_833' title='bbox 2866 5267 3017 5340; x_wconf 77' lang='grc' dir='ltr'>παρά</span> <span class='ocrx_word' id='word_1_834' title='bbox 3041 5270 3143 5339; x_wconf 80' lang='grc' dir='ltr'>τῆς</span> <span class='ocrx_word' id='word_1_835' title='bbox 3174 5269 3274 5341; x_wconf 82' lang='grc' dir='ltr'>σῆς</span> <span class='ocrx_word' id='word_1_836' title='bbox 3304 5270 3584 5338; x_wconf 81' lang='grc' dir='ltr'>εὐγενείας</span> <span class='ocrx_word' id='word_1_837' title='bbox 3610 5270 3774 5341; x_wconf 77' lang='grc' dir='ltr'>δεχόο</span> 
     </span>
    </p>
   </div>
   <div class='ocr_carea' id='block_1_117' title="bbox 2194 5356 2702 5426">
    <p class='ocr_par' dir='ltr' id='par_1_117' title="bbox 2194 5356 2702 5426">
     <span class='ocr_line' id='line_1_118' title="bbox 2194 5356 2702 5426; baseline 0.012 -21"><span class='ocrx_word' id='word_1_838' title='bbox 2194 5370 2344 5425; x_wconf 90' lang='grc' dir='ltr'>μενοι</span> <span class='ocrx_word' id='word_1_839' title='bbox 2374 5356 2702 5426; x_wconf 87' lang='grc' dir='ltr'>γράμματα.</span> 
     </span>
    </p>
   </div>
   <div class='ocr_carea' id='block_1_118' title="bbox 2622 5452 3199 5520">
    <p class='ocr_par' dir='ltr' id='par_1_118' title="bbox 2622 5452 3199 5520">
     <span class='ocr_line' id='line_1_119' title="bbox 2622 5452 3199 5520; baseline 0.003 -15"><span class='ocrx_word' id='word_1_840' title='bbox 2622 5468 2629 5473; x_wconf 74' lang='lat'><strong><em>&#39;</em></strong></span> <span class='ocrx_word' id='word_1_841' title='bbox 2727 5452 2913 5506; x_wconf 84' lang='lat' dir='ltr'><em>POI&quot;.</em></span> <span class='ocrx_word' id='word_1_842' title='bbox 2945 5452 3199 5520; x_wconf 78' lang='grc' dir='ltr'>Εὐηθίῳ.</span> 
     </span>
    </p>
   </div>
   <div class='ocr_carea' id='block_1_119' title="bbox 2262 5535 3772 5619">
    <p class='ocr_par' dir='ltr' id='par_1_119' title="bbox 2262 5535 3772 5619">
     <span class='ocr_line' id='line_1_120' title="bbox 2262 5535 3772 5619; baseline 0.008 -31"><span class='ocrx_word' id='word_1_843' title='bbox 2262 5535 2324 5588; x_wconf 80' lang='grc' dir='ltr'>Εἰ</span> <span class='ocrx_word' id='word_1_844' title='bbox 2354 5535 2545 5609; x_wconf 78' lang='grc' dir='ltr'>καὶτῷ</span> <span class='ocrx_word' id='word_1_845' title='bbox 2571 5537 2782 5610; x_wconf 85' lang='grc' dir='ltr'>σώματι</span> <span class='ocrx_word' id='word_1_846' title='bbox 2812 5543 3195 5614; x_wconf 82' lang='grc' dir='ltr'>κεχωρίσμεθά</span> <span class='ocrx_word' id='word_1_847' title='bbox 3219 5562 3311 5599; x_wconf 93' lang='grc' dir='ltr'>σου</span> <span class='ocrx_word' id='word_1_848' title='bbox 3334 5546 3433 5618; x_wconf 78' lang='grc' dir='ltr'>τῆς</span> <span class='ocrx_word' id='word_1_849' title='bbox 3462 5546 3772 5619; x_wconf 83' lang='grc' dir='ltr'>εὐγενείας,</span> 
     </span>
    </p>
   </div>
   <div class='ocr_carea' id='block_1_120' title="bbox 2251 5670 3056 5741">
    <p class='ocr_par' dir='ltr' id='par_1_120' title="bbox 2251 5670 3056 5741">
     <span class='ocr_line' id='line_1_121' title="bbox 2251 5670 3056 5741; baseline 0.015 -24"><span class='ocrx_word' id='word_1_850' title='bbox 2251 5670 2274 5741; x_wconf 60' lang='grc' dir='ltr'><strong>ξ</strong></span> <span class='ocrx_word' id='word_1_851' title='bbox 2307 5673 2410 5741; x_wconf 62' lang='lat' dir='ltr'>Duo</span> <span class='ocrx_word' id='word_1_852' title='bbox 2435 5688 2548 5723; x_wconf 53' lang='lat' dir='ltr'>mx‘s.</span> <span class='ocrx_word' id='word_1_853' title='bbox 2572 5678 2727 5741; x_wconf 60' lang='grc' dir='ltr'>τοῖς...</span> <span class='ocrx_word' id='word_1_854' title='bbox 2753 5682 3056 5741; x_wconf 70' lang='grc' dir='ltr'>αἱρουμένοις.</span> 
     </span>
    </p>
   </div>
   <div class='ocr_carea' id='block_1_121' title="bbox 2256 5734 3300 5805">
    <p class='ocr_par' dir='ltr' id='par_1_121' title="bbox 2256 5734 3300 5805">
     <span class='ocr_line' id='line_1_122' title="bbox 2256 5734 3300 5805; baseline 0.01 -22"><span class='ocrx_word' id='word_1_855' title='bbox 2256 5734 2284 5775; x_wconf 61' lang='grc' dir='ltr'><strong>λ</strong></span> <span class='ocrx_word' id='word_1_856' title='bbox 2306 5734 2414 5784; x_wconf 83' lang='lat' dir='ltr'>Duo</span> <span class='ocrx_word' id='word_1_857' title='bbox 2435 5750 2544 5786; x_wconf 81' lang='lat' dir='ltr'><strong>mss.</strong></span> <span class='ocrx_word' id='word_1_858' title='bbox 2573 5739 2720 5788; x_wconf 74' lang='grc' dir='ltr'>ταῦτα</span> <span class='ocrx_word' id='word_1_859' title='bbox 2746 5734 2856 5803; x_wconf 69' lang='grc' dir='ltr'>ἡμῖν</span> <span class='ocrx_word' id='word_1_860' title='bbox 2880 5734 3300 5805; x_wconf 73' lang='grc' dir='ltr'>εὐαγγελιζόμενος.</span> 
     </span>
    </p>
   </div>
  </div>
